4012 6256
318 285 423 340 489

1355 293 1697 359 HISTORIE
1736 303 2287 365 ECCLESIASTICAZ
2325 304 2453 358 LIB.
2496 302 2562 359 ν.

3474 311 3576 367 490

319 402 594 471 δόγματος
639 403 868 479 (ds-46)
903 411 1203 484 συγκλήτου
1244 414 1563 471 τελειοῦταγ
1597 419 1715 490 μηδ’
1735 420 1878 474 ἄλλω

2013 422 2130 476 tidei
2159 438 2269 478 sua:
2303 421 2573 487 redderet,
2611 421 3017 492 elegantissima
3070 424 3317 480 oratione
3346 440 3444 495 pro
3477 429 3571 483 de-

323 493 578 562 ἀφείσθαι
623 500 753 564 τοὺς
786 501 932 570 ἅπαξ
977 506 1056 570 είς
1102 505 1448 580 δικαστήριον
1490 511 1782 582 παριόντας
1816 516 1907 566 καὶ

330 587 591 660 μηδαμῶς
630 594 730 664 τῆς
773 596 1084 667 προθέσεως
1116 602 1636 675 μεταϐαλλομένους,
1676 608 1904 678 ἀρχαίου

329 683 457 771 παρ’
489 684 675 750 αὐτοῖς
708 688 870 758 νόμου
922 691 1032 763 (47)
1083 696 1502 766 κεκρατηκότος.
1555 699 1753 752 Τούτου
1808 702 1913 771 μὲν·

325 769 418 827 οὖν
445 775 545 838 τὰς
573 777 666 830 ἐπὶ
691 779 786 832 τοῦ
821 780 1073 836 δικαστοῦ
1108 785 1289 854 φωνὰς
1316 788 1409 841 καὶ
1452 788 1550 853 τὰς
1585 769 1906 863 ἀποκρίσεις

325 863 390 929 εις
418 867 556 938 πρὸς
592 869 783 923 πεῦσιν
817 873 1106 944 πεποίηται
1149 877 1242 931 τοῦ
1288 879 1595 950 Περεννίου,
1631 885 1807 938 πᾶσάν
1845 903 1902 938 τε

323 957 426 1029 τὴν
475 961 613 1031 πρὸς
645 962 743 1035 τὴν
791 963 1087 1036 σύγκλητον
1129 969 1418 1040 ἀπολογίαν
1462 974 1568 1044 ὅτῳ
1613 974 1901 1044 διαγνῶναι

327 1049 502 1118 φίλον,
518 1055 582 1107 ὲκ
598 1055 698 1125 τῆς
727 1057 836 1110 τῶν
852 1059 1125 1128 Ἀρχαίων
1139 1067 1476 1132 μαρτυρίων
1490 1066 1598 1137 (48)
1623 1069 1902 1140 συναχθείιι

325 1156 427 1209 σης
454 1143 587 1214 ἡμῖν
613 1145 932 1218 ἀναγραφῆς
956 1150 1182 1204 εἵσεται.

837 1416 1228 1472 ΚΕΦΑΛΑΙΟΝ
1259 1422 1385 1475 KB'.

327 1496 493 1562 Τίνες
522 1499 680 1590 κατὰ⁸
692 1504 943 1590 τούιζους
966 1507 1286 1590 ert-{gavia
1303 1510 1434 1590 Idne
1461 1513 1762 1590 ἐπαρχιῶν
1786 1517 1894 1590 (49)

596 1569 973 1640 ἐγνωρίζοντο
1000 1579 1146 1644 (Nie-
1181 1580 1250 1634 ΙΙ.
1290 1581 1358 1636 Ε.
1392 1598 1462 1645 ιν,
1495 1569 1610 1653 19).

389 1660 612 1732 Δεκάτῳ
649 1680 714 1732 γε
751 1665 855 1736 μὴν
882 1668 981 1738 τῆς
1018 1671 1260 1742 Κομόδου
1297 1673 1571 1744 βασιλείας
1603 1677 1732 1743 ἔτει,
1763 1680 1894 1735 δέκα

317 1751 456 1854 πρὸς
706 1756 815 1827 (50)
857 1759 1000 1854 έτεσι
1044 1764 1143 1835 τὴν
1182 1766 1486 1839 ἐπισκοπὴν
1519 1767 1893 1854 λελειτουργη-
1929 1804 1964 1854 η

317 1844 454 1932 κότα
497 1846 809 1920 Ἐλεύθερον
857 1850 1157 1924 διαδέχεται
1185 1857 1428 1932 Βίκτωρ’
1461 1863 1518 1913 ἐν
1631 1864 1721 1917 καὶ
1763 1865 1892 1917 Ἰου-

315 1929 504 1985 λιανοῦ
545 1933 770 1990 δέκατον
817 1939 936 2004 ἔτος
968 1943 1410 2017 ἀναπλήσαντος,
1444 1949 1553 2004 τῶν
1588 1955 1706 2006 κατ’
1744 1951 1890 2007 Ἀλε-

317 2021 598 2095 ξάνδρειαν
647 2033 946 2101 παροικιῶν
1000 2034 1098 2106 τὴν
1145 2036 1486 2112 λειτουργίαν
1533 2045 1890 2116 ἐγχειρίζεται

314 2117 623 2190 Δημήτριος
643 2137 655 2150 ·
687 2122 809 2176 καθ’
838 2124 932 2190 οὒς
957 2127 1051 2181 καὶ
1078 2129 1179 2200 τῆς
1219 2131 1532 2206 Ἀντιοχέων
1570 2133 1892 2209 Ἑκκλησίας

313 2209 500 2278 δγδοος
527 2213 634 2266 ἀπὸ
661 2215 768 2268 τῶν
796 2217 1108 2274 ἀποστόλων
1141 2222 1169 2274 ὁ
1199 2223 1434 2295 πρόσθεν
1465 2226 1565 2298 ἤδη
1591 2227 1890 2300 δεδηλωμέι

312 2317 422 2365 νος,
462 2300 542 2356 ἔτι
569 2305 692 2357 τότε
720 2307 1010 2379 Σαραπίων
1039 2311 1337 2378 ἐπίσκοπος
1366 2316 1722 2388 ἐγνωρίζετοο
1750 2319 1888 2373 Και-

313 2392 536 2464 σαρείας
567 2394 625 2448 δὲ
671 2397 766 2468 τῆς
801 2400 894 2452 ἐπὶ
933 2401 1261 2477 Παλαιστίνῃ
1299 2407 1588 2478 καθηγεττο
1612 2408 1884 2480 Θεόφιλος.

311 2486 421 2538 Καὶ
453 2486 763 2557 Νάρκισσος
796 2489 853 2544 δὲ
895 2493 1115 2563 ὁμοίως,
1151 2489 1212 2549 οὗ
1258 2499 1354 2553 καὶ
1399 2499 1630 2572 πρόσθεν
1669 2503 1888 2574 μνήμην

309 2579 337 2630 ὁ
370 2578 526 2647 λόγος
558 2584 874 2654 ἐποιήσατο,
904 2587 1004 2657 τῆς
1033 2589 1091 2640 ἐν
1130 2591 1517 2664 Ἱεροσολύμοις
1565 2590 1889 2667 Ἑκκλησίας

310 2671 387 2725 ἔτι
412 2675 534 2727 τότε
567 2674 666 2747 τὴν
691 2677 1032 2751 λειτουργίαν
1065 2678 1228 2754 εἶχεν.
1257 2687 1523 2757 Κορίνθου
1552 2687 1608 2741 δὲ
1637 2689 1735 2758 τῆς
1764 2690 1887 2743 καθ’

322 2763 545 2817 Ἐλλάδα
604 2765 742 2820 κατὰ
796 2771 921 2833 τοὺς
971 2770 1168 2838 αὐτοὺς
1207 2776 1431 2845 χρόνους
1476 2778 1773 2844 ἐπίσκοπος
1819 2776 1887 2853 ἦν

309 2853 618 2925 Βάκχυλλπ,
649 2859 782 2932 (51),
814 2861 906 2914 καὶ
931 2863 1028 2934 τῆς
1053 2866 1109 2917 ἐν
1154 2867 1366 2938 Ἐφέσῳ
1397 2870 1684 2940 παροικίας
1713 2873 1885 2926 Πολυ-

305 2952 537 3022 κράτης,
578 2954 670 3006 καὶ
701 2954 846 3010 ἄλλοι
878 2957 954 3025 δὲ,
983 2955 1059 3022 ὥς
1087 2975 1152 3026 γε
1182 2962 1356 3027 εἰκὸς,
1405 2964 1496 3016 ἐπὶ
1525 2963 1736 3029 τούτοις
1784 2985 1885 3037 μυ-

308 3041 413 3113 ρίοι
452 3045 595 3098 κατὰ
622 3045 809 3099 τούσδε
847 3048 1158 3121 διέπρεπον.
1187 3044 1287 3106 Ὧν
1321 3070 1384 3123 γε
1412 3053 1517 3126 μὴν
1549 3055 1824 3128 ἔγγραφος
1851 3058 1884 3130 ἡ

2010 514 2257 569 fensiooe
2288 514 2406 567 ﬁdei
2435 530 2543 570 sua:
2575 531 2760 571 coram
2789 517 3040 572 omnibus
3066 519 3449 587 pronuntiata,
3484 535 3574 574 ca-

2007 601 2155 671 pitali
2189 603 2453 672 supplicio
2483 622 2511 659 a
2552 617 2743 660 senatu
2779 607 3068 662 damnatus
3109 618 3212 662 est.
3243 608 3451 678 Quippe
3473 625 3573 664 ve-

2010 694 2107 748 teri
2144 696 2282 765 apud
2314 711 2406 750 eos
2441 696 2556 767 lege
2586 701 2852 754 sancitum
2884 711 3020 767 erat,
3053 711 3111 754 ιιι
3138 699 3434 756 Christiani
3480 703 3571 771 qui

2005 784 2168 838 semel
2216 785 2267 838 in
2310 784 2400 853 jus
2430 788 2604 841 vocati
2648 789 2884 851 fuerant,
2942 789 3045 843 nisi
3081 804 3108 841 a
3151 791 3426 858 proposito
3475 805 3573 844 suo

2005 873 2364 942 discederent,
2403 890 2742 946 nequaquam
2776 878 3201 931 dimitterentur.
3236 876 3405 931 Porro
3432 894 3568 931 cun-

2005 975 2090 1019 cta
2132 965 2199 1020 ab
2241 967 2328 1020 illo
2361 967 2410 1021 in
2439 968 2644 1036 judicio
2675 971 2846 1033 dicta,
2878 980 2929 1024 et
2960 985 3297 1039 quaecunque
3338 969 3569 1024 Percnn‘.

2004 1056 2361 1129 interroganti
2411 1062 2707 1129 respondit,
2754 1070 2808 1115 et
2850 1063 3148 1116 orationem
3209 1062 3352 1115 illam
3407 1077 3567 1130 quam

2003 1165 2099 1217 pro
2133 1150 2254 1206 ﬁdei
2298 1163 2494 1207 nostra!
2526 1154 2836 1227 defensione
2863 1154 2913 1208 in
2941 1165 3129 1208 senatu
3168 1155 3380 1217 habuit,
3413 1152 3568 1224 quis-

2001 1242 2122 1309 quis
2167 1258 2324 1298 ttosse
2355 1243 2607 1306 voluerit,
2643 1262 2704 1297 ex
2740 1244 3086 1314 Antiquorum
3123 1257 3415 1315 martyrum
3443 1261 3566 1314 pas-

2000 1333 2233 1386 tionibus
2258 1349 2286 1387 a
2317 1335 2471 1388 nobis
2506 1335 2745 1389 collectis
2775 1337 2974 1404 poterit
3006 1337 3305 1406 percipere.

2575 1427 2799 1481 CAPUT
2837 1427 3000 1481 XXII.

2165 1536 2392 1601 Quinam
2418 1553 2474 1590 eo
2513 1549 2740 1604 tempore
2768 1538 2994 1606 episcopi
3019 1538 3391 1596 induruerint.

2067 1669 2276 1726 Interea
2299 1672 2594 1726 Commodo
2619 1672 2883 1727 decimum
2906 1689 3101 1727 annmn
3123 1674 3563 1744 imperiiagente,

1998 1779 2118 1819 cum
2151 1764 2472 1818 Eleutherus
2514 1765 2770 1821 tredecim
2804 1765 2961 1820 annis
2996 1767 3374 1836 episcopatum
3395 1767 3566 1821 admi‘

1997 1854 2302 1920 nistrasset,
2359 1854 2518 1925 190
2560 1855 2748 1910 Victor
2795 1855 2850 1909 in
2900 1853 3016 1923 ejus
3057 1855 3230 1910 locum
3278 1857 3564 1914 successit.

1996 1943 2305 2015 Eodemque
2359 1962 2504 2001 anno
2549 1962 2671 2001 cum
2720 1946 2970 2001 Julianus
3033 1947 3304 2004 decimum
3359 1963 3561 2003 annum

1991 2037 2285 2105 explesset,
2319 2037 2687 2093 Ecclesiarum
2718 2039 3097 2094 Alexandrina:
3125 2040 3562 2096 administratio-

1993 2145 2112 2183 nem
2148 2133 2391 2199 suscepit
2436 2132 2764 2187 Ilemetrius.
2807 2132 2911 2187 Per
2943 2133 3083 2188 idem
3139 2142 3352 2204 tempus
3396 2134 3566 2189 Sera-

1953 2275 1959 2282 .
1992 2223 2101 2290 pio,
2131 2223 2196 2278 de
2222 2239 2328 2293 quo
2349 2223 2507 2294 paulo
2531 2234 2655 2278 ante
2680 2224 2936 2288 diximus,
2961 2223 3349 2280 Antiochensis
3372 2224 3562 2280 Eccle-

1991 2313 2082 2367 sia:
2114 2313 2399 2384 episcopus
2432 2314 2794 2370 successionis
2834 2314 3027 2370 ordine
3073 2324 3297 2370 octavus
3331 2315 3398 2369 ab
3432 2331 3563 2384 apo-

1992 2405 2170 2471 stolis,
2210 2406 2375 2460 etiam
2430 2415 2540 2460 tum
2581 2406 2825 2461 ﬂorebat.
2859 2405 3120 2462 Caesareae
3148 2422 3278 2462 vero
3304 2408 3358 2460 in
3391 2407 3560 2462 Palm-

1990 2497 2132 2551 slina
2162 2507 2397 2568 praterat
2427 2497 2783 2568 Theophilus.
2815 2497 3104 2554 Narcissus
3133 2499 3263 2554 item
3287 2498 3440 2568 cujus
3469 2515 3560 2554 su-

1989 2602 2084 2655 pra
2114 2588 2484 2654 meminimus,
2521 2587 3031 2661 llierosolymitanm
3071 2588 3333 2645 Ecclesiae
3373 2604 3560 2645 sacer-

1989 2679 2138 2734 dotio
2183 2679 2526 2743 fungebatur.
2566 2680 2717 2734 Tunc
2766 2681 2928 2734 etiam
2958 2680 3206 2735 Corinthi
3263 2682 3318 2735 in
3355 2680 3558 2735 Achaia

1988 2772 2307 2842 Bacchylus,
2362 2783 2416 2826 et
2463 2772 2659 2842 Ephesi
2696 2773 2750 2827 in
2791 2772 2918 2826 Asia
2970 2773 3279 2844 Polycrates
3313 2774 3556 2844 episcopi

1987 2863 2155 2920 fuere.
2192 2862 2296 2919 Sed
2326 2873 2382 2919 et
2412 2864 2502 2917 alii
2533 2873 2729 2932 praeter
2761 2865 2859 2918 bos
2890 2863 3313 2919 innumerabiles
3340 2863 3556 2932 iisdem,

1986 2966 2047 3011 ut
2105 2956 2368 3013 credibile
2411 2965 2517 3020 est,
2575 2957 2908 3025 temporibus
2960 2955 3296 3010 enituerunt.
3356 2954 3557 3009 Verum

1987 3065 2105 3115 nos,
2145 3059 2201 3102 ut
2233 3065 2331 3120 par
2365 3059 2504 3113 erat,
2529 3062 2716 3102 eorum
2753 3048 3018 3102 duntaxat
3042 3048 3258 3101 nomina
3286 3049 3558 3102 recensui-

309 3135 404 3205 τῆς
448 3135 686 3202 πίστεως
711 3143 790 3202 είς
827 3142 972 3212 ἡμᾶς
1005 3143 1271 3214 κατῆλθεν
1318 3145 1625 3218 ὸρθοδοξία,
1662 3145 1880 3215 τούτους

1987 3158 2124 3207 mus,
2156 3142 2247 3211 qui
2274 3152 2438 3196 recta:
2468 3142 2590 3196 ﬁdei
2620 3133 2917 3197 doctrinam
2967 3140 3182 3210 scriptis
3227 3141 3343 3196 suis
3372 3141 3556 3211 prodi.

305 3225 530 3289 εἰκότως
559 3226 818 3299 δνομαστ)¹
847 3229 1230 3300 κατελέξαμεν.

814 3320 1206 3375 ΚΕΦΑᾹΑΙΟΝ
1245 3324 1372 3378 Kl".

308 3408 441 3475 Περὶ
479 3409 587 3462 τοῦ
619 3410 751 3464 τότε
783 3413 1318 3488 κινηθξγτοςξμάμφὶ
1349 3415 1454 3488 τοᾷ
1467 3415 1696 3488 Πάσχα
1717 3413 1882 3486 ζητή-

487 3490 496 3501 ’
696 3497 884 3550 ματος
933 3483 1072 3554 (Nic.
1109 3483 1183 3542 Η.
1316 3501 1388 3555 ιν,
1416 3487 1532 3558 56).

374 3572 665 3642 Ζητήσεως
689 3575 825 3639 δῆτα
853 3579 994 3632 κατὰ
1026 3579 1211 3632 τούσδε
1244 3581 1307 3634 οὐ
1347 3583 1586 3652 σμικρᾶς
1624 3584 1876 3656 ἀνακινης

303 3770 484 3834 statur
521 3777 536 3812 :
569 3759 1290 3834 Deq_autemacceptissimus
1329 3775 1552 3834 martyr,
1583 3775 1857 3834 postquam

304 3831 486 3906 multis
529 3831 767 3906 precibus
803 3832 1048 3906 a_j_ud_ice
1081 3835 1448 3906 contendisset,
1474 3831 1539 3887 ‘ut
1574 3831 1627 3906 in
1677 3831 1864 3889 senatu

305 3901 563 3952 rationem
580 3900 795 3954 reddere
811 3900 908 3955 sibi
934 3903 1132 3966 liceret,
1159 3911 1264 3958 etc.
1297 3903 1493 3958 Verum
1525 3905 1650 3958 huic
1678 3919 1866 3958 emen-

305 3970 727 4042 datiqni_omnes
759 3973 946 4036 scripti
975 3973 1210 4033 codices.
1249 3981 1302 4027 et
1335 3974 1476 4026 ratio
1526 3974 1641 4042 ipsa
1698 3975 1872 4028 refra-

305 4050 479 4108 gatur.
509 4039 873 4109 Hieronymus
902 4057 1120 4112 quoque
1147 4044 1217 4096 ita
1248 4042 1375 4112 legit
1401 4045 1458 4096 ut
1485 4039 1644 4097 hodie
1672 4045 1873 4099 editum

304 4121 418 4230 Est;
447 4112 612 4165 vertit
635 4114 804 4176 enim,
831 4114 1085 4182 imperato
1117 4123 1174 4166 ut
1200 4114 1456 4166 rationem
1485 4113 1609 4181 ﬁdei
1630 4131 1740 4168 sua:
1762 4117 1879 4169 red—

341 4191 469 4230 eret.

341 4191 469 4232 eret.

376 4251 589 4323 (45:46)
630 4251 722 4318 Ὠς
758 4252 877 4307 ἀπὸ
905 4252 1217 4323 δόγματος.
1237 4252 1437 4309 Omnes
1472 4253 1796 4322 interpretes
1827 4266 1882 4310 et

306 4321 700 4394 ipseScaliger
727 4325 869 4377 hunc
890 4321 1066 4394 locum
1090 4325 1160 4377 ita
1189 4335 1491 4387 verterunt,
1521 4321 1672 4393 quasi
1703 4328 1875 4394 prima

1991 3243 2094 3288 tam
2129 3235 2286 3289 nobis
2320 3234 2676 3302 reliquerunt.

2537 3327 2765 3384 CAPUT
2814 3325 3000 3382 XXIII.

1986 3422 2063 3477 De
2103 3422 2384 3491 quastione
2417 3438 2535 3488 qua:
2574 3432 2699 3543 (uult;
2732 3421 2982 3540 tempori:
3029 3419 3234 3488 agitata
3278 3426 3354 3472 est
3400 3433 3558 3487 super

2703 3506 2789 3543 asc
2829 3506 2881 3542 α.

2703 3506 2881 3543 ascua.

2057 3581 2252 3636 Iisdem
2294 3581 2633 3652 temporibus
2669 3585 2824 3650 gravi
2849 3580 3223 3635 controversia
3248 3587 3455 3648 exorta,
3488 3593 3554 3634 eo

1968 3769 2086 3821 dem
2115 3764 2468 3835 inquirendos
2498 3778 2604 3816 non
2626 3776 2767 3829 esse,
2795 3761 3007 3816 oblatos
3029 3775 3160 3816 vero
3181 3761 3357 3831 puniri
3384 3778 3551 3832 opor-

1975 3850 2109 3891 tere.

2045 3907 2155 3973 (48)
2213 3903 2334 3958 Τῶν
2394 3901 2699 3973 ’Λρχαιωνλ
2723 3899 3083 3973 μαρτυρίῳν.
3141 3899 3281 3973 Edit_.
3323 3899 3553 3973 pagg.

2045 3914 2155 3973 (48)
2213 3914 2334 3958 Τωιο
2399 3914 2672 3971 Ἀρχαιων
2723 3914 3083 3968 μαρτυρίων.
3141 3914 3281 3954 Lall.
3340 3914 3551 4020 partu—

1981 3994 2106 4049 ρων,
2146 3977 2239 4029 sed
2271 3977 2426 4049 longe
2454 3972 2665 4049 rectius
2690 3971 2740 4023 in
2770 3972 2961 4049 _codice
2985 3970 3120 4049 lllaz.
3152 3979 3208 4023 et
3240 3967 3378 4024 Fuk.
3434 3971 3551 4037 egi-

1979 4041 2066 4100 iur
2091 4041 2424 4116 μαρτυρίων.
2460 4041 2594 4116 Nam
2626 4041 2889 4116 Eusebius
2925 4041 3201 4116 passiones
3221 4051 3545 4116 martyrum,

1982 4095 2314 4185 ἓῇἐιιῖῧῖέείὲέ
2335 4095 2622 4185 μαρτύρια
2676 4095 2951 4185 dicuntur.
2984 4110 3312 4185 collegerat.“
3343 4095 3546 4185 partim

1986 4180 2050 4240 ex
2082 4188 2218 4240 actis
2255 4180 2622 4254 iudicialibus,
2683 4181 2878 4249 partim
2907 4195 2997 4254 e_x__
3012 4181 3252 4254 epistolis
3286 4180 3544 4254 “deliniri,

1990 4266 2045 4309 ut
2071 4257 2186 4325 ipse
2223 4249 2452 4309 testatur
2475 4255 2526 4306 in
2561 4252 2653 4305 lib.
2682 4268 2755 4311 1v,
2782 4265 2902 4325 cap.
2934 4251 3020 4304 15.
3057 4250 3168 4304 Hoc
3190 4265 3326 4325 opus
3347 4249 3543 4325 inscri-

1987 4318 2136 4395 ptum
2176 4335 2294 4380 erat
2327 4324 2606 4393 Ἆρχαίων
2627 4318 3344 4395 μαρτυρίωνγσψγιγωγῄ,
3383 4329 3437 4370 ιιι
3469 4322 3547 4371 vi-

301 4392 574 4471 partieula
601 4393 777 4471 otiosa
809 4395 898 4448 sit.
932 4393 1295 4471 Qttotl_tamen
1324 4409 1512 4447 verum
1540 4392 1657 4447 non
1694 4392 1821 4471 puto
1855 4413 1867 4448 :
1908 4419 1950 4471 ο
1986 4392 2112 4471 dere
2170 4395 2362 4471 est__in
2416 4392 2696 4471 protentio
2734 4393 2891 4471 hujus
2939 4392 3086 4471 libri.
3146 4393 3297 4457 Quod
3353 4397 3539 4471 postea

305 4463 534 4528 primum
564 4464 688 4532 quia
718 4464 1228 4532 senatoresjudices
1250 4480 1354 4517 non
1391 4477 1567 4530 erant,
1591 4480 1686 4518 nec
1707 4465 1871 4532 juris-

305 4533 594 4586 dictionem
647 4534 955 4599 habebant;
1015 4534 1207 4588 deinde
1250 4534 1534 4600 Percnnis,
1581 4537 1668 4602 qui
1702 4537 1864 4602 judex

302 4612 418 4654 erat
441 4605 491 4656 in
515 4618 576 4656 ea
602 4618 790 4665 causa.
824 4605 1165 4674 Apollonium
1201 4606 1264 4658 ad
1290 4614 1534 4658 senatum
1564 4605 1864 4672 remiserat,

305 4687 408 4726 non
440 4683 496 4726 ιιι
545 4684 767 4728 senatus
801 4677 868 4728 de
893 4675 1268 4740 eojudicaret,
1314 4675 1405 4728 sed
1461 4683 1519 4727 ιιι
1555 4675 1868 4743 Apollonius

304 4756 484 4795 coram
513 4757 582 4798 eo
615 4746 884 4799 rationem
918 4746 1096 4799 cultus
1123 4745 1204 4797 sui
1235 4744 1505 4801 redderet.
1535 4745 1688 4798 Hunc
1716 4747 1864 4800 scili-

303 4825 387 4867 cet
415 4813 676 4869 honorem
704 4815 913 4868 senatui
955 4814 1308 4869 del‘erendum
1344 4816 1576 4884 putavit,
1608 4825 1665 4868 ιιι
1690 4816 1867 4871 homi-

304 4898 423 4936 nem
464 4885 726 4939 senatorii
769 4886 976 4940 ordinis
1008 4900 1110 4938 non
1150 4886 1300 4953 prius
1345 4887 1650 4955 damnaret,
1702 4902 1863 4955 quam

302 4963 522 5026 senatus
547 4956 661 5026 ipse
684 4958 756 5026 ide
793 4955 912 5022 ejus
940 4955 1173 5026 crimine
1223 4956 1583 5026 cognovisset.
1631 4954 1864 5026 Senatus

302 5024 464 5095 igitur
492 5024 615 5079 cuin
665 5025 1007 5095 Apollonium
1052 5025 1336 5087 audiisset.
1388 5025 1664 5080 hominem
1706 5025 1861 5088 juxta

298 5093 475 5164 legum
501 5093 814 5166 prznscripta
846 5096 1194 5163 judicandum
1219 5110 1339 5150 esse
1378 5098 1678 5166 respondit.
1703 5095 1861 5150 Post-—

303 5167 416 5236 haec
444 5165 762 5235 Apollonius
785 5167 960 5236 capite
999 5167 1189 5235 plexus
1238 5175 1344 5232 est,
1389 5165 1594 5233 judicio
1641 5167 1860 5234 quidem

298 5234 565 5291 Perennis
588 5238 776 5305 ipsius,
807 5234 900 5290 sed
927 5234 1103 5290 tamen
1133 5249 1200 5288 ex
1229 5245 1451 5290 senatus
1477 5237 1766 5300 sententia,
1797 5252 1862 5290 eo

295 5308 436 5372 quod
467 5319 692 5361 senatus
745 5323 896 5362 reum
950 5307 1223 5372 audierat,
1264 5317 1319 5361 et
1356 5309 1408 5360 in
1455 5306 1859 5361 damnationem

295 5377 413 5444 ejus
431 5387 804 5432 consenserat.

365 5447 477 5516 (47)
522 5446 792 5516 Ἂρχαίου
820 5449 954 5517 παρ’
988 5445 1192 5512 αὐτοῖς
1216 5446 1422 5517 νόμου.
1453 5447 1561 5501 Lex
1599 5463 1695 5517 pro
1713 5462 1860 5502 more

294 5529 346 5572 et
371 5519 772 5573 consuetudine
806 5521 891 5572 hic
939 5520 1078 5572 sumi
1117 5519 1350 5572 videtur.
1404 5517 1725 5587 Quanquam
1773 5519 1857 5571 in-

296 5599 562 5657 terpretes
592 5589 659 5642 de
694 5589 810 5658 lege
837 5589 1038 5656 scripta
1079 5589 1193 5658 ba:_c
1223 5588 1516 5658 accepisse
1541 5589 1712 5658 video.
1756 5587 1857 5642 Le-

292 5656 407 5722 gem
439 5659 610 5728 igitur
650 5656 1092 5727 seu—rescriptum
1138 5656 1458 5728 Trajani_ad
1493 5657 1722 5712 Plinium
1760 5659 1857 5713 Se-

292 5726 528 5785 cundum
557 5729 822 5800 intelligo,
855 5731 907 5784 in
944 5726 1051 5798 quo
1089 5738 1313 5784 cavetur
1345 5726 1692 5784 Christianos
1737 5731 1857 5800 qui-

570 5827 850 5890 ΡΑτιιοι.
880 5825 997 5887 Gr.
1029 5826 1182 5897 XX,

1983 4467 2216 4537 Symeon
2244 4462 2643 4533 Metaphrastes
2686 4464 2736 4516 in
2776 4462 3150 4515 collectionem
3179 4476 3331 4513 suam
3364 4469 3542 4511 trans—

1977 4539 2136 4590 fudit.

2045 4606 2156 4674 (49)
2197 4607 2549 4674 Ἐπίσκοποι
2575 4601 2690 4655 τῶν
2717 4601 3036 4670 ἐπαρχιῶν,
3065 4601 3129 4674 _id
3164 4610 3268 4674 est,
3295 4596 3540 4674 epis-copi

1978 4667 2400 4745 metropolitani.
2436 4673 2616 4745 Potest
2647 4674 2807 4745 etiam
2830 4667 2905 4725 de
2938 4667 3539 4745 patriarchisjntt’lligi.

1975 4739 2176 4801 Tamen
2241 4749 2292 4799 in
2342 4744 2525 4797 codice
2567 4743 2820 4796 Medica-0
2868 4739 3024 4795 voces
3080 4741 3180 4792 illa:
3221 4739 3330 4792 τῶν
3371 4740 3544 4808 ἐπαρ-

1973 4815 2102 4887 χιῶν
2147 4817 2358 4870 omissae
2391 4825 2534 4887 sunt,
2567 4827 2665 4887 nec
2713 4827 2808 4864 eas
2833 4813 3103 4887 _agnoscit
3156 4809 3404 4871 Ruﬁnus,
3439 4822 3541 4860 nec

1973 4880 2375 4940 'v'etnstissinms
2400 4885 2568 4937 codex
2600 4882 2738 4935 Maz.
2765 4892 2815 4933 et
2833 4880 2970 4935 Fuk.

2043 4955 2153 5026 (50)
2185 4953 2510 5026 Aémquq
2539 4952 2754 5020 τρισίν.
2789 4953 2857 5026 At
2891 4952 2954 5026 in
2990 4949 3249 5004 Chronico
3296 4947 3422 5026 anni
3471 4946 3538 4998 l5

1972 5016 2318 5096 assignantur
2346 5016 2742 5096 Eleutltero,_et
2767 5023 2831 5072 ad
2863 5022 3112 5096 ultimum
3161 5033 3329 5096 ttsqpe
3377 5016 3539 5071 Com-

1972 5088 2114 5151 modi
2150 5110 2350 5150 annum
2386 5093 2501 5160 ejus
2527 5091 2868 5161 pontificatus
2892 5091 3228 5160 producitur.
3253 5088 3383 5154 Quae
3411 5102 3540 5154 pro—

1970 5165 2113 5220 I'ecto
2139 5167 2271 5218 mira
2304 5164 2565 5218 dissensio
2594 5171 2695 5214 est.

2040 5236 2152 5307 (SI)
2191 5234 2348 5307 Vulg.
2370 5233 2748 5307 dexvaiJoQ.
2773 5227 3536 5307 [lc-_ctiusapndﬁicephorum

1967 5299 2224 5360 scribitur
2244 5299 2540 5376 Βᾶκχυλος,
2562 5319 2656 5355 nec
2673 5299 3535 5376 alilchulinnsetllieronylnus.

1967 5377 2142 5432 Graeci
2171 5368 2476 5440 hujnsm'odi
2511 5371 2904 5443 ύποκοριστικά
2926 5386 3019 5443 per
3044 5370 3318 5443 simplex}.
3343 5368 3539 5443 ell'e_rre

1967 5448 2138 5501 solent
2169 5466 2181 5500 :
2218 5439 2512 5516 Βάκχυλος,
2546 5459 2610 5496 ex
2631 5439 2734 5516 quo
2757 5441 3110 5516 Βακχυλίδης,
3149 5439 3400 5510 Σιμύλος,
3428 5439 3513 5516 [ζα

1968 5517 2153 5579 πύλος,
2184 5510 2473 5586 Αἰσχύλας,
2497 5513 2768 5586 Δημύλος.
2801 5510 3074 5586 Interdum
3110 5521 3292 5586 tamen
3321 5524 3415 5586 per
3441 5510 3539 5559 dn-

1967 5587 2154 5658 plexit
2178 5579 2422 5658 efferunt
2457 5579 2775 5637 diminutiva
2798 5582 3106 5658 _vo_cabula,
3139 5591 3196 5634 ιιι
3233 5579 3456 5658 Δίυλλος⁵
3485 5588 3541 5629 et

1979 5656 2253 5729 'denog.
2277 5656 2446 5729 quod
2465 5666 2546 5707 est
2573 5670 2763 5720 parvus
2780 5650 3009 5729 {_upiter,
3035 5667 3227 5719 parvus
3263 5648 3537 5702 Herculea.

1966 5722 2192 5791 lta'crgo
2216 5722 2542 5796 Βάκχυλλος,
2563 5740 2751 5793 parvus
2779 5722 3040 5778 Bacchus.

3164 5815 3239 5874 16
