4012 6256
353 373 456 431 ‘97

1384 367 1727 425 HISTORle
1770 366 2320 424 ECCLESIASTICE
2359 363 2486 420 LIB.
2526 361 2595 420 ν.

3496 369 3595 425 ι98

355 490 445 551 καὶ
482 491 667 544 πᾶσαν
703 489 861 558 ἁγίαν
904 487 1124 561 Γραφὴν
1161 487 1508 559 διεληλυθὼς,
1553 490 1613 540 οὐ
1663 488 1924 559 πτύρομαε

2040 488 2216 541 tribus
2248 494 2360 540 toto
2390 484 2522 539 orbe
2548 481 2807 553 dispersis
2836 494 3115 536 sermones
3162 494 3302 552 saepe
3350 486 3549 537 contuli
3579 525 3593 546 ,

356 586 442 638 Exi
469 586 581 646 τοῖς
613 579 1169 650 καταπλησσομένοις.
1202 581 1265 632 Ol.
1292 578 1399 649 γὰρ
1420 578 1553 649 ἐμοῦ
1589 579 1829 649 μείζονες
1856 581 1931 630 εί-

361 681 558 747 ρὴκασι
581 689 592 701 '
628 691 647 723 ‹
676 672 996 743 Πειθαρχεῖν
1013 671 1094 724 δεῖ
1118 670 1235 741 Θεῷ
1267 670 1464 741 μᾶλλον
1496 668 1868 741 ἦάνθρώποις.
1908 689 1925 719 ι

357 767 582 829 Τούτοις
608 765 859 837 ἐπιφέρει
889 765 1018 835 περὶ
1049 763 1264 816 πάντων
1287 762 1512 834 γράφων
1541 762 1647 814 τῶν
1684 779 1932 833 συμπαρο

357 859 525 911 ὀντων
584 856 735 927 αὐτῷ
792 856 885 909 καὶ
930 852 1325 924 ὁμοδοξοῦντων
1378 852 1709 915 ἐπισκόπων,
1763 850 1931 903 ταῦτα

354 950 561 1019 λέγων·
611 969 630 1000 ‹
677 949 975 1018 Ἐδυνάμην
1031 947 1088 999 δὲ
1141 944 1247 998 τῶν
1296 944 1610 997 ἐπισκόπων
1651 941 1759 995 τῶν
1798 960 1933 1013 σνμ-

356 1043 645 1114 παρόντοιν
672 1038 1059 1111 μνημονεῦσαι,
1079 1036 1171 1101 οὒς
1185 1038 1339 1108 ὑμεῖς
1362 1033 1629 1105 ἠξιώσατε
1666 1034 1933 1106 μετακλη-

359 1135 519 1206 Θῆναι
578 1136 668 1187 ὑπ’
724 1132 857 1204 ἐμοῦ
894 1132 1023 1201 (69),
1074 1131 1167 1184 καὶ
1220 1127 1687 1199 μετεκαλεσάμην·
1741 1121 1814 1179 ὧν
1867 1126 1932 1179 τὰ

358 1226 600 1295 ὀνόματα
629 1225 724 1277 ἐὰν
750 1224 976 1295 γράφω,
1007 1218 1175 1273 πολλὰ
1205 1219 1385 1291 πλήθη
1414 1219 1569 1271 εἰσίν.
1617 1219 1680 1271 Oi
1708 1218 1763 1272 δὲ
1798 1218 1932 1269 ἰδόν-

356 1334 451 1380 τες
502 1316 592 1369 τὸν
648 1316 841 1386 μικρόν
898 1330 997 1384 μου
1056 1311 1362 1381 ἄνθρωπον,
1411 1309 1813 1380 συνηυδόκησαν
1867 1310 1930 1377 τῇ

358 1407 642 1478 ἐπιστολῇ,
678 1406 876 1468 εἰδότες
905 1405 986 1456 ὅτι
1025 1403 1147 1474 είκῆ
1177 1401 1369 1465 πολιὰς
1415 1400 1514 1453 οὐκ
1547 1400 1772 1471 ἤνεγκα,
1799 1398 1932 1451 ἀλλά

357 1505 418 1556 ὲν
450 1500 640 1571 Κυρίῳ
678 1497 851 1567 Ἰησοῦ
881 1497 1111 1550 πάντοτε
1137 1495 1547 1564 πεπολίτευμαι.
1588 1511 1606 1543 i
1661 1492 1781 1544 Ἐπὶ
1809 1490 1931 1544 τού-

353 1612 471 1659 τοις
496 1596 524 1647 ὁ
562 1593 658 1663 μὲν
692 1592 789 1661 τῆς
831 1589 1117 1659 Ῥωμαίων
1149 1585 1427 1657 προεστὼς
1456 1585 1688 1655 Βίκτωρ,
1723 1583 1933 1655 ἀθρόως

353 1689 454 1756 τῆς
489 1684 672 1746 Ἀσίας
697 1683 874 1752 πάσης
908 1680 1022 1749 ἅμα
1047 1682 1165 1740 ταῖς
1196 1678 1413 1750 ὁμόροις
1456 1676 1798 1746 Ἐκκλησίαις
1838 1674 1933 1737 τὰς

358 1774 645 1847 παροικίας
671 1772 1015 1841 ἀποτέμνειν,
1043 1770 1117 1834 ὡς
1149 1767 1585 1839 ὲτεροδοξούσας,
1627 1768 1723 1837 τῆς
1751 1766 1932 1836 κοινῆς

354 1868 604 1929 ὲνώσεως
628 1867 905 1937 πειρᾶται,
934 1864 1026 1917 καὶ
1081 1859 1384 1932 στηλιτεύει
1413 1859 1522 1929 (70)
1550 1876 1611 1926 γε
1642 1859 1728 1911 διὰ
1752 1875 1928 1929 γραμ-
1965 1847 2002 1900 Β

358 1960 563 2030 μάτων,
597 1958 984 2027 ἀκοινωνήτους
1009 1954 1176 2026 ἄρδην
1200 1953 1404 2015 πάντας
1436 1953 1558 2013 τοὺς
1583 1952 1758 2004 ἐκεῖσε
1795 1952 1926 2003 ἀνα-

355 2051 638 2117 κηρύττων
685 2044 965 2111 ἀδελφούς.
1015 2042 1151 2095 Ἀλλ’
1193 2042 1253 2094 οὑ
1298 2042 1430 2095 πᾶσί
1462 2058 1525 2108 γε
1559 2044 1669 2105 τοῖς
1704 2040 1925 2093 ἐπισκό-

354 2151 479 2199 ποις
537 2134 689 2189 ταῦτ’
753 2133 1037 2204 ἠρέσκετο.
1123 2129 1728 2200 Ἀντιπαρακελεύονται
1792 2129 1927 2199 δῆτα

356 2226 526 2297 αὐτῷ,
572 2226 641 2279 τὰ
680 2227 779 2297 τῆς
815 2226 1037 2296 εἰρήνης
1079 2224 1172 2276 καὶ
1208 2222 1307 2291 τῆς
1341 2222 1477 2293 πρὸς
1527 2222 1653 2284 τοὺς
1702 2221 1927 2292 πλησίον

353 2318 599 2380 ἑνὼσεως
650 2316 744 2370 καὶ
791 2316 1011 2386 ἀγάπης
1057 2316 1290 2385 φρονεῖν.
1325 2309 1582 2385 Φέρονται
1628 2313 1683 2366 δὲ
1728 2313 1820 2366 καὶ
1869 2314 1925 2366 αἱ

350 2407 558 2460 τούτων
605 2406 802 2474 φωναὶ,
861 2402 1306 2476 πληκτικώτερον
1356 2403 1780 2474 καθαπτομένων
1831 2404 1924 2457 τοῦ

352 2498 630 2570 Βίκτορος.
688 2499 775 2551 Ἐν
804 2491 885 2561 οἷς
919 2496 1013 2550 καὶ
1052 2499 1080 2549 ὁ
1116 2497 1401 2567 Εἰρηναῖος
1442 2497 1505 2548 ὲκ
1539 2494 1825 2565 προσώπου
1850 2487 1924 2546 ὧν

352 2592 537 2661 ἡγεῖτο
568 2590 679 2662 (71)
722 2588 863 2642 κατά
894 2588 990 2659 τὴν
1031 2587 1260 2641 Γαλλίαν
1304 2587 1545 2657 ἀδελφῶν
1592 2588 1922 2650 ἐπιστείλας.

424 2684 469 2716 ³⁷
499 2685 620 2740 Act.
657 2700 711 2739 γ.

354 2806 616 2859 teriorem
637 2802 927 2857 lectionem
957 2802 1093 2857 Rob.
1126 2801 1400 2873 Stephano
1431 2802 1700 2872 placuisse
1726 2804 1915 2859 miror.

352 2878 513 2933 Certe
542 2874 770 2945 Rufinus
792 2874 955 2945 ἦρνυε
1002 2873 1149 2945 legit,
1190 2883 1251 2945 ut
1281 2888 1346 2927 ex
1391 2874 1642 2945 versione
1673 2874 1789 2942 ejus
1817 2890 1915 2943 ap-

353 2955 526 3016 paret.
556 2944 651 2999 Sic
688 2943 846 2998 enim
878 2943 1068 3016 vertit.
1109 2944 1200 3011 qui
1242 2960 1417 3016 omnes
1464 2944 1538 2997 ita
1578 2945 1917 3016 observarunt

351 3013 491 3070 hunc
534 3016 695 3076 diem,
738 3024 793 3067 ut
838 3014 1131 3068 conveniret
1171 3030 1287 3067 cum
1329 3013 1423 3067 illo
1461 3029 1562 3081 quo
1606 3014 1917 3083 fermentum

350 3087 663 3141 Judaeorum
688 3083 915 3153 populus
947 3082 1143 3153 aufert.
1176 3083 1452 3154 Facessat
1473 3082 1634 3153 igitur
1661 3083 1917 3154 deinceps

352 3152 902 3219 emendatioeorum,
950 3152 1045 3223 qui
1084 3154 1250 3226 ῆρτυε
1293 3152 1360 3207 τὰ
1400 3152 1583 3224 ἄζυμα
1627 3155 1714 3208 hic
1760 3152 1916 3210 resti-

354 3237 530 3280 luunt.

420 3295 533 3367 (69)
567 3293 708 3367 pb;
747 3293 924 3367 ὑμεῖς
970 3293 1265 3367 ᾐξιῴᾳατε
1314 3293 1760 3367 μετακληρῆναι
1818 3297 1918 3350 ὑπ’

348 3363 523 3435 ἐμοῦζ
561 3363 873 3437 ὃστὶρξοηιι
907 3364 1076 3437 igitur
1109 3364 1289 3419 Victor
1316 3381 1452 3433 papa
1486 3368 1550 3419 ad
1580 3365 1917 3437 Polycratem

352 3434 635 3504 Ephesiuae
664 3435 809 3488 urbis
837 3434 1168 3505 episcopum,
1202 3443 1279 3500 ut,
1310 3449 1606 3489 convocato
1636 3434 1918 3505 episcopo—

352 3523 471 3559 rum
502 3507 645 3560 Asia:
662 3504 912 3568 concilio,
948 3505 1158 3559 litteras
1202 3520 1329 3558 suas
1358 3516 1411 3559 et
1445 3506 1767 3559 sententiam
1806 3504 1918 3559 Ro-

351 3576 499 3630 mani
545 3574 852 3645 conciliide
894 3574 1260 3629 celebratione
1311 3574 1431 3629 festi
1480 3576 1750 3645 paschalis
1788 3577 1920 3643 ipsis

354 3648 663 3700 recitaret:
707 3644 945 3700 minatus
990 3660 1110 3699 sese
1153 3645 1297 3698 illum
1326 3660 1355 3698 a
1389 3644 1765 3700 communione
1812 3648 1920 3699 Ro-

354 3731 526 3770 manae
584 3715 839 3769 Ecclesia:
898 3725 1326 3784 segregaturum,
1388 3716 1488 3769 nisi
1549 3717 1779 3770 decretis
1809 3718 1920 3771 suis

352 3786 779 3853 obtemperaret.
833 3795 885 3838 et
943 3785 1103 3839 minis
1156 3786 1371 3852 quidem
1430 3784 1662 3840 Victoris
1708 3786 1778 3839 ita
1826 3803 1917 3840 re-

353 3856 581 3927 spondet
602 3855 915 3925 Polycrates
936 3856 1034 3910 :0'3
1057 3854 1331 3927 πτύρομαι
1360 3856 1449 3907 ἐπὶ
1464 3858 1575 3919 τοῖς
1608 3856 1920 3925 καταπλησ-

356 3925 626 3996 σομένοις.
664 3928 929 3996 Caeterum
981 3927 1123 3993 quod
1150 3925 1343 3996 attinet
1379 3928 1441 3978 ad
1474 3930 1916 3981 convocatiouem

353 3995 760 4067 episcoporum,
789 3995 1102 4065 Polycrates
1147 3995 1347 4050 Victori
1389 3996 1803 4067 obtemperavit,
1862 4006 1920 4051 ut

354 4082 420 4120 ex
450 4067 550 4119 hoc
576 4066 694 4119 loco
723 4075 966 4133 apparet.

425 4136 537 4207 (70)
594 4135 705 4207 Καὶ
763 4136 1116 4203 στηλιτεύει.
1190 4135 1403 4202 Langus
1476 4137 1689 4205 quidem
1760 4144 1921 4196 vertit

357 4206 525 4261 notat.
592 4206 868 4260 Masculus
932 4221 1060 4259 Vero
1107 4216 1161 4259 et
1213 4208 1735 4274 Christophorsonus
1797 4228 1920 4264 ver-

358 4287 535 4330 terunt
585 4276 864 4339 invehitur,
925 4277 1317 4347 quiagscilicct
1380 4277 1781 4347 στηλιτευτικὸς
1831 4280 1919 4334 λὸ-

355 4363 448 4468 ἓος
497 4348 755 4399 invectiva
782 4348 951 4399 oratio
986 4345 1204 4400 dicitur.
1251 4345 1516 4400 Cmteruin
1554 4364 1673 4400 cum
1706 4352 1818 4404 hazc
1851 4353 1919 4403 ab

403 4416 586 4468 usebio
637 4416 922 4468 obscurius
959 4426 1177 4468 narrata
1226 4417 1354 4468 sint.
1401 4417 1554 4468 iiitilti
1604 4420 1919 4468 dubitarunt

403 4416 586 4470 usehio
637 4416 922 4471 obscurius
959 4426 1177 4469 narrata
1226 4417 1354 4479 sint,
1401 4417 1554 4470 multi
1604 4420 1921 4474 dubitarunt

358 4498 536 4539 utrum
588 4485 776 4567 Victor
811 4502 972 4566 papa.
1000 4485 1270 4540 Ecclesias
1301 4487 1441 4569 Asife
1488 4503 1515 4538 a
1542 4492 1919 4545 communione
1954 4516 1996 4569 ι)

358 4574 452 4610 sua
486 4571 676 4610 revera
703 4557 1020 4624 sejunxerit,
1076 4572 1144 4609 an
1188 4572 1313 4609 vero
1354 4558 1405 4610 id
1437 4567 1639 4611 tantunt
1690 4572 1919 4614 conatus

358 4638 517 4694 atque
550 4628 932 4680 interminatus
959 4628 1046 4679 sit.
1088 4627 1243 4693 Quod
1298 4628 1363 4679 ad
1413 4643 1499 4681 me
1550 4628 1762 4693 attinet,
1818 4632 1919 4685 hoc

357 4709 685 4764 postremum
741 4698 920 4749 verius
969 4708 1114 4765 puto.
1175 4697 1381 4751 Etenim
1417 4698 1677 4753 Eusebius
1718 4701 1918 4755 diserte

358 4768 486 4820 dicit
509 4765 840 4836 ἀποτέμνειν
873 4767 1147 4837 πειρᾶται.
1174 4766 1377 4837 Deinde
1404 4768 1647 4835 epistola:
1665 4769 1848 4824 lrcuari
1867 4784 1920 4824 et

357 4838 582 4889 aliorum
635 4835 1008 4905 episcoporum
1054 4840 1119 4891 ad
1182 4835 1449 4890 Victorem
1498 4841 1733 4908 scriptze,
1787 4846 1919 4895 satis

356 4917 590 4975 arguunt
627 4922 738 4960 rem
778 4910 952 4961 adhuc
989 4907 1039 4960 in
1091 4908 1341 4976 pendenti
1385 4908 1570 4975 fuisse,
1611 4907 1729 4963 inec
1763 4912 1917 4964 datu-

358 4978 590 5030 nationis
617 4978 934 5031 sentcntiam
969 4976 1250 5030 etiamtum
1286 4994 1314 5031 a
1344 4977 1561 5032 Victore
1607 4980 1658 5031 in
1693 4982 1919 5035 Asianos

358 5047 521 5100 fuisse
548 5048 832 5115 prolatam.
864 5047 953 5101 Sic
975 5049 1118 5100 enim
1142 5050 1329 5102 scribit
1361 5049 1623 5102 Eusebius
1646 5052 1711 5103 de
1737 5052 1916 5104 ll't'nilfl

356 5116 550 5191 litteris
584 5120 648 5191 ad
682 5116 948 5191 Victorem
977 5134 990 5169 ε
1145 5136 1227 5191 γεῗ
1242 5119 1346 5190 μὴν
1374 5119 1589 5191 Βίκτορι
1622 5121 1922 5191 προσηκόν-

356 5137 550 5171 niteris
584 5137 648 5170 au
688 5137 948 5171 VlClOl‘Clll
977 5137 990 5169 :
1034 5137 1112 5189 ιῳ
1145 5137 1208 5186 γε
1242 5137 1346 5190 μην
1376 5137 1534 5170 υικτο
1576 5139 1589 5171 ι
1622 5137 1920 5191 προσηκον-

353 5204 457 5249 τως
483 5187 559 5251 ὼς
589 5188 665 5257 μὴ
692 5187 989 5240 ἀποκόπτοι
1018 5190 1143 5252 ὅλας
1176 5189 1495 5258 Ἐκκλησίας
1521 5137 1674 5254 gem"),
1698 5192 1920 5244 πλεῖστα

353 5258 516 5327 ἕτερα
577 5262 849 5328 παραινεῖ.
904 5260 1146 5313 Nondum
1199 5275 1328 5328 ergo
1381 5261 1646 5315 Ecclesias
1698 5265 1840 5315 Asia:
1890 5281 1917 5314 a

355 5332 731 5380 communione
778 5328 960 5382 Victor
1009 5329 1335 5393 absciderat,
1379 5346 1499 5381 cuin
1555 5334 1651 5385 has
1713 5333 1922 5386 litteras

354 5399 613 5451 scriberet
638 5397 891 5459 lrenaaus,
929 5401 1361 5468 quandoquidem
1398 5398 1662 5455 Victorem
1689 5401 1921 5455 [remeas

356 5469 438 5520 his
506 5470 703 5521 litteris
746 5471 1022 5533 admonet,
1085 5486 1151 5523 ue
1204 5472 1324 5523 illas
1375 5470 1444 5523 ob
1495 5475 1688 5525 vetusti
1758 5476 1921 5527 moris

352 5539 751 5612 observantiam
800 5554 829 5591 a
882 5540 1045 5593 totius
1076 5538 1331 5593 Ecclesiae
1378 5554 1600 5609 corpore
1643 5542 1920 5612 scjttngcre

356 5608 500 5661 velit.
554 5610 807 5663 Socrates
872 5618 1046 5661 tamen
1106 5612 1333 5679 inlibro
1360 5626 1409 5675 ν,
1456 5608 1553 5678 cap
1588 5608 1919 5679 ‘22,]ius‘ebii

356 5680 516 5731 verba
561 5679 634 5732 ita
683 5680 917 5746 accepit,
953 5682 1102 5746 quasi
1140 5678 1317 5733 Victor
1347 5683 1573 5735 Asianos
1608 5700 1636 5735 a
1664 5678 1922 5737 continu-

357 5747 512 5822 itione
538 5765 633 5822 sua
670 5752 1035 5822 separarent.
1066 5751 1242 5821 Atque
1275 5750 1346 5803 ita
1382 5763 1567 5803 auctor
1594 5752 1735 5805 Libri
1762 5770 1919 5822 syno-

356 5820 476 5883 dici,
510 5820 663 5887 cujus
693 5832 876 5873 tamen
922 5820 1279 5874 testimonium
1323 5823 1471 5889 parvi
1507 5822 1667 5878 iacio.
1726 5820 1923 5879 Obser-

2034 580 2121 648 qui
2150 579 2489 647 Scripturam
2524 590 2732 631 sacram
2762 591 2982 631 omnem
3011 576 3239 645 perlegi,
3291 574 3430 628 nihil
3482 590 3597 628 mo-

2034 688 2161 724 veor
2187 673 2252 725 iis
2282 686 2401 740 qua:
2428 670 2583 725 nobis
2611 670 2676 723 ad
2714 668 3057 723 formidinem
3088 669 3440 723 intentantur.
3506 668 3595 720 Et-

2031 765 2256 818 enimah
2275 762 2485 831 illis'qui
2514 777 2598 816 ine
2622 761 2777 831 longe
2803 760 3033 829 majores
3056 760 3423 814 erantdictum
3443 759 3590 815 scio:

2038 875 2055 906 ‹
2098 856 2325 911 Obcdire
2358 863 2570 925 oportet
2593 853 2698 908 Deo
2727 853 2897 923 magis
2930 866 3092 920 quam
3124 850 3431 906 hominibus
3461 849 3525 903 ⁸⁷.
3568 868 3586 900 ι

2032 946 2160 1000 Post
2194 948 2308 1002 haec
2349 948 2413 1001 de
2467 947 2736 1017 episcopis
2765 945 2857 1014 qui
2891 944 3048 998 simul
3085 944 3310 998 aderant
3332 957 3452 996 cum
3480 942 3592 995 haec

2032 1040 2317 1103 scriberet,
2345 1048 2399 1093 et
2433 1040 2621 1093 eadem
2644 1052 2767 1091 cum
2796 1037 2912 1105 ipso
2946 1036 3283 1097 sentiebant,
3315 1034 3394 1088 sic
3417 1033 3595 1101 loqui—

2035 1141 2159 1184 tur:
2191 1148 2208 1180 ι
2251 1129 2465 1184 Possem
2493 1130 2654 1183 etiam
2678 1128 3053 1197 episcoporum
3081 1125 3171 1195 qui
3200 1138 3412 1179 mecum
3444 1130 3591 1185 sunt,

2037 1223 2213 1275 facere
2253 1221 2605 1286 mentionem,
2652 1234 2787 1287 quos
2826 1219 3060 1289 petiistis
3088 1227 3147 1270 ut
3190 1229 3546 1271 convocarcm
3578 1254 3592 1277 ,

2034 1314 2172 1364 sicut
2197 1323 2251 1365 et
2282 1312 2404 1365 fcci.
2432 1310 2673 1377 Quorum
2708 1312 2928 1364 nomina
2964 1311 3011 1365 si
3040 1308 3372 1376 ascripsero,
3406 1306 3593 1375 ingens

1988 1436 1991 1437 ν
2035 1419 2291 1458 nmuerus
2338 1402 2632 1456 videbitur.
2667 1401 2730 1457 Hi
2758 1418 2879 1457 cum
2921 1416 3007 1457 me
3040 1399 3289 1469 pusillum
3319 1398 3594 1452 hominem

2036 1494 2361 1556 invisissent,
2390 1491 2672 1562 epistolam
2711 1499 2952 1546 nostram
2979 1505 3202 1547 assensu
3227 1504 3324 1545 suo
3346 1501 3596 1555 compro-

2035 1589 2250 1651 barunt,
2287 1582 2437 1653 gnari
2480 1598 2564 1637 me
2602 1598 2764 1638 canos
2818 1584 2947 1638 istos
2987 1599 3091 1638 non
3127 1582 3325 1636 frustra
3356 1590 3591 1650 gestare,

2033 1679 2125 1732 sed
2155 1678 2321 1731 vitam
2351 1692 2418 1732 ex
2476 1675 2762 1744 praeceptis
2819 1675 3187 1745 institutisque
3228 1673 3354 1730 Jesu
3394 1672 3593 1727 Christi

2034 1785 2245 1839 semper
2271 1771 2463 1839 egisse.
2516 1789 2535 1822 ι
2572 1768 2667 1823 llis
2701 1769 2772 1823 ita
2803 1770 2987 1840 gestis,
3018 1768 3203 1823 Victor
3231 1766 3448 1837 quidem
3484 1766 3593 1819 Ro-

2036 1878 2205 1916 manat
2226 1864 2377 1916 urbis
2403 1863 2686 1933 episcopus
2716 1863 2860 1917 illico
2883 1876 3072 1917 omnes
3095 1861 3237 1915 Asia:
3264 1860 3590 1913 vicinarum-

2034 1969 2138 2022 que
2164 1955 2565 2024 provinciarum
2609 1955 2877 2011 Ecclesias
2923 1963 3174 2023 tauquam
3210 1952 3482 2007 contraria
3513 1965 3599 2004 re-

2035 2056 2134 2101 cta:
2165 2047 2287 2102 ﬁdei
2322 2048 2638 2113 sentientes,
2674 2063 2702 2101 a
2748 2046 3130 2101 communione
3159 2043 3479 2099 abscindere
3506 2056 3597 2096 co-

2034 2148 2226 2204 natur;
2285 2139 2529 2209 datisque
2575 2139 2769 2194 litteris
2817 2140 3100 2193 universos
3146 2137 3235 2206 qui
3299 2135 3407 2189 illic
3438 2141 3598 2188 erant

2033 2229 2227 2283 fratres
2261 2231 2574 2300 proscribit,
2608 2240 2661 2283 et
2714 2230 2783 2283 ab
2839 2231 3044 2283 unitate
3075 2228 3327 2282 Ecclesia:
3373 2239 3596 2295 prorsus

2033 2321 2238 2376 alienos
2276 2337 2398 2377 esse
2434 2322 2766 2390 pronuntiat.
2805 2321 3001 2374 Verum
3037 2319 3152 2373 haec
3210 2334 3314 2371 non
3345 2317 3596 2372 omnibus

2034 2412 2320 2480 placebant
2367 2414 2654 2483 episcopis.
2703 2411 2937 2467 Proinde
2971 2410 3245 2465 Victorem
3276 2425 3338 2462 ex
3370 2409 3596 2462 adverso

2034 2501 2233 2554 hortati
2265 2511 2411 2567 sunt,
2444 2510 2501 2555 ut
2541 2517 2602 2555 ea
2662 2503 2838 2571 potius
2880 2501 3084 2557 sentire
3120 2500 3281 2554 vellet
3310 2513 3427 2568 quae
3474 2497 3595 2567 paci

2032 2600 2087 2645 et
2109 2592 2301 2647 unitati
2330 2593 2689 2663 charitatique
2719 2610 2845 2665 erga
2870 2595 3173 2665 proximum
3204 2591 3591 2661 congruebant.

2023 2805 2143 2858 vavi
2196 2805 2339 2859 enim
2382 2804 2529 2858 illum
2566 2804 2909 2872 scriptorem,
2934 2801 3178 2871 quisquis
3218 2799 3398 2872 fuerit,
3428 2799 3595 2872 multa

2025 2886 2231 2930 temere
2255 2876 2590 2943 contingere.
2628 2870 2732 2928 sed
2760 2870 3000 2943 nostram
3042 2870 3365 2926 sententiain
3396 2870 3597 2943 confir-

2024 2955 2154 3012 mat,
2189 2946 2364 3016 primo
2412 2939 2846 3016 Eusebiusipse
2896 2942 2948 2996 in
3010 2942 3144 3016 locis
3162 2939 3593 3016 Astipracitatis.

2025 3010 2223 3072 Deinde
2252 3015 2480 3071 Photius
2506 3017 2555 3069 in
2586 3010 2928 3074 Biblidtheca,
2968 3027 3087 3079 cap.
3125 3010 3248 3074 120,
3282 3010 3372 3064 ubi
3404 3010 3596 3063 scribit

2020 3085 2289 3141 Irenaeum
2373 3086 2555 3156 plures
2624 3086 2836 3156 dedisse
2912 3083 3140 3156 litteras
3188 3083 3254 3156 ad
3328 3079 3593 3156 Victorem

1944 3136 1984 3190 (ἶ
2020 3136 2637 3227 populor-duiniill—uni
2670 3136 2936 3227 hortatur
2977 3166 3044 3206 ne
3093 3153 3162 3227 ob
3198 3150 3593 3227 dissensionem

2027 3220 2103 3281 de
2141 3220 2344 3281 Pastrha
2395 3225 2531 3279 ullos
2584 3243 2611 3279 a
2666 3224 3045 3279 communione
3107 3220 3356 3277 Ecclesiae
3416 3234 3598 3288 segre-

2064 3308 2198 3352 aret.
2245 3297 2386 3367 Ergo
2433 3304 2573 3367 ante
2604 3296 2809 3349 litteras
2848 3294 3033 3367 Irenaei
3091 3293 3359 3367 neminem
3418 3291 3597 3367 adhuc

2064 3314 2198 3352 πνοι.
2245 3314 2386 3367 Ergo
2433 3314 2556 3349 ante
2604 3314 2809 3349 litteras
2848 3314 3033 3346 Irenait
3091 3314 3359 3347 licuitne!"
3418 3314 3596 3344 auuuc

2026 3314 2213 3422 Victor
2245 3386 2274 3421 a
2305 3366 2685 3421 communione
2718 3366 3087 3433 praesciderat.
3126 3363 3232 3417 Sed
3280 3376 3453 3433 neque
3490 3362 3596 3415 dici

2026 3448 2205 3506 potest
2256 3445 2376 3504 post
2419 3437 2673 3505 epistolas
2720 3432 2910 3489 ’lrentei
2963 3436 3011 3506 id
3069 3451 3096 3487 a
3133 3434 3350 3506 Victore
3392 3432 3593 3506 iactum

2028 3502 2219 3561 fuisse.
2251 3502 2630 3560 Primo'euiin
2680 3506 2940 3560 Eusebius
2989 3504 3092 3558 hoc
3148 3519 3251 3557 non
3300 3502 3450 3563 dicit,
3488 3516 3592 3555 non

2025 3579 2323 3632 emissurus
2373 3577 2576 3644 utique,
2607 3578 2654 3631 si
2706 3578 2754 3629 id
2812 3591 2842 3628 a
2884 3572 3105 3629 Victore
3158 3584 3342 3643 postea
3394 3572 3595 3644 factum

2028 3649 2237 3701 fuisset.
2315 3645 2426 3701 lmo
2470 3643 2623 3699 ivero
2694 3660 2913 3714 prorsus
2979 3645 3312 3700 contrarium
3382 3643 3593 3705 innuit,

2025 3718 2150 3772 dum
2189 3718 2443 3770 Irenmum
2492 3718 2560 3769 ob
2608 3716 2912 3783 hujusmodi
2963 3715 3174 3768 litteras
3196 3723 3351 3767 vocat
3379 3715 3595 3781 εἰρηνο-

2026 3787 2196 3847 ποιόν,
2252 3788 2301 3839 id
2330 3795 2412 3839 est
2440 3787 2584 3852 pacis
2612 3794 2900 3839 auctorem.
2952 3784 3171 3838 Littera:
3201 3784 3363 3851 igitur
3406 3783 3595 3835 lrenaei

2026 3862 2091 3911 ad
2146 3858 2416 3911 Victorem
2458 3871 2649 3923 papam
2691 3858 2926 3921 scriptaa,
2968 3869 3152 3923 pacem
3182 3852 3438 3906 Ecclesia:
3468 3869 3597 3919 prae-

2026 3929 2298 3982 sdteruut.
2335 3926 2467 3979 Cum
2529 3928 2670 3979 enim
2706 3924 2889 3977 Victor
2937 3934 3160 3993 paratus
3199 3931 3344 3976 esset
3378 3937 3596 3975 excom-

2027 3997 2406 4052 muuicationis
2437 3998 2757 4050 sententiam
2781 4010 3030 4063 promere
3061 3994 3324 4063 adversus
3340 3992 3593 4053 Asianos,

2025 4067 2209 4121 lrenaai
2242 4066 2467 4135 epistola
2505 4082 2628 4119 eum
2675 4081 2703 4119 a
2741 4062 2967 4135 consilio
2995 4062 3592 4135 dimovitaQuareii‘ou

2027 4131 2293 4195 assentior
2323 4136 2610 4202 lialloixio,
2647 4135 2736 4205 qui
2765 4137 2829 4189 ad
2886 4134 3051 4187 Vitam
3079 4131 3287 4193 Irenwi.
3318 4149 3440 4202 pag.
3466 4131 3592 4205 668,

2027 4209 2223 4262 asserit
2258 4205 2523 4261 Victorem
2580 4203 2841 4261 adrersus
2871 4207 3103 4260 Asianos
3153 4203 3592 4259 excommunica-

2030 4279 2190 4332 tiouis
2222 4276 2407 4331 tulisse
2434 4278 2784 4331 sententiam.

2095 4348 2208 4417 (7t)
2243 4347 2556 4415 Εἰρηναῖος
2579 4348 2647 4400 ἐκ
2676 4346 2997 4414 προσώπου
3028 4340 3117 4399 ὧν
3143 4343 3362 4415 ἠγεῖτο.
3393 4342 3598 4417 Fitigi—

2028 4414 2114 4471 tur
2160 4414 2275 4472 haec
2312 4414 2515 4471 flrentei
2560 4419 2783 4488 epistola
2825 4418 3106 4488 synodica,
3166 4425 3350 4485 utpote
3395 4414 3595 4480 scripta

2030 4489 2247 4544 innuine
2316 4488 2686 4557 Ecclesiarum
2742 4487 2963 4553 Gallae,
3034 4488 3191 4557 cujus
3257 4493 3418 4557 caput
3478 4493 3599 4535 erat

2027 4559 2367 4627 Lugdunum.
2413 4556 2645 4613 Proinde
2688 4560 2802 4613 haec
2834 4552 3062 4628 epistola
3100 4552 3290 4628 referri
3323 4552 3597 4628 debuerat

2029 4621 2168 4682 intér
2233 4629 2462 4682 concilia
2522 4629 2732 4692 Galliae,
2793 4621 3031 4682 ut'olim
3085 4626 3268 4682 monui
3328 4621 3593 4679 Jacobum

2029 4699 2399 4764 Sirmondum,
2431 4702 2603 4754 virum
2642 4701 3031 4761 doctissimum,
3083 4712 3181 4751 nec
3218 4711 3452 4764 unquam
3491 4694 3594 4746 nisi

2028 4770 2320 4823 honorifice
2348 4772 2753 4825 nominandum.
2784 4772 2993 4823 Etenim
3020 4769 3106 4823 ille
3130 4767 3417 4820 editionem
3443 4779 3595 4817 suam

2028 4839 2387 4893 Conciliorum
2419 4840 2607 4894 Gallia:
2642 4856 2671 4892 a
2704 4841 3043 4895 Constantini
3078 4837 3407 4905 temporibus
3437 4849 3599 4890 exor-

2028 4927 2121 4964 sus
2152 4920 2269 4976 est;
2321 4912 2425 4965 hoc
2469 4912 2640 4965 solum
2705 4913 2757 4965 in
2810 4911 3123 4980 praal'atione
3170 4922 3280 4980 sua
3322 4906 3598 4980 monuisse

2028 4974 2334 5052 contentus,
2362 4982 2492 5036 duas
2516 4981 2747 5052 synodos
2772 4974 3157 5049 Lugdunenses
3173 4977 3369 5052 quibus
3384 4974 3597 5052 praefuit

2029 5049 2263 5105 Irenarus
2292 5048 2583 5105 memorari
2621 5069 2634 5105 :
2667 5048 2894 5121 quarum
2924 5052 2974 5103 iti
3006 5052 3172 5121 altera
3206 5048 3596 5121 Valetitinus‘ct

2028 5121 2263 5175 Marcion
2288 5122 2524 5175 damnati
2554 5115 2759 5177 sintfln
2789 5125 2956 5175 altera
2990 5137 3122 5175 vero
3145 5119 3352 5172 Pascha
3377 5115 3593 5169 nonnisi

2030 5193 2114 5245 die
2148 5193 2427 5245 Dominico
2461 5194 2845 5246 celebrandum
2890 5208 3011 5246 cum
3036 5188 3294 5245 tredecim
3327 5188 3595 5257 episcopis

2030 5263 2263 5315 Irenazns
2293 5262 2550 5316 decrevit.
2600 5263 2793 5317 Verum
2845 5264 3099 5331 quoniam
3143 5260 3337 5331 harum
3363 5263 3595 5326 synodo-

2032 5349 2147 5385 rum
2178 5335 2463 5386 obscurior
2489 5346 2633 5387 esset
2660 5329 2939 5395 memoria,
2973 5334 3090 5385 ideo
3125 5347 3183 5383 se
3214 5329 3331 5382 illas
3371 5339 3594 5395 praeter-

2030 5405 2243 5457 misisse
2266 5404 2476 5455 scribit.
2501 5403 2611 5472 Ego
2634 5419 2759 5457 vero
2783 5406 2977 5472 prioris
3000 5403 3215 5472 quidem
3239 5399 3379 5472 illius
3400 5398 3589 5472 synnodi

2030 5474 2400 5541 Lugdunensis
2438 5465 2608 5527 fateor
2635 5465 2921 5529 obscuram
2957 5465 3075 5527 esse
3116 5465 3591 5541 memoriama‘Scd

2029 5537 2296 5609 posterior
2325 5543 2413 5595 illa
2439 5545 2490 5596 iti
2518 5559 2623 5612 qua
2647 5545 2713 5597 de
2749 5546 2836 5597 die
2866 5545 3082 5597 Pascha:
3116 5552 3321 5612 actum_
3340 5548 3441 5599 cst,
3475 5537 3594 5591 illu-

2031 5614 2300 5667 st-rissiino
2330 5610 2551 5667 Eusebii
2576 5616 2879 5668 testimonio
2909 5616 3274 5669 continuatur.
3300 5610 3476 5665 Locus
3509 5618 3595 5664 est.

2028 5700 2146 5752 cap.
2170 5684 2239 5736 25
2266 5684 2424 5750 hujus
2446 5686 2590 5749 libri,
2617 5686 2707 5738 ubi
2732 5686 2797 5739 de
2825 5686 3043 5756 synodis
3064 5684 3435 5751 episcoporum
3459 5685 3591 5756 agit,

2030 5771 2147 5823 qua:
2188 5756 2259 5809 ob
2285 5758 2713 5811 controversiam
2748 5752 2914 5826 super
2940 5757 3153 5810 Pascha
3172 5756 3338 5809 variis
3373 5756 3425 5806 iu
3457 5752 3594 5826 locis

2031 5836 2368 5896 congregatae
2400 5839 2547 5892 sunt,
2581 5838 2631 5881 ct
2668 5830 2729 5881 de
2760 5824 3033 5897 syiiotiicis
3086 5828 3344 5896 cujusque
3376 5824 3594 5878 concilii
