4012 6256
462 317 565 373 507

1211 310 1481 366 EUSEBII
1518 309 1987 369 CESARIENSIS
2023 315 2173 371 OPP.
2214 314 2394 372 PARS
2428 314 2474 373 l.
2513 346 2583 359 —-
2613 313 3007 373 HISTORICA.

3616 319 3715 377 508

463 436 834 492 Ecclesiarum
858 433 1195 505 presbyteris
1223 433 1316 503 qui
1340 432 1391 487 id
1415 433 1800 500 observabant,
1827 434 2031 490 Eucha-

2140 453 2330 501 σαντες
2362 436 2498 508 πρὸς
2524 435 2769 500 ἑαυτούς.
2799 435 2933 491 Οῠτε
2961 436 3069 508 γὰρ
3095 437 3124 489 6
3164 437 3442 510 Ἀνίκητος
3482 439 3573 493 τὸν
3611 442 3716 495 Πο-

464 528 671 582 ristiam
706 525 1143 581 transmiserunt.
1174 523 1379 579 Etcum
1408 523 1750 579 beatissimus
1780 524 2036 596 Polycar-

468 634 568 688 pos
594 618 803 673 Aniceti
831 615 1167 686 temporibus
1203 615 1431 671 Romam
1461 617 1723 680 venisset,
1754 627 1918 687 atque
1948 618 2033 671 in-

467 721 550 764 ter
570 709 689 762 illos
711 709 776 763 de
806 708 1125 777 quibusdam
1158 707 1280 762 aliis
1311 707 1471 763 rebus
1499 708 1709 762 modica
1736 717 1879 763 esset
1906 723 2035 763 ροη-

460 800 753 864 troversia,
801 799 987 854 statim
1035 807 1222 853 mutuo
1254 800 1402 868 pacis
1450 799 1639 854 osculo
1666 813 1724 854 se
1767 799 2032 870 complexi

466 901 612 955 sunt,
638 891 704 946 dc
728 891 830 945 hoc
857 891 1036 960 capite
1064 906 1170 945 non
1201 906 1529 961 magnopere
1552 891 1698 946 inter
1729 907 1789 947 se
1810 902 2036 947 conten-

460 985 678 1038 dentes.
719 983 906 1052 Neque
932 983 1075 1036 enim
1100 983 1359 1038 Anicetus
1382 982 1683 1053 Polycarpo
1710 986 2037 1054 persuadere

462 1091 702 1145 unquam
738 1084 950 1144 poterat
983 1084 1040 1128 ut
1067 1073 1363 1129 observare
1383 1076 1679 1143 desineret,
1718 1077 1916 1147 quippe
1943 1079 2032 1148 qui

458 1184 588 1225 cum
619 1165 827 1224 Joanne
861 1167 1069 1223 Domini
1126 1168 1296 1223 nostri
1330 1168 1618 1238 discipulo,
1650 1177 1855 1225 etcum
1903 1170 2035 1224 reli-

457 1261 591 1332 quis
615 1260 875 1329 apostolis
915 1260 1236 1330 quibuscum
1280 1259 1620 1317 familiariter
1650 1260 1881 1328 vixerat,
1911 1276 2033 1316 eum

469 1371 676 1411 morem
709 1363 968 1425 perpetuo
994 1355 1357 1409 observasset.
1396 1352 1582 1423 Neque
1612 1355 1738 1408 item
1776 1353 2034 1424 Polycar-

460 1461 568 1516 ptis
593 1446 815 1500 Atticeto
845 1447 1168 1514 persuadere
1193 1456 1417 1498 conatus
1456 1453 1540 1498 est
1576 1457 1635 1498 ut
1666 1444 1984 1499 observaret
2017 1486 2032 1508 ,

459 1552 590 1590 cum
622 1535 878 1590 Anicetus
923 1549 1109 1588 eorum
1143 1534 1233 1603 qui
1264 1542 1401 1586 ante
1421 1547 1480 1587 se
1521 1530 1736 1585 fuerant
1768 1533 2038 1602 presbyte-

467 1641 653 1680 rorum
713 1639 916 1689 morem
953 1624 1053 1678 sibi
1105 1622 1450 1677 retinendum
1498 1635 1618 1677 esse
1656 1622 1878 1678 diceret.
1907 1620 2036 1688 Quae

459 1733 589 1773 cum
627 1718 699 1772 ita
731 1733 792 1772 se
827 1717 1110 1778 haberent,
1143 1715 1615 1768 communicarunt
1637 1713 1738 1768 sibi
1769 1713 2027 1768 invicem:

2138 529 2415 602 λύκαρπον
2440 532 2624 582 πεῖσαι
2656 528 2876 582 ἐδύνατο
2904 530 2977 600 μὴ
3003 532 3208 602 τηρεῖν,
3234 530 3327 584 ἀτε
3349 531 3489 602 μετά
3534 532 3715 587 Ἰωάν-

2138 611 2353 673 νουτοῠ
2392 620 2634 692 μαθητοῦ
2667 621 2760 674 τοῦ
2801 621 3003 694 Κυρίου
3031 626 3062 694 ἡ
3073 622 3210 694 μῶν,
3238 624 3331 677 καὶ
3365 624 3477 678 τῶν
3511 624 3713 680 λοιπῶν

2139 710 2454 764 ἀποστόλων
2466 705 2546 774 οἷς
2563 711 2949 783 συνδιέτριψεν,
2977 713 3063 766 ἀεὶ
3077 730 3204 784 τετη
3214 732 3277 787 pr,
3287 715 3442 779 κότα,
3460 715 3583 771 οὔτε
3607 717 3713 787 μὴν

2135 804 2164 855 6
2194 800 2547 872 Πολύκαρπος
2578 800 2669 854 τὸν
2712 800 2989 872 Ἀνίκητον
3021 801 3203 857 ἔπεισε
3247 809 3454 877 τηρεῖν,
3485 806 3711 876 λέγοντα

2134 891 2233 960 τὴν
2268 890 2551 962 συνήθειαν
2582 890 2691 944 τῶν
2738 889 2837 961 πρὸ
2863 890 3026 945 αὐτοῦ
3064 892 3448 966 πρεσϐυτέρων
3476 895 3710 965 ὀφείλειν

2136 983 2402 1052 κατέχειν.
2440 981 2549 1035 Καὶ
2586 981 2790 1035 τούτων
2830 980 3001 1046 οὕτως
3043 982 3292 1053 ἑχόντων,
3343 984 3710 1056 ἐκοινώνησαν

2136 1075 2347 1137 ἑαυτοῖς
2363 1090 2377 1104 ο
2401 1074 2496 1127 καὶ
2519 1076 2575 1127 ὲν
2591 1075 2657 1144 τῇ
2697 1074 2993 1146 Ἐκκλησία
3012 1073 3401 1147 παρεχώρησεν
3421 1077 3451 1128 6
3494 1077 3713 1151 Ἀνίκη-

2132 1181 2226 1227 τος
2253 1164 2351 1235 τὴν
2367 1164 2731 1235 Εὐχαριστίαν
2758 1164 2867 1235 (89)
2899 1164 2976 1237 τῷ
2997 1164 3359 1238 Πολυκάρπῳ,
3389 1169 3508 1220 κατ’
3529 1169 3714 1240 ἐντρο-

2137 1256 2245 1326 πὴν
2276 1255 2537 1326 δηλονότι,
2571 1255 2666 1310 καὶ
2706 1255 2822 1327 μετ’
2856 1258 3074 1329 εἰρήνης
3120 1258 3213 1310 ἀπ’
3260 1258 3502 1329 ἀλλήλων
3536 1257 3716 1329 ἀπηλ-

2134 1346 2400 1417 λάγησαν,
2453 1345 2633 1416 πάσης
2678 1346 2775 1416 τῆς
2830 1346 3156 1418 Ἐκκλησίας
3205 1349 3427 1420 εἰρήνην
3472 1349 3719 1419 ἐχόντων

2134 1438 2243 1491 τῶν
2277 1438 2587 1510 τηρούντων
2614 1438 2707 1492 καὶ
2743 1438 2816 1510 μὴ
2844 1438 3171 1512 τηρούντων.
3205 1459 3224 1493 ι
3268 1441 3377 1493 Καὶ
3411 1443 3439 1495 6
3479 1441 3581 1511 μὲν
3612 1442 3716 1494 El-

2141 1531 2358 1602 ρηναῖος
2385 1529 2706 1602 φερώνυμός
2737 1547 2820 1594 τις
2853 1529 2928 1584 ὢν
2970 1534 3036 1603 τῇ
3072 1533 3435 1605 προσηγορίᾳ,
3467 1532 3617 1604 αὐτῷ
3649 1549 3716 1587 τε

2135 1624 2216 1695 τῷ
2241 1623 2425 1695 τρόπῳ
2440 1624 2797 1698 εἰρηνοποιὸς,
2822 1625 3043 1680 τοιαῦτα
3060 1626 3199 1699 ὑπὲρ
3214 1628 3311 1698 τῆς
3334 1627 3442 1681 τῶν
3477 1625 3716 1698 Ἐκκλη-

2140 1709 2270 1763 σιῶν
2311 1713 2532 1783 εἰρήνης
2578 1712 2878 1783 παρεκάλει
2909 1731 2969 1767 τε
3017 1714 3109 1769 καὶ
3153 1715 3500 1790 ἐπρέσϐευεν.
3549 1718 3607 1771 '0
3663 1716 3714 1771 δ’

476 1818 530 1864 et
557 1809 814 1862 Anicetus
863 1807 915 1861 in
952 1807 1194 1862 Ecclesia
1249 1805 1601 1861 consecrandi
1652 1819 1846 1859 munus
1883 1803 2031 1876 Poly-

2142 1803 2305 1867 αὐτὸς
2352 1804 2413 1857 οὐ
2450 1804 2595 1874 μόνῳ
2628 1804 2706 1858 τῶ
2750 1805 2989 1878 Βίκτορι,
3025 1808 3120 1861 καὶ
3144 1808 3420 1881 διαφὲροις
3456 1809 3515 1863 δὲ
3554 1808 3715 1863 πλεί-

466 1916 633 1969 carpo
665 1901 889 1955 honoris
942 1914 1104 1954 causa
1163 1898 1479 1954 concessit:
1540 1895 1863 1965 tandemque
1914 1911 2037 1950 cum

468 2006 602 2061 pace
631 2007 659 2045 a
690 2006 748 2046 se
786 1990 1015 2044 invicem
1039 1991 1447 2044 discesserunt:
1488 1995 1596 2041 tam
1639 1988 1704 2042 iis
1730 1987 1820 2056 qui
1851 1986 2037 2042 obser-

2142 1913 2288 1959 στοις
2313 1896 2568 1968 ἄρχουσιν
2586 1896 2938 1969 Ἐκκλησιῶν,
2968 1898 3038 1951 τὰ
3068 1899 3377 1973 κατάλληλα
3394 1899 3462 1953 δι’
3490 1901 3717 1953 ὲπιστο·

2137 1986 2242 2042 λῶν
2272 1989 2401 2061 περὶ
2430 1988 2523 2042 τοῦ
2567 1991 2923 2062 κεκινημένου
2962 1993 3270 2063 ζητήματος
3298 1992 3511 2063 ὡμίλει.

472 2080 689 2146 vabant,
752 2096 913 2152 quam
952 2081 1056 2136 illis
1113 2083 1202 2151 qui
1241 2081 1463 2136 minime
1497 2079 1886 2146 observabant,
1918 2093 2101 2148 pacem
2140 2082 2685 2149 communionemque
2739 2085 2904 2140 totius
2949 2084 3205 2140 Ecclesiae
3261 2086 3641 2141 retinentibus.
3681 2103 3704 2139 ι

469 2175 546 2229 Ac
576 2173 808 2228 lrenaaus
840 2173 1053 2242 quidem
1086 2171 1291 2226 nomini
1350 2186 1448 2227 suo
1504 2185 1631 2227 vere
1668 2171 2002 2239 respondens
2030 2209 2046 2237 ,
2085 2183 2184 2225 nec
2220 2172 2334 2226 solo
2364 2172 2602 2241 nomine,
2664 2174 2759 2229 sed
2788 2174 2952 2228 etiam
2988 2174 3112 2229 vitze
3145 2174 3390 2229 instituto
3421 2188 3485 2228 ac
3510 2189 3715 2244 propo-

465 2266 571 2322 sito
604 2265 878 2336 pacificus,
923 2281 1021 2337 pro
1052 2266 1409 2321 Ecclesiarum
1471 2281 1605 2336 pace
1633 2266 1748 2321 haec
1780 2266 1988 2319 monuit
2049 2274 2104 2321 et
2141 2265 2414 2334 allegavit.
2454 2267 2564 2323 Nec
2594 2283 2723 2324 vero
2750 2268 2816 2322 ad
2861 2268 3020 2342 194
3065 2268 3334 2325 Victorem
3382 2269 3580 2337 solum,
3613 2269 3711 2325 sed

461 2357 531 2413 ad
570 2357 766 2413 inultos
801 2357 937 2411 alios
968 2355 1327 2410 Eeclesiarum
1349 2356 1621 2412 antistites
1644 2357 1710 2412 de
1733 2356 2030 2427 quaestione
2066 2357 2349 2427 proposita
2378 2356 2587 2413 litteras
2612 2358 2665 2412 in
2693 2359 2936 2415 eamdem
2963 2360 3286 2415 sententiam
3314 2361 3478 2417 misit.

1025 2451 1250 2507 CAPUT
1290 2450 1455 2509 XXV.

460 2545 742 2613 Quomodo
763 2547 936 2601 cuncti
986 2545 1041 2598 in
1072 2536 1227 2596 nmini
1258 2546 1573 2624 sententiam
1608 2542 1673 2598 de
1697 2544 1782 2598 die
1808 2541 2030 2597 Pascha:

1060 2623 1413 2667 convenerint.

536 2710 787 2779 Episc0pi
818 2723 953 2763 vero
977 2706 1272 2765 Palaestinae
1295 2720 1430 2776 quos
1462 2706 1619 2775 paulo
1644 2721 1805 2776 supra
1830 2719 2027 2760 memo—

466 2802 729 2865 ravimus,
758 2798 1044 2854 Narcissus
1089 2800 1298 2853 scilicet
1328 2808 1381 2852 et
1410 2797 1741 2866 Theophilus
1770 2836 1786 2861 ,
1818 2808 1872 2852 et
1905 2813 2025 2852 cum

466 2892 573 2945 illis
596 2891 815 2945 Cassius
844 2889 997 2959 Tyri,
1019 2898 1073 2944 et
1096 2891 1288 2944 Clarus
1322 2890 1668 2945 Ptolemaidis
1684 2890 1947 2960 episcopi,
1975 2901 2030 2945 et

465 2984 558 3053 qui
592 2984 751 3036 simul
784 2998 903 3037 cum
933 2982 1063 3050 ipsis
1086 2993 1474 3047 convenerant,
1503 2992 1789 3054 postquam
1815 2985 1880 3042 de
1917 2993 2028 3038 tra-

469 3075 672 3128 ditione
703 3072 806 3126 diei
842 3073 1141 3139 Paschalis,
1170 3090 1288 3143 quae
1316 3075 1424 3144 jam
1482 3075 1606 3129 inde
1658 3077 1725 3129 ab
1763 3076 2029 3146 apostolis

2633 2454 3027 2509 ΚΕΦᾹΛΑΙΟΝ
3068 2457 3194 2511 ΚΕ’.

2141 2546 2339 2613 Ὅπως
2358 2545 2480 2613 τοῖς
2503 2545 2653 2601 πᾶσι
2679 2549 2789 2620 μία
2804 2546 3012 2620 ψῆφος
3040 2549 3171 2620 περὶ
3198 2548 3301 2603 τοῦ
3330 2548 3546 2620 Πάσχα
3559 2567 3709 2605 σνν-

2517 2617 2789 2686 εφωνήθη
2815 2617 3033 2690 (Nic.H.
3061 2618 3126 2673 E.
3166 2635 3238 2685 Iv,
3271 2618 3383 2689 '56).

2202 2708 2270 2762 U't'
2294 2726 2356 2778 γε
2384 2710 2490 2781 μὴν
2514 2709 2606 2761 ἐπὶ
2640 2710 3002 2782 Παλαιστίνης
3040 2709 3131 2774 οὓς
3166 2712 3365 2783 ἀρτίως
3393 2712 3706 2784 διεληλύθα-

2138 2818 2258 2872 μεν,
2296 2802 2325 2855 ὃ
2354 2818 2414 2854 τε
2450 2802 2761 2873 Νάρκισσος
2799 2800 2891 2856 κοίὶ
2935 2802 3211 2872 Θεόφιλος,
3257 2803 3351 2856 καὶ
3394 2805 3492 2857 σὺν
3524 2804 3706 2867 αὐτοῖς

2134 2892 2375 2957 Κάσσιος
2397 2893 2498 2963 τῆς
2524 2892 2669 2946 κατά
2696 2893 2869 2965 Τύρον
2913 2892 3235 2964 Ἐκκλησίας
3261 2893 3576 2959 ἐπίσκοπος,
3612 2897 3705 2948 καὶ

2136 2985 2350 3057 Κλάρος
2376 2985 2474 3057 τῆς
2498 2987 2556 3039 ὲν
2588 2985 2932 3057 Πτολεμαΐδι,
2962 2986 3015 3039 οἴ
3053 3003 3109 3039 τε
3149 2985 3289 3039 κατὰ
3317 2986 3522 3041 τούτων
3579 3005 3702 3041 συν-

2135 3076 2448 3148 εληλυθότες
2483 3077 2726 3149 περὶτῆς
2758 3076 3118 3147 κατε).θούσης
3156 3080 3233 3141 εἰς
3264 3078 3460 3142 αὐτοὺς
3493 3080 3556 3132 ὲκ
3588 3078 3704 3132 δια-

469 3169 534 3221 ad
562 3169 708 3236 ipsos
731 3169 988 3221 continua
1019 3168 1362 3223 successione
1411 3178 1745 3231 manaverat,
1778 3170 1940 3226 multa
1974 3171 2025 3224 itt

2137 3167 2300 3238 δοχῆς
2340 3167 2447 3219 τῶν
2494 3168 2804 3221 ἀποστόλων
2841 3169 2963 3239 περὶ
2994 3168 3087 3220 τοῦ
3124 3170 3311 3239 Πάσχα
3355 3169 3706 3241 παραδόσεως

460 3259 581 3311 suis
606 3258 803 3311 litteris
828 3258 1221 3321 disseruerunt,
1259 3258 1472 3334 tandem
1496 3259 1562 3312 ad
1591 3260 1755 3314 finem
1787 3260 2030 3330 epistolae

469 3351 555 3406 his
584 3360 810 3404 utuntur
839 3352 1023 3405 verbis
1051 3369 1064 3405 :
1097 3368 1116 3403 ι
1154 3350 1286 3406 Date
1321 3366 1542 3420 operam
1582 3361 1641 3405 ut
1668 3352 1910 3422 epistolae
1934 3369 2029 3408 no-

465 3452 594 3496 strte
624 3440 950 3510 exemplaria
978 3456 1073 3511 per
1099 3458 1288 3497 omnes
1317 3442 1591 3498 Ecclesias
1623 3443 1929 3507 mittantur,
1958 3459 2027 3498 ne

466 3532 627 3587 nobis
656 3531 861 3586 crimen
890 3533 1153 3600 itnputent
1182 3532 1272 3600 qui
1306 3532 1514 3587 animas
1545 3546 1669 3586 suas
1709 3547 1738 3585 a
1770 3540 1917 3587 recto
1939 3548 2030 3587 ve-

469 3625 646 3681 ritatis
707 3627 921 3680 tramite
967 3623 1125 3678 facile
1180 3625 1478 3678 abducunt.
1519 3623 1649 3678 Illud
1680 3624 1843 3677 etiam
1878 3625 2031 3678 vobis

469 3717 880 3788 significamus,
938 3720 1128 3771 eodem
1192 3732 1298 3786 quo
1340 3716 1480 3786 apud
1532 3730 1629 3770 nos
1681 3715 1769 3769 die
1824 3713 2028 3769 Pascha

469 3811 814 3867 Alexandriae
838 3810 1121 3866 celebrari.
1155 3810 1199 3863 A
1231 3809 1386 3864 nobis
1417 3809 1559 3862 enim
1595 3808 1662 3862 ad
1698 3807 1839 3872 illos,
1870 3817 1923 3861 et
1948 3808 2030 3861 vi~

468 4002 520 4057 id
555 4014 660 4055 non
694 3998 842 4064 dicit,
869 3998 974 4053 nisi
1001 3998 1137 4051 forte
1163 4012 1229 4050 ex
1260 3996 1509 4049 versione
1536 3995 2029 4063 Christcphorsoni.

468 4073 578 4126 lloc
603 4081 809 4124 tantum
865 4071 937 4122 ait
990 4068 1239 4126 Ire-naeus,
1271 4083 1391 4121 cuin
1446 4066 1772 4136 Polycarptts
1808 4066 2030 4119 Romam

467 4143 703 4196 venisset
740 4140 948 4193 Aniceti
984 4138 1405 4205 temporibtts,et
1442 4136 1583 4188 leves
1623 4138 1879 4202 quasdam
1910 4153 2029 4187 ('lltll

468 4214 558 4267 illo
597 4214 662 4265 de
704 4211 823 4263 aliis
869 4208 1030 4261 rebus
1080 4206 1477 4259 controversias
1515 4206 1806 4263 habuisset.
1841 4208 2033 4258 ambos

470 4294 648 4336 tamen
679 4280 822 4333 illico
853 4293 1036 4346 pacein
1067 4278 1206 4330 inter
1231 4292 1288 4330 se
1331 4275 1542 4338 fecisse,
1577 4275 1730 4346 aede
1760 4274 1898 4327 festo
1931 4275 2032 4327 Pa-

467 4357 614 4406 sehae
668 4343 906 4403 noluisse
938 4348 1079 4399 inter
1118 4362 1176 4399 se
1222 4347 1571 4399 contendere.
1606 4343 1722 4397 Non
1775 4346 1935 4413 igitur
1960 4349 2030 4400 ob

467 4423 815 4500 (Illtl‘SllUIICIll
852 4419 1081 4505 dentesto
1110 4415 1349 4479 Pascha),
1377 4416 1468 4468 sed
1501 4415 1588 4505 Iob.
1605 4416 1741 4466 alias
1769 4416 2028 4505 quasdam
2063 4447 2107 4505 υ

467 4484 865 4546 controversias
914 4489 1135 4542 Romani
1198 4495 1425 4540 venerat
1499 4484 1843 4555 Polycarpus.
1905 4486 2031 4539 Scio

470 4563 853 4627 llierottytttum
887 4559 938 4611 in
971 4557 1103 4610 libro
1141 4556 1218 4627 De
1244 4558 1423 4623 script.
1469 4554 1622 4616 εεειέ,
1662 4554 1875 4627 Βιιιωιίἱ
1906 4573 2028 4609 sen-

469 4624 691 4685 tentiain
742 4632 1089 4684 confirmare.
1135 4626 1226 4680 Sic
1282 4628 1424 4680 enim
1465 4627 1541 4695 ait
1575 4628 1641 4678 de
1693 4624 2028 4695 l’olycarpo:

468 4701 575 4757 Hic
601 4714 811 4772 propter
853 4697 1115 4772 quosdam
1137 4712 1295 4772 super
1332 4698 1423 4772 ilic
1476 4693 1689 4749 Pascha:
1718 4693 2030 4772 quit-stiones

463 4775 563 4827 sub
595 4765 720 4840 imp.
752 4765 1017 4823 Antonino
1052 4766 1172 4840 Pio,
1215 4765 1505 4840 Ecclesium
1558 4777 1760 4840 regente
1793 4768 2029 4840 Aniceto,

470 4837 692 4896 Romani
719 4843 870 4895 venit.
914 4840 988 4892 lla
1024 4839 1183 4890 etiam
1221 4837 1484 4891 Eusebius
1515 4846 1700 4889 noster
1737 4838 1786 4889 itt
1821 4838 1916 4891 lib.
1954 4851 2026 4899 tv,

470 4928 588 4982 cap.
626 4913 681 4966 4.
728 4913 834 4966 Sed
882 4923 1002 4982 cum
1040 4907 1399 4982 Hieronymus
1434 4908 1485 4961 id
1520 4923 1585 4960 ex
1628 4907 1854 4982 lt'usebio
1879 4922 2027 4982 sum-

468 4976 637 5052 pserit
663 5022 678 5046 ,
720 4981 979 5034 Eusebius
1031 4992 1211 5052 autent
1247 4976 1347 5052 ex
1377 4976 1612 5052 ll‘elllU0,_
1653 4978 2026 5052 inquirendum

464 5046 550 5108 est
588 5067 617 5104 a
651 5052 832 5108 nobis,
862 5065 964 5100 non
1001 5048 1127 5114 quid
1156 5048 1417 5103 Eusebius
1443 5047 1640 5100 dixerit
1672 5046 1735 5100 ac
1767 5046 2030 5116 Hierony-

465 5138 608 5184 mus,
641 5123 732 5175 setl
761 5120 937 5185 potius
976 5120 1102 5185 quid
1141 5118 1369 5172 senserit
1401 5117 1649 5170 Irettteus.

537 5191 647 5260 (89)
687 5186 1112 5257 Παρεχώρησεν
1163 5192 1194 5242 ό
1258 5187 1553 5255 Ἀνίκητος
1615 5186 1729 5260 τὴν
1754 5187 2029 5260 “Erizam-

466 5255 666 5316 στῖακ.
698 5255 850 5313 llu‘nc'
897 5255 1152 5313 honorem
1183 5260 1440 5311 Anicetus
1485 5259 1718 5325 pontifex
1753 5255 2028 5311 Romanus

468 5333 659 5385 habuit
690 5330 981 5384 venerabili
1014 5331 1128 5383 seni
1155 5328 1470 5397 Polycarpo,
1512 5339 1565 5379 ut
1590 5328 1737 5380 illum
1767 5330 1817 5379 in
1843 5327 2028 5379 Eccle—

466 5401 547 5456 sia
590 5417 740 5456 sacra
792 5402 970 5454 facere
1011 5403 1231 5457 sineret.
1257 5407 1306 5451 et
1374 5398 1587 5466 quidem
1637 5407 1900 5466 przcsente
1942 5412 2022 5462 se,

465 5474 610 5538 quod
644 5474 697 5525 in
722 5472 912 5540 primis
958 5472 1250 5523 notandum
1279 5478 1381 5521 est.
1428 5469 1516 5523 Sic
1560 5467 1745 5540 lreinei
1773 5470 1936 5540 verba
1972 5478 2026 5520 et

469 5535 696 5595 Rufinus
722 5535 778 5596 et
802 5542 979 5594 ett-teri
1001 5543 1324 5608 interpretes
1353 5548 1692 5607 acceperunt.
1718 5539 1822 5592 Sed
1852 5535 2024 5591 Frau-

467 5616 643 5666 ciseus
662 5612 907 5678 Floreus,
927 5623 1235 5666 antecessor
1266 5609 1689 5671 Aurelianensis,
1706 5611 1784 5662 vir
1812 5609 2023 5673 doetus,

467 5694 516 5736 et
546 5683 703 5736 nobis
735 5683 860 5735 dum
890 5684 1025 5737 vixit
1047 5680 1410 5735 amicissimus
1431 5718 1445 5743 ,
1487 5680 1600 5733 haec
1634 5680 1814 5733 lrcuaci
1858 5683 2024 5732 verba

468 5753 627 5809 aliter
649 5752 987 5822 intelligenda
1016 5766 1135 5809 esse
1178 5753 1453 5809 contendit
1480 5750 1534 5807 in
1581 5758 1812 5807 tractatu
1841 5752 1906 5805 ad
1955 5750 2022 5805 ti~

2134 3259 2357 3311 πλεῖστα
2387 3258 2736 3330 διειληφότες,
2779 3260 2920 3313 κατά
2946 3261 3005 3313 τὸ
3035 3260 3183 3325 τέλος
3226 3263 3324 3332 τῆς
3353 3262 3576 3334 γραφῆς
3604 3262 3704 3315 αὑ·-

2133 3349 2243 3409 τοῖς
2271 3347 2507 3418 ῥήμασιν
2539 3348 2842 3418 ἐπιλέγουσι
2886 3348 3089 3402 ταῦτα’
3130 3369 3147 3399 t
3190 3350 3300 3420 Τῆς
3331 3350 3373 3403 δ’
3417 3352 3705 3424 ἐπιστολῆς

2133 3438 2289 3509 ἡμῶν
2318 3439 2611 3512 πειράθητε
2645 3442 2785 3495 κατά
2819 3444 2997 3495 πᾶσαν
3044 3441 3367 3514 Ἐκκλησίαν
3394 3443 3707 3514 ἀντίγραφα

2134 3530 2558 3602 διαπέμψασθαι,
2612 3535 2758 3598 ὅπως
2812 3536 2884 3606 μὴ
2939 3536 3109 3607 ἔνοχοι
3153 3530 3300 3606 ὦμεν
3345 3539 3459 3597 τοῖς
3509 3537 3710 3608 ῥᾳδίως

2137 3622 2411 3676 πλανὼσιν
2450 3624 2657 3677 ἑαυτῶν
2690 3625 2786 3689 τὰς
2823 3627 3019 3697 ψυχάς.
3053 3627 3330 3699 Δηλοῦμεν
3371 3629 3427 3682 δὲ
3468 3630 3597 3700 ὑμῖν
3624 3632 3708 3685 ὅτι

2136 3719 2201 3787 τῇ
2235 3716 2369 3787 αὐτῇ
2403 3717 2584 3788 ἡμέρᾳ
2618 3718 2710 3771 καὶ
2751 3720 2808 3770 ὲν
2855 3720 3222 3793 Ἀλεξανδρείᾳ
3267 3721 3513 3790 ἄγουσιν,
3560 3717 3707 3796 ᾗπερ

2137 3806 2232 3861 καὶ
2260 3809 2436 3878 ἡμεῖς.
2468 3808 2604 3879 Παρ⁹
2658 3809 2812 3880 ἡμῶν
2841 3809 2950 3881 γὰρ
2979 3810 3048 3863 τὰ
3084 3813 3385 3883 γράμματα
3413 3813 3522 3882 (90)
3550 3815 3709 3886 κομίο

2137 3994 2303 4047 tulum
2336 3993 2367 4046 7
2399 3991 2754 4047 Decretaliutn
2790 3994 2863 4046 De
2900 3995 3247 4047 translatione
3290 3994 3537 4059 episcopi.
3578 3994 3705 4050 Vult

2134 4065 2275 4116 etiitn
2326 4064 2608 4117 Anicetum
2658 4066 2964 4132 porrexisse
3009 4067 3269 4117 duntaxat
3306 4064 3702 4118 Eucliaristialn

2133 4133 2452 4202 Polycarpo,
2490 4149 2592 4188 non
2658 4146 2835 4186 autem
2901 4135 3234 4189 concessisse
3274 4134 3345 4185 illi
3389 4132 3479 4199 jus
3546 4150 3702 4188 sacra

2134 4205 2388 4274 mysteria
2425 4204 2751 4256 celebrandi.
2787 4205 2978 4257 Verum
3032 4206 3075 4258 si
3133 4207 3270 4257 hunc
3307 4204 3492 4274 Irenari
3524 4204 3700 4274 locum

2132 4272 2207 4327 ita
2241 4274 2610 4339 intelligimus,
2640 4275 2768 4341 quid
2803 4274 3028 4328 honoris
3066 4275 3324 4327 lrihtitutn
3351 4272 3509 4344 fuerit
3539 4273 3701 4344 Poly-

2131 4359 2293 4412 Carpo
2318 4348 2384 4399 ah
2409 4345 2635 4397 Aniccto
2658 4346 2680 4397 ?
2704 4344 2984 4397 lloceniin
3034 4347 3234 4398 diserte
3269 4353 3417 4396 uolat
3444 4343 3697 4409 lreuants,

2138 4426 2249 4466 tttttt
2287 4415 2375 4468 illo
2413 4414 2576 4466 verbo
2607 4412 2987 4486 παρεχώρησε,
3017 4416 3156 4483 quod
3186 4417 3252 4467 de
3294 4429 3389 4467 suo
3416 4413 3537 4479 jure
3580 4430 3703 4468 cou-

2134 4487 2326 4538 cederc
2393 4485 2655 4549 significat
2699 4500 2713 4549 ;
2763 4498 2871 4536 ttnn
2922 4487 3025 4539 illis
3086 4486 3267 4538 verbis
3330 4498 3449 4551 qua:
3511 4485 3697 4549 addit,

2132 4555 2250 4607 κατ’
2279 4553 2543 4624 ἐντροπὴν
2574 4553 2834 4621 δηλονότι,
2872 4555 2923 4608 Id
2949 4565 3049 4619 est,
3075 4556 3288 4608 honoris
3307 4571 3467 4606 causa
3499 4564 3545 4608 et
3577 4571 3700 4608 con-

2133 4625 2494 4693 templatione,
2530 4635 2593 4693 ut
2618 4630 2779 4678 vertit
2837 4626 3081 4679 Rufinus.
3146 4626 3303 4677 Certe
3352 4626 3395 4676 si
3438 4624 3702 4678 Euchari-

2131 4696 2287 4765 stiam
2330 4704 2534 4765 tantum
2582 4692 2877 4764 Polyearpo
2915 4696 3246 4765 porrexisset
3266 4695 3543 4758 Anicetus,
3581 4695 3701 4747 ltui-

2132 4764 2237 4816 lutn
2261 4766 2307 4817 ei
2340 4764 2663 4831 pt'aicipttutn
2683 4764 2937 4820 honorem
2962 4766 3263 4827 detulisset,
3294 4781 3412 4817 eum
3437 4766 3687 4819 omnibus

2131 4836 2427 4904 peregrinis
2484 4837 2751 4903 episcopis
2809 4838 2860 4890 id
2922 4836 3121 4905 passim
3165 4836 3327 4887 tribui
3375 4833 3595 4897 soleret,
3640 4847 3694 4888 ut

2130 4920 2249 4958 cum
2296 4905 2548 4973 episcopo
2612 4906 2852 4960 civitatis
2924 4904 3118 4956 ’sitnul
3188 4906 3695 4967 cititmunicarettt,

2129 4979 2576 5044 quemadmodum
2622 4976 2808 5029 scribit
2847 4977 2959 5045 ipse
2986 4974 3209 5028 Floretts
3251 4975 3470 5027 ibidem.
3503 4977 3610 5027 Sed
3644 4986 3698 5028 et

2132 5047 2184 5098 itt
2212 5045 2445 5099 concilio
2472 5046 2797 5108 Arelatensi,
2831 5048 3008 5114 capite
3054 5045 3141 5108 50,
3177 5048 3455 5097 decretum
3497 5056 3610 5110 est,
3641 5056 3698 5098 ut

2128 5117 2411 5184 peregrino
2435 5116 2690 5184 episeopo
2719 5116 2865 5169 locus
2893 5116 3232 5169 sacrificandi
3270 5119 3447 5169 detur.

2199 5183 2311 5253 (‘90;
2351 5183 2503 5253 Vulg.
2533 5185 2668 5252 παρ’
2683 5184 2850 5254 ἡμῶν
2867 5185 2933 5238 δὲ
2962 5185 3033 5238 τὰ
3064 5184 3387 5255 γράμματα.
3414 5184 3503 5237 Sic
3521 5199 3585 5237 ex
3605 5199 3698 5238 co-

2128 5257 2245 5312 dice
2274 5256 2439 5324 Regio
2455 5258 2620 5309 edidit
2647 5255 2781 5309 liob.
2809 5257 3133 5318 Stephanus.
3162 5260 3214 5307 lit
3236 5259 3418 5308 codice
3443 5255 3698 5309 Medicam

2128 5328 2360 5397 legitur,
2393 5325 2704 5397 παρ’ήμῶν
2755 5342 2815 5377 τε
2864 5326 2935 5379 τὰ
2978 5327 3302 5397 γράμματα.
3358 5324 3696 5397 Niccpltoros

2126 5393 2253 5450 vero
2284 5396 2335 5449 in
2396 5393 2513 5464 cap.
2538 5393 2607 5450 56
2667 5397 2786 5449 libri
2833 5411 2885 5450 tv
2927 5393 3103 5458 habet,
3132 5393 3262 5467 παρ’
3292 5393 3448 5467 ήμῷν
3478 5396 3595 5467 γὰρ
3626 5394 3695 5449 τὰ

2126 5467 2446 5538 γράμματα,
2484 5478 2645 5536 atque
2669 5467 2748 5519 ‘ita
2776 5468 2949 5521 codex
2976 5465 3298 5538 Mazariniis,
3316 5465 3458 5519 l‘ttk.
3491 5480 3539 5519 et
3566 5465 3691 5538 εον.

2127 5536 2500 5604 ltitetttguntur
2526 5549 2702 5593 autem
2734 5538 2819 5593 hic
2856 5538 3048 5591 litteme
3083 5536 3552 5604 Pascliales,qnas
3575 5536 3696 5605 ἑορ·

2124 5609 2385 5672 ταστικας
2411 5612 2696 5662 vocabant.
2722 5610 2986 5661 Carterum
3020 5610 3133 5675 ejus
3160 5607 3349 5676 synodi
3389 5607 3694 5660 Caesarien-

2125 5680 2199 5732 sis
2246 5692 2366 5732 acta
2411 5680 2654 5747 tiuazdam
2685 5688 2898 5732 exstant
2940 5680 3078 5746 apud
3127 5678 3322 5731 liedain
3351 5676 3403 5729 in
3432 5677 3578 5747 libre
3617 5676 3694 5729 De

2129 5749 2326 5805 cernuli
2358 5746 2693 5819 teq'uinoctio;
2725 5764 2845 5820 quae
2876 5749 3004 5804 licet
3042 5763 3071 5803 a
3110 5747 3378 5803 nonnullis
3408 5746 3691 5817 illegititna
