4012 6256
241 340 338 395 5ιῦ

1280 329 1623 388 HISTORIA;
1662 326 2220 383 ECCLESIASTICE
2260 325 2391 380 LIB.
2433 323 2499 379 V.

3404 325 3507 379 5H

242 457 340 528 χῆς
378 455 487 509 ὑπὸ
513 454 731 510 πιστῶν
767 456 1059 527 γραφεῖσαι
1089 452 1221 523 (99),
1255 452 1347 506 τὸν
1381 453 1553 520 Λόγον
1572 451 1666 504 τοῦ
1700 449 1836 503 Θεοῦ

1949 450 2062 519 quis
2094 457 2176 504 est
2207 451 2299 517 qui
2324 448 2536 518 ignoret
2566 486 2580 512 ,
2614 446 2668 501 in
2697 448 2896 516 quibus
2924 445 3199 502 Christum
3236 446 3402 502 Deum
3433 451 3508 503 si.

241 550 337 602 τὸν
377 547 619 616 Χριστὸν
661 547 892 619 ὑμνοῦσι
934 544 1325 615 θεολογυῦντες.
1368 546 1493 608 Πῶς
1523 539 1614 597 οὖν
1654 545 1717 596 ὲκ
1749 560 1836 595 το-

250 642 457 696 σούτων
504 641 645 692 ὲτων
689 638 1192 710 καταγγελλομένω
1234 638 1328 691 τοῦ
1376 633 1833 708 ὲκκλησιαστικοῦ

248 734 620 806 φρονήματος,
676 731 946 803 ἐνδέχεται
986 732 1114 794 τοὺς
1163 730 1324 802 μέχρι
1375 730 1632 800 Βίκτορος
1662 728 1835 791 οὓτως

254 823 333 885 ὡς
360 817 503 876 οὗτοι
534 821 777 889 λέγουσι,
806 820 1204 893 κεκηρυχέναι;
1233 821 1348 883 πῶς
1367 819 1424 873 δὲ
1445 820 1545 872 οὐκ
1564 817 1833 872 αἰδοῦνται

255 908 435 967 ταῦτα
464 910 723 980 Βίκτορος
746 906 1195 978 καταψεύδεσθαι,
1230 905 1473 978 ἀκριϐῶς
1495 905 1716 968 εἰδότες,
1754 905 1833 956 ὅτι

257 1004 478 1076 Βίκτωρ
502 1003 594 1056 τὸν
622 1001 823 1055 σκυτέα
845 1000 1116 1062 Θεόδοτον,
1132 999 1221 1052 τὸν
1238 998 1477 1070 ἀρχηγὸν
1503 998 1597 1052 καὶ
1625 996 1837 1066 πατέρα

256 1097 469 1168 ταύτης
504 1098 602 1168 τῆς
632 1094 954 1167 ἀρνησιθέου
987 1092 1341 1156 ἁποστασίας,
1383 1088 1698 1162 ἀπεκήρυξε
1737 1090 1836 1160 τῆς

260 1188 567 1251 κοινωνίας,
597 1186 811 1257 πρῶτον
844 1185 1065 1238 εἰπόντα
1090 1183 1243 1254 ψιλὸν
1267 1182 1550 1253 ἄνθρωπον
1577 1181 1668 1234 τὸν
1700 1182 1836 1251 Χρι-

258 1280 423 1345 στὸν;
459 1279 524 1332 El
553 1277 660 1349 γὰρ
696 1276 910 1347 Βίκτωρ
944 1276 1062 1328 κατ’
1095 1274 1291 1337 αὐτοὺς
1322 1272 1494 1337 οὕτως
1520 1273 1735 1344 ἐφρόνει
1760 1271 1835 1334 ὡς

254 1376 290 1443 ἡ
317 1372 525 1425 τούτων
547 1370 785 1424 διδάσκει
813 1367 1149 1440 βλασφημία,
1179 1365 1297 1426 πῶς
1322 1365 1389 1419 ἂν
1410 1364 1675 1418 ἀπέϐαλλε
1699 1364 1837 1436 (99‘)

255 1463 519 1517 Θεόδοτον
560 1462 650 1515 τὸν
684 1462 785 1531 τῆς
821 1460 1083 1531 αἱρέσεως
1120 1456 1324 1528 ταύτης
1363 1457 1618 1528 εύρετήν;
1671 1475 1689 1509 ›
1728 1457 1839 1509 Καὶ

255 1560 329 1612 τὰ
376 1557 477 1628 μὲν
514 1554 654 1609 κατά
690 1554 781 1607 τὸν
819 1552 1053 1622 Βίκτορα
1082 1548 1326 1605 τοιαῦτα.
1369 1551 1573 1603 Τούτου
1600 1550 1657 1603 δὲ
1692 1548 1838 1601 ἕτεσι

257 1649 397 1701 δέκα
426 1645 755 1718 προστάντος
781 1644 881 1715 τῆς
928 1641 1286 1713 λειτουργίας,
1320 1640 1564 1712 διάδοχος
1591 1640 1839 1695 καθίστα-

256 1758 353 1794 ται
394 1741 705 1812 Ζεφυρῖνος,
742 1737 885 1808 ἀμφὶ
912 1734 973 1787 τὸ
1001 1733 1217 1786 ἔννατον
1256 1734 1355 1804 τῆς
1399 1733 1639 1805 Σεϐήρου
1689 1732 1840 1803 βασι-

1940 539 2053 595 mul
2098 548 2260 608 atque
2307 538 2580 593 hominem
2616 537 3024 608 praedicarunt?
3056 536 3260 592 Psalmi
3291 552 3508 609 quoque

1940 643 1993 688 et
2020 633 2231 688 cantica
2258 631 2490 686 fratrum
2535 630 2648 701 jam
2680 629 2887 699 pridem
2916 644 2945 683 a
2990 628 3239 684 ﬁdelibus
3268 631 3511 684 conscri-

1938 734 2030 795 pta
2056 764 2072 791 ,
2105 723 2382 779 Christum
2417 720 2645 777 Verbum
2680 720 2773 775 Dei
2799 718 3201 786 concelebrant,
3254 720 3510 774 divinita-

1939 827 2048 872 tem
2081 817 2129 872 ei
2162 816 2471 871 tribuendo.
2504 812 2637 869 Cum
2666 811 2832 882 igitur
2877 820 2956 865 tot
2991 811 3189 865 ahhinc
3212 810 3371 865 annis
3415 826 3508 866 ec-

1937 906 2239 962 clesiastica
2267 904 2512 962 doctrina
2551 902 2846 973 praedicata
2869 901 2959 967 sit,
2982 901 3077 972 qui
3107 900 3223 955 fieri
3255 911 3431 971 potest
3451 912 3512 958 ut

1937 1013 2125 1055 omnes
2169 1012 2342 1069 usque
2390 997 2459 1052 ad
2493 994 2733 1052 Victoris
2764 1003 3007 1064 tempora
3058 1009 3177 1049 eam
3228 1009 3390 1064 quam
3421 994 3509 1049 isti

1938 1092 2124 1147 dicunt
2171 1090 2476 1145 doctrinam
2524 1085 3043 1158 promulgaverint?
3087 1086 3368 1153 Quomodo
3416 1101 3511 1141 eos

1939 1199 2045 1238 non
2072 1182 2237 1253 pudet
2268 1180 2570 1249 hujusmodi
2598 1177 2926 1233 calumniam
2958 1178 3218 1234 adversus
3235 1179 3507 1234 Victorem

1939 1274 2271 1331 concinnare
2299 1313 2314 1339 ,
2348 1287 2472 1329 cum
2519 1282 2669 1328 certo
2714 1272 2889 1326 sciant
2937 1268 3275 1326 Theodotum
3318 1269 3510 1325 Ceria-

1940 1367 2103 1431 rium,
2136 1366 2226 1436 qui
2257 1363 2575 1420 defectionis
2604 1363 2752 1418 illius
2776 1364 2943 1418 Deum
2967 1362 3287 1433 abnegantis
3310 1376 3514 1431 parens

1939 1467 1994 1513 et
2021 1467 2215 1513 auctor
2240 1457 2363 1522 fuit,
2396 1456 2711 1526 primusque
2734 1455 3012 1510 Christum
3037 1454 3238 1507 nudum
3265 1468 3384 1509 esse
3409 1454 3509 1507 ho-

1939 1545 2138 1598 minem
2173 1544 2451 1609 asseruit,
2488 1557 2584 1612 per
2625 1542 2895 1597 Victorem
2929 1557 2957 1596 a
2989 1541 3365 1596 communione
3394 1541 3501 1597 Ec-

1940 1633 2120 1689 clesia:
2152 1630 2383 1701 ejectum
2440 1630 2629 1687 fuisse.
2680 1631 2812 1685 Nam
2862 1630 2951 1694 si,
2983 1639 3045 1684 ut
3080 1630 3276 1698 aiunt,
3323 1629 3515 1687 Victor

1940 1725 2129 1780 eadem
2166 1724 2436 1780 sentiebat
2481 1739 2600 1793 quae
2636 1722 2850 1778 illorum
2901 1723 3057 1777 docet
3093 1722 3343 1792 impietas
3367 1764 3382 1788 ,
3415 1738 3514 1778 cur

259 1832 415 1896 λείας
438 1799 575 1895 ἔτος.
613 1799 941 1901 Προστίθησι
971 1824 1028 1877 δὲ
1074 1826 1103 1877 ό
1131 1824 1191 1876 τὸ
1224 1799 1619 1896 προειρημένον
1643 1799 1837 1877 συντὰ-

1949 1814 2280 1869 Theodotum
2312 1814 2583 1884 opinionis
2636 1814 2781 1869 illius
2821 1821 3098 1868 auctorem
3152 1814 3219 1867 ab
3273 1812 3513 1868 Ecclesia

262 1924 362 1987 ξας
398 1922 523 1993 περὶ
560 1920 653 1974 τοῦ
689 1919 1053 1990 κατάρξαντος
1093 1917 1191 1985 τῆς
1226 1916 1555 1987 δηλωθείσης
1579 1915 1841 1987 αἱρέσεως

267 2015 493 2084 βιϐλίον,
518 2014 610 2067 καὶ
635 2013 800 2084 ἄλλην
818 2009 960 2064 κατά
983 2011 1276 2079 Ζεφυρῖνον
1301 2010 1596 2079 γενομένην
1620 2008 1838 2079 πρᾶξιν,

265 2103 372 2161 ὧδέ
400 2125 518 2171 πως
550 2108 731 2166 αὐτοῖς
760 2106 964 2176 ῥήμασι
985 2104 1243 2177 γράφων·
1293 2121 1311 2155 ι
1352 2101 1685 2173 ’Υπομνήσω
1711 2099 1842 2169 γοῦν

266 2200 496 2265 πολλοὺς
520 2197 627 2252 τῶν
655 2196 895 2267 ἀδελφῶν
924 2198 1153 2270 πρᾶγμα
1178 2196 1261 2266 ἐφ’
1295 2194 1451 2267 ἡμῶν
1474 2193 1782 2264 γενόμενον,
1814 2190 1845 2244 δ

265 2290 474 2363 νομίζω
503 2291 586 2343 ὃτι
617 2290 664 2341 εἰ
690 2289 748 2341 ὲν
784 2286 1038 2360 Σοδόμοις
1067 2286 1330 2355 ἐγεγόνει,
1360 2283 1522 2356 τυχὸν
1561 2282 1627 2336 ἂν
1658 2280 1845 2337 κάκεί-

265 2401 392 2447 νους
419 2380 757 2453 ἐνουθέτησε.
799 2380 1069 2443 Νατάλιος
1093 2374 1162 2450 ῆν
1192 2394 1278 2441 τις
1302 2375 1379 2448 (l)
1417 2373 1755 2447 ὁμολογητὴς
1779 2372 1843 2425 ού

267 2474 456 2536 πάλαι,
510 2472 621 2527 ἀλλ’
662 2473 756 2525 ἐπὶ
797 2471 905 2525 τῶν
949 2470 1231 2542 ἡμετέρων
1278 2468 1566 2539 γενόμενος
1614 2464 1840 2538 καιρῶν.

268 2562 438 2628 Οὗτος
475 2563 728 2636 ἠπατήθη
762 2563 891 2617 ποτὲ
924 2562 1028 2615 ὑπὸ
1068 2560 1512 2632 Ἀσκληπιοδότου
1541 2559 1635 2612 καὶ
1659 2560 1843 2631 ἑτέρου

271 2656 529 2709 Θεοδότου
583 2654 725 2718 τινὸς
760 2651 1109 2725 τραπεζίτου.
1155 2649 1336 2707 Ἷὶσαν
1377 2652 1435 2705 δὲ
1482 2644 1627 2705 οὗτοι
1679 2649 1845 2721 ἄμφω

270 2746 525 2800 Θεοδότου
548 2743 641 2799 τοῦ
666 2745 908 2808 σκυτέως
936 2744 1193 2815 μαθηταὶ,
1215 2744 1309 2798 τοῦ
1331 2742 1544 2816 πρώτου
1567 2743 1660 2796 ἐπὶ
1674 2740 1847 2814 ταύτῃ

271 2842 337 2909 τῇ
375 2838 655 2909 φρονήσει,
687 2835 881 2907 μᾶλλον
913 2835 969 2888 δὲ
994 2834 1295 2908 ἀφροσύνῃ,
1330 2833 1714 2906 ἀφορισθέντος
1743 2832 1845 2903 τῆς

273 2929 560 2991 κοινωνίας
604 2927 708 2980 ὑπὸ
736 2927 1011 2998 Βίκτορος,
1058 2926 1132 2989 ὡς
1166 2926 1319 2995 ἔφην,
1359 2924 1452 2977 τοῦ
1484 2924 1603 2978 τότε
1632 2923 1848 2978 ἐπισκό-

274 3039 398 3074 που.
440 3019 757 3089 Ἀνεπείσθη
792 3019 847 3072 δὲ
870 3020 898 3071 ό
925 3017 1188 3080 Νατάλιος
1224 3016 1312 3069 ὑπ’
1344 3014 1522 3070 αὐτῶν
1565 3015 1657 3069 ἐπὶ
1690 3015 1849 3070 σαλα-

278 3114 379 3188 ρίῳ
422 3115 718 3176 ἐπίσκοπος
744 3096 1020 3182 ¹κληθῆναι
1063 3110 1140 3181 (2)
1178 3108 1380 3180 ταύτης
1420 3108 1521 3178 τῆς
1564 3108 1844 3177 αἱρέσεως,

277 3210 418 3263 ὥστε
443 3207 742 3279 λαμϐάνειν
782 3205 910 3277 παρ’
940 3203 1117 3259 αὐτῶν
1151 3206 1372 3274 μηνιαῖα
1400 3200 1629 3272 δηνάρια
1658 3199 1849 3255 ἑκατὸν

278 3300 634 3371 πεντήκοντα.
667 3295 957 3366 Γενόμενος
987 3290 1078 3347 οὖν
1106 3295 1201 3347 σὺν
1230 3294 1433 3357 αὐτοῖς,
1461 3290 1527 3344 δι’
1560 3292 1852 3363 δραμάτων

280 3392 543 3454 πολλάκις
588 3389 917 3442 ὲνουθετεῖτο
959 3387 1065 3440 ὑπὸ
1101 3385 1194 3439 τοῦ
1232 3384 1457 3454 Κυρίου.
1514 3384 1572 3437 '0
1613 3383 1723 3457 γὰρ
1760 3381 1852 3436 εῦ-

285 3483 588 3551 σπλαγχνος
633 3478 764 3542 Θεὸς
792 3479 885 3531 καί
910 3474 1113 3547 Κύριος
1155 3474 1311 3545 ἡμῶν
1350 3472 1555 3545 Ἰησοῦς
1595 3471 1850 3545 Χριστὸς,

281 3577 379 3629 οὐκ
412 3574 666 3628 ἐϐούλετο
710 3571 814 3637 ἔξω
855 3567 1179 3638 Ἐκκλησίας
1217 3566 1527 3637 γενόμενον,
1559 3563 1852 3619 ἀπολέσθαι

287 3668 541 3739 μάρτυρα
582 3664 690 3718 τῶν
736 3663 880 3715 ἰδίων
931 3660 1136 3715 παθῶν.
1191 3659 1344 3735 Ἑπεί
1382 3658 1439 3711 δὲ
1487 3656 1853 3729 ῥᾳθυμότερον

287 3765 395 3824 τοῖς
443 3759 684 3832 δράμασι
738 3756 1017 3826 προσεῖχε,
1061 3749 1447 3821 δελεαζόμενος
1492 3752 1559 3821 τῇ
1611 3767 1669 3801 τε
1723 3748 1852 3820 παρ’

286 3856 466 3916 αὐτοῖς
494 3847 961 3922 πρωτοκαθεδρίᾳ,
994 3845 1090 3899 καὶ
1114 3847 1178 3915 τῇ
1211 3843 1493 3907 πλείστους
1516 3840 1865 3911 ἀπολλυούσῃ

285 3942 721 4017 αἰσχροκερδείᾳ,
759 3940 1065 3993 τελευταῖον
1111 3938 1215 3991 ὑπὸ
1247 3937 1416 4006 ἁγίων
1444 3935 1689 4005 ἀγγέλων
1722 3936 1856 4005 ὲμα-

286 4035 549 4105 στιγώθη,
590 4034 657 4086 δι’
690 4031 817 4104 ὅλης
838 4031 942 4101 τῆς
974 4029 1167 4091 νυκτὸς
1192 4029 1253 4081 οὐ
1294 4026 1540 4099 σμικρῶς
1569 4025 1852 4090 αἰκισθείςο

283 4131 423 4182 ὥστε
452 4127 623 4181 ἔωθεν
660 4124 977 4194 ἀναστῆναι,
1004 4123 1097 4175 καὶ
1132 4120 1489 4191 ὲνδυσάμενον
1516 4119 1738 4183 σάκκον,
1763 4119 1856 4172 καὶ

286 4222 480 4276 σποδὸν
530 4218 1005 4288 καταπασάμενον,
1055 4214 1192 4286 μετά
1239 4212 1440 4281 πολλῆς
1482 4210 1716 4280 σπουδῆς
1765 4211 1857 4264 καὶ

282 4313 533 4387 δακρύων
569 4313 899 4384 προσπεσεῖν
934 4308 1212 4379 Ζεφυρίνῳ
1237 4306 1312 4377 τῷ
1340 4304 1641 4373 ὲπισκόπῳ,
1678 4301 1858 4355 κυλιό-

286 4426 445 4478 μενον
489 4406 595 4459 ύπὸ
640 4405 765 4467 τοὺς
800 4402 963 4465 πόδας
1008 4402 1067 4454 ού
1099 4400 1255 4469 μόνον
1298 4397 1405 4451 τῶν
1431 4398 1488 4449 ἐν
1528 4395 1605 4467 τῷ
1648 4394 1853 4466 κλήρῳ,

1946 1905 2222 1961 removit?
2256 1925 2275 1958 ι
2302 1905 2383 1960 Ae
2413 1906 2481 1960 de
2503 1903 2725 1960 Victore
2756 1904 2973 1974 quidem
3001 1903 3086 1973 _ita
3115 1918 3173 1959 se
3209 1917 3296 1957 res
3329 1904 3513 1959 habet.

1946 1998 2047 2063 Qui
2081 2013 2203 2053 cum
2234 2000 2422 2053 decem
2458 1996 2617 2052 annis
2672 1996 3033 2052 sacerdotium
3066 1995 3515 2059 administrasset,

1946 2089 2288 2162 Zephyrinus
2318 2089 2366 2145 ei
2398 2101 2688 2145 successor
2712 2086 3042 2143 substitutus
3072 2095 3177 2154 est,
3204 2100 3346 2142 anno
3368 2086 3521 2157 prin-

1949 2183 2158 2251 cipatus
2208 2180 2395 2236 Severi
2427 2178 2646 2235 circiter
2689 2192 2854 2235 nono.
2886 2176 3058 2235 Porro
3102 2176 3245 2233 idem
3290 2176 3382 2233 ille
3424 2175 3517 2248 qui

1949 2273 2322 2345 supradictum
2361 2270 2558 2326 librum
2594 2268 2663 2325 de
2697 2268 2920 2325 haeresis
2954 2267 3103 2324 illius
3129 2276 3353 2325 auctore
3374 2282 3521 2324 com-

1950 2366 2167 2439 posuit,
2214 2364 2376 2420 aliam
2408 2376 2626 2435 quoque
2674 2376 2791 2418 rem
2844 2358 3142 2432 Zephyrini
3189 2358 3523 2431 temporibus

1950 2466 2156 2530 gestam
2181 2453 2425 2526 adjungit
2454 2452 2543 2509 his
2573 2451 2757 2507 verbis
2784 2467 2799 2506 :
2838 2468 2858 2502 ι
2903 2448 3159 2517 Facinus,
3192 2449 3385 2520 inquit,
3419 2464 3518 2505 no-

1950 2561 2063 2607 stra
2091 2557 2253 2606 aetate
2282 2555 2494 2617 gestum
2523 2585 2541 2611 ,
2591 2542 2775 2599 multis
2824 2540 3056 2597 fratrum
3102 2550 3413 2597 nostrorum
3461 2542 3517 2597 in

1953 2640 2273 2699 memoriam
2306 2637 2595 2695 revocabo.
2633 2634 2786 2702 Quod
2812 2633 3031 2704 quidem
3069 2632 3116 2689 si
3147 2632 3399 2689 Sodomis
3421 2632 3519 2686 ad-

1952 2737 2176 2792 missum
2202 2733 2434 2797 fuisset,
2467 2731 2633 2801 ipsos,
2678 2737 2738 2783 ut
2768 2727 3026 2793 arbitror,
3068 2725 3275 2781 incolas
3300 2725 3366 2780 ad
3399 2737 3518 2793 pm-

1953 2828 2236 2884 nitentiam
2264 2837 2560 2895 provocare
2591 2821 2872 2892 potuisset.
2905 2821 3036 2875 Erat
3066 2820 3285 2889 quidam
3312 2817 3519 2872 Natalis

1954 2920 2194 2980 nomine,
2223 2913 2527 2979 confessor,
2554 2913 2644 2981 qui
2680 2926 2784 2967 non
2827 2911 2898 2965 ita
2932 2911 3139 2981 pridem
3169 2948 3185 2974 ,
3209 2910 3303 2964 sed
3332 2916 3517 2962 nostra

1952 3020 2109 3067 aetate
2134 3010 2286 3063 vixit.
2328 3007 2428 3063 Hic
2471 3006 2612 3061 forte
2660 3004 2714 3059 in
2764 3003 3005 3059 fraudem
3040 3001 3288 3056 inductus
3337 3008 3421 3054 est
3446 2998 3517 3053 ab

1957 3102 2334 3172 Asclepiodoto
2366 3107 2420 3155 et
2462 3098 2632 3154 altero
2676 3097 2907 3166 quodam
2945 3093 3226 3149 Theodoto
3270 3100 3521 3161 argenta-

1953 3195 2055 3251 rio.
2087 3193 2257 3248 Ambo
2298 3199 2474 3245 autem
2505 3189 2591 3245 isti
2626 3185 2876 3256 discipuli
2899 3192 3059 3240 erant
3088 3181 3351 3238 Theodoti
3379 3176 3524 3233 illius

1952 3286 2201 3347 Coriarii,
2234 3282 2325 3353 qui
2359 3282 2568 3354 primus
2596 3280 2666 3335 ob
2694 3280 2834 3333 hanc
2868 3275 3172 3331 doctrinam
3213 3288 3305 3328 seu
3342 3270 3520 3342 potius

1953 3379 2241 3441 insaniam,
2271 3392 2300 3431 a
2332 3375 2566 3441 Victore,
2597 3384 2654 3427 ut
2683 3372 2817 3436 dixi,
2853 3380 2980 3424 tunc
3006 3366 3266 3438 temporis
3312 3364 3530 3434 episco-

1952 3488 2042 3545 po,
2082 3472 2148 3526 ab
2177 3469 2433 3525 Ecclesia:
2467 3464 2853 3523 communione
2896 3470 3133 3517 remotus
3166 3468 3267 3515 est.
3292 3457 3356 3512 Hi
3397 3444 3526 3527 per;

1953 3572 2245 3620 suaserunt
2274 3559 2471 3626 Natali,
2506 3567 2587 3624 ut,
2631 3564 2858 3626 accepto
2889 3549 3340 3617 salario,h:nresis
3380 3547 3522 3602 illius

1954 3654 2240 3725 episcopus
2266 3658 2567 3715 crearetur,
2597 3664 2661 3705 ea
2691 3648 2903 3705 scilicet
2925 3643 3261 3705 conditione,
3288 3648 3345 3695 ut
3370 3652 3523 3695 men-

1954 3756 2137 3805 struos
2170 3752 2387 3800 centum
2421 3740 2813 3812 quinquaginta
2858 3736 3113 3793 denarios
3143 3734 3213 3788 ab
3245 3731 3356 3788 illis
3378 3730 3525 3788 acci-

1952 3846 2129 3911 peret.
2158 3836 2411 3911 sociatus
2442 3831 2605 3903 igitur
2633 3828 2848 3884 illorum
2871 3825 3139 3895 partibus,
3175 3834 3322 3891 saepe
3358 3836 3388 3875 a
3419 3823 3524 3875 Do-

1953 3910 2100 3986 mino
2119 3910 2520 3996 corripiebatur
2548 3922 2600 3977 in
2631 3912 3335 3996 somnis.Clementissimus
3364 3911 3523 3982 197

1954 4022 2097 4079 enim
2131 3994 2287 4076 Deus
2302 4033 2366 4073 ac
2393 4014 2649 4071 Dominus
2678 4019 2864 4066 noster
2892 3994 3049 4062 Jesus
3080 4004 3333 4061 Christus
3352 4042 3368 4068 ,
3398 4019 3520 4057 eum

1954 4113 2045 4183 qui
2070 4111 2379 4182 passionum
2406 4119 2624 4161 suarum
2657 4099 2810 4158 testis
2834 4098 3139 4162 exstiterat,
3162 4093 3342 4166 perire
3367 4101 3521 4148 extra

1955 4204 2250 4261 Ecclesiam
2282 4198 2517 4255 nolebat.
2554 4194 2661 4251 Sed
2693 4209 2816 4249 cum
2840 4199 3132 4248 nocturnas
3159 4185 3423 4257 ejusmodi
3446 4184 3525 4239 vi-

1957 4300 2141 4353 siones
2160 4288 2699 4365 negligeretNatalis,
2729 4295 2915 4356 utpote
2945 4286 3149 4340 honore
3174 4284 3363 4353 prima:
3383 4280 3523 4351 apud

1957 4390 2077 4445 illos
2116 4388 2258 4443 sedis
2281 4424 2298 4452 ,
2328 4395 2384 4440 et
2423 4382 2594 4453 turpis
2627 4380 2765 4434 lucri
2815 4378 3109 4449 cupiditate
3130 4415 3146 4440 ,
3174 4390 3293 4445 qua:
3342 4372 3522 4427 multis

284 4464 417 4553 ἀλλά
447 4500 545 4551 καὶ
578 4496 686 4550 τῶν
724 4464 959 4548 λαῖκῶνζ
992 4464 1215 4562 συγγέαι
1252 4507 1313 4542 τε
1345 4492 1458 4551 τοῖς
1492 4464 1846 4558 δάκρυσιντῆν

1960 4481 2279 4538 mortalibus
2318 4477 2485 4533 exitio
2507 4482 2592 4530 est
2614 4512 2629 4539 ,
2677 4473 2971 4534 inescatus,
3005 4468 3221 4523 tandem
3254 4481 3284 4519 a
3318 4464 3523 4519 sanctis

283 4590 656 4658 εῦσπλαγχνον
706 4585 1030 4656 Ἐκκλησίαν
1096 4581 1190 4635 τοῦ
1241 4580 1527 4650 ὲλεήμονος
1594 4575 1850 4648 Χριστοῦ,

285 4683 451 4753 πολλῇ
476 4673 535 4734 is
563 4684 630 4752 τῇ
655 4681 834 4749 δεήσει
853 4675 1219 4749 χρησάμενον,
1248 4669 1496 4737 δείξαντά
1516 4685 1574 4720 τε
1595 4668 1720 4731 τοὺς
1754 4665 1857 4738 μώ-

284 4775 468 4838 λωπας
514 4766 588 4826 ὧν
634 4770 841 4842 εἰλήφει
888 4766 1132 4837 πληγῶν,
1182 4763 1332 4835 μόλις
1378 4758 1786 4830 κοινωνηθῆναι.
1828 4778 1845 4810 ι

1958 4574 2170 4645 angelis
2201 4586 2296 4641 per
2327 4578 2491 4624 totam
2522 4574 2734 4645 noctem
2776 4561 2958 4633 ﬂagris
2987 4574 3157 4615 caesus
3184 4566 3238 4612 et
3268 4555 3523 4626 gravissi-

1963 4680 2047 4721 me
2072 4663 2390 4718 verberatus
2417 4665 2519 4712 est.
2552 4654 2703 4709 Adeo
2730 4661 2789 4705 ut
2824 4652 3000 4718 primo
3030 4647 3264 4704 diluculo
3293 4660 3524 4701 consur-

1961 4769 2092 4826 gens
2120 4795 2135 4821 ,
2168 4764 2387 4807 saccum
2420 4746 2692 4809 induerit,
2720 4751 2775 4798 et
2808 4743 2991 4797 cinere
3032 4752 3357 4810 conspersus
3396 4749 3522 4790 con-

356 4914 467 5028 (99)
510 4952 743 5028 ‘Fcuyzol
790 4950 858 5003 δὲ
911 4948 1010 5028 θεαὶ
1054 4944 1199 5028 (ME!

1972 4947 2001 4986 a
2037 4931 2311 4988 Clemente
2371 4925 2733 4983 Alexandrino
2769 4918 3097 4989 compositus
3145 4925 3323 4973 exstat
3363 4916 3427 4973 ad
3458 4915 3523 4971 fl-

1971 5017 2090 5028 ηη...
2125 5002 2234 5028 λε..-
2271 4999 2391 5028 In“:
2433 5000 2520 5028 1...:
2564 4997 2880 5028 Dmdnnnmn
2919 4989 3250 5028 illcnl'ihillll‘_

286 5007 697 5085 ὐτὶόἾπιῖγτᾶῖν
742 5007 1079 5091 τραφεῖσαιξ
1130 5007 1489 5091 _S_eribe_ndu_r_n
1528 5007 1856 5091 estndm‘gip—

286 5078 405 5171 λῆξ,
434 5078 497 5171 ut
516 5078 727 5152 habent
749 5078 904 5171 toti?!-
938 5088 1100 5171 Μθξ¹ν
1130 5084 1288 5171 Ευιξν
1306 5078 1856 5171 ςδῗνίιϊῗιμὲἱοῗῃὲῗῖ

293 5146 405 5224 Filé'.’
438 5146 731 5221 liciis}:
786 5161 872 5215 his
928 5146 1108 5212 verbis
1153 5146 1374 5224 apparet
1427 5163 1635 5224 morem
1683 5146 1852 5224 fuisse

288 5216 724 5307 antiqoissimuin
762 5231 813 5307 in
854 5227 1124 5293 Ecclesia,
1155 5216 1382 5307 h'yinnos
1419 5218 1744 5307 e‘tl'psahnos
1797 5216 1848 5295 in

286 5286 799 5366 "Christi
828 5286 1171 5366 componere.
1193 5286 1377 5366 ’ρει-ιε
1407 5286 1625 5366 _Pliniu_s
1651 5287 1702 5339 in
1730 5286 1847 5352 epi-

288 5358 527 5434 ξιοίῖεο
549 5374 836 5443 Trajanttm
868 5358 1057 5443 auctor
1078 5374 1181 5428 est,
1221 5362 1561 5420 Christianos
1597 5358 1648 5411 iu
1685 5370 1846 5436 unum

289 5438 701 5507 convenientes,
726 5442 941 5495 Christo
985 5438 1437 5507 hymnoscanere
1475 5440 1846 5507 consuevtsse.

294 5493 723 5587 ὗζιὶῖἕρζᾁὶᾗῖἷε
740 5493 800 5587 et
833 5493 1046 5587 hymnis
1075 5503 1458 5587 intelligendus
1487 5500 1696 5587 videtur

289 5564 1459 5661 ﬁéiiiifs'ﬁf'aiinbne‘pefomanufaygne!
1495 5567 1697 5661 mum‘it‘,

527 5631 1034 5721 i‘bv‘Ogéjlé__Qg&v
1060 5644 1195 5717 πρὸς
1227 5640 1528 5721 δοξολογίαν
1556 5638 1649 5721 καὶ
1682 5631 1851 5721 αἶνον,

286 5705 691 5812 allati—ree
828 5705 990 5812 ιῴδδις
1039 5705 1851 5812 “terra§;a*.:eé.“;iittz

284 5776 776 5871 {Iz§.’tiijjds'.ii'odt
827 5776 1056 5862 Hymnus
1086 5788 1141 5843 in
1178 5776 1620 5840 'bonorem'Je'su
1644 5776 1851 5832 Christi

1968 5017 2091 5056 nem
2123 5002 2237 5069 ejus
2271 4999 2392 5069 libri
2431 5000 2521 5067 qui
2556 4997 2883 5069 Pgdagogus
2897 4989 3253 5069 ‘itiscribitur.

2053 5058 2169 5139 99‘;
2218 5058 2554 5139 Ἀπέϐαλᾷε.
2589 5058 2757 5139 ΙῖόιῚξε⁸
2780 5058 3054 5139 ἀπέϐαλε..
3082 5058 3238 5139 Eutr.

2053 5076 2166 5139 99‘)
2218 5076 2554 5125 Ἀπέόαλλε.
2589 5076 2749 5121 Forte
2780 5076 3041 5115 απεοαλε.
3082 5076 3238 5112 non.

2029 5076 2431 5216 £1)__Nazd._1w_g
2452 5136 2530 5209 ἦν
2558 5155 2672 5216 τις.
2714 5132 2909 5216 Nescio
2939 5147 3006 5213 an
3039 5124 3519 5216 mersit-"Caecilius

1958 5197 2186 5274 Na‘ta'lis.
2233 5210 2324 5280 qui
2375 5197 2754 5280 disputatione
2786 5197 3275 5280 OCla_Vvij‘J&.llll.I:Ll‘l.i
3334 5210 3517 5251 coram

1958 5267 2194 5339 Minucio
2216 5267 2393 5335 F'ellce
2420 5267 2603 5332 abmm
2633 5275 2836 5336 habita,
2863 5273 2928 5325 ad
2961 5268 3162 5326 Christi
3188 5267 3345 5339 ﬁdem
3376 5281 3516 5339 cou-

1957 5336 2146 5408 versus
2177 5361 2281 5417 est,
2327 5362 2386 5403 ut
2414 5348 2671 5403 scribitur
2704 5347 2757 5400 in
2797 5341 3014 5411 Dialogo
3051 5338 3273 5393 Minucii
3296 5336 3516 5417 Felicis.

1954 5406 2159 5479 Nomen
2197 5406 2345 5475 certe
2368 5418 2639 5479 convenit,
2676 5425 2731 5471 et
2764 5406 2978 5482 tempus
3022 5421 3185 5482 atque
3222 5406 3514 5476 professio.

2022 5494 2098 5565 (=2)
2151 5490 2513 5565 Ἐπίςκοῖτος
2567 5480 2891 5565 κςληθῆναξέ
2917 5482 3031 5565 lla.
3057 5480 3516 5565 S.criP“tt't-.PF.'-¥‘

1954 5547 2060 5619 fert
2080 5547 2255 5617 'codex
2281 5547 2504 5629 Regius,
2518 5559 2601 5610 cui
2624 5547 3516 5629 censentit_!iullni_i_nterp_retatio.

1954 5617 2058 5689 Sed
2117 5617 2585 5704 quatuorvreliq‘ui
2634 5625 2845 5704 codices
2869 5622 3065 5704 Adam,
3098 5617 3421 5688 Mcd.,'Fuk.
3463 5628 3518 5672 et

1957 5693 2419 5771 Savilfscriptum
2452 5693 2650 5754 habent
2681 5693 3048 5767 κληρωθῆναι.
