4012 6256
477 304 580 361 515

1213 297 1478 354 EUSEBII
1516 294 1987 352 C/ESARIENSIS
2023 294 2174 351 OPP.
2217 293 2392 351 PARS
2422 295 2468 351 1.
2503 324 2575 336 -
2612 293 3001 352 ΗΙΞΤΟΜΟᾹ.

3613 294 3723 349 516

476 419 657 476 festim
689 432 811 473 cum
856 414 1109 488 lacrymis
1137 416 1207 469 ad
1253 416 1419 485 pedes
1464 414 1757 485 Zephyrini
1803 414 2034 484 episcopi

2145 412 2366 477 Τούτοις
2409 412 2831 483 ἐπισυνάψωμεν
2869 411 2965 466 καὶ
3006 409 3168 473 ἄλλας
3214 407 3343 481 περὶ
3376 406 3487 462 τῶν
3536 407 3723 460 αὐτῶν

476 526 600 568 sese
627 509 913 579 abiecerit,
934 523 1040 562 non
1068 507 1239 562 solum
1265 508 1397 563 cieri
1421 547 1437 573 ,
1465 523 1651 561 verum
1686 508 1847 562 etiam
1873 523 2039 562 saecu-

476 605 672 658 larium
706 603 950 672 vestigiis
983 599 1296 667 advolutus;
1339 609 1395 655 et
1444 599 1645 656 Christi
1676 600 2041 656 misericordis

477 695 777 752 Ecclesiam
814 696 981 765 ipsam
1013 709 1227 763 quoque
1260 672 1663 749 misericordem
1697 693 1910 747 ﬂetibus
1931 696 2040 749 suis

476 787 831 842 commoverit
872 795 1034 854 atque
1066 786 1429 840 concusserit.
1476 786 1765 856 Multisque
1789 785 2041 856 precibus

477 894 603 933 usus
628 919 643 943 ,
675 879 910 933 ostensis
934 878 1096 932 etiam
1131 877 1400 932 vibicibus
1454 878 1732 948 plagarum
1782 894 1915 947 quas
1942 893 2041 948 pro

475 972 674 1027 Christi
707 971 1047 1026 conlessione
1089 970 1406 1040 pertulerat,
1432 970 1517 1024 vix
1551 972 1765 1024 tandem
1798 973 1863 1024 ad
1892 986 2041 1025 con:-

477 1066 787 1119 muniouem
822 1065 1091 1118 admissus
1108 1074 1211 1118 est.
1243 1082 1262 1116 ι
1303 1063 1401 1118 llis
1437 1062 1755 1130 adiiciemus
1780 1063 1883 1117 alia
1905 1079 2040 1133 quo-

474 1172 580 1226 que
602 1157 842 1225 ejusdem
876 1155 1162 1224 scriptoris
1198 1155 1267 1208 de
1307 1154 1499 1208 iisdem
1530 1155 1798 1210 haereticis
1828 1156 1991 1209 verba
2019 1194 2034 1219 ,

474 1265 592 1318 quae
625 1250 704 1304 sic
740 1249 944 1303 habent
975 1266 989 1302 :
1026 1266 1045 1300 ι
1089 1246 1286 1301 Sacras
1328 1248 1545 1317 quidem
1570 1286 1587 1311 ,
1623 1247 1838 1316 inquit,
1893 1246 2042 1302 Scri-

473 1351 659 1408 pturas
711 1340 966 1393 audacter
999 1338 1482 1393 adulteraverunt:
1518 1337 1809 1407 printitivm
1856 1347 2037 1393 autem

474 1433 596 1487 ﬁdei
631 1432 866 1501 regulam
900 1432 1204 1501 reiecerunt
1234 1446 1249 1482 :
1283 1429 1558 1485 Christum
1593 1432 1768 1500 ipsum
1808 1430 2039 1498 denique

474 1524 902 1594 ignoraverunt:
941 1540 1044 1578 non
1077 1524 1419 1592 inquirentes
1444 1523 1573 1591 quid
1613 1537 1781 1577 sacra:
1811 1523 2038 1577 doceant

473 1617 808 1685 Scriptura);
839 1618 933 1672 sed
963 1615 1262 1684 cuiusmodi
1300 1616 1739 1686 syllogismorum
1773 1616 1941 1687 ﬁgura
1972 1616 2037 1671 ad

471 1709 897 1763 confirmandam
934 1709 1264 1778 impietatem
1294 1725 1448 1763 suam
1470 1708 1792 1777 reperiatur,
1819 1710 2037 1765 assidue

2140 505 2234 558 τοῦ
2276 505 2440 559 αὑτοῦ
2489 506 2849 578 συγγραφέως
2888 503 3092 574 φωνὰς,
3124 502 3311 556 τοῦτον
3354 501 3587 572 ἐχούσας
3629 502 3722 554 τὸν

2141 599 2358 672 τρόπον·
2382 618 2401 649 ι
2427 598 2648 670 Γραφὰς
2680 598 2776 669 μὲν
2799 596 2950 660 θείας
2967 595 3183 666 ἀφόϐως
3200 594 3718 666 ρερᾳδιουργήκασι,

2142 690 2375 755 πίστεως
2410 691 2467 744 δὲ
2501 691 2732 762 ἀρχαίας
2767 690 2970 744 κανόνα
3014 688 3333 759 ὴθετήκασι,
3378 686 3614 758 Χριστὸν
3663 685 3721 739 δὲ

2141 783 2493 854 ἠγνοήκασιν,
2523 783 2582 835 οὐ
2608 783 2659 835 τί
2688 783 2743 834 αί
2768 781 2908 834 θεῖαι
2934 780 3151 849 λέγουσι
3174 780 3387 851 Γραφαὶ
3405 779 3719 848 ζητοῦντες,

2141 875 2254 929 ἀλλ’
2280 877 2461 928 ὁποῖον
2489 876 2670 946 σχῆμα
2694 872 3053 944 συλλογισμοῦ
3080 874 3159 935 εἰς
3181 874 3279 942 τὴν
3303 872 3404 941 τῆς
3423 870 3722 942 ἀθεότητος

2140 966 2335 1038 εὑρεθῇ
2378 966 2657 1029 σύστασιν,
2689 965 2988 1035 φιλοπόνως
3028 963 3320 1027 ἀσκοῦντες
3341 979 3354 993 ’
3400 961 3502 1016 κᾶν
3535 964 3720 1025 αὐτοῖς

2141 1054 2395 1131 προτείνῃ
2420 1075 2503 1120 τις
2538 1057 2699 1129 ῥητὸν
2723 1055 2948 1128 Γραφῆς
2978 1055 3183 1126 θεῖκῆς,
3210 1050 3523 1119 ἐξετάζουσι
3555 1053 3719 1106 πότεο

2143 1167 2235 1221 ρον
2263 1150 2601 1221 συνημμένον
2629 1150 2663 1221 ἢ
2697 1147 3075 1219 διεζευγμένον
3107 1149 3182 1215 (5)
3222 1146 3443 1201 δύναται
3488 1145 3718 1216 ποιῆσαι

2142 1243 2324 1314 σχῆμα
2353 1241 2733 1313 συλλογισμοῦ.
2762 1240 3171 1302 Καταλιπόντες
3210 1238 3267 1291 δὲ
3305 1239 3406 1302 τὰς
3431 1239 3596 1307 ἁγίας
3617 1237 3716 1292 τοῦ

2139 1332 2275 1386 Θεοῦ
2302 1334 2542 1406 Γραφὰς,
2575 1335 2917 1406 γεωμετρίαν
2959 1330 3390 1401 ἐπιτηδεύουσιν,
3422 1333 3499 1396 ὡς
3537 1333 3605 1387 ἂν
3652 1334 3718 1385 ἐκ

2139 1426 2239 1496 τῆς
2269 1427 2375 1497 γῆς
2405 1412 2566 1490 ⁵ὄντες
2591 1428 2685 1480 καὶ
2716 1429 2815 1499 τῆς
2846 1428 2949 1499 γῆς
2981 1427 3287 1491 λαλοῦντες,
3320 1427 3416 1480 καὶ
3445 1426 3538 1479 τὸν
3568 1426 3714 1479 ἄνω-

2140 1516 2230 1570 θεν
2298 1519 2594 1589 ἐρχόμενον
2653 1518 2728 1589 (4)
2803 1518 3143 1588 ἀγνοοῦντες.
3221 1519 3519 1588 Εὐκλείδης
3583 1516 3713 1587 γοῦν

2140 1611 2291 1683 παρά
2335 1628 2478 1666 τισιν
2538 1612 2715 1666 αὐτῶν
2757 1613 3058 1683 φιλοπόνως
3096 1615 3513 1684 γεωμετρεῖται,
3569 1611 3710 1681 Ἀρι-

2142 1706 2392 1776 στοτέλης
2439 1706 2497 1759 δὲ
2556 1708 2650 1760 καὶ
2702 1706 3043 1778 Θεόφραστος
3109 1703 3502 1777 θαυμάζονται·
3542 1705 3582 1756 Γ
3585 1704 3715 1774 αλη-

471 1801 820 1855 metlitantes.
842 1799 994 1865 Quod
1024 1801 1068 1854 si
1104 1802 1228 1869 quis
1254 1801 1487 1869 aliquem
1507 1800 1701 1854 divinm
1738 1800 2034 1870 Scriptura:

2136 1797 2227 1861 νὸς
2298 1798 2407 1870 γὰρ
2472 1799 2601 1862 ἴσως
2663 1799 2766 1852 ὑπό
2823 1816 2983 1852 τινων
3036 1798 3131 1853 καὶ
3188 1799 3571 1867 προσκυνεῖται
3612 1797 3711 1863 (5).

470 1890 647 1944 locum
670 1891 754 1945 eis
788 1891 1047 1957 obiiciat,
1077 1892 1389 1947 examinant
1422 1900 1599 1945 utrum
1630 1907 1930 1948 connexum
1963 1907 2031 1947 an

470 1980 795 2049 disiunctum
826 1982 1119 2053 syllogismi
1153 1996 1325 2051 genus
1368 1996 1435 2035 ex
1483 1996 1550 2037 eo
1603 1983 1795 2038 conﬁci
1840 1984 2031 2052 possit.

470 2069 801 2140 Relictisqne
843 2082 1008 2141 atque
1052 2072 1280 2142 objectis
1330 2073 1503 2128 sacris
1554 2075 1648 2130 Dei
1695 2073 2032 2143 Scripturis,

468 2164 776 2232 geometria:
806 2166 1060 2228 student;
1110 2169 1307 2237 quippe
1349 2170 1441 2238 qui
1491 2177 1781 2222 terrestres
1829 2167 1938 2221 sint
1981 2176 2037 2223 et

467 2257 757 2323 loquantur
778 2264 1013 2322 terrena,
1032 2267 1087 2311 et
1112 2258 1260 2311 illum
1278 2261 1368 2327 qui
1392 2260 1460 2314 de
1488 2260 1626 2315 coelo
1646 2259 1858 2313 advenit
1883 2259 2036 2328 igno-

467 2354 611 2400 rent.
645 2346 882 2401 Euclidis
914 2348 1077 2416 igitur
1110 2348 1415 2404 Geometria
1450 2354 1589 2421 apud
1619 2351 1902 2405 nonnullos
1938 2366 2033 2405 eo-

467 2453 587 2492 rum
619 2441 857 2493 studiose
900 2441 1186 2495 excolitur.
1220 2444 1550 2502 Aristoteles
1583 2459 1711 2498 vero
1758 2452 1813 2498 et
1854 2443 2031 2497 Theo-

467 2531 719 2599 phrastus
748 2546 960 2585 summa
1010 2533 1373 2589 admiratione
1408 2536 1775 2603 suspiciuntur
1821 2551 1835 2588 :
1874 2534 2035 2590 Gale-

467 2637 566 2679 nus
605 2634 786 2679 autem
823 2641 852 2679 a
904 2626 1231 2695 quibusdam
1279 2627 1441 2681 etiam
1474 2629 1750 2681 adoratur.
1797 2625 2034 2681 Proinde

466 2716 602 2770 istos
631 2717 720 2785 qui
752 2716 1049 2771 inﬁdelium
1091 2719 1301 2773 artibus
1335 2734 1399 2773 ac
1444 2718 1743 2786 disciplinis
1769 2717 1836 2772 ad
1860 2717 2032 2772 stabi-

468 2806 700 2862 liendam
738 2808 959 2862 haeresis
996 2823 1107 2862 suae
1135 2810 1443 2879 Opinionem
1476 2811 1793 2876 abutuntur,
1827 2818 1881 2865 et
1907 2809 2034 2865 sub-

469 2899 543 2952 tili
569 2899 851 2969 impiorum
880 2901 1154 2955 hominum
1192 2903 1425 2958 versutia
1458 2903 1914 2973 simplicissimam
1950 2903 2033 2958 di-

468 2993 711 3046 vinarum
741 2994 1149 3063 Scripturarum
1179 2998 1489 3051 adulterant
1516 2999 1696 3061 ﬁdem,
1727 2995 2029 3051 remotissi»
2064 3030 2067 3033 -

466 3100 583 3139 mos
616 3100 737 3141 esse
764 3102 793 3140 a
822 3086 928 3141 ﬁde
962 3088 1090 3157 quid
1119 3089 1316 3143 attinet
1347 3089 1574 3145 dicere?
1609 3089 1744 3144 llinc
1772 3099 1852 3144 est
1887 3088 2028 3158 quod

2137 1888 2203 1944 Οἱ
2270 1890 2327 1942 δὲ
2384 1893 2501 1954 ταῖς
2553 1889 2662 1943 τῶν
2719 1889 2963 1944 ἀπίστων
3012 1892 3228 1960 τέχναις
3307 1892 3388 1953 είς
3448 1889 3549 1960 τὴν
3614 1889 3715 1958 τῆς

2136 1983 2397 2052 αἱρέσεως
2437 1981 2615 2037 αὐτῶν
2651 1981 2874 2052 γνώμην
2924 1982 3337 2053 ἀποχρώμενοι,
3370 1981 3463 2035 καὶ
3492 1983 3559 2051 τῇ
3604 1980 3713 2032 τῶν

2137 2076 2310 2130 ἀθέων
2345 2073 2647 2146 πανουργίᾳ
2678 2076 2775 2145 τὴν
2805 2074 2981 2145 ἁπλῆν
3012 2076 3118 2128 τῶν
3149 2074 3306 2127 θείων
3348 2074 3582 2144 Γραφῶν
3626 2074 3714 2127 πί·

2136 2185 2251 2221 στιν
2267 2165 2678 2238 καπηλεύοντες,
2692 2167 2772 2219 ὅτι
2793 2167 2925 2238 μηδὲ
2944 2168 3106 2235 ἐγγὺς
3129 2165 3361 2227 πίστεως
3384 2166 3712 2237 ὑπάρχουσι,

2135 2257 2187 2310 τί
2208 2257 2289 2309 δεῖ
2310 2257 2402 2310 καὶ
2424 2256 2601 2326 λέγειν
2627 2272 2643 2321 ;
2673 2255 2768 2309 Διὰ
2793 2256 2950 2308 τοῦτο
2975 2258 3092 2317 ταῖς
3121 2253 3291 2317 θείαις
3313 2254 3555 2325 Γραφαίς
3579 2253 3714 2321 aec-

2135 2348 2244 2412 ϐως
2272 2347 2535 2402 ἐπέϐαλον
2566 2348 2665 2411 τὰς
2692 2350 2901 2419 χεῖρας,
2928 2347 3176 2416 λέγοντες
3215 2347 3385 2409 αὐτὰς
3406 2344 3715 2416 διωρθωκέ-

2135 2458 2242 2494 ναι.
2270 2442 2378 2493 Καὶ
2408 2441 2490 2493 ὅτι
2513 2438 2671 2493 τοῦτο
2702 2440 2774 2509 μὴ
2802 2439 3266 2509 καταψευδόμενος
3292 2438 3470 2492 αὐτῶν
3503 2436 3713 2506 λέγω,ὁ

2136 2531 2452 2603 βουλόμενος
2473 2531 2690 2585 δύναται
2713 2531 2921 2601 μαθεῖν.
2952 2532 3015 2584 Ei
3040 2531 3147 2601 γάρ
3168 2548 3250 2594 τις
3276 2530 3491 2602 θελήσει
3512 2547 3714 2599 συγκο-

2137 2624 2300 2695 μίσας
2340 2623 2518 2678 αὐτῶν
2551 2626 2781 2678 ἑκάστου
2822 2624 2890 2678 τὰ
2922 2624 3227 2696 ἀντίγραφα
3259 2624 3533 2691 ἐξετάζειν
3575 2625 3711 2697 πρὸς

2132 2713 2355 2787 ἄλληλα,
2374 2717 2517 2769 κατὰ
2531 2716 2666 2770 πολὺ
2689 2718 2754 2771 ἂν
2766 2717 2915 2790 εὕροι
2936 2718 3325 2786 διαφωνοῦντα.
3341 2737 3358 2767 ι
3381 2717 3505 2771 Ἀσύ
3516 2734 3712 2788 μφωνα

2133 2806 2263 2877 γοῦν
2292 2808 2444 2862 ἔσται
2487 2808 2558 2861 τὰ
2596 2806 2988 2880 Ἀσκληπιάδου
3018 2807 3092 2880 (6)
3132 2811 3244 2871 τοῖς
3272 2809 3546 2864 Θεοδότου.
3578 2809 3713 2861 Πολ-

2132 2900 2241 2956 λῶν
2260 2902 2316 2955 δέ
2335 2902 2482 2956 ἐστιν
2497 2903 2820 2974 εὐπορῆσαι,
2834 2902 2920 2956 διὰ
2943 2902 3004 2956 τὸ
3025 2903 3321 2973 φιλοτίμως
3340 2901 3710 2974 ἐγγεγράφθαι

2132 2996 2258 3061 τοὺς
2290 2995 2536 3067 μαθητὰς
2566 2995 2744 3050 αὐτῶν
2772 2994 2842 3048 τὰ
2868 2995 2956 3064 ὑφ’
2978 2996 3206 3049 ἑκάστου
3228 2994 3426 3069 αύτῶν,
3449 2994 3526 3057 ὡς
3557 2995 3713 3047 αὐτοὶ

2135 3088 2822 3160 καλοῦσι,κατωρθωμένα,
2850 3087 3125 3140 τουτέστιν
3157 3085 3519 3157 ἡφανισμένα.
3543 3084 3712 3139 Πάλιν

463 3177 661 3262 divinis
695 3177 996 3250 Scripturis
1043 3181 1306 3237 audacter
1338 3196 1531 3238 manus
1560 3181 1903 3248 intulerunt,
1939 3196 2033 3237 eas

2136 3180 2191 3235 δὲ
2221 3180 2429 3245 τούτοις
2453 3180 2523 3235 τὰ
2552 3158 2878 3252 Ἕρμοφίλου
2906 3179 2967 3232 ού
3002 3178 3233 3250 συνᾴδει.
3266 3177 3345 3230 Τὰ
3368 3177 3478 3249 γὰρ
3517 3175 3712 3230 Ἀπολ-

533 3353 611 3428 (5)
648 3357 909 3429 Πότερον
937 3358 1331 3429 συνημμένον
1362 3358 1401 3427 ἢ
1439 3358 1864 3429 διεζευγμένον.
1886 3358 2035 3425 ,Quid

462 3426 908 3498 οἰισυνημμένον
930 3438 986 3483 et
1032 3426 1157 3497 quid
1190 3426 1587 3498 διεζευγμένον,
1631 3426 1825 3484 docent
1873 3431 2037 3483 diale-

462 3497 610 3554 ctici.
645 3497 1003 3571 Pronuntiata
1035 3516 1152 3566 quae
1175 3499 1338 3554 Stoici
1367 3497 1653 3571 ἀξιώματα
1675 3509 1894 3560 vocant,
1930 3499 2033 3553 alia

463 3577 590 3621 sunt
616 3568 903 3637 simplicia,
932 3581 990 3623 ιιι
1019 3571 1296 3633 illud,dies
1330 3581 1402 3623 est
1424 3587 1442 3635 ;
1464 3568 1568 3624 alia
1610 3588 1714 3624 non
1751 3571 2039 3636 simplicia.

464 3637 542 3711 Es
578 3638 680 3711 his_
710 3654 834 3711 qua:
875 3656 979 3694 non
1024 3650 1147 3693 sunt
1180 3641 1437 3704 simplicia
1465 3679 1480 3704 ,
1527 3642 1628 3693 alia
1663 3653 1786 3694 sunt
1831 3656 2036 3711 συνημ-

468 3706 634 3777 μένα,
670 3708 720 3761 id
749 3719 832 3762 est
859 3725 1126 3775 connexa,
1153 3726 1271 3776 quae
1306 3721 1556 3765 constant
1586 3727 1652 3765 ex
1702 3711 1911 3765 duobus
1950 3706 2037 3764 di-

466 3781 642 3830 versis
683 3781 1068 3846 prounntiatis,
1114 3791 1171 3834 ut
1213 3780 1363 3844 illud,
1402 3779 1461 3835 Si
1494 3783 1602 3834 dies
1660 3793 1754 3846 est,
1786 3781 1881 3834 tua:
1938 3790 2034 3835 est.

465 3847 583 3902 Alia
633 3845 984 3920 διεξευγμένα
1024 3867 1117 3903 seu
1167 3849 1450 3915 disiuncta,
1491 3861 1551 3904 ut
1597 3845 1766 3914 illud,
1802 3863 1890 3903 aut
1926 3852 2037 3920 dies

463 3924 563 3981 est,
595 3929 685 3972 aut
738 3919 857 3973 nos:
883 3931 980 3973 est.
1027 3920 1156 3973 Vide
1203 3920 1493 3989 Diogenem
1533 3921 1804 3975 Laertium
1850 3923 1902 3973 in
1935 3919 2036 3974 Ze-

466 4004 621 4042 none.
659 3988 885 4061 Sestus
925 3990 1226 4061 Empiricos
1256 3988 1317 4043 τὸ
1358 3991 1696 4061 συνημμένον
1745 3990 1931 4061 deﬁnit
1975 3991 2038 4045 τὸ

464 4057 715 4132 συνεστὸς
739 4059 1139 4132 ὲξέἁξιὼματος
1169 4057 1590 4132 διαφορουμένου
1611 4102 1625 4126 ,
1652 4062 1684 4131 ἢ
1793 4060 2034 4132 ἀξιωμά-

461 4145 571 4182 των
595 4128 984 4200 διαφερόντων,
1010 4129 1097 4204 δᾲιὰ
1133 4130 1227 4204 τοῦ
1268 4128 1380 4204 ειῆ
1421 4128 1574 4204 εἰπερ
1621 4128 1944 4204 συνδέσμου.
1968 4133 2034 4186 Et

461 4204 767 4271 exemplum
819 4202 1049 4271 connexi
1089 4201 1228 4271 quod
1273 4200 1316 4271 si
1362 4216 1426 4254 ex
1472 4200 1825 4269 pronuntiato
1848 4202 2033 4271 διαφο-

446 4269 711 4340 -ρουμένῳ
755 4269 858 4324 hoc
914 4269 1069 4341 aderit
1102 4267 1121 4321 Ξ
1143 4267 1201 4322 Si
1261 4269 1372 4341 dies
1405 4267 1499 4333 est”,
1535 4274 1643 4324 dies
1690 4281 1785 4341 git.
1815 4272 1891 4325 Ex
1927 4267 2033 4341 quo

463 4338 820 4409 corrigendos
853 4349 936 4409 est
984 4339 1249 4408 Diogenes
1298 4338 1546 4393 Laertius
1586 4342 1637 4394 in
1686 4338 1896 4409 Zenone
1931 4338 2034 4396 hoc

465 4405 801 4481 :nodovzg’Eij
845 4405 1152 4479 ἀξιώματος
1196 4409 1292 4479 μὲν
1312 4410 1779 4481 διαφορουμένου,
1818 4408 1949 4476 οἷον,
1986 4412 2033 4465 εἰ

2213 3358 2303 3440 (ιί)Δ
2334 3358 2454 3440 Ter.
2503 3356 2738 3440 ﬁrmat-nr
2777 3358 3131 3440 ἐρχόμενον.
3186 3357 3713 3440 Christophorsopus

2141 3426 2311 3483 vertit
2343 3445 2355 3480 :
2389 3426 2659 3482 Christum
2698 3430 2789 3498 qui
2831 3430 2893 3482 de
2921 3426 3048 3483 caelo
3091 3440 3333 3483 venturus
3368 3426 3444 3482 eat
3497 3432 3712 3497 penitus

2139 3505 2409 3569 ignorant.
2478 3499 2648 3565 Quam
2702 3498 3235 3569 interpretationem
3297 3499 3545 3567 equidem
3604 3516 3710 3553 non

2143 3573 2359 3625 damno.
2400 3568 2491 3623 Sic
2522 3571 2664 3623 enim
2700 3568 2841 3637 loqui
2880 3569 3052 3622 solent
3080 3569 3254 3622 sancti
3290 3569 3474 3622 Patres
3505 3575 3573 3622 de
3622 3586 3713 3622 su-

2145 3654 2329 3709 preuto
2365 3641 2597 3693 adventu
2653 3639 2876 3703 Christi,
2919 3654 3027 3707 quo
3060 3641 3317 3693 mundum
3367 3641 3714 3704 iudicaturus

2144 3719 2249 3774 est,
2283 3724 2385 3763 n0n
2419 3711 2573 3777 quasi
2598 3711 2664 3764 de
2700 3710 2903 3773 futuro,
2937 3711 3027 3764 sed
3059 3725 3310 3773 tanquam
3329 3712 3397 3763 de
3432 3712 3709 3776 pra-senti,

2144 3780 2361 3852 ἔρχεται
2384 3780 2589 3851 κρίνειν
2622 3778 2830 3852 ζῶντας
2862 3780 2957 3834 καὶ
2989 3779 3235 3848 νεκρούς.
3273 3780 3344 3852 Ita
3376 3780 3711 3849 llegcsippus

2144 3850 2195 3903 iu
2237 3850 2497 3920 Martyrio
2539 3852 2710 3904 sancti
2742 3850 2949 3911 Jacobi,
2984 3861 3038 3904 et
3066 3852 3156 3903 alii
3202 3851 3399 3916 passim
3432 3854 3499 3902 ah
3543 3852 3710 3903 Ense-

2144 3921 2233 3974 bio
2256 3919 2428 3973 citati.
2459 3919 2690 3973 Possunt
2715 3930 2894 3974 tamen
2924 3921 3036 3974 hrec
3059 3920 3221 3973 verba
3253 3923 3416 3973 etiam
3437 3926 3501 3973 de
3531 3923 3709 3987 primo

2142 3991 2340 4044 Christi
2380 3991 2611 4043 adventu
2646 3990 2890 4058 intelligi,
2923 3993 3190 4057 quomodo
3216 3993 3425 4056 acoepit
3457 3990 3704 4045 ltuﬁntts.

2210 4060 2589 4140 (5)1‘a‘11qrdc
2618 4061 2745 4140 γὰρ.
2763 4061 2909 4126 ἴσως
2954 4062 3288 4140 ρπόετινωτ
3310 4061 3408 4140 καὶ
3441 4075 3711 4128 προσκυ-

2135 4130 2345 4185 νεῖται.
2382 4130 2619 4186 Galenus
2658 4131 2911 4202 enimut:
2948 4132 3134 4202 ﬁguris
3181 4131 3619 4201 syllogismorum
3652 4141 3707 4185 et

2136 4203 2204 4255 de
2235 4211 2348 4257 tota
2394 4202 2730 4271 pltiloSOphia
2776 4200 2944 4255 libros
2996 4200 3414 4269 conscripserat,
3446 4212 3506 4253 ut
3543 4217 3610 4256 ex
3638 4204 3706 4254 li-

2136 4273 2359 4326 brorum
2411 4272 2527 4340 ejus
2572 4272 2750 4326 indice
2787 4272 3184 4339 cognoscimus.
3226 4274 3318 4325 Est
3348 4281 3530 4324 autem
3582 4274 3706 4325 illu-

2136 4352 2249 4396 stre
2295 4344 2398 4396 ltoc
2448 4343 2814 4396 testimoniqu
2865 4343 2931 4396 de
2958 4342 3182 4412 Caleno,
3218 4342 3416 4411 quippe
3445 4345 3587 4412 quod
3613 4360 3706 4395 au-

2139 4414 2305 4465 ctoris
2346 4413 2416 4467 sit
2443 4412 2831 4480 antiquissimi,
2861 4424 2913 4464 et
2937 4411 3133 4465 Caleni
3173 4411 3510 4478 temporibus
3568 4428 3703 4478 pene

462 4478 645 4550 ἡμέρα
681 4475 1059 4560 ἐπιῇ-ἡμέρα
1109 4475 1615 4560 ἐστ’ίνειΡοΓιίοίιιιὶι
1643 4486 1779 4560 apud
1813 4484 2034 4560 Sextum

2138 4483 2383 4560 aequalis.
2418 4482 2525 4560 Nec
2558 4475 2683 4534 vero
2710 4495 2773 4534 ex
2814 4482 2929 4560 hoc
2960 4492 3164 4560 tantum
3197 4475 3481 4560 scriptore,
3513 4475 3700 4560 verum

463 4564 626 4618 quant
679 4552 822 4623 apud
854 4550 1128 4623 Lael-tium
1156 4550 1385 4623 rtuallem
1409 4551 1674 4623 scribere
1719 4550 2034 4623 διφορουμέ-

463 4635 578 4691 νου,
595 4621 1046 4691 quemadmodum
1064 4620 1258 4689 legitur
1283 4621 1420 4690 apud
1435 4620 1798 4691 Alexandrum
1822 4620 2034 4691 Aphro-

463 4690 702 4764 diensem
761 4688 830 4744 In
875 4691 1061 4764 μυρίοι-α⁸
1109 4688 1408 4764 Analytica.
1459 4688 1593 4764 [iam
1646 4688 2031 4764 διφορούμενον

467 4760 606 4833 idem
638 4768 724 4815 est
765 4759 919 4833 quod
940 4760 1022 4825 δὶς
1048 4759 1544 4833 λαμϐανόμενον.Ει
1582 4762 1693 4833 litec
1715 4759 1935 4833 quidem
1967 4764 2033 4815 de

465 4830 653 4885 harum
686 4845 875 4886 vocum
909 4830 1354 4898 interpretatione
1381 4833 1523 4886 dicta
1551 4830 1840 4887 sulliciant.
1876 4834 2030 4900 Quod

464 4913 593 4955 vero
625 4910 835 4969 spectat
859 4902 925 4955 ad
957 4901 1118 4969 hujus
1159 4902 1263 4956 loci
1298 4904 1808 4971 interpunctiouem,
1838 4903 2028 4971 scripti

463 4972 678 5026 codices
732 4973 874 5025 inter
924 4985 982 5024 se
1015 4973 1358 5042 dissentiunt.
1396 4970 1528 5024 Nam
1576 4971 1774 5040 Regius
1811 4970 2030 5042 quidem

465 5043 655 5104 codex,
679 5055 838 5110 quem
873 5049 1090 5110 secutus
1120 5050 1202 5095 est
1247 5041 1384 5096 Rob.
1420 5042 1761 5110 Stephanus,
1792 5041 1911 5110 pest
1937 5057 2031 5095 vo-

465 5055 655 5104 couex,
718 5056 838 5094 uem
873 5055 1090 5095 secutus
1120 5055 1202 5095 εει
1247 5055 1384 5096 not).
1420 5055 1761 5110 Stephanus,
1792 5055 1911 5110 post
1937 5057 2030 5095 vo-

464 5126 580 5166 cem
601 5055 976 5180 6i525uypévov
992 5113 1253 5179 virgulam
1280 5113 1443 5182 habet
1470 5115 1788 5182 appositam,
1810 5124 1867 5166 ut
1889 5113 2030 5166 scias

464 5195 626 5235 voces
672 5182 801 5252 illas,
820 5182 1163 5252 συνημμένον
1198 5184 1292 5236 καὶ
1318 5181 1697 5252 διεζευγμένον
1721 5183 2031 5237 referendas

464 5264 588 5323 esse
645 5251 711 5305 ad
737 5251 819 5323 ⁸’τὸ
874 5251 1034 5323 ῥητόν
1080 5256 1225 5320 quod
1266 5251 1574 5321 praecessn,
1605 5268 1711 5307 non
1752 5266 1929 5307 autem
1960 5252 2029 5307 ad

465 5319 648 5395 σχῆμα
672 5319 1026 5395 συλλογισμοῦ
1059 5319 1201 5395 quod
1233 5319 1777 5395 proximeise‘quitur.
1806 5324 1907 5395 Sed
1939 5338 2027 5376 re-

464 5390 595 5459 liqui
624 5394 862 5457 codices,
894 5390 1032 5447 Maz.
1062 5390 1116 5445 et
1146 5390 1311 5456 Med,
1334 5408 1453 5446 cum
1485 5393 1621 5447 Fuk.
1648 5402 1705 5447 et
1731 5394 2025 5459 Saviliano,

462 5469 590 5533 post
641 5477 825 5519 vocem
860 5462 1241 5533 διεζευγμένον
1292 5464 1491 5517 nullam
1534 5465 1791 5517 adhibent
1834 5464 2028 5518 distin-

461 5530 716 5605 ctionem,
744 5535 837 5588 sed
860 5530 1065 5589 tantum
1083 5530 1437 5605 'postivocem
1475 5533 1837 5605 συνημμένον.
1855 5534 2026 5600 Quam

461 5602 866 5658 distinctionem
888 5602 1113 5674 secutus
1127 5604 1354 5659 Ruﬁnus
1375 5619 1440 5658 ac
1465 5602 2024 5674 reliquiinterpretes,

462 5684 764 5747 connexum
815 5673 1176 5747 disiunctum,
1210 5676 1318 5747 duo
1352 5675 1796 5747 syllogismorum
1828 5673 2027 5745 genera

459 5742 856 5805 existimarunt.
884 5744 1011 5801 Mihi
1045 5746 1193 5817 prior
1232 5742 1523 5802 distinctio
1556 5749 1726 5815 magis
1758 5742 1951 5816 placet.

2134 4555 2297 4622 etiam
2329 4567 2396 4606 ex
2433 4552 2555 4604 aliis
2606 4551 3019 4622 quampluribus
3060 4553 3207 4622 idem
3264 4553 3519 4622 colligere
3552 4553 3702 4615 licet,

2134 4620 2395 4675 Galeuutn
2452 4621 2726 4675 Aristmeli
2768 4639 2833 4674 ac
2868 4621 3266 4690 Theophrasto,
3313 4620 3527 4690 ipsique
3566 4624 3702 4677 adeo

2134 4690 2343 4744 Platoni
2395 4706 2611 4759 aequare
2668 4707 2773 4744 non
2830 4691 3170 4747 dubitarunt.
3203 4690 3363 4748 Certe
3395 4693 3704 4747 Alexander

2134 4762 2590 4828 Aphrodisiensis,
2629 4759 2697 4813 In
2730 4761 2920 4814 librum
2946 4772 3184 4815 octavum
3226 4761 3558 4828 Topicorum,
3594 4779 3697 4816 non

2133 4831 2320 4899 procul
2347 4832 2416 4886 ab
2448 4832 2621 4895 initio,
2654 4833 2786 4886 satis
2819 4833 3021 4885 iudicat
3079 4834 3153 4885 ita
3181 4847 3369 4886 omnes
3398 4832 3465 4886 de
3497 4831 3701 4887 Galeuo

2131 4902 2491 4971 existimasse.
2547 4901 2837 4968 Postquam
2872 4904 3031 4971 enim
3082 4904 3265 4956 docuit
3303 4902 3698 4971 problematum
3760 4928 3761 4931 η

2133 4971 2233 5025 alia
2264 4970 2449 5038 ἔνδοξα
2471 4986 2610 5036 esse,
2642 4972 2745 5025 alia
2767 4970 2950 5039 ἄδοξα,
2979 4971 3239 5039 οιὲνδοξα
3268 4970 3483 5041 quidem
3518 4974 3570 5024 in
3604 4975 3702 5025 du-

2133 5043 2255 5109 plici
2292 5057 2414 5097 esse
2462 5040 2795 5103 differentia,
2848 5046 2951 5097 alia
2999 5046 3144 5097 enim
3197 5040 3318 5097 esse
3348 5041 3556 5105 ἁπλῶς,
3595 5043 3700 5098 alia

2128 5112 2467 5185 ὡρισμένως,
2511 5113 2623 5185 huic
2674 5113 2956 5185 subiungit
2984 5128 2999 5164 :
3030 5114 3373 5185 Ὣρισμένως
3392 5112 3697 5185 δέννΑὲνδοξα,

2129 5179 2198 5254 τὰ
2228 5179 2362 5253 τῷδέ
2399 5199 2504 5254 τινι
2539 5180 2647 5254 τῶν
2674 5179 2903 5254 ἐνδόξων
2941 5179 3209 5254 ἑπόμενα,
3235 5179 3367 5249 οἷον,
3427 5182 3696 5249 Πλάτωνι,

2128 5253 2162 5323 ἢ
2206 5252 2576 5323 Ἀριστοτέλει,
2606 5252 2637 5321 ἢ
2673 5252 2913 5324 Γαλᾼηνῷ.

2201 5322 2280 5393 (6)
2315 5324 2391 5377 Τὰ
2420 5322 2892 5394 Ἀσκληπιάδου.
2922 5325 3075 5394 Apud
3110 5324 3471 5394 Nicephorum
3497 5324 3697 5380 scribi-

2131 5402 2238 5464 tur,
2285 5393 2753 5464 Ἀσκληπιοδότου,
2786 5393 3055 5462 qttomOdo
3087 5393 3254 5449 etiam
3288 5396 3417 5463 legit
3444 5395 3693 5449 Ruﬁnus.

2129 5463 2296 5537 Paulo
2344 5463 2478 5533 post
2516 5465 2605 5537 ubi
2651 5465 2866 5537 legitur,
2899 5464 2968 5517 τὰ
2996 5463 3119 5537 γᾲρο
3139 5463 3519 5537 Ἀπολλωνίου,
3543 5468 3699 5520 resti-

2130 5536 2388 5589 tuendum
2417 5542 2501 5589 est
2540 5533 2923 5588 Ἀπολλωνίδου
2948 5550 3011 5589 ex
3037 5533 3364 5590 'l’hcodorito
3395 5536 3447 5589 in
3482 5538 3620 5591 libro
3633 5552 3695 5589 ~-l|

2129 5603 2518 5731 Hwéet‘ilcarum
2544 5605 2871 5674 fabularum,
2905 5607 3082 5676 capite
3115 5606 3171 5673 5,
3197 5615 3251 5661 et
3294 5621 3358 5663 ex
3391 5605 3699 5678 Nicepltoro

2129 5691 2192 5731 ac
2269 5692 2299 5731 ιι
2346 5693 2434 5731 no.

2128 5691 2192 5732 ac
2219 5679 2434 5732 Ruﬁno.
