4012 6256
458 271 562 328 5‘25

1220 266 1487 324 EUSEBII
1525 262 1994 323 CESARIENSIS
2030 264 2181 321 OPP.
2218 263 2399 321 PARS
2434 264 2477 320 1.
2517 294 2590 306 -
2627 263 3018 322 HISTORICA.

3542 269 3722 327 .524

451 394 542 441 tur
569 381 777 444 Severo
803 395 1001 442 annum
1027 384 1240 455 imperii
1264 383 1535 440 decimum
1559 388 1777 454 agente,
1799 380 2012 437 Alexan

2135 381 2410 452 Αἰγύπτου
2445 380 2661 444 Λαῖτος,
2696 379 2805 433 τῶν
2832 381 2891 435 δὲ
2913 380 3098 435 αὐτόθι
3128 381 3430 454 παροικιῶν
3463 381 3566 455 τὴν
3594 384 3720 438 Em-

453 486 585 540 driae
616 493 671 538 et
701 482 865 538 totius
888 480 1106 552 Egypti
1135 479 1297 550 202
1340 478 1718 549 praefecturam
1752 476 2034 534 obtinente

454 576 623 641 Laeto,
647 575 1018 646 episcopatum
1072 585 1201 626 vero
1250 569 1617 625 Ecclesiarum
1664 568 1879 624 illarum
1912 578 2035 640 post

452 667 653 724 Juliani
692 668 903 722 obitum
937 663 1213 719 Demetrio
1261 676 1451 717 recens
1478 663 1675 732 adepto
1708 682 1724 718 :
1767 678 1889 717 cum
1910 677 2032 732 per-

449 760 748 817 secutionis
770 758 1212 815 ardentissimum
1243 755 1500 827 ﬂagraret
1520 755 1852 820 incendium,
1870 766 2033 824 atque

451 850 877 908 innumerabiles
940 849 1205 919 martyrio
1278 859 1719 921 coronareptur,
1775 847 2030 919 Origeuis

448 942 687 996 animum
714 940 889 996 adhuc
927 940 1218 994 admodum
1248 942 1403 1008 pueri
1447 949 1595 996 tanta
1625 940 1822 1009 cupido
1869 952 2030 997 occu—

446 1033 595 1103 pavit
646 1033 912 1104 martyrii,
969 1040 1028 1086 ut
1081 1045 1141 1087 se
1174 1030 1430 1100 periculis
1477 1031 1607 1100 ipsis
1665 1030 2030 1099 objiceret,et

448 1127 696 1197 prosilire
732 1126 874 1181 ultro
922 1135 1083 1194 atque
1109 1123 1320 1177 irruere
1343 1126 1410 1178 ad
1469 1132 1746 1179 certamen
1776 1124 2025 1195 gestiret.

443 1219 673 1288 Jamque
721 1233 870 1273 mors
901 1218 974 1272 illi
1007 1218 1125 1273 sine
1176 1216 1339 1272 dubio
1398 1215 1645 1285 proxima
1680 1214 2024 1279 imminebat,

445 1312 549 1366 nisi
588 1309 828 1366 calcatis
853 1308 952 1366 Dei
1001 1309 1349 1365 Providentia
1389 1306 1747 1378 plurimorum
1803 1306 2024 1362 utilitati

445 1403 756 1466 consulens,
809 1416 907 1471 per
934 1401 1128 1456 matris
1183 1400 1548 1456 ministerium
1585 1399 1849 1471 impetum
1878 1398 2025 1453 illius

443 1494 802 1551 cohibuisset.
841 1494 919 1549 Ae
949 1503 1124 1548 mater
1151 1492 1369 1561 quidem
1407 1493 1640 1561 primum
1671 1493 1858 1546 verbis
1893 1506 2022 1559 sup-

441 1586 698 1658 plicando
748 1585 995 1655 rogabat,
1051 1592 1109 1637 ut
1152 1583 1385 1638 materni
1434 1581 1664 1637 aﬂ‘cctus
1716 1584 2021 1637 reverentia

442 1684 774 1733 moveretur.
808 1676 914 1730 Sed
943 1691 1065 1730 cum
1096 1674 1246 1729 illum
1289 1674 1670 1729 vehementius
1732 1673 2016 1731 incitatum

440 1769 689 1833 vidisset,
718 1782 784 1822 ex
818 1782 925 1836 quo
958 1776 1165 1838 patrem
1196 1768 1652 1838 comprehensmu
1706 1767 1758 1820 in
1787 1766 2021 1821 vinculis

445 1860 674 1916 detineri
698 1859 1043 1915 intellexerat
1066 1859 1284 1932 (quippe
1309 1860 1542 1929 posuiac
1574 1867 1686 1914 toto
1713 1857 1882 1914 animi
1913 1858 2020 1914 im-

441 1960 567 2023 petu
600 1953 666 2007 ad
701 1951 1021 2022 martyrium
1053 1951 1373 2024 (ferebatur)
1402 1950 1727 2006 abscondita
1778 1950 1924 2006 omni
1953 1950 2021 2006 il-

444 2048 551 2101 lius
577 2054 745 2109 veste,
779 2046 922 2102 domi
960 2059 1180 2100 manere
1216 2045 1447 2101 invitum
1504 2044 1699 2114 coegit.
1737 2041 1905 2112 Igitur
1933 2042 2022 2099 ille

439 2136 579 2192 nihil
622 2137 766 2192 aliud
810 2136 912 2192 sibi
944 2136 1196 2191 relictum
1250 2151 1371 2192 esse
1409 2134 1867 2201 animadvertens,
1896 2150 2019 2191 cum

439 2241 602 2295 supra
632 2235 848 2282 etatem
902 2227 1175 2296 cupiditas
1224 2225 1601 2281 intenderetur
1633 2243 1646 2280 :
1684 2226 1886 2297 quietis
1914 2226 2018 2281 im-

438 2318 675 2389 patiens,
733 2319 944 2374 litteras
986 2317 1053 2372 ad
1082 2327 1292 2388 patrem
1349 2318 1501 2374 misit
1536 2318 1736 2388 quibus
1770 2319 1921 2374 illum
1950 2318 2016 2373 ad

438 2412 763 2485 martyrium
792 2411 1274 2467 vehementissime
1311 2410 1726 2477 cohortabatur,
1769 2411 1855 2466 bis
1879 2412 2019 2468 inter

435 2514 638 2561 caetera
675 2502 860 2560 verbis
892 2518 1016 2558 eum
1063 2504 1408 2558 admonens:
1451 2518 1472 2554 ι
1517 2501 1683 2568 Cave,
1717 2502 1787 2556 mi
1841 2511 2014 2572 pater,

441 2610 511 2650 ne
549 2604 737 2649 nostra
796 2607 960 2649 causa
1012 2594 1340 2650 sententiam
1395 2605 1643 2651 mines.»
1678 2591 1858 2664 Atque
1915 2592 2019 2648 hoc

436 2688 671 2757 primum
732 2684 958 2756 puerilis
996 2683 1114 2753 ejus
1161 2684 1380 2752 indolis,
1408 2691 1463 2739 et
1505 2685 1860 2740 sincerissimi
1889 2699 2015 2756 erga

437 2780 672 2835 divinam
703 2777 1019 2846 religionem
1052 2776 1286 2833 allectus
1318 2777 1590 2847 specimen
1628 2791 1658 2830 a
1685 2777 1841 2832 nobis
1865 2791 2017 2832 com-

439 2879 793 2925 memoratum
823 2871 912 2925 sit.
945 2869 1064 2925 Jam
1088 2878 1201 2924 tum
1230 2869 1375 2924 enim
1415 2868 1537 2923 fidei
1571 2876 1770 2925 nostrae
1818 2868 2019 2922 doctri-

436 2978 561 3018 nam
593 2980 699 3018 non
747 2962 1039 3034 vulgariter
1090 2961 1428 3023 imbiberat,
1482 2970 1666 3030 utpote
1723 2961 1775 3015 in
1813 2959 2015 3014 divinis

2137 473 2347 543 σκοπὴν
2370 473 2564 526 νεωστὶ
2588 472 2709 525 τότε
2741 472 2879 543 μετὰ
2918 473 3201 528 Ἰουλιανδν
3226 476 3538 548 Δημήτριος
3570 477 3722 531 ὑπει-

2131 562 2311 635 λήφει.
2343 562 2438 625 Εἰς
2466 561 2606 632 μέγα
2638 561 2703 633 δὴ
2735 557 2829 616 οὖν
2871 561 2971 634 τῆς
3014 562 3109 617 τοῦ
3148 563 3392 635 διωγμοῦ
3441 569 3722 637 πυρκαϊᾶς

2131 653 2417 726 ἁφθείσης,
2450 651 2544 705 καὶ
2580 652 2788 723 μυρίων
2831 652 2970 707 ὅσων
3001 657 3112 717 τοῖς
3152 655 3292 708 κατά
3319 654 3379 708 τὸ
3416 656 3719 728 μαρτύριον

2130 747 2324 801 ἀναδου
2333 747 2507 818 μένων
2538 745 2838 816 στεφάνοις,
2862 744 3000 816 ἔρως
3026 746 3278 811 τοσοῦτος
3297 748 3599 819 μαρτυρίου
3620 748 3721 820 τὴν

2144 837 2447 909 Ὠριγένους
2470 835 2550 889 ἔτι
2577 836 2775 906 κομιδῆ
2800 837 2988 900 παιδὸς
3009 838 3346 908 ὑπάρχοντος
3367 842 3586 910 κατεῖχε
3613 839 3718 909 ψυ-

2129 929 2260 1000 χὴν,
2286 928 2362 992 ὼς
2390 929 2555 1000 ὁμόσε
2589 930 2700 993 τοῖς
2749 927 3014 991 κινδύνοις
3063 931 3293 1000 χωρεῖν,
3338 931 3628 1001 προπηδᾷν
3659 947 3720 988 τε

2128 1021 2225 1075 καὶ
2257 1022 2433 1093 ὁρμᾷν
2475 1019 2567 1072 ἐπὶ
2595 1020 2685 1072 τὸν
2732 1018 2919 1088 ἀγῶνα
2960 1019 3255 1091 προθύμως
3280 1019 3444 1090 ἔχειν.
3479 1023 3618 1093 Ἤδη
3650 1022 3716 1091 γέ

2127 1126 2209 1162 τοι
2255 1108 2447 1180 μικρὸν
2472 1108 2595 1161 ὅσον
2624 1107 2772 1178 αὐτῷ
2796 1108 2890 1162 καὶ
2913 1109 2981 1162 τά
3016 1110 3115 1180 τῆς
3140 1109 3250 1163 ἀπὸ
3271 1109 3364 1163 τοῦ
3397 1109 3514 1181 βίου
3547 1111 3718 1166 ἀπα).-

2126 1197 2299 1269 λαγῆς
2323 1199 2384 1251 ού
2415 1197 2604 1270 πόρρω
2638 1197 2952 1262 καθίστατο,
3003 1198 3078 1269 μὴ
3110 1200 3231 1271 οὐχι
3278 1201 3378 1273 τῆς
3425 1200 3578 1266 Θείας
3618 1199 3719 1257 καὶ

2126 1287 2376 1360 οὐρανίου
2402 1288 2655 1360 προνοίας
2676 1291 2758 1351 είς
2785 1288 2883 1360 τὴν
2913 1289 3180 1344 πλείστων
3203 1291 3472 1360 ὠφέλειαν
3495 1292 3583 1346 διὰ
3614 1295 3717 1365 τῆς

2126 1380 2291 1434 αὐτοῦ
2328 1380 2532 1451 μητρὸς
2557 1377 2808 1448 ἐμποδὼν
2835 1379 2983 1450 αὐτῷ
3012 1382 3111 1452 τῆς
3145 1382 3454 1453 προθυμίας
3488 1383 3598 1455 (15)
3624 1386 3715 1438 ἐν·

2127 1471 2347 1541 στάσης.
2381 1469 2529 1541 Αὕτη
2577 1470 2674 1540 μὲν
2705 1465 2797 1523 οὖν
2835 1470 2905 1523 τά
2940 1470 3036 1540 μὲν
3076 1470 3270 1543 πρῶτα
3296 1471 3476 1542 λόγοις
3508 1473 3723 1528 ἱκετεύ-

2123 1580 2280 1629 ουσα,
2311 1563 2412 1634 τῆς
2437 1564 2566 1636 περὶ
2603 1563 2764 1618 αὐτὸν
2802 1564 3074 1636 μητρυιῆς
3103 1564 3399 1629 διαθέσεως
3432 1565 3598 1635 φειδὼ
3624 1566 3716 1621 λα-

2125 1655 2240 1709 ϐεῖν
2284 1655 2613 1727 παρεκάλει,
2652 1655 3006 1727 σφοδρότερον
3049 1656 3096 1707 δ’
3133 1656 3480 1711 ἐπιτείναντα
3509 1659 3709 1714 θεασα-

2051 1719 2098 1781 B
2129 1749 2284 1819 μένη,
2319 1719 2407 1800 ὅτε
2435 1719 2606 1816 γνοὺς
2626 1719 2822 1802 mw;
2852 1719 2942 1801 τὸν
2976 1748 3186 1821 πατέρα
3223 1749 3584 1821 δεσμωτηρίῳ
3609 1768 3711 1822 φυ-

2124 1839 2430 1903 λάττεσθαι,
2455 1839 2575 1904 ὅλος
2598 1839 2806 1908 ἐγίνετο
2824 1839 2925 1911 τῆς
2946 1841 3074 1912 περὶ
3095 1840 3156 1894 τὸ
3188 1843 3488 1914 μαρτύριον
3507 1843 3708 1915 ὁρμῆς,

2121 1933 2218 2005 τὴν
2247 1935 2426 1987 πᾶσαν
2458 1932 2619 1986 αὐτοῦ
2646 1933 3080 2005 ἀποκρυψαμένη
3102 1932 3327 2004 ἐσθῆτα,
3356 1934 3495 1988 οἶκοι
3527 1935 3709 2005 μένειν

2122 2027 2365 2099 ἀνάγκην
2383 2027 2605 2098 ἐπῆγεν.
2641 2027 2702 2079 Ὀ
2731 2026 2809 2092 δὲ,
2832 2026 2910 2090 ὡς
2931 2026 3083 2081 οὐδὲν
3116 2025 3243 2082 ἄλλο
3267 2028 3531 2099 πράττειν
3560 2028 3711 2102 αὐτῷ

2122 2118 2328 2191 παρῆν,
2360 2118 2461 2188 τῆς
2484 2117 2793 2188 προθυμίας
2826 2118 2968 2189 ὑπὲρ
2995 2118 3091 2189 τὴν
3123 2117 3338 2190 ἡλικίαν
3365 2120 3710 2192 ἐπιτεινομέ-

2120 2228 2239 2282 νης,
2272 2211 2372 2282 οὐχ
2399 2205 2508 2275 οἷός
2536 2228 2595 2264 τε
2626 2210 2701 2264 ὢν
2730 2212 2959 2284 ἠρεμεῖν
2979 2253 2993 2277 ,
3026 2210 3405 2282 διαπέμπεται
3429 2212 3509 2283 τῷ
3543 2214 3713 2285 πατρὶ.

2120 2317 2671 2390 προτρεπτικωτάτην
2703 2318 2831 2391 περ)⁸
2865 2318 3163 2391 μαρτυρίου
3198 2317 3465 2385 συντάξας
3494 2320 3709 2375 ἐπιστο-

2117 2411 2215 2483 λὴν
2258 2409 2391 2482 (14),
2437 2411 2493 2462 ἐν
2627 2411 2767 2464 κατά
2817 2409 2959 2476 λέξιν
3002 2408 3152 2480 αύτῷ
3199 2413 3456 2482 παραινεῖ
3496 2409 3703 2479 λέγων’

2124 2521 2142 2554 ι
2182 2503 2417 2572 Ἕπεχε,
2452 2500 2525 2573 μὴ
2564 2501 2631 2554 δι’
2672 2502 2828 2572 ἡμᾶς
2868 2501 3001 2557 ἄλλο
3034 2520 3087 2555 τι
3128 2503 3422 2575 φρονήσῃς.
3468 2521 3489 2554 ι
3537 2502 3705 2557 Τοῦτο

2120 2593 2333 2666 πρῶτον
2366 2593 2465 2664 τῆς
2505 2593 2813 2665 Ὠριγένους
2837 2593 3091 2665 παιδικῆς
3120 2594 3423 2665 ἀγχινοίας,
3456 2599 3553 2650 καὶ
3581 2598 3706 2669 περὶ

2089 2686 2216 2766 ⁵τὴν
2242 2684 2551 2739 θεοσέϐειαν
2581 2686 2962 2757 γνησιωτάτης
2996 2686 3322 2752 διαθέσεως,
3355 2687 3703 2760 ἀνάγραπτον

2117 2777 2258 2831 ἔστω
2283 2779 2602 2848 τεκμήριον.
2642 2779 2752 2830 Καὶ¹
2783 2776 2891 2849 γάρ
2919 2778 3017 2850 ἤδη
3053 2777 3147 2831 καὶ
3179 2777 3288 2839 τῶν
3319 2779 3420 2851 τῆς
3470 2782 3706 2845 πίστεως

2117 2870 2289 2940 λόγων
2318 2869 2379 2921 ού
2411 2868 2648 2940 σμικρὰς
2676 2869 2930 2939 ἀφορμὰς
2961 2868 3361 2941 καταϐέϐλητο,
3383 2874 3506 2935 ταῖς
3533 2872 3703 2936 θείαις

2118 2960 2361 3034 Γραφαῖς
2389 2960 2529 3026 ἐξέτι
2566 2961 2750 3024 παιδὸς
2782 2962 3174 3041 ὲνησκημένος.
3202 2963 3277 3015 Οὐ
3307 2963 3548 3036 μετρίως
3576 2964 3706 3034 γοῦν

437 3055 736 3124 Scripturis
761 3053 873 3123 iam
896 3053 1022 3109 inde
1044 3069 1073 3109 a
1100 3067 1264 3123 puero
1290 3052 1643 3108 exercitatus.
1674 3051 1858 3122 Neque
1883 3066 2012 3105 vero

2116 3057 2211 3112 καὶ
2241 3057 2368 3128 περὶ
2410 3055 2615 3120 ταύτας
2645 3055 2981 3126 ἐπεπόνητο,
3016 3055 3110 3109 τοῦ
3145 3056 3349 3131 πατρὸς
3385 3057 3537 3130 αὐτῷ
3569 3058 3703 3132 πρὸς

434 3150 488 3203 in
516 3149 601 3203 bis
645 3148 995 3202 mediocriter
1018 3157 1136 3202 erat
1166 3154 1432 3209 versatus,
1484 3160 1606 3199 cum
1649 3156 1844 3215 pra-ter
1877 3143 2012 3200 libe-

436 3237 634 3293 ralium
689 3238 1101 3309 disciplinarum
1157 3238 1356 3301 sLmlia,
1396 3235 1562 3291 etiam
1596 3235 1769 3291 sacris
1789 3234 2012 3290 Litteris

433 3348 540 3387 non
607 3329 976 3401 perfunctorie
1017 3340 1172 3398 pater
1217 3328 1368 3382 illum
1423 3327 1770 3382 erudivisset.
1799 3325 2007 3396 Quippe

432 3432 560 3477 ante
586 3420 900 3478 Graecarum
937 3418 1241 3473 litterarum
1273 3417 1534 3483 studium,
1573 3417 1743 3471 sacris
1774 3429 1896 3468 eum
1923 3416 2009 3468 di-

431 3514 672 3584 sciplinis
724 3511 973 3568 exerceri
1045 3509 1396 3581 praecipiebat
1448 3509 1764 3577 :quosdam
1813 3506 2009 3561 divina:

433 3605 730 3676 Scriptura).
788 3603 938 3659 locos
1000 3601 1278 3657 memoria:
1333 3599 1596 3656 mandare
1654 3614 1721 3654 ac
1779 3600 2008 3655 recitare

434 3697 678 3770 quotidie
729 3696 881 3752 illum
921 3694 1141 3765 iubens.
1200 3693 1312 3749 Nec
1356 3709 1487 3751 vero
1513 3696 1667 3766 pueri
1697 3694 1912 3750 animus
1938 3692 2006 3748 ab

500 3894 610 3966 (l3)
638 3894 943 3967 Ἐμποδὼν
963 3894 1123 3962 αὐτῷ
1138 3895 1247 3966 τῆς
1266 3896 1617 3966 προθυμίας.
1641 3894 1697 3948 In
1727 3893 1866 3967 libro
1900 3893 2014 3948 Mo-

430 3964 522 4020 rmi
552 3964 621 4036 ad
657 3964 952 4034 marginem
981 3964 1324 4022 emendatum
1361 3964 1564 4029 iuveni,
1593 3964 1847 4036 αὐτοῦτῇ
1880 3981 2005 4035 προ-

428 4035 599 4108 θυμίᾳ
637 4036 1102 4108 bardeus-{Quod
1132 4037 1595 4108 etiautGrutcrus
1632 4034 1865 4108 inlibro
1905 4034 2004 4088 Suo

430 4104 805 4174 aduo'taverat.
841 4104 949 4159 Sed
976 4104 1097 4160 cum
1136 4107 1325 4174 scripti
1354 4106 1571 4161 codices
1597 4104 1730 4158 nihil
1770 4113 2001 4174 mutent,

431 4172 710 4243 vulgatam
747 4173 1032 4229 lectionem
1065 4172 1403 4243 retinendam
1440 4190 1559 4228 esse
1590 4174 1847 4227 arbitror.
1890 4173 2002 4243 Τῆς

430 4242 739 4316 προθυμίας
769 4244 948 4316 igitur
999 4242 1239 4316 refertur
1276 4246 1342 4298 ad
1386 4245 1703 4316 adverbium
1732 4242 2008 4316 ἐμποδών,

429 4312 575 4437 {lead
608 4312 856 4384 genitivo
893 4312 1263 4384 conjungitur,
1307 4326 1363 4370 ct
1399 4315 1480 4370 sic
1529 4312 1701 4370 ϐπερὶ
1744 4313 1891 4383 loqui
1923 4329 2009 4369 so-

451 4393 559 4437 ent.

451 4393 559 4439 θυι.

502 4452 615 4525 (ll)
632 4452 773 4525 Περὶ
789 4452 1116 4525 μαρτυρίου
1132 4452 1440 4521 συντάξας
1456 4450 1809 4525 ἐπιστολήν.
1833 4451 2001 4508 Codd.

433 4522 603 4587 Med,
628 4522 799 4589 Mam,
824 4523 960 4578 Fuk.
983 4522 1050 4579 et
1084 4525 1255 4578 Savil.
1287 4540 1472 4581 vocem
1500 4523 1763 4588 συντάξας
1795 4525 2005 4579 addunt

430 4610 551 4664 quae
588 4595 806 4648 iueditis
845 4607 1006 4649 antea
1034 4597 1242 4649 deerat.

502 4666 612 4735 (l5)
644 4663 794 4735 ,Τῶν
845 4664 1180 4735 ἐγκυκλίων
1205 4665 1461 4734 παιδείᾳ.
1497 4664 1671 4721 (ἶνωοὶ
1701 4662 2003 4735 ἐγκυκλίων

432 4734 772 4807 μαθημάτων
792 4734 1024 4807 nomine
1046 4735 1297 4807 liberales
1336 4736 1646 4807 intelligunt
1664 4734 1999 4805 disciplinas,

430 4804 629 4873 quibus
654 4805 804 4874 pueri
824 4804 1246 4859 instituebantur
1262 4825 1284 4862 ι
1306 4804 1748 4861 mathematicam
1767 4804 1999 4870 sellicet,

429 4877 842 4945 grammaticam
889 4888 951 4928 et
987 4875 1336 4933 rhetoricam.
1377 4876 1725 4944 Philosophia
1775 4892 1905 4930 vero
1930 4891 1999 4930 eo

430 4944 648 4999 nomine
672 4959 776 5015 non
803 4946 1130 5015 continetur,
1154 4948 1294 5013 quod
1331 4947 1628 5000 innumeris
1663 4947 1996 5015 scriptorum

433 5013 757 5084 testimoniis
788 5012 1003 5084 probari
1037 5012 1231 5081 potest.
1279 5015 1371 5069 Sic
1426 5016 1697 5084 Diogenes
1746 5012 1999 5069 Laertius

430 5082 485 5137 in
505 5080 714 5152 Zenone
745 5090 800 5134 et
829 5082 882 5134 in
915 5080 1228 5152 Chrysippo,
1257 5096 1310 5139 et
1362 5086 1414 5138 in
1469 5080 1763 5138 De'mocrito
1782 5101 1802 5139 :
1832 5084 2002 5139 Maxi-

432 5165 552 5205 mus
575 5149 771 5218 Tyrius
818 5149 1071 5207 sermone
1096 5149 1158 5207 21
1189 5156 1479 5217 ;Clemcns
1513 5155 1919 5209 Alexandrinus
1946 5159 1996 5208 in

434 5221 526 5292 lib.
556 5235 591 5274 ιι
622 5216 921 5287 Stromatei,
946 5233 1000 5275 et
1030 5216 1298 5292 Eusebius
1327 5225 1438 5292 ipse
1471 5225 1522 5277 in
1555 5238 1674 5292 cap.
1710 5225 1796 5285 l8,
1831 5224 1994 5278 infra.

433 5289 571 5344 Hinc
614 5302 716 5363 est
745 5293 887 5358 quod
922 5293 1155 5363 (Ariston
1203 5289 1367 5356 Ceus,
1394 5294 1590 5348 nobilis
1613 5289 1993 5363 philosophus,

431 5376 526 5412 eus
547 5361 637 5431 qui
670 5360 1077 5431 philosophiam
1106 5371 1520 5418 contemnentes
1544 5360 1704 5418 cuine
1753 5360 1990 5419 studium

433 5430 589 5502 suum
634 5431 688 5483 in
723 5430 826 5502 illis
851 5430 1160 5499 ἐγκυκλίοις
1200 5433 1505 5502 disciplinis
1527 5434 1893 5500 collocabant,
1928 5435 1997 5488 si-

434 5498 585 5574 miles
608 5498 973 5574 essedicebat
1019 5504 1200 5570 procis
1246 5498 1563 5574 Penelopes,
1594 5507 1741 5574 quia
1778 5498 1994 5559 domina

434 5569 629 5639 repulsi
673 5568 737 5621 ad
787 5568 1107 5625 ancillas-se
1135 5568 1556 5639 convertebant,
1580 5568 1633 5628 ui
1668 5575 1833 5627 refert
1868 5575 1995 5628 Sto-

433 5637 579 5691 lncus
605 5640 657 5693 in
691 5654 941 5694 sermone
989 5640 1077 5695 5‘2.
1123 5641 1184 5696 Et
1217 5641 1288 5696 ita
1319 5637 1537 5714 quidem
1592 5643 1895 5715 philosophi
1925 5645 1991 5700 ab

2117 3151 2183 3220 τῇ
2208 3146 2324 3201 ’τῶν
2356 3146 2660 3217 ἐγκυκλίων
2693 3144 2911 3219 παιδείᾳ
2937 3146 3070 3218 (15),
3121 3148 3218 3201 καὶ
3244 3147 3449 3205 τούτων
3471 3150 3534 3204 ού
3563 3150 3705 3206 κατά

2119 3237 2396 3308 πάρεργον
2432 3235 2531 3306 τὴν
2573 3234 2828 3307 φροντίδα
2874 3240 3266 3308 πεποιημένου.
3318 3237 3408 3304 Ἐξ
3458 3239 3700 3306 ἅπαντος

2117 3326 2247 3398 γοῦν
2297 3328 2492 3389 αὐτὸν,
2533 3328 2640 3399 πρὸ
2682 3328 2779 3399 τῆς
2822 3327 2932 3381 τῶν
2983 3329 3308 3400 Ἑλληνικῶν
3359 3328 3700 3405 μαθημάτων

2121 3419 2369 3490 μελέτης,
2401 3418 2562 3491 ἐνῆγε
2588 3422 2698 3483 τοῖς
2744 3421 2909 3492 ίεροίς
2935 3423 3280 3477 ἐνασκεῖσθαι
3312 3424 3698 3497 παιδεύμασιν,
3754 3428 3761 3432 ’

2118 3509 2450 3583 ἐκμαθήσεις
2480 3509 2574 3564 καὶ
2618 3511 2957 3580 ἀπαγγελίας
3001 3501 3211 3583 ἡμέρας
3260 3515 3497 3586 ἑκάστης
3541 3517 3701 3573 αὑτὸν

2115 3602 2710 3674 είσπραττόμενος.ούκ
2731 3604 3108 3677 ἀπροαιρέτως
3128 3604 3185 3659 δέ
3206 3605 3379 3660 ταῦτα
3402 3607 3612 3676 ἐγίνετο
3625 3609 3702 3682 τῷ

2116 3691 2284 3759 παιδὶ,
2297 3691 2435 3747 ἀλλά
2448 3693 2542 3749 καὶ
2557 3691 2695 3763 ἄγαν
2708 3694 3092 3766 προθυμότατα
3105 3695 3235 3768 περὶ
3242 3695 3413 3750 ταῦτα
3426 3700 3695 3754 πονοῦντι·

2124 3895 2218 3966 illo
2244 3892 2657 3966 disciplinarum
2703 3893 2837 3949 orbe
2867 3894 3266 3966 philosophiam
3313 3901 3692 3956 semovebant.

2110 3964 2380 4020 Rhetores
2409 3979 2539 4018 vero
2559 3965 2725 4019 etiam
2752 3964 3174 4020 rhetoricam—ex
3205 3967 3295 4021 illo
3319 3984 3550 4026 numero
3578 3974 3694 4024 exi-

2114 4037 2357 4089 mebant.
2372 4029 2447 4085 lta
2464 4029 2750 4099 Dionysius
2765 4027 3497 4101 Halicarnassensisepistola
3517 4038 3584 4092 ad
3599 4041 3699 4096 Tu.

2115 4105 2372 4182 beronem
2412 4105 2480 4159 de
2519 4103 2852 4182 Thucydidis
2886 4107 3105 4182 dotibus
3134 4124 3148 4161 :
3178 4108 3255 4161 Οὐ
3276 4108 3388 4182 γᾲρ
3412 4109 3694 4182 ἀγοραίοις

2102 4173 2443 4249 ’ἀνθρῴποις,
2489 4172 2994 4249 ούδὲ-ἐπιδιφρίοις
3038 4176 3073 4249 ἢ
3119 4172 3534 4249 χειροτέίναιςί
3559 4172 3695 4236 ἀλλά

2116 4242 2343 4324 ἀνδράσι
2370 4243 2457 4324 δια
2483 4242 2591 4324 τῶν
2627 4242 2931 4324 ἐγκυκλίων
2957 4242 3311 4324 ’μαθημάῂον
3334 4242 3694 4324 "Eximit-09;-

2120 4312 2232 4389 κήν
2263 4332 2322 4369 τε
2373 4312 2465 4368 καὶ
2513 4312 2830 4389 φιλοσοφίαν
2858 4312 3194 4388 ἐληλυθόσιν.
3220 4317 3406 4373 Theon
3445 4312 3689 4389 sophista

2048 4385 2092 4441 ι)
2121 4385 2319 4461 ἱιιίρεο
2363 4387 2816 4461 exercitationum
2853 4385 3367 4461 suarum‘exordio,
3399 4385 3687 4461 postquam

2120 4458 2570 4525 retulitveterum
2611 4455 2936 4520 eloquentia:
2963 4456 3352 4525 magistrorum
3389 4455 3689 4516 lianc-fere

2108 4523 2279 4581 fuisse
2302 4525 2653 4595 sententiam,
2680 4541 2784 4578 non
2818 4527 2920 4580 nisi
2960 4523 3084 4595 post
3119 4526 3476 4595 philosophia:
3506 4533 3684 4586 studia

2108 4594 2531 4671 condiscendam
2557 4609 2678 4650 esse
2705 4594 3079 4671 _r_heturic’mn.
3113 4596 3266 4671 Nunc
3294 4594 3444 4671 very,
3486 4600 3683 4671 inquit,

2110 4673 2317 4736 tantum
2381 4663 2554 4736 abest,
2593 4674 2662 4736 ut
2705 4664 2757 4718 id
2800 4675 3058 4732 praestent
3082 4666 3348 4736 plerique,
3377 4665 3520 4721 ὥστε
3560 4663 3687 4727 δοδδ

2102 4733 2210 4811 τῷν
2238 4732 2542 4811 ἐγκυκλίων
2580 4734 2938 4811 καλουμένων-
2979 4732 3316 4811 μάτων
3337 4732 3341 4734 ’
3360 4739 3540 4793 ὁτιοῦν
3588 4759 3684 4811 με·

2101 4804 2541 4875 ταλαμϐάνοντες
2574 4804 2827 4860 ἀττουσιν
2856 4807 2951 4860 ἐπὶ
2977 4804 3038 4861 τὸ
3068 4804 3267 4875 λέγειν.
3310 4811 3448 4863 Sunt
3503 4804 3684 4866 tamen

2104 4877 2194 4948 qui
2247 4874 2552 4948 ἐγκυκλίων
2604 4877 2826 4948 nomine
2863 4886 2929 4948 _et
2982 4874 3307 4948 rhetoricam
3344 4887 3400 4932 et
3446 4880 3687 4948 philoso-

2103 4945 2480 5019 phiam'ipsam
2511 4945 2994 5019 comprehendant,
3021 4945 3597 5019 utV‘itruviusin'rcap.
3629 4953 3681 5018 l,

2103 5014 2196 5089 l_i_b.
2226 5030 2265 5082 ι,
2297 5026 2353 5068 et
2383 5016 2611 5089 Tzetzes
2636 5014 2693 5069 in
2726 5014 3084 5089 utilitatibus.
3122 5015 3231 5089 Sed
3258 5032 3352 5071 eos
3379 5017 3492 5089 falli
3526 5014 3679 5089 puto.

2102 5082 2237 5138 Nam
2272 5101 2466 5141 nomen
2500 5087 2675 5154 ipsum
2721 5084 3029 5154 ἐγκύκλιος,
3080 5087 3307 5156 vulgare
3361 5082 3568 5155 aliquid
3625 5101 3682 5146 et

2101 5159 2388 5222 protritum
2438 5157 2730 5226 significat.
2776 5157 2909 5210 Hine
2956 5165 3041 5210 est
3098 5161 3242 5226 quod
3302 5161 3445 5226 apud
3494 5160 3683 5215 Dento.

2100 5226 2347 5298 sthenem
2388 5225 2675 5298 ἐγκύκλιοιΔ
2719 5224 3053 5298 λειτουργίαι
3096 5224 3351 5298 dicuntur
3409 5228 3680 5284 solemnes

2099 5305 2149 5348 et
2187 5297 2481 5350 ordinaria:
2511 5295 2831 5354 functiones,
2860 5295 2983 5364 qiue
3031 5296 3445 5365 distinguuntur
3476 5314 3506 5350 a
3544 5303 3676 5354 trie—

2100 5365 2349 5419 rarchiis.
2377 5365 2468 5418 liae
2494 5380 2733 5432 namque
2764 5368 3103 5433 gravissimae
3128 5373 3286 5418 erant
3311 5378 3364 5421 et
3395 5370 3678 5423 onerosis-

2097 5434 2267 5489 simae.
2298 5435 2465 5490 Recte
2497 5434 2659 5504 igitur
2692 5435 3014 5489 Ammonius
3047 5435 3121 5488 De
3149 5435 3471 5504 (li/ferentiis
3519 5453 3676 5492 voca-

2096 5504 2364 5580 bulorum,
2397 5502 2536 5580 ραις
2557 5502 2635 5568 δὲ,
2662 5505 2861 5580 inquit,
2901 5503 3044 5580 δ
3078 5504 3185 5580 τῷν
3219 5502 3529 5580 ἐγκυκλίων
3573 5523 3674 5580 μαν-

2094 5574 2355 5646 θημάτων
2391 5575 2688 5644 δυνάμενος
2731 5574 2885 5628 ἰέναι.
2923 5575 3054 5631 Vide
3081 5576 3431 5633 scholiastetn
3468 5574 3677 5634 Arieta-

2064 5645 2290 5715 ‘phanis
2315 5647 2366 5699 in
2406 5645 2705 5715 Equt'libus,
2735 5661 2855 5716 pag.
2904 5646 3030 5702 297.
