4012 6256
422 292 530 348 ,κατ

1131 285 1403 343 EUSEBll
1428 283 1922 347 ,C‘ESARIENiIS
1960 284 1987 340 ί

2099 326 2110 338 .
2156 283 2336 338 PARS
2370 285 2413 339 l.
2464 316 2529 327 -
2566 283 2962 342 ιιιδτοιιιοΑ.

3596 277 3713 345 σεε

419 413 514 482 qui
544 406 822 465 tradendis
841 405 962 461 ﬁdei
994 413 1196 460 nostra:
1224 405 1548 460 rudimentis
1566 419 1793 473 operam
1825 406 1987 459 daret.

2106 405 2401 476 ἐγγράφως
2434 407 2653 477 ἱστορεῖ,
2693 405 2921 476 μηδενός
2947 422 3008 458 τε
3036 406 3127 459 ἐπὶ
3154 406 3254 478 τῆς
3292 406 3711 481 Ἀλεξανδρείας

419 502 676 560 omnibus
712 500 782 555 ob
813 496 1206 567 persecutionis
1248 506 1450 550 metum
1493 497 1667 566 pulsis
1694 512 1755 552 ac
1776 495 1996 568 fugatis,

420 593 639 666 quidam
700 605 766 645 ex
833 589 1127 659 gentilibus
1202 588 1377 658 ipsum
1437 587 1637 645 scholae
1710 589 1998 644 etiannum

420 694 704 740 vacantem
736 693 905 750 atque
939 679 1157 734 allixum
1182 719 1198 743 ,
1235 689 1293 732 ιιι
1331 680 1398 734 de
1435 694 1496 734 se
1540 680 1743 736 alicubi
1784 684 1998 748 scribit,

418 778 692 841 adierunt,
741 775 967 829 verbum
1002 772 1095 828 Dei
1127 787 1196 842 ex
1233 786 1301 826 eo
1331 773 1592 828 audituri.
1655 770 1804 829 Inter
1862 791 1999 844 quos

416 870 652 941 primum
683 866 848 921 fuisse
883 874 1114 920 testatur
1144 862 1497 920 Plutarchum
1531 884 1544 920 :
1572 866 1663 934 qui
1691 876 1810 935 post
1832 868 1997 922 vitam

418 963 647 1018 honeste
680 967 1050 1023 transactam,
1077 973 1233 1014 sacro
1263 958 1426 1012 etiam
1474 959 1739 1029 martyrio
1766 973 2001 1013 corona-

419 1067 504 1111 tus
550 1063 654 1109 est.
724 1052 1034 1108 Secundum
1081 1050 1372 1108 lleraclam
1419 1050 1661 1117 eiusdem
1719 1049 1997 1107 Plutarchi

415 1146 687 1203 fratrem:
723 1146 814 1215 qui
855 1161 978 1199 cum
1026 1144 1144 1212 ipse
1177 1158 1392 1215 quoque
1439 1143 1830 1215 philosophiae
1873 1145 1999 1200 vit-.e

416 1253 482 1294 ac
543 1236 895 1293 districtioris
951 1235 1239 1305 cujusdam
1311 1234 1615 1304 disciplina:
1669 1236 1995 1291 documenta

414 1330 646 1401 plurima
673 1330 814 1400 apud
856 1331 1030 1399 ipsqu
1056 1329 1403 1399 prmbuisset,
1453 1337 1575 1400 post
1617 1340 1847 1383 mortem
1895 1327 1998 1383 De-

413 1423 597 1478 metrii
648 1421 1034 1476 Alexandrina:
1096 1420 1248 1476 urbis
1296 1421 1613 1491 episcopatu
1665 1422 1860 1491 dignus
1913 1429 1998 1476 est

413 1515 674 1572 habitus.
711 1514 925 1568 Annum
967 1527 1129 1584 porro
1188 1514 1363 1568 rotatis
1422 1520 1677 1567 octavum
1723 1513 1993 1566 decimum

411 1605 607 1677 agebat
653 1614 779 1660 tunc
830 1620 952 1660 cum
998 1601 1410 1658 catechumeuis
1465 1602 1814 1658 instituendis
1855 1618 1991 1673 pra:-

411 1697 591 1755 t‘ectus
614 1707 719 1752 est.
758 1699 878 1764 Quo
905 1697 959 1751 in
1001 1710 1229 1751 munere
1258 1695 1528 1750 maximos
1569 1695 1702 1751 fecit
1744 1710 1994 1766 progres-

2101 498 2180 569 τῷ
2207 500 2468 571 κατηχεῖν
2495 498 2878 569 ἀνακειμένου,
2912 496 3130 551 πάντων
3169 498 3227 551 δὲ
3272 497 3709 571 ἀπεληλαμὲνων

2102 591 2207 644 ὑπὸ
2229 591 2328 661 τῆς
2365 587 2594 661 ἀπειλῆς
2618 589 2713 642 τοῦ
2753 588 3015 659 διωγμοῦ,
3047 589 3357 660 προσῄεσαν
3383 590 3533 660 αύτῷ
3554 608 3708 657 τινες

2098 680 2209 734 ἀπὸ
2233 679 2340 733 τῶν
2385 678 2553 732 ἐθνῶν
2583 680 2940 750 ἀκουσόμενοι
2966 679 3056 733 τὸν
3085 680 3240 749 λόγον
3284 680 3380 734 τοῦ
3410 681 3566 734 Θεοῦ.
3594 678 3703 737 τΩν

2100 773 2314 844 πρῶτον
2337 770 2758 844 ἐπισημαίνεται
2782 772 3063 842 γεγονέναι
3088 773 3451 845 Πλούταρχον,
3476 776 3535 841 ὃς
3556 776 3703 849 μετὰ

2097 863 2158 918 τὸ
2188 862 2376 934 βιῶναι
2401 862 2511 936 (18)
2575 864 2777 929 καλῶς,
2815 864 2910 917 καὶ
2971 865 3253 937 μαρτυρίῳ
3294 865 3424 938 θείῳ
3470 886 3703 923 κατεκο-

2103 954 2282 1026 σμήθη
2308 970 2321 984 °
2348 955 2599 1026 δεύτερον
2644 955 2703 1008 Ἦ
2715 955 2919 1027 ρακλᾶν
2948 955 3041 1009 τοῦ
3058 955 3403 1029 Πλουτάρχου
3443 946 3695 1029 ἀδελφὸν,

2096 1042 2156 1107 ὃς
2179 1043 2242 1115 δὴ
2272 1045 2366 1098 καὶ
2393 1044 2556 1107 αὐτὸς
2595 1046 2725 1116 παρ’
2770 1045 2919 1119 αὐτῷ
2949 1045 3212 1118 πλείστην
3251 1048 3540 1119 φιλοσόφου
3570 1051 3695 1122 βίου

2096 1137 2191 1189 καὶ
2236 1136 2524 1209 ἀσκήσεως
2570 1136 2841 1204 ἀπόδειξιν
2906 1139 3241 1210 παρασχὼν,
3277 1140 3380 1212 τῆς
3439 1142 3689 1213 Ἀλεξαντ

2095 1226 2267 1298 δρέων
2301 1227 2439 1299 μετά
2480 1229 2792 1299 Δημήτριον
2824 1230 3134 1300 ἐπισκοπῆς
3157 1230 3424 1297 ἀξιοῦται.
3458 1235 3618 1298 Ἔτος
3644 1235 3687 1287 δ’

2093 1314 2229 1390 ἦγεν
2273 1320 2738 1374 ὀκτωκαιδέκατον
2762 1359 2778 1384 ,
2815 1321 2937 1375 καθ’
2978 1322 3007 1374 δ
3055 1322 3150 1376 τοῦ
3189 1323 3287 1394 τῆς
3329 1327 3692 1397 κατηχήσεως

2095 1412 2335 1484 προέστη
2375 1411 2769 1466 διδασκαλείου.
2815 1414 2902 1467 Ἐν
2927 1407 2971 1481 ᾧ
3000 1415 3093 1467 καὶ
3125 1416 3423 1486 προκόπτει
3464 1418 3688 1471 ἐπὶτῶν

2095 1505 2236 1559 κατά
2261 1504 2491 1559 Ἀκύλαν
2514 1507 2612 1578 τῆς
2651 1507 3057 1578 Ἀλεξανδρείας
3082 1511 3384 1582 ἡγούμενον
3406 1513 3683 1584 διωγμῶν,

2092 1596 2183 1650 ὅτε
2214 1598 2306 1651 καὶ
2337 1598 2572 1669 μάλιστα
2614 1598 2897 1671 διαϐόητον
2934 1602 3205 1672 ἐκτήσατο
3236 1603 3387 1675 παρά
3415 1608 3550 1659 πᾶσι
3575 1611 3687 1672 τοῖς

2095 1688 2203 1742 ἀπὸ
2224 1691 2324 1761 τῆς
2367 1692 2603 1756 πίστεως
2626 1693 2973 1764 ὁρμωμένοις
2996 1692 3234 1765 τοῦνομα
3252 1737 3267 1760 ,
3295 1696 3362 1750 δι’
3393 1698 3459 1769 ἦν
3487 1698 3683 1752 ἐνεδεί-

411 1803 507 1844 sus
552 1797 796 1857 tempore
854 1785 1302 1858 persecutionum
1356 1785 1569 1841 illarum
1626 1801 1747 1856 quae
1794 1786 1985 1857 Aquila

2091 1799 2255 1836 κνυτο
2282 1783 2419 1856 πρὸς
2443 1783 2690 1848 ἅπαντας
2716 1786 2842 1848 τοὺς
2870 1785 3056 1853 ἁγίους
3084 1787 3335 1855 ἀγνῶτας
3364 1790 3458 1843 καὶ
3484 1791 3684 1862 γνωρί-

410 1878 792 1948 praefecturam
826 1887 1048 1948 gerente
1063 1875 1413 1931 Alexandriae
1440 1877 1809 1944 contigerunt.
1842 1877 1992 1933 Tunc

410 1970 680 2041 siquidem
702 1970 847 2039 apud
876 1970 1165 2024 universos
1207 1969 1393 2024 ﬁdeles
1427 1970 1724 2022 maximam
1755 1971 1991 2025 nominis

409 2062 787 2117 celebritatem
829 2060 1059 2130 adeptus
1095 2070 1219 2128 est,
1262 2063 1334 2116 0b
1377 2060 1565 2115 sedula
1608 2059 1994 2117 benevolentiae

406 2161 575 2222 atque
608 2150 964 2205 humanitatis
989 2150 1186 2218 oﬁicia,
1215 2166 1339 2219 quae
1378 2149 1634 2207 erunibus
1666 2151 1870 2207 sanctis
1898 2152 1991 2208 Dei

407 2243 743 2311 martyribus
763 2243 907 2297 notis
938 2244 1144 2312 pariter
1162 2253 1325 2312 atque
1357 2242 1557 2312 ignotis
1583 2244 1995 2314 promptissime

406 2334 723 2389 exhibebat.
761 2332 950 2404 Neque
980 2334 1127 2388 enim
1171 2333 1281 2388 illis
1313 2334 1579 2390 hactenus
1627 2350 1814 2390 comes
1862 2337 1992 2390 ade-

409 2436 517 2492 rat,
556 2426 683 2481 dum
716 2427 771 2481 in
802 2422 1029 2481 vinculis
1065 2435 1268 2493 essent,
1300 2436 1393 2481 aut
1422 2427 1548 2481 dum
1590 2429 1658 2482 ad
1690 2438 1990 2482 extremam

406 2532 583 2586 usque
621 2517 956 2572 sententiam
992 2517 1462 2588 interrogarentur
1494 2535 1508 2571 ι
1535 2520 1628 2573 sed
1673 2530 1792 2588 post
1822 2520 1989 2573 latam

407 2625 628 2680 quoque
661 2610 1020 2675 sententiam,
1064 2626 1184 2664 cum
1213 2611 1549 2667 sanctissimi
1607 2624 1880 2682 martyres
1921 2612 1990 2666 ad

405 2703 733 2772 supplicium
785 2702 1208 2770 adducerentur,
1264 2703 1383 2774 ipse
1421 2703 1734 2759 incredibili
1792 2705 1990 2759 ﬁducia

405 2796 703 2863 praeditus,
765 2805 821 2850 et
875 2796 1121 2864 pericula
1189 2796 1303 2867 ipsa
1363 2810 1671 2866 provocans
1747 2797 1987 2852 astabat.

406 2887 559 2942 Adeo
596 2897 656 2945 ut
704 2902 1078 2955 saepenumero
1106 2905 1229 2943 eum
1280 2887 1541 2943 audacter
1584 2888 1890 2953 accederet,
1935 2899 1992 2944 et

407 2989 679 3050 martyres
701 2993 915 3034 summa
954 2995 1075 3036 cum
1103 2981 1358 3037 libertate
1382 2979 1571 3035 osculo
1600 2978 1894 3045 salutaret,
1921 2981 1989 3035 ab

406 3072 596 3127 insana
626 3073 906 3143 gentilium
932 3074 1282 3129 multitudine
1302 3077 1696 3129 circumstante
1715 3072 1989 3143 lapidibus

396 3163 626 3235 5amjam
679 3163 993 3219 obruendus
1041 3165 1337 3231 videretur,
1378 3165 1483 3219 nisi
1526 3164 1774 3219 dextram
1821 3164 1985 3217 divini
2017 3139 2058 3197 (ἶ

405 3258 657 3315 Numinis
690 3258 859 3314 semel
878 3257 1199 3329 adiutricem
1227 3263 1437 3323 nactus,
1456 3266 1655 3324 prceter
1676 3255 1986 3325 Opinionem

404 3352 644 3408 omnium
702 3351 991 3407 evasisset.
1040 3348 1241 3403 Eadem
1291 3347 1382 3402 illa
1427 3348 1606 3402 divina
1656 3362 1720 3401 ac
1752 3346 1989 3402 caelestis

406 3444 578 3514 gratia
608 3444 755 3499 illum
785 3444 967 3498 multis
992 3453 1122 3497 tunc
1151 3440 1366 3497 insidiis
1406 3441 1715 3510 appetitum
1756 3441 1825 3495 0b
1849 3440 1989 3493 ﬁdu-

404 3538 549 3592 ciam
585 3550 750 3607 atque
775 3536 1112 3591 alacritatem
1151 3533 1204 3588 in
1228 3532 1584 3602 praedicanda
1616 3531 1820 3588 Christi
1859 3532 1984 3597 ﬁde,

407 3625 542 3684 alias
591 3629 788 3683 iterum
839 3636 1006 3697 atque
1046 3626 1206 3693 alias,
1264 3640 1367 3680 nec
1411 3626 1520 3680 dici
1565 3634 1744 3694 potest
1772 3624 1988 3695 quoties

405 3719 681 3775 liberavit.
720 3719 893 3774 Porro
935 3718 1171 3791 gentiles
1205 3719 1344 3774 adeo
1387 3729 1676 3773 cruentum
1707 3718 1756 3772 ei
1786 3717 1984 3772 bellmn

407 3813 743 3877 indixerant,
771 3824 830 3868 ut
852 3814 904 3867 in
926 3829 1088 3868 unum
1108 3813 1318 3868 collecti
1344 3827 1409 3867 ac
1436 3810 1739 3882 conglobati
1762 3809 1983 3867 domum

407 3903 461 3958 in
492 3919 598 3973 qua
630 3903 911 3967 manebat,
942 3903 1223 3974 dispositis
1255 3903 1520 3958 militibus
1549 3904 1885 3967 obsiderent,
1917 3903 1986 3959 0b

406 3994 810 4047 multitudinem
870 3992 1031 4063 205
1083 4009 1270 4047 eorum
1320 3994 1411 4062 qui
1448 4008 1619 4048 sacra:
1676 3994 1796 4047 ﬁdei
1845 3994 1987 4047 rudi-

404 4095 589 4140 menta
628 4085 695 4137 ab
730 4085 851 4153 ipso
891 4085 1289 4153 percipiebant.
1345 4084 1746 4137 Persecutionis
1803 4092 1982 4137 autem

404 4176 556 4230 [ιιι-οι·
588 4184 874 4243 tantopere
897 4174 1160 4229 adversus
1182 4189 1304 4228 eum
1341 4175 1744 4229 accendebatur
1764 4175 1817 4229 in
1843 4175 1980 4240 dies,

402 4277 464 4321 ut
485 4276 597 4321 tota
622 4265 1114 4320 Alexandrinorum
1135 4267 1327 4320 civitas
1349 4266 1577 4319 ulterius
1593 4266 1768 4335 ipsum
1786 4281 1982 4336 capere

402 4371 510 4412 non
552 4366 770 4426 posset;
803 4355 928 4411 dum
958 4370 1018 4410 cx
1050 4356 1173 4412 aliis
1213 4358 1434 4428 quidem
1480 4356 1691 4413 uadibus
1742 4357 1795 4411 in
1824 4358 1981 4414 alias

400 4450 601 4522 migrat
630 4469 642 4504 :
669 4448 911 4527 undique
960 4465 1091 4507 vero
1140 4450 1445 4521 exagitatus
1475 4449 1714 4520 fugatur,
1753 4459 1979 4520 pr0pter

2096 1893 2231 1947 μους
2262 1876 2546 1949 μάρτυρας
2574 1878 2821 1945 δεξίωσίν
2844 1896 2904 1932 τε
2929 1878 3027 1932 καὶ
3055 1880 3381 1952 προθυμίαν.
3415 1883 3491 1936 Οὐ
3527 1884 3685 1954 μόνον

2092 1968 2202 2040 γὰρ
2246 1969 2304 2021 ἐν
2348 1969 2568 2041 δεσμοῖς
2612 1971 3005 2042 τυγχάνουσιν,
3046 1974 3167 2029 οὐδὲ
3205 1975 3396 2047 μέχρις
3446 1976 3683 2047 ὑπάτης

2093 2061 2422 2132 ἀποφάσεως
2462 2063 2905 2135 ἀνακρινομένοις
2953 2066 3117 2137 συνῆν
3137 2106 3152 2131 ,
3193 2066 3329 2120 ἀλλὰ
3386 2069 3480 2121 καὶ
3545 2068 3682 2139 μετά

2091 2152 2297 2224 ταύτην
2320 2153 2686 2225 ἀπαγομένοις
2713 2155 2812 2227 τὴν
2840 2156 2933 2209 ἐπὶ
2959 2156 3175 2227 Θανάτῳ
3208 2160 3321 2221 τοῖς
3344 2158 3517 2226 ἁγίοις
3546 2158 3682 2228 μάρο

2091 2261 2213 2298 τυσι
2236 2245 2402 2318 πολλῇ
2439 2248 2506 2318 τῇ
2535 2247 2816 2318 παρρησία
2859 2246 3178 2319 χρώμενος,
3223 2250 3318 2302 καὶ
3360 2249 3527 2320 ὁμόσε
3571 2252 3682 2311 τοῖς

2093 2337 2358 2401 κινδύνοις
2402 2335 2624 2408 χωρῶν·
2651 2335 2792 2388 ὥστε
2833 2337 2935 2407 ἤδη
2965 2336 3126 2390 αὑτὸν
3165 2336 3458 2407 προσιόντα
3481 2335 3683 2408 θαρσα-

2092 2431 2248 2495 λέως,
2268 2433 2362 2485 καὶ
2389 2432 2515 2494 τοὺς
2545 2430 2829 2502 μάρτυρας
2862 2429 2999 2500 μετά
3031 2428 3231 2500 πολλῆς
3257 2428 3569 2501 παρρησίας
3597 2446 3685 2498 φι-

2092 2523 2292 2595 λήματι
2317 2522 2811 2595 προσαγορεύοντα,
2840 2521 3098 2586 πολλάκις
3123 2524 3409 2594 ἐπιμανεὶς
3438 2524 3467 2575 ό
3494 2523 3555 2575 ἐν
3588 2523 3685 2575 κύ-

2092 2614 2204 2685 κλῳ
2236 2614 2345 2669 τῶν
2367 2614 2537 2668 ἐθνῶν
2570 2614 2760 2685 δῆμος,
2795 2613 2991 2686 μικροῦ
3017 2615 3127 2668 δεῖν
3162 2614 3506 2679 κατέλευσεν,
3530 2617 3579 2667 εί
3606 2615 3681 2686 μὴ

2090 2709 2190 2778 τῆς
2212 2707 2363 2771 θείας
2383 2706 2563 2774 δεξιᾶς
2599 2707 2794 2779 βοηθοῦ
2823 2708 3078 2774 καθάπαξ
3107 2707 3413 2777 τυγχάνων,
3448 2707 3684 2779 παραδό-

2093 2798 2199 2865 ξως
2221 2799 2607 2871 διεδίδρασκεν.
2639 2801 2703 2851 Ἠ
2732 2800 2777 2852 δ’
2799 2800 2935 2871 αὐτὴ
2966 2800 3085 2853 θεία
3107 2801 3201 2852 καὶ
3226 2799 3285 2851 ού
3297 2799 3477 2870 ράνιος
3500 2798 3679 2869 χάρις,

2091 2893 2279 2948 ἄλλοτε
2308 2892 2471 2946 πάλιν
2500 2892 2595 2945 καὶ
2622 2892 2803 2957 πάλιν,
2832 2891 2927 2946 καὶ
2960 2892 3070 2945 οὐδ’
3099 2891 3246 2944 ἐστιν
3267 2891 3458 2955 ὁσάκις
3484 2892 3676 2954 εἰπεῖν,

2090 2985 2188 3057 τῆς
2218 2985 2354 3054 ἄγαν
2384 2986 2512 3056 περὶ
2544 2983 2635 3037 τὸν
2662 2983 2898 3056 Χριστοῦ
2940 2983 3095 3052 λόγον
3141 2982 3450 3054 προθυμίας
3486 2999 3547 3035 τε
3586 2980 3680 3035 καὶ

2094 3075 2407 3147 παρρησίας
2434 3074 2618 3129 ἕνεκεν
2645 3115 2660 3140 ,
2686 3073 2987 3146 τηνικαῦτα
3013 3073 3494 3144 ἐπιϐουλευόμενον
3518 3073 3679 3126 αὑτὸν

2092 3168 2432 3238 διεφύλαττε.
2462 3168 2728 3233 Τοσοῦτος
2757 3170 2801 3222 δ’
2828 3166 2897 3240 ἦν
2944 3169 3051 3240 ἄρα
3079 3169 3188 3223 τῶν
3212 3170 3459 3222 ἀπίστων
3485 3170 3515 3222 ὁ
3543 3167 3678 3240 πρὸς

2090 3259 2251 3313 αὑτὸν
2277 3259 2532 3330 πόλεμος,
2553 3260 2630 3323 ὡς
2660 3260 2752 3312 καὶ
2778 3260 3084 3330 συστροφὰς
3115 3257 3517 3329 ποιησαμένους
3544 3256 3674 3328 (l9),

2091 3350 2426 3422 στρατιώτας
2464 3351 2614 3422 αύτῴ
2659 3352 2788 3423 περὶ
2844 3349 2935 3405 τὸν
2977 3344 3123 3403 οἷκον
3174 3349 3301 3404 ἔνθα
3355 3348 3675 3420 κατέμενεν,

2089 3444 2400 3515 ἐπιστῆσαι,
2430 3442 2519 3497 διὰ
2540 3443 2600 3496 τὸ
2628 3443 2832 3514 πλῆθος
2862 3443 2969 3496 τῶν
3009 3443 3079 3496 τὰ
3106 3445 3219 3521 ,τῆς
3250 3443 3403 3515 ἱερᾶς
3440 3441 3675 3505 πίστεως

2088 3537 2508 3609 κατηχουμένων
2536 3537 2665 3608 παρ’
2706 3535 2876 3605 αύτῷ.
2904 3535 3058 3589 Οῦτω
3101 3535 3156 3588 δέ
3196 3535 3468 3606 ὁσημέραι
3501 3537 3532 3588 ό
3555 3533 3674 3587 κατ’

2086 3628 2249 3682 αὐτοῦ
2276 3629 2514 3700 διωγμὸς
2543 3628 2816 3693 ἐξεκάετο,
2845 3627 2920 3689 ὡς
2948 3626 3144 3698 μηκέτι
3165 3628 3364 3697 χωρεῖν
3384 3625 3548 3679 αὑτὸν
3576 3623 3675 3696 τὴν

2086 3722 2267 3774 πᾶσαν
2300 3719 2694 3791 Ἀλεξανδρέων
2721 3720 2895 3784 πόλιν,
2914 3719 3096 3781 οἴκους
3118 3718 3216 3789 μὲν
3247 3716 3307 3781 ἐξ
3327 3715 3492 3769 οἴκων
3514 3714 3670 3786 ἀμεί-

2086 3811 2267 3875 ϐοντα,
2288 3810 2619 3881 πανταχόθεν
2639 3810 2695 3863 δὲ
2716 3811 3071 3880 ἐλαυνόμενον
3111 3809 3209 3879 τῆς
3231 3806 3469 3879 πληθύος
3488 3806 3670 3860 ἕνεκεν

2084 3901 2192 3954 τῶν
2223 3900 2290 3953 δι’
2312 3900 2476 3954 αὐτοῦ
2498 3904 2565 3972 τῇ
2587 3901 2707 3973 θεία
2729 3901 3061 3972 προσιόντων
3076 3897 3407 3971 διδασκαλίᾳ·
3436 3897 3558 3952 ἐπεὶ
3578 3896 3669 3951 καὶ

2083 3993 2152 4048 τὰ
2162 3994 2302 4048 κατά
2315 3994 2512 4066 πρᾶξιν
2525 3994 2659 4066 ἔργα
2677 3993 2845 4065 αὐτῷ,
2864 3993 3239 4063 γνησιωτάτης
3250 3990 3566 4062 φιλοσοφίας
3581 4005 3670 4043 κα-

2081 4084 2258 4158 τορθώ
2264 4104 2408 4157 ματα
2423 4082 2480 4140 εὖ
2507 4086 2651 4157 μάλα
2664 4082 2949 4156 θαυμαστά
2964 4102 3032 4138 πε
3039 4087 3259 4156 ριεῖχεν.
3278 4077 3402 4137 Οἷον
3428 4081 3559 4151 γοῦν
3576 4078 3665 4135 τὸν

2081 4177 2268 4247 λόγον,
2301 4177 2503 4231 τοιόνδε
2538 4178 2670 4245 φασὶ
2693 4176 2782 4230 τὸν
2814 4177 3034 4246 τρόπον,
3066 4176 3159 4229 καὶ
3188 4169 3298 4229 οἷον
3328 4175 3419 4227 τὸν
3444 4172 3663 4245 τρόπον,

2080 4267 2280 4321 τοιόνδε
2304 4267 2498 4320 καὶτὸν
2523 4266 2676 4334 λόγον
2691 4265 3050 4319 ἐπεδείκνυτο.
3077 4265 3167 4317 Διὸ
3185 4264 3247 4336 δὴ
3281 4263 3516 4335 μάλιστα
3545 4279 3664 4316 συν-

2079 4357 2374 4429 αιρομένης
2416 4358 2563 4428 αύτῷ
2608 4357 2894 4428 δυνάμεως
2937 4356 3122 4420 θείας,
3173 4356 3403 4428 μυρίους
3471 4353 3661 4423 ἐνῆγε)

2079 4451 2171 4503 ἐπὶ
2201 4450 2292 4503 τὸν
2322 4449 2486 4503 αὐτοῦ
2516 4449 2697 4521 ζῆλον.
2741 4448 2960 4518 Ἐπειδὴ
2988 4448 3045 4501 δὲ
3068 4436 3233 4519 νὲώρα
3268 4445 3525 4518 φοιτητὰς
3564 4445 3657 4518 ἤδη

472 4610 587 4687 (18)
625 4609 788 4665 Μετὰ
829 4609 895 4687 τό
934 4608 1169 4687 βιῶναι.
1203 4608 1373 4687 Hujus
1401 4610 1551 4664 verbi
1601 4608 1976 4687 vinm_acnpro-

2090 4610 2360 4687 μοναχοίς,
2405 4606 2539 4687 οὐχὶ.
2564 4610 2677 4687 τοῖς
2705 4606 2975 4687 βιωτικοῖς
3002 4607 3182 4679 μόνον.
3214 4605 3384 4687 Porro
3417 4621 3481 4687 eno
3501 4621 3659 4687 quem

396 4679 682 4751 prietatem
723 4698 827 4737 non
862 4682 1244 4735 intellexerunt
1273 4679 1788 4750 interpretethoﬁv
1821 4680 1977 4751 Chri-

395 4749 558 4807 stiani
590 4754 884 4821 scriptores
913 4752 1169 4805 dixerunt
1223 4767 1319 4820 pro
1354 4749 1426 4806 eo
1451 4751 1591 4818 quod
1628 4759 1708 4821 est
1753 4749 1974 4821 “ecula-

395 4839 505 4878 rem
534 4820 895 4893 ritam’ugere.
925 4823 1016 4893 sic
1041 4822 1373 4891 Epiphanius
1399 4820 1452 4893 in
1477 4823 1664 4893 hmrcsi
1695 4820 1978 4893 Dositheo-

394 4909 541 4954 rum,
571 4903 624 4947 ct
679 4896 731 4946 in
761 4890 979 4946 'hznresi
1016 4908 1067 4953 1.,
1127 4901 1184 4944 ut
1238 4892 1446 4945 natavit
1493 4892 1575 4943 vir
1632 4890 1976 4941 doctissimus

397 4965 459 5017 D.
483 4964 735 5017 Petavius
760 4964 812 5014 in
834 4978 954 5029 cap.
980 4963 1013 5014 5
1034 4962 1489 5015 Miscellanearum
1519 4958 1972 5029 exercitationum,

392 5048 531 5100 quas
567 5033 637 5084 ad
695 5027 913 5084 calcent
954 5028 1151 5085 Juliaui
1183 5032 1372 5084 edidit.
1406 5030 1615 5098 Quippe
1662 5027 1775 5097 βίος
1808 5043 1977 5100 strtu—

394 5099 505 5155 lum
534 5111 635 5163 est,
670 5110 728 5153 ut
769 5110 966 5166 prmter
1009 5103 1153 5154 locus
1198 5102 1393 5153 ibidem
1450 5115 1477 5150 a
1522 5100 1741 5153 l’ctario
1785 5099 1979 5151 citatos

392 5172 557 5226 docet
585 5171 1004 5240 Chrysoslomus
1036 5173 1086 5222 in
1116 5170 1329 5223 homilizt
1357 5170 1420 5240 υτ
1441 5168 1535 5240 De,
1563 5169 1905 5240 elreutosytmi
1926 5176 1976 5220 ει

390 5242 566 5294 decem
594 5237 900 5312 virginibus,
927 5240 1190 5312 παρθένος
1221 5238 1606 5312 ἀποταξαμένη
1633 5238 1710 5312 τῷ
1878 5239 1977 5312 Sb-

1144 5291 1386 5376 penultq
1410 5291 1613 5378 ’Ζῆνωῦ
1642 5291 1699 5361 δέ
1729 5291 1825 5360 ’ἔτί
1858 5306 1975 5371 νέος

388 5378 489 5452 diu,
507 5378 609 5452 βίῳ
629 5381 724 5436 καὶ
742 5379 904 5451 γάμῳ
923 5380 1331 5450 ἀπαγορεύσας,
1346 5390 1404 5452 e_t_
1428 5381 1477 5452 in
1508 5382 1596 5431 lib.
1619 5394 1737 5452 vin,
1757 5378 1970 5452 c:ip.‘25._

391 5448 531 5522 [line
555 5448 639 5505 est
666 5457 808 5522 quod
824 5448 1248 5522 Chrysttstoinus
1271 5452 1322 5522 i_n
1360 5448 1654 5522 Epistulam
1691 5449 1860 5522 Pauli
1902 5449 1971 5500 ad

390 5517 696 5583 Romanos;
728 5517 956 5575 humilia
988 5519 1079 5585 ‘23,
1127 5534 1233 5572 non
1277 5518 1431 5589 longe
1481 5520 1547 5572 ab
1584 5519 1741 5589 initio
1784 5517 1968 5588 βιωτι-

391 5589 522 5656 κούς
561 5600 716 5644 vocat
766 5591 1011 5645 homines
1059 5588 1386 5653 szeculares,
1434 5603 1569 5656 quos
1598 5588 1755 5657 vulgo
1800 5590 1969 5642 laicos

389 5660 646 5723 dicimus,
670 5674 878 5725 eosque
902 5674 932 5712 a
972 5662 1307 5729 presbyteris
1341 5659 1624 5729 distinguit
1666 5668 1721 5712 et
1744 5727 1765 5729 _
1791 5673 1970 5729 mena.

387 5732 527 5798 citis,
566 5730 780 5793 δεικνὺς
804 5731 886 5786 ὅτι
923 5727 1096 5784 ταῦτα
1119 5727 1462 5784 διατάττεται
1491 5728 1582 5782 καὶ
1623 5727 1849 5800 ἱερεῦσι,
1874 5728 1969 5780 καί

2082 4675 2191 4729 dixi
2228 4675 2391 4730 sensu
2428 4675 2799 4742 accipiendum
2838 4678 2927 4730 hic
2988 4675 3107 4730 tisse
3157 4680 3380 4729 verbum
3433 4675 3659 4746 βιῶναι,

2084 4747 2279 4800 docent
2309 4748 2618 4816 sequentia.
2653 4746 2733 4799 Ex
2765 4749 2972 4799 duobus
3017 4747 3162 4801 enim
3193 4747 3443 4813 Origenis
3496 4747 3659 4800 disci-

2084 4817 2250 4885 pulis,
2283 4818 2512 4871 alterum
2556 4818 2606 4869 in
2634 4817 2833 4871 saeculo
2860 4818 3243 4871 honestissime
3270 4817 3470 4869 vixisse
3500 4818 3652 4879 dicit,

2081 4887 2315 4940 alterum
2365 4902 2516 4948 vero.
2551 4887 2833 4940 lleraclum
2879 4888 3119 4950 nomine,
3162 4887 3419 4943 clericum
3471 4886 3657 4940 fuisse.

2080 4955 2135 5027 [tl
2158 4959 2300 5010 enim
2350 4968 2544 5011 sonant
2590 4959 2717 5027 haec
2739 4958 2924 5027 verba.
2957 4956 3216 5027 πλείστην
3247 4956 3340 5027 καὶ
3369 4956 3657 5026 φιλοσόφου

2080 5025 2198 5100 βίου
2217 5027 2326 5100 ’καὶ
2378 5028 2663 5100 ἀσκήσεως
2698 5025 2967 5092 ἀπόδειξιν
3009 5024 3329 5100 παρασχών.

2152 5097 2263 5164 (i9)
2311 5095 2665 5165 Συστροςςὰς
2725 5095 3227 5165 ποιησαμένους-,⁷⁷
3285 5095 3486 5163 Snpple
3538 5097 3662 5158 τοὺς

2079 5165 2362 5230 ἀπίστους.
2385 5170 2455 5222 At
2482 5168 2707 5220 littlinus
2732 5180 2786 5219 et
2808 5170 3338 5234 (Lhrismphorsnnus
3364 5169 3478 5220 lucc
3500 5169 3659 5219 verba

2082 5236 2324 5291 referunt
2373 5240 2439 5290 ad
2486 5252 2674 5291 vocem
2720 5235 3078 5306 στρατιώτας,
3133 5237 3293 5296 male,
3343 5247 3399 5287 ut
3444 5237 3655 5305 opinor.

2079 5306 2263 5373 Neque
2295 5309 2443 5360 enim
2473 5307 2675 5361 Graeca:
2705 5307 2903 5376 lingua:
2933 5306 3235 5374 proprietas
3263 5306 3407 5360 himc
3436 5322 3652 5359 sensum

2080 5378 2336 5430 admittit.
2372 5377 2712 5445 Niccpliorus
2745 5392 2871 5428 vero
2903 5381 3133 5445 pessime
3174 5379 3317 5429 hunc
3350 5376 3524 5429 locum
3561 5391 3653 5428 ac-

2079 5449 2243 5514 cepit,
2279 5450 2435 5517 quasi
2469 5447 2719 5515 discipuli
2753 5445 3024 5515 Origenis,
3077 5448 3182 5497 vim
3219 5445 3459 5499 elferata:
3486 5445 3658 5513 plebis

2080 5517 2257 5580 veriti,
2313 5518 2548 5570 militare
2594 5518 2900 5583 praesidium
2955 5519 3022 5571 ad
3055 5517 3140 5569 sui
3173 5517 3398 5570 tutelam
3441 5519 3656 5570 ascive-

2079 5586 2206 5658 rint.
2254 5588 2309 5641 ιη
2355 5589 2515 5642 codd.
2551 5585 2689 5640 Mal.
2722 5596 2776 5640 et
2808 5587 2960 5658 Med.
2998 5595 3117 5655 post
3153 5586 3379 5658 verbum
3433 5602 3660 5658 ποιησα-

2080 5655 2274 5726 μένους
2300 5658 2541 5727 apposita
2573 5666 2655 5712 est
2685 5657 3082 5723 subdistinctio,
3114 5657 3341 5726 Optime.
