4012 6256
356 367 461 424 523

1394 373 1740 431 HlSTORlAS
1784 370 2339 430 ECCLESIASTICJS
2377 372 2507 428 LIB.
2551 369 2639 427 Vl.

3527 369 3632 426 550

359 488 576 551 πλείους
628 489 975 561 προσιόντας,
1013 489 1160 561 αὐτῷ
1209 491 1354 562 μόνῳ
1402 491 1503 561 τῆς
1546 490 1641 545 τοῦ
1694 491 1939 561 κατηχεῖκ

2059 489 2336 559 ingentem
2364 502 2647 542 numerum
2689 499 2875 540 eorum
2908 501 3044 554 quos
3071 484 3186 554 ipse
3223 485 3288 539 ad
3326 485 3629 540 doetrmam

355 580 639 653 διατριϐῆς
687 582 794 634 ὑπὸ
834 583 1146 653 Δημητρίου
1175 577 1269 635 τοῦ
1315 585 1414 655 τῆς
1459 583 1784 654 Ἐκκλησίας
1822 599 1950 654 προ-

356 671 590 734 εστῶτος
649 672 1154 744 ὲπιτετραμμένης,
1207 673 1534 745 ἀσύμφωνον
1604 673 1952 744 ἡγησάμενος

353 765 456 833 τὴν
478 762 586 815 τῶν
615 763 1021 834 γραμματικῶν
1045 764 1218 832 λόγων
1248 765 1593 819 διδασκαλίαν
1631 768 1695 835 τῇ
1725 765 1859 835 πρὸς
1882 762 1951 817 τὰ

356 851 478 904 θεῖα
506 851 850 922 παιδεύματα
890 852 1139 923 ἀσκήσει,
1176 853 1249 924 μὴ
1283 853 1575 924 μελλήσας,
1603 853 1950 925 ἀπορρήγνυ-

357 961 445 1000 etv
478 944 572 998 ἆτε
602 945 852 1015 ἀνωφελῆ
891 945 984 999 καὶ
1014 947 1124 1007 τοῖς
1157 947 1322 1016 ἱεροῖς
1355 946 1669 1016 μαθήμασιν
1702 944 1948 998 ἐναντίαν

352 1037 456 1110 τὴν
501 1037 609 1090 τῶν
657 1037 1058 1110 γραμματικῶν
1109 1036 1280 1104 λόγων
1324 1036 1628 1109 διατριϐήν.
1679 1033 1813 1089 Εἶτα
1862 1035 1948 1088 λοι

352 1129 540 1200 γισμῴ
572 1129 866 1201 καθήκοντι
891 1131 966 1193 ὡς
1000 1130 1064 1182 ἂν
1109 1129 1182 1199 μὴ
1213 1130 1421 1198 γένοιτο
1453 1129 1554 1199 τῆς
1588 1129 1715 1200 παρ’
1745 1127 1947 1199 ἐτέρων

353 1221 678 1292 ἐπικουρίας
726 1221 928 1292 ἐνδεὴς,
971 1223 1180 1288 ὅσαπερ
1205 1217 1270 1292 ἦν
1300 1220 1448 1291 αύτῷ
1489 1220 1660 1288 λόγων
1705 1219 1946 1290 ἀρχαίων

354 1313 619 1384 πώτερον
643 1315 1046 1384 συγγράμματα
1070 1312 1180 1384 (:20)
1207 1312 1512 1381 φιλοκάλως
1535 1309 1946 1380 ἐσπουδασμένα

356 1407 643 1475 μεταδοὺς,
676 1407 788 1468 τοῖς
821 1405 925 1458 ὑπὸ
947 1403 1042 1458 τού
1070 1405 1243 1460 ταῦτα
1273 1404 1583 1475 ὲωνημένου
1626 1402 1946 1474 φερομένοις

352 1497 505 1567 αύτῷ
523 1497 802 1568 τέτταρσιν
823 1497 1024 1561 ὀϐολοῖς
1038 1498 1138 1568 τῆς
1159 1498 1371 1569 ἡμέρας
1402 1499 1642 1566 ἠρκεῖτο,
1674 1494 1946 1558 πλείστοις

349 1606 409 1641 τε
436 1589 580 1642 ἔτεσι
603 1589 790 1642 τοῦτον
824 1589 1126 1658 φιλοσοφῶν
1151 1588 1373 1642 διετέλει
1405 1589 1494 1641 τὸν
1521 1587 1740 1659 τρόπον,
1767 1586 1944 1650 πάσας

353 1681 487 1745 ὕλας
511 1680 850 1753 ντωτερικῶν
887 1681 1191 1753 ἐπιθυμιῶν
1225 1679 1418 1733 ἐαυτοῦ
1466 1678 1938 1752 περιαιρούμενος,

352 1775 446 1827 καὶ
468 1773 556 1827 διὰ
583 1775 763 1845 πάσης
790 1774 886 1844 μὲν
911 1773 1126 1844 ἡμέρας
1147 1774 1206 1826 ού
1239 1773 1503 1842 σμικροὺς
1529 1772 1816 1842 ἀσκήσεως
1843 1787 1942 1823 κα-

355 1866 558 1937 μάτους
586 1864 848 1929 ἀνατλῶν,
878 1864 973 1918 καὶ
1001 1864 1102 1932 τῆς
1129 1864 1321 1925 νυκτὸς
1353 1861 1408 1914 δὲ
1447 1861 1537 1914 τὸν
1569 1859 1790 1913 πλείονα
1811 1857 1939 1930 χρό-

351 1976 439 2012 νον
478 1961 600 2020 ταῖς
638 1957 745 2011 τῶν
789 1956 945 2010 θείων
987 1956 1219 2028 Γραφῶν
1251 1955 1439 2008 ἑαυτὸν
1471 1952 1745 2016 ἀνατιθεὶς
1779 1951 1935 2023 μελέ-

350 2068 490 2115 ταις,
523 2049 624 2120 βίῳ
648 2066 705 2102 τε
737 2050 812 2113 ῶς
851 2049 930 2103 ἔνι
977 2049 1210 2120 μάλιστα
1250 2046 1600 2119 ὲγκαρτερῶν
1633 2045 1937 2115 φιλοσοφω-

357 2141 516 2211 τάτῳ,
547 2141 667 2195 τοτὲ
699 2141 799 2210 μὲν
826 2142 939 2204 τοῖς
967 2143 1022 2194 ὲν
1052 2141 1287 2202 ἀσιτίαις
1320 2139 1643 2209 γυμνασίοις
1673 2137 1935 2191 ὲνασκού-

366 2247 533 2294 ιενος,
579 2232 700 2283 τοτὲ
739 2231 795 2284 δὲ
841 2229 1276 2301 μεμετρημένοις
1313 2230 1426 2290 τοῖς
1465 2226 1606 2280 κατά
1639 2227 1730 2279 τὸν
1772 2225 1940 2284 ὕπνον,

349 2326 586 2394 καιροῖς,
613 2320 675 2377 οὗ
713 2323 1148 2395 μεταλαμϐάνειν
1189 2320 1294 2372 οὐδ’
1324 2320 1460 2382 ὅλως
1490 2319 1580 2371 ἐπὶ
1624 2318 1933 2390 στρωμνῆς,

349 2416 463 2470 ἀλλ’
496 2417 589 2469 ἐπὶ
621 2414 883 2484 τοῦδαφος
923 2414 1010 2468 διὰ
1055 2413 1287 2483 σπουδῆς
1326 2413 1583 2464 ἐποιεῖτο.
1629 2411 1853 2463 Πάντων
1879 2411 1936 2462 δὲ

354 2508 589 2578 μάλιστα
621 2506 718 2570 τὰς
746 2505 1109 2576 εὑαγγελικὲις
1134 2505 1227 2558 τοῦ
1256 2503 1507 2573 Σωτῆρος
1546 2501 1729 2571 φωνὰς
1767 2501 1938 2570 φυλα-

351 2599 513 2662 κτέας
540 2595 681 2651 εἶναι
721 2597 858 2667 ῷετο
895 2597 1024 2661 δεῖν,
1054 2595 1153 2658 τάς
1182 2612 1242 2646 τε
1269 2595 1397 2664 περὶ
1426 2592 1518 2646 τοῦ
1551 2593 1624 2665 μὴ
1655 2592 1746 2646 δύο
1773 2593 1936 2664 χιτῶ-

348 2707 446 2753 νας
473 2689 596 2760 μηδ’
626 2689 935 2760 ὑποδήμασι
975 2686 1208 2759 χρᾶσθαι
1240 2684 1629 2756 παραινούσας,
1664 2684 1795 2754 μηδὲ
1832 2684 1936 2756 μὴν

349 2785 470 2844 ταῖς
509 2781 639 2850 περὶ
665 2779 757 2832 τοῦ
792 2779 1074 2850 μέλλοντος
1108 2775 1302 2848 χρόνου
1334 2774 1579 2846 φροντίσι
1611 2773 1935 2846 κατατρίϐε-

350 2872 491 2928 σθαι.
543 2869 703 2926 ’Δλλά
730 2872 824 2925 καὶ
855 2870 1060 2942 μείζονι
1099 2871 1197 2941 τῆς
1223 2869 1437 2941 ἡλικίας
1468 2868 1745 2940 προθυμίᾳ
1790 2869 1936 2940 χρώ-

353 2982 532 3036 μενος,
556 2967 614 3017 ὲν
640 2964 800 3036 ψύχει
829 2963 922 3016 καὶ
937 2963 1232 3033 γυμνότητι
1254 2962 1412 3014 διακα
1421 2979 1510 3031 ρτε
1520 2961 1647 3032 ρῶν,
1671 2962 1750 3023 είς
1770 2959 1937 3032 ἄκρον

346 3073 405 3109 τε
436 3055 883 3127 ὑπερϐαλλούσης
923 3053 1310 3125 ἁκτημοσύνης
1336 3051 1575 3106 ἐλαύνων
1598 3092 1612 3117 ,
1643 3053 1768 3115 τοὺς
1799 3053 1935 3123 ἀμφ’

349 3148 510 3201 αὑτὸν
539 3149 619 3211 εἰς
638 3147 707 3201 τὰ
735 3147 968 3218 μάλιστα
988 3145 1325 3216 κατέπληττε
1345 3161 1358 3174 ·
1399 3144 1626 3215 μυρίους
1653 3143 1751 3215 μὲν
1781 3145 1938 3206 ὅσους

348 3239 537 3292 λυπῶν
566 3237 893 3309 εὐχομένους
932 3237 1080 3307 αὑτῷ
1113 3237 1392 3290 κοινωνεῖν
1424 3234 1533 3286 τῶν
1561 3235 1937 3306 ὑπαρχόντων,

343 3321 414 3377 δι’
441 3330 536 3395 οὓς
565 3329 750 3402 ἐώρων
786 3330 945 3384 αὑτὸν
974 3330 1293 3400 εἰσφέροντα
1330 3330 1456 3398 περὶ
1498 3329 1597 3400 τὴν
1629 3327 1778 3380 θείαν
1804 3327 1943 3380 διδα-

352 3422 582 3476 σκαλίαν
626 3424 920 3494 καμάτους.
971 3423 1046 3476 Οὑ
1099 3422 1204 3494 μὴν
1248 3421 1408 3485 αὑτός
1453 3438 1514 3490 γε
1556 3420 1792 3484 ἐνδιδοὺς
1823 3423 1942 3484 ταῖς

353 3515 692 3587 καρτερίαις,
721 3515 936 3583 λέγεται
960 3513 1090 3584 γοῦν
1129 3513 1220 3566 καὶ
1258 3512 1518 3566 πλειόνων
1546 3511 1683 3564 ἐτῶν
1711 3512 1814 3582 γῆν
1845 3529 1942 3564 πε-

353 3613 677 3685 πατηκέναι,
721 3613 909 3684 μηδενὶ
949 3611 1214 3684 μηδαμῶς
1241 3611 1580 3682 κεχρημένος
1613 3610 1939 3681 ὑποδήματι,

351 3706 486 3762 ἀλλά
524 3708 618 3760 καὶ
660 3706 802 3760 οἴνου
846 3707 1094 3778 χρήσεως
1132 3704 1224 3757 καὶ
1264 3703 1372 3756 τῶν
1419 3703 1593 3756 ἄλλων
1648 3701 1800 3774 παρὰ
1843 3700 1941 3772 τὴν

261 3832 270 3842 -
351 3801 656 3870 ἀναγκαίαν
722 3801 928 3874 τροφὴν
987 3797 1260 3860 πλείστοις
1308 3796 1486 3849 ἔτεσιν
1533 3794 1939 3865 ἀπεσχημένος,

349 3893 491 3946 ῶστε
519 3893 621 3964 ἤδη
648 3895 728 3956 εἰς
773 3891 1012 3945 κίνδυνον
1053 3889 1366 3960 ἀνατροπῆς
1401 3889 1494 3942 καὶ
1525 3886 1822 3959 διαφθορᾶς
1846 3885 1939 3939 τοῦ

349 3984 602 4055 θώρακος
628 3985 739 4056 (21)
772 3983 1106 4055 περιπεσεῖν.
1138 3979 1372 4033 Τοιαῦτα
1398 3980 1462 4050 δὴ
1499 3978 1938 4049 φιλοσόιρουβίου

350 4082 465 4142 τοῖς
499 4078 792 4149 θεωμένοις
812 4076 1066 4148 παρέχων
1088 4075 1479 4144 ὑποδείγματα,
1505 4071 1724 4135 εἰκότως
1740 4071 1832 4123 ἐπὶ
1852 4069 1941 4123 τὸν

351 4173 538 4241 ὅμοιον
568 4168 718 4238 αὑτῷ
746 4168 906 4239 ζῆλον
940 4166 1158 4231 πλείους
1191 4164 1469 4238 παρώρμα
1501 4163 1608 4216 τῶν
1649 4162 1939 4234 φοιτητῶν,

353 4262 493 4315 ῶστε
521 4262 621 4333 ἤδη
651 4264 743 4315 καὶ
769 4261 875 4313 τῶν
907 4261 1150 4313 ἀπίστων
1183 4257 1351 4311 ἐθνῶν
1372 4298 1385 4322 ,
1416 4255 1524 4308 τῶν
1558 4273 1617 4308 τε
1662 4255 1768 4308 ἀπὸ
1817 4273 1943 4308 παι⁴

352 4352 500 4416 δείας
524 4353 617 4404 καὶ
643 4350 980 4420 φιλοσοφίας,
1017 4349 1078 4402 ού
1105 4350 1230 4412 τοὺς
1251 4347 1512 4417 τυχόντας
1537 4344 1845 4413 ὑπάγεσθαι
1872 4348 1938 4416 τῇ

351 4444 419 4498 δι’
445 4442 610 4497 αὑτοῦ
640 4442 959 4513 διδασκαλίᾳ
986 4442 1095 4513 (22)
1117 4459 1130 4471 ·
1157 4437 1238 4504 οἷς
1265 4441 1360 4496 καὶ
1404 4440 1587 4502 αὑτοῖς
1616 4437 1855 4509 γνησίως
1882 4439 1938 4489 ὲν

2056 582 2251 636 divinae
2293 579 2417 634 lidei
2466 577 2840 648 pertrahebat.
2910 577 3120 648 Quippe
3179 577 3478 646 quotidiani
3514 577 3632 646 ejus

2054 682 2232 734 actus,
2261 670 2556 724 verissimre
2590 671 2872 740 cujusdam
2914 671 3268 740 philosophiae
3297 680 3348 725 et
3390 670 3632 724 admira-

2054 763 2180 818 bilis
2240 762 2544 831 disciplina:
2619 760 3025 816 absolutissima
3073 777 3234 832 opera
3287 762 3630 819 videbantur.

2050 857 2245 925 Atque,
2281 863 2338 907 ut
2378 855 2539 922 vulgo
2596 855 2818 918 dicitur,
2878 855 3056 924 qualis
3107 854 3302 916 oratio,
3352 854 3474 908 talis
3518 855 3635 921 ejus

2051 951 2158 1003 vita
2198 968 2211 1003 :
2245 949 2421 1018 qualis
2475 947 2609 1013 vita,
2681 947 2800 1000 talis
2856 947 3034 1000 oratio
3081 945 3197 1014 ejus
3259 946 3380 998 fuit.
3457 945 3633 1012 Quam

2052 1040 2395 1110 potissimun'.
2421 1039 2488 1093 ob
2521 1053 2744 1093 causam
2775 1053 2896 1091 eum
2931 1039 3110 1090 divina
3144 1037 3315 1090 virtus
3337 1052 3454 1090 eum
3481 1035 3638 1104 adju-

2050 1143 2220 1197 varet,
2269 1134 2405 1187 alios
2443 1147 2656 1202 quoque
2695 1130 3120 1184 innumerabiles
3159 1131 3224 1183 ad
3268 1129 3633 1184 imitationem

2048 1227 2129 1280 sui
2165 1228 2500 1296 provocavit.
2523 1223 2658 1279 Cum
2691 1237 2820 1276 vero
2856 1222 3033 1291 plures
3071 1223 3313 1290 quotidie
3337 1221 3633 1290 discipulos

2049 1318 2376 1371 accedentes
2412 1316 2644 1382 videret,
2681 1325 2968 1384 propterea
3014 1316 3157 1384 quod
3208 1315 3629 1368 caterhurneno-

2048 1426 2166 1464 rum
2203 1410 2476 1464 institutio
2503 1409 2600 1477 ipsi
2645 1409 2745 1463 soli
2779 1409 3031 1463 mandata
3071 1408 3248 1462 fuerat
3283 1425 3310 1460 a
3360 1407 3631 1462 Demetrio

2047 1503 2302 1571 episeopo
2349 1521 2364 1558 :
2413 1513 2565 1557 ratus
2617 1503 2987 1570 grammatica:
3041 1502 3173 1554 artis
3237 1499 3628 1569 professionem

2047 1610 2170 1650 cum
2215 1594 2413 1649 divinze
2468 1594 2590 1649 ﬁdei
2639 1596 2984 1649 institutione
3037 1595 3260 1647 minime
3297 1592 3627 1665 consentire,

2047 1687 2290 1741 scholam
2330 1687 2698 1757 grammatica:
2743 1686 3086 1748 litteratum,
3141 1693 3326 1754 utpote
3382 1683 3626 1740 inutilem

2047 1777 2641 1847 etsacrisjdisciplinis
2671 1777 3030 1839 contrariam,
3072 1775 3189 1830 sine
3241 1774 3345 1826 ulla
3407 1783 3630 1828 cuneta-

2052 1870 2201 1924 tione
2257 1869 2474 1939 abjecit.
2532 1868 2738 1924 Deinde
2783 1867 3032 1937 prudenti
3075 1865 3300 1920 consilio
3357 1871 3506 1930 usus,
3561 1879 3630 1920 ne

2049 1960 2226 2013 alieno
2257 1958 2500 2013 subsidio
2527 1973 2660 2026 epus
2687 1954 3183 2022 haberet,vcmiitis
3206 1953 3398 2023 prisca:
3427 1952 3628 2007 dortrio

2049 2067 2129 2105 me
2164 2048 2528 2103 voluminibus
2557 2063 2677 2117 quae
2701 2061 2870 2114 penes
2890 2059 2946 2100 se
2971 2043 3206 2098 habebat
3229 2042 3630 2112 elegantissimo

2045 2143 2346 2206 elaborata,
2397 2149 2687 2194 contentus
2740 2139 2849 2192 fuit
2901 2147 3133 2206 quatuor
3188 2133 3364 2190 obolis
3411 2134 3504 2204 qui
3561 2133 3630 2188 ab

2045 2243 2290 2303 emptore
2317 2230 2658 2286 voluminum
2695 2229 2794 2298 ipsi
2832 2230 2883 2282 in
2918 2229 3030 2283 dies
3053 2227 3295 2296 singulos
3321 2225 3631 2295 pendeban-

2049 2337 2156 2380 tur.
2213 2323 2531 2394 llujusmodi
2587 2322 2872 2390 disciplina
2929 2329 2982 2373 et
3037 2319 3196 2389 plane
3251 2317 3625 2387 philoSOphica

2044 2421 2254 2474 ratione
2280 2417 2516 2482 vivendi,
2555 2416 2801 2486 pluribus
2832 2414 3086 2482 deinceps
3130 2412 3290 2466 annis
3333 2411 3407 2463 uti
3439 2425 3629 2478 persc—

2042 2513 2277 2577 veravit,
2318 2525 2508 2566 omnes
2556 2509 2882 2578 iuvenilium
2929 2507 3284 2574 cupiditatum
3336 2503 3626 2558 illecebras

2046 2606 2281 2673 nudique
2330 2603 2683 2658 snbmovens.
2755 2601 2832 2653 Ae
2885 2600 3079 2652 diurno
3120 2596 3336 2664 quidem
3382 2604 3628 2663 tempore

2044 2697 2394 2767 gravissimos
2445 2690 2858 2760 cujusquemodi
2919 2687 3368 2742 exercitationum
3413 2685 3628 2738 labores

2047 2790 2314 2844 tolerabat
2344 2805 2357 2842 :
2391 2787 2564 2840 noctis
2588 2800 2715 2837 vero
2746 2781 3040 2836 maximam
3077 2790 3285 2849 partem
3315 2779 3624 2832 divinarum

2047 2882 2450 2948 Scripturarum
2513 2876 2710 2932 studiis
2783 2873 3176 2942 impendebat,
3259 2871 3627 2924 severissimae

2047 2973 2226 3042 quoad
2289 2980 2503 3042 poterat
2558 2966 2916 3038 philosophiae
2974 2963 3184 3033 legibus
3251 2961 3627 3031 institutisque

2047 3065 2395 3133 semetipsum
2426 3074 2708 3115 coercens.
2736 3057 2946 3126 Quippe
2978 3056 3210 3109 interdiu
3235 3053 3453 3125 quidem
3483 3053 3627 3124 jeju-

2050 3157 2262 3212 niorum
2323 3152 2814 3208 exercitationibus
2874 3148 3166 3203 insudabat
3216 3163 3231 3199 :
3279 3155 3440 3201 noctu
3496 3159 3626 3200 vero

2047 3248 2221 3304 somni
2289 3245 2526 3316 spatium
2601 3243 3014 3303 dimetiebatnr,
3086 3252 3324 3306 eumque
3398 3251 3504 3291 non
3569 3235 3623 3288 in

2044 3349 2259 3403 strato,
2319 3336 2414 3391 sed
2478 3350 2644 3404 super
2693 3333 2837 3388 nudo
2888 3331 3004 3385 solo
3063 3344 3261 3399 capere
3316 3326 3622 3398 satagebat.

2045 3429 2279 3484 Maxime
2309 3442 2441 3482 vero
2463 3424 2776 3494 evangelica
2820 3423 2908 3477 illa
2943 3420 3255 3477 Servatoris
3290 3421 3461 3475 nostri
3492 3433 3628 3490 prte-

2044 3533 2202 3592 cepta
2229 3519 2571 3576 observanda
2605 3533 2727 3573 esse
2767 3517 3030 3582 ducebat,
3085 3515 3281 3584 quibus
3318 3527 3620 3575 monemur,

2047 3627 2154 3669 ttnn
2187 3629 2253 3678 ne
2281 3613 2416 3670 duas
2447 3610 2659 3665 tunicas
2686 3609 3006 3672 habeamus,
3052 3621 3190 3660 neve
3239 3605 3626 3660 calceamentis

2045 3716 2260 3761 utamur
2282 3721 2296 3769 ;
2318 3713 2430 3758 tum
2457 3717 2523 3756 ne
2549 3703 2614 3756 de
2640 3701 2880 3754 crastino
2897 3699 3121 3752 nimium
3141 3697 3358 3752 solliciti
3386 3705 3628 3751 nosmet-

2045 3799 2190 3868 ipsos
2215 3795 2613 3850 excruciemus.
2653 3792 2758 3845 Sed
2788 3801 2837 3845 et
2870 3790 3080 3859 majore
3109 3805 3270 3858 quam
3321 3801 3455 3844 tetas
3482 3789 3625 3844 ferc-

2046 3889 2136 3941 bat
2170 3884 2336 3938 animi
2366 3883 2584 3945 ardore,
2620 3881 2673 3934 in
2707 3879 2911 3947 frigore
2953 3895 3017 3932 ae
3062 3879 3306 3933 nuditate
3350 3889 3623 3947 perstans,

2043 3985 2097 4030 et
2119 3975 2185 4027 ad
2219 3987 2490 4027 summmn
2511 3973 2838 4041 evangeliea:
2868 3967 3204 4040 paupertatis
3231 3967 3443 4020 culmen
3464 3967 3630 4038 203

2043 4077 2287 4131 evectus,
2315 4063 2608 4119 familiares
2641 4079 2769 4118 suos
2804 4062 3005 4134 ingenti
3041 4061 3402 4114 admiratione
3433 4073 3627 4128 percu-

2044 4159 2124 4213 lit.
2174 4157 2252 4212 Ac
2305 4154 2504 4210 multos
2532 4155 2750 4222 quidem
2787 4169 2851 4207 ex
2884 4153 3020 4220 ipsis
3069 4149 3379 4205 incredibili
3437 4149 3626 4204 doiore

2044 4251 2243 4316 alTeeit,
2281 4250 2370 4318 qui
2411 4249 2553 4302 bona
2589 4261 2687 4300 sua
2739 4262 2863 4300 cum
2929 4246 3045 4314 ipso
3107 4243 3302 4312 partiri
3341 4243 3622 4311 optabant,

2044 4358 2167 4396 cum
2199 4341 2350 4394 illum
2392 4339 2589 4394 divina.-
2621 4337 3026 4407 praedicalionis
3063 4334 3237 4404 gratia
3274 4333 3630 4387 tantoslabo-

2047 4451 2136 4489 res
2165 4433 2523 4488 sustinentem
2559 4431 2826 4484 viderent.
2882 4428 3271 4482 Verumtamen
3329 4427 3396 4481 de
3445 4427 3626 4496 vigore

354 4535 507 4607 βάθει
533 4533 712 4605 ψυχῆς
739 4533 838 4605 τὴν
886 4534 964 4596 εἰς
993 4533 1083 4584 τδν
1128 4532 1270 4585 θεῖον
1308 4530 1464 4600 λόγον
1489 4529 1668 4582 πίστιν
1687 4528 1752 4582 δι’
1776 4525 1939 4580 αὑτοῦ

2053 4528 2355 4581 tolerantia:
2387 4524 2518 4578 nihil
2547 4539 2783 4592 unquam
2839 4521 3069 4578 remisit.
3129 4521 3325 4575 Multos
3364 4521 3492 4574 item
3529 4537 3625 4589 per

355 4627 835 4698 παραδεχομένοις,
865 4625 1184 4696 διαπρέπειν
1213 4623 1492 4676 συνέϐαινε
1527 4620 1670 4674 κατὰ
1698 4620 1789 4673 τὸν
1814 4619 1937 4672 τότε

353 4719 444 4773 τοῦ
494 4716 734 4789 διωγμοῦ
775 4717 985 4786 καιρὸν,
1016 4710 1230 4778 ὡς’καί
1279 4732 1430 4780 τινας
1475 4713 1654 4766 αὑτῶν
1688 4711 1933 4775 ἁλόντας,

356 4810 640 4882 μαρτυρίῳ
662 4807 1031 4878 τελειωθῆναι.

2047 4632 2227 4673 annos
2304 4615 2464 4670 nudis
2528 4615 2774 4684 vestigiis
2815 4614 3128 4668 ambulasse
3191 4612 3416 4675 dicitur,
3477 4611 3626 4665 nullo

2044 4710 2265 4779 penitus
2316 4706 2690 4762 ealecamento
2735 4722 2885 4759 usus.
2948 4703 3082 4758 Vino
3133 4718 3348 4772 quoque
3397 4712 3450 4757 et
3504 4705 3626 4758 aliis

2045 4800 2209 4853 rebus
2242 4813 2362 4866 qua:
2398 4797 2463 4850 ad
2491 4798 2691 4851 victum
2720 4796 2898 4848 minus
2935 4793 3259 4848 necessariae
3305 4800 3451 4857 sunt,
3501 4793 3627 4847 diu-

355 4904 563 4955 tissime
603 4902 864 4954 abstinuit
897 4918 910 4955 :
941 4915 1112 4968 usque
1147 4899 1281 4953 adeo
1341 4907 1400 4952 ut
1439 4906 1628 4964 pectus
1698 4896 1868 4966 ipsius
1909 4895 1962 4948 in
2021 4891 2399 4962 gravissimum
2452 4889 2824 4944 subversiouis
2868 4887 3114 4955 labisque
3153 4885 3442 4940 discrimen
3487 4887 3624 4942 inci-

354 4997 525 5048 deret.
591 4991 910 5059 llujusmodi
938 5007 1067 5062 ergo
1100 4990 1489 5061 philosophica:
1538 4989 1665 5043 vita:
1708 4986 1958 5057 exempla
2023 4984 2278 5039 omnibus
2339 4988 2627 5052 spectanda
2681 4981 2953 5051 prarhens,
2997 4980 3179 5048 plures
3231 4994 3298 5032 ex
3352 4977 3633 5049 discipulis

356 5091 416 5141 ad
481 5089 837 5142 imitationem
907 5088 990 5142 sui
1051 5088 1246 5143 merito
1314 5085 1676 5157 provocavit:
1709 5084 1780 5138 ita
1829 5091 1885 5136 ut
1922 5081 2071 5136 tnulti
2119 5097 2186 5141 ex
2227 5080 2520 5152 gentilibus
2580 5090 2693 5134 tum

420 5269 533 5341 (‘20)
591 5270 798 5338 Λόγων
858 5269 1122 5338 ἀρχαίων
1178 5268 1630 5341 συγγράμματα.
1705 5264 1931 5320 Rufinus

354 5339 730 5394 Biblidthecam
798 5342 1072 5410 gentilium
1139 5339 1929 5410 scriptoruminterpretatur,

353 5412 546 5465 melius
592 5425 754 5478 quam
800 5407 1357 5478 Christoplm'souus,
1411 5407 1524 5478 qui
1561 5407 1703 5461 hunc
1754 5407 1929 5461 locum

356 5480 568 5535 Eusebii
613 5477 686 5534 de
732 5480 863 5534 solis
917 5477 1160 5533 veterum
1196 5488 1473 5532 oratorum
1519 5477 1670 5531 libris
1697 5478 1927 5546 accepit.

353 5553 513 5616 Quasi
556 5565 688 5604 vero
717 5549 866 5620 λόγοι
893 5551 959 5604 de
989 5551 1118 5603 solis
1145 5548 1485 5620 orationibus
1519 5549 1789 5614 dicantur,
1825 5563 1930 5620 non

351 5623 510 5674 etiam
561 5623 628 5676 de
677 5618 1034 5688 grammatiCa
1077 5628 1128 5673 et
1181 5619 1556 5688 philosophia;
1621 5627 1712 5670 attt
1775 5618 1933 5686 quasi

351 5690 615 5758 Origenes
661 5699 942 5744 oratorum
1003 5690 1170 5744 libros
1245 5690 1532 5750 duntaxat,
1587 5702 1694 5742 non
1753 5699 1931 5741 autem

353 5763 838 5830 grammaticorum
905 5760 1240 5813 distraxerit.
1316 5758 1591 5830 hlusculus
1669 5758 1931 5830 quosdam

353 5827 737 5903 excerptorum
791 5830 964 5885 libros
1025 5831 1093 5884 ab
1152 5831 1267 5899 ipso
1311 5827 1542 5901 Origene
1601 5827 1936 5899 compositos

2796 5079 2848 5132 in
2885 5077 3029 5132 omni
3090 5091 3289 5148 genere
3343 5074 3627 5140 doctrinm,

2039 5266 2252 5322 videtur
2283 5264 2635 5319 intellexisse.

2112 5337 2227 5406 (2|)
2262 5336 2372 5389 Τοῦ
2399 5333 2681 5403 θώρακος.
2713 5333 2878 5389 Recte
2905 5333 3133 5388 Rufinus
3163 5341 3216 5406 et
3243 5333 3630 5406 Christophor-

2041 5403 2214 5462 sonus
2242 5409 2572 5459 stomachum
2603 5415 2915 5460 verterunt:
2971 5420 3094 5457 nam
3127 5403 3394 5456 subversio
3426 5414 3630 5456 stoma-

2042 5477 2125 5530 clti
2149 5479 2368 5544 proprie
2400 5477 2605 5529 dicitur
2632 5493 2658 5528 a
2692 5475 3003 5529 Dioscm'ide
3030 5485 3082 5526 et
3114 5472 3340 5544 Gjtleno.

2113 5547 2226 5617 (22)
2256 5542 2341 5614 Τῇ
2369 5544 2670 5617 ,δι’ῌαὺτοῦ
2719 5543 3311 5617 διδασκιιςὶζᾳαεοὶίρκ
3342 5542 3631 5598 Medicmus

2039 5611 2288 5686 liabet'tﬁ
2311 5611 2507 5680 αὑτοῦ,
2545 5617 2762 5670 rectius.
2798 5613 3037 5686 NatnGL'
3064 5611 3229 5666 αὑτοῦ
3260 5627 3323 5666 ex
3368 5622 3630 5686 sequente

2041 5687 2182 5742 linea
2213 5684 2316 5740 hue
2352 5687 2633 5755 irrepsisse
2664 5687 2899 5755 videtur.
2949 5685 3150 5753 llegius
3174 5692 3352 5736 tamen
3384 5694 3438 5737 et
3489 5684 3626 5755 lllaz.

2041 5756 2398 5826 eodexnihilr
2435 5754 2670 5810 mutant.
2709 5755 2766 5810 ln
2802 5754 2938 5811 Fuk.
2964 5756 3228 5826 scriptum
3257 5764 3361 5821 est,
3403 5756 3468 5824 τῇ
3503 5754 3628 5804 ἐαυ-

2041 5827 2134 5879 τοῦ
2164 5825 2500 5896 διδασκαλίᾳ.
