4012 6256
322 291 427 348 ιιι

1355 296 1702 356 ΗΙΒΤΟΝᾹΞ
1744 300 2303 358 ECCLESIASTICE
2339 301 2449 357 LIB
2510 301 2597 356 Vl.

3477 312 3584 367 543

327 407 602 475 ὶκϐάσεις,
657 411 754 466 καὶ
789 411 881 466 τοῦ
930 413 1144 466 πάντων
1180 413 1376 486 ἐφόρου
1411 415 1545 470 Θεοῦ
1592 415 1789 488 τρέσας
1815 421 1915 490 τὴν

2037 420 2245 474 tedibus
2297 415 2364 473 ad
2420 433 2691 474 summum
2736 432 2906 487 usque
2943 421 3134 491 capitis
3174 421 3471 490 verticem,
3518 443 3584 480 eo

329 499 688 573 ἀδιάδραστον
730 502 907 574 δίκην,
941 503 1208 575 ὡμολόγει
1248 505 1357 576 (65)
1394 507 1492 577 μὲν
1535 509 1646 570 τοῖς
1682 509 1815 561 πᾶσι
1847 510 1914 563 τὰ

333 595 486 665 κοινῆ
512 595 695 664 σφίσιν
728 596 911 659 αὐτοῖς
943 597 1377 669 ἑ.σκ‹ιιωρημένα⁸
1403 598 1690 662 τοσαύταις
1709 599 1764 652 δὲ
1780 617 1913 654 κατ-

332 686 594 757 ετρύχετο
655 687 1094 758 μεταμελόμενος
1158 691 1427 761 οἱμογαῖς,
1473 689 1720 761 δακρύων
1768 709 1827 744 τε
1857 693 1916 755 ἐς

333 777 592 831 τοσοῦτον
641 779 743 830 οὐκ
801 778 1080 843 ἀπέλιπεν,
1122 779 1228 843 ἕως
1278 781 1444 850 ἄμφω
1507 779 1767 851 διεφθάρη
1817 780 1917 844 τὰς

333 870 508 939 ὄψεις.
534 870 645 924 Καὶ
664 870 773 924 οἵδε
799 871 896 942 μὲν
921 870 1020 940 τῆς
1037 871 1387 941 ψευδολογίας
1406 871 1656 935 τοιαύτας
1684 871 1916 943 ὑπέσχον

335 975 631 1030 τιμωριας.

2017 509 2194 566 morbi
2225 525 2425 580 genere
2451 526 2557 580 quo
2597 526 2655 566 se
2695 512 2810 582 ipse
2841 513 3202 568 mulctaverat
3225 555 3240 579 ,
3273 526 3583 587 correptum

2021 610 2141 668 est;
2169 605 2359 658 tertius
2400 603 2638 672 priorum
2688 617 2874 658 casum
2911 605 3207 669 contuitus,
3235 606 3585 677 omniumque

2021 695 2341 763 inspectoris
2373 695 2462 747 Dei
2495 693 2859 748 inevitabilem
2883 695 3086 750 veritus
3114 696 3432 764 vindictam,
3457 713 3584 752 con—

2020 783 2251 838 cinnatae
2273 781 2341 835 ab
2371 783 2501 849 ipsis
2524 798 2589 836 ex
2611 795 2895 851 compacto
2922 784 3208 840 calumnia:
3233 786 3477 840 ordinem
3500 796 3585 842 est

2022 871 2324 928 confessus.
2374 869 2566 925 Tantis
2601 887 2760 941 porro
2807 871 3058 926 lamentis
3098 873 3168 928 ob
3211 875 3583 944 pteniteutiam

2025 961 2150 1016 facti
2182 977 2304 1018 sese
2330 962 2658 1030 confecit,ct
2691 964 2746 1017 in
2779 972 2986 1017 tantum
3017 963 3288 1037 laerymas
3312 965 3586 1022 effundere

338 1053 731 1121 perseveravit,
767 1063 823 1105 ut
852 1067 916 1106 ex
949 1067 1015 1107 eo
1059 1051 1341 1107 oculorum
1378 1052 1559 1108 lumen
1607 1055 1903 1108 amitteret.
1965 1053 2028 1108 Et
2060 1054 2111 1110 lii
2173 1055 2390 1125 quidem
2423 1054 2707 1109 calumnia:
2763 1071 2874 1110 suae
2913 1055 3174 1123 ejusmodi
3208 1071 3394 1126 ptenas
3425 1058 3594 1114 dede-

339 1154 490 1199 runt.

878 1240 1272 1293 ΚΕΦΑΛΑΙΟΝ
1307 1241 1379 1304 Ι’.,
1467 1282 1476 1288 .

538 1329 672 1398 Περὶ
702 1327 902 1383 τῶνὲν
926 1330 1347 1398 Ἰεροσολύμοις
1373 1331 1718 1385 ἐπισκόπων

863 1398 998 1467 (Nic.
1023 1397 1095 1451 II.
1129 1396 1194 1451 E.
1218 1396 1279 1466 -γ,
1311 1401 1417 1468 to).

416 1490 525 1543 Τοῦ
552 1490 608 1543 δὲ
639 1491 953 1561 Ναρκίσσου
988 1491 1490 1562 ἀνακεχωρηκότος,
1539 1492 1631 1544 καί⁵
1665 1491 1927 1563 μηδαμῶς

336 1582 451 1653 ὅπη
479 1581 553 1634 ὢν
585 1581 860 1652 τυγχάνοι,
885 1581 1308 1652 γινωσκομένου,
1343 1581 1500 1646 δόξαν
1530 1587 1643 1647 τοῖς
1669 1584 1777 1636 τῶν
1794 1584 1924 1654 ὁμό-

2640 1239 2867 1296 CAPUT
2907 1239 2974 1295 X.

2369 1330 2445 1384 De
2478 1330 2960 1400 Hierosolymorum
2984 1336 3254 1404 episwpis.

2095 1487 2360 1543 Craterum
2400 1495 2520 1555 post
2572 1485 2810 1540 Narcissi
2852 1486 3056 1556 fugam,
3089 1489 3292 1556 ignaris
3335 1491 3589 1544 erunibus

2032 1578 2247 1631 ubinam
2273 1577 2512 1646 gentium
2538 1585 2741 1645 ageret,
2777 1575 2949 1628 visum
2981 1585 3065 1630 est
3107 1577 3455 1632 finitimarum
3487 1579 3590 1632 Ec-

341 1689 456 1743 ρων
483 1671 821 1740 Ἐκκλησιῶν
846 1672 1200 1744 προεστῶσιν,
1222 1673 1303 1741 ἐφ’
1323 1673 1505 1744 ἐτέρου
1537 1674 1776 1744 μετίασιν
1804 1675 1923 1726 ἑπι-

2037 1670 2320 1723 rlesiarum
2363 1667 2630 1737 episcopis
2668 1668 2831 1721 alium
2869 1668 2982 1736 eius
3015 1667 3134 1722 loco
3160 1669 3468 1738 episcopum
3502 1678 3593 1724 of-

344 1765 552 1826 σκόπου
583 1763 938 1835 χειροτονίαν.
968 1766 1088 1826 Δῖος
1119 1763 1289 1834 τούτῳ
1318 1763 1487 1834 ὄνομα
1519 1760 1585 1836 ἦν
1607 1781 1620 1794 ⁸
1657 1764 1714 1817 ὃν
1741 1765 1800 1817 ού
1827 1782 1922 1816 πο-

343 1857 444 1908 λὺν
479 1856 788 1926 προστάντα
834 1855 1044 1925 χρόνον,
1095 1854 1407 1926 Γερμανίων
1454 1855 1785 1926 διαδέχεται·
1833 1855 1923 1908 καὶ

348 1945 533 1998 τοῦτον
552 1944 789 2016 Γόρδιος,
825 1943 944 1997 καθ’
964 1945 1022 1997 ὃν
1047 1945 1082 1998 (ἶ
1093 1962 1232 2017 σπερ
1264 1943 1323 2008 ἐξ
1350 1943 1694 2006 ἀναϐιώσεως
1713 1945 1922 2014 ἀναφα-

346 2039 459 2102 νείς
495 2040 654 2092 ποθεν
689 2041 716 2092 ὁ
739 2040 1067 2112 Νάρκισσος,
1110 2037 1263 2103 αὖθις
1289 2040 1392 2093 ὑπὸ
1425 2039 1532 2093 τῶν
1565 2040 1806 2108 ἀδελφῶν
1835 2040 1926 2092 ἐπὶ

345 2130 446 2200 τὴν
472 2131 803 2201 προστασίαν
839 2131 1252 2201 παρακαλεῖται,
1287 2128 1546 2200 μειζόνως
1595 2127 1673 2183 ἔτι
1730 2129 1925 2200 μᾶλλον

346 2219 457 2271 τῶν
494 2219 706 2272 πάντων
739 2219 1082 2288 ἀγασθέντων
1114 2219 1294 2281 αὑτὸν,
1323 2217 1421 2286 τῆς
1449 2233 1507 2269 τε
1532 2217 1928 2287 ἀναχωρήσεως

345 2309 512 2362 ἕνεκα
543 2311 632 2362 καὶ
664 2311 761 2380 τῆς
792 2309 1124 2379 φιλοσοφίας,
1156 2310 1246 2361 καὶ
1278 2308 1367 2371 ἐφ’
1392 2306 1561 2362 ἅπασι
1599 2307 1664 2360 δι’
1687 2307 1753 2378 ἢν
1778 2303 1928 2374 παρὰ

348 2401 444 2455 τοῦ
478 2401 612 2455 Θεοῦ
636 2401 937 2472 κατηξίωτο
967 2401 1260 2472 ἐκδίκησιν.

859 2673 1253 2726 ΚΕΦΑΛΑῘΟΝ
1287 2672 1392 2726 IA’.

813 2767 952 2833 Περὶ
1013 2765 1419 2834 Ἀλεξάνδρου.

424 2859 536 2913 Καὶ
566 2858 629 2929 δὴ
666 2857 862 2930 μηκέθ’
899 2858 1010 2910 οἵου
1041 2875 1099 2910 τε
1131 2857 1282 2920 ὄντος
1309 2857 1639 2928 λειτουργεῖν
1667 2855 1753 2908 διὰ
1775 2852 1932 2908 λιπα-

355 2951 452 3024 ρὸν
481 2952 674 3022 γῆρας,
692 2948 783 3003 τὸν
811 2949 1098 3020 εἰρημένον
1133 2947 1475 3018 Ἀλέξανδρον
1498 2945 1789 3000 ἐπίσκοπον
1818 2946 1933 3000 ἐτέ-

2026 1762 2235 1824 dinare,
2293 1761 2446 1813 Dium
2510 1759 2746 1812 nomine.
2775 1759 2876 1825 Qui
2925 1775 3046 1813 cum
3092 1759 3302 1814 modico
3350 1772 3594 1830 tempore

2025 1852 2348 1922 prtcl‘uisset,
2378 1866 2662 1906 successor
2693 1851 2740 1904 ei
2779 1851 2934 1906 datus
2961 1859 3047 1906 est
3070 1851 3357 1906 Germanio
3383 1868 3396 1904 :
3431 1867 3592 1920 quem

2027 1944 2218 1998 deinde
2249 1941 2487 1996 Gordius
2513 1943 2748 2011 excepit.
2799 1941 2966 2008 llnjus
2999 1942 3332 2010 temporibus
3372 1941 3593 1996 Narcis-

2025 2049 2118 2088 sus
2147 2050 2266 2088 cum
2296 2033 2472 2087 subito
2498 2033 2653 2102 quasi
2682 2033 2955 2087 redivivus
2983 2034 3311 2099 emersisset,
3343 2048 3371 2087 a
3407 2035 3592 2088 fratri-

2027 2127 2124 2182 bus
2156 2136 2211 2179 ut
2243 2127 2500 2180 Ecclesiae
2532 2126 3058 2181 administrationem
3089 2127 3268 2181 denuo
3299 2128 3597 2194 susciperet

2031 2227 2249 2287 rogatus
2272 2228 2376 2271 est.
2410 2217 2618 2286 Quippe
2643 2219 2879 2272 universi
2912 2220 3079 2272 multo
3111 2220 3281 2288 magis
3317 2227 3439 2273 tunc
3471 2235 3592 2274 cum

2029 2309 2369 2363 mirabantur
2403 2323 2417 2362 :
2451 2318 2562 2362 tum
2586 2309 2658 2364 ob
2695 2322 2994 2372 secessum,
3021 2318 3130 2361 tum
3160 2310 3226 2362 ob
3262 2309 3597 2376 philosophi-

2029 2416 2145 2456 eam
2171 2403 2383 2455 vivendi
2415 2403 2680 2456 rationem
2713 2419 2727 2454 :
2759 2401 2998 2454 maxime
3020 2416 3148 2455 vero
3177 2400 3245 2454 ob
3274 2411 3593 2469 praesentem

2031 2491 2320 2545 vindictam
2362 2508 2465 2561 qua
2528 2492 2668 2549 Deus
2722 2492 3150 2548 calumniatores
3195 2491 3338 2546 illius
3381 2490 3598 2548 allicere

2030 2581 2281 2651 dignatus
2313 2581 2508 2639 fuerat.

2519 2673 2680 2742 212
2729 2671 2958 2732 CAPUT
3012 2675 3103 2731 XI.

2600 2767 2676 2820 De
2700 2767 3025 2822 Alexandro.

2103 2855 2302 2913 Verum
2339 2872 2460 2912 cum
2498 2848 2720 2926 propter
2769 2869 3069 2913 extremam
3105 2866 3441 2914 senectutem
3491 2859 3594 2911 mi-

2033 2947 2311 3002 nisterium
2359 2962 2516 3000 suum
2543 2946 2696 3000 obire
2740 2947 2968 3015 amplius
3000 2961 3104 2999 non
3142 2956 3355 3015 posset,
3397 2962 3590 3016 supra-

356 3060 459 3112 ρας
491 3042 800 3113 ὑπάρχοντα
828 3041 1138 3112 παροικίας,
1187 3038 1464 3110 οἰκονομία
1519 3035 1651 3091 Θεοῦ
1699 3036 1791 3091 ἐπὶ
1837 3043 1934 3114 τὴν

2037 3042 2232 3095 dictum
2290 3038 2650 3092 Alexandrum
2704 3037 2933 3091 alterius
2987 3037 3238 3091 Ecclesize
3283 3037 3593 3106 episcopum

355 3129 475 3203 ἃμα
511 3133 589 3203 τῷ
620 3132 916 3202 Ναρκίσσῳ
945 3130 1283 3201 λειτουργίαν
1320 3129 1522 3192 ἐκάλει,
1557 3127 1698 3182 κατὰ
1722 3128 1928 3183 ἀποκά-

354 3225 514 3295 λυψιν
547 3223 760 3294 νύκτωρ
791 3221 938 3292 αὐτῷ
963 3221 1027 3274 δι’
1061 3221 1334 3291 ὁράματος
1360 3222 1634 3289 φανεῖσαν.
1671 3219 1852 3289 Ταύτῃ
1883 3219 1928 3271 δ’
1963 3251 1967 3255 -

354 3313 451 3371 οὖν
474 3316 660 3386 ὥσπερ
690 3314 830 3368 κατά
853 3331 907 3366 τι
937 3313 1259 3384 θεοπρόπιον
1296 3315 1359 3364 ἐκ
1395 3315 1493 3383 τῆς
1542 3311 1650 3364 τῶν
1691 3313 1929 3364 Καππα-

356 3407 529 3462 δοκῶν
566 3408 668 3478 γῆς
714 3406 841 3464 ἔνθα
874 3406 934 3458 τὺ
979 3404 1191 3477 πρῶτον
1229 3405 1330 3475 τῆς
1359 3405 1664 3474 ἐπισκοπῆς
1710 3403 1929 3472 ἠξίωτο,

357 3500 457 3572 τὴν
487 3499 708 3572 πορείαν
733 3499 822 3552 ἐπὶ
846 3498 912 3550 τὰ
949 3495 1292 3569 Ἱεροσόλυμα
1315 3496 1478 3566 εὐχῆς
1511 3495 1603 3548 καὶ
1624 3494 1730 3547 τῶν
1753 3495 1934 3548 τόπων

359 3592 601 3664 ἱστορίας
629 3591 813 3644 ἕνεκεν
835 3587 1220 3660 πεποιημένον,
1243 3586 1706 3658 φιλοφρονέστατα
1733 3586 1782 3638 οἱ
1806 3585 1934 3656 τῇδε

357 3684 739 3748 ὑπολαϐόντες,
802 3682 979 3735 οὐκέτ’
1019 3680 1198 3734 οἴκαδε
1251 3679 1399 3749 αὑτῷ
1434 3677 1769 3732 παλινοστεῖν
1819 3680 1939 3731 ἐπι-

357 3776 642 3846 τρέπουσι,
672 3771 792 3826 καθ’
819 3771 1010 3843 ἑτέραν
1031 3769 1372 3839 ἀποκάλυψιν
1395 3769 1486 3822 καὶ
1506 3769 1686 3831 αὐτοῖς
1719 3766 1936 3838 νύκτωρ

357 3866 634 3935 ὀφθεῖσαν,
671 3864 798 3934 μίαν
834 3880 894 3914 τε
943 3863 1124 3931 φωνὴν
1155 3860 1262 3931 (64)
1307 3859 1647 3931 σαφεστάτην
1688 3861 1800 3922 τοῖς
1834 3857 1938 3928 μά-

358 3957 518 4010 λιστα
545 3953 722 4008 αὐτῶν
757 3952 1062 4015 σπουδαίοις
1101 3955 1412 4025 χρήσασαν·
1443 3948 1628 4020 ἐδήλου
1660 3947 1767 4019 γὰρ
1804 3965 1939 4019 προ-

359 4048 616 4110 ελθόντας
651 4043 754 4112 ἔξω
776 4045 978 4108 πυλῶν,
1016 4045 1104 4096 τὸν
1137 4045 1202 4095 ὲκ
1237 4041 1371 4094 Θεοῦ
1409 4041 1816 4112 προωρισμένον
1843 4040 1940 4093 αύ-

359 4144 474 4203 τοῖς
501 4140 794 4192 ἐπίσκοπον
824 4134 1203 4202 ὑποδέξασθαι.
1232 4132 1400 4186 Τοῦτο
1431 4132 1486 4184 δὲ
1519 4131 1824 4203 πράξαντες
1845 4149 1944 4201 με·

359 4228 430 4283 τὰ
457 4229 644 4298 κοινῆς
670 4227 777 4279 τῶν
802 4225 1112 4278 ἐπισκόπων
1131 4223 1179 4276 οἳ
1197 4222 1298 4284 τὰς
1319 4219 1478 4291 πέριξ
1503 4220 1702 4272 διεῖπον
1717 4207 1945 4289 Ἐκκλη-

364 4323 484 4384 aia;
511 4319 736 4388 γνώμτις
763 4318 896 4388 (65),
919 4316 1229 4384 ἐπάναγκες
1258 4313 1418 4367 αὐτὸν
1456 4310 1795 4383 παραμένειν
1821 4310 1944 4381 βιά-

2034 3130 2210 3184 divina
2243 3130 2574 3199 dispensatio
2602 3144 2698 3198 per
2729 3128 3112 3183 revelationem
3161 3129 3448 3197 quamdam
3479 3143 3600 3198 qnze

2035 3221 2107 3275 illi
2155 3222 2206 3274 in
2251 3222 2458 3275 somnis
2505 3230 2848 3290 apparuerat,
2885 3220 2950 3273 ad
2998 3219 3430 3289 participandum
3473 3235 3596 3273 cum

2034 3311 2286 3366 Narcisso
2342 3312 2641 3367 sacerdotis
2685 3311 2915 3366 cilicium
2973 3315 3239 3367 evocavit.
3278 3311 3388 3365 Hae
3434 3311 3600 3380 igitur

2034 3404 2243 3459 visione
2272 3415 2524 3475 tanquam
2568 3406 2752 3460 divino
2781 3406 3087 3459 admonitus
3113 3405 3329 3459 oraculo
3364 3403 3597 3458 Alexan-

2035 3496 2150 3562 der,
2183 3512 2302 3550 cum
2341 3512 2406 3550 ex
2440 3496 2779 3566 Cappadocia
2829 3497 2881 3551 in
2913 3512 3014 3566 qua
3053 3497 3284 3566 primum
3319 3497 3602 3564 episcopus

2036 3586 2212 3641 fuerat
2235 3586 2537 3652 ordinatus,
2563 3587 2933 3660 Hierosolyma
2961 3587 3236 3656 profectus
3263 3588 3468 3653 fuisset,
3492 3599 3602 3642 mm

2037 3680 2250 3738 orandi.
2292 3689 2400 3732 tttm
2451 3679 2698 3733 locorum
2751 3681 3097 3735 visendorum
3136 3680 3310 3749 gratia
3349 3701 3359 3735 :
3408 3680 3606 3734 fratres

2041 3770 2186 3824 illius
2231 3769 2487 3825 Ecclesiae
2541 3769 2928 3826 humanissime
2961 3785 3084 3824 eum
3133 3771 3490 3838 excipientes,
3521 3785 3607 3820 rer

2041 3862 2179 3916 verti
2205 3863 2446 3931 posthaec
2477 3861 2528 3914 in
2558 3861 2786 3929 patriam
2823 3877 2928 3915 nou
2961 3861 3230 3914 siverunt.
3259 3860 3374 3912 Alia
3413 3861 3609 3928 quippe

2042 3953 2306 4008 revelatio
2355 3927 2518 4006 etiam
2571 3952 2702 4020 ipsis
2757 3967 2853 4020 per
2885 3966 3130 4006 somnum
3165 3950 3278 4003 visa
3322 3949 3611 4014 fuerat;et

2045 4059 2144 4096 vox
2181 4041 2422 4110 qumdam
2449 4041 2860 4094 evidentissima
2891 4041 2957 4092 ab
2992 4039 3057 4093 iis
3090 4039 3180 4107 qui
3207 4038 3495 4092 sanctitate
3528 4039 3610 4090 in-

2045 4142 2125 4187 ter
2152 4133 2296 4200 ipsos
2319 4131 2659 4194 eminebant,
2686 4131 2889 4184 audita.
2918 4128 3270 4198 Signiﬁcabat
3302 4127 3445 4180 enim
3474 4128 3609 4196 ipsis

2047 4231 2280 4276 utextra
2311 4232 2493 4290 portas
2531 4220 2766 4276 civitatis
2811 4221 3038 4291 egressi,
3068 4220 3398 4274 destinatum
3438 4219 3537 4273 sibi
3578 4235 3608 4274 α

2052 4309 2160 4363 Deo
2185 4311 2494 4377 episcopum
2533 4310 2893 4378 susciperent.
2929 4307 3084 4374 Quod
3117 4323 3239 4362 cum
3280 4308 3351 4361 illi
3380 4324 3612 4362 coaseu-

433 4437 548 4506 (65)
592 4421 919 4506 Ὠμολόγειἶ
965 4434 1128 4506 (ἷΟίΙΣΑ
1160 4432 1290 4506 Reg.
1341 4427 1770 4506 ὁμολογεῖ-ἐοιΙ
1817 4442 1937 4506 cum
1971 4431 2016 4486 D
2045 4426 2574 4506 leniter_emendare
2603 4465 2623 4504 ,_
2667 4423 2954 4506 dominetle
3017 4423 3068 4476 id
3115 4422 3251 4477 citra
3309 4421 3606 4493 periculum

361 4498 558 4574 reliqui
610 4498 824 4559 codices
873 4504 1034 4566 Μειιη
1083 4498 1328 4556 Mem—ac
1375 4498 1942 4574 lt‘ttk._SCI'iptptIt-ita-

364 4567 836 4646 ὺειιιὶιὼμολόγει,
870 4591 990 4646 eam
1031 4575 1358 4637 scripturam
1393 4568 1568 4638 magis
1617 4567 1806 4634 probo.
1841 4567 1941 4621 Se-

366 4649 555 4720 quitur
585 4643 727 4720 enim
760 4643 1145 4720 κατετρύχετο.

439 4715 739 4784 (64)Μίαν
768 4732 833 4768 τε
882 4704 1108 4783 gnam-riu
1144 4711 1674 4784 ChristOphorsonus
1722 4713 1775 4758 et
1826 4704 1942 4759 Mu-

365 4777 550 4844 scnlus
601 4785 689 4838 hic
739 4777 980 4853 legerunt
1028 4783 1128 4853 μιᾷ
1164 4799 1222 4835 τε
1257 4782 1406 4850 φωνῇ
1443 4777 1774 4853 σαφεστάτῃ,
1809 4786 1939 4853 οια,

366 4872 528 4928 quam
569 4845 1406 4928 scripturam.c0trtirinatetiam
1441 4845 1795 4928 ﬁieephorus.
1835 4845 1940 4897 Sed

367 4915 500 4982 nihl
539 4915 761 4976 omnino
813 4924 1131 4976 mutandum
1172 4919 1406 4974 videtur.
1459 4915 1592 4968 Nam
1639 4925 1830 4982 praeter
1863 4928 1946 4966 re-

367 4997 719 5056 velationem,
751 4995 827 5044 ait
870 4990 1135 5045 Eusebius
1168 5004 1354 5043 vocem
1401 4987 1622 5051 insuper
1651 4983 1942 5056 quamdam

367 5067 612 5121 auditam
635 5053 779 5114 esse.
811 5063 887 5116 Ac
920 5078 1041 5114 meo
1067 5061 1287 5125 quidem
1329 5055 1534 5123 judicio
1562 5054 1766 5125 optime
1799 5053 1946 5103 ltuli-

367 5153 471 5191 nus
517 5132 888 5186 narrationem
943 5123 1181 5187 Eusebii,
1233 5143 1352 5194 qtue
1402 5126 1580 5194 u'iintts
1627 5123 1783 5194 plana
1833 5129 1938 5194 est,

367 5204 629 5259 correxit.
683 5201 770 5253 Ait
805 5201 946 5252 enim
999 5191 1382 5251 revelationem
1426 5191 1943 5262 quidenrillanrde

365 5273 698 5337 Alexandro,
767 5269 1018 5322 Narcisso
1068 5281 1122 5321 ct
1172 5269 1290 5320 aliis
1329 5259 1711 5337 virissauetis
1751 5275 1778 5311 a
1836 5259 1943 5337 Deo

369 5329 698 5398 irnmissam'
733 5338 944 5392 fuisse:
992 5352 1178 5389 vocem
1227 5346 1404 5388 autem
1453 5331 1520 5384 ab
1568 5329 1712 5407 omni
1752 5329 1946 5407 populo

367 5415 607 5466 auditam
662 5410 853 5461 fuisse.
899 5407 1051 5471 Quod
1099 5417 1242 5460 certe
1277 5407 1430 5470 longe
1469 5410 1552 5454 est
1593 5399 1943 5471 probabilius.

364 5483 624 5538 Rnlinum
652 5494 783 5546 ergo
817 5467 1024 5528 tantum
1059 5475 1210 5530 abest
1263 5485 1321 5527 ut
1345 5467 1402 5546 in
1433 5487 1496 5524 eo
1530 5467 1944 5546 reprehendam,

366 5534 506 5623 quod
533 5534 762 5623 Eusebii
794 5546 1123 5623 sententiam
1155 5544 1422 5623 uiutgrvit,’
1456 5534 1803 5623 quin:
1829 5534 1945 5623 lft‘l'lg-

362 5605 607 5677 dandum
643 5617 924 5671 existimo.
977 5615 1069 5666 Est
1109 5615 1252 5668 enim
1301 5610 1424 5665 boni
1473 5605 1788 5673 interpretis
1831 5605 1948 5656 otii-

359 5695 531 5759 cium,
568 5704 634 5745 ea
673 5701 795 5756 quae
826 5682 896 5737 ab
925 5685 1233 5738 auctoribus
1281 5693 1562 5750 perperam
1619 5677 1762 5728 dicta
1821 5681 1944 5728 sunt

2043 4497 2326 4552 sentcntiae
2364 4504 2417 4546 et
2451 4510 2574 4548 eum
2605 4494 2807 4560 judicio
2835 4495 2944 4547 ﬁat.

2113 4565 2222 4638 (65)
2275 4565 2448 4638 Matri
2481 4559 2690 4638 κοινῆς
2726 4562 2843 4616 τῶν
2889 4563 3298 4638 ἐπισκόπων...
3348 4559 3604 4630 γνώμης.

2045 4631 2406 4705 Hieronymus
2438 4636 2487 4686 iu
2518 4631 2773 4703 Catulogo
2805 4641 2858 4686 et
2895 4633 3228 4700 Niccpliorus
3261 4631 3441 4705 ipsum
3471 4646 3611 4705 quo:

2043 4721 2149 4774 que
2177 4699 2487 4774 Narcissum
2527 4705 2653 4756 huic
2691 4699 2765 4755 rei
2794 4699 3138 4774 consensisse
3168 4701 3434 4774 scribunt,
3469 4699 3610 4774 quod

2047 4769 2237 4841 procul
2277 4774 2439 4826 dubio
2478 4788 2676 4840 ,verum
2715 4782 2814 4824 est.
2850 4772 3019 4825 Invito
3056 4772 3198 4824 enim
3231 4770 3488 4841 episeopo
3516 4769 3612 4841 ad-

2043 4838 2192 4914 jutor
2218 4843 2332 4896 dari
2375 4838 2485 4896 non
2513 4851 2712 4910 potest.
2746 4841 3006 4914 _l‘orro_in
3051 4842 3150 4893 hac
3178 4840 3466 4914 Alexandri
3498 4838 3610 4914 ele-

2053 4907 2251 4977 ctione,
2285 4915 2390 4965 duo
2421 4907 2610 4965 contra
2645 4911 2805 4965 ecele.
2827 4911 3072 4962 iasticam
3109 4907 3608 4979 regniauradmissa

2050 4991 2201 5036 sunt.
2253 4981 2515 5041 Primum,
2549 4983 2687 5042 qum!
2731 4980 2797 5032 ab
2841 4996 2948 5032 uno
2969 4976 3275 5046 episcopatu
3310 4976 3611 5030 Alexander

2049 5052 2116 5105 ad
2151 5053 2315 5104 alium
2354 5050 2653 5102 translatus
2705 5060 2818 5114 est;
2869 5049 3119 5112 alterum,
3149 5047 3294 5115 quod
3339 5046 3611 5114 superstiti

2049 5123 2304 5188 episcopo
2349 5119 2562 5187 adjutor
2595 5130 2647 5171 ct
2686 5120 3034 5187 coepiscopns
3069 5129 3148 5171 est
3185 5118 3488 5183 adjunctus.
3522 5117 3614 5188 Λι-

2048 5186 2152 5259 que
2182 5186 2280 5244 hoc
2303 5186 2528 5259 primum
2544 5186 2844 5254 exemplum
2867 5189 3097 5259 occurrit
3125 5188 3491 5259 eoadjutorum
3507 5186 3611 5250 epi-

2053 5255 2365 5328 scaporum.
2395 5257 2548 5322 Quod
2579 5259 2918 5328 licetApostea
2951 5257 3173 5328 vetitum
3206 5256 3371 5328 fuerit
3395 5255 3444 5306 in
3478 5268 3614 5328 eam

2053 5323 2178 5382 (tilio
2232 5328 2569 5392 Sardiccusi,
2618 5328 2669 5379 ui
2709 5326 2881 5389 fallor,
2934 5327 3281 5379 nihilominus
3323 5323 3616 5376 identidem

2057 5399 2108 5451 in
2136 5397 2379 5452 Ecclesia
2413 5408 2726 5463 usurpatum
2759 5409 2860 5448 est.
2904 5395 3070 5448 Porro
3093 5393 3618 5463 Christophorsonus

2056 5468 2201 5521 hunc
2227 5468 2401 5519 locum
2445 5460 2603 5518 aliter
2635 5467 2987 5533 interpunxit,
3017 5473 3068 5515 et
3099 5473 3216 5533 post
3250 5477 3432 5516 vocem
3473 5460 3616 5528 πρά-

2056 5536 2242 5599 ξαντες
2270 5535 2531 5602 virgulam
2567 5532 2838 5604 apposuit,
2879 5545 3069 5590 contra
3100 5532 3435 5602 Scriptorum
3465 5532 3618 5584 cedi-

2049 5618 2172 5661 c.un
2211 5605 2605 5660 auctoritatem.
