  <div class='ocr_page' id='page_1' title='image "/cluster/home/n/w/nwhite01/storage/ocr_20150623/20/mdp.39015008802764/278.png"; bbox 0 0 4012 6256; ppageno 0'>
   <div class='ocr_carea' id='block_1_1' title="bbox 335 299 445 356">
    <p class='ocr_par' dir='ltr' id='par_1_1' title="bbox 335 299 445 356">
     <span class='ocr_line' id='line_1_1' title="bbox 335 299 445 356; baseline 0 0"><span class='ocrx_word' id='word_1_1' title='bbox 335 299 445 356; x_wconf 65' lang='grc' dir='ltr'><strong>ωδ</strong></span> 
     </span>
    </p>
   </div>
   <div class='ocr_carea' id='block_1_2' title="bbox 1331 299 2577 362">
    <p class='ocr_par' dir='ltr' id='par_1_2' title="bbox 1331 299 2577 362">
     <span class='ocr_line' id='line_1_2' title="bbox 1331 299 2577 362; baseline -0.004 -3"><span class='ocrx_word' id='word_1_2' title='bbox 1331 303 1682 362; x_wconf 73' lang='grc' dir='ltr'><strong>1115ΒοιῖΙῶ</strong></span> <span class='ocrx_word' id='word_1_3' title='bbox 1722 302 2277 360; x_wconf 75' lang='lat' dir='ltr'><strong>ECCLESIAS&#39;I&#39;IC/E</strong></span> <span class='ocrx_word' id='word_1_4' title='bbox 2319 300 2444 357; x_wconf 84' lang='lat' dir='ltr'><strong>LIB.</strong></span> <span class='ocrx_word' id='word_1_5' title='bbox 2488 299 2577 356; x_wconf 70' lang='lat' dir='ltr'><strong>VI.</strong></span> 
     </span>
    </p>
   </div>
   <div class='ocr_carea' id='block_1_3' title="bbox 3508 296 3612 354">
    <p class='ocr_par' dir='ltr' id='par_1_3' title="bbox 3508 296 3612 354">
     <span class='ocr_line' id='line_1_3' title="bbox 3508 296 3612 354; baseline -0.029 0"><span class='ocrx_word' id='word_1_6' title='bbox 3508 296 3612 354; x_wconf 67' lang='grc' dir='ltr'>διε</span> 
     </span>
    </p>
   </div>
   <div class='ocr_carea' id='block_1_4' title="bbox 333 409 1914 489">
    <p class='ocr_par' dir='ltr' id='par_1_4' title="bbox 333 410 1914 489">
     <span class='ocr_line' id='line_1_4' title="bbox 333 410 1914 489; baseline 0.001 -23"><span class='ocrx_word' id='word_1_7' title='bbox 333 410 734 467; x_wconf 70' lang='grc' dir='ltr'>δκπετπωκότα</span> <span class='ocrx_word' id='word_1_8' title='bbox 769 413 892 467; x_wconf 75' lang='grc' dir='ltr'>τινὰ</span> <span class='ocrx_word' id='word_1_9' title='bbox 926 419 1078 486; x_wconf 65' lang='grc' dir='ltr'>παρὰ</span> <span class='ocrx_word' id='word_1_10' title='bbox 1098 415 1187 468; x_wconf 73' lang='grc' dir='ltr'><strong>τὸν</strong></span> <span class='ocrx_word' id='word_1_11' title='bbox 1216 416 1306 470; x_wconf 81' lang='grc' dir='ltr'><strong>τοῦ</strong></span> <span class='ocrx_word' id='word_1_12' title='bbox 1339 417 1579 488; x_wconf 85' lang='grc' dir='ltr'>διωγμοῦ</span> <span class='ocrx_word' id='word_1_13' title='bbox 1608 417 1796 489; x_wconf 83' lang='grc' dir='ltr'>καιρὸν</span> <span class='ocrx_word' id='word_1_14' title='bbox 1819 415 1914 470; x_wconf 78' lang='grc' dir='ltr'><strong>ἁπὲ</strong></span> 
     </span>
    </p>
   </div>
   <div class='ocr_carea' id='block_1_5' title="bbox 2026 409 3610 489">
    <p class='ocr_par' dir='ltr' id='par_1_5' title="bbox 2031 409 3610 483">
     <span class='ocr_line' id='line_1_5' title="bbox 2031 409 3610 483; baseline -0.002 -14"><span class='ocrx_word' id='word_1_15' title='bbox 2031 418 2098 470; x_wconf 88' lang='lat' dir='ltr'><strong>ad</strong></span> <span class='ocrx_word' id='word_1_16' title='bbox 2126 415 2455 470; x_wconf 89' lang='lat' dir='ltr'><strong>Domninum</strong></span> <span class='ocrx_word' id='word_1_17' title='bbox 2488 413 2776 483; x_wconf 77' lang='lat' dir='ltr'><strong>quemdam</strong></span> <span class='ocrx_word' id='word_1_18' title='bbox 2809 412 2901 482; x_wconf 86' lang='lat' dir='ltr'><strong>qui</strong></span> <span class='ocrx_word' id='word_1_19' title='bbox 2929 409 3322 482; x_wconf 76' lang='lat' dir='ltr'><strong>persecutionis</strong></span> <span class='ocrx_word' id='word_1_20' title='bbox 3365 421 3610 482; x_wconf 85' lang='lat' dir='ltr'><strong>tempore</strong></span> 
     </span>
    </p>
   </div>
   <div class='ocr_carea' id='block_1_6' title="bbox 329 503 1926 582">
    <p class='ocr_par' dir='ltr' id='par_1_6' title="bbox 329 503 1926 582">
     <span class='ocr_line' id='line_1_6' title="bbox 329 503 1926 582; baseline 0.005 -25"><span class='ocrx_word' id='word_1_21' title='bbox 329 503 436 574; x_wconf 78' lang='grc' dir='ltr'><strong>τῆς</strong></span> <span class='ocrx_word' id='word_1_22' title='bbox 474 504 553 566; x_wconf 80' lang='grc' dir='ltr'>εὶς</span> <span class='ocrx_word' id='word_1_23' title='bbox 594 505 836 577; x_wconf 79' lang='grc' dir='ltr'>Χριστὸν</span> <span class='ocrx_word' id='word_1_24' title='bbox 886 507 1120 573; x_wconf 82' lang='grc' dir='ltr'>πίστεως</span> <span class='ocrx_word' id='word_1_25' title='bbox 1177 509 1269 562; x_wconf 73' lang='grc' dir='ltr'><strong>ἐπὶ</strong></span> <span class='ocrx_word' id='word_1_26' title='bbox 1317 510 1414 582; x_wconf 75' lang='grc' dir='ltr'><strong>τὴν</strong></span> <span class='ocrx_word' id='word_1_27' title='bbox 1481 509 1775 582; x_wconf 80' lang='grc' dir='ltr'>ἰουδαῖκὴν</span> <span class='ocrx_word' id='word_1_28' title='bbox 1811 511 1926 564; x_wconf 81' lang='grc' dir='ltr'>ἐθε-</span> 
     </span>
    </p>
   </div>
   <div class='ocr_carea' id='block_1_7' title="bbox 331 595 1924 676">
    <p class='ocr_par' dir='ltr' id='par_1_7' title="bbox 331 595 1924 676">
     <span class='ocr_line' id='line_1_7' title="bbox 331 595 1924 676; baseline 0.006 -28"><span class='ocrx_word' id='word_1_29' title='bbox 331 595 718 670; x_wconf 82' lang='grc' dir='ltr'>λοθρησκείαν,</span> <span class='ocrx_word' id='word_1_30' title='bbox 758 599 852 654; x_wconf 68' lang='grc' dir='ltr'>καὶ</span> <span class='ocrx_word' id='word_1_31' title='bbox 895 601 964 654; x_wconf 82' lang='grc' dir='ltr'>τὰ</span> <span class='ocrx_word' id='word_1_32' title='bbox 1000 602 1134 674; x_wconf 84' lang='grc' dir='ltr'>πρὸς</span> <span class='ocrx_word' id='word_1_33' title='bbox 1167 603 1386 656; x_wconf 78' lang='grc' dir='ltr'><strong>Πόντιον</strong></span> <span class='ocrx_word' id='word_1_34' title='bbox 1420 605 1514 657; x_wconf 74' lang='grc' dir='ltr'><strong>καὶ</strong></span> <span class='ocrx_word' id='word_1_35' title='bbox 1549 605 1791 676; x_wconf 84' lang='grc' dir='ltr'>Καρικὸν</span> <span class='ocrx_word' id='word_1_36' title='bbox 1832 606 1924 658; x_wconf 85' lang='grc' dir='ltr'>ὲκ-</span> 
     </span>
    </p>
   </div>
   <div class='ocr_carea' id='block_1_8' title="bbox 330 691 1926 772">
    <p class='ocr_par' dir='ltr' id='par_1_8' title="bbox 330 691 1926 772">
     <span class='ocr_line' id='line_1_8' title="bbox 330 691 1926 772; baseline 0.007 -29"><span class='ocrx_word' id='word_1_37' title='bbox 330 691 760 762; x_wconf 81' lang='grc' dir='ltr'>κλησιαστικοῦς</span> <span class='ocrx_word' id='word_1_38' title='bbox 799 694 1018 767; x_wconf 83' lang='grc' dir='ltr'>ἄνδρας,</span> <span class='ocrx_word' id='word_1_39' title='bbox 1054 697 1147 749; x_wconf 71' lang='grc' dir='ltr'><strong>καὶ</strong></span> <span class='ocrx_word' id='word_1_40' title='bbox 1190 697 1344 751; x_wconf 78' lang='grc' dir='ltr'>ἄλλαι</span> <span class='ocrx_word' id='word_1_41' title='bbox 1376 700 1512 772; x_wconf 82' lang='grc' dir='ltr'>πρὸς</span> <span class='ocrx_word' id='word_1_42' title='bbox 1555 700 1772 772; x_wconf 80' lang='grc' dir='ltr'>ἑτέρους</span> <span class='ocrx_word' id='word_1_43' title='bbox 1806 703 1926 755; x_wconf 82' lang='grc' dir='ltr'>ἐπι-</span> 
     </span>
    </p>
   </div>
   <div class='ocr_carea' id='block_1_9' title="bbox 333 782 1926 868">
    <p class='ocr_par' dir='ltr' id='par_1_9' title="bbox 333 782 1926 868">
     <span class='ocr_line' id='line_1_9' title="bbox 333 782 1926 868; baseline 0.007 -32"><span class='ocrx_word' id='word_1_44' title='bbox 333 782 546 838; x_wconf 77' lang='grc' dir='ltr'>στολαίο</span> <span class='ocrx_word' id='word_1_45' title='bbox 591 786 778 868; x_wconf 75' lang='grc' dir='ltr'>ἕτερρς</span> <span class='ocrx_word' id='word_1_46' title='bbox 824 805 885 841; x_wconf 88' lang='grc' dir='ltr'><strong>τε</strong></span> <span class='ocrx_word' id='word_1_47' title='bbox 933 791 1359 861; x_wconf 68' lang='grc' dir='ltr'><strong>συντεταγμένος</strong></span> <span class='ocrx_word' id='word_1_48' title='bbox 1405 792 1552 864; x_wconf 82' lang='grc' dir='ltr'>αὑτῷ</span> <span class='ocrx_word' id='word_1_49' title='bbox 1602 794 1758 862; x_wconf 82' lang='grc' dir='ltr'>λόγος</span> <span class='ocrx_word' id='word_1_50' title='bbox 1799 795 1926 866; x_wconf 76' lang='grc' dir='ltr'>περὶ</span> 
     </span>
    </p>
   </div>
   <div class='ocr_carea' id='block_1_10' title="bbox 327 873 1922 954">
    <p class='ocr_par' dir='ltr' id='par_1_10' title="bbox 327 873 1922 954">
     <span class='ocr_line' id='line_1_10' title="bbox 327 873 1922 954; baseline 0.009 -30"><span class='ocrx_word' id='word_1_51' title='bbox 327 873 426 926; x_wconf 86' lang='grc' dir='ltr'><strong>τοῦ</strong></span> <span class='ocrx_word' id='word_1_52' title='bbox 483 873 780 946; x_wconf 78' lang='grc' dir='ltr'>λεγομένου</span> <span class='ocrx_word' id='word_1_53' title='bbox 832 879 976 932; x_wconf 72' lang='grc' dir='ltr'>κατὰ</span> <span class='ocrx_word' id='word_1_54' title='bbox 1028 881 1232 954; x_wconf 77' lang='grc' dir='ltr'>Πέτρον</span> <span class='ocrx_word' id='word_1_55' title='bbox 1290 884 1661 953; x_wconf 84' lang='grc' dir='ltr'>Εὑαγγελίου·</span> <span class='ocrx_word' id='word_1_56' title='bbox 1717 886 1775 938; x_wconf 83' lang='grc' dir='ltr'>δν</span> <span class='ocrx_word' id='word_1_57' title='bbox 1826 903 1922 938; x_wconf 85' lang='grc' dir='ltr'>πε-</span> 
     </span>
    </p>
   </div>
   <div class='ocr_carea' id='block_1_11' title="bbox 332 965 1921 1048">
    <p class='ocr_par' dir='ltr' id='par_1_11' title="bbox 332 965 1921 1048">
     <span class='ocr_line' id='line_1_11' title="bbox 332 965 1921 1048; baseline 0.01 -33"><span class='ocrx_word' id='word_1_58' title='bbox 332 965 555 1035; x_wconf 82' lang='grc' dir='ltr'>ποίηται</span> <span class='ocrx_word' id='word_1_59' title='bbox 611 969 936 1041; x_wconf 84' lang='grc' dir='ltr'>ἀπελέγχων</span> <span class='ocrx_word' id='word_1_60' title='bbox 973 972 1042 1025; x_wconf 77' lang='grc' dir='ltr'>τὰ</span> <span class='ocrx_word' id='word_1_61' title='bbox 1075 973 1284 1042; x_wconf 70' lang='grc' dir='ltr'>ψευδῶς</span> <span class='ocrx_word' id='word_1_62' title='bbox 1327 977 1386 1028; x_wconf 85' lang='grc' dir='ltr'><strong>ἐν</strong></span> <span class='ocrx_word' id='word_1_63' title='bbox 1438 976 1588 1046; x_wconf 84' lang='grc' dir='ltr'>αὑτῷ</span> <span class='ocrx_word' id='word_1_64' title='bbox 1633 977 1921 1048; x_wconf 69' lang='grc' dir='ltr'>εἰρημένα,</span> 
     </span>
    </p>
   </div>
   <div class='ocr_carea' id='block_1_12' title="bbox 327 1053 1924 1143">
    <p class='ocr_par' dir='ltr' id='par_1_12' title="bbox 327 1053 1924 1143">
     <span class='ocr_line' id='line_1_12' title="bbox 327 1053 1924 1143; baseline 0.011 -36"><span class='ocrx_word' id='word_1_65' title='bbox 327 1053 419 1108; x_wconf 71' lang='grc' dir='ltr'><strong>διά</strong></span> <span class='ocrx_word' id='word_1_66' title='bbox 455 1075 608 1122; x_wconf 84' lang='grc' dir='ltr'>τινας</span> <span class='ocrx_word' id='word_1_67' title='bbox 648 1061 706 1114; x_wconf 83' lang='grc' dir='ltr'><strong>ἐν</strong></span> <span class='ocrx_word' id='word_1_68' title='bbox 736 1065 802 1133; x_wconf 85' lang='grc' dir='ltr'>τῇ</span> <span class='ocrx_word' id='word_1_69' title='bbox 868 1063 1012 1118; x_wconf 80' lang='grc' dir='ltr'>κατὰ</span> <span class='ocrx_word' id='word_1_70' title='bbox 1060 1066 1295 1120; x_wconf 78' lang='grc' dir='ltr'>Ῥωσσὸν</span> <span class='ocrx_word' id='word_1_71' title='bbox 1330 1067 1440 1139; x_wconf 65' lang='grc'>(74)</span> <span class='ocrx_word' id='word_1_72' title='bbox 1475 1071 1733 1142; x_wconf 69' lang='grc' dir='ltr'>παροικίᾳ</span> <span class='ocrx_word' id='word_1_73' title='bbox 1789 1088 1924 1143; x_wconf 86' lang='grc' dir='ltr'>προ-</span> 
     </span>
    </p>
   </div>
   <div class='ocr_carea' id='block_1_13' title="bbox 331 1148 1924 1234">
    <p class='ocr_par' dir='ltr' id='par_1_13' title="bbox 331 1148 1924 1234">
     <span class='ocr_line' id='line_1_13' title="bbox 331 1148 1924 1234; baseline 0.01 -33"><span class='ocrx_word' id='word_1_74' title='bbox 331 1148 496 1215; x_wconf 72' lang='grc' dir='ltr'>φάσει</span> <span class='ocrx_word' id='word_1_75' title='bbox 548 1152 646 1224; x_wconf 81' lang='grc' dir='ltr'>τῆς</span> <span class='ocrx_word' id='word_1_76' title='bbox 698 1155 998 1227; x_wconf 78' lang='grc' dir='ltr'>εἰρημένης</span> <span class='ocrx_word' id='word_1_77' title='bbox 1052 1160 1273 1230; x_wconf 65' lang='grc' dir='ltr'>γραφῆς</span> <span class='ocrx_word' id='word_1_78' title='bbox 1330 1163 1411 1226; x_wconf 76' lang='grc' dir='ltr'>εἰς</span> <span class='ocrx_word' id='word_1_79' title='bbox 1462 1162 1802 1234; x_wconf 76' lang='grc' dir='ltr'>ἐτεροδόξους</span> <span class='ocrx_word' id='word_1_80' title='bbox 1847 1165 1924 1217; x_wconf 84' lang='grc' dir='ltr'><strong>δι-</strong></span> 
     </span>
    </p>
   </div>
   <div class='ocr_carea' id='block_1_14' title="bbox 326 1238 1925 1330">
    <p class='ocr_par' dir='ltr' id='par_1_14' title="bbox 326 1238 1925 1330">
     <span class='ocr_line' id='line_1_14' title="bbox 326 1238 1925 1330; baseline 0.012 -39"><span class='ocrx_word' id='word_1_81' title='bbox 326 1238 624 1307; x_wconf 78' lang='grc' dir='ltr'>δασκαλίας</span> <span class='ocrx_word' id='word_1_82' title='bbox 666 1245 1080 1312; x_wconf 82' lang='grc' dir='ltr'>ἀποκείλαντας.</span> <span class='ocrx_word' id='word_1_83' title='bbox 1127 1252 1242 1321; x_wconf 72' lang='grc' dir='ltr'><strong>Ἀφ’</strong></span> <span class='ocrx_word' id='word_1_84' title='bbox 1291 1247 1358 1324; x_wconf 78' lang='grc' dir='ltr'>ἧς</span> <span class='ocrx_word' id='word_1_85' title='bbox 1397 1253 1615 1323; x_wconf 79' lang='grc' dir='ltr'>εὔλογον</span> <span class='ocrx_word' id='word_1_86' title='bbox 1669 1255 1925 1330; x_wconf 76' lang='grc' dir='ltr'>βραχείας</span> 
     </span>
    </p>
   </div>
   <div class='ocr_carea' id='block_1_15' title="bbox 326 1331 1922 1416">
    <p class='ocr_par' dir='ltr' id='par_1_15' title="bbox 326 1331 1922 1416">
     <span class='ocr_line' id='line_1_15' title="bbox 326 1331 1922 1416; baseline 0.011 -34"><span class='ocrx_word' id='word_1_87' title='bbox 326 1331 674 1403; x_wconf 81' lang='grc' dir='ltr'>παραθέσθαι</span> <span class='ocrx_word' id='word_1_88' title='bbox 704 1336 897 1402; x_wconf 79' lang='grc' dir='ltr'><strong>λέξεις,</strong></span> <span class='ocrx_word' id='word_1_89' title='bbox 941 1338 1007 1392; x_wconf 75' lang='grc' dir='ltr'>δι’</span> <span class='ocrx_word' id='word_1_90' title='bbox 1037 1333 1111 1392; x_wconf 81' lang='grc' dir='ltr'>ὧν</span> <span class='ocrx_word' id='word_1_91' title='bbox 1143 1341 1208 1412; x_wconf 71' lang='grc' dir='ltr'><strong>ἣν</strong></span> <span class='ocrx_word' id='word_1_92' title='bbox 1238 1337 1348 1411; x_wconf 72' lang='grc' dir='ltr'>εἶχε</span> <span class='ocrx_word' id='word_1_93' title='bbox 1397 1345 1524 1415; x_wconf 76' lang='grc' dir='ltr'>περὶ</span> <span class='ocrx_word' id='word_1_94' title='bbox 1573 1344 1666 1398; x_wconf 90' lang='grc' dir='ltr'><strong>τοῦ</strong></span> <span class='ocrx_word' id='word_1_95' title='bbox 1720 1345 1922 1416; x_wconf 84' lang='grc' dir='ltr'>βιϐλίου</span> 
     </span>
    </p>
   </div>
   <div class='ocr_carea' id='block_1_16' title="bbox 324 1422 1922 1507">
    <p class='ocr_par' dir='ltr' id='par_1_16' title="bbox 324 1422 1922 1507">
     <span class='ocr_line' id='line_1_16' title="bbox 324 1422 1922 1507; baseline 0.011 -34"><span class='ocrx_word' id='word_1_96' title='bbox 324 1422 556 1494; x_wconf 80' lang='grc' dir='ltr'><strong>γνώμην</strong></span> <span class='ocrx_word' id='word_1_97' title='bbox 575 1427 892 1498; x_wconf 71' lang='grc' dir='ltr'>προτίθησιν</span> <span class='ocrx_word' id='word_1_98' title='bbox 909 1428 1050 1484; x_wconf 75' lang='grc' dir='ltr'>οὕτω</span> <span class='ocrx_word' id='word_1_99' title='bbox 1073 1432 1321 1502; x_wconf 67' lang='grc' dir='ltr'>γράφων*</span> <span class='ocrx_word' id='word_1_100' title='bbox 1349 1453 1366 1484; x_wconf 82' lang='lat' dir='ltr'><strong>t</strong></span> <span class='ocrx_word' id='word_1_101' title='bbox 1402 1435 1593 1504; x_wconf 83' lang='grc' dir='ltr'>Ἡμεῖς</span> <span class='ocrx_word' id='word_1_102' title='bbox 1611 1435 1738 1507; x_wconf 80' lang='grc' dir='ltr'>γὰρ,</span> <span class='ocrx_word' id='word_1_103' title='bbox 1767 1437 1922 1491; x_wconf 86' lang='grc' dir='ltr'>ἀδελ-</span> 
     </span>
    </p>
   </div>
   <div class='ocr_carea' id='block_1_17' title="bbox 327 1516 1925 1598">
    <p class='ocr_par' dir='ltr' id='par_1_17' title="bbox 327 1516 1925 1598">
     <span class='ocr_line' id='line_1_17' title="bbox 327 1516 1925 1598; baseline 0.01 -33"><span class='ocrx_word' id='word_1_104' title='bbox 327 1516 443 1582; x_wconf 68' lang='grc' dir='ltr'>φοὶ,</span> <span class='ocrx_word' id='word_1_105' title='bbox 477 1516 569 1568; x_wconf 73' lang='grc' dir='ltr'><strong>καὶ</strong></span> <span class='ocrx_word' id='word_1_106' title='bbox 593 1517 796 1589; x_wconf 80' lang='grc' dir='ltr'>Πέτρον</span> <span class='ocrx_word' id='word_1_107' title='bbox 818 1519 910 1572; x_wconf 74' lang='grc' dir='ltr'>καὶ</span> <span class='ocrx_word' id='word_1_108' title='bbox 940 1523 1066 1584; x_wconf 79' lang='grc' dir='ltr'>τοῦς</span> <span class='ocrx_word' id='word_1_109' title='bbox 1089 1522 1280 1587; x_wconf 76' lang='grc' dir='ltr'>ἄλλους</span> <span class='ocrx_word' id='word_1_110' title='bbox 1317 1525 1647 1591; x_wconf 76' lang='grc' dir='ltr'>ἀποστόλους</span> <span class='ocrx_word' id='word_1_111' title='bbox 1668 1528 1925 1598; x_wconf 81' lang='grc' dir='ltr'>ἀποδεχό-</span> 
     </span>
    </p>
   </div>
   <div class='ocr_carea' id='block_1_18' title="bbox 325 1605 1924 1688">
    <p class='ocr_par' dir='ltr' id='par_1_18' title="bbox 325 1605 1924 1688">
     <span class='ocr_line' id='line_1_18' title="bbox 325 1605 1924 1688; baseline 0.009 -31"><span class='ocrx_word' id='word_1_112' title='bbox 325 1605 473 1674; x_wconf 86' lang='grc' dir='ltr'>μεθα</span> <span class='ocrx_word' id='word_1_113' title='bbox 503 1607 579 1671; x_wconf 87' lang='grc' dir='ltr'>ὼς</span> <span class='ocrx_word' id='word_1_114' title='bbox 607 1609 873 1680; x_wconf 78' lang='grc' dir='ltr'>Χριστόνο</span> <span class='ocrx_word' id='word_1_115' title='bbox 908 1611 975 1664; x_wconf 79' lang='grc' dir='ltr'>τὰ</span> <span class='ocrx_word' id='word_1_116' title='bbox 1009 1613 1064 1666; x_wconf 83' lang='grc' dir='ltr'>δὲ</span> <span class='ocrx_word' id='word_1_117' title='bbox 1121 1613 1342 1684; x_wconf 79' lang='grc' dir='ltr'>ὀνόματι</span> <span class='ocrx_word' id='word_1_118' title='bbox 1381 1617 1493 1688; x_wconf 76' lang='grc'>(75)</span> <span class='ocrx_word' id='word_1_119' title='bbox 1537 1618 1714 1672; x_wconf 81' lang='grc' dir='ltr'>αὐτῶν</span> <span class='ocrx_word' id='word_1_120' title='bbox 1761 1619 1924 1688; x_wconf 71' lang='grc' dir='ltr'>ψευδ-</span> 
     </span>
    </p>
   </div>
   <div class='ocr_carea' id='block_1_19' title="bbox 321 1697 1922 1780">
    <p class='ocr_par' dir='ltr' id='par_1_19' title="bbox 321 1697 1922 1780">
     <span class='ocr_line' id='line_1_19' title="bbox 321 1697 1922 1780; baseline 0.012 -33"><span class='ocrx_word' id='word_1_121' title='bbox 321 1697 607 1769; x_wconf 63' lang='grc' dir='ltr'>επίγραφα</span> <span class='ocrx_word' id='word_1_122' title='bbox 657 1701 733 1766; x_wconf 81' lang='grc' dir='ltr'>ὡς</span> <span class='ocrx_word' id='word_1_123' title='bbox 783 1702 1032 1776; x_wconf 80' lang='grc' dir='ltr'>ἔμπειροι</span> <span class='ocrx_word' id='word_1_124' title='bbox 1069 1708 1514 1779; x_wconf 71' lang='grc' dir='ltr'>παραιτούμεθα,</span> <span class='ocrx_word' id='word_1_125' title='bbox 1566 1710 1922 1780; x_wconf 83' lang='grc' dir='ltr'>γινώσκοντες</span> 
     </span>
    </p>
   </div>
   <div class='ocr_carea' id='block_1_20' title="bbox 2035 503 3607 575">
    <p class='ocr_par' dir='ltr' id='par_1_20' title="bbox 2035 503 3607 575">
     <span class='ocr_line' id='line_1_20' title="bbox 2035 503 3607 575; baseline -0.004 -13"><span class='ocrx_word' id='word_1_126' title='bbox 2035 524 2066 562; x_wconf 90' lang='lat' dir='ltr'><strong>a</strong></span> <span class='ocrx_word' id='word_1_127' title='bbox 2109 509 2213 562; x_wconf 83' lang='lat' dir='ltr'><strong>ﬁde</strong></span> <span class='ocrx_word' id='word_1_128' title='bbox 2242 505 2445 561; x_wconf 90' lang='lat' dir='ltr'><strong>Christi</strong></span> <span class='ocrx_word' id='word_1_129' title='bbox 2482 508 2548 560; x_wconf 90' lang='lat' dir='ltr'><strong>ad</strong></span> <span class='ocrx_word' id='word_1_130' title='bbox 2597 503 2903 559; x_wconf 74' lang='lat' dir='ltr'><strong>Judtcortnn</strong></span> <span class='ocrx_word' id='word_1_131' title='bbox 2951 505 3394 575; x_wconf 89' lang='lat' dir='ltr'><strong>superstitionem</strong></span> <span class='ocrx_word' id='word_1_132' title='bbox 3430 503 3607 558; x_wconf 80' lang='lat' dir='ltr'><strong>desci-</strong></span> 
     </span>
    </p>
   </div>
   <div class='ocr_carea' id='block_1_21' title="bbox 2035 596 3586 670">
    <p class='ocr_par' dir='ltr' id='par_1_21' title="bbox 2035 596 3586 670">
     <span class='ocr_line' id='line_1_21' title="bbox 2035 596 3586 670; baseline -0.002 -17"><span class='ocrx_word' id='word_1_133' title='bbox 2035 611 2227 666; x_wconf 88' lang='lat' dir='ltr'><strong>verat;</strong></span> <span class='ocrx_word' id='word_1_134' title='bbox 2279 601 2405 654; x_wconf 86' lang='lat' dir='ltr'><strong>item</strong></span> <span class='ocrx_word' id='word_1_135' title='bbox 2467 599 2552 653; x_wconf 85' lang='lat' dir='ltr'><strong>illa</strong></span> <span class='ocrx_word' id='word_1_136' title='bbox 2593 616 2714 670; x_wconf 75' lang='lat' dir='ltr'><strong>qua:</strong></span> <span class='ocrx_word' id='word_1_137' title='bbox 2750 601 2815 653; x_wconf 90' lang='lat' dir='ltr'><strong>ad</strong></span> <span class='ocrx_word' id='word_1_138' title='bbox 2868 597 3121 652; x_wconf 84' lang='lat' dir='ltr'><strong>Pontium</strong></span> <span class='ocrx_word' id='word_1_139' title='bbox 3151 596 3482 652; x_wconf 85' lang='lat' dir='ltr'><strong>etCaricum</strong></span> <span class='ocrx_word' id='word_1_140' title='bbox 3523 612 3586 650; x_wconf 87' lang='lat' dir='ltr'><strong>ec</strong></span> 
     </span>
    </p>
   </div>
   <div class='ocr_carea' id='block_1_22' title="bbox 2028 689 3613 760">
    <p class='ocr_par' dir='ltr' id='par_1_22' title="bbox 2028 689 3613 760">
     <span class='ocr_line' id='line_1_22' title="bbox 2028 689 3613 760; baseline -0.004 -11"><span class='ocrx_word' id='word_1_141' title='bbox 2028 695 2365 749; x_wconf 82' lang='lat' dir='ltr'><strong>clesiasticos</strong></span> <span class='ocrx_word' id='word_1_142' title='bbox 2429 694 2572 747; x_wconf 89' lang='lat' dir='ltr'><strong>viros</strong></span> <span class='ocrx_word' id='word_1_143' title='bbox 2613 694 2902 759; x_wconf 88' lang='lat' dir='ltr'><strong>exaravit;</strong></span> <span class='ocrx_word' id='word_1_144' title='bbox 2948 693 3066 746; x_wconf 71' lang='lat' dir='ltr'><strong>alia:</strong></span> <span class='ocrx_word' id='word_1_145' title='bbox 3106 706 3323 760; x_wconf 84' lang='lat' dir='ltr'><strong>quoque</strong></span> <span class='ocrx_word' id='word_1_146' title='bbox 3364 692 3431 744; x_wconf 87' lang='lat' dir='ltr'><strong>ad</strong></span> <span class='ocrx_word' id='word_1_147' title='bbox 3477 689 3613 744; x_wconf 80' lang='lat' dir='ltr'><strong>alios</strong></span> 
     </span>
    </p>
   </div>
   <div class='ocr_carea' id='block_1_23' title="bbox 2027 779 3610 854">
    <p class='ocr_par' dir='ltr' id='par_1_23' title="bbox 2027 779 3610 854">
     <span class='ocr_line' id='line_1_23' title="bbox 2027 779 3610 854; baseline -0.004 -15"><span class='ocrx_word' id='word_1_148' title='bbox 2027 784 2294 854; x_wconf 74' lang='lat' dir='ltr'><strong>cpistolze.</strong></span> <span class='ocrx_word' id='word_1_149' title='bbox 2325 784 2596 838; x_wconf 69' lang='lat' dir='ltr'><strong>Prarterca</strong></span> <span class='ocrx_word' id='word_1_150' title='bbox 2623 784 2758 837; x_wconf 90' lang='lat' dir='ltr'><strong>liber</strong></span> <span class='ocrx_word' id='word_1_151' title='bbox 2789 783 2865 836; x_wconf 88' lang='lat' dir='ltr'><strong>De</strong></span> <span class='ocrx_word' id='word_1_152' title='bbox 2900 781 3182 851; x_wconf 76' lang='lat' dir='ltr'><strong>Evangelia</strong></span> <span class='ocrx_word' id='word_1_153' title='bbox 3212 781 3378 842; x_wconf 66' lang='lat' dir='ltr'><strong>Petri,</strong></span> <span class='ocrx_word' id='word_1_154' title='bbox 3405 795 3528 848; x_wconf 70' lang='lat' dir='ltr'><strong>qua!</strong></span> <span class='ocrx_word' id='word_1_155' title='bbox 3556 779 3610 833; x_wconf 85' lang='lat' dir='ltr'><strong>in</strong></span> 
     </span>
    </p>
   </div>
   <div class='ocr_carea' id='block_1_24' title="bbox 2028 873 3611 950">
    <p class='ocr_par' dir='ltr' id='par_1_24' title="bbox 2028 873 3611 950">
     <span class='ocr_line' id='line_1_24' title="bbox 2028 873 3611 950; baseline -0.008 -16"><span class='ocrx_word' id='word_1_156' title='bbox 2028 893 2092 934; x_wconf 89' lang='lat' dir='ltr'><strong>eo</strong></span> <span class='ocrx_word' id='word_1_157' title='bbox 2121 879 2255 932; x_wconf 84' lang='lat' dir='ltr'><strong>falsa</strong></span> <span class='ocrx_word' id='word_1_158' title='bbox 2281 887 2435 932; x_wconf 89' lang='lat' dir='ltr'><strong>erant</strong></span> <span class='ocrx_word' id='word_1_159' title='bbox 2465 891 2787 945; x_wconf 81' lang='lat' dir='ltr'><strong>coarguens.</strong></span> <span class='ocrx_word' id='word_1_160' title='bbox 2813 876 2981 942; x_wconf 82' lang='lat' dir='ltr'><strong>Quem</strong></span> <span class='ocrx_word' id='word_1_161' title='bbox 3009 875 3224 950; x_wconf 82' lang='lat' dir='ltr'><strong>quidem</strong></span> <span class='ocrx_word' id='word_1_162' title='bbox 3254 873 3611 925; x_wconf 85' lang='lat' dir='ltr'><strong>lihrutncom-</strong></span> 
     </span>
    </p>
   </div>
   <div class='ocr_carea' id='block_1_25' title="bbox 2027 964 3609 1042">
    <p class='ocr_par' dir='ltr' id='par_1_25' title="bbox 2027 964 3609 1042">
     <span class='ocr_line' id='line_1_25' title="bbox 2027 964 3609 1042; baseline -0.007 -15"><span class='ocrx_word' id='word_1_163' title='bbox 2027 975 2207 1041; x_wconf 90' lang='lat' dir='ltr'><strong>posuit</strong></span> <span class='ocrx_word' id='word_1_164' title='bbox 2236 975 2287 1026; x_wconf 88' lang='lat' dir='ltr'><strong>itt</strong></span> <span class='ocrx_word' id='word_1_165' title='bbox 2314 972 2546 1042; x_wconf 76' lang='lat' dir='ltr'><strong>gratiam</strong></span> <span class='ocrx_word' id='word_1_166' title='bbox 2565 971 2921 1039; x_wconf 80' lang='lat' dir='ltr'><strong>quorumdam</strong></span> <span class='ocrx_word' id='word_1_167' title='bbox 2943 983 3003 1022; x_wconf 85' lang='lat' dir='ltr'><strong>ex</strong></span> <span class='ocrx_word' id='word_1_168' title='bbox 3027 967 3321 1022; x_wconf 80' lang='lat' dir='ltr'><strong>Rhosseusi</strong></span> <span class='ocrx_word' id='word_1_169' title='bbox 3351 964 3609 1034; x_wconf 76' lang='lat' dir='ltr'><strong>parmcia,</strong></span> 
     </span>
    </p>
   </div>
   <div class='ocr_carea' id='block_1_26' title="bbox 2027 1060 3608 1134">
    <p class='ocr_par' dir='ltr' id='par_1_26' title="bbox 2027 1060 3608 1134">
     <span class='ocr_line' id='line_1_26' title="bbox 2027 1060 3608 1134; baseline -0.005 -16"><span class='ocrx_word' id='word_1_170' title='bbox 2027 1066 2118 1134; x_wconf 88' lang='lat' dir='ltr'><strong>qui</strong></span> <span class='ocrx_word' id='word_1_171' title='bbox 2150 1066 2442 1120; x_wconf 86' lang='lat' dir='ltr'><strong>occasione</strong></span> <span class='ocrx_word' id='word_1_172' title='bbox 2478 1063 2622 1117; x_wconf 91' lang='lat' dir='ltr'><strong>illius</strong></span> <span class='ocrx_word' id='word_1_173' title='bbox 2673 1061 2938 1131; x_wconf 78' lang='lat' dir='ltr'><strong>evangelii</strong></span> <span class='ocrx_word' id='word_1_174' title='bbox 2970 1061 3038 1114; x_wconf 89' lang='lat' dir='ltr'><strong>ad</strong></span> <span class='ocrx_word' id='word_1_175' title='bbox 3066 1060 3368 1113; x_wconf 81' lang='lat' dir='ltr'><strong>doctrinam</strong></span> <span class='ocrx_word' id='word_1_176' title='bbox 3402 1075 3432 1111; x_wconf 89' lang='lat' dir='ltr'><strong>a</strong></span> <span class='ocrx_word' id='word_1_177' title='bbox 3459 1067 3608 1110; x_wconf 87' lang='lat' dir='ltr'><strong>recta</strong></span> 
     </span>
    </p>
   </div>
   <div class='ocr_carea' id='block_1_27' title="bbox 2032 1145 3611 1210">
    <p class='ocr_par' dir='ltr' id='par_1_27' title="bbox 2032 1145 3611 1210">
     <span class='ocr_line' id='line_1_27' title="bbox 2032 1145 3611 1210; baseline -0.004 -1"><span class='ocrx_word' id='word_1_178' title='bbox 2032 1156 2136 1210; x_wconf 84' lang='lat' dir='ltr'><strong>ﬁde</strong></span> <span class='ocrx_word' id='word_1_179' title='bbox 2165 1155 2398 1209; x_wconf 90' lang='lat' dir='ltr'><strong>alienam</strong></span> <span class='ocrx_word' id='word_1_180' title='bbox 2426 1153 2850 1208; x_wconf 76' lang='lat' dir='ltr'><strong>declinaverunt.</strong></span> <span class='ocrx_word' id='word_1_181' title='bbox 2881 1149 2993 1204; x_wconf 77' lang='lat' dir='ltr'><strong>Nec</strong></span> <span class='ocrx_word' id='word_1_182' title='bbox 3023 1165 3154 1203; x_wconf 89' lang='lat' dir='ltr'><strong>vero</strong></span> <span class='ocrx_word' id='word_1_183' title='bbox 3182 1149 3476 1204; x_wconf 88' lang='lat' dir='ltr'><strong>absurdum</strong></span> <span class='ocrx_word' id='word_1_184' title='bbox 3503 1145 3611 1202; x_wconf 81' lang='lat' dir='ltr'><strong>lue-</strong></span> 
     </span>
    </p>
   </div>
   <div class='ocr_carea' id='block_1_28' title="bbox 2032 1243 3605 1314">
    <p class='ocr_par' dir='ltr' id='par_1_28' title="bbox 2032 1243 3605 1314">
     <span class='ocr_line' id='line_1_28' title="bbox 2032 1243 3605 1314; baseline -0.003 -16"><span class='ocrx_word' id='word_1_185' title='bbox 2032 1248 2100 1299; x_wconf 87' lang='lat' dir='ltr'><strong>rit</strong></span> <span class='ocrx_word' id='word_1_186' title='bbox 2138 1260 2310 1314; x_wconf 89' lang='lat' dir='ltr'><strong>pauca</strong></span> <span class='ocrx_word' id='word_1_187' title='bbox 2339 1247 2582 1314; x_wconf 65' lang='lat' dir='ltr'><strong>qumdam</strong></span> <span class='ocrx_word' id='word_1_188' title='bbox 2609 1244 2771 1298; x_wconf 87' lang='lat' dir='ltr'><strong>verba</strong></span> <span class='ocrx_word' id='word_1_189' title='bbox 2801 1257 2866 1296; x_wconf 89' lang='lat' dir='ltr'><strong>ex</strong></span> <span class='ocrx_word' id='word_1_190' title='bbox 2891 1257 2954 1296; x_wconf 91' lang='lat' dir='ltr'><strong>eo</strong></span> <span class='ocrx_word' id='word_1_191' title='bbox 2995 1243 3131 1297; x_wconf 91' lang='lat' dir='ltr'><strong>libro</strong></span> <span class='ocrx_word' id='word_1_192' title='bbox 3159 1255 3605 1304; x_wconf 85' lang='lat' dir='ltr'><strong>commemorare,</strong></span> 
     </span>
    </p>
   </div>
   <div class='ocr_carea' id='block_1_29' title="bbox 2027 1334 3610 1409">
    <p class='ocr_par' dir='ltr' id='par_1_29' title="bbox 2027 1334 3610 1409">
     <span class='ocr_line' id='line_1_29' title="bbox 2027 1334 3610 1409; baseline -0.003 -18"><span class='ocrx_word' id='word_1_193' title='bbox 2027 1339 2229 1409; x_wconf 85' lang='lat' dir='ltr'><strong>quibus</strong></span> <span class='ocrx_word' id='word_1_194' title='bbox 2261 1340 2352 1392; x_wconf 90' lang='lat' dir='ltr'><strong>ille</strong></span> <span class='ocrx_word' id='word_1_195' title='bbox 2393 1338 2522 1408; x_wconf 90' lang='lat' dir='ltr'><strong>quid</strong></span> <span class='ocrx_word' id='word_1_196' title='bbox 2551 1340 2617 1391; x_wconf 89' lang='lat' dir='ltr'><strong>de</strong></span> <span class='ocrx_word' id='word_1_197' title='bbox 2646 1339 2748 1392; x_wconf 90' lang='lat' dir='ltr'><strong>isto</strong></span> <span class='ocrx_word' id='word_1_198' title='bbox 2782 1337 3076 1406; x_wconf 78' lang='lat' dir='ltr'><strong>Evangelio</strong></span> <span class='ocrx_word' id='word_1_199' title='bbox 3107 1335 3354 1398; x_wconf 88' lang='lat' dir='ltr'><strong>sentiret,</strong></span> <span class='ocrx_word' id='word_1_200' title='bbox 3385 1334 3610 1400; x_wconf 81' lang='lat' dir='ltr'><strong>exponit</strong></span> 
     </span>
    </p>
   </div>
   <div class='ocr_carea' id='block_1_30' title="bbox 2029 1423 3602 1493">
    <p class='ocr_par' dir='ltr' id='par_1_30' title="bbox 2029 1423 3602 1493">
     <span class='ocr_line' id='line_1_30' title="bbox 2029 1423 3602 1493; baseline -0.005 -9"><span class='ocrx_word' id='word_1_201' title='bbox 2029 1432 2080 1485; x_wconf 87' lang='lat' dir='ltr'><strong>itt</strong></span> <span class='ocrx_word' id='word_1_202' title='bbox 2105 1433 2249 1485; x_wconf 92' lang='lat' dir='ltr'><strong>hunc</strong></span> <span class='ocrx_word' id='word_1_203' title='bbox 2281 1429 2498 1482; x_wconf 89' lang='lat' dir='ltr'><strong>modum</strong></span> <span class='ocrx_word' id='word_1_204' title='bbox 2530 1445 2543 1482; x_wconf 88' lang='lat'><strong>:</strong></span> <span class='ocrx_word' id='word_1_205' title='bbox 2580 1446 2598 1479; x_wconf 77' lang='grc' dir='ltr'><strong>ι</strong></span> <span class='ocrx_word' id='word_1_206' title='bbox 2626 1426 2732 1481; x_wconf 82' lang='lat' dir='ltr'><strong>Nos</strong></span> <span class='ocrx_word' id='word_1_207' title='bbox 2756 1427 2924 1490; x_wconf 85' lang='lat' dir='ltr'><strong>enim,</strong></span> <span class='ocrx_word' id='word_1_208' title='bbox 2953 1426 3171 1488; x_wconf 77' lang='lat' dir='ltr'><strong>fratres,</strong></span> <span class='ocrx_word' id='word_1_209' title='bbox 3199 1425 3395 1493; x_wconf 84' lang='lat' dir='ltr'><strong>inquit,</strong></span> <span class='ocrx_word' id='word_1_210' title='bbox 3421 1435 3475 1476; x_wconf 87' lang='lat' dir='ltr'><strong>et</strong></span> <span class='ocrx_word' id='word_1_211' title='bbox 3503 1423 3602 1477; x_wconf 80' lang='lat' dir='ltr'><strong>Pe-</strong></span> 
     </span>
    </p>
   </div>
   <div class='ocr_carea' id='block_1_31' title="bbox 2027 1517 3604 1586">
    <p class='ocr_par' dir='ltr' id='par_1_31' title="bbox 2027 1517 3604 1586">
     <span class='ocr_line' id='line_1_31' title="bbox 2027 1517 3604 1586; baseline -0.003 -14"><span class='ocrx_word' id='word_1_212' title='bbox 2027 1530 2170 1572; x_wconf 89' lang='lat' dir='ltr'><strong>trum</strong></span> <span class='ocrx_word' id='word_1_213' title='bbox 2208 1528 2263 1573; x_wconf 88' lang='lat' dir='ltr'><strong>et</strong></span> <span class='ocrx_word' id='word_1_214' title='bbox 2319 1517 2557 1586; x_wconf 78' lang='lat' dir='ltr'><strong>reliquos</strong></span> <span class='ocrx_word' id='word_1_215' title='bbox 2615 1517 2908 1586; x_wconf 84' lang='lat' dir='ltr'><strong>apostolos,</strong></span> <span class='ocrx_word' id='word_1_216' title='bbox 2954 1517 3176 1586; x_wconf 85' lang='lat' dir='ltr'><strong>perinde</strong></span> <span class='ocrx_word' id='word_1_217' title='bbox 3231 1533 3294 1568; x_wconf 92' lang='lat' dir='ltr'><strong>ac</strong></span> <span class='ocrx_word' id='word_1_218' title='bbox 3329 1517 3604 1570; x_wconf 73' lang='lat' dir='ltr'><strong>Christum</strong></span> 
     </span>
    </p>
   </div>
   <div class='ocr_carea' id='block_1_32' title="bbox 2029 1609 3609 1680">
    <p class='ocr_par' dir='ltr' id='par_1_32' title="bbox 2029 1609 3609 1680">
     <span class='ocr_line' id='line_1_32' title="bbox 2029 1609 3609 1680; baseline 0 -17"><span class='ocrx_word' id='word_1_219' title='bbox 2029 1611 2203 1680; x_wconf 91' lang='lat' dir='ltr'><strong>ipsum</strong></span> <span class='ocrx_word' id='word_1_220' title='bbox 2235 1611 2584 1680; x_wconf 77' lang='lat' dir='ltr'><strong>suscipimus.</strong></span> <span class='ocrx_word' id='word_1_221' title='bbox 2613 1611 2717 1665; x_wconf 90' lang='lat' dir='ltr'><strong>Sed</strong></span> <span class='ocrx_word' id='word_1_222' title='bbox 2742 1625 2861 1679; x_wconf 74' lang='lat' dir='ltr'><strong>qua:</strong></span> <span class='ocrx_word' id='word_1_223' title='bbox 2891 1625 3086 1664; x_wconf 89' lang='lat' dir='ltr'><strong>nomen</strong></span> <span class='ocrx_word' id='word_1_224' title='bbox 3113 1611 3325 1663; x_wconf 86' lang='lat' dir='ltr'><strong>illorum</strong></span> <span class='ocrx_word' id='word_1_225' title='bbox 3358 1609 3493 1663; x_wconf 77' lang='lat' dir='ltr'><strong>falso</strong></span> <span class='ocrx_word' id='word_1_226' title='bbox 3521 1611 3609 1663; x_wconf 84' lang='lat' dir='ltr'><strong>in—</strong></span> 
     </span>
    </p>
   </div>
   <div class='ocr_carea' id='block_1_33' title="bbox 2029 1701 3606 1770">
    <p class='ocr_par' dir='ltr' id='par_1_33' title="bbox 2029 1701 3606 1770">
     <span class='ocr_line' id='line_1_33' title="bbox 2029 1701 3606 1770; baseline -0.001 -14"><span class='ocrx_word' id='word_1_227' title='bbox 2029 1703 2289 1770; x_wconf 86' lang='lat' dir='ltr'><strong>scriptum</strong></span> <span class='ocrx_word' id='word_1_228' title='bbox 2346 1703 2667 1770; x_wconf 74' lang='lat' dir='ltr'><strong>praeferunt,</strong></span> <span class='ocrx_word' id='word_1_229' title='bbox 2704 1716 2766 1753; x_wconf 86' lang='lat' dir='ltr'><strong>ea</strong></span> <span class='ocrx_word' id='word_1_230' title='bbox 2801 1716 2900 1755; x_wconf 91' lang='lat' dir='ltr'><strong>uos</strong></span> <span class='ocrx_word' id='word_1_231' title='bbox 2940 1712 3123 1769; x_wconf 85' lang='lat' dir='ltr'><strong>utpote</strong></span> <span class='ocrx_word' id='word_1_232' title='bbox 3158 1701 3308 1768; x_wconf 81' lang='lat' dir='ltr'><strong>gnari</strong></span> <span class='ocrx_word' id='word_1_233' title='bbox 3354 1715 3418 1754; x_wconf 89' lang='lat' dir='ltr'><strong>ae</strong></span> <span class='ocrx_word' id='word_1_234' title='bbox 3447 1702 3606 1769; x_wconf 87' lang='lat' dir='ltr'><strong>periti</strong></span> 
     </span>
    </p>
   </div>
   <div class='ocr_carea' id='block_1_34' title="bbox 322 1774 1914 1875">
    <p class='ocr_par' dir='ltr' id='par_1_34' title="bbox 322 1789 1914 1875">
     <span class='ocr_line' id='line_1_34' title="bbox 322 1789 1914 1875; baseline 0.009 -33"><span class='ocrx_word' id='word_1_235' title='bbox 322 1789 410 1842; x_wconf 80' lang='grc' dir='ltr'>δτι</span> <span class='ocrx_word' id='word_1_236' title='bbox 438 1791 507 1844; x_wconf 78' lang='grc' dir='ltr'><strong>τὰ</strong></span> <span class='ocrx_word' id='word_1_237' title='bbox 533 1792 758 1848; x_wconf 84' lang='grc' dir='ltr'>τοιαῦτα</span> <span class='ocrx_word' id='word_1_238' title='bbox 797 1797 859 1848; x_wconf 80' lang='grc' dir='ltr'><strong>οὐ</strong></span> <span class='ocrx_word' id='word_1_239' title='bbox 910 1798 1312 1870; x_wconf 79' lang='grc' dir='ltr'>παρελάϐομεν.</span> <span class='ocrx_word' id='word_1_240' title='bbox 1361 1801 1501 1870; x_wconf 88' lang='grc' dir='ltr'><strong>Ἐγὼ</strong></span> <span class='ocrx_word' id='word_1_241' title='bbox 1535 1801 1643 1875; x_wconf 84' lang='grc' dir='ltr'><strong>γὰρ</strong></span> <span class='ocrx_word' id='word_1_242' title='bbox 1691 1804 1914 1874; x_wconf 84' lang='grc' dir='ltr'>γενόμε-</span> 
     </span>
    </p>
   </div>
   <div class='ocr_carea' id='block_1_35' title="bbox 2026 1774 3606 1875">
    <p class='ocr_par' dir='ltr' id='par_1_35' title="bbox 2026 1795 3606 1865">
     <span class='ocr_line' id='line_1_35' title="bbox 2026 1795 3606 1865; baseline -0.003 -15"><span class='ocrx_word' id='word_1_243' title='bbox 2026 1797 2406 1865; x_wconf 84' lang='lat' dir='ltr'><strong>repudiamus;</strong></span> <span class='ocrx_word' id='word_1_244' title='bbox 2450 1795 2648 1865; x_wconf 77' lang='lat' dir='ltr'><strong>quippe</strong></span> <span class='ocrx_word' id='word_1_245' title='bbox 2681 1795 2768 1863; x_wconf 89' lang='lat' dir='ltr'><strong>qui</strong></span> <span class='ocrx_word' id='word_1_246' title='bbox 2807 1802 3144 1862; x_wconf 85' lang='lat' dir='ltr'><strong>compertum</strong></span> <span class='ocrx_word' id='word_1_247' title='bbox 3201 1795 3504 1846; x_wconf 78' lang='lat' dir='ltr'><strong>habeamus</strong></span> <span class='ocrx_word' id='word_1_248' title='bbox 3542 1807 3606 1846; x_wconf 87' lang='lat' dir='ltr'><strong>ea</strong></span> 
     </span>
    </p>
   </div>
   <div class='ocr_carea' id='block_1_36' title="bbox 323 1889 1919 1967">
    <p class='ocr_par' dir='ltr' id='par_1_36' title="bbox 323 1889 1919 1967">
     <span class='ocr_line' id='line_1_36' title="bbox 323 1889 1919 1967; baseline 0.009 -30"><span class='ocrx_word' id='word_1_249' title='bbox 323 1901 417 1948; x_wconf 83' lang='grc' dir='ltr'><strong>νος</strong></span> <span class='ocrx_word' id='word_1_250' title='bbox 460 1889 587 1956; x_wconf 83' lang='grc' dir='ltr'>παρ’</span> <span class='ocrx_word' id='word_1_251' title='bbox 632 1889 781 1958; x_wconf 86' lang='grc' dir='ltr'>ὑμῖν,</span> <span class='ocrx_word' id='word_1_252' title='bbox 821 1891 1080 1945; x_wconf 82' lang='grc' dir='ltr'>ὑπενόουν</span> <span class='ocrx_word' id='word_1_253' title='bbox 1124 1895 1251 1958; x_wconf 73' lang='grc' dir='ltr'>τοὺς</span> <span class='ocrx_word' id='word_1_254' title='bbox 1296 1895 1504 1959; x_wconf 83' lang='grc' dir='ltr'>πάντας</span> <span class='ocrx_word' id='word_1_255' title='bbox 1552 1896 1684 1967; x_wconf 77' lang='grc' dir='ltr'>ὀρθῇ</span> <span class='ocrx_word' id='word_1_256' title='bbox 1738 1899 1919 1952; x_wconf 84' lang='grc' dir='ltr'>πίστει</span> 
     </span>
    </p>
   </div>
   <div class='ocr_carea' id='block_1_37' title="bbox 325 1976 1963 2059">
    <p class='ocr_par' dir='ltr' id='par_1_37' title="bbox 325 1976 1963 2059">
     <span class='ocr_line' id='line_1_37' title="bbox 325 1976 1963 2059; baseline 0.008 -32"><span class='ocrx_word' id='word_1_257' title='bbox 325 1976 755 2047; x_wconf 77' lang='grc' dir='ltr'>προσφέρεσθαι.</span> <span class='ocrx_word' id='word_1_258' title='bbox 793 1980 904 2033; x_wconf 78' lang='grc' dir='ltr'><strong>Καὶ</strong></span> <span class='ocrx_word' id='word_1_259' title='bbox 945 1980 1018 2052; x_wconf 85' lang='grc' dir='ltr'>μὴ</span> <span class='ocrx_word' id='word_1_260' title='bbox 1068 1981 1291 2035; x_wconf 81' lang='grc' dir='ltr'>διελθὼν</span> <span class='ocrx_word' id='word_1_261' title='bbox 1334 1983 1408 2036; x_wconf 78' lang='grc' dir='ltr'><strong>τὸ-</strong></span> <span class='ocrx_word' id='word_1_262' title='bbox 1435 1985 1526 2037; x_wconf 79' lang='grc' dir='ltr'>ὑπ’</span> <span class='ocrx_word' id='word_1_263' title='bbox 1569 1985 1747 2038; x_wconf 81' lang='grc' dir='ltr'>αὑτῶν</span> <span class='ocrx_word' id='word_1_264' title='bbox 1786 2003 1919 2059; x_wconf 70' lang='grc' dir='ltr'>προσ</span> <span class='ocrx_word' id='word_1_265' title='bbox 1957 1991 1963 1996; x_wconf 72' lang='grc'><strong>⁷</strong></span> 
     </span>
    </p>
   </div>
   <div class='ocr_carea' id='block_1_38' title="bbox 325 2069 1917 2144">
    <p class='ocr_par' dir='ltr' id='par_1_38' title="bbox 325 2069 1917 2144">
     <span class='ocr_line' id='line_1_38' title="bbox 325 2069 1917 2144; baseline 0.008 -26"><span class='ocrx_word' id='word_1_266' title='bbox 325 2069 626 2139; x_wconf 74' lang='grc' dir='ltr'>φερόμενον</span> <span class='ocrx_word' id='word_1_267' title='bbox 655 2071 879 2142; x_wconf 77' lang='grc' dir='ltr'>ὀνόματι</span> <span class='ocrx_word' id='word_1_268' title='bbox 905 2073 1111 2144; x_wconf 84' lang='grc' dir='ltr'>Πέτρου</span> <span class='ocrx_word' id='word_1_269' title='bbox 1143 2074 1497 2142; x_wconf 80' lang='grc' dir='ltr'>Εὑαγγέλιον,</span> <span class='ocrx_word' id='word_1_270' title='bbox 1533 2073 1684 2130; x_wconf 79' lang='grc' dir='ltr'>εἷπον</span> <span class='ocrx_word' id='word_1_271' title='bbox 1706 2095 1718 2108; x_wconf 76' lang='grc' dir='ltr'><strong>ο</strong></span> <span class='ocrx_word' id='word_1_272' title='bbox 1762 2079 1844 2130; x_wconf 80' lang='grc' dir='ltr'><strong>ὅτι</strong></span> <span class='ocrx_word' id='word_1_273' title='bbox 1871 2080 1917 2130; x_wconf 87' lang='grc' dir='ltr'>εἰ</span> 
     </span>
    </p>
   </div>
   <div class='ocr_carea' id='block_1_39' title="bbox 324 2160 1918 2242">
    <p class='ocr_par' dir='ltr' id='par_1_39' title="bbox 324 2160 1918 2242">
     <span class='ocr_line' id='line_1_39' title="bbox 324 2160 1918 2242; baseline 0.008 -30"><span class='ocrx_word' id='word_1_274' title='bbox 324 2160 488 2214; x_wconf 83' lang='grc' dir='ltr'>τοῦτό</span> <span class='ocrx_word' id='word_1_275' title='bbox 512 2163 629 2217; x_wconf 83' lang='grc' dir='ltr'>ἐστι</span> <span class='ocrx_word' id='word_1_276' title='bbox 668 2165 826 2234; x_wconf 79' lang='grc' dir='ltr'>μόνον</span> <span class='ocrx_word' id='word_1_277' title='bbox 859 2165 917 2218; x_wconf 78' lang='grc' dir='ltr'>τὸ</span> <span class='ocrx_word' id='word_1_278' title='bbox 945 2167 1136 2220; x_wconf 80' lang='grc' dir='ltr'>δοκοῦν</span> <span class='ocrx_word' id='word_1_279' title='bbox 1174 2169 1304 2238; x_wconf 86' lang='grc' dir='ltr'>ὑμῖν</span> <span class='ocrx_word' id='word_1_280' title='bbox 1339 2170 1599 2240; x_wconf 82' lang='grc' dir='ltr'>παρέχειν</span> <span class='ocrx_word' id='word_1_281' title='bbox 1649 2171 1918 2242; x_wconf 68' lang='grc' dir='ltr'>μικροψυ-</span> 
     </span>
    </p>
   </div>
   <div class='ocr_carea' id='block_1_40' title="bbox 323 2253 1917 2332">
    <p class='ocr_par' dir='ltr' id='par_1_40' title="bbox 323 2253 1917 2332">
     <span class='ocr_line' id='line_1_40' title="bbox 323 2253 1917 2332; baseline 0.004 -24"><span class='ocrx_word' id='word_1_282' title='bbox 323 2253 472 2324; x_wconf 77' lang='grc' dir='ltr'>χίαν,</span> <span class='ocrx_word' id='word_1_283' title='bbox 507 2255 983 2324; x_wconf 77' lang='grc' dir='ltr'>ἀναγινωσκέσθω.</span> <span class='ocrx_word' id='word_1_284' title='bbox 1013 2258 1128 2311; x_wconf 88' lang='grc' dir='ltr'>Νῦν</span> <span class='ocrx_word' id='word_1_285' title='bbox 1157 2259 1212 2312; x_wconf 85' lang='grc' dir='ltr'><strong>δὲ</strong></span> <span class='ocrx_word' id='word_1_286' title='bbox 1241 2259 1428 2330; x_wconf 85' lang='grc' dir='ltr'>μαθὼν</span> <span class='ocrx_word' id='word_1_287' title='bbox 1462 2262 1542 2313; x_wconf 85' lang='grc' dir='ltr'><strong>ὅτι</strong></span> <span class='ocrx_word' id='word_1_288' title='bbox 1573 2261 1782 2332; x_wconf 83' lang='grc' dir='ltr'>αἱρέσει</span> <span class='ocrx_word' id='word_1_289' title='bbox 1809 2263 1917 2316; x_wconf 76' lang='grc' dir='ltr'>τινὶ</span> 
     </span>
    </p>
   </div>
   <div class='ocr_carea' id='block_1_41' title="bbox 319 2346 1916 2425">
    <p class='ocr_par' dir='ltr' id='par_1_41' title="bbox 319 2346 1916 2425">
     <span class='ocr_line' id='line_1_41' title="bbox 319 2346 1916 2425; baseline 0.004 -26"><span class='ocrx_word' id='word_1_290' title='bbox 319 2347 354 2399; x_wconf 87' lang='grc' dir='ltr'>ὁ</span> <span class='ocrx_word' id='word_1_291' title='bbox 396 2346 520 2410; x_wconf 72' lang='grc' dir='ltr'>νοῦς</span> <span class='ocrx_word' id='word_1_292' title='bbox 566 2347 744 2402; x_wconf 76' lang='grc' dir='ltr'>αὐτῶν</span> <span class='ocrx_word' id='word_1_293' title='bbox 794 2348 1125 2419; x_wconf 83' lang='grc' dir='ltr'>ὲνεφώλευεν</span> <span class='ocrx_word' id='word_1_294' title='bbox 1177 2355 1244 2404; x_wconf 83' lang='grc' dir='ltr'>ἐκ</span> <span class='ocrx_word' id='word_1_295' title='bbox 1289 2352 1396 2406; x_wconf 81' lang='grc' dir='ltr'><strong>τῶν</strong></span> <span class='ocrx_word' id='word_1_296' title='bbox 1452 2351 1751 2422; x_wconf 80' lang='grc' dir='ltr'>λεχθέντων</span> <span class='ocrx_word' id='word_1_297' title='bbox 1806 2371 1916 2425; x_wconf 86' lang='grc' dir='ltr'>μοι,</span> 
     </span>
    </p>
   </div>
   <div class='ocr_carea' id='block_1_42' title="bbox 326 2440 1916 2518">
    <p class='ocr_par' dir='ltr' id='par_1_42' title="bbox 326 2440 1916 2518">
     <span class='ocr_line' id='line_1_42' title="bbox 326 2440 1916 2518; baseline 0.006 -27"><span class='ocrx_word' id='word_1_298' title='bbox 326 2440 620 2495; x_wconf 80' lang='grc' dir='ltr'>σπουδάσω</span> <span class='ocrx_word' id='word_1_299' title='bbox 666 2443 827 2497; x_wconf 83' lang='grc' dir='ltr'>πάλιν</span> <span class='ocrx_word' id='word_1_300' title='bbox 855 2443 1106 2511; x_wconf 84' lang='grc' dir='ltr'>γενέσθαι</span> <span class='ocrx_word' id='word_1_301' title='bbox 1149 2445 1285 2518; x_wconf 70' lang='grc' dir='ltr'>πρὸς</span> <span class='ocrx_word' id='word_1_302' title='bbox 1332 2447 1497 2517; x_wconf 75' lang='grc' dir='ltr'>ὑμᾶς,</span> <span class='ocrx_word' id='word_1_303' title='bbox 1545 2447 1708 2510; x_wconf 79' lang='grc' dir='ltr'>ὥστε,</span> <span class='ocrx_word' id='word_1_304' title='bbox 1762 2447 1916 2501; x_wconf 87' lang='grc' dir='ltr'>ἀδελ-</span> 
     </span>
    </p>
   </div>
   <div class='ocr_carea' id='block_1_43' title="bbox 325 2533 1914 2610">
    <p class='ocr_par' dir='ltr' id='par_1_43' title="bbox 325 2533 1914 2610">
     <span class='ocr_line' id='line_1_43' title="bbox 325 2533 1914 2610; baseline 0.007 -27"><span class='ocrx_word' id='word_1_305' title='bbox 325 2533 440 2601; x_wconf 77' lang='grc' dir='ltr'>φοὶ,</span> <span class='ocrx_word' id='word_1_306' title='bbox 479 2534 814 2604; x_wconf 79' lang='grc' dir='ltr'>προσδοκᾶτέ</span> <span class='ocrx_word' id='word_1_307' title='bbox 860 2553 926 2606; x_wconf 88' lang='grc' dir='ltr'><strong>με</strong></span> <span class='ocrx_word' id='word_1_308' title='bbox 969 2538 1026 2589; x_wconf 82' lang='grc' dir='ltr'>ἐν</span> <span class='ocrx_word' id='word_1_309' title='bbox 1077 2538 1250 2607; x_wconf 81' lang='grc' dir='ltr'>τάχει.</span> <span class='ocrx_word' id='word_1_310' title='bbox 1307 2539 1496 2609; x_wconf 80' lang='grc' dir='ltr'>Ἡμεῖς</span> <span class='ocrx_word' id='word_1_311' title='bbox 1537 2539 1614 2601; x_wconf 80' lang='grc' dir='ltr'><strong>δὲ,</strong></span> <span class='ocrx_word' id='word_1_312' title='bbox 1669 2540 1914 2610; x_wconf 67' lang='grc' dir='ltr'>ἀδελφοὶ,</span> 
     </span>
    </p>
   </div>
   <div class='ocr_carea' id='block_1_44' title="bbox 328 2625 1913 2709">
    <p class='ocr_par' dir='ltr' id='par_1_44' title="bbox 328 2625 1913 2709">
     <span class='ocr_line' id='line_1_44' title="bbox 328 2625 1913 2709; baseline 0.005 -31"><span class='ocrx_word' id='word_1_313' title='bbox 328 2626 783 2697; x_wconf 75' lang='grc' dir='ltr'>καταλαϐόμενοι,</span> <span class='ocrx_word' id='word_1_314' title='bbox 806 2629 994 2693; x_wconf 80' lang='grc' dir='ltr'>ὁποίας</span> <span class='ocrx_word' id='word_1_315' title='bbox 1008 2625 1088 2709; x_wconf 33' lang='grc' dir='ltr'>,ἦν</span> <span class='ocrx_word' id='word_1_316' title='bbox 1108 2631 1371 2702; x_wconf 80' lang='grc' dir='ltr'>αἱρέσεως</span> <span class='ocrx_word' id='word_1_317' title='bbox 1394 2633 1423 2683; x_wconf 81' lang='grc' dir='ltr'><strong><em>ὁ</em></strong></span> <span class='ocrx_word' id='word_1_318' title='bbox 1445 2632 1760 2702; x_wconf 71' lang='grc' dir='ltr'>Μαρκιανὸς</span> <span class='ocrx_word' id='word_1_319' title='bbox 1780 2633 1913 2703; x_wconf 83' lang='grc'>(76),</span> 
     </span>
    </p>
   </div>
   <div class='ocr_carea' id='block_1_45' title="bbox 322 2717 1917 2796">
    <p class='ocr_par' dir='ltr' id='par_1_45' title="bbox 322 2717 1917 2796">
     <span class='ocr_line' id='line_1_45' title="bbox 322 2717 1917 2796; baseline 0.005 -28"><span class='ocrx_word' id='word_1_320' title='bbox 322 2717 420 2768; x_wconf 78' lang='grc' dir='ltr'><strong>καὶ</strong></span> <span class='ocrx_word' id='word_1_321' title='bbox 466 2717 646 2787; x_wconf 81' lang='grc' dir='ltr'>ἑαυτῷ</span> <span class='ocrx_word' id='word_1_322' title='bbox 683 2719 999 2788; x_wconf 83' lang='grc' dir='ltr'>ὴναντιοῦτο</span> <span class='ocrx_word' id='word_1_323' title='bbox 1047 2719 1121 2792; x_wconf 82' lang='grc' dir='ltr'>μὴ</span> <span class='ocrx_word' id='word_1_324' title='bbox 1163 2720 1298 2774; x_wconf 76' lang='grc' dir='ltr'>νοῶν</span> <span class='ocrx_word' id='word_1_325' title='bbox 1338 2721 1374 2775; x_wconf 81' lang='grc' dir='ltr'>ἃ</span> <span class='ocrx_word' id='word_1_326' title='bbox 1422 2721 1620 2786; x_wconf 81' lang='grc' dir='ltr'>ἐλάλει,</span> <span class='ocrx_word' id='word_1_327' title='bbox 1663 2723 1698 2775; x_wconf 82' lang='grc' dir='ltr'>ἃ</span> <span class='ocrx_word' id='word_1_328' title='bbox 1743 2722 1917 2796; x_wconf 84' lang='grc' dir='ltr'>μαθή-</span> 
     </span>
    </p>
   </div>
   <div class='ocr_carea' id='block_1_46' title="bbox 334 2803 1915 2887">
    <p class='ocr_par' dir='ltr' id='par_1_46' title="bbox 334 2803 1915 2887">
     <span class='ocr_line' id='line_1_46' title="bbox 334 2803 1915 2887; baseline 0.006 -30"><span class='ocrx_word' id='word_1_329' title='bbox 334 2805 493 2858; x_wconf 87' lang='grc' dir='ltr'>σεσθε</span> <span class='ocrx_word' id='word_1_330' title='bbox 541 2805 652 2878; x_wconf 81' lang='grc'>(77)</span> <span class='ocrx_word' id='word_1_331' title='bbox 705 2808 762 2874; x_wconf 78' lang='grc' dir='ltr'>ἐξ</span> <span class='ocrx_word' id='word_1_332' title='bbox 799 2803 874 2862; x_wconf 86' lang='grc' dir='ltr'>ὧν</span> <span class='ocrx_word' id='word_1_333' title='bbox 913 2811 1042 2880; x_wconf 89' lang='grc' dir='ltr'>ὑμῖν</span> <span class='ocrx_word' id='word_1_334' title='bbox 1097 2812 1332 2882; x_wconf 77' lang='grc' dir='ltr'>ἐγράφη.</span> <span class='ocrx_word' id='word_1_335' title='bbox 1395 2812 1764 2884; x_wconf 81' lang='grc' dir='ltr'>Ἐδυνήθημεν</span> <span class='ocrx_word' id='word_1_336' title='bbox 1804 2815 1915 2887; x_wconf 79' lang='grc' dir='ltr'>γὰρ</span> 
     </span>
    </p>
   </div>
   <div class='ocr_carea' id='block_1_47' title="bbox 328 2899 1915 2976">
    <p class='ocr_par' dir='ltr' id='par_1_47' title="bbox 328 2899 1915 2976">
     <span class='ocr_line' id='line_1_47' title="bbox 328 2899 1915 2976; baseline 0.006 -26"><span class='ocrx_word' id='word_1_337' title='bbox 328 2901 464 2970; x_wconf 76' lang='grc' dir='ltr'>παρ’</span> <span class='ocrx_word' id='word_1_338' title='bbox 494 2899 670 2954; x_wconf 86' lang='grc' dir='ltr'>ἄλλων</span> <span class='ocrx_word' id='word_1_339' title='bbox 693 2901 800 2953; x_wconf 83' lang='grc' dir='ltr'><strong>τῶν</strong></span> <span class='ocrx_word' id='word_1_340' title='bbox 821 2903 1176 2972; x_wconf 79' lang='grc' dir='ltr'>ἁσκησάντων</span> <span class='ocrx_word' id='word_1_341' title='bbox 1214 2905 1345 2957; x_wconf 79' lang='grc' dir='ltr'>αὐτὸ</span> <span class='ocrx_word' id='word_1_342' title='bbox 1382 2905 1538 2958; x_wconf 87' lang='grc' dir='ltr'>τοῦτο</span> <span class='ocrx_word' id='word_1_343' title='bbox 1577 2907 1638 2959; x_wconf 77' lang='grc' dir='ltr'>τὸ</span> <span class='ocrx_word' id='word_1_344' title='bbox 1673 2907 1915 2976; x_wconf 83' lang='grc' dir='ltr'>Εὐαγγέ-</span> 
     </span>
    </p>
   </div>
   <div class='ocr_carea' id='block_1_48' title="bbox 331 2989 1916 3070">
    <p class='ocr_par' dir='ltr' id='par_1_48' title="bbox 331 2989 1916 3070">
     <span class='ocr_line' id='line_1_48' title="bbox 331 2989 1916 3070; baseline 0.007 -28"><span class='ocrx_word' id='word_1_345' title='bbox 331 2989 468 3055; x_wconf 87' lang='grc' dir='ltr'>λιον,</span> <span class='ocrx_word' id='word_1_346' title='bbox 517 2993 760 3046; x_wconf 83' lang='grc' dir='ltr'>τουτέστι</span> <span class='ocrx_word' id='word_1_347' title='bbox 797 2995 946 3064; x_wconf 79' lang='grc' dir='ltr'>παρὰ</span> <span class='ocrx_word' id='word_1_348' title='bbox 988 2996 1095 3048; x_wconf 81' lang='grc' dir='ltr'><strong>τῶν</strong></span> <span class='ocrx_word' id='word_1_349' title='bbox 1139 2996 1399 3066; x_wconf 78' lang='grc' dir='ltr'>διαδόχων</span> <span class='ocrx_word' id='word_1_350' title='bbox 1427 2997 1536 3051; x_wconf 82' lang='grc' dir='ltr'><strong>τῶν</strong></span> <span class='ocrx_word' id='word_1_351' title='bbox 1568 2999 1916 3070; x_wconf 82' lang='grc' dir='ltr'>καταρξαμέ-</span> 
     </span>
    </p>
   </div>
   <div class='ocr_carea' id='block_1_49' title="bbox 2025 1883 3604 1952">
    <p class='ocr_par' dir='ltr' id='par_1_49' title="bbox 2025 1883 3604 1952">
     <span class='ocr_line' id='line_1_49' title="bbox 2025 1883 3604 1952; baseline -0.003 -12"><span class='ocrx_word' id='word_1_352' title='bbox 2025 1901 2123 1940; x_wconf 89' lang='lat' dir='ltr'><strong>nos</strong></span> <span class='ocrx_word' id='word_1_353' title='bbox 2147 1901 2175 1939; x_wconf 90' lang='lat' dir='ltr'><strong>a</strong></span> <span class='ocrx_word' id='word_1_354' title='bbox 2203 1885 2502 1952; x_wconf 86' lang='lat' dir='ltr'><strong>majoribus</strong></span> <span class='ocrx_word' id='word_1_355' title='bbox 2541 1886 2764 1940; x_wconf 89' lang='lat' dir='ltr'><strong>minime</strong></span> <span class='ocrx_word' id='word_1_356' title='bbox 2791 1885 3086 1952; x_wconf 90' lang='lat' dir='ltr'><strong>accepisse.</strong></span> <span class='ocrx_word' id='word_1_357' title='bbox 3116 1883 3456 1952; x_wconf 77' lang='lat' dir='ltr'><strong>Equuidettt</strong></span> <span class='ocrx_word' id='word_1_358' title='bbox 3481 1900 3604 1937; x_wconf 92' lang='lat' dir='ltr'><strong>cum</strong></span> 
     </span>
    </p>
   </div>
   <div class='ocr_carea' id='block_1_50' title="bbox 2023 1975 3604 2042">
    <p class='ocr_par' dir='ltr' id='par_1_50' title="bbox 2023 1975 3604 2042">
     <span class='ocr_line' id='line_1_50' title="bbox 2023 1975 3604 2042; baseline -0.003 -10"><span class='ocrx_word' id='word_1_359' title='bbox 2023 1979 2091 2033; x_wconf 88' lang='lat' dir='ltr'><strong>ad</strong></span> <span class='ocrx_word' id='word_1_360' title='bbox 2125 1993 2218 2032; x_wconf 87' lang='lat' dir='ltr'><strong>vos</strong></span> <span class='ocrx_word' id='word_1_361' title='bbox 2264 1979 2556 2042; x_wconf 82' lang='lat' dir='ltr'><strong>venissem,</strong></span> <span class='ocrx_word' id='word_1_362' title='bbox 2591 1978 2977 2031; x_wconf 83' lang='lat' dir='ltr'><strong>existimabam</strong></span> <span class='ocrx_word' id='word_1_363' title='bbox 3026 1990 3217 2031; x_wconf 89' lang='lat' dir='ltr'><strong>omnes</strong></span> <span class='ocrx_word' id='word_1_364' title='bbox 3267 1985 3427 2030; x_wconf 80' lang='lat' dir='ltr'><strong>rectae</strong></span> <span class='ocrx_word' id='word_1_365' title='bbox 3481 1975 3604 2029; x_wconf 84' lang='lat' dir='ltr'><strong>lidei</strong></span> 
     </span>
    </p>
   </div>
   <div class='ocr_carea' id='block_1_51' title="bbox 2024 2067 3605 2138">
    <p class='ocr_par' dir='ltr' id='par_1_51' title="bbox 2024 2067 3605 2138">
     <span class='ocr_line' id='line_1_51' title="bbox 2024 2067 3605 2138; baseline -0.003 -15"><span class='ocrx_word' id='word_1_366' title='bbox 2024 2069 2215 2123; x_wconf 89' lang='lat' dir='ltr'><strong>callent</strong></span> <span class='ocrx_word' id='word_1_367' title='bbox 2251 2079 2456 2123; x_wconf 85' lang='lat' dir='ltr'><strong>tenere.</strong></span> <span class='ocrx_word' id='word_1_368' title='bbox 2493 2069 2560 2123; x_wconf 80' lang='lat' dir='ltr'><strong>Et</strong></span> <span class='ocrx_word' id='word_1_369' title='bbox 2584 2083 2705 2122; x_wconf 90' lang='lat' dir='ltr'><strong>eum</strong></span> <span class='ocrx_word' id='word_1_370' title='bbox 2731 2067 3082 2136; x_wconf 78' lang='lat' dir='ltr'><strong>Evangelium</strong></span> <span class='ocrx_word' id='word_1_371' title='bbox 3122 2067 3250 2122; x_wconf 93' lang='lat' dir='ltr'><strong>illud</strong></span> <span class='ocrx_word' id='word_1_372' title='bbox 3283 2068 3426 2138; x_wconf 90' lang='lat' dir='ltr'><strong>quod</strong></span> <span class='ocrx_word' id='word_1_373' title='bbox 3463 2067 3605 2123; x_wconf 81' lang='lat' dir='ltr'><strong>Petri</strong></span> 
     </span>
    </p>
   </div>
   <div class='ocr_carea' id='block_1_52' title="bbox 2025 2160 3610 2231">
    <p class='ocr_par' dir='ltr' id='par_1_52' title="bbox 2025 2160 3610 2231">
     <span class='ocr_line' id='line_1_52' title="bbox 2025 2160 3610 2231; baseline 0.001 -16"><span class='ocrx_word' id='word_1_374' title='bbox 2025 2161 2244 2215; x_wconf 87' lang='lat' dir='ltr'><strong>nomine</strong></span> <span class='ocrx_word' id='word_1_375' title='bbox 2267 2162 2591 2231; x_wconf 88' lang='lat' dir='ltr'><strong>inscriptum</strong></span> <span class='ocrx_word' id='word_1_376' title='bbox 2622 2160 2691 2214; x_wconf 91' lang='lat' dir='ltr'><strong>ab</strong></span> <span class='ocrx_word' id='word_1_377' title='bbox 2719 2161 2786 2216; x_wconf 92' lang='lat' dir='ltr'><strong>iis</strong></span> <span class='ocrx_word' id='word_1_378' title='bbox 2818 2160 3168 2225; x_wconf 83' lang='lat' dir='ltr'><strong>oll&#39;erebatur,</strong></span> <span class='ocrx_word' id='word_1_379' title='bbox 3204 2175 3309 2214; x_wconf 90' lang='lat' dir='ltr'><strong>non</strong></span> <span class='ocrx_word' id='word_1_380' title='bbox 3350 2161 3610 2231; x_wconf 78' lang='lat' dir='ltr'><strong>perlegis-</strong></span> 
     </span>
    </p>
   </div>
   <div class='ocr_carea' id='block_1_53' title="bbox 2022 2252 3607 2321">
    <p class='ocr_par' dir='ltr' id='par_1_53' title="bbox 2022 2252 3607 2321">
     <span class='ocr_line' id='line_1_53' title="bbox 2022 2252 3607 2321; baseline -0.001 -14"><span class='ocrx_word' id='word_1_381' title='bbox 2022 2268 2159 2320; x_wconf 89' lang='lat' dir='ltr'><strong>sem,</strong></span> <span class='ocrx_word' id='word_1_382' title='bbox 2189 2253 2298 2308; x_wconf 86' lang='lat' dir='ltr'><strong>dixi</strong></span> <span class='ocrx_word' id='word_1_383' title='bbox 2328 2273 2340 2307; x_wconf 93' lang='lat'>:</span> <span class='ocrx_word' id='word_1_384' title='bbox 2376 2254 2420 2307; x_wconf 87' lang='lat' dir='ltr'><strong>si</strong></span> <span class='ocrx_word' id='word_1_385' title='bbox 2449 2253 2666 2321; x_wconf 89' lang='lat' dir='ltr'><strong>quidem</strong></span> <span class='ocrx_word' id='word_1_386' title='bbox 2705 2253 2807 2306; x_wconf 89' lang='lat' dir='ltr'><strong>hoc</strong></span> <span class='ocrx_word' id='word_1_387' title='bbox 2847 2252 3022 2306; x_wconf 90' lang='lat' dir='ltr'><strong>solum</strong></span> <span class='ocrx_word' id='word_1_388' title='bbox 3051 2260 3135 2306; x_wconf 92' lang='lat' dir='ltr'><strong>est</strong></span> <span class='ocrx_word' id='word_1_389' title='bbox 3181 2256 3324 2321; x_wconf 88' lang='lat' dir='ltr'><strong>quod</strong></span> <span class='ocrx_word' id='word_1_390' title='bbox 3356 2254 3607 2310; x_wconf 85' lang='lat' dir='ltr'><strong>simulta—</strong></span> 
     </span>
    </p>
   </div>
   <div class='ocr_carea' id='block_1_54' title="bbox 2025 2342 3606 2414">
    <p class='ocr_par' dir='ltr' id='par_1_54' title="bbox 2025 2342 3606 2414">
     <span class='ocr_line' id='line_1_54' title="bbox 2025 2342 3606 2414; baseline 0.001 -17"><span class='ocrx_word' id='word_1_391' title='bbox 2025 2356 2130 2399; x_wconf 88' lang='lat' dir='ltr'><strong>tem</strong></span> <span class='ocrx_word' id='word_1_392' title='bbox 2161 2345 2303 2414; x_wconf 83' lang='lat' dir='ltr'><strong>parit</strong></span> <span class='ocrx_word' id='word_1_393' title='bbox 2334 2345 2476 2398; x_wconf 88' lang='lat' dir='ltr'><strong>iuter</strong></span> <span class='ocrx_word' id='word_1_394' title='bbox 2503 2358 2619 2408; x_wconf 88' lang='lat' dir='ltr'><strong>vos,</strong></span> <span class='ocrx_word' id='word_1_395' title='bbox 2659 2342 2886 2412; x_wconf 83' lang='lat' dir='ltr'><strong>legatur.</strong></span> <span class='ocrx_word' id='word_1_396' title='bbox 2931 2343 3086 2397; x_wconf 76' lang='lat' dir='ltr'><strong>Nunc</strong></span> <span class='ocrx_word' id='word_1_397' title='bbox 3120 2358 3250 2397; x_wconf 85' lang='lat' dir='ltr'><strong>vero</strong></span> <span class='ocrx_word' id='word_1_398' title='bbox 3284 2359 3404 2398; x_wconf 91' lang='lat' dir='ltr'><strong>cum</strong></span> <span class='ocrx_word' id='word_1_399' title='bbox 3435 2359 3500 2398; x_wconf 80' lang='lat' dir='ltr'><strong>ex</strong></span> <span class='ocrx_word' id='word_1_400' title='bbox 3539 2345 3606 2399; x_wconf 83' lang='lat' dir='ltr'><strong>iis</strong></span> 
     </span>
    </p>
   </div>
   <div class='ocr_carea' id='block_1_55' title="bbox 2020 2434 3606 2505">
    <p class='ocr_par' dir='ltr' id='par_1_55' title="bbox 2020 2434 3606 2505">
     <span class='ocr_line' id='line_1_55' title="bbox 2020 2434 3606 2505; baseline 0.002 -20"><span class='ocrx_word' id='word_1_401' title='bbox 2020 2451 2143 2505; x_wconf 77' lang='lat' dir='ltr'><strong>qua:</strong></span> <span class='ocrx_word' id='word_1_402' title='bbox 2177 2435 2308 2488; x_wconf 92' lang='lat' dir='ltr'><strong>mihi</strong></span> <span class='ocrx_word' id='word_1_403' title='bbox 2341 2435 2485 2489; x_wconf 88' lang='lat' dir='ltr'><strong>dicta</strong></span> <span class='ocrx_word' id='word_1_404' title='bbox 2515 2445 2660 2500; x_wconf 89' lang='lat' dir='ltr'><strong>sunt,</strong></span> <span class='ocrx_word' id='word_1_405' title='bbox 2681 2435 2839 2504; x_wconf 89' lang='lat' dir='ltr'><strong>plane</strong></span> <span class='ocrx_word' id='word_1_406' title='bbox 2866 2434 3423 2502; x_wconf 79' lang='lat' dir='ltr'><strong>perspexeritn,quod</strong></span> <span class='ocrx_word' id='word_1_407' title='bbox 3454 2450 3606 2488; x_wconf 86' lang='lat' dir='ltr'><strong>mens</strong></span> 
     </span>
    </p>
   </div>
   <div class='ocr_carea' id='block_1_56' title="bbox 2022 2525 3602 2596">
    <p class='ocr_par' dir='ltr' id='par_1_56' title="bbox 2022 2525 3602 2596">
     <span class='ocr_line' id='line_1_56' title="bbox 2022 2525 3602 2596; baseline 0.001 -17"><span class='ocrx_word' id='word_1_408' title='bbox 2022 2527 2235 2580; x_wconf 85' lang='lat' dir='ltr'><strong>illorum</strong></span> <span class='ocrx_word' id='word_1_409' title='bbox 2266 2525 2514 2580; x_wconf 82' lang='lat' dir='ltr'><strong>haeresim</strong></span> <span class='ocrx_word' id='word_1_410' title='bbox 2559 2535 2686 2580; x_wconf 90' lang='lat' dir='ltr'><strong>tttne</strong></span> <span class='ocrx_word' id='word_1_411' title='bbox 2718 2526 2992 2581; x_wconf 87' lang='lat' dir='ltr'><strong>occultam</strong></span> <span class='ocrx_word' id='word_1_412' title='bbox 3033 2525 3272 2596; x_wconf 80' lang='lat' dir='ltr'><strong>tegebat,</strong></span> <span class='ocrx_word' id='word_1_413' title='bbox 3303 2527 3498 2580; x_wconf 88' lang='lat' dir='ltr'><strong>iterum</strong></span> <span class='ocrx_word' id='word_1_414' title='bbox 3537 2529 3602 2580; x_wconf 79' lang='lat' dir='ltr'><strong>ad</strong></span> 
     </span>
    </p>
   </div>
   <div class='ocr_carea' id='block_1_57' title="bbox 2023 2617 3605 2687">
    <p class='ocr_par' dir='ltr' id='par_1_57' title="bbox 2023 2617 3605 2687">
     <span class='ocr_line' id='line_1_57' title="bbox 2023 2617 3605 2687; baseline 0.001 -16"><span class='ocrx_word' id='word_1_415' title='bbox 2023 2634 2118 2672; x_wconf 83' lang='lat' dir='ltr'><strong>vos</strong></span> <span class='ocrx_word' id='word_1_416' title='bbox 2155 2619 2340 2672; x_wconf 88' lang='lat' dir='ltr'><strong>venire</strong></span> <span class='ocrx_word' id='word_1_417' title='bbox 2385 2619 2708 2687; x_wconf 79' lang='lat' dir='ltr'><strong>properabo.</strong></span> <span class='ocrx_word' id='word_1_418' title='bbox 2764 2617 3018 2682; x_wconf 85' lang='lat' dir='ltr'><strong>Proinde,</strong></span> <span class='ocrx_word' id='word_1_419' title='bbox 3065 2617 3284 2682; x_wconf 82' lang='lat' dir='ltr'><strong>fratres,</strong></span> <span class='ocrx_word' id='word_1_420' title='bbox 3319 2618 3469 2672; x_wconf 82' lang='lat' dir='ltr'><strong>brevi</strong></span> <span class='ocrx_word' id='word_1_421' title='bbox 3519 2635 3605 2672; x_wconf 85' lang='lat' dir='ltr'><strong>tuo</strong></span> 
     </span>
    </p>
   </div>
   <div class='ocr_carea' id='block_1_58' title="bbox 2020 2709 3604 2780">
    <p class='ocr_par' dir='ltr' id='par_1_58' title="bbox 2020 2709 3604 2780">
     <span class='ocr_line' id='line_1_58' title="bbox 2020 2709 3604 2780; baseline -0.001 -17"><span class='ocrx_word' id='word_1_422' title='bbox 2020 2720 2354 2780; x_wconf 73' lang='lat' dir='ltr'><strong>exspectate.</strong></span> <span class='ocrx_word' id='word_1_423' title='bbox 2394 2709 2527 2762; x_wconf 88' lang='lat' dir='ltr'><strong>Cum</strong></span> <span class='ocrx_word' id='word_1_424' title='bbox 2565 2722 2748 2763; x_wconf 85' lang='lat' dir='ltr'><strong>autem</strong></span> <span class='ocrx_word' id='word_1_425' title='bbox 2785 2710 3242 2779; x_wconf 88' lang='lat' dir='ltr'><strong>deprehenderim</strong></span> <span class='ocrx_word' id='word_1_426' title='bbox 3295 2710 3456 2780; x_wconf 87' lang='lat' dir='ltr'><strong>cujus</strong></span> <span class='ocrx_word' id='word_1_427' title='bbox 3487 2712 3604 2778; x_wconf 84' lang='lat' dir='ltr'><strong>Opi-</strong></span> 
     </span>
    </p>
   </div>
   <div class='ocr_carea' id='block_1_59' title="bbox 2023 2799 3687 2872">
    <p class='ocr_par' dir='ltr' id='par_1_59' title="bbox 2023 2799 3687 2872">
     <span class='ocr_line' id='line_1_59' title="bbox 2023 2799 3687 2872; baseline 0.002 -16"><span class='ocrx_word' id='word_1_428' title='bbox 2023 2804 2202 2858; x_wconf 89' lang='lat' dir='ltr'><strong>niouis</strong></span> <span class='ocrx_word' id='word_1_429' title='bbox 2235 2813 2290 2858; x_wconf 90' lang='lat' dir='ltr'><strong>et</strong></span> <span class='ocrx_word' id='word_1_430' title='bbox 2332 2811 2498 2857; x_wconf 74' lang='lat' dir='ltr'><strong>secta:</strong></span> <span class='ocrx_word' id='word_1_431' title='bbox 2548 2802 2712 2857; x_wconf 83' lang='lat' dir='ltr'><strong>fuerit</strong></span> <span class='ocrx_word' id='word_1_432' title='bbox 2744 2801 3071 2867; x_wconf 80' lang='lat' dir='ltr'><strong>Marcianus,</strong></span> <span class='ocrx_word' id='word_1_433' title='bbox 3118 2803 3212 2872; x_wconf 81' lang='lat' dir='ltr'><strong>qui</strong></span> <span class='ocrx_word' id='word_1_434' title='bbox 3265 2813 3315 2856; x_wconf 88' lang='lat' dir='ltr'><strong>et</strong></span> <span class='ocrx_word' id='word_1_435' title='bbox 3354 2803 3456 2857; x_wconf 91' lang='lat' dir='ltr'><strong>sibi</strong></span> <span class='ocrx_word' id='word_1_436' title='bbox 3489 2803 3608 2872; x_wconf 69' lang='lat' dir='ltr'><strong>ipse</strong></span> <span class='ocrx_word' id='word_1_437' title='bbox 3680 2799 3687 2807; x_wconf 80' lang='grc'><em>’</em></span> 
     </span>
    </p>
   </div>
   <div class='ocr_carea' id='block_1_60' title="bbox 2029 2891 3606 2965">
    <p class='ocr_par' dir='ltr' id='par_1_60' title="bbox 2029 2891 3606 2965">
     <span class='ocr_line' id='line_1_60' title="bbox 2029 2891 3606 2965; baseline 0 -17"><span class='ocrx_word' id='word_1_438' title='bbox 2029 2895 2370 2965; x_wconf 79' lang='lat' dir='ltr'><strong>repugnabat</strong></span> <span class='ocrx_word' id='word_1_439' title='bbox 2393 2911 2496 2947; x_wconf 87' lang='lat' dir='ltr'><strong>non</strong></span> <span class='ocrx_word' id='word_1_440' title='bbox 2525 2893 2830 2962; x_wconf 77' lang='lat' dir='ltr'><strong>intelligens</strong></span> <span class='ocrx_word' id='word_1_441' title='bbox 2853 2908 2972 2961; x_wconf 74' lang='lat' dir='ltr'><strong>qua:</strong></span> <span class='ocrx_word' id='word_1_442' title='bbox 2991 2893 3214 2956; x_wconf 86' lang='lat' dir='ltr'><strong>diceret,</strong></span> <span class='ocrx_word' id='word_1_443' title='bbox 3237 2891 3378 2946; x_wconf 87' lang='lat' dir='ltr'><strong>sicut</strong></span> <span class='ocrx_word' id='word_1_444' title='bbox 3401 2908 3606 2962; x_wconf 78' lang='lat' dir='ltr'><strong>cogno-</strong></span> 
     </span>
    </p>
   </div>
   <div class='ocr_carea' id='block_1_61' title="bbox 2021 2985 3600 3056">
    <p class='ocr_par' dir='ltr' id='par_1_61' title="bbox 2021 2985 3600 3056">
     <span class='ocr_line' id='line_1_61' title="bbox 2021 2985 3600 3056; baseline -0.002 -13"><span class='ocrx_word' id='word_1_445' title='bbox 2021 2989 2189 3043; x_wconf 83' lang='lat' dir='ltr'><strong>sectis</strong></span> <span class='ocrx_word' id='word_1_446' title='bbox 2221 3003 2284 3042; x_wconf 78' lang='lat' dir='ltr'><strong>ex</strong></span> <span class='ocrx_word' id='word_1_447' title='bbox 2327 2989 2392 3040; x_wconf 90' lang='lat' dir='ltr'><strong>iis</strong></span> <span class='ocrx_word' id='word_1_448' title='bbox 2421 3002 2541 3056; x_wconf 79' lang='lat' dir='ltr'><strong>qua:</strong></span> <span class='ocrx_word' id='word_1_449' title='bbox 2568 2986 2633 3038; x_wconf 82' lang='lat' dir='ltr'><strong>ad</strong></span> <span class='ocrx_word' id='word_1_450' title='bbox 2667 3001 2759 3038; x_wconf 87' lang='lat' dir='ltr'><strong>vos</strong></span> <span class='ocrx_word' id='word_1_451' title='bbox 2786 2985 2990 3054; x_wconf 89' lang='lat' dir='ltr'><strong>scripta</strong></span> <span class='ocrx_word' id='word_1_452' title='bbox 3021 2996 3168 3039; x_wconf 88' lang='lat' dir='ltr'><strong>sunt.</strong></span> <span class='ocrx_word' id='word_1_453' title='bbox 3199 2985 3422 3040; x_wconf 83' lang='lat' dir='ltr'><strong>Mutuati</strong></span> <span class='ocrx_word' id='word_1_454' title='bbox 3455 2987 3600 3041; x_wconf 86' lang='lat' dir='ltr'><strong>enim</strong></span> 
     </span>
    </p>
   </div>
   <div class='ocr_carea' id='block_1_62' title="bbox 332 3075 1914 3174">
    <p class='ocr_par' dir='ltr' id='par_1_62' title="bbox 332 3084 1912 3162">
     <span class='ocr_line' id='line_1_62' title="bbox 332 3084 1912 3162; baseline 0.007 -27"><span class='ocrx_word' id='word_1_455' title='bbox 332 3099 442 3136; x_wconf 83' lang='grc' dir='ltr'><strong>νων</strong></span> <span class='ocrx_word' id='word_1_456' title='bbox 473 3084 661 3150; x_wconf 82' lang='grc' dir='ltr'>αὑτοῦ,</span> <span class='ocrx_word' id='word_1_457' title='bbox 693 3085 785 3150; x_wconf 75' lang='grc' dir='ltr'><strong>οὓς</strong></span> <span class='ocrx_word' id='word_1_458' title='bbox 823 3087 1068 3158; x_wconf 73' lang='grc' dir='ltr'>Δοκητὰς</span> <span class='ocrx_word' id='word_1_459' title='bbox 1107 3088 1400 3159; x_wconf 78' lang='grc' dir='ltr'>καλοῦμεν,</span> <span class='ocrx_word' id='word_1_460' title='bbox 1435 3089 1522 3160; x_wconf 83' lang='grc' dir='ltr'>(τὰ</span> <span class='ocrx_word' id='word_1_461' title='bbox 1555 3090 1662 3162; x_wconf 76' lang='grc' dir='ltr'>γὰρ</span> <span class='ocrx_word' id='word_1_462' title='bbox 1694 3091 1912 3146; x_wconf 80' lang='grc' dir='ltr'>πλείονα</span> 
     </span>
    </p>
   </div>
   <div class='ocr_carea' id='block_1_63' title="bbox 2026 3075 3607 3174">
    <p class='ocr_par' dir='ltr' id='par_1_63' title="bbox 2026 3075 3607 3147">
     <span class='ocr_line' id='line_1_63' title="bbox 2026 3075 3607 3147; baseline 0 -15"><span class='ocrx_word' id='word_1_463' title='bbox 2026 3077 2389 3147; x_wconf 86' lang='lat' dir='ltr'><strong>supradictum</strong></span> <span class='ocrx_word' id='word_1_464' title='bbox 2443 3075 2776 3145; x_wconf 79' lang='lat' dir='ltr'><strong>evangelium</strong></span> <span class='ocrx_word' id='word_1_465' title='bbox 2820 3078 2890 3129; x_wconf 90' lang='lat' dir='ltr'><strong>ab</strong></span> <span class='ocrx_word' id='word_1_466' title='bbox 2928 3077 2997 3130; x_wconf 91' lang='lat' dir='ltr'><strong>iis</strong></span> <span class='ocrx_word' id='word_1_467' title='bbox 3028 3077 3117 3145; x_wconf 90' lang='lat' dir='ltr'><strong>qui</strong></span> <span class='ocrx_word' id='word_1_468' title='bbox 3145 3076 3272 3130; x_wconf 92' lang='lat' dir='ltr'><strong>illud</strong></span> <span class='ocrx_word' id='word_1_469' title='bbox 3297 3077 3607 3132; x_wconf 82' lang='lat' dir='ltr'><strong>didicerant</strong></span> 
     </span>
    </p>
   </div>
   <div class='ocr_carea' id='block_1_64' title="bbox 333 3176 1910 3250">
    <p class='ocr_par' dir='ltr' id='par_1_64' title="bbox 333 3176 1910 3250">
     <span class='ocr_line' id='line_1_64' title="bbox 333 3176 1910 3250; baseline 0.004 -25"><span class='ocrx_word' id='word_1_470' title='bbox 333 3176 676 3246; x_wconf 60' lang='grc' dir='ltr'>φρονήματα,</span> <span class='ocrx_word' id='word_1_471' title='bbox 711 3177 932 3230; x_wconf 81' lang='grc' dir='ltr'>ἐκείνων</span> <span class='ocrx_word' id='word_1_472' title='bbox 965 3178 1082 3230; x_wconf 74' lang='grc' dir='ltr'>ἐστὶ</span> <span class='ocrx_word' id='word_1_473' title='bbox 1117 3177 1217 3247; x_wconf 79' lang='grc' dir='ltr'>τῆς</span> <span class='ocrx_word' id='word_1_474' title='bbox 1263 3177 1652 3250; x_wconf 84' lang='grc' dir='ltr'>διδασκαλίας),</span> <span class='ocrx_word' id='word_1_475' title='bbox 1705 3180 1910 3250; x_wconf 72' lang='grc' dir='ltr'>χρησά-</span> 
     </span>
    </p>
   </div>
   <div class='ocr_carea' id='block_1_65' title="bbox 338 3262 1910 3339">
    <p class='ocr_par' dir='ltr' id='par_1_65' title="bbox 338 3262 1910 3339">
     <span class='ocr_line' id='line_1_65' title="bbox 338 3262 1910 3339; baseline 0.006 -26"><span class='ocrx_word' id='word_1_476' title='bbox 338 3275 488 3330; x_wconf 82' lang='grc' dir='ltr'>μενοι</span> <span class='ocrx_word' id='word_1_477' title='bbox 523 3262 635 3333; x_wconf 90' lang='grc'>(78)</span> <span class='ocrx_word' id='word_1_478' title='bbox 665 3267 795 3335; x_wconf 78' lang='grc' dir='ltr'>παρ’</span> <span class='ocrx_word' id='word_1_479' title='bbox 829 3265 1029 3329; x_wconf 79' lang='grc' dir='ltr'>αὑτῶν,</span> <span class='ocrx_word' id='word_1_480' title='bbox 1063 3266 1312 3328; x_wconf 84' lang='grc' dir='ltr'>διελθεῖν,</span> <span class='ocrx_word' id='word_1_481' title='bbox 1355 3268 1448 3320; x_wconf 74' lang='grc' dir='ltr'><strong>καὶ</strong></span> <span class='ocrx_word' id='word_1_482' title='bbox 1482 3269 1662 3338; x_wconf 79' lang='grc' dir='ltr'>εὑρεῖν</span> <span class='ocrx_word' id='word_1_483' title='bbox 1707 3268 1774 3320; x_wconf 73' lang='grc' dir='ltr'>τὰ</span> <span class='ocrx_word' id='word_1_484' title='bbox 1814 3271 1910 3339; x_wconf 78' lang='grc' dir='ltr'><strong>μὲν</strong></span> 
     </span>
    </p>
   </div>
   <div class='ocr_carea' id='block_1_66' title="bbox 334 3351 1911 3429">
    <p class='ocr_par' dir='ltr' id='par_1_66' title="bbox 334 3351 1911 3429">
     <span class='ocr_line' id='line_1_66' title="bbox 334 3351 1911 3429; baseline 0.003 -22"><span class='ocrx_word' id='word_1_485' title='bbox 334 3351 558 3407; x_wconf 66' lang='grc' dir='ltr'>πλείονα</span> <span class='ocrx_word' id='word_1_486' title='bbox 620 3353 715 3406; x_wconf 86' lang='grc' dir='ltr'><strong>τοῦ</strong></span> <span class='ocrx_word' id='word_1_487' title='bbox 764 3355 927 3426; x_wconf 84' lang='grc' dir='ltr'>ὀρθοῦ</span> <span class='ocrx_word' id='word_1_488' title='bbox 991 3355 1149 3424; x_wconf 84' lang='grc' dir='ltr'>λόγου</span> <span class='ocrx_word' id='word_1_489' title='bbox 1201 3356 1293 3409; x_wconf 89' lang='grc' dir='ltr'><strong>τοῦ</strong></span> <span class='ocrx_word' id='word_1_490' title='bbox 1349 3359 1635 3429; x_wconf 79' lang='grc' dir='ltr'>Σωτῆρος,</span> <span class='ocrx_word' id='word_1_491' title='bbox 1694 3358 1815 3412; x_wconf 75' lang='grc' dir='ltr'>τινὰ</span> <span class='ocrx_word' id='word_1_492' title='bbox 1854 3359 1911 3412; x_wconf 85' lang='grc' dir='ltr'><strong>δὲ</strong></span> 
     </span>
    </p>
   </div>
   <div class='ocr_carea' id='block_1_67' title="bbox 322 3444 1916 3520">
    <p class='ocr_par' dir='ltr' id='par_1_67' title="bbox 322 3444 1916 3520">
     <span class='ocr_line' id='line_1_67' title="bbox 322 3444 1916 3520; baseline 0.003 -21"><span class='ocrx_word' id='word_1_493' title='bbox 322 3444 843 3517; x_wconf 78' lang='grc' dir='ltr'>προσδιεσταλμένα,</span> <span class='ocrx_word' id='word_1_494' title='bbox 872 3445 1015 3500; x_wconf 74' lang='grc' dir='ltr'>ἃκαὶ</span> <span class='ocrx_word' id='word_1_495' title='bbox 1047 3448 1389 3520; x_wconf 80' lang='grc' dir='ltr'>ὑπετάξαμεν</span> <span class='ocrx_word' id='word_1_496' title='bbox 1413 3450 1592 3520; x_wconf 79' lang='grc' dir='ltr'>ὑμῖν.»</span> <span class='ocrx_word' id='word_1_497' title='bbox 1621 3451 1729 3504; x_wconf 70' lang='grc' dir='ltr'>Καὶ</span> <span class='ocrx_word' id='word_1_498' title='bbox 1747 3450 1916 3504; x_wconf 81' lang='grc' dir='ltr'>ταῦτα</span> 
     </span>
    </p>
   </div>
   <div class='ocr_carea' id='block_1_68' title="bbox 334 3541 932 3613">
    <p class='ocr_par' dir='ltr' id='par_1_68' title="bbox 334 3541 932 3613">
     <span class='ocr_line' id='line_1_68' title="bbox 334 3541 932 3613; baseline 0.005 -20"><span class='ocrx_word' id='word_1_499' title='bbox 334 3542 432 3611; x_wconf 84' lang='grc' dir='ltr'>μὲν</span> <span class='ocrx_word' id='word_1_500' title='bbox 459 3542 529 3594; x_wconf 76' lang='grc' dir='ltr'>τὰ</span> <span class='ocrx_word' id='word_1_501' title='bbox 563 3541 932 3613; x_wconf 78' lang='grc' dir='ltr'>Σαραπίωνος.</span> 
     </span>
    </p>
   </div>
   <div class='ocr_carea' id='block_1_69' title="bbox 2019 3169 3607 3235">
    <p class='ocr_par' dir='ltr' id='par_1_69' title="bbox 2019 3169 3607 3235">
     <span class='ocr_line' id='line_1_69' title="bbox 2019 3169 3607 3235; baseline -0.001 -10"><span class='ocrx_word' id='word_1_502' title='bbox 2019 3181 2072 3225; x_wconf 89' lang='lat' dir='ltr'><strong>et</strong></span> <span class='ocrx_word' id='word_1_503' title='bbox 2095 3172 2346 3226; x_wconf 90' lang='lat' dir='ltr'><strong>continua</strong></span> <span class='ocrx_word' id='word_1_504' title='bbox 2371 3169 2772 3224; x_wconf 76' lang='lat' dir='ltr'><strong>exercitatione</strong></span> <span class='ocrx_word' id='word_1_505' title='bbox 2795 3179 3172 3235; x_wconf 85' lang='lat' dir='ltr'><strong>versaverant,</strong></span> <span class='ocrx_word' id='word_1_506' title='bbox 3196 3171 3300 3226; x_wconf 93' lang='lat' dir='ltr'><strong>hoc</strong></span> <span class='ocrx_word' id='word_1_507' title='bbox 3317 3181 3397 3224; x_wconf 89' lang='lat' dir='ltr'><strong>est</strong></span> <span class='ocrx_word' id='word_1_508' title='bbox 3429 3188 3457 3224; x_wconf 91' lang='lat' dir='ltr'><strong>a</strong></span> <span class='ocrx_word' id='word_1_509' title='bbox 3485 3187 3607 3226; x_wconf 80' lang='lat' dir='ltr'><strong>sue-</strong></span> 
     </span>
    </p>
   </div>
   <div class='ocr_carea' id='block_1_70' title="bbox 2018 3259 3602 3332">
    <p class='ocr_par' dir='ltr' id='par_1_70' title="bbox 2018 3259 3602 3332">
     <span class='ocr_line' id='line_1_70' title="bbox 2018 3259 3602 3332; baseline 0 -14"><span class='ocrx_word' id='word_1_510' title='bbox 2018 3263 2330 3318; x_wconf 76' lang='lat' dir='ltr'><strong>cessoribus</strong></span> <span class='ocrx_word' id='word_1_511' title='bbox 2365 3259 2530 3332; x_wconf 70' lang='grc'><strong>214</strong></span> <span class='ocrx_word' id='word_1_512' title='bbox 2559 3277 2744 3316; x_wconf 81' lang='lat' dir='ltr'><strong>eorum</strong></span> <span class='ocrx_word' id='word_1_513' title='bbox 2796 3264 2886 3331; x_wconf 89' lang='lat' dir='ltr'><strong>qui</strong></span> <span class='ocrx_word' id='word_1_514' title='bbox 2922 3262 3202 3318; x_wconf 82' lang='lat' dir='ltr'><strong>Marciano</strong></span> <span class='ocrx_word' id='word_1_515' title='bbox 3251 3264 3602 3332; x_wconf 66' lang='lat' dir='ltr'><strong>prwiverunt,</strong></span> 
     </span>
    </p>
   </div>
   <div class='ocr_carea' id='block_1_71' title="bbox 2023 3355 3604 3428">
    <p class='ocr_par' dir='ltr' id='par_1_71' title="bbox 2023 3355 3604 3428">
     <span class='ocr_line' id='line_1_71' title="bbox 2023 3355 3604 3428; baseline 0.002 -18"><span class='ocrx_word' id='word_1_516' title='bbox 2023 3373 2160 3426; x_wconf 92' lang='lat' dir='ltr'><strong>quos</strong></span> <span class='ocrx_word' id='word_1_517' title='bbox 2205 3355 2452 3426; x_wconf 84' lang='grc' dir='ltr'>Δοκητὰς</span> <span class='ocrx_word' id='word_1_518' title='bbox 2504 3372 2760 3412; x_wconf 87' lang='lat' dir='ltr'><strong>vocamus</strong></span> <span class='ocrx_word' id='word_1_519' title='bbox 2815 3358 3037 3428; x_wconf 86' lang='lat' dir='ltr'><strong>(quippe</strong></span> <span class='ocrx_word' id='word_1_520' title='bbox 3069 3373 3136 3412; x_wconf 85' lang='lat' dir='ltr'><strong>ex</strong></span> <span class='ocrx_word' id='word_1_521' title='bbox 3179 3357 3371 3412; x_wconf 88' lang='lat' dir='ltr'><strong>horum</strong></span> <span class='ocrx_word' id='word_1_522' title='bbox 3420 3357 3604 3413; x_wconf 86' lang='lat' dir='ltr'><strong>schola</strong></span> 
     </span>
    </p>
   </div>
   <div class='ocr_carea' id='block_1_72' title="bbox 2025 3447 3601 3520">
    <p class='ocr_par' dir='ltr' id='par_1_72' title="bbox 2025 3447 3601 3520">
     <span class='ocr_line' id='line_1_72' title="bbox 2025 3447 3601 3520; baseline 0.001 -19"><span class='ocrx_word' id='word_1_523' title='bbox 2025 3449 2294 3519; x_wconf 69' lang='lat' dir='ltr'><strong>pleraeque</strong></span> <span class='ocrx_word' id='word_1_524' title='bbox 2331 3449 2474 3502; x_wconf 91' lang='lat' dir='ltr'><strong>illius</strong></span> <span class='ocrx_word' id='word_1_525' title='bbox 2513 3449 2800 3516; x_wconf 89' lang='lat' dir='ltr'><strong>opiniones</strong></span> <span class='ocrx_word' id='word_1_526' title='bbox 2853 3447 3081 3520; x_wconf 80' lang='lat' dir='ltr'><strong>ﬂuxere)</strong></span> <span class='ocrx_word' id='word_1_527' title='bbox 3123 3449 3332 3519; x_wconf 82' lang='lat' dir='ltr'><strong>legendi</strong></span> <span class='ocrx_word' id='word_1_528' title='bbox 3387 3450 3601 3519; x_wconf 82' lang='lat' dir='ltr'><strong>cepiant</strong></span> 
     </span>
    </p>
   </div>
   <div class='ocr_carea' id='block_1_73' title="bbox 2027 3541 3602 3610">
    <p class='ocr_par' dir='ltr' id='par_1_73' title="bbox 2027 3541 3602 3610">
     <span class='ocr_line' id='line_1_73' title="bbox 2027 3541 3602 3610; baseline 0.001 -15"><span class='ocrx_word' id='word_1_529' title='bbox 2027 3543 2173 3596; x_wconf 88' lang='lat' dir='ltr'><strong>nacti</strong></span> <span class='ocrx_word' id='word_1_530' title='bbox 2220 3555 2445 3595; x_wconf 89' lang='lat' dir='ltr'><strong>sumus:</strong></span> <span class='ocrx_word' id='word_1_531' title='bbox 2479 3551 2535 3594; x_wconf 91' lang='lat' dir='ltr'><strong>et</strong></span> <span class='ocrx_word' id='word_1_532' title='bbox 2583 3541 3043 3608; x_wconf 89' lang='lat' dir='ltr'><strong>deprehendimus</strong></span> <span class='ocrx_word' id='word_1_533' title='bbox 3078 3541 3246 3596; x_wconf 87' lang='lat' dir='ltr'><strong>multa</strong></span> <span class='ocrx_word' id='word_1_534' title='bbox 3281 3541 3500 3610; x_wconf 91' lang='lat' dir='ltr'><strong>quidem</strong></span> <span class='ocrx_word' id='word_1_535' title='bbox 3550 3543 3602 3596; x_wconf 87' lang='lat' dir='ltr'><strong>in</strong></span> 
     </span>
    </p>
   </div>
   <div class='ocr_carea' id='block_1_74' title="bbox 333 3631 3604 3705">
    <p class='ocr_par' dir='ltr' id='par_1_74' title="bbox 333 3631 3604 3705">
     <span class='ocr_line' id='line_1_74' title="bbox 333 3631 3604 3705; baseline 0.001 -18"><span class='ocrx_word' id='word_1_536' title='bbox 333 3635 425 3688; x_wconf 91' lang='lat' dir='ltr'><strong>illo</strong></span> <span class='ocrx_word' id='word_1_537' title='bbox 481 3634 776 3705; x_wconf 74' lang='lat' dir='ltr'><strong>Evangelio</strong></span> <span class='ocrx_word' id='word_1_538' title='bbox 841 3650 962 3689; x_wconf 90' lang='lat' dir='ltr'><strong>eum</strong></span> <span class='ocrx_word' id='word_1_539' title='bbox 1019 3645 1166 3691; x_wconf 90' lang='lat' dir='ltr'><strong>recta</strong></span> <span class='ocrx_word' id='word_1_540' title='bbox 1223 3636 1534 3692; x_wconf 89' lang='lat' dir='ltr'><strong>Servatoris</strong></span> <span class='ocrx_word' id='word_1_541' title='bbox 1582 3638 1754 3692; x_wconf 88' lang='lat' dir='ltr'><strong>nostri</strong></span> <span class='ocrx_word' id='word_1_542' title='bbox 1806 3637 1910 3692; x_wconf 81' lang='lat' dir='ltr'><strong>ﬁde</strong></span> <span class='ocrx_word' id='word_1_543' title='bbox 1941 3635 2290 3690; x_wconf 89' lang='lat' dir='ltr'><strong>consentire:</strong></span> <span class='ocrx_word' id='word_1_544' title='bbox 2319 3631 2572 3686; x_wconf 84' lang='lat' dir='ltr'><strong>nonnulla</strong></span> <span class='ocrx_word' id='word_1_545' title='bbox 2620 3646 2749 3688; x_wconf 88' lang='lat' dir='ltr'><strong>vero</strong></span> <span class='ocrx_word' id='word_1_546' title='bbox 2779 3633 3144 3703; x_wconf 79' lang='lat' dir='ltr'><strong>discrepantia</strong></span> <span class='ocrx_word' id='word_1_547' title='bbox 3191 3649 3220 3688; x_wconf 88' lang='lat' dir='ltr'><strong>a</strong></span> <span class='ocrx_word' id='word_1_548' title='bbox 3275 3645 3437 3690; x_wconf 69' lang='lat' dir='ltr'><strong>recta:</strong></span> <span class='ocrx_word' id='word_1_549' title='bbox 3480 3634 3604 3689; x_wconf 86' lang='lat' dir='ltr'><strong>lidei</strong></span> 
     </span>
    </p>
   </div>
   <div class='ocr_carea' id='block_1_75' title="bbox 331 3725 3122 3796">
    <p class='ocr_par' dir='ltr' id='par_1_75' title="bbox 331 3725 3122 3796">
     <span class='ocr_line' id='line_1_75' title="bbox 331 3725 3122 3796; baseline 0.001 -18"><span class='ocrx_word' id='word_1_550' title='bbox 331 3726 544 3780; x_wconf 86' lang='lat' dir='ltr'><strong>ratione</strong></span> <span class='ocrx_word' id='word_1_551' title='bbox 573 3725 829 3794; x_wconf 83' lang='lat' dir='ltr'><strong>adjuncta</strong></span> <span class='ocrx_word' id='word_1_552' title='bbox 857 3741 998 3788; x_wconf 87' lang='lat' dir='ltr'><strong>esse,</strong></span> <span class='ocrx_word' id='word_1_553' title='bbox 1036 3742 1154 3793; x_wconf 66' lang='lat' dir='ltr'><strong>qua:</strong></span> <span class='ocrx_word' id='word_1_554' title='bbox 1207 3735 1261 3781; x_wconf 90' lang='lat' dir='ltr'><strong>et</strong></span> <span class='ocrx_word' id='word_1_555' title='bbox 1308 3737 1481 3780; x_wconf 85' lang='lat' dir='ltr'><strong>vestra</strong></span> <span class='ocrx_word' id='word_1_556' title='bbox 1513 3742 1679 3782; x_wconf 88' lang='lat' dir='ltr'><strong>causa</strong></span> <span class='ocrx_word' id='word_1_557' title='bbox 1713 3727 2064 3796; x_wconf 65' lang='lat' dir='ltr'><strong>subiecimus.</strong></span> <span class='ocrx_word' id='word_1_558' title='bbox 2088 3745 2106 3777; x_wconf 77' lang='grc' dir='ltr'><strong>ι</strong></span> <span class='ocrx_word' id='word_1_559' title='bbox 2141 3727 2317 3796; x_wconf 80' lang='lat' dir='ltr'><strong>Atque</strong></span> <span class='ocrx_word' id='word_1_560' title='bbox 2349 3726 2465 3781; x_wconf 76' lang='lat' dir='ltr'><strong>haec</strong></span> <span class='ocrx_word' id='word_1_561' title='bbox 2503 3729 2568 3781; x_wconf 90' lang='lat' dir='ltr'><strong>de</strong></span> <span class='ocrx_word' id='word_1_562' title='bbox 2599 3726 2912 3796; x_wconf 87' lang='lat' dir='ltr'><strong>Serapionis</strong></span> <span class='ocrx_word' id='word_1_563' title='bbox 2949 3727 3122 3781; x_wconf 87' lang='lat' dir='ltr'><strong>libris.</strong></span> 
     </span>
    </p>
   </div>
   <div class='ocr_carea' id='block_1_76' title="bbox 857 3821 1380 3874">
    <p class='ocr_par' dir='ltr' id='par_1_76' title="bbox 857 3821 1380 3874">
     <span class='ocr_line' id='line_1_76' title="bbox 857 3821 1380 3874; baseline 0.002 -2"><span class='ocrx_word' id='word_1_564' title='bbox 857 3821 1250 3874; x_wconf 79' lang='grc' dir='ltr'><strong>ΚΕΦΑΛΑΙΟΝ</strong></span> <span class='ocrx_word' id='word_1_565' title='bbox 1285 3821 1380 3874; x_wconf 83' lang='grc' dir='ltr'><strong>1Γ¹.</strong></span> 
     </span>
    </p>
   </div>
   <div class='ocr_carea' id='block_1_77' title="bbox 509 3907 1699 3982">
    <p class='ocr_par' dir='ltr' id='par_1_77' title="bbox 509 3907 1699 3982">
     <span class='ocr_line' id='line_1_77' title="bbox 509 3907 1699 3982; baseline 0.003 -20"><span class='ocrx_word' id='word_1_566' title='bbox 509 3911 648 3978; x_wconf 73' lang='grc' dir='ltr'>Περὶ</span> <span class='ocrx_word' id='word_1_567' title='bbox 693 3907 809 3963; x_wconf 81' lang='grc' dir='ltr'><strong>τῶν</strong></span> <span class='ocrx_word' id='word_1_568' title='bbox 827 3911 1189 3982; x_wconf 64' lang='grc' dir='ltr'>Ιζλιξιιεντος</span> <span class='ocrx_word' id='word_1_569' title='bbox 1225 3911 1699 3982; x_wconf 42' lang='grc' dir='ltr'>σιινΠῬαμμάτων</span> 
     </span>
    </p>
   </div>
   <div class='ocr_carea' id='block_1_78' title="bbox 816 3981 1395 4052">
    <p class='ocr_par' dir='ltr' id='par_1_78' title="bbox 816 3981 1395 4052">
     <span class='ocr_line' id='line_1_78' title="bbox 816 3981 1395 4052; baseline 0.005 -20"><span class='ocrx_word' id='word_1_570' title='bbox 816 3981 955 4049; x_wconf 76' lang='lat' dir='ltr'><strong>(Nic.</strong></span> <span class='ocrx_word' id='word_1_571' title='bbox 990 3981 1135 4036; x_wconf 61' lang='lat' dir='ltr'><strong>tua.</strong></span> <span class='ocrx_word' id='word_1_572' title='bbox 1171 3998 1242 4045; x_wconf 82' lang='grc' dir='ltr'><strong>ιν,</strong></span> <span class='ocrx_word' id='word_1_573' title='bbox 1284 3983 1395 4052; x_wconf 74' lang='lat'><strong>55).</strong></span> 
     </span>
    </p>
   </div>
   <div class='ocr_carea' id='block_1_79' title="bbox 400 4068 1912 4144">
    <p class='ocr_par' dir='ltr' id='par_1_79' title="bbox 400 4068 1912 4144">
     <span class='ocr_line' id='line_1_79' title="bbox 400 4068 1912 4144; baseline 0.004 -22"><span class='ocrx_word' id='word_1_574' title='bbox 400 4068 508 4124; x_wconf 90' lang='grc' dir='ltr'>Τοῦ</span> <span class='ocrx_word' id='word_1_575' title='bbox 553 4070 610 4124; x_wconf 85' lang='grc' dir='ltr'><strong>δὲ</strong></span> <span class='ocrx_word' id='word_1_576' title='bbox 653 4071 969 4142; x_wconf 71' lang='grc' dir='ltr'>Κλήμεντος</span> <span class='ocrx_word' id='word_1_577' title='bbox 1002 4074 1348 4144; x_wconf 85' lang='grc' dir='ltr'>Στρωματεῖς</span> <span class='ocrx_word' id='word_1_578' title='bbox 1408 4076 1455 4128; x_wconf 87' lang='grc' dir='ltr'>οἱ</span> <span class='ocrx_word' id='word_1_579' title='bbox 1523 4075 1725 4139; x_wconf 82' lang='grc' dir='ltr'>πάντες</span> <span class='ocrx_word' id='word_1_580' title='bbox 1769 4073 1912 4128; x_wconf 83' lang='grc' dir='ltr'>ὀκτὼ</span> 
     </span>
    </p>
   </div>
   <div class='ocr_carea' id='block_1_80' title="bbox 398 4227 1906 4299">
    <p class='ocr_par' dir='ltr' id='par_1_80' title="bbox 398 4227 1906 4299">
     <span class='ocr_line' id='line_1_80' title="bbox 398 4227 1906 4299; baseline 0.003 -18"><span class='ocrx_word' id='word_1_581' title='bbox 398 4227 512 4299; x_wconf 67' lang='grc'>(7-1)</span> <span class='ocrx_word' id='word_1_582' title='bbox 533 4228 697 4299; x_wconf 84' lang='grc' dir='ltr'>Κατὰ</span> <span class='ocrx_word' id='word_1_583' title='bbox 731 4229 1014 4282; x_wconf 79' lang='grc' dir='ltr'>Ῥωσσόν.</span> <span class='ocrx_word' id='word_1_584' title='bbox 1044 4229 1182 4284; x_wconf 79' lang='lat' dir='ltr'><strong>Urbs</strong></span> <span class='ocrx_word' id='word_1_585' title='bbox 1205 4241 1280 4284; x_wconf 81' lang='lat' dir='ltr'><strong>est</strong></span> <span class='ocrx_word' id='word_1_586' title='bbox 1307 4231 1528 4295; x_wconf 62' lang='lat' dir='ltr'><strong>Cicilia‘,</strong></span> <span class='ocrx_word' id='word_1_587' title='bbox 1563 4234 1628 4285; x_wconf 90' lang='lat' dir='ltr'><strong>ad</strong></span> <span class='ocrx_word' id='word_1_588' title='bbox 1663 4233 1906 4286; x_wconf 82' lang='lat' dir='ltr'><strong>dextram</strong></span> 
     </span>
    </p>
   </div>
   <div class='ocr_carea' id='block_1_81' title="bbox 325 4298 1908 4371">
    <p class='ocr_par' dir='ltr' id='par_1_81' title="bbox 325 4298 1908 4371">
     <span class='ocr_line' id='line_1_81' title="bbox 325 4298 1908 4371; baseline 0.003 -20"><span class='ocrx_word' id='word_1_589' title='bbox 325 4298 897 4371; x_wconf 78' lang='lat' dir='ltr'><strong>intrantibusIssicum</strong></span> <span class='ocrx_word' id='word_1_590' title='bbox 936 4301 1135 4360; x_wconf 82' lang='lat' dir='ltr'><strong>sinum,</strong></span> <span class='ocrx_word' id='word_1_591' title='bbox 1169 4313 1222 4354; x_wconf 91' lang='lat' dir='ltr'><strong>et</strong></span> <span class='ocrx_word' id='word_1_592' title='bbox 1249 4303 1338 4354; x_wconf 88' lang='lat' dir='ltr'><strong>alii</strong></span> <span class='ocrx_word' id='word_1_593' title='bbox 1374 4303 1590 4371; x_wconf 83' lang='lat' dir='ltr'><strong>quidem</strong></span> <span class='ocrx_word' id='word_1_594' title='bbox 1619 4318 1744 4356; x_wconf 90' lang='lat' dir='ltr'><strong>cum</strong></span> <span class='ocrx_word' id='word_1_595' title='bbox 1779 4307 1908 4355; x_wconf 88' lang='lat' dir='ltr'><strong>sim-</strong></span> 
     </span>
    </p>
   </div>
   <div class='ocr_carea' id='block_1_82' title="bbox 327 4370 1906 4439">
    <p class='ocr_par' dir='ltr' id='par_1_82' title="bbox 327 4370 1906 4439">
     <span class='ocr_line' id='line_1_82' title="bbox 327 4370 1906 4439; baseline 0.003 -19"><span class='ocrx_word' id='word_1_596' title='bbox 327 4370 448 4439; x_wconf 69' lang='lat' dir='ltr'><strong>pliei</strong></span> <span class='ocrx_word' id='word_1_597' title='bbox 472 4381 518 4421; x_wconf 84' lang='lat'><strong>0&#39;</strong></span> <span class='ocrx_word' id='word_1_598' title='bbox 539 4370 808 4432; x_wconf 72' lang='lat' dir='ltr'><strong>SCI’iIJUIII,</strong></span> <span class='ocrx_word' id='word_1_599' title='bbox 833 4371 972 4439; x_wconf 67' lang='lat' dir='ltr'><strong>inter</strong></span> <span class='ocrx_word' id='word_1_600' title='bbox 990 4385 1126 4437; x_wconf 89' lang='lat' dir='ltr'><strong>quos</strong></span> <span class='ocrx_word' id='word_1_601' title='bbox 1150 4383 1232 4424; x_wconf 86' lang='lat' dir='ltr'><strong>est</strong></span> <span class='ocrx_word' id='word_1_602' title='bbox 1250 4370 1556 4439; x_wconf 81' lang='lat' dir='ltr'><strong>Stephanus</strong></span> <span class='ocrx_word' id='word_1_603' title='bbox 1577 4376 1651 4424; x_wconf 79' lang='lat' dir='ltr'><strong>De</strong></span> <span class='ocrx_word' id='word_1_604' title='bbox 1672 4374 1906 4437; x_wconf 77' lang='lat' dir='ltr'><strong>urbibus,</strong></span> 
     </span>
    </p>
   </div>
   <div class='ocr_carea' id='block_1_83' title="bbox 2610 3821 3020 3878">
    <p class='ocr_par' dir='ltr' id='par_1_83' title="bbox 2610 3821 3020 3878">
     <span class='ocr_line' id='line_1_83' title="bbox 2610 3821 3020 3878; baseline 0.005 -2"><span class='ocrx_word' id='word_1_605' title='bbox 2610 3822 2838 3877; x_wconf 82' lang='lat' dir='ltr'><strong>CAPUT</strong></span> <span class='ocrx_word' id='word_1_606' title='bbox 2881 3821 3020 3878; x_wconf 83' lang='lat' dir='ltr'>XIII.</span> 
     </span>
    </p>
   </div>
   <div class='ocr_carea' id='block_1_84' title="bbox 2466 3913 3160 3982">
    <p class='ocr_par' dir='ltr' id='par_1_84' title="bbox 2466 3913 3160 3982">
     <span class='ocr_line' id='line_1_84' title="bbox 2466 3913 3160 3982; baseline 0 -16"><span class='ocrx_word' id='word_1_607' title='bbox 2466 3913 2542 3968; x_wconf 87' lang='lat' dir='ltr'><strong>Dc</strong></span> <span class='ocrx_word' id='word_1_608' title='bbox 2577 3914 2857 3968; x_wconf 80' lang='lat' dir='ltr'><strong>Clementis</strong></span> <span class='ocrx_word' id='word_1_609' title='bbox 2895 3914 3160 3982; x_wconf 74' lang='lat' dir='ltr'><strong>operibus.</strong></span> 
     </span>
    </p>
   </div>
   <div class='ocr_carea' id='block_1_85' title="bbox 2093 4069 3602 4141">
    <p class='ocr_par' dir='ltr' id='par_1_85' title="bbox 2093 4069 3602 4141">
     <span class='ocr_line' id='line_1_85' title="bbox 2093 4069 3602 4141; baseline 0 -15"><span class='ocrx_word' id='word_1_610' title='bbox 2093 4071 2245 4140; x_wconf 82' lang='lat' dir='ltr'><strong>Quod</strong></span> <span class='ocrx_word' id='word_1_611' title='bbox 2297 4084 2425 4124; x_wconf 89' lang='lat' dir='ltr'><strong>vero</strong></span> <span class='ocrx_word' id='word_1_612' title='bbox 2481 4070 2546 4123; x_wconf 92' lang='lat' dir='ltr'><strong>ad</strong></span> <span class='ocrx_word' id='word_1_613' title='bbox 2598 4069 2932 4124; x_wconf 90' lang='lat' dir='ltr'><strong>Clementem</strong></span> <span class='ocrx_word' id='word_1_614' title='bbox 2965 4069 3181 4134; x_wconf 89' lang='lat' dir='ltr'><strong>attinet,</strong></span> <span class='ocrx_word' id='word_1_615' title='bbox 3226 4079 3442 4124; x_wconf 72' lang='lat' dir='ltr'><strong>exstant</strong></span> <span class='ocrx_word' id='word_1_616' title='bbox 3484 4073 3602 4141; x_wconf 79' lang='lat' dir='ltr'><strong>ejus</strong></span> 
     </span>
    </p>
   </div>
   <div class='ocr_carea' id='block_1_86' title="bbox 2021 4212 3492 4302">
    <p class='ocr_par' dir='ltr' id='par_1_86' title="bbox 2021 4212 3492 4302">
     <span class='ocr_line' id='line_1_86' title="bbox 2021 4212 3492 4302; baseline -0.001 -18"><span class='ocrx_word' id='word_1_617' title='bbox 2021 4245 2146 4302; x_wconf 62' lang='lat' dir='ltr'><strong>qua:</strong></span> <span class='ocrx_word' id='word_1_618' title='bbox 2171 4227 2471 4302; x_wconf 72' lang='lat' dir='ltr'><strong>convixerat</strong></span> <span class='ocrx_word' id='word_1_619' title='bbox 2510 4227 2630 4302; x_wconf 76' lang='lat' dir='ltr'><strong>ipsi,</strong></span> <span class='ocrx_word' id='word_1_620' title='bbox 2677 4235 2958 4302; x_wconf 61' lang='lat' dir='ltr'><strong>quicquam</strong></span> <span class='ocrx_word' id='word_1_621' title='bbox 2987 4225 3209 4302; x_wconf 65' lang='lat' dir='ltr'><strong>duceret</strong></span> <span class='ocrx_word' id='word_1_622' title='bbox 3240 4212 3492 4302; x_wconf 55' lang='lat' dir='ltr'><strong>Mariam.</strong></span> 
     </span>
    </p>
   </div>
   <div class='ocr_carea' id='block_1_87' title="bbox 2093 4295 3605 4369">
    <p class='ocr_par' dir='ltr' id='par_1_87' title="bbox 2093 4295 3605 4369">
     <span class='ocr_line' id='line_1_87' title="bbox 2093 4295 3605 4369; baseline 0.001 -19"><span class='ocrx_word' id='word_1_623' title='bbox 2093 4299 2204 4369; x_wconf 79' lang='lat' dir='ltr'><strong>(7b)</strong></span> <span class='ocrx_word' id='word_1_624' title='bbox 2232 4295 2573 4365; x_wconf 71' lang='grc' dir='ltr'>Μαρκιανὸς</span> <span class='ocrx_word' id='word_1_625' title='bbox 2597 4297 2716 4349; x_wconf 77' lang='grc' dir='ltr'>καί.</span> <span class='ocrx_word' id='word_1_626' title='bbox 2741 4297 3102 4369; x_wconf 68' lang='lat' dir='ltr'><strong>Scribeudum</strong></span> <span class='ocrx_word' id='word_1_627' title='bbox 3129 4299 3338 4369; x_wconf 80' lang='lat' dir='ltr'><strong>videtur</strong></span> <span class='ocrx_word' id='word_1_628' title='bbox 3357 4299 3605 4369; x_wconf 65' lang='grc' dir='ltr'>Μαρκια-</span> 
     </span>
    </p>
   </div>
   <div class='ocr_carea' id='block_1_88' title="bbox 2021 4365 3602 4436">
    <p class='ocr_par' dir='ltr' id='par_1_88' title="bbox 2021 4365 3602 4436">
     <span class='ocr_line' id='line_1_88' title="bbox 2021 4365 3602 4436; baseline -0.004 -11"><span class='ocrx_word' id='word_1_629' title='bbox 2021 4365 2132 4435; x_wconf 79' lang='grc' dir='ltr'>νὸς,</span> <span class='ocrx_word' id='word_1_630' title='bbox 2159 4365 2232 4433; x_wconf 80' lang='grc' dir='ltr'>ὡς</span> <span class='ocrx_word' id='word_1_631' title='bbox 2256 4369 2370 4431; x_wconf 84' lang='grc' dir='ltr'>καί,</span> <span class='ocrx_word' id='word_1_632' title='bbox 2393 4379 2522 4429; x_wconf 86' lang='lat' dir='ltr'><strong>ete.,</strong></span> <span class='ocrx_word' id='word_1_633' title='bbox 2553 4377 2713 4433; x_wconf 79' lang='lat' dir='ltr'><strong>atque</strong></span> <span class='ocrx_word' id='word_1_634' title='bbox 2740 4365 2812 4419; x_wconf 87' lang='lat' dir='ltr'><strong>ita</strong></span> <span class='ocrx_word' id='word_1_635' title='bbox 2858 4367 3104 4436; x_wconf 75' lang='lat' dir='ltr'><strong>legerunt</strong></span> <span class='ocrx_word' id='word_1_636' title='bbox 3141 4368 3368 4421; x_wconf 62' lang='lat' dir='ltr'><strong>liuiinus</strong></span> <span class='ocrx_word' id='word_1_637' title='bbox 3395 4365 3602 4422; x_wconf 44' lang='lat' dir='ltr'><strong>et&#39;lilu-</strong></span> 
     </span>
    </p>
   </div>
   <div class='ocr_carea' id='block_1_89' title="bbox 325 4433 3599 4508">
    <p class='ocr_par' dir='ltr' id='par_1_89' title="bbox 325 4433 3599 4508">
     <span class='ocr_line' id='line_1_89' title="bbox 325 4433 3599 4508; baseline 0.001 -20"><span class='ocrx_word' id='word_1_638' title='bbox 325 4433 381 4491; x_wconf 64' lang='lat' dir='ltr'><strong>et</strong></span> <span class='ocrx_word' id='word_1_639' title='bbox 408 4437 770 4492; x_wconf 83' lang='lat' dir='ltr'><strong>Theudoritus</strong></span> <span class='ocrx_word' id='word_1_640' title='bbox 814 4440 868 4492; x_wconf 90' lang='lat' dir='ltr'><strong>in</strong></span> <span class='ocrx_word' id='word_1_641' title='bbox 898 4433 1156 4507; x_wconf 56' lang='lat' dir='ltr'><strong>Relibiosa</strong></span> <span class='ocrx_word' id='word_1_642' title='bbox 1194 4433 1443 4503; x_wconf 70' lang='lat' dir='ltr'><strong>historia,</strong></span> <span class='ocrx_word' id='word_1_643' title='bbox 1479 4459 1597 4508; x_wconf 92' lang='lat' dir='ltr'><strong>cap.</strong></span> <span class='ocrx_word' id='word_1_644' title='bbox 1644 4442 1711 4496; x_wconf 81' lang='grc'><strong>10</strong></span> <span class='ocrx_word' id='word_1_645' title='bbox 1731 4451 1786 4495; x_wconf 89' lang='lat' dir='ltr'><strong>et</strong></span> <span class='ocrx_word' id='word_1_646' title='bbox 1823 4433 1904 4498; x_wconf 69' lang='lat' dir='ltr'><strong>ti.</strong></span> <span class='ocrx_word' id='word_1_647' title='bbox 1941 4433 1984 4487; x_wconf 82' lang='lat' dir='ltr'><strong>D</strong></span> <span class='ocrx_word' id='word_1_648' title='bbox 2016 4433 2220 4496; x_wconf 82' lang='lat' dir='ltr'><strong>sculus.</strong></span> <span class='ocrx_word' id='word_1_649' title='bbox 2277 4441 2382 4493; x_wconf 84' lang='lat' dir='ltr'><strong>Sed</strong></span> <span class='ocrx_word' id='word_1_650' title='bbox 2432 4433 2959 4504; x_wconf 72' lang='lat' dir='ltr'><strong>Christophorsontis</strong></span> <span class='ocrx_word' id='word_1_651' title='bbox 3012 4437 3229 4493; x_wconf 86' lang='lat' dir='ltr'><strong>videtur</strong></span> <span class='ocrx_word' id='word_1_652' title='bbox 3278 4437 3472 4504; x_wconf 77' lang='lat' dir='ltr'><strong>legisse</strong></span> <span class='ocrx_word' id='word_1_653' title='bbox 3504 4441 3599 4493; x_wconf 77' lang='grc' dir='ltr'><strong>καὶ</strong></span> 
     </span>
    </p>
   </div>
   <div class='ocr_carea' id='block_1_90' title="bbox 325 4509 1904 4580">
    <p class='ocr_par' dir='ltr' id='par_1_90' title="bbox 325 4509 1904 4580">
     <span class='ocr_line' id='line_1_90' title="bbox 325 4509 1904 4580; baseline 0.004 -20"><span class='ocrx_word' id='word_1_654' title='bbox 325 4509 657 4580; x_wconf 80' lang='lat' dir='ltr'><strong>Cort-nptum</strong></span> <span class='ocrx_word' id='word_1_655' title='bbox 683 4520 976 4580; x_wconf 82' lang='lat' dir='ltr'><strong>estnomen</strong></span> <span class='ocrx_word' id='word_1_656' title='bbox 1005 4511 1165 4576; x_wconf 80' lang='lat' dir='ltr'><strong>hujus</strong></span> <span class='ocrx_word' id='word_1_657' title='bbox 1201 4514 1351 4563; x_wconf 87' lang='lat' dir='ltr'><strong>urbis</strong></span> <span class='ocrx_word' id='word_1_658' title='bbox 1374 4513 1515 4580; x_wconf 87' lang='lat' dir='ltr'><strong>apud</strong></span> <span class='ocrx_word' id='word_1_659' title='bbox 1554 4513 1904 4566; x_wconf 85' lang='lat' dir='ltr'><strong>Plutarchum</strong></span> 
     </span>
    </p>
   </div>
   <div class='ocr_carea' id='block_1_91' title="bbox 329 4579 1910 4650">
    <p class='ocr_par' dir='ltr' id='par_1_91' title="bbox 329 4579 1910 4650">
     <span class='ocr_line' id='line_1_91' title="bbox 329 4579 1910 4650; baseline 0.003 -18"><span class='ocrx_word' id='word_1_660' title='bbox 329 4581 383 4633; x_wconf 82' lang='lat' dir='ltr'><strong>in</strong></span> <span class='ocrx_word' id='word_1_661' title='bbox 404 4579 689 4650; x_wconf 82' lang='lat' dir='ltr'><strong>Demetrio,</strong></span> <span class='ocrx_word' id='word_1_662' title='bbox 719 4581 804 4631; x_wconf 89' lang='lat' dir='ltr'><strong>tthi</strong></span> <span class='ocrx_word' id='word_1_663' title='bbox 837 4579 1048 4650; x_wconf 82' lang='lat' dir='ltr'><strong>Seleuci</strong></span> <span class='ocrx_word' id='word_1_664' title='bbox 1083 4595 1148 4632; x_wconf 90' lang='lat' dir='ltr'><strong>ac</strong></span> <span class='ocrx_word' id='word_1_665' title='bbox 1181 4579 1431 4635; x_wconf 74' lang='lat' dir='ltr'><strong>Demetrii</strong></span> <span class='ocrx_word' id='word_1_666' title='bbox 1466 4583 1792 4650; x_wconf 75' lang='lat' dir='ltr'><strong>colloquium</strong></span> <span class='ocrx_word' id='word_1_667' title='bbox 1829 4600 1910 4637; x_wconf 84' lang='lat' dir='ltr'><strong>re-</strong></span> 
     </span>
    </p>
   </div>
   <div class='ocr_carea' id='block_1_92' title="bbox 329 4648 1905 4720">
    <p class='ocr_par' dir='ltr' id='par_1_92' title="bbox 329 4648 1905 4720">
     <span class='ocr_line' id='line_1_92' title="bbox 329 4648 1905 4720; baseline 0.004 -20"><span class='ocrx_word' id='word_1_668' title='bbox 329 4650 522 4720; x_wconf 75' lang='lat' dir='ltr'><strong>fertur.</strong></span> <span class='ocrx_word' id='word_1_669' title='bbox 579 4648 689 4720; x_wconf 73' lang='grc' dir='ltr'>Καὶ</span> <span class='ocrx_word' id='word_1_670' title='bbox 748 4649 1028 4720; x_wconf 78' lang='grc' dir='ltr'>παρούσης</span> <span class='ocrx_word' id='word_1_671' title='bbox 1088 4650 1187 4720; x_wconf 75' lang='grc' dir='ltr'><strong>ἤδη</strong></span> <span class='ocrx_word' id='word_1_672' title='bbox 1255 4651 1414 4718; x_wconf 74' lang='grc' dir='ltr'>φίλας</span> <span class='ocrx_word' id='word_1_673' title='bbox 1471 4651 1571 4720; x_wconf 78' lang='grc' dir='ltr'>τῆς</span> <span class='ocrx_word' id='word_1_674' title='bbox 1627 4648 1905 4720; x_wconf 78' lang='grc' dir='ltr'>γυναικὸς,</span> 
     </span>
    </p>
   </div>
   <div class='ocr_carea' id='block_1_93' title="bbox 330 4717 1906 4790">
    <p class='ocr_par' dir='ltr' id='par_1_93' title="bbox 330 4717 1906 4790">
     <span class='ocr_line' id='line_1_93' title="bbox 330 4717 1906 4790; baseline 0.003 -19"><span class='ocrx_word' id='word_1_675' title='bbox 330 4717 475 4788; x_wconf 72' lang='grc' dir='ltr'>αὑτῷ</span> <span class='ocrx_word' id='word_1_676' title='bbox 537 4719 672 4789; x_wconf 67' lang='grc' dir='ltr'>πρὸς</span> <span class='ocrx_word' id='word_1_677' title='bbox 747 4717 1000 4790; x_wconf 76' lang='grc' dir='ltr'>ὐροσσὸν</span> <span class='ocrx_word' id='word_1_678' title='bbox 1035 4717 1309 4790; x_wconf 71' lang='grc' dir='ltr'>ἀπήντησε</span> <span class='ocrx_word' id='word_1_679' title='bbox 1350 4717 1650 4784; x_wconf 49' lang='grc' dir='ltr'>Σέλευκος(</span> <span class='ocrx_word' id='word_1_680' title='bbox 1685 4725 1812 4776; x_wconf 89' lang='lat' dir='ltr'><strong>Item</strong></span> <span class='ocrx_word' id='word_1_681' title='bbox 1857 4726 1906 4776; x_wconf 89' lang='lat' dir='ltr'><strong>iu</strong></span> 
     </span>
    </p>
   </div>
   <div class='ocr_carea' id='block_1_94' title="bbox 329 4791 1904 4858">
    <p class='ocr_par' dir='ltr' id='par_1_94' title="bbox 329 4791 1904 4858">
     <span class='ocr_line' id='line_1_94' title="bbox 329 4791 1904 4858; baseline 0.003 -18"><span class='ocrx_word' id='word_1_682' title='bbox 329 4805 399 4858; x_wconf 66' lang='lat' dir='ltr'><strong>vtt</strong></span> <span class='ocrx_word' id='word_1_683' title='bbox 466 4791 700 4858; x_wconf 79' lang='lat' dir='ltr'><strong>synodo,</strong></span> <span class='ocrx_word' id='word_1_684' title='bbox 755 4792 975 4858; x_wconf 82' lang='lat' dir='ltr'><strong>actione</strong></span> <span class='ocrx_word' id='word_1_685' title='bbox 1036 4792 1088 4850; x_wconf 76' lang='grc'>4,</span> <span class='ocrx_word' id='word_1_686' title='bbox 1148 4794 1237 4843; x_wconf 91' lang='lat' dir='ltr'><strong>ubi</strong></span> <span class='ocrx_word' id='word_1_687' title='bbox 1305 4792 1418 4845; x_wconf 68' lang='lat' dir='ltr'><strong>haec</strong></span> <span class='ocrx_word' id='word_1_688' title='bbox 1482 4797 1791 4846; x_wconf 81' lang='lat' dir='ltr'><strong>rel&#39;cruntnr</strong></span> <span class='ocrx_word' id='word_1_689' title='bbox 1841 4809 1904 4845; x_wconf 80' lang='lat' dir='ltr'><strong>ex</strong></span> 
     </span>
    </p>
   </div>
   <div class='ocr_carea' id='block_1_95' title="bbox 334 4856 1907 4941">
    <p class='ocr_par' dir='ltr' id='par_1_95' title="bbox 334 4856 1907 4941">
     <span class='ocr_line' id='line_1_95' title="bbox 334 4856 1907 4941; baseline 0.006 -34"><span class='ocrx_word' id='word_1_690' title='bbox 334 4856 456 4941; x_wconf 46' lang='lat' dir='ltr'><strong>Vim</strong></span> <span class='ocrx_word' id='word_1_691' title='bbox 502 4856 682 4910; x_wconf 66' lang='lat' dir='ltr'><strong>sancti</strong></span> <span class='ocrx_word' id='word_1_692' title='bbox 736 4857 1036 4927; x_wconf 81' lang='lat' dir='ltr'><strong>Symeunis,</strong></span> <span class='ocrx_word' id='word_1_693' title='bbox 1094 4861 1152 4912; x_wconf 80' lang='grc' dir='ltr'><strong>ἐν</strong></span> <span class='ocrx_word' id='word_1_694' title='bbox 1221 4862 1564 4915; x_wconf 79' lang='grc' dir='ltr'>Ῥωσωπόλει</span> <span class='ocrx_word' id='word_1_695' title='bbox 1617 4864 1714 4932; x_wconf 74' lang='grc' dir='ltr'>τῆς</span> <span class='ocrx_word' id='word_1_696' title='bbox 1753 4863 1907 4916; x_wconf 87' lang='grc' dir='ltr'>Κιλι-</span> 
     </span>
    </p>
   </div>
   <div class='ocr_carea' id='block_1_96' title="bbox 327 4945 473 4990">
    <p class='ocr_par' dir='ltr' id='par_1_96' title="bbox 327 4945 473 4990">
     <span class='ocr_line' id='line_1_96' title="bbox 327 4945 473 4990; baseline -0.007 -9"><span class='ocrx_word' id='word_1_697' title='bbox 327 4945 473 4990; x_wconf 84' lang='grc' dir='ltr'>κιας.</span> 
     </span>
    </p>
   </div>
   <div class='ocr_carea' id='block_1_97' title="bbox 399 4996 1900 5071">
    <p class='ocr_par' dir='ltr' id='par_1_97' title="bbox 399 4996 1900 5071">
     <span class='ocr_line' id='line_1_97' title="bbox 399 4996 1900 5071; baseline 0.005 -21"><span class='ocrx_word' id='word_1_698' title='bbox 399 4996 507 5067; x_wconf 70' lang='grc'>(75)</span> <span class='ocrx_word' id='word_1_699' title='bbox 530 5001 620 5071; x_wconf 70' lang='lat' dir='ltr'><strong>ra</strong></span> <span class='ocrx_word' id='word_1_700' title='bbox 652 4997 719 5050; x_wconf 81' lang='grc' dir='ltr'><strong>δὲ</strong></span> <span class='ocrx_word' id='word_1_701' title='bbox 759 4999 1022 5066; x_wconf 74' lang='grc' dir='ltr'>ὀνόματι.</span> <span class='ocrx_word' id='word_1_702' title='bbox 1065 5001 1290 5069; x_wconf 62' lang='lat' dir='ltr'><strong>Vulgata</strong></span> <span class='ocrx_word' id='word_1_703' title='bbox 1321 5002 1610 5069; x_wconf 86' lang='lat' dir='ltr'><strong>scriptura,</strong></span> <span class='ocrx_word' id='word_1_704' title='bbox 1641 5002 1900 5071; x_wconf 77' lang='grc' dir='ltr'>ὀνόματα.</span> 
     </span>
    </p>
   </div>
   <div class='ocr_carea' id='block_1_98' title="bbox 325 5067 1904 5139">
    <p class='ocr_par' dir='ltr' id='par_1_98' title="bbox 325 5067 1904 5139">
     <span class='ocr_line' id='line_1_98' title="bbox 325 5067 1904 5139; baseline 0.005 -20"><span class='ocrx_word' id='word_1_705' title='bbox 325 5067 638 5139; x_wconf 70' lang='lat' dir='ltr'><strong>Legendum</strong></span> <span class='ocrx_word' id='word_1_706' title='bbox 662 5081 787 5135; x_wconf 89' lang='lat' dir='ltr'><strong>puto</strong></span> <span class='ocrx_word' id='word_1_707' title='bbox 817 5071 1061 5139; x_wconf 76' lang='grc' dir='ltr'>ὀνόματι,</span> <span class='ocrx_word' id='word_1_708' title='bbox 1090 5085 1142 5122; x_wconf 88' lang='grc' dir='ltr'><strong>ιιι</strong></span> <span class='ocrx_word' id='word_1_709' title='bbox 1172 5067 1444 5124; x_wconf 68' lang='lat' dir='ltr'><strong>scribitan</strong></span> <span class='ocrx_word' id='word_1_710' title='bbox 1474 5074 1524 5125; x_wconf 92' lang='lat' dir='ltr'><strong>in</strong></span> <span class='ocrx_word' id='word_1_711' title='bbox 1552 5074 1709 5126; x_wconf 77' lang='lat' dir='ltr'><strong>codd.</strong></span> <span class='ocrx_word' id='word_1_712' title='bbox 1736 5067 1904 5138; x_wconf 73' lang='lat' dir='ltr'><strong>Mar...</strong></span> 
     </span>
    </p>
   </div>
   <div class='ocr_carea' id='block_1_99' title="bbox 327 5137 1907 5212">
    <p class='ocr_par' dir='ltr' id='par_1_99' title="bbox 327 5137 1907 5212">
     <span class='ocr_line' id='line_1_99' title="bbox 327 5137 1907 5212; baseline 0.004 -22"><span class='ocrx_word' id='word_1_713' title='bbox 327 5137 492 5212; x_wconf 49' lang='grc' dir='ltr'>ξιυιιη</span> <span class='ocrx_word' id='word_1_714' title='bbox 547 5137 686 5212; x_wconf 51' lang='lat' dir='ltr'><strong>Vulg.</strong></span> <span class='ocrx_word' id='word_1_715' title='bbox 734 5152 801 5212; x_wconf 87' lang='lat' dir='ltr'><strong>et</strong></span> <span class='ocrx_word' id='word_1_716' title='bbox 850 5137 1050 5212; x_wconf 49' lang='grc' dir='ltr'><strong>Βάκ-ιω</strong></span> <span class='ocrx_word' id='word_1_717' title='bbox 1100 5152 1260 5208; x_wconf 89' lang='lat' dir='ltr'><strong>atque</strong></span> <span class='ocrx_word' id='word_1_718' title='bbox 1319 5143 1390 5194; x_wconf 87' lang='lat' dir='ltr'><strong>ita</strong></span> <span class='ocrx_word' id='word_1_719' title='bbox 1441 5143 1636 5212; x_wconf 80' lang='lat' dir='ltr'><strong>legisse</strong></span> <span class='ocrx_word' id='word_1_720' title='bbox 1693 5137 1907 5197; x_wconf 85' lang='lat' dir='ltr'><strong>videtur</strong></span> 
     </span>
    </p>
   </div>
   <div class='ocr_carea' id='block_1_100' title="bbox 325 5207 1905 5280">
    <p class='ocr_par' dir='ltr' id='par_1_100' title="bbox 325 5207 1905 5280">
     <span class='ocr_line' id='line_1_100' title="bbox 325 5207 1905 5280; baseline 0.005 -21"><span class='ocrx_word' id='word_1_721' title='bbox 325 5207 604 5280; x_wconf 41' lang='lat' dir='ltr'><strong>Billittlti.‘</strong></span> <span class='ocrx_word' id='word_1_722' title='bbox 634 5209 727 5261; x_wconf 84' lang='lat' dir='ltr'><strong>Sit:</strong></span> <span class='ocrx_word' id='word_1_723' title='bbox 793 5211 931 5263; x_wconf 76' lang='lat' dir='ltr'><strong>intra</strong></span> <span class='ocrx_word' id='word_1_724' title='bbox 997 5207 1232 5278; x_wconf 83' lang='lat' dir='ltr'><strong>loquitur</strong></span> <span class='ocrx_word' id='word_1_725' title='bbox 1294 5213 1433 5266; x_wconf 86' lang='lat' dir='ltr'><strong>idem</strong></span> <span class='ocrx_word' id='word_1_726' title='bbox 1495 5207 1782 5280; x_wconf 78' lang='lat' dir='ltr'><strong>Serapion,</strong></span> <span class='ocrx_word' id='word_1_727' title='bbox 1833 5215 1905 5267; x_wconf 90' lang='grc' dir='ltr'><strong>Τὸ</strong></span> 
     </span>
    </p>
   </div>
   <div class='ocr_carea' id='block_1_101' title="bbox 325 5277 1906 5353">
    <p class='ocr_par' dir='ltr' id='par_1_101' title="bbox 325 5277 1906 5353">
     <span class='ocr_line' id='line_1_101' title="bbox 325 5277 1906 5353; baseline 0.004 -23"><span class='ocrx_word' id='word_1_728' title='bbox 325 5279 416 5330; x_wconf 85' lang='grc' dir='ltr'>ὑπ’</span> <span class='ocrx_word' id='word_1_729' title='bbox 467 5277 646 5353; x_wconf 57' lang='grc' dir='ltr'>αὑτῷν</span> <span class='ocrx_word' id='word_1_730' title='bbox 699 5280 1129 5353; x_wconf 50' lang='grc' dir='ltr'>προφερόμενον</span> <span class='ocrx_word' id='word_1_731' title='bbox 1158 5282 1382 5351; x_wconf 80' lang='grc' dir='ltr'>ὀνόματι</span> <span class='ocrx_word' id='word_1_732' title='bbox 1437 5277 1648 5353; x_wconf 80' lang='grc' dir='ltr'>Πέτρου</span> <span class='ocrx_word' id='word_1_733' title='bbox 1673 5283 1906 5352; x_wconf 73' lang='grc' dir='ltr'>Εὐαγγέ-</span> 
     </span>
    </p>
   </div>
   <div class='ocr_carea' id='block_1_102' title="bbox 326 5347 1897 5418">
    <p class='ocr_par' dir='ltr' id='par_1_102' title="bbox 326 5347 1897 5418">
     <span class='ocr_line' id='line_1_102' title="bbox 326 5347 1897 5418; baseline 0.004 -18"><span class='ocrx_word' id='word_1_734' title='bbox 326 5355 454 5400; x_wconf 78' lang='grc' dir='ltr'>λιον.</span> <span class='ocrx_word' id='word_1_735' title='bbox 495 5347 666 5414; x_wconf 90' lang='lat' dir='ltr'><strong>IInjus</strong></span> <span class='ocrx_word' id='word_1_736' title='bbox 687 5347 848 5418; x_wconf 72' lang='lat' dir='ltr'><strong>porro</strong></span> <span class='ocrx_word' id='word_1_737' title='bbox 880 5347 1151 5418; x_wconf 70' lang='lat' dir='ltr'><strong>Evangelii</strong></span> <span class='ocrx_word' id='word_1_738' title='bbox 1182 5347 1480 5406; x_wconf 75' lang='lat' dir='ltr'><strong>secundum</strong></span> <span class='ocrx_word' id='word_1_739' title='bbox 1508 5347 1722 5407; x_wconf 79' lang='lat' dir='ltr'><strong>l’ett&#39;um</strong></span> <span class='ocrx_word' id='word_1_740' title='bbox 1753 5347 1897 5407; x_wconf 73' lang='lat' dir='ltr'><strong>meit-</strong></span> 
     </span>
    </p>
   </div>
   <div class='ocr_carea' id='block_1_103' title="bbox 327 5419 1898 5489">
    <p class='ocr_par' dir='ltr' id='par_1_103' title="bbox 327 5419 1898 5489">
     <span class='ocr_line' id='line_1_103' title="bbox 327 5419 1898 5489; baseline 0.005 -19"><span class='ocrx_word' id='word_1_741' title='bbox 327 5419 525 5489; x_wconf 75' lang='lat' dir='ltr'><strong>tionem</strong></span> <span class='ocrx_word' id='word_1_742' title='bbox 565 5419 977 5489; x_wconf 70' lang='lat' dir='ltr'><strong>f.tt:it_0t&#39;igcttcs</strong></span> <span class='ocrx_word' id='word_1_743' title='bbox 1003 5422 1053 5472; x_wconf 88' lang='lat' dir='ltr'><strong>itt</strong></span> <span class='ocrx_word' id='word_1_744' title='bbox 1077 5421 1482 5475; x_wconf 78' lang='lat' dir='ltr'><strong>Commentariis</strong></span> <span class='ocrx_word' id='word_1_745' title='bbox 1523 5425 1577 5476; x_wconf 83' lang='lat' dir='ltr'><strong>in</strong></span> <span class='ocrx_word' id='word_1_746' title='bbox 1615 5433 1777 5489; x_wconf 87' lang='lat' dir='ltr'><strong>caput</strong></span> <span class='ocrx_word' id='word_1_747' title='bbox 1806 5441 1898 5478; x_wconf 87' lang='lat' dir='ltr'><strong>xnt</strong></span> 
     </span>
    </p>
   </div>
   <div class='ocr_carea' id='block_1_104' title="bbox 331 5486 1903 5560">
    <p class='ocr_par' dir='ltr' id='par_1_104' title="bbox 331 5486 1903 5560">
     <span class='ocr_line' id='line_1_104' title="bbox 331 5486 1903 5560; baseline 0.006 -23"><span class='ocrx_word' id='word_1_748' title='bbox 331 5487 572 5560; x_wconf 69' lang='lat' dir='ltr'><strong>Mattnwi</strong></span> <span class='ocrx_word' id='word_1_749' title='bbox 609 5503 628 5542; x_wconf 88' lang='lat'><strong><em>:</em></strong></span> <span class='ocrx_word' id='word_1_750' title='bbox 654 5486 885 5560; x_wconf 52' lang='lat' dir='ltr'><strong>fratres</strong></span> <span class='ocrx_word' id='word_1_751' title='bbox 921 5501 1094 5542; x_wconf 84' lang='lat' dir='ltr'><strong>autent</strong></span> <span class='ocrx_word' id='word_1_752' title='bbox 1129 5490 1258 5544; x_wconf 80' lang='lat' dir='ltr'><strong>Jesu</strong></span> <span class='ocrx_word' id='word_1_753' title='bbox 1305 5504 1492 5560; x_wconf 85' lang='lat' dir='ltr'><strong>putant</strong></span> <span class='ocrx_word' id='word_1_754' title='bbox 1522 5486 1783 5556; x_wconf 72' lang='lat' dir='ltr'><strong>nonnulli,</strong></span> <span class='ocrx_word' id='word_1_755' title='bbox 1839 5511 1903 5547; x_wconf 75' lang='lat' dir='ltr'><strong>ea:</strong></span> 
     </span>
    </p>
   </div>
   <div class='ocr_carea' id='block_1_105' title="bbox 325 5557 1899 5633">
    <p class='ocr_par' dir='ltr' id='par_1_105' title="bbox 325 5557 1899 5633">
     <span class='ocr_line' id='line_1_105' title="bbox 325 5557 1899 5633; baseline 0.005 -25"><span class='ocrx_word' id='word_1_756' title='bbox 325 5558 609 5633; x_wconf 67' lang='lat' dir='ltr'><strong>traditione</strong></span> <span class='ocrx_word' id='word_1_757' title='bbox 642 5557 1005 5633; x_wconf 74' lang='lat' dir='ltr'><strong>llebrrcortttn,</strong></span> <span class='ocrx_word' id='word_1_758' title='bbox 1037 5571 1246 5633; x_wconf 76' lang='lat' dir='ltr'><strong>sitmpm</strong></span> <span class='ocrx_word' id='word_1_759' title='bbox 1268 5557 1536 5633; x_wconf 65' lang='lat' dir='ltr'><strong>occasione</strong></span> <span class='ocrx_word' id='word_1_760' title='bbox 1559 5577 1623 5616; x_wconf 78' lang='lat' dir='ltr'><strong>ca:</strong></span> <span class='ocrx_word' id='word_1_761' title='bbox 1651 5561 1692 5614; x_wconf 78' lang='grc' dir='ltr'><strong><em>Ε</em></strong></span> <span class='ocrx_word' id='word_1_762' title='bbox 1710 5581 1899 5633; x_wconf 82' lang='lat' dir='ltr'><strong>vange-</strong></span> 
     </span>
    </p>
   </div>
   <div class='ocr_carea' id='block_1_106' title="bbox 325 5627 1903 5698">
    <p class='ocr_par' dir='ltr' id='par_1_106' title="bbox 325 5627 1903 5698">
     <span class='ocr_line' id='line_1_106' title="bbox 325 5627 1903 5698; baseline 0.006 -20"><span class='ocrx_word' id='word_1_763' title='bbox 325 5627 394 5698; x_wconf 64' lang='lat' dir='ltr'><strong>lio</strong></span> <span class='ocrx_word' id='word_1_764' title='bbox 453 5628 597 5698; x_wconf 80' lang='lat' dir='ltr'><strong>quod</strong></span> <span class='ocrx_word' id='word_1_765' title='bbox 648 5628 860 5680; x_wconf 81' lang='lat' dir='ltr'><strong>titulum</strong></span> <span class='ocrx_word' id='word_1_766' title='bbox 908 5629 1060 5683; x_wconf 75' lang='lat' dir='ltr'><strong>habet</strong></span> <span class='ocrx_word' id='word_1_767' title='bbox 1115 5631 1320 5698; x_wconf 69' lang='lat' dir='ltr'><strong>«juxta</strong></span> <span class='ocrx_word' id='word_1_768' title='bbox 1372 5631 1609 5692; x_wconf 82' lang='lat' dir='ltr'><strong>Petrum,</strong></span> <span class='ocrx_word' id='word_1_769' title='bbox 1662 5649 1680 5681; x_wconf 75' lang='grc' dir='ltr'><strong>ι</strong></span> <span class='ocrx_word' id='word_1_770' title='bbox 1723 5627 1903 5688; x_wconf 67' lang='grc' dir='ltr'>υσίέας</span> 
     </span>
    </p>
   </div>
   <div class='ocr_carea' id='block_1_107' title="bbox 324 5694 1902 5772">
    <p class='ocr_par' dir='ltr' id='par_1_107' title="bbox 324 5694 1902 5772">
     <span class='ocr_line' id='line_1_107' title="bbox 324 5694 1902 5772; baseline 0.008 -24"><span class='ocrx_word' id='word_1_771' title='bbox 324 5694 472 5751; x_wconf 72' lang='grc' dir='ltr'>ιὶιιιοο</span> <span class='ocrx_word' id='word_1_772' title='bbox 512 5694 729 5765; x_wconf 81' lang='lat' dir='ltr'><strong>Jacobi,</strong></span> <span class='ocrx_word' id='word_1_773' title='bbox 790 5714 898 5754; x_wconf 71' lang='lat' dir='ltr'><strong>esse</strong></span> <span class='ocrx_word' id='word_1_774' title='bbox 957 5701 1101 5769; x_wconf 67' lang='grc' dir='ltr'>βίος</span> <span class='ocrx_word' id='word_1_775' title='bbox 1156 5694 1350 5770; x_wconf 73' lang='lat' dir='ltr'><strong>Josep/t</strong></span> <span class='ocrx_word' id='word_1_776' title='bbox 1404 5718 1468 5756; x_wconf 76' lang='lat' dir='ltr'><strong>ea:</strong></span> <span class='ocrx_word' id='word_1_777' title='bbox 1514 5702 1687 5772; x_wconf 78' lang='lat' dir='ltr'><strong>priore</strong></span> <span class='ocrx_word' id='word_1_778' title='bbox 1737 5719 1902 5760; x_wconf 74' lang='lat' dir='ltr'><strong>uxore</strong></span> 
     </span>
    </p>
   </div>
   <div class='ocr_carea' id='block_1_108' title="bbox 2011 4508 3598 4577">
    <p class='ocr_par' dir='ltr' id='par_1_108' title="bbox 2011 4508 3598 4577">
     <span class='ocr_line' id='line_1_108' title="bbox 2011 4508 3598 4577; baseline -0.004 -11"><span class='ocrx_word' id='word_1_779' title='bbox 2011 4513 2108 4577; x_wconf 86' lang='grc' dir='ltr'>ὠς,</span> <span class='ocrx_word' id='word_1_780' title='bbox 2137 4521 2242 4565; x_wconf 87' lang='lat' dir='ltr'><strong>etc.</strong></span> <span class='ocrx_word' id='word_1_781' title='bbox 2278 4508 2514 4563; x_wconf 87' lang='lat' dir='ltr'><strong>Savilius</strong></span> <span class='ocrx_word' id='word_1_782' title='bbox 2549 4508 2600 4560; x_wconf 88' lang='lat' dir='ltr'><strong>itt</strong></span> <span class='ocrx_word' id='word_1_783' title='bbox 2649 4508 2788 4560; x_wconf 85' lang='lat' dir='ltr'><strong>libro</strong></span> <span class='ocrx_word' id='word_1_784' title='bbox 2828 4523 2926 4561; x_wconf 84' lang='lat' dir='ltr'><strong>suo</strong></span> <span class='ocrx_word' id='word_1_785' title='bbox 2973 4509 3282 4562; x_wconf 86' lang='lat' dir='ltr'><strong>emendavit</strong></span> <span class='ocrx_word' id='word_1_786' title='bbox 3335 4510 3431 4562; x_wconf 76' lang='grc' dir='ltr'>καὶ</span> <span class='ocrx_word' id='word_1_787' title='bbox 3479 4509 3598 4574; x_wconf 79' lang='grc' dir='ltr'><strong>πῶς</strong></span> 
     </span>
    </p>
   </div>
   <div class='ocr_carea' id='block_1_109' title="bbox 2012 4577 2554 4651">
    <p class='ocr_par' dir='ltr' id='par_1_109' title="bbox 2012 4577 2554 4651">
     <span class='ocr_line' id='line_1_109' title="bbox 2012 4577 2554 4651; baseline -0.011 -15"><span class='ocrx_word' id='word_1_788' title='bbox 2012 4581 2191 4651; x_wconf 80' lang='grc' dir='ltr'>ἑαυτῷ</span> <span class='ocrx_word' id='word_1_789' title='bbox 2220 4577 2554 4651; x_wconf 71' lang='grc' dir='ltr'>ἠναντιοῦτο.</span> 
     </span>
    </p>
   </div>
   <div class='ocr_carea' id='block_1_110' title="bbox 2084 4647 3595 4723">
    <p class='ocr_par' dir='ltr' id='par_1_110' title="bbox 2084 4647 3595 4723">
     <span class='ocr_line' id='line_1_110' title="bbox 2084 4647 3595 4723; baseline -0.002 -16"><span class='ocrx_word' id='word_1_790' title='bbox 2084 4647 2197 4723; x_wconf 85' lang='grc'>(77)</span> <span class='ocrx_word' id='word_1_791' title='bbox 2239 4647 2306 4704; x_wconf 67' lang='grc' dir='ltr'><strong>Ἃ</strong></span> <span class='ocrx_word' id='word_1_792' title='bbox 2348 4647 2718 4719; x_wconf 68' lang='grc' dir='ltr'>μαθήσεσθε.</span> <span class='ocrx_word' id='word_1_793' title='bbox 2757 4647 2932 4704; x_wconf 88' lang='lat' dir='ltr'><strong>Codd.</strong></span> <span class='ocrx_word' id='word_1_794' title='bbox 2980 4647 3140 4713; x_wconf 83' lang='lat' dir='ltr'><strong>Maz.,</strong></span> <span class='ocrx_word' id='word_1_795' title='bbox 3173 4647 3312 4702; x_wconf 85' lang='lat' dir='ltr'><strong>Med.</strong></span> <span class='ocrx_word' id='word_1_796' title='bbox 3354 4657 3409 4702; x_wconf 89' lang='lat' dir='ltr'><strong>et</strong></span> <span class='ocrx_word' id='word_1_797' title='bbox 3459 4648 3595 4704; x_wconf 82' lang='lat' dir='ltr'><strong>Fuk.</strong></span> 
     </span>
    </p>
   </div>
   <div class='ocr_carea' id='block_1_111' title="bbox 2011 4727 2954 4794">
    <p class='ocr_par' dir='ltr' id='par_1_111' title="bbox 2011 4727 2954 4794">
     <span class='ocr_line' id='line_1_111' title="bbox 2011 4727 2954 4794; baseline -0.005 -17"><span class='ocrx_word' id='word_1_798' title='bbox 2011 4727 2241 4794; x_wconf 86' lang='lat' dir='ltr'><strong>primum</strong></span> <span class='ocrx_word' id='word_1_799' title='bbox 2276 4736 2462 4794; x_wconf 81' lang='lat' dir='ltr'><strong>vocent</strong></span> <span class='ocrx_word' id='word_1_800' title='bbox 2495 4736 2600 4772; x_wconf 88' lang='lat' dir='ltr'><strong>tt0tt</strong></span> <span class='ocrx_word' id='word_1_801' title='bbox 2633 4730 2954 4794; x_wconf 65' lang='lat' dir='ltr'><strong>agnoscunt.</strong></span> 
     </span>
    </p>
   </div>
   <div class='ocr_carea' id='block_1_112' title="bbox 2083 4789 3594 4864">
    <p class='ocr_par' dir='ltr' id='par_1_112' title="bbox 2083 4789 3594 4864">
     <span class='ocr_line' id='line_1_112' title="bbox 2083 4789 3594 4864; baseline -0.024 1"><span class='ocrx_word' id='word_1_802' title='bbox 2083 4795 2198 4864; x_wconf 84' lang='grc'>(78)</span> <span class='ocrx_word' id='word_1_803' title='bbox 2233 4789 2632 4864; x_wconf 58' lang='grc' dir='ltr'>Χρησὰμειήοι.</span> <span class='ocrx_word' id='word_1_804' title='bbox 2683 4791 2824 4864; x_wconf 89' lang='lat' dir='ltr'><strong>Idem</strong></span> <span class='ocrx_word' id='word_1_805' title='bbox 2859 4799 2966 4864; x_wconf 71' lang='lat' dir='ltr'><strong>_est</strong></span> <span class='ocrx_word' id='word_1_806' title='bbox 3015 4790 3158 4864; x_wconf 87' lang='lat' dir='ltr'><strong>quod</strong></span> <span class='ocrx_word' id='word_1_807' title='bbox 3209 4792 3468 4864; x_wconf 46' lang='lat' dir='ltr'><strong>mutuati,</strong></span> <span class='ocrx_word' id='word_1_808' title='bbox 3510 4791 3594 4845; x_wconf 71' lang='lat' dir='ltr'><strong>vel</strong></span> 
     </span>
    </p>
   </div>
   <div class='ocr_carea' id='block_1_113' title="bbox 2009 4860 3590 4929">
    <p class='ocr_par' dir='ltr' id='par_1_113' title="bbox 2009 4860 3590 4929">
     <span class='ocr_line' id='line_1_113' title="bbox 2009 4860 3590 4929; baseline -0.001 -14"><span class='ocrx_word' id='word_1_809' title='bbox 2009 4860 2342 4916; x_wconf 67' lang='lat' dir='ltr'><strong>manuarium</strong></span> <span class='ocrx_word' id='word_1_810' title='bbox 2385 4863 2486 4915; x_wconf 75' lang='lat' dir='ltr'><strong>usi.</strong></span> <span class='ocrx_word' id='word_1_811' title='bbox 2535 4863 2625 4913; x_wconf 84' lang='lat' dir='ltr'><strong>Ait</strong></span> <span class='ocrx_word' id='word_1_812' title='bbox 2677 4863 2821 4912; x_wconf 84' lang='lat' dir='ltr'><strong>enim</strong></span> <span class='ocrx_word' id='word_1_813' title='bbox 2855 4860 3080 4926; x_wconf 84' lang='lat' dir='ltr'><strong>Serapio</strong></span> <span class='ocrx_word' id='word_1_814' title='bbox 3117 4875 3176 4914; x_wconf 87' lang='lat' dir='ltr'><strong>se</strong></span> <span class='ocrx_word' id='word_1_815' title='bbox 3233 4862 3590 4929; x_wconf 68' lang='lat' dir='ltr'><strong>ht&#39;attgelittm</strong></span> 
     </span>
    </p>
   </div>
   <div class='ocr_carea' id='block_1_114' title="bbox 2015 4931 3596 4996">
    <p class='ocr_par' dir='ltr' id='par_1_114' title="bbox 2015 4931 3596 4996">
     <span class='ocr_line' id='line_1_114' title="bbox 2015 4931 3596 4996; baseline 0.001 -10"><span class='ocrx_word' id='word_1_816' title='bbox 2015 4937 2143 4987; x_wconf 86' lang='lat' dir='ltr'><strong>illud</strong></span> <span class='ocrx_word' id='word_1_817' title='bbox 2183 4935 2323 4988; x_wconf 76' lang='lat' dir='ltr'><strong>l’ett&#39;i</strong></span> <span class='ocrx_word' id='word_1_818' title='bbox 2355 4931 2755 4987; x_wconf 85' lang='lat' dir='ltr'><strong>cotntttodalutu</strong></span> <span class='ocrx_word' id='word_1_819' title='bbox 2807 4932 3086 4996; x_wconf 78' lang='lat' dir='ltr'><strong>accepisse</strong></span> <span class='ocrx_word' id='word_1_820' title='bbox 3126 4948 3153 4982; x_wconf 89' lang='lat' dir='ltr'><strong>a</strong></span> <span class='ocrx_word' id='word_1_821' title='bbox 3185 4933 3596 4988; x_wconf 78' lang='lat' dir='ltr'><strong>successoribus</strong></span> 
     </span>
    </p>
   </div>
   <div class='ocr_carea' id='block_1_115' title="bbox 2011 5001 3591 5072">
    <p class='ocr_par' dir='ltr' id='par_1_115' title="bbox 2011 5001 3591 5072">
     <span class='ocr_line' id='line_1_115' title="bbox 2011 5001 3591 5072; baseline -0.002 -16"><span class='ocrx_word' id='word_1_822' title='bbox 2011 5008 2368 5072; x_wconf 85' lang='lat' dir='ltr'><strong>quorumdam</strong></span> <span class='ocrx_word' id='word_1_823' title='bbox 2419 5002 2797 5072; x_wconf 69' lang='lat' dir='ltr'><strong>haereticorum</strong></span> <span class='ocrx_word' id='word_1_824' title='bbox 2846 5001 2941 5072; x_wconf 86' lang='lat' dir='ltr'><strong>qui</strong></span> <span class='ocrx_word' id='word_1_825' title='bbox 2977 5002 3214 5072; x_wconf 81' lang='grc' dir='ltr'>Δοκηταί</span> <span class='ocrx_word' id='word_1_826' title='bbox 3245 5003 3591 5072; x_wconf 82' lang='lat' dir='ltr'><strong>dicebantur,</strong></span> 
     </span>
    </p>
   </div>
   <div class='ocr_carea' id='block_1_116' title="bbox 2009 5071 3594 5143">
    <p class='ocr_par' dir='ltr' id='par_1_116' title="bbox 2009 5071 3594 5143">
     <span class='ocr_line' id='line_1_116' title="bbox 2009 5071 3594 5143; baseline -0.001 -17"><span class='ocrx_word' id='word_1_827' title='bbox 2009 5071 2234 5143; x_wconf 87' lang='lat' dir='ltr'><strong>quorum</strong></span> <span class='ocrx_word' id='word_1_828' title='bbox 2270 5076 2515 5128; x_wconf 69' lang='lat' dir='ltr'><strong>haeresim</strong></span> <span class='ocrx_word' id='word_1_829' title='bbox 2563 5071 2885 5125; x_wconf 85' lang='lat' dir='ltr'><strong>sectabatur</strong></span> <span class='ocrx_word' id='word_1_830' title='bbox 2930 5071 3257 5126; x_wconf 84' lang='lat' dir='ltr'><strong>Marcianus.</strong></span> <span class='ocrx_word' id='word_1_831' title='bbox 3285 5071 3437 5124; x_wconf 68' lang='lat' dir='ltr'><strong>Nihil</strong></span> <span class='ocrx_word' id='word_1_832' title='bbox 3491 5072 3594 5126; x_wconf 88' lang='lat' dir='ltr'><strong>hoc</strong></span> 
     </span>
    </p>
   </div>
   <div class='ocr_carea' id='block_1_117' title="bbox 2013 5143 3587 5210">
    <p class='ocr_par' dir='ltr' id='par_1_117' title="bbox 2013 5143 3587 5210">
     <span class='ocr_line' id='line_1_117' title="bbox 2013 5143 3587 5210; baseline 0 -14"><span class='ocrx_word' id='word_1_833' title='bbox 2013 5147 2128 5200; x_wconf 85' lang='lat' dir='ltr'><strong>loco</strong></span> <span class='ocrx_word' id='word_1_834' title='bbox 2159 5147 2413 5198; x_wconf 83' lang='lat' dir='ltr'><strong>viderunt</strong></span> <span class='ocrx_word' id='word_1_835' title='bbox 2444 5143 2785 5210; x_wconf 87' lang='lat' dir='ltr'><strong>interpretes.</strong></span> <span class='ocrx_word' id='word_1_836' title='bbox 2820 5143 2892 5194; x_wconf 84' lang='lat' dir='ltr'><strong>De</strong></span> <span class='ocrx_word' id='word_1_837' title='bbox 2935 5143 3146 5198; x_wconf 89' lang='lat' dir='ltr'><strong>Docetis</strong></span> <span class='ocrx_word' id='word_1_838' title='bbox 3191 5144 3462 5196; x_wconf 74' lang='lat' dir='ltr'><strong>ltzcreticis</strong></span> <span class='ocrx_word' id='word_1_839' title='bbox 3495 5145 3587 5210; x_wconf 89' lang='lat' dir='ltr'><strong>qui</strong></span> 
     </span>
    </p>
   </div>
   <div class='ocr_carea' id='block_1_118' title="bbox 2006 5213 3593 5280">
    <p class='ocr_par' dir='ltr' id='par_1_118' title="bbox 2006 5213 3593 5280">
     <span class='ocr_line' id='line_1_118' title="bbox 2006 5213 3593 5280; baseline -0.004 -10"><span class='ocrx_word' id='word_1_840' title='bbox 2006 5215 2284 5270; x_wconf 84' lang='lat' dir='ltr'><strong>Christum</strong></span> <span class='ocrx_word' id='word_1_841' title='bbox 2334 5229 2439 5267; x_wconf 92' lang='lat' dir='ltr'><strong>non</strong></span> <span class='ocrx_word' id='word_1_842' title='bbox 2494 5227 2635 5274; x_wconf 86' lang='lat' dir='ltr'><strong>vere,</strong></span> <span class='ocrx_word' id='word_1_843' title='bbox 2667 5213 2759 5265; x_wconf 90' lang='lat' dir='ltr'><strong>sed</strong></span> <span class='ocrx_word' id='word_1_844' title='bbox 2790 5213 3050 5280; x_wconf 89' lang='lat' dir='ltr'><strong>opinione</strong></span> <span class='ocrx_word' id='word_1_845' title='bbox 3092 5221 3302 5266; x_wconf 83' lang='lat' dir='ltr'><strong>tantum</strong></span> <span class='ocrx_word' id='word_1_846' title='bbox 3337 5214 3593 5266; x_wconf 85' lang='lat' dir='ltr'><strong>incarna-</strong></span> 
     </span>
    </p>
   </div>
   <div class='ocr_carea' id='block_1_119' title="bbox 2009 5283 3598 5353">
    <p class='ocr_par' dir='ltr' id='par_1_119' title="bbox 2009 5283 3598 5353">
     <span class='ocr_line' id='line_1_119' title="bbox 2009 5283 3598 5353; baseline -0.003 -14"><span class='ocrx_word' id='word_1_847' title='bbox 2009 5297 2118 5339; x_wconf 87' lang='lat' dir='ltr'><strong>tttttt</strong></span> <span class='ocrx_word' id='word_1_848' title='bbox 2159 5299 2485 5353; x_wconf 80' lang='lat' dir='ltr'><strong>passamque</strong></span> <span class='ocrx_word' id='word_1_849' title='bbox 2513 5297 2636 5337; x_wconf 90' lang='lat' dir='ltr'><strong>esse</strong></span> <span class='ocrx_word' id='word_1_850' title='bbox 2668 5283 3231 5353; x_wconf 77' lang='lat' dir='ltr'><strong>dicebaut,Clent&#39;ens</strong></span> <span class='ocrx_word' id='word_1_851' title='bbox 3265 5284 3598 5337; x_wconf 82' lang='lat' dir='ltr'><strong>Alexandri-</strong></span> 
     </span>
    </p>
   </div>
   <div class='ocr_carea' id='block_1_120' title="bbox 2008 5352 3596 5414">
    <p class='ocr_par' dir='ltr' id='par_1_120' title="bbox 2008 5352 3596 5414">
     <span class='ocr_line' id='line_1_120' title="bbox 2008 5352 3596 5414; baseline -0.001 -7"><span class='ocrx_word' id='word_1_852' title='bbox 2008 5373 2108 5409; x_wconf 90' lang='lat' dir='ltr'><strong>nus</strong></span> <span class='ocrx_word' id='word_1_853' title='bbox 2161 5352 2210 5408; x_wconf 91' lang='lat' dir='ltr'><strong>in</strong></span> <span class='ocrx_word' id='word_1_854' title='bbox 2258 5357 2354 5408; x_wconf 90' lang='lat' dir='ltr'><strong>lib.</strong></span> <span class='ocrx_word' id='word_1_855' title='bbox 2387 5370 2454 5405; x_wconf 87' lang='lat' dir='ltr'><strong>vtt</strong></span> <span class='ocrx_word' id='word_1_856' title='bbox 2493 5353 2800 5414; x_wconf 83' lang='lat' dir='ltr'><strong>Stromalei,</strong></span> <span class='ocrx_word' id='word_1_857' title='bbox 2853 5365 2907 5406; x_wconf 90' lang='lat' dir='ltr'><strong>et</strong></span> <span class='ocrx_word' id='word_1_858' title='bbox 2935 5352 3314 5408; x_wconf 85' lang='lat' dir='ltr'><strong>Theodoretus</strong></span> <span class='ocrx_word' id='word_1_859' title='bbox 3346 5355 3404 5405; x_wconf 75' lang='lat' dir='ltr'><strong>in</strong></span> <span class='ocrx_word' id='word_1_860' title='bbox 3455 5353 3596 5406; x_wconf 84' lang='lat' dir='ltr'><strong>libro</strong></span> 
     </span>
    </p>
   </div>
   <div class='ocr_carea' id='block_1_121' title="bbox 2010 5422 3590 5491">
    <p class='ocr_par' dir='ltr' id='par_1_121' title="bbox 2010 5422 3590 5491">
     <span class='ocr_line' id='line_1_121' title="bbox 2010 5422 3590 5491; baseline -0.003 -14"><span class='ocrx_word' id='word_1_861' title='bbox 2010 5427 2319 5479; x_wconf 81' lang='lat' dir='ltr'><strong>Divinarum</strong></span> <span class='ocrx_word' id='word_1_862' title='bbox 2366 5422 2717 5485; x_wconf 75' lang='lat' dir='ltr'><strong>decretorum,</strong></span> <span class='ocrx_word' id='word_1_863' title='bbox 2760 5440 2883 5491; x_wconf 83' lang='lat' dir='ltr'><strong>cap.</strong></span> <span class='ocrx_word' id='word_1_864' title='bbox 2922 5423 3008 5478; x_wconf 73' lang='grc'><strong>12.</strong></span> <span class='ocrx_word' id='word_1_865' title='bbox 3051 5423 3218 5490; x_wconf 83' lang='lat' dir='ltr'><strong>llujus</strong></span> <span class='ocrx_word' id='word_1_866' title='bbox 3245 5434 3407 5476; x_wconf 73' lang='lat' dir='ltr'><strong>secta:</strong></span> <span class='ocrx_word' id='word_1_867' title='bbox 3437 5424 3590 5491; x_wconf 80' lang='lat' dir='ltr'><strong>priu-</strong></span> 
     </span>
    </p>
   </div>
   <div class='ocr_carea' id='block_1_122' title="bbox 2005 5493 3590 5566">
    <p class='ocr_par' dir='ltr' id='par_1_122' title="bbox 2005 5493 3590 5566">
     <span class='ocr_line' id='line_1_122' title="bbox 2005 5493 3590 5566; baseline -0.003 -18"><span class='ocrx_word' id='word_1_868' title='bbox 2005 5511 2134 5566; x_wconf 90' lang='lat' dir='ltr'><strong>ceps</strong></span> <span class='ocrx_word' id='word_1_869' title='bbox 2157 5497 2256 5548; x_wconf 80' lang='lat' dir='ltr'><strong>fuit</strong></span> <span class='ocrx_word' id='word_1_870' title='bbox 2287 5495 2461 5566; x_wconf 85' lang='lat' dir='ltr'><strong>Julius</strong></span> <span class='ocrx_word' id='word_1_871' title='bbox 2493 5493 2812 5566; x_wconf 80' lang='lat' dir='ltr'><strong>Cassianus,</strong></span> <span class='ocrx_word' id='word_1_872' title='bbox 2842 5503 2898 5566; x_wconf 66' lang='lat' dir='ltr'><strong>ut</strong></span> <span class='ocrx_word' id='word_1_873' title='bbox 2940 5497 3095 5548; x_wconf 90' lang='lat' dir='ltr'><strong>docet</strong></span> <span class='ocrx_word' id='word_1_874' title='bbox 3133 5494 3388 5566; x_wconf 80' lang='lat' dir='ltr'><strong>Clemens</strong></span> <span class='ocrx_word' id='word_1_875' title='bbox 3417 5494 3468 5566; x_wconf 73' lang='lat' dir='ltr'><strong>in</strong></span> <span class='ocrx_word' id='word_1_876' title='bbox 3497 5493 3590 5566; x_wconf 77' lang='lat' dir='ltr'><strong>lib.</strong></span> 
     </span>
    </p>
   </div>
   <div class='ocr_carea' id='block_1_123' title="bbox 2007 5561 3594 5632">
    <p class='ocr_par' dir='ltr' id='par_1_123' title="bbox 2007 5561 3594 5632">
     <span class='ocr_line' id='line_1_123' title="bbox 2007 5561 3594 5632; baseline -0.003 -14"><span class='ocrx_word' id='word_1_877' title='bbox 2007 5561 2086 5619; x_wconf 63' lang='lat' dir='ltr'><strong>Ill:</strong></span> <span class='ocrx_word' id='word_1_878' title='bbox 2147 5567 2220 5618; x_wconf 86' lang='lat' dir='ltr'><strong>De</strong></span> <span class='ocrx_word' id='word_1_879' title='bbox 2273 5567 2354 5618; x_wconf 91' lang='lat' dir='ltr'><strong>his</strong></span> <span class='ocrx_word' id='word_1_880' title='bbox 2410 5565 2712 5616; x_wconf 82' lang='lat' dir='ltr'><strong>Metltudius</strong></span> <span class='ocrx_word' id='word_1_881' title='bbox 2747 5565 2797 5616; x_wconf 89' lang='lat' dir='ltr'><strong>in</strong></span> <span class='ocrx_word' id='word_1_882' title='bbox 2851 5563 3124 5627; x_wconf 79' lang='lat' dir='ltr'><strong>Convivia,</strong></span> <span class='ocrx_word' id='word_1_883' title='bbox 3171 5579 3293 5632; x_wconf 82' lang='lat' dir='ltr'><strong>pag.</strong></span> <span class='ocrx_word' id='word_1_884' title='bbox 3344 5561 3465 5624; x_wconf 79' lang='lat' dir='ltr'><strong>Ii0,</strong></span> <span class='ocrx_word' id='word_1_885' title='bbox 3515 5561 3594 5624; x_wconf 87' lang='grc' dir='ltr'>ὼς</span> 
     </span>
    </p>
   </div>
   <div class='ocr_carea' id='block_1_124' title="bbox 2003 5634 3592 5705">
    <p class='ocr_par' dir='ltr' id='par_1_124' title="bbox 2003 5634 3592 5705">
     <span class='ocr_line' id='line_1_124' title="bbox 2003 5634 3592 5705; baseline -0.003 -16"><span class='ocrx_word' id='word_1_886' title='bbox 2003 5639 2031 5689; x_wconf 83' lang='grc' dir='ltr'>ὁ</span> <span class='ocrx_word' id='word_1_887' title='bbox 2077 5637 2346 5705; x_wconf 75' lang='grc' dir='ltr'>’Δρτεμᾶς</span> <span class='ocrx_word' id='word_1_888' title='bbox 2379 5635 2473 5688; x_wconf 74' lang='grc' dir='ltr'><strong>καὶ</strong></span> <span class='ocrx_word' id='word_1_889' title='bbox 2502 5634 2803 5705; x_wconf 13' lang='grc' dir='ltr'>οίίδοκήσει</span> <span class='ocrx_word' id='word_1_890' title='bbox 2849 5634 3450 5705; x_wconf 14' lang='grc' dir='ltr'>αὑτὸνγάπορηνὰμενοι</span> <span class='ocrx_word' id='word_1_891' title='bbox 3491 5649 3592 5685; x_wconf 87' lang='grc' dir='ltr'>πε-</span> 
     </span>
    </p>
   </div>
   <div class='ocr_carea' id='block_1_125' title="bbox 2007 5703 3482 5774">
    <p class='ocr_par' dir='ltr' id='par_1_125' title="bbox 2007 5703 3482 5774">
     <span class='ocr_line' id='line_1_125' title="bbox 2007 5703 3482 5774; baseline 0.001 -16"><span class='ocrx_word' id='word_1_892' title='bbox 2007 5703 2252 5772; x_wconf 65' lang='grc' dir='ltr'>φυκέὶναιζ</span> <span class='ocrx_word' id='word_1_893' title='bbox 2290 5705 2419 5759; x_wconf 76' lang='lat' dir='ltr'><strong>Vde</strong></span> <span class='ocrx_word' id='word_1_894' title='bbox 2449 5705 2507 5758; x_wconf 79' lang='grc' dir='ltr'>Ρ.</span> <span class='ocrx_word' id='word_1_895' title='bbox 2542 5704 2864 5758; x_wconf 71' lang='lat' dir='ltr'><strong>Ilalluixiunt</strong></span> <span class='ocrx_word' id='word_1_896' title='bbox 2896 5706 2950 5759; x_wconf 92' lang='lat' dir='ltr'><strong>in</strong></span> <span class='ocrx_word' id='word_1_897' title='bbox 3005 5704 3118 5758; x_wconf 80' lang='lat' dir='ltr'><strong>I’ita</strong></span> <span class='ocrx_word' id='word_1_898' title='bbox 3151 5703 3482 5774; x_wconf 62' lang='lat' dir='ltr'><strong>Sdrapionis.</strong></span> 
     </span>
    </p>
   </div>
  </div>
