4012 6256
432 283 532 340 551

1150 277 1420 336 EUSEBII
1457 279 1929 337 CASSABIENSIS
1965 280 2118 340 OPP.
2161 280 2339 337 PARS
2376 281 2420 336 Ι..
2470 311 2492 322 ο-

2568 280 2960 339 lllSTORICA.
3600 280 3722 338 533

433 403 683 474 reperiri.
725 402 887 473 lianc
935 417 1064 458 vero
1099 402 1509 470 inscriptionem
1562 401 1764 458 Paulus
1796 413 2009 472 ap0sto-

2124 405 2297 468 κὸτως
2319 421 2334 437 ο
2401 403 2673 476 Ἑϐραίοις
2718 405 2824 476 γάρ
2859 421 3025 474 φησιν
3057 403 3408 468 ῑπιστέλλων,
3437 403 3722 476 πρόληψιν

433 493 518 549 lus
565 503 713 548 recte
759 504 922 562 atque
963 493 1155 549 ordine
1199 493 1456 547 omissam
1511 493 1681 547 fuisse
1737 494 2011 549 observat.

432 581 567 637 Cum
602 584 749 638 enim
778 582 1021 639 Hebraeis
1053 584 1322 639 scriberet
1350 584 1443 653 qtti
1477 583 1762 638 sinistram
1795 585 1862 638 de
1901 585 2017 654 ipso

433 676 744 746 opinionem
787 676 958 729 multo
988 687 1115 730 ante
1143 675 1543 742 combiberant,
1576 676 1865 745 ipsumque
1891 690 2017 730 sus-

434 776 648 833 pectum
685 764 954 818 habebant
983 779 996 815 :
1030 763 1281 832 prudenti
1299 764 1528 818 consilio
1560 780 1713 830 usus,
1739 764 1862 818 illos
1885 764 2015 818 abs-

438 867 643 910 terrere
667 855 847 909 statim
891 854 957 908 ab
984 853 1139 907 initio
1164 855 1411 923 apposita
1444 855 1682 909 nominis
1709 857 1790 910 sui
1823 856 2017 910 inscri-

431 945 617 1010 ptione
650 943 842 996 noluit.
878 942 1081 997 Deinde
1112 941 1393 1010 aliquanto
1415 955 1541 1014 post
1572 945 1656 1000 his
1689 946 1861 999 utitur
1890 960 2016 999 ver-

431 1035 518 1087 bis
549 1051 564 1089 :
594 1052 612 1085 ι
639 1032 755 1089 Jam
794 1049 961 1100 vero,
1013 1034 1156 1088 sicut
1204 1035 1394 1091 beatus
1448 1035 1666 1090 dicebat
1708 1037 2013 1108 presbyter,

431 1126 649 1195 quando
682 1126 902 1195 quidem
947 1127 1198 1183 dominus
1241 1129 1637 1198 omnipatentis
1666 1131 1757 1184 Dei
1788 1141 2012 1199 aposto-

431 1216 518 1272 lus
544 1218 611 1271 ad
658 1218 909 1275 Hebraeos
946 1220 1148 1273 missus
1189 1218 1367 1274 [itcrat
1391 1258 1406 1285 ,
1440 1236 1552 1290 pra:
1584 1221 1851 1275 modestia
1875 1220 2017 1274 Pau-

430 1310 536 1375 lus,
559 1320 743 1379 utpote
766 1312 856 1381 qui
891 1313 958 1365 ad
992 1323 1183 1378 gentes
1210 1325 1330 1368 erat
1362 1315 1627 1380 directus,
1663 1312 2012 1369 Hebraeorum

428 1402 735 1466 apostolum
772 1414 830 1454 se
865 1401 1088 1458 minime
1121 1402 1288 1474 216
1328 1404 1596 1469 inscribit,
1625 1413 1735 1459 tum
1766 1405 1836 1460 ob
1858 1421 2011 1460 suam
2047 1427 2067 1444 κ

429 1507 558 1563 erga
605 1493 893 1546 Dominum
938 1498 1301 1549 reverentiam
1332 1535 1346 1561 ,
1383 1507 1495 1551 tum
1551 1497 1694 1566 quod
1730 1498 1807 1552 ex
1843 1500 2016 1552 abun-

430 1584 579 1636 danti
624 1586 690 1638 ad
721 1584 977 1641 Hebraeos
1011 1588 1123 1655 ipse
1161 1588 1404 1657 gentium
1441 1604 1623 1658 praeco
1652 1598 1708 1644 et
1736 1590 2014 1659 apostolus

428 1674 714 1728 scriberet.
747 1694 766 1727 ›
805 1677 910 1729 Sed
951 1687 1004 1731 et
1044 1679 1098 1731 in
1133 1677 1322 1731 iisdem
1355 1679 1514 1734 libris
1558 1678 1811 1734 Clemens
1840 1680 2010 1734 tradi-

2119 496 2364 567 εἰληφόσι
2393 498 2513 550 κατ’
2539 495 2731 555 αὑτοῦ,
2766 496 2862 549 καὶ
2902 494 3299 549 ὑποπτεύουσιν
3349 495 3534 560 αὐτὸν,
3579 512 3721 548 συντ

2118 588 2257 653 ετῶς
2292 588 2432 642 πάνυ
2459 589 2559 642 ούκ
2584 590 2642 642 ὲν
2673 590 2815 661 ἀρχῇ
2850 587 3192 659 ἀπέστρεψεν
3217 587 3414 651 αὐτοὺς
3443 585 3508 641 τὺ
3536 587 3722 657 ὄνομα

2118 680 2252 745 θείς.
2286 678 2420 735 Εἶτα
2452 681 2659 745 ὑποϐὰς
2683 681 2922 750 ἐπιλέγει
2949 698 2963 711 θ
3016 699 3036 732 ι
3094 679 3236 751 Ἤδη
3264 679 3321 732 δὲ
3355 680 3432 744 ὼς
3464 683 3494 734 6
3528 682 3719 750 μακά-

2122 789 2235 844 ριος
2280 772 2433 840 ἔλεγε
2482 770 2873 843 πρεσϐύτερος,
2911 770 3034 823 ἐπεὶ
3083 770 3112 822 6
3159 769 3362 840 Κύριος
3408 770 3721 836 ἀπόστολος

2117 862 2192 917 ὢν
2233 865 2327 918 τοῦ
2373 863 2841 935 Παντοκράτορος,
2880 861 3161 933 ἀπεστάλη
3207 862 3345 933 πρὸς
3395 861 3719 933 Ἑϐραίους,

2116 955 2203 1009 διὰ
2234 956 2560 1027 μετριότητα
2583 957 2610 1008 6
2642 954 2872 1019 Παῦλος,
2899 954 2974 1019 ὡς
2995 953 3061 1007 ἂν
3083 956 3165 1018 εἰς
3190 954 3260 1008 τά
3284 953 3413 1024 ἔθνη
3434 952 3718 1007 ἀπεσταλ-

2121 1048 2301 1118 μένος,
2347 1047 2447 1101 ούκ
2489 1046 2756 1119 ἐγγράφει
2811 1045 3003 1099 ἑαυτὸν
3055 1044 3321 1116 Ἐϐραίων
3373 1044 3717 1109 ἀπόστολον,

2116 1139 2202 1194 διά
2230 1156 2289 1192 τε
2316 1140 2416 1210 τὴν
2446 1139 2583 1210 πρὸς
2617 1137 2709 1193 τὸν
2772 1138 2974 1206 Κύριον
3043 1138 3227 1208 τιμὴν,
3293 1137 3382 1191 διά
3415 1155 3484 1190 τε
3518 1137 3580 1190 τὺ
3642 1139 3715 1189 ὲκ

2117 1231 2433 1302 περιουσίας
2482 1230 2577 1283 καὶ
2631 1232 2741 1294 τοῖς
2800 1230 3071 1301 Ἑϐραίοις
3123 1229 3481 1293 ἐπιστέλλειν,
3530 1221 3716 1293 ἐθνῶν

2116 1324 2332 1398 κήρυκα
2355 1322 2483 1376 ὄντα
2504 1322 2599 1377 καὶ
2621 1322 2938 1376 ἀπόστολον.
2976 1341 2996 1375 ι
3025 1318 3190 1385 Αὖθις
3208 1322 3252 1376 δ’
3286 1323 3345 1375 ὲν
3377 1325 3489 1385 τοῖς
3520 1321 3719 1383 αὐτοῖς

2115 1419 2144 1470 6
2176 1416 2408 1488 Κλήμης
2442 1415 2667 1487 βιϐλίοις
2722 1417 2851 1488 περὶ
2899 1416 3002 1487 τῆς
3048 1415 3255 1480 τάξεως
3292 1414 3405 1469 τῶν
3457 1415 3718 1485 Εὐάγγε-

2117 1506 2245 1560 λίων
2276 1508 2572 1581 παράδοσιν
2604 1507 2713 1561 τῶν
2741 1506 3004 1562 ἀνέκαθεν
3027 1507 3412 1581 πρεσϐυτέρων
3438 1507 3713 1573 τέθειται,

2114 1599 2303 1654 τοῦτον
2329 1600 2557 1671 ἔχουσαν
2581 1601 2673 1654 τὸν
2694 1601 2942 1673 τρόπον.ι
2957 1600 3381 1673 Προγεγράφθαι
3398 1601 3713 1671 ἐλεγεν(9ῦ)

2115 1693 2224 1747 τῶν
2258 1693 2607 1763 Εύαγγελίων
2637 1693 2708 1748 τὰ
2740 1693 3062 1766 περιέχοντα
3088 1693 3189 1758 τὰς
3222 1694 3595 1764 γενεαλογίας.
3635 1694 3716 1749 Τδ

427 1766 956 1836 tionem'quamdam
992 1770 1058 1823 de
1092 1771 1285 1824 ordine
1330 1771 1755 1842 Erangeliorum
1786 1788 1949 1842 quam
1981 1789 2010 1825 a

2116 1785 2170 1838 δὲ
2203 1785 2345 1840 κατὰ
2376 1761 2624 1856 Μάρκον,
2646 1836 2649 1845 ,
2672 1761 2875 1857 ταύτην
2900 1761 3195 1856 ἔσχηκέναι
3232 1761 3333 1857 τὴν
3365 1761 3711 1856 οἰκονομίαν.

424 1860 818 1915 vetustioribus
851 1864 1187 1932 presbyteris
1226 1875 1544 1932 acceperat,
1578 1866 1748 1921 refert
1779 1867 1831 1920 in
1862 1867 2008 1923 hunc

431 1951 676 2002 modum.
703 1968 722 2000 ι
762 1948 987 2005 Dicebat
1017 1966 1082 2006 ex
1114 1952 1444 2022 Evangeliis,
1476 1955 1628 2023 prius
1651 1954 1856 2024 scripta
1883 1969 2009 2010 esse

427 2039 519 2095 illa
555 2056 678 2110 qua:
715 2042 915 2096 seriem
958 2043 1174 2112 generis
1207 2040 1474 2099 Dominici
1513 2045 1817 2103 continent.
1842 2045 2010 2103 Marci

429 2139 612 2184 autem
655 2130 1010 2201 Evangelium
1055 2147 1124 2187 ex
1169 2132 1478 2203 hujusmodi
1531 2135 1827 2192 occasione
1873 2137 2013 2192 scri-

428 2233 576 2292 ptum
622 2224 810 2279 fuisse.
856 2223 990 2278 Cum
1041 2224 1236 2281 l’etrns
1276 2227 1331 2280 in
1379 2228 1515 2283 urbe
1563 2227 1737 2283 Roma
1784 2230 2010 2284 verbum

425 2314 521 2370 Dei
550 2316 770 2385 publice
814 2317 1187 2387 praedicasset.
1215 2326 1271 2373 ct
1307 2318 1516 2388 Spiritu
1557 2331 1749 2377 sancto
1796 2319 2010 2377 afﬂatus

426 2408 776 2478 Evangelium
813 2410 1215 2480 promulgasset
1236 2451 1251 2476 ,
1293 2411 1450 2466 multi
1484 2413 1578 2482 qui
1608 2413 1839 2468 aderant
1863 2413 2009 2468 Mar-

426 2516 558 2555 cum
592 2501 861 2555 cohortati
906 2511 1032 2557 sunt
1054 2542 1068 2569 ,
1103 2513 1291 2572 utpote
1317 2506 1411 2574 qui
1446 2501 1665 2558 Petrum
1686 2503 2009 2574 jamdudum

422 2615 666 2663 sectatus
697 2609 922 2677 fuisset,
961 2620 1016 2664 et
1045 2611 1190 2665 dicta
1229 2611 1347 2681 ejus
1387 2612 1649 2666 memoria
1685 2621 1914 2678 teneret,
1949 2621 2009 2666 ut

425 2729 544 2782 quae
569 2716 637 2769 ab
668 2715 914 2784 apostolo
942 2717 1233 2785 przedicata
1260 2726 1421 2772 erant
1443 2719 1836 2775 conscriberet.
1870 2719 2012 2775 alar-

425 2836 524 2875 cus
572 2821 737 2890 igitur
780 2820 1131 2893 Evangelium
1180 2824 1505 2894 composuit,
1531 2825 1703 2894 iisque
1744 2823 1835 2897 qui
1877 2825 2011 2881 illud

427 2931 498 2983 ab
530 2930 646 2999 ipso
671 2930 936 2998 rogabant
974 2930 1253 2998 impertiit.
1289 2929 1443 2996 Quod
1478 2945 1605 2984 cum
1636 2929 1830 2987 Petrus
1856 2947 2004 2988 com-

427 3033 680 3104 perisset,
712 3049 811 3088 nec
855 3034 1131 3102 prohibuit
1177 3035 1399 3089 omnino
1446 3051 1557 3090 rem
1606 3036 1721 3091 fieri
1748 3079 1764 3104 ,
1797 3054 1897 3093 nec
1948 3049 2009 3096 ιιι

429 3138 588 3193 ﬁeret
643 3138 909 3192 incitavit.
958 3139 1029 3192 At
1065 3140 1323 3204 Joannes,
1373 3141 1620 3195 omnium
1673 3152 2005 3211 postremus,

2112 1876 2220 1930 Τοῦ
2248 1877 2456 1949 Πέτρου
2480 1877 2718 1949 δημοσίᾳ
2741 1879 2799 1930 ὲν
2832 1876 3019 1951 Ῥώμῃ
3042 1877 3380 1950 κηρύξαντος
3400 1879 3490 1933 τὸν
3511 1878 3710 1946 Λόγον,

2112 1972 2207 2028 καὶ
2260 1971 2539 2043 Πνεύματι
2574 1969 2636 2023 τὸ
2666 1970 2994 2040 Εύαγγέλιον
3041 1969 3366 2035 ἐξειπόντος,
3400 1972 3528 2036 τοὺς
3565 1990 3730 2043 παρο.

2111 2061 2271 2123 όντας
2331 2057 2555 2121 πολλοὺς
2594 2055 2767 2121 ὄντας
2811 2056 3190 2129 παρακαλέσαι
3224 2056 3314 2110 τὸν
3347 2060 3592 2131 Μάρκον,
3630 2062 3716 2124 ὡς

2111 2152 2177 2206 ἂν
2226 2149 2665 2220 ἀκολουθήσαντα
2710 2147 2859 2220 αύτῷ
2894 2149 3177 2220 πόρρωθεν
3210 2149 3319 2220 (91)
3352 2151 3448 2204 καὶ
3491 2168 3701 2222 μεμνηο

2115 2240 2274 2311 μένον
2329 2238 2440 2293 τῶν
2493 2238 2793 2310 λεχθέντων
2819 2280 2832 2304 ,
2904 2238 3220 2311 ἀναγράψαι
3272 2239 3345 2293 τὰ
3398 2241 3710 2311 εἰρημένα.

2114 2331 2416 2402 ποιήσαντα
2460 2329 2520 2383 δὲ
2582 2330 2643 2383 τὸ
2685 2330 3043 2400 Εὑαγγέλιον,
3091 2330 3414 2402 μεταδοῦναι
3448 2333 3562 2395 τοῖς
3589 2332 3713 2385 δεο-

2114 2424 2297 2494 μένοις
2355 2422 2541 2477 αὺτοῦ.
2587 2423 2763 2496 Ὅπερ
2812 2423 3101 2493 ἐπιγνόντα
3134 2423 3226 2477 τὸν
3285 2423 3512 2495 Πέτρον,
3573 2441 3713 2495 προ-

2110 2513 2421 2585 τρεπτικῶς
2474 2516 2614 2587 μήτε
2650 2514 2891 2570 κωλῦσαι
2924 2514 3043 2591 ,(92)
3096 2516 3232 2586 μήτε
3268 2514 3706 2588 προτρέψασθαι.

2112 2608 2217 2660 Τὸν
2247 2607 2429 2679 μέντοι
2463 2607 2716 2679 Ἰωάννην
2745 2607 3279 2677 ἕσχατονεσυνιδόντα
3309 2607 3485 2661 ὅτιτά
3514 2625 3711 2679 σωμαο

2111 2699 2239 2754 τικά
2288 2702 2347 2752 ἐν
2403 2702 2515 2762 τοῖς
2563 2699 2913 2768 Εὐαγγελίοις
2953 2698 3267 2770 δεδήλωται,
3318 2700 3709 2771 προτραπέντα

2112 2791 2219 2845 ὑπὸ
2263 2791 2371 2844 τῶν
2423 2791 2717 2864 γνωρίμων
2766 2791 2900 2862 (95),
2947 2790 3224 2861 Πνεύματι
3281 2791 3706 2864 θεοφορηοέντα,

2111 2883 2477 2955 πνευματικὸν
2524 2884 2744 2954 ποιῆσαι
2776 2883 3123 2952 Εὐαγγέλιον.
3158 2904 3177 2936 ι
3221 2884 3470 2937 Τοσαῦτα
3493 2886 3522 2937 6
3556 2884 3710 2955 Κλή-

2114 2992 2241 3047 μης.
2279 2974 2446 3029 Πάλιν
2472 2974 2515 3027 δ’
2553 2977 2581 3029 ὁ
2613 2975 2873 3046 δη).ωΘε“ις
2918 2973 3279 3047 Ἀλέξανδρος,
3314 2975 3409 3028 τοῦ
3450 2976 3711 3046 Κλήμεν-

2115 3085 2229 3136 τος,
2257 3068 2373 3139 ἅμα
2392 3068 2449 3121 δὲ
2471 3069 2565 3122 καὶ
2595 3068 2688 3121 τοῦ
2735 3068 3033 3122 Πανταίνου
3075 3068 3132 3122 ἐν
3160 3085 3266 3122 τινι
3304 3069 3440 3140 πρὸς
3487 3068 3708 3139 Ὠριγέ-

2119 3178 2216 3232 νην
2246 3160 2502 3231 ἐπιστολῇ
2535 3159 2881 3232 μνημονεύει,
2904 3160 2979 3224 ὡς
3000 3158 3064 3230 δὴ
3097 3159 3390 3231 γνωρίμων
3429 3159 3580 3232 αὐτῷ
3610 3176 3711 3242 γε·

428 3245 553 3285 cum
586 3230 795 3285 videret
832 3231 884 3283 in
923 3231 1149 3284 aliorum
1197 3231 1501 3303 Evangeliis
1525 3248 1588 3287 ea
1623 3249 1745 3303 qua:
1776 3235 1842 3289 ad
1878 3251 2009 3290 cor-

2117 3230 2357 3323 vopévwv
2383 3230 2501 3306 τῶν
2516 3230 2747 3323 άνδρῶν.
2773 3253 2978 3325 Γράφει
3004 3253 3061 3306 δὲ
3090 3230 3296 3316 οὔτως·
3345 3272 3365 3305 ι
3397 3230 3570 3307 Τοῦτο
3594 3233 3707 3325 γάρ

426 3337 532 3393 pus
560 3323 761 3379 Christi
791 3326 1063 3393 pertinent
1105 3325 1303 3378 tradita
1332 3340 1472 3391 esse,
1513 3327 1625 3397 ipse
1664 3328 1849 3382 divino
1887 3327 2012 3397 Spi-

426 3428 537 3482 ritu
580 3425 792 3482 aﬂlatus
818 3429 1064 3497 spiritale
1105 3429 1454 3499 Evangeliutn
1493 3430 1845 3485 fatuiliarium
1880 3446 2010 3486 suo-

428 3551 552 3589 rum
575 3544 769 3605 rogatu
801 3535 1149 3605 conscripsit.
1188 3554 1207 3588 ι
1237 3534 1509 3591 Hactenus
1533 3536 1805 3592 Clemens.
1837 3536 2009 3593 Porro

427 3638 742 3695 Alexander
774 3639 821 3693 is
865 3637 934 3693 de
965 3654 1074 3708 quo
1107 3638 1363 3707 superius
1394 3638 1657 3705 diximus,
1687 3643 1741 3693 in
1777 3640 2012 3709 quadam

430 3744 501 3799 ad
535 3743 827 3815 Origenem
857 3744 1109 3814 epistola,
1145 3743 1441 3800 Clementis
1484 3745 1646 3800 simul
1678 3759 1743 3800 ac
1766 3744 2012 3799 Pantteni

430 3860 688 3921 tanquam
719 3850 1072 3907 familiarium
1109 3867 1336 3907 suorum
1370 3853 1705 3907 mentionem
1755 3850 1889 3907 facit
1928 3851 2015 3906 his

429 3959 656 4013 verbis:
692 3976 710 4009 ι
747 3955 874 4013 llaec
918 3959 1060 4012 enim
1124 3958 1219 4013 Dei
1259 3958 1513 4014 voluntas
1563 3958 1689 4024 fuit,
1736 3969 1796 4012 ut
1841 3958 2014 4025 nosti,

428 4079 540 4134 quo
568 4063 806 4118 amicitia
833 4074 1017 4119 nostra
1047 4064 1159 4133 jam
1195 4064 1319 4118 inde
1346 4078 1377 4117 ιι
1406 4062 1704 4132 majoribus
1732 4063 2006 4129 inchoata,

427 4183 591 4225 sacra
625 4179 788 4238 atque
825 4168 1082 4222 inviolata
1131 4176 1397 4235 maneret,
1441 4168 1550 4224 imo
1604 4169 1902 4225 ferventior
1944 4183 2010 4225 ac

2119 3345 2214 3398 καὶ
2260 3342 2471 3415 θέλημα
2520 3343 2677 3408 Θεοῦ,
2725 3343 2800 3408 ὡς
2855 3340 3020 3409 οἶδας,
3071 3345 3317 3414 γέγονεν,
3371 3346 3458 3398 ἵνα
3507 3347 3541 3417 ἡ
3597 3346 3708 3403 ἀπὺ

2120 3436 2397 3506 προγόνων
2438 3437 2567 3507 ἡμῖν
2611 3435 2762 3504 φιλία
2802 3435 2935 3505 μένῃ
2969 3434 3166 3499 ἄσυλος
3189 3453 3202 3465 θ
3242 3435 3441 3505 μᾶλλον
3488 3436 3545 3489 δὲ
3578 3435 3708 3508 θερ-

2123 3524 2385 3604 μοτέραῇ
2432 3530 2526 3582 καὶ
2562 3525 2899 3599 βεϐαιοτέρα.
2955 3529 3203 3600 Πατέρας
3235 3529 3345 3601 γὰρ
3379 3529 3536 3601 ἴσμεν
3575 3531 3707 3595 τοὺς

2123 3620 2422 3694 μακαρίους
2461 3619 2702 3684 ἐκείνους
2747 3622 2872 3684 τοὺς
2921 3619 3375 3692 προοδεύσαντας,
3427 3621 3563 3694 πρὸς
3610 3620 3710 3686 οὓς

2122 3712 2238 3783 μετ’
2274 3711 2453 3780 ὀλίγον
2497 3710 2755 3782 ἐσόμεθα,
2823 3711 3124 3765 Πάνταινον
3168 3711 3260 3764 τὸν
3307 3710 3580 3783 μακάριον
3627 3712 3709 3777 ὡς

2117 3803 2332 3875 ἀληθῶς
2364 3802 2458 3857 καὶ
2486 3802 2697 3875 κύριον,
2736 3803 2832 3856 καὶ
2867 3802 2957 3857 τον
2995 3802 3139 3874 ἱερὸν
3174 3802 3469 3873 Κλήμεντά
3512 3802 3705 3874 κύριόν

2121 3911 2220 3966 μου
2260 3894 2548 3964 γενόμενον
2582 3894 2675 3947 καὶ
2704 3892 3063 3965 ὡφελήσαντά
3098 3911 3185 3965 με,
3213 3895 3307 3948 acati.
3328 3894 3487 3958 εἴτις
3519 3895 3709 3968 ἕτερος

2114 3985 2377 4049 τοιοῦτος,
2401 3984 2467 4039 δι’
2498 3977 2572 4040 ὧν
2607 4001 2666 4037 σε
2688 3983 2959 4056 ἐγνώρισα
2988 3985 3080 4039 τὸν
3102 3985 3243 4039 κατὰ
3273 3986 3450 4040 πάντα
3479 3986 3707 4059 ἄριστον

2116 4078 2211 4130 καὶ
2242 4075 2430 4148 κύριόν
2464 4094 2564 4148 μου
2582 4078 2676 4130 καὶ
2697 4077 2940 4147 ἀδελφόν.
2981 4096 2998 4127 ι
3029 4077 3140 4130 Καὶ
3168 4077 3341 4131 ταῦτα
3381 4078 3481 4150 μὲν
3514 4078 3706 4134 τοιαῦ-

2116 4186 2202 4222 τα.
2265 4170 2323 4223 '0
2346 4168 2495 4238 γέτοι
2571 4168 2945 4241 Ἀδαμάντιος,
2996 4167 3090 4223 καὶ
3145 4168 3304 4223 τοῦτο
3349 4170 3457 4242 γὰρ
3513 4166 3589 4243 ἦν
3622 4168 3711 4240 τῷ

526 4323 617 4403 90)
635 4323 1080 4403 Προγεγράξθαι
1099 4322 1332 4403 ἔλεγεν.
1357 4321 1765 4403 lnﬂcode‘Maz.
1778 4363 1794 4387 ,
1807 4322 1946 4403 Med.
1965 4331 2013 4378 cl

2129 4324 2480 4403 remus,_l_uee
2509 4323 2651 4378 inter
2693 4339 2895 4403 sennon
2943 4324 3345 4403 pugnant._.Ait
3389 4326 3544 4403 enim
3581 4326 3706 4383 Cle-

427 4392 570 4451 Fuk.
599 4392 1042 4466 ’προγεγράφθαι
1095 4392 1333 4463 ἐλέγετο.
1403 4392 1506 4449 Sed
1573 4394 1758 4463 ἔλεγεν
1812 4396 2020 4450 rectius

429 4466 711 4524 scribitur.

504 4538 617 4609 (9U
640 4537 971 4609 Πόῤῥῳθεν.
1006 4534 1113 4589 Pro
1140 4537 1244 4590 hac
1274 4550 1407 4609 voce
1438 4535 1776 4609 Nicephorus
1809 4534 2013 4609 substi-

429 4605 537 4664 tuit
562 4609 627 4661 ὲκ
658 4608 878 4667 πολλοῦ.
912 4615 966 4659 et
990 4622 1112 4659 cum
1143 4608 1390 4675 sequenti
1419 4605 1582 4663 verbo
1609 4608 1891 4677 conjunxit
1913 4605 2014 4659 hoc

431 4681 616 4737 tnodo.
653 4679 746 4732 καὶ
779 4679 844 4730 ἐκ
875 4676 1071 4749 πολλοῦ
1110 4677 1480 4749 μεμνημένον.

504 4749 617 4818 (92)
652 4744 1591 4817 ΙΙροτρεπτικῶς’μῆτε’ὸιωλῦσαι.
1616 4749 1693 4801 Ita
1722 4746 1920 4816 legitur
1957 4744 2011 4800 in

431 4820 685 4874 omnibus
721 4821 902 4883 libris,
931 4831 985 4871 et
1030 4822 1171 4888 apud
1199 4818 1585 4887 Nicephorum.
1616 4818 2010 4885 Christophor-

432 4905 602 4945 sonus
628 4900 806 4942 tamen
843 4889 1104 4943 audacter
1130 4892 1384 4949 mutavit.
1406 4890 1532 4958 quia
1562 4890 2014 4958 scilicetcyange-

430 4959 550 5014 lica!
591 4961 904 5013 auctoritati
947 4959 1061 5013 haec
1098 4960 1375 5012 adversari
1424 4956 1763 5011 videbantur.
1814 4956 1921 5010 Sed
1954 4966 2011 5009 et

430 5029 699 5097 Eusebius
732 5030 845 5097 ipse
885 5029 937 5080 id
980 5029 1136 5081 aliter
1157 5029 1338 5081 retulit
1362 5043 1536 5097 supra
1571 5028 1623 5080 in
1658 5028 1753 5081 lib.
1774 5040 1851 5097 fit,
1887 5041 2007 5094 cap.

435 5098 522 5153 M.
559 5096 676 5150 ιιιεο
706 5096 850 5149 enim
876 5097 1079 5151 diserte
1107 5099 1322 5161 scribit,
1356 5096 1579 5151 Petrum
1613 5112 1736 5150 cum
1771 5096 2015 5164 Evange-

433 5168 567 5220 lium
601 5176 789 5236 rogatu
827 5167 1055 5220 fratrum
1085 5170 1175 5236 qui
1202 5168 1387 5221 Ruina:
1413 5176 1594 5228 erant,
1622 5183 1650 5218 a
1672 5167 1856 5219 Marco
1881 5181 2013 5218 con-

432 5238 703 5305 scriptmn
747 5252 868 5291 csse
909 5239 1211 5305 didicisset,
1254 5254 1522 5306 propenso
1566 5237 1784 5291 illorum
1831 5236 2011 5289 studio

434 5319 761 5378 magnopere
795 5307 1127 5378 delectatum
1173 5323 1318 5370 esse,
1363 5319 1414 5361 et
1475 5307 1828 5378 Evangelium
1882 5306 2011 5378 illud

435 5388 597 5445 prout
626 5376 728 5445 ipsi
762 5379 1059 5431 revelatum
1109 5376 1286 5432 fuerat
1329 5376 1708 5439 couiirtnaSSC.
1772 5376 2013 5430 auxisse-

434 5455 623 5518 queut
654 5446 993 5518 inEcclesiis
1027 5449 1331 5518 legeretur;
1350 5448 1612 5518 iidqneita
1638 5448 1866 5501 relatum
1892 5461 2014 5501 esse

436 5516 627 5589 scribit
649 5517 981 5589 :LCIeInente
1004 5518 1056 5570 in
1092 5517 1184 5570 ιιι).
1228 5534 1276 5571 vt
1312 5516 1743 5589 Ηῃετνὸιυροεεοη,
1776 5518 1859 5574 eui
1891 5523 2013 5589 sub-

434 5586 629 5639 scribit
666 5584 857 5653 Papias
897 5584 1384 5656 llierapolitanusf
1407 5584 1680 5643 Iltc‘vero
1715 5588 2013 5641 Clementis

434 5655 599 5707 \‘ct‘bzt
633 5669 697 5707 ex
729 5658 917 5709 eodem
945 5655 1081 5710 libro
1110 5660 1350 5711 referens
1378 5658 1669 5717 Eusebius,
1694 5658 1859 5710 aliter
1886 5672 2008 5710 eum

437 5721 746 5788 loquentem
772 5725 995 5781 inducit.
1031 5727 1228 5782 Verum
1264 5729 1310 5784 si
1340 5744 1454 5783 rem
1485 5729 1745 5783 attentius
1771 5727 2044 5800 conside-4

2125 4411 2302 4466 tuens,
2347 4393 2566 4448 Petrum
2603 4409 2723 4447 cum
2760 4393 3102 4466 Evangeliunt
3147 4410 3175 4446 ιι
3210 4395 3392 4450 Marco
3439 4397 3704 4466 scriptum

2123 4465 2439 4533 editumque
2458 4479 2582 4518 esse
2604 4464 2967 4533 cognovisset,
2996 4465 3173 4532 palam
3198 4480 3298 4519 nec
3316 4464 3575 4530 vetuisse,
3605 4483 3706 4522 nec

2115 4534 2391 4588 laudasse.
2425 4533 2563 4587 Rem
2593 4535 2755 4603 igitur
2796 4535 2961 4589 tacito
2995 4549 3265 4588 consensu
3302 4538 3702 4601 comprobavit.

2112 4607 2290 4676 Atque
2332 4605 2404 4656 ita
2437 4602 2784 4676 concilianda
2811 4613 2939 4658 sunt
2965 4604 3082 4658 lure
3107 4607 3212 4676 dno
3237 4605 3372 4669 loca,
3405 4620 3529 4676 qua:
3551 4607 3706 4661 Chri-

2116 4675 2518 4741 stophorsonus
2554 4674 2699 4728 inter
2734 4690 2793 4727 se
2839 4690 3080 4744 pugnare
3117 4674 3475 4729 existimavit.
3509 4677 3614 4731 Sed
3646 4689 3704 4731 et

2118 4745 2353 4798 llnlinns
2376 4746 2633 4798 eumdem
2675 4760 2893 4797 Sensum
2927 4757 3144 4798 secutus
3177 4756 3282 4811 est,
3313 4762 3435 4798 cum
3469 4747 3540 4799 ita
3578 4762 3703 4799 vcr-

2117 4816 2183 4869 tit
2222 4833 2236 4868 :
2269 4813 2499 4883 Cumque
2530 4814 2730 4885 factum
2767 4813 2955 4867 Petrus
2980 4817 3321 4882 postmodum
3344 4818 3700 4884 coguorissel,

2115 4889 2232 4938 licet
2255 4885 2374 4952 ﬁeri
2401 4889 2568 4951 nsum
2597 4901 2699 4938 non
2726 4886 2966 4953 jusserit,
2999 4895 3171 4937 tanien
3203 4885 3402 4952 factum
3444 4901 3546 4938 non
3579 4904 3706 4953 pro-

2114 4956 2304 5009 hibuit.
2332 4954 2451 5008 Non
2480 4957 2656 5022 potuit
2679 4956 2870 5009 melius
2911 4956 3141 5023 exprimi
3172 4957 3484 5009 Clementis
3526 4957 3699 5011 locus.

2115 5026 2284 5080 Porro
2310 5026 2362 5077 in
2394 5025 2588 5078 Graeco
2619 5025 2966 5097 scribendum
3001 5025 3218 5078 videtur
3241 5025 3557 5097 προφανῶς,
3592 5042 3700 5080 non

2115 5108 2292 5148 autent
2329 5095 2774 5167 προτρεπτικῶς.
2810 5093 3066 5167 Fortasse
3092 5093 3506 5167 antem'lfapias
3542 5112 3703 5166 aper-

2119 5165 2674 5234 tinsJocutusfuerat
2705 5179 2867 5233 quam
2892 5166 3175 5229 Clemens,
3215 5176 3272 5219 et
3308 5165 3474 5220 Marci
3526 5165 3702 5221 Evan-

2113 5237 2315 5306 gt-lintn
2341 5254 2368 5287 ιι
2396 5237 2555 5289 Petro
2579 5235 3154 5306 contirinatnmAl'uisse
3180 5237 3411 5290 dixerat.

2186 5304 2298 5378 (95)
2329 5303 2891 5378 Προτραπὲντα-ὐπὸ
2914 5303 3034 5357 τῶν
3067 5305 3703 5378 γνωρίμωνη-Ιίῐοιῡιῃο-

2115 5374 2237 5430 tntis
2273 5374 2325 5429 in
2372 5375 2697 5445 Pra'fatioue
2731 5374 3252 5445 Commentariorum
3284 5380 3339 5429 in
3383 5374 3698 5430 Μιιιιίιιιέιὶη

2115 5449 2181 5500 de
2229 5445 2438 5500 Joanne
2491 5444 2737 5513 loquens,
2786 5448 2867 5498 sic
2914 5448 2992 5497 ait
3038 5444 3461 5499 :Ecclesiaslica
3510 5456 3699 5501 narrat

2114 5517 2356 5579 historia,
2390 5532 2506 5569 cum
2541 5534 2572 5567 (ι
2616 5515 2876 5583 fratribus
2907 5524 3269 5584 cogeretnr'ut
3303 5517 3571 5580 scriberet,
3614 5516 3699 5571 ita

2115 5586 2379 5655 [ucturum
2399 5602 2452 5638 se
2466 5586 2814 5653 respondisse,
2834 5585 2877 5638 si
2897 5587 3088 5655 indicto
3098 5585 3306 5655 jejunio
3323 5588 3377 5639 in
3395 5602 3698 5639 communes

2082 5662 2087 5667 ’
2115 5670 2291 5707 omnes
2325 5654 2488 5708 Deum
2518 5656 2946 5723 deprecarentur.
2983 5654 3097 5717 Quo
3122 5659 3350 5724 πρίαιο,
3382 5656 3698 5709 reuelatione

2115 5734 2407 5790 saturatas,
2441 5726 2573 5778 illud
2602 5741 2913 5801 promicant
2953 5742 2980 5780 ε
3014 5734 3141 5779 celo
3183 5727 3388 5781 vcuieus
3417 5725 3694 5781 eruclavit.
