4012 6256
315 279 418 338 ε,δῦ
859 280 871 293 ·
1310 271 1656 329 HISTORLE
1694 271 2250 333 ECCLESIASTICE
2287 277 2415 332 LIB.
2463 276 2552 334 Vl.
3470 281 3576 340 556

321 399 595 472 Ὦριγένει
629 395 820 468 ὄνομα,
875 392 1168 465 Ζεφυρὶνου
1210 392 1351 448 κατά
1385 392 1576 448 τούσδε
1623 395 1747 458 τοὺς
1779 395 1904 467 χρό-

2017 395 2217 451 lirmior
2243 395 2582 451 redderetur.
2618 393 2807 450 Patres
2829 395 3394 468 quippe'agnoscimus
3436 396 3571 450 bea-

311 508 442 556 νους
475 490 576 563 τῆς
616 489 904 560 Ῥωμαίων
965 485 1289 558 Ἐκκλησίας
1336 487 1659 558 ἡγουμένου,
1708 487 1898 560 ἐπιδη-

2017 499 2092 544 Ios
2117 489 2236 544 illos
2270 491 2358 559 qui
2394 489 2541 543 viam
2567 489 2726 544 nobis
2767 492 3122 559 prmiverunt,
3161 499 3216 546 et
3241 507 3378 561 quos
3419 487 3574 542 brevi

317 583 494 655 μῆσαι
525 584 592 653 τῇ
638 579 825 652 Ῥώμῃ
851 577 959 649 (94)
989 577 1081 630 καὶ
1121 576 1282 640 αὐτὸς
1311 593 1414 629 που
1449 577 1668 647 γράφει,
1706 576 1898 646 λέγων·

2017 582 2245 637 secuturi
2277 597 2497 648 sumus;
2527 581 2848 638 Pantaenum
2882 581 3090 636 scilicet
3112 597 3238 637 vere
3262 583 3476 638 beatum
3512 595 3576 631 ac

315 677 615 747 εὐξάμενος
654 671 752 744 τὴν
808 669 1172 742 ἀρχαιοτάτην
1241 668 1526 738 Ῥωμαίων
1579 669 1904 741 Ἐκκλησίαν

2017 673 2276 729 lominum
2307 690 2483 730 meum
2511 697 2522 730 :
2560 683 2615 730 et
2646 683 2892 730 sanctum
2924 673 3257 730 Clementem
3289 675 3573 732 dominum

322 768 474 822 ἰδεῖν·
523 765 652 819 ἔνθα
713 765 771 817 οὐ
824 763 956 818 πολὺ
1009 760 1311 834 διατρίψας,
1362 760 1637 815 ἐπάνεισιν
1682 762 1760 824 εἰς
1804 761 1902 834 τὴν

2024 775 2125 820 tem
2161 782 2338 820 meum
2390 769 2486 838 qui
2533 781 2619 822 me
2660 767 2951 836 plurimum
2998 766 3240 835 adjuvit:
3267 775 3322 823 et
3357 768 3402 822 si
3445 769 3569 838 quis

331 858 759 930 ’Δλεξάνδρειαν.
800 855 912 908 Καὶ
945 855 1009 926 δὴ
1040 853 1112 908 τὰ
1157 852 1356 924 συνήθη
1403 853 1502 922 τῆς
1537 854 1896 924 κατηχήσεως

2017 856 2136 912 ilius
2165 858 2268 913 fuit
2311 861 2639 931 hujusmodi.
2688 861 2792 916 Per
2823 875 2960 931 quos
2989 868 3042 914 tu
3075 860 3205 914 mihi
3246 861 3529 917 innotuisti
3551 901 3568 924 ,

317 951 558 1006 ἐνταῦθα
590 949 726 1021 μετὰ
771 947 948 1019 πάσης
995 947 1230 1018 ἐπλήρου
1281 944 1534 1016 σπουδῆς,
1585 947 1894 1018 Δημητρίου

316 1045 432 1099 τῶν
478 1043 603 1115 τῇδε
629 1040 927 1095 ἐπισκόπου
977 1039 1055 1092 ἔτι
1103 1038 1222 1091 τότε
1276 1035 1665 1108 παρορμῶντος
1714 1037 1895 1104 αὐτὸν,

319 1139 420 1192 καὶ
454 1134 733 1208 μονονουχὶ
783 1129 1206 1194 ἀντιϐολοῦντος,
1257 1128 1465 1191 ἀόκνως
1511 1127 1608 1200 τὴν
1649 1130 1730 1193 είς
1773 1129 1899 1193 τοὺς

320 1228 588 1298 ἀδελφοὺς
610 1224 876 1295 ὠφέλειαν
904 1220 1190 1276 ποιεῖσθαι.

2002 948 2222 1005 domine
2253 966 2316 1006 ac
2349 952 2513 1008 frater
2553 953 2711 1023 longe
2753 953 2995 1008 omnium
3038 954 3503 1022 priestantissimc.
3545 973 3563 1006 ι

2004 1039 2070 1094 Ει
2105 1041 2217 1095 haec
2251 1043 2468 1112 quidem
2498 1046 2570 1099 ita
2603 1060 2662 1101 se
2704 1048 2925 1102 habent.
2953 1047 3308 1104 Adamantius
3335 1063 3466 1104 vero
3493 1049 3568 1118 (id

2003 1133 2147 1187 enim
2176 1135 2340 1190 etiam
2369 1135 2590 1207 Origeni
2624 1154 2817 1194 nomen
2853 1139 2974 1210 fuit)
3003 1138 3308 1212 Zephyrino
3331 1155 3428 1210 per
3459 1141 3572 1196 ιιωο

2008 1233 2252 1296 tempora
2301 1226 2599 1285 Romanam
2653 1231 2956 1288 Ecclesiam
2995 1234 3368 1305 gubernante,
3413 1249 3472 1289 se
3516 1235 3572 1287 in

319 1324 514 1378 urbem
552 1321 780 1375 Romam
824 1319 1110 1373 advenisse
1140 1315 1351 1383 scribit,
1391 1331 1514 1372 cum
1585 1315 1684 1370 sibi
1728 1316 1780 1370 in
1815 1316 1954 1373 votis
1983 1317 2200 1388 fuisset,
2265 1324 2409 1378 sicut
2455 1325 2682 1396 ipsemet
2726 1327 2921 1384 alicubi
2969 1329 3122 1397 dicit,
3151 1329 3447 1386 Romanam
3473 1330 3576 1384 Ec-

321 1417 550 1473 clesiam
617 1415 863 1469 omnium
936 1411 1376 1480 antiquissimam
1451 1425 1636 1466 coram
1674 1410 1876 1467 videre.
1931 1414 2004 1468 ibi
2032 1416 2302 1485 paulisper
2344 1431 2604 1489 moratus,
2645 1421 3024 1478 Alexandriam
3064 1425 3240 1480 rediit.
3291 1425 3391 1482 Ubi
3441 1441 3574 1482 con-

323 1519 539 1565 suetum
585 1509 998 1565 catechumenos
1063 1505 1288 1561 docendi
1338 1505 1569 1561 ofiicium
1633 1508 1780 1562 omni
1813 1510 1989 1566 studio
2056 1527 2121 1568 ac
2178 1513 2454 1582 diligentia
2510 1519 2754 1574 exercuit
2787 1536 2800 1574 :
2839 1519 3109 1576 Demetrio
3147 1521 3383 1577 civitatis
3456 1523 3572 1594 epi-

322 1619 493 1677 scopo
517 1604 796 1660 etiamtum
821 1602 966 1657 illum
996 1602 1156 1672 217
1179 1603 1446 1668 hortante,
1468 1616 1535 1657 ac
1557 1611 1764 1658 tantum
1793 1621 1900 1661 non
1941 1607 2277 1678 supplicante
2311 1620 2374 1667 ut
2403 1609 2632 1668 fratrum
2670 1615 2890 1670 utilitati
2922 1616 3156 1687 impigre
3181 1619 3430 1675 serviret.

852 1694 1244 1747 ΚΕΦΑΛΑΙΟΝ
1277 1693 1377 1748 IE'.

537 1785 677 1855 Περὶ
701 1785 826 1854 17017.-
846 1781 1096 1852 Ἠρακλεῖ
1129 1781 1268 1854 (Nic.
1299 1781 1369 1837 H.
1407 1781 1472 1836 E.
1503 1799 1558 1848 v,
1579 1776 1684 1846 ll).

406 1873 469 1931 Ὅ
512 1876 557 1930 δ’
604 1876 680 1939 ὡς
726 1857 915 1928 ἑαυτὸν
965 1865 1110 1946 ἑώρα
1158 1873 1233 1944 μὴ
1281 1872 1633 1946 ἑπαρκοῦντα
1685 1877 1750 1946 τῇ
1798 1871 1906 1927 τῶν

326 1971 488 2024 θείων
518 1969 789 2040 βαθυτέρᾳ
827 1968 1011 2038 σχολῇ,
1041 1969 1106 2038 τῇ
1140 1984 1198 2020 τε
1239 1966 1482 2032 ἐξετάσει
1519 1965 1613 2020 καὶ
1643 1968 1902 2038 ἑρμηνείᾳ

325 2065 435 2118 τῶν
475 2063 634 2135 ίερῶν
674 2061 1040 2133 Γραμμάτων,
1081 2060 1176 2113 καὶ
1228 2057 1450 2130 προσέτι
1483 2061 1548 2129 τῇ
1597 2055 1705 2110 τῶν
1738 2075 1907 2127 προο-

331 2156 519 2211 ιόντων
568 2155 887 2225 κατηχήσει,
941 2152 1060 2223 μηδ’
1112 2149 1446 2205 ἀναπνεῦσαι
1481 2147 1904 2220 συγχωρούντων

327 2247 497 2319 αὐτῷ,
525 2247 727 2319 ἑτέρων
749 2247 832 2315 ἐφ’
860 2245 1070 2316 ἑτέροις
1113 2243 1171 2311 ἐξ
1203 2243 1278 2296 ’έω
1315 2244 1410 2297 καὶ
1446 2242 1636 2314 μέχρις
1669 2241 1904 2313 ἑσπέρας

328 2341 422 2396 ὲπὶ
448 2341 509 2394 τὸ
535 2339 664 2410 παρ’
695 2337 844 2409 αὐτῷ
867 2337 1228 2392 διδασκαλεῖον
1251 2333 1578 2405 φοιτώντων,
1619 2334 1903 2404 διανείμας

327 2433 400 2487 τὰ
433 2433 633 2503 πλήθη,
655 2432 745 2484 τὸν
781 2430 1053 2502 Ἠρακλᾶν
1099 2429 1206 2482 τῶν
1244 2427 1537 2499 γνωρίμων
1582 2427 1899 2499 προκρίνας,

328 2524 390 2578 ἓν
415 2541 476 2577 τε
506 2525 617 2585 τοῖς
651 2523 811 2585 θείοις
836 2521 1140 2587 σπουδαῖον,
1165 2521 1257 2574 καὶ
1282 2519 1456 2582 ἄλλως
1489 2519 1616 2574 ὄντα
1641 2517 1901 2588 λογιώτα-

327 2632 423 2670 τον
476 2615 642 2685 ἄνδρα
684 2615 776 2667 καὶ
827 2612 1141 2683 φιλοσοφίας
1186 2613 1284 2664 οὐκ
1342 2611 1595 2682 ἄμοιρον,
1650 2611 1904 2663 κοινωνὸν

329 2707 563 2777 καθίστη
605 2707 704 2776 τῆς
746 2708 1116 2777 κατηχήσεως,
1155 2703 1231 2773 τῷ
1270 2703 1365 2774 μὲν
1396 2703 1494 2773 τὴν
1527 2700 1751 2773 πρώτην
1797 2700 1904 2754 τῶν

329 2800 458 2874 ἄρτι
492 2800 935 2872 στοιχειουμένων
968 2797 1271 2868 εἰσαγωγὴν
1310 2796 1627 2868 ἐπιτρέψας,
1663 2793 1811 2866 αὐτῷ
1846 2793 1904 2847 δὲ

329 2895 430 2964 τὴν
458 2893 568 2947 τῶν
597 2895 655 2946 ὲν
678 2892 787 2956 ἕξει
814 2889 1052 2960 φυλάξας
1076 2889 1360 2960 ἀκρόασιν.

2566 1702 2839 1758 CAPUT
2877 1702 3014 1761 XV.

2609 1791 2687 1846 De
2715 1792 2969 1847 Heracla.

2076 1883 2210 1937 Cum
2241 1893 2420 1939 autem
2452 1885 2908 1940 animadverteret
2948 1901 3006 1940 se
3052 1901 3392 1959 nequaquam
3429 1890 3577 1946 suffi-

2007 1991 2131 2032 cere
2153 1979 2221 2034 ad
2250 1978 2572 2048 quietiorem
2606 1993 2786 2033 rerum
2817 1978 3120 2034 divinarum
3157 1983 3578 2054 contemplatio-

2012 2085 2159 2132 nem,
2182 2079 2236 2124 ct
2261 2071 2328 2124 ad
2356 2085 2526 2126 sacra:
2563 2070 2860 2140 Scriptura;
2880 2074 3268 2128 scrutationem
3299 2082 3461 2146 atque
3494 2079 3580 2131 in-

2013 2159 2492 2229 terpretationem,
2535 2159 2807 2229 simulque
2851 2159 2917 2212 ad
2961 2159 3355 2219 institutionem
3387 2180 3578 2222 eorum

2009 2250 2103 2319 qui
2152 2250 2218 2304 ad
2255 2251 2430 2320 ipsum
2477 2253 2846 2320 accedebant,
2885 2268 2981 2321 per
3022 2268 3156 2322 quos
3195 2268 3264 2309 ne
3307 2257 3580 2326 respirare

2009 2341 2227 2411 quidem
2274 2343 2374 2411 ipsi
2422 2343 2642 2407 licebat,
2677 2357 2802 2398 cum
2843 2343 2932 2398 alii
2980 2361 3143 2417 super
3177 2347 3313 2404 alios
3345 2363 3373 2402 a
3400 2351 3580 2418 primo

2009 2433 2144 2490 lucis
2185 2445 2377 2490 exortu
2421 2453 2592 2506 usque
2629 2438 2694 2491 ad
2727 2453 3008 2509 vesperam
3049 2439 3290 2494 scholam
3323 2439 3440 2509 ejus
3471 2442 3580 2496 fre-

2010 2537 2334 2594 quentarent
2369 2544 2382 2580 :
2414 2529 2587 2584 divisa
2637 2532 2784 2585 omni
2843 2533 3144 2588 auditorum
3207 2532 3578 2595 multitud.ne.

2011 2616 2294 2671 Ileraclam
2337 2635 2401 2686 es
2444 2618 2802 2675 familiaribus
2843 2622 2954 2675 suis
2986 2621 3245 2692 deligens,
3277 2622 3450 2674 virum
3489 2636 3580 2676 re-

2012 2722 2131 2761 rum
2174 2710 2474 2766 divinarum
2513 2714 2839 2779 studiosum,
2863 2724 2918 2768 et
2954 2713 3152 2780 alioqui
3181 2713 3577 2779 doctissimum,

2013 2813 2113 2852 nec
2140 2811 2429 2869 ,cxpertem
2482 2803 2864 2872 philosolihizn,
2899 2805 2951 2858 in
3000 2804 3225 2857 docendi
3269 2802 3443 2858 ofﬁcio
3493 2817 3586 2856 St.-

2012 2886 2154 2940 cium
2184 2887 2287 2942 sibi
2311 2897 2474 2960 atque
2503 2894 2886 2948 administrum
2923 2893 3186 2962 adjunsit.
3223 2892 3288 2946 Et
3317 2893 3444 2947 huic
3463 2894 3584 2962 qui-

332 2988 456 3044 dem
487 2987 878 3042 institutionem
914 3000 1106 3040 corum
1137 2985 1229 3054 qui
1297 2984 1488 3054 primis
1551 2983 1727 3039 adhuc
1767 2983 2140 3039 imbuerentur
2191 2986 2514 3042 rudimentis
2585 2989 2893 3044 mandavit:
2921 2990 3023 3044 sibi
3079 3004 3208 3044 vero
3235 2985 3584 3057 perfectiores

333 3081 608 3135 docendos
644 3080 960 3134 reservavit.

845 3174 1236 3228 ΚΕΦΑΛΑΙΟΝ
1279 3175 1393 3241 ις’.

603 3264 902 3334 Ὠριτένης
955 3265 1086 3332 περὶ
1151 3267 1257 3330 τὰς
1321 3265 1482 3331 θείας
1545 3264 1909 3320 ἐσπουδάκει

681 3335 927 3405 Γραφάς
955 3335 1094 3406 (Nic.
1137 3334 1206 3391 ιι.
1250 3335 1316 3388 Ε.
1361 3351 1412 3400 v,
1445 3335 1551 3408 ll).

402 3428 655 3498 Τοσαύτη
692 3426 748 3479 δὲ
784 3428 1030 3498 εἰσήγετο
1060 3427 1136 3498 τῷ
1193 3427 1451 3499 Ὠριγένει
1490 3426 1597 3480 τῶν
1630 3426 1788 3481 θείων
1820 3426 1910 3482 λό-

333 3537 444 3592 γων
477 3519 914 3592 ἀπηκριϐωμένη
950 3518 1215 3585 ἐξέτασις,
1266 3520 1341 3583 ὡς
1378 3520 1471 3573 καὶ
1512 3519 1610 3591 τὴν
1656 3519 1909 3591 Ἑϐραΐδα

335 3613 579 3683 γλῶτταν
613 3612 891 3684 ἐκμαθεῖν,
935 3612 1032 3675 τάς
1059 3629 1117 3665 τε
1157 3611 1309 3684 παρὰ
1345 3615 1457 3676 τοῖς
1502 3611 1776 3676 Ἰουδαίοις
1809 3614 1909 3684 έμ-

336 3704 644 3776 φερομένας
665 3701 1051 3774 πρωτοτύπους
1094 3703 1276 3764 αὐτοῖς
1315 3702 1579 3772 Ἐϐραίων
1627 3702 1910 3772 στοιχείοις

335 3797 558 3869 Γραφὰς
588 3795 720 3867 (95),
750 3795 934 3865 κτῆμα
967 3795 1097 3847 ἴδιον
1130 3793 1478 3864 ποιήσασθαι,
1506 3793 1819 3862 ἀνιχνεῦσαί
1850 3811 1910 3846 τε

336 3890 436 3953 τὰς
467 3888 576 3942 τῶν
610 3888 814 3958 ἑτέρων
851 3886 1004 3959 παρὰ
1036 3887 1160 3950 τοὺς
1205 3885 1603 3957 Ἐϐδομήκοντα
1631 3885 1729 3950 τὰς
1764 3885 1913 3956 ἱερὰς

337 3976 562 4047 Γραφάς
603 3976 1020 4048 ήρμηνευκότων
1063 3975 1334 4038 ἐκδόσεις·
1379 3975 1472 4028 καί
1527 3993 1678 4039 τινας
1723 3976 1914 4047 ἑτέρας

338 4073 490 4146 παρὰ
530 4073 629 4137 τὰς
678 4071 1167 4144 καθημαξευμένας
1215 4071 1509 4141 ἑρμηνείας
1556 4070 1910 4123 ἐναλλαττού-

340 4183 460 4232 σας,
503 4168 602 4238 τὴν
665 4165 888 4219 Ἀκύλου
939 4166 1032 4219 καὶ
1077 4164 1392 4234 Συμμάχου,
1431 4164 1525 4216 καὶ
1557 4162 1911 4226 Θεοδοτίωνος

338 4261 613 4330 ἑφευρεῖν,
644 4258 710 4322 ἃς
741 4259 839 4311 οὐκ
866 4253 959 4311 οἷδ’
987 4258 1107 4310 ὅθεν
1129 4256 1191 4309 ἐκ
1210 4273 1368 4309 τινων
1404 4255 1595 4326 μυχῶν
1626 4255 1716 4309 τὸν
1751 4255 1916 4309 πάλαι

338 4351 709 4414 λανθανούσας
755 4352 944 4422 χρόνον
1001 4351 1080 4413 εἰς
1135 4349 1250 4418 φῶς
1305 4349 1623 4420 ἀνιχνεύσας
1672 4349 1918 4420 προήγα-

339 4462 437 4516 γεν
469 4443 604 4516 (96).
640 4443 755 4513 Ἐφ’
781 4436 855 4497 ὧν
887 4443 974 4496 διὰ
1011 4443 1110 4514 τὴν
1150 4441 1470 4514 ἀδηλότητα,
1517 4442 1660 4504 τίνος
1694 4438 1765 4512 ἇρ
1808 4436 1919 4494 εἷεν

333 3265 526 3332 Ὅπως

2597 3174 2824 3230 CAPUT
2858 3174 2998 3230 XVI.

2018 3266 2290 3334 Quantum
2316 3267 2550 3320 studium
2583 3267 2834 3390 Orilgenes
2861 3270 2915 3350 in
2949 3269 3138 3349 divinis
3159 3266 3446 3339 Scripturis
3472 3267 3576 3323 col-

2689 3351 2934 3390 ocavem.

2689 3351 2934 3394 ocaveru.

2089 3428 2318 3485 Tantam
2365 3445 2529 3500 porro
2580 3446 2767 3485 curam
2810 3447 2875 3485 ac
2919 3430 3251 3498 diligentiam
3285 3430 3338 3484 in
3387 3431 3586 3486 divinis

2020 3520 2317 3592 Scripturis
2367 3523 2779 3592 perscrutandis
2831 3522 3125 3576 adhibebat
3177 3521 3478 3591 Origenes,
3528 3533 3588 3576 ut

2017 3614 2343 3670 l-lebraicam
2378 3615 2542 3670 etiam
2587 3614 2819 3684 linguam
2855 3614 3121 3676 didicerit,
3154 3624 3208 3667 et
3239 3614 3586 3669 authenticos

2018 3708 2422 3777 Scripturarnm
2456 3707 2626 3761 libros
2654 3705 2936 3760 Hebraicis
2961 3705 3194 3772 scriptos
3225 3705 3422 3761 litteris
3442 3749 3458 3773 ,
3492 3722 3584 3777 qui

2020 3800 2158 3867 apud
2191 3797 2404 3851 Judaeos
2434 3797 2724 3858 habentur,
2753 3795 2854 3848 sibi
2885 3797 3283 3864 comparaverit
3310 3814 3324 3850 :
3353 3797 3584 3850 aliorum

2020 3904 2233 3959 quoque
2287 3888 2375 3957 qui
2425 3895 2622 3955 praeter
2653 3884 3002 3954 Septuaginta
3048 3887 3370 3953 interpretes
3404 3903 3589 3942 sacras

2023 3981 2333 4050 Scripturas
2379 3978 2718 4047 interpretati
2761 3987 2919 4042 sunt,
2946 3977 3210 4033 editiones
3248 3983 3589 4048 pervestiga-

2023 4074 2203 4126 verit:
2237 4070 2525 4125 nonnullas
2571 4070 2807 4139 denique
2853 4070 3326 4140 interpretationes
3378 4088 3406 4124 a
3450 4074 3593 4127 tritis

2025 4163 2132 4217 illis
2181 4171 2233 4216 ct
2277 4159 2514 4231 vulgatis
2573 4161 2782 4228 Aquilae
2825 4159 3031 4213 scilicet
3077 4172 3142 4211 ac
3189 4157 3496 4230 Symmachi
3537 4169 3594 4213 et

2025 4251 2412 4307 Theodotionis
2451 4250 2692 4304 diversas
2726 4248 3011 4319 repererit.
3055 4246 3202 4312 Quas
3248 4248 3465 4316 quidem
3502 4245 3592 4301 ille

2026 4363 2090 4402 ex
2130 4348 2313 4402 nescio
2347 4347 2542 4416 quibus
2583 4354 2768 4401 erutas
2804 4345 3019 4413 angulis
3064 4345 3117 4397 in
3156 4327 3351 4413 quibus
3377 4344 3593 4413 jamdu-

2030 4441 2156 4494 dum
2182 4439 2530 4503 delituerant,
2561 4439 2771 4506 primus
2803 4438 2854 4490 in
2883 4436 3058 4491 lucem
3085 4436 3358 4505 produxit.
3382 4436 3593 4490 Etcum

416 4680 533 4751 (94)
579 4679 973 4751 Ἐπιδημῆσᾳι
1005 4679 1081 4747 τῇ
1121 4678 1325 4751 Ῥῴμῃ.
1358 4678 1511 4751 Hunc
1543 4677 1794 4748 Origenis
1816 4681 1906 4735 ad-

2019 4680 2070 4732 in
2110 4676 2228 4751 Yila
2267 4675 2466 4751 Plotini
2503 4676 2552 4728 id
2567 4676 2824 4751 hausisse
2850 4676 2951 4751 sibi
2976 4675 3195 4751 videtur
3220 4674 3508 4751 Baronius,
3539 4674 3592 4728 in

344 4749 563 4808 ventum
595 4751 650 4804 in
683 4749 870 4804 urbem
918 4749 1144 4803 Romam
1181 4749 1443 4802 Barouius
1473 4751 1680 4804 confert
1728 4751 1780 4803 in
1816 4767 1912 4804 an-

346 4839 473 4875 num
505 4821 707 4874 Christi
749 4819 876 4884 220,
907 4821 999 4888 qui
1029 4829 1149 4872 erat
1174 4834 1349 4873 annus
1393 4835 1409 4873 ι
1444 4821 1574 4886 imp.
1606 4819 1905 4889 Elagabali.

345 4893 609 4949 Eusebius
637 4900 817 4944 tamen
869 4890 1158 4960 Origenem
1194 4889 1422 4942 Romam
1468 4890 1678 4943 venisse
1721 4890 1910 4944 scribit

347 4960 943 5032 regnanteilaracalla.
993 4961 1097 5032 Sed
1153 4962 1369 5032 ut_hoc
1415 4960 1656 5032 Baronio
1701 4975 1900 5032 conce-

347 5028 556 5094 damus,
606 5030 732 5086 illud
786 5031 1009 5085 minime
1059 5028 1339 5083 ferendum
1375 5040 1478 5088 est,
1516 5030 1657 5097 quod
1707 5031 1902 5083 ibidem

347 5104 443 5165 ait,
469 5100 756 5170 Origenem
787 5099 1170 5156 Adamantium
1209 5100 1398 5153 iterum
1433 5099 1660 5170 Romam
1685 5101 1905 5170 venisse

369 5169 649 5241 irincipatu
703 5171 932 5239 Philippi
983 5172 1138 5237 imp.,
1174 5185 1315 5241 anno
1351 5170 1550 5241 Christi
1579 5169 1727 5241 248.
1769 5169 1904 5222 Nam

369 5188 649 5241 mncrpatu
703 5188 932 5239 ιἰιιιινρι
983 5188 1138 5237 Imp.,
1174 5188 1315 5223 anno
1351 5188 1550 5222 hlll‘lSll
1603 5188 1727 5223 Ζιδ.
1769 5188 1904 5222 “illi!

349 5188 609 5301 Eusebius
634 5243 724 5311 qui
751 5256 836 5295 res
859 5251 1038 5309 gestas
1070 5240 1317 5308 Origenis
1354 5240 1405 5292 in
1425 5240 1545 5311 (hoc
1578 5238 1715 5293 libro
1745 5255 1905 5293 accu—

348 5315 619 5370 ratissime
650 5309 938 5381 pertexuit,
983 5311 1184 5381 nullum
1214 5309 1434 5363 secundi
1465 5311 1902 5378 hujusadventus

343 5380 676 5438 mentionem
705 5382 852 5435 facit.
891 5382 1004 5434 lmo
1030 5395 1097 5434 ex
1147 5380 1381 5433 Eusebio
1425 5382 1755 5432 contrarium
1791 5383 1901 5433 col-

341 5454 433 5524 ligi
468 5457 710 5508 videtur.
756 5451 965 5524 _Scribit
998 5451 1141 5524 enim
1197 5450 1480 5524 Eusebius,
1510 5449 1795 5524 0rig_enem
1839 5450 1903 5504 de

337 5519 460 5580 fidei
499 5540 613 5580 suae
643 5521 985 5589 professione
1025 5519 1234 5589 litteras
1268 5520 1482 5574 dedisse
1513 5521 1579 5573 ad
1607 5519 1902 5574 Fabianum

335 5596 493 5653 Rom.
531 5588 693 5649 urbis
727 5593 1059 5659 episcopum.
1117 5588 1233 5642 Non
1270 5591 1437 5659 igitur
1485 5589 1708 5642 Romam
1762 5591 1910 5644 venit

330 5669 605 5741 Origenes
636 5664 706 5716 ad
751 5658 1068 5741 Fabianum,
1091 5658 1768 5741 _utfvult-Baronins,‘sed
1793 5672 1909 5740 tan-

327 5729 700 5797 tumvlitteras
733 5733 802 5785 ad
832 5746 951 5785 cum
986 5730 1147 5785 misit.
1180 5729 1334 5795 Quod
1366 5745 1492 5786 vero
1516 5745 1582 5783 ex
1613 5731 1908 5804 Porphyrio

703 5831 977 5890 ΡΑτιιοι.
1020 5826 1137 5886 Gn.
1185 5823 1320 5890 XX.

2020 4764 2086 4802 eo
2117 4749 2277 4818 longe
2313 4745 2749 4818 fallitur.‘Neque
2775 4747 2919 4818 enim
2958 4747 3033 4818 de
3053 4745 3283 4818 Origene
3313 4744 3590 4818 Adaﬁrnan.

2021 4820 2095 4874 lio
2129 4812 2369 4885 loquitur
2401 4817 2510 4869 illic
2554 4812 2908 4885 Porphyrius,
2946 4816 3132 4885 sedile
3160 4812 3352 4868 ’altcro
3376 4812 3593 4885 _0I'igc-

2017 4905 2103 4949 ne,
2139 4883 2333 4943 Plotini
2363 4896 2417 4940 ct
2448 4887 2700 4939 llerennii
2728 4883 3119 4953 condiscipulo,
3144 4887 3232 4952 qui
3266 4887 3332 4937 ab
3361 4883 3595 4953 Origene

2013 4957 2339 5014 Aslarnantio
2370 4955 2780 5024 distinguendus
2815 4966 2919 5018 est,
2953 4967 3010 5007 ut
3039 4954 3197 5024 paulo.
3223 4963 3342 5024 post
3373 4955 3596 5009 demon-

2013 5030 2331 5083 strahimus.

2083 5097 2726 5169 (θὸληρῇωτοτύπους...
2755 5093 3022 5169 Γραφάς.
3043 5095 3393 5169 Authenticns
3417 5102 3591 5169 verte.

2015 5164 2104 5222 Sic
2135 5164 2279 5221 enim
2307 5167 2478 5220 Latini
2519 5176 2732 5228 vorant,
2764 5177 2819 5215 ut
2848 5165 3092 5231 pluribus
3123 5165 3385 5232 exemplis
3413 5164 3596 5217 docuit

2013 5238 2326 5292 Brissonins
2381 5238 2430 5289 in
2491 5236 2698 5291 Lexico.
2741 5235 2907 5288 Porro
2963 5234 3228 5289 Eusebius
3292 5235 3589 5288 Hebr-uicos

2013 5309 2070 5364 S.
2097 5308 2392 5375 Scriptura:
2421 5309 2639 5360 codices
2669 5305 2871 5358 idcirco
2900 5306 3244 5359 nulllellliCOS
3273 5313 3449 5367 vocat,
3488 5321 3597 5358 non

2006 5384 2150 5448 quod
2187 5393 2376 5432 revera
2414 5386 2595 5448 essent
2629 5377 2962 5448 primitivum
3016 5376 3296 5448 exemplar
3330 5384 3384 5448 et
3433 5384 3590 5428 auto-

2007 5446 2270 5520 graplriitri
2303 5449 2370 5500 ah
2413 5446 2600 5520 Esdra
2628 5447 3000 5520 conscriptum
3031 5461 3047 5508 ;
3103 5447 3196 5520 sed
3249 5446 3595 5520 authenticos

2008 5514 2268 5585 appellnt,
2300 5516 2709 5583 comparatione
2752 5515 2892 5569 facta
2927 5530 3049 5568 cum
3100 5514 3302 5569 Grmcis
3340 5515 3596 5568 editiOni-

2013 5591 2110 5642 bus
2141 5600 2248 5641 tam
2291 5586 2644 5654 Septuaginta
2677 5585 3038 5654 interpretum
3061 5600 3234 5654 quam
3266 5585 3524 5654 aliorum.

2085 5659 2194 5730 (96)
2233 5658 2339 5722 Εἰς
2367 5653 2492 5730 φῶς
2517 5653 3281 5730 ἀνιχνεύσας-προήγαγεξν.
3342 5653 3601 5730 “incest

2018 5727 2308 5783 verborum
2370 5727 2653 5780 collocatio
2700 5728 2751 5779 in
2821 5727 2994 5779 tribus
3051 5728 3257 5779 nostris
3321 5727 3599 5780 codicibus

3126 5821 3196 5880 18
