4012 6256
448 319 551 376 559

1027 435 1252 500 CAPUT
1285 434 1449 488 XV‘lI.

863 549 938 605 De
966 550 1284 620 Symmacho
1309 552 1606 620 interprete.

521 662 812 717 Sciendum
864 677 1026 731 porro
1068 670 1152 716 est
1193 663 1600 731 Symmachum,
1625 663 1714 732 qui
1763 677 1902 717 unus
1943 676 2012 716 ex

448 755 554 810 illis
579 755 964 824 interpretibus
997 754 1117 819 fuit,
1145 754 1457 808 Ebionmutn
1491 755 1674 810 fuisse.
1705 754 1798 810 Est
1830 765 2006 808 autem

447 846 826 902 Ebionazorum
855 846 1076 901 haeresis
1107 846 1180 900 ita
1208 847 1375 913 dicta,
1403 862 1588 901 eorum
1617 847 1707 916 qui
1737 846 2008 902 Christum

445 954 511 993 ex
555 937 792 1008 Josepho
827 946 880 991 et
910 936 1075 990 Maria
1115 937 1354 1008 genitum
1395 939 1703 1006 nudumque
1734 938 2007 992 hominem

445 1044 567 1085 esse
597 1030 806 1094 dicunt,
834 1039 889 1084 et
913 1030 1083 1098 legem
1108 1029 1336 1084 Judaico
1364 1043 1515 1084 more
1541 1031 1861 1084 servandam
1891 1043 2011 1084 esse

444 1123 822 1187 contendunt,
868 1122 1321 1192 quemadmodum
1352 1122 1402 1175 in
1441 1119 1813 1190 superioribus
1857 1119 2010 1174 libris

446 1215 750 1270 retulimus.
801 1215 1029 1269 Exstant
1094 1222 1245 1269 certe
1285 1213 1580 1267 etiamnum
1633 1213 2009 1266 commentarii

443 1307 799 1380 Symmachi,
849 1307 900 1360 in
952 1306 1149 1376 quibus
1196 1307 1455 1360 adversus
1488 1304 1837 1375 Evangelium
1875 1303 2010 1359 Mat-

444 1399 569 1454 tlnei
587 1399 790 1455 acriter
809 1399 1110 1468 diSpntans,
1133 1398 1494 1468 supradictam
1525 1397 1775 1452 haeresim
1800 1406 2008 1452 astrue-

443 1506 502 1546 re
555 1491 790 1547 videtur.
843 1491 1019 1560 Atque
1066 1491 1164 1544 hos
1227 1489 1538 1560 Symmachi
1593 1488 2009 1544 commentarios

439 1600 544 1637 una
568 1599 689 1639 cum
718 1582 838 1643 aliis
859 1597 1028 1637 sacra:
1061 1581 1353 1652 Scriptura:
1383 1579 1915 1651 interpretationibus
1942 1581 2008 1634 ab

439 1676 628 1732 eodem
669 1674 998 1736 elaboratis,
1046 1682 1277 1727 testatur
1321 1669 1580 1741 Origenes
1619 1685 1678 1726 se
1725 1685 1754 1724 a
1795 1670 2004 1727 Juliana

437 1767 666 1834 quadam
725 1764 1034 1832 accepisse,
1089 1763 1152 1814 ad
1191 1777 1349 1830 quant
1397 1761 1433 1815 ii
1483 1760 1604 1814 libri
1649 1759 2008 1817 successionis

437 1855 555 1918 lure
591 1864 971 1926 pervenerant.

1011 1943 1238 2001 CAPUT
1277 1941 1464 2000 Χιίιι.

1018 2056 1094 2111 De
1125 2056 1424 2110 Ambrosio.

504 2172 608 2227 Per
655 2174 794 2226 idem
848 2181 1055 2240 tempus
1091 2171 1410 2226 Ambrosius
1453 2171 1543 2239 qui
1582 2169 1846 2225 Valentini
1898 2171 2006 2224 ha:-

434 2268 598 2322 resim
639 2265 952 2321 sectabatur
977 2306 992 2329 ,
1037 2267 1282 2322 veritatis
1317 2281 1477 2336 quam
1511 2263 1838 2334 praedicabat
1879 2261 2001 2318 Ori-

431 2374 596 2430 genes
636 2359 837 2413 virtute
882 2359 1184 2424 convictus,
1216 2367 1268 2413 et
1315 2359 1468 2427 quasi
1517 2357 1715 2410 lumine
1769 2355 1999 2426 quodam

433 2451 596 2504 menti
627 2450 924 2504 irradiante
949 2449 1296 2504 collustratus
1317 2486 1332 2513 ,
1363 2449 1427 2501 ad
1457 2457 1617 2500 rectm
1643 2445 1765 2499 lidei
1794 2460 1913 2514 qua:
1949 2445 2000 2498 in

433 2539 672 2594 Ecclesia
739 2540 1070 2608 praedicatur
1157 2539 1548 2605 professionem
1601 2536 1834 2590 transiit.
1893 2536 2002 2590 Alii

430 2636 641 2699 quoque
663 2629 970 2699 complures
997 2629 1193 2683 eruditi
1230 2629 1494 2692 homines,
1525 2628 1846 2697 pervulgato
1878 2628 2001 2681 ubi-

429 2739 534 2790 que
574 2722 822 2792 Origenis
860 2723 1078 2777 nomine
1125 2723 1322 2786 illecti,
1370 2725 1436 2776 ad
1481 2737 1601 2775 eum
1637 2720 1996 2784 conﬂuebant,

431 2815 727 2882 periculum
755 2814 821 2867 de
844 2815 959 2880 ejus
986 2814 1087 2869 viri
1118 2814 1169 2867 in
1215 2814 1387 2867 sacris
1421 2813 1616 2868 litteris
1683 2813 1875 2881 peritia
1916 2811 1997 2865 fa-

430 2907 592 2959 cturi.
621 2905 886 2959 lunumcri
938 2916 1198 2976 prteterea
1229 2904 1488 2971 haeretici,
1512 2920 1609 2958 nec
1637 2905 1788 2973 pauci
1830 2920 1894 2959 ex
1933 2904 1998 2956 il-

429 2994 690 3049 lustribus
726 2995 1100 3065 phi1050phis,
1140 2992 1380 3050 studiose
1424 3010 1544 3050 eum
1577 2994 1994 3050 auscultabant:
2057 2988 2059 2990 ’

431 3099 483 3140 et
517 3099 711 3157 printer
749 3104 926 3142 rerum
958 3089 1260 3144 divinarum
1303 3087 1585 3144 scientiam
1614 3127 1628 3152 ,
1664 3087 1997 3143 Griccanica:

1153 316 1418 373 EUSEBII
1453 309 1924 370 CESARIENSIS
1959 310 2110 367 OPP.
2151 310 2328 366 PARS
2363 311 2406 365 ι.
2444 341 2514 353 —-
2551 309 2943 367 HISTOBICA.

3591 315 3690 372 560

2621 431 3015 484 ΚΕΦΑΛΑΙΟΝ
3061 432 3158 485 lZ'.

2115 545 2251 614 Περὶ
2283 545 2602 615 Συμμάχου
2635 545 2738 600 τοῦ
2771 544 3066 615 ἑρμηνέως
3092 543 3230 615 (Nic.
3261 543 3336 598 Π.
3384 545 3450 600 Ε.
3490 562 3544 611 v,
3581 549 3683 621 12).

2183 665 2302 718 Τῶν
2333 682 2395 733 γε
2433 663 2538 736 μὴν
2571 661 2918 735 ἑρμηνευτῶν
2947 661 3126 717 αὐτῶν
3163 662 3228 733 δὴ
3255 661 3461 718 τούτων
3495 663 3684 727 ἰστέον,

2126 757 2435 810 Ἐϐιωναίον
2494 756 2585 808 τὸν
2632 754 2928 826 Σύμμαχον
2991 754 3291 823 γεγονέναι.
3352 756 3574 829 Αἵρεσις
3631 759 3688 812 δέ

2112 851 2259 902 ἐστιν
2303 849 2336 919 ἡ
2382 847 2488 900 τῶν
2527 847 2853 901 Ἐϐιωναίων
2894 847 3036 900 οὕτω
3074 847 3417 920 καλουμένη,
3457 849 3568 903 τῶν
3600 851 3686 904 τὸν

2112 940 2344 1013 Χριστὸν
2372 939 2430 1007 ἐξ
2464 939 2658 1011 Ἰωσὴφ
2687 939 2779 993 καὶ
2798 939 3017 1011 Μαρίας
3045 923 3324 1009 γεγονέναι
3351 941 3682 1010 φασκόντων,

2111 1031 2264 1103 ψιλόν
2302 1049 2360 1084 τε
2401 1031 2681 1104 ἄνθρωπον
2720 1031 3090 1102 ὑπειληφότων
3119 1032 3315 1098 αὑτὸν,
3347 1034 3440 1086 καὶ
3465 1033 3559 1086 τὸν
3600 1035 3683 1088 νό-

2117 1142 2214 1197 μον
2269 1124 2464 1196 χρῆναι
2519 1123 2946 1196 Ἰουδαῖκὼτερον
2999 1124 3286 1192 φυλάττειν
3335 1126 3686 1198 ἀπισχυριζο-

2117 1217 2325 1288 μένων,
2361 1217 2437 1280 ὥς
2477 1233 2578 1269 που
2607 1217 2701 1270 καὶ
2746 1217 2810 1269 ἐκ
2839 1216 2939 1287 τῆς
2975 1216 3208 1288 πρόσθεν
3245 1218 3485 1290 ἱστορίας
3517 1218 3682 1288 ἔγνω·

2116 1326 2233 1380 μεν.
2263 1308 2375 1362 Καὶ
2405 1306 2798 1377 ὑπομνήματα
2829 1307 2898 1361 δὲ
2928 1309 3032 1362 τοῦ
3053 1309 3376 1379 Συμμὰχου
3401 1309 3568 1364 εἰσέτι
3591 1311 3683 1364 νῦν

2113 1401 2364 1472 φέρεται,
2399 1402 2456 1455 ὲν
2487 1397 2568 1465 οἷς
2612 1401 2759 1456 δοκεῖ
2788 1401 2924 1472 πρὸς
2965 1401 3025 1455 τὸ
3069 1401 3210 1456 κατὰ
3235 1403 3510 1458 Ματθαῖον
3553 1405 3682 1459 ἀπο-

2111 1487 2416 1558 τεινόμενος
2448 1487 2777 1557 Εὑαγγέλιον
2809 1489 2904 1558 (6),
2945 1489 3043 1560 τὴν
3079 1489 3452 1563 δεδηλωμὲνην
3476 1495 3680 1566 αἳρεσιν

2111 1578 2418 1650 κρατύνειν.
2448 1579 2633 1634 Ταῦτα
2657 1579 2715 1633 δὲ
2740 1581 2768 1632 ό
2803 1579 3085 1652 Ὠριγένης
3115 1582 3250 1653 μετὰ
3286 1585 3381 1638 καὶ
3404 1583 3577 1638 ἄλλων
3605 1587 3681 1648 εἰς

2110 1669 2210 1734 τὰς
2261 1670 2483 1743 Γραφὰς
2542 1672 2843 1744 ὲρμηνειῶν
2893 1673 2986 1728 τοῦ
3032 1675 3358 1746 Συμμάχου,
3430 1677 3680 1747 σημαίνει

2113 1762 2264 1833 παρᾶ
2301 1761 2592 1833 Ἰουλιανῆς
2631 1781 2776 1827 τινος
2807 1763 3112 1834 εἰληφέναι,
3159 1765 3226 1836 ἢν
3262 1765 3353 1818 καί
3385 1783 3520 1838 φησι
3553 1767 3680 1838 παρ’

2040 1829 2085 1889 Β
2113 1829 2276 1907 αὑτοῦ
2304 1829 2597 1928 Συμμάχου
2629 1854 2728 1918 τὰς
2760 1829 2972 1924 βίελοζές
2999 1829 3359 1922 διαδέξασθαι.

2562 1979 2568 1986 -
2633 1946 3028 2000 ΚΕΦΑΛΑΙΟΝ
3062 1947 3169 2001 1Η¹.

2326 2059 2466 2128 Περὶ
2509 2059 2862 2130 Ἀμϐροσίου
2888 2059 3028 2132 (Nic.
3059 2059 3129 2114 Η.
3163 2064 3308 2132 Εην,
3339 2061 3449 2134 12).

2189 2173 2278 2224 Ἐν
2325 2171 2500 2244 τούτῳ
2552 2175 2646 2228 καὶ
2690 2173 3010 2246 Ἀμϐρόσιος
3057 2173 3125 2228 τὰ
3182 2175 3281 2246 τῆς
3327 2174 3676 2230 Οὐαλεντίνου

2107 2264 2318 2335 φρονῶν
2351 2265 2427 2336 (7)
2467 2267 2751 2338 αἱρέσεως,
2789 2266 2926 2339 πρὸς
2951 2269 3051 2340 τῆς
3073 2266 3177 2321 ὑπὸ
3207 2267 3516 2340 Ὠριγένους
3546 2285 3676 2339 πρε-

2107 2354 2436 2425 σϐευομένης
2463 2356 2719 2427 ἀληθείας
2742 2356 3037 2428 ἐλεγχθεὶς,
3070 2358 3162 2410 καὶ
3187 2357 3261 2420 ὡς
3287 2357 3351 2411 ἂν
3375 2357 3482 2410 ὑπὸ
3506 2359 3680 2427 φωτὸς

2103 2447 2496 2515 καταυγασθεὶς
2535 2450 2634 2521 τὴν
2675 2449 2928 2514 διάνοιαν,
2970 2446 3046 2520 τῷ
3089 2451 3186 2520 τῆς
3227 2450 3678 2522 ὲκκλησιαστικῆς

2103 2535 2409 2605 ὀρθοδοξίας
2449 2537 2792 2607 προστίθεται
2835 2537 3012 2608 λόγῳθ
3051 2539 3144 2592 καὶ
3177 2539 3325 2594 ἄλλοι
3365 2541 3422 2594 δὲ
3464 2541 3678 2606 πλείους

2103 2627 2210 2680 τῶν
2260 2627 2368 2680 ἀπὸ
2421 2628 2702 2695 παιδείας,
2738 2631 2838 2700 τῆς
2880 2632 3005 2703 περὶ
3042 2631 3131 2684 τὸν
3171 2632 3447 2705 Ὠριγένην
3492 2634 3678 2706 φήμης

2105 2721 2407 2790 πανταχόσε
2437 2721 2736 2795 βοωμένης,
2764 2724 2931 2794 ᾔεσαν
2959 2724 3034 2786 ὡς
3064 2726 3244 2788 αὑτὸν,
3281 2729 3476 2800 πεῖραν
3498 2728 3596 2800 τῆς
3621 2730 3677 2781 ὲν

2103 2814 2215 2876 τοῖς
2272 2814 2436 2883 ἱεροῖς
2490 2813 2665 2881 λόγοις
2717 2817 3028 2887 ίκανότητος
3071 2819 3295 2890 τάνδρὸς
3345 2819 3671 2891 ληψόμενοι·

2107 2903 2284 2976 μυρίοι
2310 2922 2368 2957 τε
2395 2904 2502 2958 τῶν
2529 2906 2818 2978 αίρετικῶν
2840 2948 2854 2971 ,
2897 2909 3196 2978 φιλοσόφων
3227 2929 3282 2963 τε
3308 2912 3416 2964 τῶν
3444 2913 3676 2984 μάλιστα

2105 2997 2382 3068 ἐπιφανῶν
2423 2999 2522 3051 οὐκ
2563 3000 2762 3068 ὀλίγοι,
2807 3000 2895 3055 διὰ
2937 3003 3168 3075 σπουδῆς
3205 3005 3350 3075 αὐτῷ
3393 3011 3675 3079 προσεῖχον

2105 3089 2214 3161 (8),
2255 3091 2531 3162 μονονουχὶ
2562 3092 2696 3164 πρὸς
2723 3096 2833 3157 τοῖς
2880 3094 3069 3160 θείοις,
3116 3097 3207 3150 καὶ
3245 3096 3314 3151 τὰ
3356 3100 3455 3170 τῆς
3484 3099 3672 3164 ἔξωθεν

441 3305 842 3368 Ἐπισκευασας
866 3306 983 3358 cod.
1018 3305 1176 3373 Reg”
1214 3306 1300 3359 cui
1325 3305 1594 3359 consentit
1617 3306 1778 3360 etiam
1808 3304 2003 3358 Suidas
2031 3309 2072 3365 C
2108 3303 2399 3356 tltcnlicum
2427 3301 2658 3373 Mattltte't
2696 3303 3046 3372 Evangelium
3077 3321 3200 3360 esse
3226 3307 3502 3372 dicebant,
3541 3318 3671 3363 teste

431 3375 481 3429 in
511 3391 640 3444 voce
681 3375 994 3444 Ὠριγένηᾳ
1015 3375 1190 3429 Nostri
1210 3386 1384 3430 tamen
1415 3377 1646 3436 codices,
1675 3375 1835 3439 Maz.,
1862 3374 2000 3430 Med.

429 3455 479 3497 et
513 3443 839 3500 Fultetianus
881 3462 986 3500 uno
1015 3460 1278 3499 consensu
1314 3448 1574 3514 scriptum
1629 3447 1829 3499 habent
1872 3447 1997 3497 ὲπι-

429 3515 863 3580 κατασκευάσας.
928 3519 1056 3581 Qua:
1111 3517 1155 3569 si
1207 3532 1332 3570 vera
1387 3528 1470 3570 est
1519 3517 1699 3578 lectio,
1751 3526 1805 3568 ut
1850 3527 1999 3570 certe

431 3587 560 3638 mihi
621 3591 938 3653 persuadeo,
982 3587 1228 3654 sequitur
1287 3587 1576 3641 editionem
1629 3584 1996 3654 Telraplorunt

429 3655 733 3726 confectam
761 3672 880 3710 esse
927 3658 993 3711 ab
1028 3658 1261 3725 Utigene
1310 3669 1424 3725 post
1473 3657 1834 3726 Hexaplorum
1883 3658 1999 3710 edi-

431 3727 654 3780 tionem.
677 3725 823 3780 llanc
853 3729 992 3780 enitn
1014 3731 1118 3781 vim
1141 3729 1301 3781 habet
1323 3727 1541 3782 verbum
1564 3726 2001 3781 ὲπικατασκευά-

429 3813 548 3870 aug.
574 3796 722 3861 Quod
751 3798 886 3851 idem
910 3808 1069 3870 estne
1086 3799 1129 3852 si
1148 3799 1374 3870 diceret,
1393 3799 1562 3870 ἐπἰτῇ
1590 3800 1697 3852 τῶν
1721 3798 1999 3862 Ἑξαπλῶν

428 3866 636 3940 ἐκδόσει
667 3868 1102 3940 κατασκευάσας.
1144 3868 1275 3921 Nam
1307 3885 1428 3922 eum
1469 3866 1729 3940 Origenes
1757 3870 1998 3940 animad-

431 3939 681 3991 vertisset
711 3937 1072 4006 llexuplornm
1109 3940 1322 3993 codices
1360 3941 1526 3993 nimio
1559 3937 1775 4008 sumptu
1813 3954 1876 3992 ac
1919 3939 1996 3992 la-

429 4009 556 4061 bore
587 4009 848 4072 indigere,
888 4009 1153 4076 Tctrapla,
1187 4025 1413 4076 quorum
1453 4026 1578 4063 usus
1609 4021 1726 4064 erat
1759 4009 1992 4072 facilior,

427 4078 788 4141 elucubravit,
849 4079 1082 4148 demptis
1122 4079 1329 4134 duabus
1389 4079 1635 4134 llebraici
1676 4089 1850 4133 textus
1881 4079 1997 4132 edi-

432 4149 684 4204 tionibus.
714 4159 768 4202 et
795 4151 979 4216 quinta
1007 4161 1266 4216 sextaque
1305 4165 1369 4202 ac
1402 4151 1633 4216 septima
1661 4152 1991 4212 interpreta-

432 4219 599 4271 tione.
631 4217 911 4271 Hactenus
932 4219 1147 4284 quidem
1181 4221 1292 4272 h:ec
1317 4221 1598 4272 doctorum
1631 4219 1872 4274 omnium
1895 4218 1995 4273 fuit

429 4290 637 4355 opinio,
669 4287 1036 4356 'l'etraplorum
1069 4290 1283 4342 codices
1323 4300 1448 4342 ante
1489 4288 1726 4358 llexapla
1765 4291 1832 4342 ab
1867 4289 1991 4343 Ori-

429 4374 564 4424 gene
597 4360 902 4412 elaboratas
944 4359 1126 4410 fuisse.
1173 4358 1246 4410 Ita
1284 4360 1482 4413 diserte
1518 4361 1708 4413 scribit
1743 4359 1992 4414 Usserius

429 4431 482 4480 ιιι
518 4429 860 4499 Syutagmate
888 4431 950 4481 de
983 4429 1331 4498 Septuaginta
1356 4429 1707 4497 lutei-prelum
1739 4431 1988 4490 versione,

438 4513 546 4569 tap.
577 4499 644 4563 5;
677 4500 976 4552 Salmasius
1015 4501 1064 4551 in
1101 4500 1238 4552 ltbro
1278 4499 1351 4552 De
1398 4501 1578 4569 lingua
1625 4499 1989 4554 llellenistica.

436 4568 625 4622 Verum
661 4569 747 4622 hic
773 4570 987 4624 Eusebii
1014 4569 1182 4632 locus,
1210 4584 1274 4622 ex
1314 4568 1801 4638 tnanuSCt-iptorutn
1845 4570 1993 4623 codi-

431 4654 550 4691 cum
597 4640 701 4693 lide
735 4642 1086 4706 emendatus,
1133 4640 1458 4696 sententiam
1502 4642 1713 4696 illorum
1771 4654 1993 4710 prorsus

426 4710 639 4762 evertit.

500 4779 736 4852 (enim;
763 4779 828 4834 τὸ
851 4780 1000 4834 κατὰ
1015 4780 1316 4852 Ματθαῒοιή
1339 4781 1797 4850 ἀποτεινόμενος
1808 4781 1996 4849 Εὐαν-

429 4848 651 4918 γέλιον.
679 4853 917 4905 Pessime
970 4853 1193 4905 llulinns
1215 4862 1268 4905 et
1293 4848 1818 4920 Cbristopho‘rsonus
1851 4848 1993 4904 hunc

430 4921 606 4973 locum
655 4933 975 4991 verterunt,
1035 4923 1188 4986 quasi
1247 4923 1604 4991 Symmachus
1671 4922 1996 4975 auctoritate

435 4989 709 5060 Evangelii
737 4996 1032 5046 seettndntn
1064 4989 1375 5046 Mattltzcunt
1409 4994 1561 5046 nisus
1597 4991 1760 5045 fuerit
1794 5001 1850 5043 ut
1882 4991 1992 5044 ha:-

429 5063 785 5130 wsimpsuam
819 5062 1189 5116 conﬁrmaret.
1251 5063 1358 5116 Nec
1405 5063 1597 5115 melius
1655 5061 1995 5130 Nicrphorus

431 5130 575 5182 bttttc
606 5128 798 5203 locum
821 5133 1050 5203 accepit,
1085 5133 1175 5200 qui
1203 5135 1394 5188 scribit
1433 5128 1817 5203 Symmachum
1847 5146 1995 5183 com-

439 5198 726 5270 .‘zentarios
788 5201 838 5252 in
898 5198 1204 5256 Matth-aiunt
1266 5198 1519 5258 edidisse.
1594 5203 1719 5257 Scio
1776 5202 1993 5270 quidem

431 5269 718 5345 ξεξιιὶοηίεοε
773 5270 942 5345 solum
993 5271 1228 5327 Matthmi
1265 5273 1635 5345 _Evangelium
1682 5269 1987 5326 admisisse.

431 5337 630 5413 yerunt
654 5341 786 5413 illud
836 5341 1212 5396 Ebiunteorum
1264 5337 1634 5412 Evang'elium,
1675 5358 1779 5396 non
1819 5345 1990 5413 ipsum

428 5407 664 5464 Matthtci
690 5422 804 5465 crat
837 5413 1139 5480 cujusmodi
1189 5432 1285 5468 nos
1317 5407 1597 5478 habeinus,
1622 5407 1729 5468 sed
1774 5407 1995 5482 prorsus

427 5482 812 5546 adulteratum,
839 5493 892 5536 et
929 5494 1105 5551 capite
1138 5484 1275 5551 ipso,
1315 5485 1364 5536 id
1403 5495 1485 5537 est
1509 5485 1708 5539 Christi
1743 5483 1993 5552 genealo-

425 5553 510 5615 gia
553 5555 884 5612 mutilatum,
916 5564 972 5605 ut
1007 5557 1163 5607 docet
1211 5553 1547 5622 Epiphanius
1577 5556 1628 5607 itt
1660 5569 1850 5609 eorum
1879 5555 1991 5605 hie-

429 5622 552 5694 tesi.
601 5623 810 5689 Quippe
847 5621 1192 5692 Evangelintn
1236 5621 1530 5677 secundum
1583 5625 1838 5679 Hebraeos
1885 5639 1993 5691 quo

425 5694 526 5758 Ipsi
578 5695 892 5758 utebantur,
947 5707 1002 5745 ut
1039 5696 1188 5747 docet
1235 5694 1500 5749 Eusebius
1546 5697 1598 5750 in
1649 5696 1742 5749 lib.
1773 5709 1852 5762 ttt,
1897 5710 1990 5747 au-

2113 3374 2436 3442 llieronymo
2466 3376 2517 3428 in
2553 3371 2953 3429 Commentariis
2981 3377 3034 3429 in
3060 3375 3391 3431 Matlha’um.
3435 3371 3672 3432 Ἀποτει-

2109 3443 2330 3513 νόμενος
2367 3444 2529 3511 igitur
2569 3444 2669 3496 hoc
2706 3445 2821 3497 loco
2868 3457 3014 3499 recte
3063 3449 3345 3511 vertimus,
3394 3449 3670 3514 disputem

2107 3520 2356 3566 adversus
2411 3514 2753 3582 licangelium
2807 3514 3066 3578 ΜαιεΙιαιί,
3123 3532 3309 3570 verum
3353 3521 3566 3572 scilicet
3620 3533 3671 3574 ct

2106 3593 2369 3638 nostrum.
2435 3584 2709 3640 Masculus
2761 3587 2922 3638 vertit
2987 3587 3302 3651 inve/tendo,
3354 3605 3459 3643 non
3510 3590 3665 3642 male.

2108 3653 2275 3726 ξονι-ο
2306 3656 2372 3707 ab
2400 3655 2499 3708 hoc
2523 3653 2865 3726 Symmacho
2885 3655 3118 3709 Ebionzci
3165 3669 3349 3726 postea
3386 3661 3517 3713 dicti
3549 3670 3670 3714 sunt

2110 3724 2534 3797 Symmachiani,
2569 3739 2632 3778 eo
2671 3727 2812 3792 quod
2841 3724 3201 3795 Symmachus
3232 3728 3428 3797 dogma
3455 3730 3667 3783 illorum

2108 3794 2826 3866 validissime“asseruisset.
2866 3794 3179 3849 Ambrosius
3226 3794 3324 3850 Seu
3365 3800 3483 3866 quis
3511 3801 3666 3865 alius,

2107 3864 2158 3916 in
2187 3864 2400 3936 prologo
2430 3864 2934 3936 Commentariorum
2972 3869 3026 3917 in
3074 3864 3469 3936 Epistolum'ad
3509 3870 3670 3923 Gala-

2104 3942 2185 3986 tas
2217 3946 2234 3984 :
2259 3932 2405 4008 Sicut
2431 3946 2479 3987 et
2507 3933 2901 4008 Symmachiani
2941 3937 3043 4008 qui
3069 3932 3133 4008 eai
3174 3937 3463 3991 Pltarim'is
3505 3944 3667 4008 origi-

2105 4020 2219 4055 nem
2245 4003 2477 4069 trahunt,
2523 4004 2638 4075 qui,
2664 4014 2864 4058 servata
2904 4003 3045 4058 omni
3086 4007 3216 4075 lege,
3260 4003 3668 4062 Christianos}:

2098 4075 2299 4137 dicunt,
2332 4091 2474 4127 more
2513 4072 2726 4126 I’Itotini
2777 4075 3041 4128 Christum
3089 4072 3191 4130 non
3226 4077 3389 4130 Deum
3423 4093 3469 4132 et
3502 4081 3668 4132 homi-

2100 4159 2247 4208 nem,
2321 4145 2409 4197 setl
2462 4145 2722 4197 hominem
2784 4150 3144 4198 tantummodo
3205 4148 3529 4213 deﬁnientes.
3595 4151 3667 4203 De

2101 4213 2292 4287 iisdet_n
2343 4215 2672 4284 Augustinus
2721 4215 2772 4267 in
2821 4214 2914 4268 lib.
2965 4233 2979 4269 t
3029 4215 3229 4269 Contra
3299 4219 3659 4287 (.‘rescont'um,

2096 4296 2214 4351 cap.
2239 4284 2327 4336 5|.

2165 4354 2240 4428 Π)
2281 4355 2651 4428 *Ἀμϐρόσιος
2862 4353 2973 4423 τῆς
3049 4357 3455 4412 Οὐαλεντίνου
3529 4377 3668 4428 ppo-

2280 4421 2692 4495 Ideinitcstattttf
2731 4421 2991 4492 Origenes
3038 4428 3089 4478 in
3145 4432 3410 4495 protentio
3456 4421 3584 4483 tonui
3625 4431 3663 4484 V

2100 4490 2544 4566 Explanationum
2576 4499 2630 4548 in
2659 4490 2882 4566 Joannis
2917 4490 3260 4564 [franget—ium
3283 4538 3297 4561 ,
3349 4499 3436 4551 ubi
3494 4501 3662 4566 ipsum

2096 4565 2440 4638 Ambrosium
2473 4565 2766 4638 alloquitur
2804 4565 2886 4638 his
2917 4568 3099 4638 verbis
3148 4585 3160 4621 :
3212 4567 3336 4635 Ipsa
3375 4565 3541 4638 igitur
3577 4587 3667 4635 pe-

2098 4633 2252 4706 nuria
2278 4634 2703 4706 denuntiantinm
2731 4635 2973 4699 meliora,
3013 4637 3224 4690 minime
3245 4633 3250 4635 ⁷
3267 4633 3442 4706 ferens
3477 4633 3664 4693 absur-

2097 4704 2219 4754 dum
2241 4713 2287 4755 et
2323 4705 2580 4770 privatam
2624 4705 2778 4773 ﬁdem
2813 4715 2902 4757 tua
2952 4722 3074 4774 erga
3128 4704 3309 4760 Jesunt
3367 4711 3664 4773 dilectione,

2103 4775 2402 4847 tradidere;
2432 4774 2732 4847 aliquando
2760 4776 2980 4845 teipsum
3014 4777 3176 4828 verbis
3211 4793 3285 4829 :a
3322 4781 3510 4847 quibus
3541 4782 3664 4832 data

2096 4853 2274 4912 postea
2301 4843 2391 4896 tibi
2424 4844 2791 4914 intelligentia,
2817 4843 2962 4912 usus,
2990 4856 3137 4908 prout
3165 4843 3394 4913 decebat,
3413 4851 3664 4902 damnata

2096 4914 2282 4967 Iucresi
2318 4915 2659 4986 _discessisti.
2698 4914 2896 4986 Exstat
2954 4918 3042 4970 hic
3101 4914 3353 4986 Origenis
3409 4921 3560 4974 locus
3612 4921 3662 4973 in

2098 4999 2216 5051 cap.
2250 5000 2277 5036 v
2310 4982 2640 5039 Pliiloctiliaz.
2685 4984 2914 5051 Quidam
2964 4995 3142 5038 tamen
3175 4982 3525 5043 Kmbrosium
3559 5005 3664 5044 non

2101 5053 2391 5128 Valentini,
2422 5067 2480 5108 ut
2509 5055 2774 5109 Eusebius
2806 5060 2913 5128 ait,
2951 5060 3042 5128 sed
3077 5055 3371 5128 Marcionis
3415 5061 3661 5128 haaresim

2095 5126 2250 5245 gius
2277 5135 2542 5178 sectatqu
2566 5139 2687 5179 esse
2711 5126 2979 5180 scribunt.
3011 5127 3086 5180 Ita
3111 5127 3442 5194 Epiphanius
3467 5147 3481 5183 :
3510 5126 3662 5191 Τινὲς

2184 5194 2276 5245 τὸν
2315 5194 2638 5245 Ἀιιϐοόσιον
2677 5194 2882 5245 ἔφασαν
2918 5199 2967 5245 οἱ
3007 5197 3105 5245 μὲν
3142 5197 3588 5245 Maeniana-clm-
3614 5203 3662 5245 oi.

2184 5194 2294 5273 ΞὺνΔ
2315 5194 2882 5273 Ἀμϐρόσιονέφασαν
2918 5199 2978 5273 ei
3005 5197 3105 5267 μὲν
3142 5197 3662 5273 Μαρκιῳνιστὴνρ-οί

2095 5262 2152 5339 δὲ
2187 5262 2555 5339 Σαβελλιανόν.
2631 5262 2728 5321 Ubi
2782 5262 3138 5322 Sabellianum
3192 5262 3372 5336 posuit
3407 5262 3536 5339 pro.
3563 5262 3665 5323 Va-

2097 5337 2403 5389 lentiniano.

2167 5405 2242 5476 (8)
2271 5404 2633 5478 Hpoa'ei’xor.
2685 5405 2738 5460 ld
2764 5416 2866 5475 est,
2909 5407 3250 5466 auscultandi
3292 5411 3466 5478 gratia
3509 5411 3664 5467 scho—

2097 5473 2202 5549 lam
2224 5473 2350 5544 ejus
2387 5473 2823 5545 frequentabant.
2854 5473 2990 5535 'Ilos
3041 5495 3070 5532 a
3121 5473 3399 5549 discipulis
3450 5492 3663 5548 separat

2095 5545 2382 5621 Eusebius.
2473 5549 2655 5621 itaque
2734 5552 2922 5621 addit,
2999 5545 3280 5621 μονονουχῖ
3343 5545 3664 5620 παιδευόμε-

2094 5631 2172 5691 νρι
2195 5655 2218 5691 ,_
2247 5616 2297 5669 id
2327 5627 2429 5691 est,
2465 5617 2572 5684 fere
2607 5627 2660 5671 ut
2707 5616 3011 5690 disciputif
3042 5623 3184 5691 quod
3225 5616 3348 5677 'itou
3394 5616 3662 5678 intellexit

2094 5687 2636 5755 Christopborsenus.
