4012 6256
394 341 500 395 εϐι

1394 345 1744 404 HISTORIA}.
1783 347 2335 411 ECCLESIASTICIE
2373 357 2499 410 LIB.
2548 357 2634 412 Vl.

3551 357 3646 414 50$

392 454 723 526 φιλοσοφίας
752 455 888 527 πρὸς
914 453 1080 509 αὐτοῦ
1111 455 1504 527 παιδευόμενοι.
1551 459 1751 530 Είσῆγέ
1787 477 1847 512 τε
1874 447 1981 533 γὰρ

2098 479 2303 533 quoque
2325 466 2676 535 philosophiae
2703 478 2973 538 pra'ccpta
3000 469 3152 536 quasi
3181 468 3429 536 (ἰὶδςὶριιιί
3463 484 3530 525 ιιι
3563 426 3675 524 illo’.

391 549 561 610 ὅσους
592 549 808 618 εὐφυῶς
836 549 1056 620 ἔχοντας
1086 549 1254 620 (9-10)
1286 549 1432 624 ἐώρα
1459 553 1551 607 καὶ
1567 554 1658 606 ἐπὶ
1683 556 1752 608 τὰ
1770 554 1984 624 φιλόσο-

395 657 486 708 φα
531 641 868 714 μαθήματα,
924 642 1267 715 γεωμετρίαν
1313 645 1407 698 καὶ
1450 645 1815 718 ἀριθμητικὴν
1841 686 1856 710 ,
1891 647 1985 700 καὶ

393 733 473 787 τὰ
507 735 641 788 ἄλλα
664 735 1112 808 προπαιδεύματα
1147 735 1489 808 παραδιδοὺς,
1520 736 1598 800 είς
1625 756 1682 791 τε
1707 738 1804 803 τὰς
1834 739 1984 811 αἱρέ-

401 846 525 892 σεις
549 829 646 892 τὰς
673 829 822 900 παρὰ
845 831 957 892 τοῖς
988 828 1293 898 φιλοσόῳοις
1315 830 1592 901 προάγων,
1621 831 1715 884 καὶ
1742 831 1809 884 τὰ
1836 830 1985 903 παρά

398 921 618 985 τούτοις
661 923 1064 994 συγγράμματα
1112 922 1489 994 διηγούμενος,
1539 922 1979 996 ὑπομνηματιζό-

406 1015 576 1085 μενός
612 1032 669 1068 τε
711 1017 801 1070 καὶ
833 1013 1049 1087 θεωρῶν
1087 1017 1164 1079 εἰς
1209 1016 1412 1070 ἕκαστα
1439 1056 1453 1078 ,
1486 1017 1624 1070 ὥστε
1666 1019 1840 1087 μέγαν
1888 1019 1983 1071 καὶ

405 1107 542 1178 παρ’
575 1107 756 1170 αὐτοῖς
791 1107 1014 1177 Ἕλλησι
1054 1107 1337 1178 φιλόσοφον
1369 1109 1459 1162 τὸν
1501 1109 1668 1183 ἄνδρα
1719 1111 1983 1182 κηρύττε-

410 1198 557 1252 σθαι.
606 1198 840 1260 Πολλοὺς
870 1199 925 1252 δὲ
963 1200 1056 1252 καὶ
1083 1199 1188 1253 τῶν
1219 1201 1639 1272 ίδιωτικωτέρων
1673 1204 1862 1275 ἐνῆγεν
1895 1205 1986 1256 ἐπὶ

407 1291 481 1344 τὰ
530 1290 792 1359 ἐγκύκλια
845 1291 1165 1364 γράμματα,
1210 1294 1269 1345 οὐ
1321 1293 1521 1368 μικρὰν
1553 1295 1732 1359 αὐτοῖς
1771 1294 1987 1348 ἔσεσθαι

409 1383 640 1452 φάσκων
673 1382 730 1449 ἐξ
758 1383 979 1436 ἐκείνων
1008 1383 1414 1455 ἐπιτηδειότητα
1453 1388 1530 1450 είς
1560 1387 1657 1458 τὴν
1689 1387 1797 1440 τῶν
1830 1386 1987 1441 θείων

408 1472 646 1545 Γραῳῶν
675 1472 906 1544 Θεωρίαν
937 1491 992 1527 τε
1019 1475 1114 1526 καὶ
1142 1477 1493 1547 παρασκευήν
1527 1477 1658 1547 (Η).
1693 1477 1852 1531 Ὅθεν
1881 1479 1986 1550 μά-

407 1566 574 1620 λιστα
623 1565 716 1620 καὶ
766 1555 943 1636 ἑαυτῷ
993 1567 1292 1635 ἀναγκαίαν
1341 1569 1581 1640 ἡγήσατο
1618 1569 1714 1642 τὴν
1758 1571 1884 1642 περὶ
1921 1571 1990 1626 τὰ

411 1657 659 1729 κοσμικά
690 1659 782 1712 καὶ
811 1659 1074 1730 φιλόσοφα
1105 1660 1400 1732 μαθήματα
1429 1661 1680 1734 ἄσκησιν.

2087 557 2473 626 percipiebant.
2513 557 2877 628 Quoscumque
2903 561 3044 613 enim
3077 575 3143 613 ex
3177 559 3462 628 discipulis
3482 561 3654 616 soler-

2089 646 2165 700 tia
2211 656 2265 700 et
2319 647 2568 701 acumine
2613 647 2812 714 ingenii
2863 649 3116 717 praeditos
3160 648 3670 714 animadverterat,

2086 753 2179 793 eos
2222 742 2272 794 in
2315 739 2710 810 philosophiam
2753 739 3160 804 introducebat,
3195 739 3547 808 geometriam
3585 740 3653 792 il-

2087 829 2153 883 lis
2199 829 2417 883 tradens
2457 839 2511 882 et
2539 829 2934 882 aritlnneticam
2967 829 3205 898 aliasque
3239 827 3656 899 prmviasdisci-

2087 918 2263 987 plinas
2303 933 2316 968 :
2361 916 2484 970 inde
2526 919 2591 970 ad
2631 919 2811 971 varias
2853 918 3297 986 philosophorum
3339 928 3518 974 sectas
3563 935 3657 974 eas

2088 1012 2421 1081 perducens,
2459 1022 2512 1066 et
2542 1011 2708 1065 libros
2744 1027 2772 1064 a
2813 1011 2977 1082 219
3015 1013 3292 1067 veteribus
3321 1011 3658 1083 philosophis

2088 1105 2430 1174 conscriptos
2474 1119 2781 1173 exponens;
2844 1104 3268 1160 commentarios
3330 1119 3547 1172 quoque
3603 1104 3655 1158 in

2091 1198 2330 1267 singulos
2367 1197 2638 1262 scribens,
2671 1209 2726 1252 et
2767 1199 3074 1253 reconditos
3101 1213 3297 1253 sensus
3337 1198 3550 1266 penitus
3577 1196 3660 1250 in-

2093 1292 2339 1361 quirens,
2367 1291 2500 1346 adeo
2523 1299 2580 1346 ut
2610 1291 2749 1361 apud
2777 1293 2923 1360 ipsos
2952 1293 3116 1346 etiam
3148 1292 3376 1364 gentiles
3409 1305 3660 1346 summus

2094 1383 2444 1451 philosophus
2474 1384 2937 1452 pronuntiaretur.
2971 1385 3044 1437 Ek
3077 1384 3388 1438 rndioribus
3419 1372 3547 1437 vero
3571 1391 3658 1436 at-

2093 1491 2197 1545 que
2230 1476 2521 1531 hebetioris
2551 1476 2748 1545 ingenii
2779 1474 3058 1545 discipulis
3084 1515 3098 1542 ,
3129 1475 3326 1530 multos
3364 1474 3430 1530 ad
3470 1476 3662 1530 Imma-

2096 1571 2310 1624 niorum
2357 1570 2558 1623 artium
2601 1571 2774 1624 studia
2811 1570 3225 1632 cohortabatur,
3258 1583 3510 1623 asserens
3550 1582 3657 1623 non

2097 1661 2427 1717 mediocrem
2478 1663 2599 1718 illos
2642 1662 2958 1718 facultatem
3002 1679 3067 1717 ex
3118 1661 3425 1730 hujusmodi
3471 1661 3663 1717 studiis

413 1759 767 1818 percepturos
789 1764 908 1805 esse
949 1750 1016 1804 ad
1045 1765 1327 1804 sacrarum
1370 1751 1770 1822 Scripturarum
1836 1752 2258 1822 intelligentiam.
2323 1753 2589 1820 Quocirca
2649 1755 2925 1809 surcularis
2991 1754 3307 1809 litteratura:
3338 1763 3392 1809 et
3423 1753 3662 1824 philoso.

413 1841 558 1913 phiae
607 1843 782 1897 studia
817 1843 918 1898 sibi
947 1857 1162 1910 quoque
1192 1842 1459 1912 imprimis
1496 1845 1805 1898 necessaria
1843 1859 1964 1899 esse
1988 1829 2340 1899 existimavit.

938 1936 1332 1990 ΚΕΦΑΛΑΙΟΝ
1362 1936 1463 1989 ῙΘ’.

599 2025 746 2079 Ὅσα
798 2026 939 2098 περί
985 2027 1320 2098 Ὠριγέι-οους
1362 2029 1794 2096 μνημονεύεται

876 2095 1015 2167 (Nic.
1041 2095 1205 2151 HJE.
1231 2115 1281 2161 ν,
1309 2095 1396 2158 1:2,
1434 2095 1546 2168 15).

487 2189 782 2264 Μάρτυρες
819 2190 875 2244 δὲ
904 2193 998 2244 καὶ
1035 2191 1135 2260 τῆς
1169 2191 1296 2262 περὶ
1324 2190 1495 2244 ταῦτα
1527 2191 1688 2246 αὑτοῦ
1717 2191 1992 2265 κατορθώ-

416 2300 587 2347 σεως,
624 2282 802 2336 αὐτῶν
838 2283 1102 2353 Ἑλλήνων
1147 2283 1194 2335 οἱ
1229 2283 1347 2336 κατ’
1375 2283 1532 2336 αὐτὸν
1561 2285 1870 2355 ἠκμακότες
1901 2303 1991 2354 φι-

414 2373 664 2442 λόσοφον
695 2367 769 2428 ὧν
803 2377 860 2429 ἐν
892 2374 1318 2445 συγγράμμασι,
1354 2374 1550 2446 πολλὴν
1589 2377 1807 2448 μνήμην
1836 2375 1992 2448 εὖρο-

421 2485 521 2537 μεν
547 2467 643 2520 τοῦ
674 2467 864 2540 ἀνδρός
887 2485 901 2500 ο
932 2469 1052 2521 τοτέ
1085 2468 1181 2539 μὲν
1207 2467 1354 2538 αὐτῷ
1383 2468 1844 2538 προσ-φωνούντων
1871 2471 1996 2532 τοὺς

417 2557 628 2611 ἑαυτῶν
665 2557 876 2627 λόγους,
911 2559 1031 2611 τοτέ
1061 2559 1116 2610 δὲ
1147 2559 1223 2622 ὼς
1257 2558 1558 2630 διδασκάλῳ
1589 2562 1666 2623 είς
1721 2560 1996 2632 ἐπίκρισιν

414 2651 544 2714 τοὺς
575 2650 735 2714 ἰδίους
764 2650 1141 2721 ἀναφερόντων
1165 2650 1374 2713 πόνους.
1407 2652 1470 2703 Τί
1499 2651 1578 2704 δεῖ
1603 2651 1771 2704 ταῦτα
1795 2651 1994 2720 λέγειν,

413 2744 506 2796 ὅτε
541 2744 633 2796 καὶ
663 2745 693 2795 ὁ
721 2743 840 2797 καθ’
869 2745 1014 2814 ἡμᾶς
1046 2745 1102 2797 ἐν
1134 2745 1346 2816 Σικελίᾳ
1390 2744 1664 2808 καταστὰς
1691 2746 1998 2818 Πορφύριος

416 2837 555 2906 (12),
584 2839 991 2909 συγγράμματα
1022 2837 1142 2891 καθ’
1171 2837 1325 2910 ἡμῶν
1355 2836 1771 2908 ἐνστησάμενος,
1806 2840 1899 2892 καὶ
1931 2839 1997 2892 δι’

415 2929 601 2984 αὐτῶν
645 2929 746 2993 τὰς
788 2930 935 2995 θείας
971 2931 1010 2983 Γ
1016 2929 1192 3002 ραφάς
1232 2929 1535 2983 διαϐάλλειν
1576 2931 1996 3001 πεπειραμένος,

418 3023 529 3076 τῶν
557 3041 617 3076 τε
646 3024 728 3087 είς
766 3023 936 3087 αὐτὰς
969 3022 1390 3094 ἐξηγησαμένων
1435 3023 1812 3094 μνημονεύσας
1834 3065 1848 3088 ,
1893 3042 1999 3094 μη-

418 3115 508 3168 δὲν
542 3115 804 3187 μηδαμῶς
849 3114 1050 3184 φαῦλον
1090 3113 1341 3186 ἔγκλημα
1371 3118 1486 3179 τοῖς
1518 3115 1778 3186 δόγμασιν
1809 3115 1998 3168 ἐπιϐα-

418 3208 534 3261 λεῖν
573 3208 855 3279 δυνηθεὶς,
889 3209 1092 3282 ἀπορίᾳ
1129 3208 1333 3278 λόγων,
1378 3209 1470 3262 ἐπὶ
1511 3209 1569 3262 τὸ
1596 3210 1850 3280 λοιδορεῖν
1879 3212 2002 3284 τρέ-

2676 1939 2901 1995 CAPUT
2935 1938 3078 1995 XIX.

2166 2032 2295 2098 Qua:
2316 2034 2378 2088 de
2411 2032 2633 2104 Origene
2657 2051 2687 2086 a
2710 2033 2990 2102 gemitibus
3018 2040 3427 2086 commemorata
3461 2033 3590 2086 sint.

2163 2191 2432 2256 Quantum
2482 2206 2644 2258 porro
2681 2192 2732 2244 in
2777 2190 2842 2245 iis
2873 2191 3067 2245 studiis
3105 2191 3422 2246 execlluerit
3446 2232 3461 2254 ,
3495 2201 3665 2245 testes

2093 2294 2216 2338 Sunt
2255 2284 2352 2353 ipsi
2401 2285 2684 2353 gentilium
2719 2284 3024 2353 philosophi
3072 2283 3166 2352 qui
3219 2283 3335 2352 ejus
3372 2292 3535 2337 {etate
3564 2281 3663 2336 ﬂo-

2095 2386 2335 2430 ruerunt.
2365 2373 2604 2442 Quorum
2647 2377 2698 2428 in
2733 2375 2885 2429 libris
2913 2377 3159 2429 crebram
3189 2374 3345 2441 hujus
3372 2376 3472 2429 viri
3512 2389 3665 2430 men-

2099 2471 2294 2522 tionem
2329 2468 2441 2522 lieri
2460 2469 2934 2540 deprehendimus,
2956 2469 3077 2521 dum
3109 2469 3190 2522 vel
3218 2470 3466 2539 proprios
3497 2469 3667 2524 libros

2095 2564 2142 2615 ci
2194 2573 2539 2632 nuncupant,
2573 2562 2653 2616 vel
2687 2563 2904 2617 eosdem
2960 2561 3351 2618 examinandos
3403 2571 3662 2633 tanquam

2096 2655 2160 2706 ad
2191 2656 2506 2724 magistrum
2541 2669 2698 2708 suum
2737 2654 2997 2723 dirigunt.
3032 2654 3138 2707 Sed
3167 2656 3293 2722 quid
3327 2654 3394 2709 de
3429 2655 3492 2708 iis
3515 2653 3664 2716 dico.

2097 2745 2310 2813 quando
2341 2754 2394 2797 et
2425 2745 2538 2814 ipse
2569 2743 2925 2814 Porphyrius,
2941 2745 3028 2812 qui
3062 2754 3244 2798 nostra
3276 2745 3664 2814 propemodum

2097 2835 2355 2888 memoria
2403 2835 2455 2889 in
2506 2835 2692 2890 Sicilia
2724 2837 2921 2905 degens
2947 2875 2961 2899 ,
2995 2846 3188 2890 contra
3232 2837 3390 2890 fidem
3425 2848 3664 2892 nostram

2099 2929 2266 2983 libros
2293 2928 2657 2998 conscripsit,
2685 2928 2735 2980 in
2771 2928 2966 2995 quibus
2989 2930 3200 2983 divinas
3233 2927 3544 2993 Scripturas
3573 2945 3667 2984 ca-

2100 3021 2348 3074 lumniari
2381 3031 2606 3076 conatus
2629 3030 2734 3085 est,
2765 3021 3098 3075 mentionem
3127 3019 3334 3076 faciens
3361 3036 3547 3075 eorum
3575 3022 3706 3090 qui,-

2101 3112 2220 3166 illas
2258 3111 2594 3179 interpretati
2626 3119 2775 3175 sunt,
2803 3125 2924 3164 cum
2955 3111 3204 3180 dogmata
3234 3111 3349 3180 ipsa
3381 3119 3545 3179 atque
3574 3126 3672 3167 as-

2101 3204 2368 3258 sertioncs
2414 3203 2720 3258 nullatenus
2755 3213 2937 3272 posset
2965 3205 3364 3271 reprehendere
3389 3245 3404 3268 ,
3442 3219 3551 3274 pra:
3581 3221 3670 3258 ra-

421 3314 585 3352 πεται
609 3300 704 3352 καὶ
735 3301 862 3363 τοὺς
893 3298 1162 3370 ἐξηγητὰς
1185 3298 1507 3364 διαϐάλλειν,
1534 3293 1608 3352 ὧν
1645 3301 1878 3370 μάλιστα
1908 3301 1990 3354 τὸν

2103 3297 2307 3349 tionum
2373 3295 2551 3358 inopia
2603 3295 2667 3348 ad
2703 3295 2946 3348 convicia
2997 3310 3313 3359 conversus,
3349 3297 3672 3366 interpretes

434 3391 714 3462 Ὠριγὲνην
745 3391 877 3462 (15),
913 3391 971 3444 ὃν
997 3390 1133 3444 κατά
1165 3390 1261 3462 τὴν
1302 3391 1424 3444 νέαν
1466 3391 1675 3463 ἡλικίαν
1703 3392 1997 3461 ἐγνωκέναι

421 3486 637 3556 φήσας,
682 3483 983 3538 διαϐάλλειν
1022 3485 1120 3556 μὲν
1162 3485 1435 3556 πειρᾶται.
1485 3484 1752 3538 Συνιστῶν
1793 3484 1850 3537 δέ
1890 3484 1998 3555 ἄρα

421 3577 515 3630 τὸν
549 3576 718 3648 ἄνδρα
751 3575 1025 3640 ἐλάνθανε,
1061 3575 1129 3628 τὰ
1164 3575 1262 3646 μὲν
1289 3575 1658 3646 ἐπαληθεύων,
1695 3577 1750 3629 ἐν
1775 3570 1859 3640 οἷς
1887 3576 1994 3629 οὐδ’

421 3667 628 3740 ἑτέρως
660 3667 807 3738 αὐτῷ
853 3666 1030 3736 λέγειν
1065 3662 1133 3736 ἦν
1175 3665 1426 3726 δυνατὸν,
1460 3664 1530 3718 τά
1574 3665 1629 3719 δὲ
1677 3667 1769 3719 καὶ
1810 3665 1999 3735 ψευδό-

427 3779 611 3832 μενος,
641 3762 698 3814 ἐν
720 3755 801 3825 οἷς
828 3759 1086 3832 λήσεσθαι
1113 3757 1325 3830 ἐνόμιζε
1349 3776 1362 3788 ⁸
1401 3759 1494 3812 καὶ
1514 3759 1635 3812 τοτὲ
1663 3760 1761 3830 μὲν
1784 3759 1858 3823 ὡς
1878 3758 1921 3812 Χ
1930 3776 2002 3831 ρι-

499 3895 674 3964 (9-l0)
698 3897 915 3963 Ὄσους
935 3895 1172 3966 ευρυῶς
1191 3894 1465 3964 ἔχοντας.
1489 3895 1562 3949 Ex
1585 3895 1858 3963 discipulis
1876 3897 1991 3951 suis

427 3967 660 4022 scilicet.
695 3967 895 4038 itaque
938 3968 990 4021 in
1041 3969 1645 4038 interpretationepillea
1693 3969 1790 4021 has
1853 3969 1986 4038 duas

429 4052 591 4091 voces
643 4035 843 4103 addidi,
892 4038 958 4092 ad
1009 4037 1306 4104 planiorem
1362 4037 1771 4102 intelligentiam
1827 4035 1986 4102 hujus

427 4106 532 4162 loci
559 4122 720 4176 quem
762 4122 866 4162 non
909 4107 1293 4162 intellexerunt
1318 4107 1654 4176 interpretes.
1686 4107 1847 4162 Solus
1873 4108 1982 4160 ltu-

428 4178 572 4232 tinus
601 4192 820 4232 sensum
871 4177 1084 4232 Eusebii
1132 4189 1416 4232 assecutus
1459 4188 1564 4239 cst.
1606 4178 1758 4244 cujus
1811 4177 1990 4232 versio

428 4248 810 4302 cmnmcularii
848 4247 1022 4301 vicem
1064 4247 1150 4300 hic
1189 4256 1430 4314 praestat.
1471 4245 1560 4302 Sic
1602 4251 1746 4301 enim
1781 4249 1988 4301 vertit:

430 4317 873 4386 PItilosOpltorum
913 4334 1114 4386 quoque
1152 4319 1503 4385 opinatissimi
1549 4319 1758 4386 quique,
1801 4328 1908 4370 tam
1935 4319 1990 4372 iu

427 4390 619 4444 nostris
643 4403 782 4450 eum,
799 4403 966 4510 [quam
988 4389 1040 4440 in
1066 4388 1176 4440 suis
1197 4391 1508 4456 magistrum
1529 4388 1992 4455 incomparabilem

431 4457 750 4510 fatebantur.
850 4466 933 4510 rat
972 4472 1192 4510 namque
1239 4459 1286 4510 ei
1339 4475 1450 4510 mos
1493 4458 1614 4510 iste.
1660 4467 1717 4510 ut
1766 4459 1812 4510 si
1866 4475 1992 4510 auos

429 4457 750 4526 fatebantur.
799 4457 933 4511 Erat
972 4472 1192 4525 namque
1239 4459 1286 4510 ei
1339 4475 1450 4512 mos
1493 4458 1614 4521 iste,
1660 4467 1717 4510 ut
1766 4459 1812 4510 si
1866 4475 1994 4527 quos

429 4539 728 4583 nostrorum
786 4527 1296 4582 ado!escentulorum
1347 4529 1647 4595 ingeniosos
1698 4527 1889 4581 videret
1946 4539 1995 4581 et

2105 3387 2251 3457 ipsos
2282 3387 2622 3441 criminatur.
2675 3387 2751 3440 Ex
2803 3387 3008 3458 quibus
3039 3386 3303 3456 praecipue
3332 3386 3622 3458 Origenem
3651 3427 3667 3453 ,

2105 3494 2262 3547 quem
2295 3480 2393 3534 sibi
2425 3479 2602 3534 adhuc
2646 3478 2976 3534 adolescenti
3023 3479 3298 3550 cognitum
3342 3493 3463 3534 esse
3497 3482 3668 3535 dicit.

2103 3571 2422 3624 calumniari
2455 3572 2675 3640 quidem
2711 3572 2936 3636 nititur;
2967 3588 3154 3626 revera
3187 3583 3366 3628 tamen
3393 3574 3670 3628 hominem

2109 3663 2414 3730 imprudens
2442 3655 2784 3718 commendat
2815 3678 2830 3727 ;
2875 3662 3073 3732 partim
3105 3678 3231 3718 vera
3274 3662 3502 3718 dicendo
3527 3703 3542 3728 ,
3579 3662 3669 3718 ubi

2113 3755 2269 3810 aliter
2295 3756 2472 3810 dicere
2500 3771 2606 3809 non
2642 3765 2897 3826 poterat;
2933 3757 3128 3824 partim
3159 3757 3497 3824 mentiendo,
3530 3772 3668 3827 quo-

2099 3897 2170 3949 De
2199 3896 2381 3964 script.
2424 3894 2572 3959 eccl.,
2609 3894 2828 3948 Eusebii
2876 3893 3043 3950 libros
3078 3909 3444 3964 enumerans:
3477 3894 3674 3964 Contra
3723 3935 3728 3940 τ

2099 3963 2450 4036 Porphyrium
2484 3967 2572 4030 qui
2605 3965 2784 4036 eodem
2810 3973 3040 4036 tempore
3070 3963 3335 4036 scribebat
3362 3967 3416 4036 in
3457 3963 3668 4036 Sicilia,

2093 4049 2146 4090 ut
2177 4033 2389 4106 quidam
2423 4044 2608 4102 putant
2649 4033 2770 4086 libri
2807 4033 2896 4106 30.
2923 4033 3153 4106 _Eodem
3179 4033 3365 4106 alludit
3390 4035 3440 4088 in
3482 4035 3673 4106 pra‘l‘a-

2099 4103 2244 4160 tionc
2275 4105 2784 4160 Commentariorum
2825 4105 2880 4158 in
2911 4103 3258 4163 Ezecltielem,
3301 4105 3387 4158 Itis
3430 4103 3611 4158 verbis
3654 4123 3670 4161 ι

2111 4175 2293 4230 Verum
2323 4175 2446 4244 quia
2473 4182 2521 4228 et
2553 4184 2609 4228 tu
2629 4175 2978 4229 indesinenter
3003 4177 3100 4228 hoc
3131 4175 3363 4244 ﬂagitas,
3398 4185 3444 4228 et
3483 4191 3675 4245 magno

2097 4246 2304 4300 vulneri
2333 4245 2552 4298 cicatrix
2581 4246 2833 4314 paulatim
2867 4246 3172 4306 obducitur,
3211 4246 3557 4314 scorpiusque
3588 4247 3672 4299 iu-

2097 4331 2176 4370 ter
2201 4315 2519 4369 Enceladum
2557 4326 2603 4368 et
2652 4313 3007 4384 Porphyrium
3051 4313 3340 4369 Trinacria:
3368 4316 3522 4368 Immo
3555 4332 3676 4382 pre-

2101 4389 2290 4449 mitur,
2323 4395 2454 4451 etc.,
2483 4385 2569 4437 ubi
2611 4387 2808 4452 scorpii
2853 4387 3072 4441 nomine
3112 4386 3363 4439 Ruﬁnum
3403 4385 3672 4454 designat.

2103 4459 2192 4525 qui
2227 4464 2380 4525 capta
2423 4456 2556 4509 urbe
2605 4457 2656 4508 in
2707 4455 2946 4510 Siciliam
2998 4473 3058 4510 se
3110 4466 3409 4521 receperat.
3457 4467 3513 4509 nt
3561 4455 3676 4526 ipse

2106 4536 2334 4582 testatur
2373 4528 2426 4579 in
2476 4526 2702 4592 epistola
2753 4528 2822 4580 ad
2878 4526 3178 4589 Ursatinm,
3232 4542 3391 4592 quam
3444 4527 3676 4596 prmlixit

428 4597 638 4652 lectioni
677 4598 806 4651 satis
847 4599 1070 4661 deditos,
1118 4598 1344 4650 traderet
1387 4601 1462 4652 eis
1506 4599 1662 4650 etiam
1698 4614 1758 4652 ea
1808 4599 1996 4664 quibus
2029 4603 2076 4659 ι)
2105 4596 2532 4666 interpretationi
2579 4596 2932 4650 Homiliarum
2973 4597 3222 4664 Origenis
3257 4597 3309 4648 in
3359 4596 3520 4650 libros
3555 4596 3674 4650 Nu-

429 4669 726 4738 philosophi
760 4668 898 4722 veiut
935 4669 1120 4739 primis
1151 4666 1418 4723 elementis
1463 4669 1720 4722 discentes
1766 4669 1996 4723 imbuere

427 4740 615 4801 solent,
657 4748 760 4792 etc.
1610 4791 1621 4801 _

500 4807 612 4880 (ll)
663 4809 920 4878 θεωρίαν
981 4825 1044 4862 τε
1091 4807 1191 4860 καὶ
1241 4809 1652 4876 παρασκευήν.
1701 4808 1817 4864 Hoc
1879 4810 1998 4866 loco

428 4879 590 4932 verba
622 4889 746 4933 sunt
773 4880 1102 4946 transposita
1136 4893 1286 4932 more
1317 4879 1643 4934 Eusebiano.
1668 4881 1825 4934 Amat
1850 4881 1995 4935 enim

429 4950 709 5012 Eusebius,
738 4958 794 5004 ut
818 4951 926 5018 jam
961 4949 1285 5011 monuimus,
1317 4950 1619 5017 hujusmodi
1653 4949 1996 5016 traiectiones

427 5035 644 5074 vocum;
671 5021 821 5085 Quod
862 5035 983 5074 cmn
1025 5036 1134 5073 non
1175 5020 1682 5074 animadvertissent
1732 5021 1996 5088 interpre-

430 5101 530 5153 tes,
561 5091 612 5143 in
652 5106 896 5144 errorem
943 5106 1097 5158 saepe.
1136 5090 1267 5158 lapsi
1319 5100 1464 5147 sunt.
1513 5089 1606 5144 Sic
1651 5091 1816 5155 igitur
1859 5107 1990 5146 con-

429 5161 837 5233 strucudusest
865 5163 952 5215 hic
993 5163 1173 5214 locus:
1212 5159 1286 5233 Ofb
1330 5160 1531 5233 μικρὰν
1559 5162 1746 5233 αὐτοῖς
1767 5160 1988 5214 ἔσεσθαι

429 5231 650 5303 φάσκων
692 5231 753 5298 ἐξ
809 5231 1491 5303 ἐκείνωνᾲὲπιτηδειότητά
1551 5251 1610 5285 τε
1668 5232 1762 5285 καὶ¹
1815 5250 1988 5303 παραυ

429 5302 648 5372 σκευὴν,
683 5303 762 5366 είς
788 5303 884 5374 τὴν
914 5301 1020 5374 τῶν
1043 5301 1198 5355 θείων
1231 5301 1457 5374 Γραφῶν
1490 5303 1737 5374 θεωρίαν.

498 5374 609 5444 (l2)
627 5443 636 5444 ί
657 5374 710 5426 '0
743 5372 870 5428 καθ’
895 5372 1048 5442 ἡμᾶς
1080 5373 1148 5426 ἐν
1173 5372 1409 5440 Σικελίᾳ
1432 5372 1730 5439 καταστὰς
1760 5375 1986 5444 Πορρύ-

427 5443 570 5510 ριος.
623 5443 950 5513 Porphyrius
982 5445 1212 5511 primum
1261 5447 1474 5512 quidem
1523 5445 1748 5498 Athenis
1790 5443 1984 5513 Longi-

433 5531 554 5584 num
583 5516 786 5567 audivit
807 5513 1099 5569 Platonica:
1129 5523 1290 5567 secta:
1331 5515 1730 5584 phiIOSOphum.
1774 5513 1981 5584 Deinde

432 5583 623 5637 Plotini
653 5584 794 5636 fama
817 5585 1052 5646 excitus.
1078 5585 1303 5637 Romam
1332 5583 1514 5650 venit,
1544 5583 1630 5638 ubi
1661 5599 1780 5637 cum
1815 5583 1980 5637 Ploti-

433 5669 556 5706 nmn
600 5655 861 5708 ambisset
896 5654 1174 5716 sexennio,
1223 5653 1546 5708 valetudinis
1602 5655 1982 5717 recuperandae

432 5738 593 5792 causa
623 5724 879 5792 migravit
921 5726 974 5779 in
1015 5723 1273 5786 Siciliam,
1315 5733 1476 5792 atque
1520 5725 1631 5779 illic
1673 5726 1981 5790 quindecim

435 5791 596 5852 libros
627 5791 905 5866 proposuit
925 5793 1201 5854 adversus
1227 5791 1582 5853 Christianos.
1621 5794 1984 5866 Hieronymus

2108 4683 2389 4721 mererum.
2427 4669 2498 4738 De
2532 4667 2719 4738 iisdem
2757 4668 3040 4738 Porphyrii
3065 4668 3214 4738 libris
3238 4666 3674 4738 Chrysostontus

2108 4739 2160 4791 in
2186 4738 2402 4792 humilia
2431 4737 2462 4791 6
2485 4738 2537 4791 in
2579 4736 2876 4804 Epistolant
2905 4736 2973 4790 ad
3005 4737 3305 4791 Corinthios
3333 4736 3372 4791 εὴ
3395 4737 3595 4791 Ἰκανοὶ
3625 4738 3677 4791 ol.

2107 4809 2226 4862 καθ’
2255 4806 2412 4880 ήμῷν
2442 4807 2742 4880 εἰρηκότες,
2793 4807 2894 4880 τὴν
2937 4807 3270 4880 ἀρχαιότητα
3300 4808 3675 4880 Ῠμαρτυρῆσαι

2102 4883 2214 4950 τοῖς
2245 4877 2507 4950 ᾃβιϐλίοις,
2551 4877 2602 4930 οἱ
2643 4879 2772 4950 περὶ
2795 4877 3009 4950 -Κέλσον
3049 4877 3260 4950 καὶτὸν
3299 4877 3672 4950 Βατανεῷτην.

2108 4949 2208 5004 Ubi
2236 4948 2577 5004 Bntaneotem
2606 4948 2762 5003 vocat
2792 4948 3175 5020 Porphyrium,
3221 4949 3368 5004 sicut
3397 4960 3454 5004 et
3483 4949 3676 5006 lliero-

2105 5037 2316 5074 llVlllllS.

2144 5035 2437 5159 y("l"'5l)s"9r
2480 5090 2752 5160 μάλιστα
2805 5089 2910 5142 τὸν
2984 5090 3301 5160 Ὠριγέιην.
3375 5089 3507 5145 Post
3560 5091 3675 5147 haec

2101 5164 2265 5215 verba
2305 5164 2488 5230 scripti
2517 5164 2734 5217 codices
2765 5160 2933 5213 nostri
2969 5175 3225 5227 punctum
3267 5161 3428 5214 altius
3458 5170 3671 5228 notant,

2099 5248 2202 5303 non
2239 5233 2526 5303 virgulam,
2571 5244 2626 5286 ut
2672 5243 2754 5286 est
2805 5231 2857 5303 in
2901 5232 3140 5303 editione
3186 5231 3330 5303 Bob.
3383 5233 3670 5298 Stephani.

2095 5301 2237 5356 Leve
2270 5301 2566 5370 id'quidem
2603 5304 2778 5372 prima
2811 5301 2992 5356 fronte
3028 5301 3197 5355 videri
3241 5312 3450 5370 potest;
3481 5319 3672 5359 verum

2091 5373 2195 5426 nisi
2228 5373 2296 5425 ita
2331 5373 2676 5444 iuterpungas
2698 5383 2753 5426 ut
2778 5382 2858 5425 est
2882 5373 2940 5444 in
2979 5372 3194 5444 scriptis
3223 5373 3518 5438 codicibus,
3555 5390 3674 5441 qua:

2089 5453 2386 5513 sequuntur
2399 5441 2556 5497 verba
2576 5441 2794 5498 minime
2811 5441 3176 5498 cohmrcbunt.
3205 5445 3465 5498 Autenim
3493 5445 3676 5499 delen-

2089 5515 2189 5569 dus
2223 5515 2329 5568 erit
2362 5513 2617 5569 articulus
2655 5514 3044 5584 postpositivus
3090 5514 3179 5584 qui
3204 5516 3449 5581 sequitur
3475 5513 3554 5578 ὃν,
3583 5525 3675 5568 aut

2090 5599 2186 5653 pro
2212 5584 2390 5654 φήσας
2428 5581 2822 5639 emendandum
2869 5585 2973 5638 erit
3017 5581 3184 5654 φησί;
3238 5585 3280 5638 si
3326 5600 3456 5639 vero
3498 5588 3671 5640 inter-

2093 5656 2439 5726 punctioncm
2473 5655 2798 5726 scriptorum
2832 5654 3079 5726 codicum
3135 5656 3289 5724 sequi
3341 5656 3516 5721 malis,
3559 5665 3670 5710 tum

2092 5725 2444 5794 planissimus
2470 5724 2818 5793 erit'sensus,
2850 5739 2950 5782 nec
2990 5724 3096 5782 ulla
3127 5727 3510 5783 emendatione
3538 5741 3673 5796 opus

2093 5807 2220 5853 erit.
