4012 6256
464 348 566 402 867

1168 340 1436 398 EUSEBII
1470 336 1946 399 CESARIENSIS
1982 336 2134 394 OPP.
2178 336 2356 393 PARS
2390 338 2434 393 1.
2472 368 2542 382 -
2578 335 2969 393 HISTORICA.

3616 345 3721 402 568

468 486 619 525 nsum
655 470 706 524 in
732 467 1085 538 philosophia,
1117 464 1442 520 adulteravit
1471 480 1485 515 :
1516 469 1777 531 quantum
1807 460 2021 529 quidem

2142 461 2361 531 λογίμων
2404 457 2614 530 ἀνδρῶν
2656 457 2851 530 ὡμίλει
2907 459 3371 531 συγγράμμασιν
3419 463 3622 536 ἐχρῆτο
3661 464 3723 519 δὲ

466 567 531 620 ad
565 577 765 626 mores,
793 559 1104 617 Christiano
1135 558 1241 611 ritu
1288 565 1343 610 et
1368 558 1629 610 adversus
1673 553 1847 623 legum
1882 567 2025 620 pra:-

465 657 663 725 scripta
688 655 877 709 vivens
904 669 919 718 ;
961 660 1220 720 quantmn
1250 662 1378 703 vero
1421 648 1487 701 ad
1514 647 1796 717 opiniones
1838 645 1903 698 de
1936 658 2027 698 re-

467 747 564 800 bus
592 725 720 814 ipsis
748 756 809 797 ac
828 742 892 796 de
918 740 1023 796 Deo
1041 749 1268 810 spectat,
1288 738 1600 808 graacizans.
1622 746 1676 791 et
1702 734 2019 790 Grazcorum

466 851 561 892 seu
598 834 880 905 gentilium
927 847 1209 888 sermones
1255 829 1556 900 peregrinis
1600 842 1910 897 supponens
1946 826 2028 881 fa-

466 929 631 984 bulis.
664 927 988 983 Versabatur
1020 925 1164 979 enim
1199 923 1419 979 assidue
1461 938 1582 976 eum
1621 921 1861 976 Platone.
1913 920 2027 975 Nu-

468 1021 630 1075 menii
663 1033 897 1089 quoque,
916 1017 1121 1077 Cranii.
1150 1015 1536 1085 Apollophanis
1566 1024 1621 1070 et
1644 1013 1896 1084 Longini,
1916 1011 2029 1066 Mo-

467 1113 642 1168 derati
678 1113 843 1168 etiam
892 1127 957 1175 ac
1004 1109 1361 1173 Nicomachi,
1403 1117 1456 1162 et
1491 1106 1719 1161 aliorum
1761 1106 1851 1176 qui
1887 1105 2031 1160 inter

463 1202 851 1274 Pythagoricos
899 1201 1149 1272 praecipui
1193 1200 1478 1263 habentur,
1525 1197 1728 1266 scripta
1788 1196 2029 1265 quotidie

468 1296 778 1351 habebatin
817 1294 1089 1348 manibus.
1127 1290 1431 1347 Adhibebat
1469 1290 1632 1344 etiam
1665 1288 2031 1344 Chmrcmonis

465 1384 635 1443 Stoici
672 1396 723 1441 et
751 1386 971 1441 Cornuti
1013 1385 1197 1437 libros.
1227 1384 1263 1435 Α
1293 1382 1489 1450 quibus
1523 1396 1643 1434 cum
1678 1379 2029 1449 allegoricum

466 1479 519 1532 in
554 1479 883 1547 explicandis
918 1476 1227 1532 Graecorum
1264 1474 1536 1543 mysteriis
1560 1472 1774 1525 modum
1806 1471 2027 1525 didicis-

465 1581 549 1625 set
575 1611 590 1633 ,
619 1586 739 1624 cum
766 1569 1005 1627 .ludaicis
1036 1566 1337 1637 Scripturis
1372 1564 1641 1618 adhibuit.
1685 1582 1703 1614 ι
1741 1562 1866 1617 llzec
1898 1561 2031 1617 Por-

464 1664 688 1734 pbyrius
723 1662 773 1715 in
826 1662 965 1716 libro
1015 1661 1180 1714 tertio
1217 1659 1334 1725 ejus
1369 1657 1555 1727 operis
1601 1657 1741 1727 quod
1779 1657 2033 1710 adversus

466 1753 805 1807 Christianos
857 1751 1182 1820 composuit.
1219 1749 1319 1815 Qui
1369 1749 1436 1804 dc
1481 1749 1577 1803 viri
1630 1748 1843 1817 quidem
1893 1747 2033 1800 illius

2128 552 2219 605 καὶ
2263 551 2608 622 Χαιρήμονος
2648 550 2759 620 (25)
2807 551 2903 605 τοῦ
2940 552 3178 606 Στωϊκοῦ
3202 593 3217 618 ,
3259 554 3600 628 Κουρνούτου
3659 574 3722 610 τε

2126 648 2244 707 ταῖς
2288 642 2489 714 βίϐλοις
2535 642 2665 715 (9.6).
2717 644 2858 715 Παρ’
2897 638 2971 698 ὧν
3014 645 3108 700 τὸν
3153 647 3552 718 μεταληπτικὸν
3609 648 3725 704 τῶν

2131 738 2261 807 παρ’
2284 734 2510 805 Ἕλλησι
2548 735 2862 807 μυστηρίων
2900 737 3061 806 γνοὺς
3089 737 3290 809 τρόπον
3312 780 3326 805 ,
3358 742 3477 804 ταῖς
3515 738 3723 795 Ἰουδα-

2126 830 2273 890 ῖκαῖς
2306 825 2552 897 προσῆψε
2579 827 2839 898 Γραφαῖς.
2870 846 2889 879 ι
2925 827 3109 882 Ταῦτα
3140 828 3217 900 τῷ
3242 830 3532 902 Πορφυρίῳ
3564 832 3713 887 κατὰ

2128 919 2189 972 τὸ
2230 920 2410 993 τρίτον
2461 919 2799 993 σύγγραμμα
2840 919 2947 973 τῶν
2994 920 3314 992 γραφέντων
3363 922 3513 995 αὐτῷ
3562 925 3710 980 κατὰ

2128 1011 2471 1081 Χριστιανῶν
2513 1010 2767 1083 εἴρηται,
2813 1012 3243 1083 ὲπαληθεύσαντι
3292 1015 3391 1086 μὲν
3437 1016 3566 1088 περὶ
3608 1018 3711 1089 τῆς

2129 1103 2352 1175 τάνδρὸς
2399 1105 2684 1176 ἀσκήσεως
2725 1106 2817 1159 καὶ
2855 1105 3252 1177 πολυμαθείας,
3296 1107 3625 1180 ψευσαμένῳ
3651 1110 3711 1164 δὲ

2133 1197 2319 1265 σαφῶς
2354 1196 2425 1267 (τί
2453 1197 2562 1269 γὰρ
2597 1198 2696 1250 οὐκ
2741 1197 2962 1268 ἔμελλεν
2991 1200 3019 1252 ὁ
3047 1198 3188 1253 κατὰ
3222 1200 3561 1270 Χριστιανῶν
3578 1200 3618 1272 ;)
3650 1201 3709 1255 ἐν

2129 1282 2207 1350 οἷς
2238 1287 2400 1340 αὑτὸν
2436 1288 2536 1359 μέν
2573 1306 2735 1359 φησιν
2770 1289 2827 1356 ἐξ
2868 1288 3130 1361 Ἐλλήνων
3159 1291 3584 1362 μετατεθεῖσθαι,
3618 1293 3709 1346 τὸν

2115 1378 2173 1445 ,δ’
2212 1377 2519 1449 Ἀμμώνιον
2561 1382 2625 1433 ὲκ
2658 1379 2773 1449 βίου
2812 1379 2905 1433 τοῦ
2946 1379 3085 1434 κατὰ
3112 1380 3211 1453 τὴν
3236 1380 3577 1447 θεοσέϐειαν,
3618 1383 3710 1437 ἐπὶ

2131 1469 2221 1521 τὸν
2265 1469 2474 1524 ὲθνικδν
2517 1470 2717 1542 τρόπον
2747 1473 3020 1525 ἐκπεσεῖν.
3070 1472 3160 1544 Τῷ
3200 1490 3260 1525 τε
3300 1472 3407 1545 γάρ
3448 1474 3711 1546 Ὠριγένει

2130 1561 2200 1613 τὰ
2231 1562 2329 1632 τῆς
2360 1560 2502 1615 κατὰ
2527 1562 2759 1634 Χριστὸν
2790 1562 3133 1627 διδασκαλίας
3172 1566 3235 1617 ἐκ
3267 1564 3549 1636 προγόνων
3572 1563 3711 1617 ὲσώοι

2135 1653 2275 1718 ζετο,
2314 1652 2390 1716 ὡς
2419 1655 2513 1707 καὶ
2543 1653 2611 1707 τά
2636 1656 2734 1726 τῆς
2763 1654 2996 1725 πρόσθεν
3037 1656 3273 1728 ἱστορίας
3297 1656 3505 1728 ἐδήλου,
3541 1656 3621 1727 τῷ
3651 1673 3709 1710 τε

2148 1745 2439 1815 ’Λμμωνίῳ
2483 1746 2552 1798 τὰ
2605 1746 2705 1816 τῆς
2738 1745 2920 1799 ἐνθέου
2966 1746 3280 1817 φιλοσοφίας
3316 1748 3573 1818 ἀκέραια,
3617 1749 3711 1803 καὶ

467 1845 646 1898 studio
674 1854 727 1897 et
756 1842 1036 1912 multiplici
1068 1841 1309 1896 doctrina
1334 1839 1615 1894 verissime
1641 1839 2029 1908 pronuntiavit.

2142 1834 2475 1901 ἀδιάπτωτα,
2505 1837 2601 1890 καὶ
2633 1836 2823 1908 μέχρις
2850 1837 3083 1908 ἐσχάτης
3108 1837 3202 1891 τοῦ
3236 1838 3348 1909 βίου
3382 1838 3597 1910 διέμενε
3626 1857 3712 1893 τε-

468 1938 574 1991 Sed
623 1938 678 1991 in
724 1951 790 1991 eo
826 1934 1265 1991 manifestissime
1307 1935 1570 1989 mentitus
1610 1943 1694 1988 est
1744 1935 2034 2005 (quomodo

466 2030 609 2083 enim
630 2043 735 2082 non
766 2028 1089 2082 mentiretur
1113 2028 1204 2097 qui
1236 2028 1500 2095 adversus
1528 2024 1873 2081 Christianos
1898 2028 2037 2081 scri-

470 2119 628 2173 bebat
652 2118 714 2190 ?)
744 2118 882 2188 quod
941 2118 1112 2187 ipsum
1145 2117 1357 2189 quidem
1388 2133 1416 2172 a
1457 2117 1746 2189 gentilibus
1774 2118 1841 2174 ad
1870 2117 2033 2172 Chri-

467 2210 674 2263 stianos
725 2208 1005 2264 lransiissc
1040 2207 1219 2271 dicit;
1267 2208 1614 2263 Ammonium
1665 2223 1794 2264 vero
1844 2223 1875 2263 a
1921 2208 2036 2264 veri

464 2298 713 2353 Numinis
756 2299 903 2352 cultu
940 2299 1007 2352 ad
1045 2298 1325 2368 gentilium
1381 2299 1544 2353 ritum
1589 2314 1648 2355 se
1704 2300 2032 2357 contulisse.

466 2388 600 2443 Nam
630 2399 683 2444 et
712 2388 975 2460 Origenes
1006 2390 1328 2445 Christiana:
1373 2388 1498 2444 lldei
1525 2391 1828 2446 doctrinam
1860 2406 1889 2444 a
1918 2407 2036 2446 ma-

459 2479 668 2548 joribus
707 2481 824 2536 suis
853 2495 1132 2551 acceptam
1163 2483 1442 2547 servavit,
1476 2492 1535 2538 ut
1568 2483 1621 2536 in
1654 2484 2036 2553 superioribus

464 2572 621 2642 221
652 2572 1096 2637 ostendimus;ct
1121 2574 1440 2631 Ammonius
1461 2575 1653 2631 divina!
1683 2575 2036 2644 philosophiae

466 2674 731 2733 prtecepta
767 2666 833 2719 ad
878 2677 1180 2720 extremum
1211 2682 1382 2735 usque
1420 2669 1708 2720 terminum
1742 2671 1866 2720 vita:
1896 2669 2038 2722 intc-

464 2771 561 2818 ara
594 2766 757 2825 atque
790 2757 1011 2812 immota
1054 2757 1295 2811 retinuit.
1326 2756 1622 2813 Testantur
1659 2759 1709 2812 id
1737 2760 2033 2814 etiamnum

466 2848 877 2904 lucubrationes
903 2849 1008 2903 viri
1040 2849 1182 2903 illius
1220 2849 1289 2905 ob
1319 2863 1383 2903 ea
1423 2865 1540 2917 quae
1573 2851 1795 2920 reliquit
1834 2852 2034 2922 ingenii

468 2949 817 2994 monumenta
863 2939 1246 3005 celeberrimi,
1281 2942 1513 3009 exempli
1545 2945 1717 3011 gratia
1761 2942 1896 2998 liber
1946 2944 2038 2997 ille

467 3033 556 3092 cui
586 3031 771 3088 titulus
798 3042 884 3088 est
908 3050 923 3087 :
953 3031 1024 3087 De
1041 3048 1297 3088 consensu
1315 3032 1478 3088 Moris
1491 3052 1552 3088 ac
1575 3036 1724 3102 Jesu,
1745 3046 1798 3092 et
1813 3038 2039 3107 quicun-

466 3138 575 3193 que
605 3122 696 3177 alii
742 3124 882 3194 apud
911 3125 1183 3179 studiosos
1228 3126 1587 3196 reperiuntur.
1635 3129 1814 3197 Atque
1843 3130 1959 3185 lucc
2007 3146 2034 3184 a

468 3215 627 3271 nobis
658 3214 802 3272 dicta
828 3215 981 3282 sint,
1018 3225 1129 3270 tum
1160 3215 1228 3270 ad
1268 3218 1693 3273 convincendum
1735 3221 2041 3277 mendacis-

469 3308 595 3362 simi
623 3309 864 3365 hominis
892 3308 1246 3377 calumniam,
1278 3321 1389 3366 tum
1414 3311 1479 3365 ad
1507 3311 1761 3366 eximiam
1786 3309 2041 3382 Origenis

472 3400 524 3452 in
550 3399 882 3461 Gratcanicis
906 3402 1205 3471 disciplinis
1238 3404 1597 3459 eruditionem
1628 3402 2034 3459 declarandam.

473 3490 548 3544 De
590 3505 697 3561 qua
741 3492 855 3562 ipse
883 3492 936 3547 in
972 3493 1199 3562 epistola
1232 3495 1468 3564 quadam
1519 3494 1781 3549 adversus
1821 3508 1915 3549 eos
1945 3495 2038 3563 qui

472 3583 697 3636 nimium
748 3583 869 3653 ejus
902 3582 1140 3639 studium
1189 3598 1313 3654 erga
1361 3582 1673 3651 hujusmodi
1727 3581 2040 3652 disciplinas

471 3675 955 3744 reprehendebant,
972 3676 1208 3745 seipsum
1245 3691 1481 3748 purgans
1513 3676 1585 3730 ita
1618 3675 1834 3732 scribit:
1860 3692 1878 3726 ι
1903 3674 2036 3729 Cum

472 3780 603 3827 vero
628 3774 796 3821 totum
827 3781 914 3822 me
938 3768 1267 3823 addixissem
1314 3766 1483 3823 verbo
1508 3756 1635 3835 Dei,
1670 3782 1735 3823 ac
1762 3767 1831 3823 de
1853 3775 2040 3824 nostra

472 3910 898 3983 conscripserat,
935 3920 1073 3983 teste
1109 3910 1408 3983 Porphyrio
1438 3911 1660 3983 inlibro
1687 3910 1761 3983 De
1788 3913 1894 3967 vita
1928 3912 2036 3983 Py-

473 3983 705 4051 thagora:
728 3989 784 4035 et
824 3980 1098 4051 Stephano
1136 3982 1187 4035 in
1218 3980 1354 4036 voce
1401 3980 1678 4051 Γάδειρα.
1712 3980 2038 4052 ϐοηυιηιιῖῐι

472 4060 558 4107 est
601 4052 760 4123 huius
789 4066 983 4123 nomen
1028 4053 1079 4106 in
1111 4052 1527 4123 Commentariis
1559 4053 1802 4122 Syriaui,
1833 4068 2040 4123 cogno-

475 4130 655 4174 mento
709 4120 1015 4190 Philoxeui,
1067 4122 1123 4175 in
1165 4136 1241 4175 xtt
1282 4120 1660 4190 Metapltysices
1704 4120 2036 4188 Aristotelis,

475 4208 597 4258 pag.
622 4191 712 4251 9|,
747 4191 835 4243 tibi
864 4189 1132 4245 Oderatus
1160 4204 1211 4246 et
1260 4189 1623 4246 Nicomachus
1670 4192 1811 4246 inter
1852 4208 2040 4247 recen—

473 4263 644 4331 tiores
702 4260 1091 4331 Pythagoricos
1150 4270 1529 4314 nmnerautur.
1576 4261 1650 4315 De
1711 4260 2039 4318 Nicomacho

471 4328 701 4389 Photius
730 4328 783 4383 in
817 4329 1142 4382 Bibliotheca
1170 4341 1225 4385 et
1260 4330 1476 4384 Suidas.

545 4400 656 4472 (25)
695 4398 810 4472 Καὶ
823 4397 1220 4472 Χαιρήμονος.
1248 4400 1621 4472 Chaeremonis
1643 4399 1809 4455 Stoici
1839 4402 2037 4457 librum

475 4469 789 4541 pe‘co’mett's
822 4469 1005 4541 laudat
1034 4469 1292 4541 Origenes
1316 4472 1368 4524 in
1404 4469 1554 4524 libris
1583 4471 1777 4526 Contra
1807 4472 2033 4526 Celsum.

2140 1925 2352 1999 λευτῆς,
2379 1927 2454 1991 ὣς
2480 1945 2580 1981 που
2616 1928 2711 1983 καὶ
2737 1930 2785 1983 οἱ
2813 1928 3038 2001 τάνδρὸς
3063 1929 3229 1984 εἰσέτι
3251 1930 3347 1984 νῦν
3376 1931 3711 2004 μαρτυροῦσι

2141 2018 2331 2085 πόνοι,
2382 2020 2449 2073 δι’
2479 2014 2554 2074 ὧν
2606 2021 2862 2075 κατέλιπε
2908 2024 3351 2095 συγγραμμάτων
3403 2025 3554 2095 παρὰ
3602 2026 3713 2089 τοῖς

2141 2111 2410 2176 πλείστοις
2433 2113 2839 2185 εὐδοκιμοῦντος
2856 2133 2868 2145 ·
2891 2114 3078 2187 ὥσπερ
3101 2110 3191 2169 οὖν
3212 2119 3303 2171 καὶ
3318 2119 3347 2171 ὁ
3373 2120 3715 2190 ἐπιγεγραμ-

2145 2201 2306 2273 μένος
2328 2204 2467 2272 Περὶ
2501 2204 2610 2273 τῆς
2657 2203 2950 2272 Μωϋσὲως
2981 2208 3077 2260 καί
3118 2208 3310 2277 Ἰησοῦ
3340 2209 3714 2279 συμφωνίας,

2142 2296 2235 2349 καὶ
2265 2295 2379 2348 ὅσοι
2402 2294 2547 2350 ἄλλοι
2581 2296 2730 2368 παρὰ
2755 2300 2866 2361 τοῖς
2891 2298 3197 2366 φιλοκάλοις
3220 2299 3502 2372 εὕρηνται.
3530 2301 3716 2354 Ταῦτα

2147 2388 2244 2459 μὲν
2286 2383 2378 2441 οὖν
2413 2389 2493 2453 είς
2524 2389 2861 2462 παράστασιν
2901 2391 3166 2461 ὲγκείσθω
3190 2391 3301 2463 (‘27)
3328 2432 3343 2456 ,
3389 2392 3488 2463 τῆς
3518 2409 3581 2445 τε
3621 2390 3715 2446 τοῦ

2141 2480 2475 2552 ψευδηγόρου
2534 2482 2915 2551 συκοφαντίας,
2968 2484 3059 2538 καὶ
3113 2486 3212 2555 τῆς
3257 2484 3562 2556 Ὠριγένους
3626 2485 3717 2541 καὶ

2144 2572 2370 2643 περὶτὰ
2408 2573 2675 2643 Ἐλλήνων
2717 2575 3012 2647 μαθήματα
3049 2577 3405 2650 πολυπειρίας
3427 2596 3441 2609 ο
3488 2581 3621 2650 περὶ
3650 2574 3716 2651 ἧς

2144 2665 2278 2736 πρὸς
2306 2681 2461 2729 τινας
2507 2664 2891 2737 μεμψαμένους
2933 2667 3082 2739 αὐτῷ
3112 2667 3197 2721 διὰ
3239 2668 3335 2740 τὴν
3364 2671 3492 2742 περὶ
3534 2673 3716 2725 ἐκεῖνα

2145 2756 2375 2828 σπουδὴν
2428 2757 2879 2829 ἀπολογούμενος,
2936 2763 2994 2813 ὲν
3048 2761 3300 2833 ἐπιστολῇ
3368 2780 3475 2816 τινι
3541 2763 3719 2818 ταῦτα

2140 2849 2377 2918 γράφει’
2431 2868 2450 2900 ι
2473 2850 2624 2904 Ἐπεὶ
2668 2850 2725 2903 δὲ
2757 2851 3095 2922 ἀνακειμένῳ
3148 2870 3237 2923 μοι
3271 2853 3349 2924 τῷ
3393 2853 3567 2924 λόγῳ,
3616 2857 3719 2927 τῆς

2145 2941 2331 3012 φήμης
2349 2939 2733 3013 διατρεχούσης
2753 2943 2996 3015 περὶτῆς
3015 2943 3179 3011 ἕξεως
3200 2948 3233 3016 ὴ
3245 2945 3381 3016 μῶν,
3405 2947 3718 3019 προσῄεσαν

2143 3031 2231 3085 ὁτὲ
2274 3032 2372 3103 μὲν
2415 3033 2712 3104 αίρετικοὶ,
2760 3035 2850 3087 ὁτὲ
2895 3034 2953 3088 δὲ
2992 3038 3041 3089 oi
3088 3037 3196 3090 ἀπὸ
3248 3035 3355 3095 τῶν
3389 3039 3717 3111 Ἑλληνικῶν

2149 3123 2516 3193 μαθημάτων,
2559 3124 2652 3178 καὶ
2690 3124 2923 3195 μάλιστα
2952 3127 3060 3181 τῶν
3087 3131 3145 3182 ὲν
3180 3129 3466 3202 φιλοσοφίᾳ
3490 3170 3506 3197 ,
3539 3131 3718 3197 ἔδοξεν

2140 3215 2393 3280 ἐξετάσαι
2430 3215 2501 3269 τά
2526 3232 2585 3269 τε
2617 3216 2723 3271 τῶν
2751 3218 3042 3289 αἱρετικῶν
3066 3220 3311 3292 δόγματα
3332 3262 3348 3287 ,
3380 3223 3475 3275 καὶ
3511 3223 3580 3277 τά
3608 3222 3716 3278 τῶν

2139 3306 2441 3377 φιλοσόφων
2507 3309 2636 3380 περὶ
2694 3308 2950 3381 ἀληθείας
3006 3311 3188 3381 λέγειν
3250 3314 3713 3387 ἐπαγγελλόμενα.

2140 3398 2310 3453 Τοῦτο
2331 3398 2388 3452 δὲ
2413 3400 2811 3472 πεποιήκαμεν,
2842 3402 3213 3473 μιμησάμενοί
3234 3421 3295 3457 τε
3315 3405 3406 3459 τὸν
3431 3407 3539 3478 πρὸ
3562 3407 3718 3480 ἡμῶν

2138 3490 2367 3554 πολλοὺς
2398 3489 2758 3561 ὠφελήσαντα
2785 3492 3103 3559 Πάνταινον,
3138 3495 3238 3549 οὐκ
3267 3495 3452 3568 ὀλίγην
3479 3500 3540 3552 ὲν
3571 3498 3715 3553 ὲκεί-

2144 3601 2254 3648 νοις
2288 3583 2560 3655 ἐσχηκότα
2608 3585 2959 3657 παρασκευὴν
2981 3626 2996 3651 ,
3027 3586 3120 3641 καὶ
3148 3587 3239 3642 τὸν
3274 3587 3368 3643 νῦν
3394 3592 3453 3644 ὲν
3477 3590 3556 3663 τῷ
3587 3609 3716 3666 πρε-

2147 3675 2415 3747 σϐυτερίῳ
2458 3675 2815 3748 καθεζόμενον
2855 3676 3243 3749 Ἀλεξανδρέων
3277 3679 3583 3752 Ἡρακλᾶν·
3632 3684 3717 3738 ὅν-

2146 3786 2267 3827 τινα
2303 3762 2462 3840 εὖρον
2492 3770 2644 3842 παρὰ
2681 3769 2760 3841 τῷ
2791 3768 3091 3843 διδασκάλῳ
3121 3771 3231 3842 (28)
3275 3772 3383 3826 τῶν
3414 3773 3715 3845 φιλοσόφων

2147 3911 2365 3966 Persius
2408 3911 2656 3978 quintam
2714 3920 2957 3979 satyram
3008 3918 3263 3977 tanquam
3317 3909 3579 3977 magistro
3616 3924 3714 3967 suo

2143 3982 2359 4037 dicavit.
2392 3977 2521 4049 Ejus
2566 3981 2701 4035 liber
2749 3977 2825 4033 ae
2865 3977 3172 4033 ercorum
3214 3980 3474 4049 theologia
3518 3982 3714 4036 citatur

2142 4053 2210 4105 ah
2255 4061 2480 4106 auctore
2526 4049 2900 4121 Etymologici,
2940 4049 3003 4121 in
3021 4063 3153 4103 voce
3189 4050 3356 4121 Ζεύς.
3397 4051 3445 4104 Is
3479 4050 3595 4119 ipse
3633 4059 3715 4106 est

2142 4122 2281 4175 liber
2309 4123 2398 4190 qui
2431 4117 2664 4190 primum
2692 4120 2760 4173 ab
2779 4117 2924 4173 ’Aldo
2956 4117 3199 4190 Manutio
3222 4118 3408 4174 Gri-cc
3428 4117 3512 4173 est
3537 4122 3714 4177 editus

2146 4192 2245 4254 sub
2280 4188 2501 4246 nomine
2537 4189 2818 4255 Pbornuti,
2844 4204 2967 4244 cum
2999 4188 3269 4247 Carnulus
3296 4190 3464 4244 scribi
3496 4190 3711 4253 debeat.

2150 4272 2207 4314 ut
2245 4264 2405 4316 docet
2436 4270 2626 4331 auctor
2655 4260 3020 4331 Etymologici.
3052 4260 3259 4327 Quippe
3295 4259 3450 4314 locus
3475 4260 3582 4331 ille
3619 4263 3710 4331 qui

2145 4333 2344 4385 citatur
2374 4332 2427 4385 in
2462 4329 2843 4400 Etymologico,
2874 4338 3052 4400 exstat
3091 4332 3250 4400 hodie
3290 4331 3435 4400 apud
3470 4329 3715 4384 Phormi-

2147 4411 2256 4454 tum
2288 4402 2339 4454 in
2369 4399 2545 4468 capite
2575 4401 2765 4469 primo.
2802 4399 2951 4453 l-luuc
2978 4399 3215 4469 libellum
3248 4399 3374 4452 olim
3414 4402 3716 4455 manuscri-

2144 4483 2291 4536 ptmn
2321 4467 2646 4525 vidimus‘iu
2694 4469 3018 4523 bibliotheca
3063 4467 3424 4532 Memmiana,
3470 4471 3564 4523 sed
3595 4470 3715 4524 nul-

473 4522 1557 4609 incensam;pinguitudinem“.
1587 4522 2037 4606 semiustas;
2069 4522 2112 4576 D
2143 4522 2640 4595 i’....*."‘er..i'i..;.}..n
2691 4522 3069 4610 auctorisaEx
3104 4553 3170 4592 eo
3209 4522 3389 4593 autem
3412 4522 3569 4610 'Iibro
3598 4522 3712 4610 εὖ.

473 4625 846 4668 successorem
892 4611 1080 4665 habuit
1125 4611 1432 4679 Dionysium
1477 4611 1931 4674 Alexandrinum,
1979 4623 2039 4665 ut

472 4680 633 4736 docet
671 4682 868 4736 Suidas
919 4682 971 4735 in
1029 4680 1296 4750 Dionysio.
1342 4679 1751 4734 Restitueudum
1801 4691 1884 4737 est
1937 4682 2040 4734 hoc

476 4766 669 4805 nomen
698 4752 750 4804 in
774 4751 908 4804 libro
930 4749 1315 4820 septimoNat.
1343 4750 1546 4814 Quaest.
1578 4750 1825 4815 Senecaa,
1860 4753 2040 4819 capite

474 4820 510 4873 5
537 4839 550 4874 :
584 4820 965 4875 Charimander
990 4837 1196 4891 quoque
1230 4821 1420 4874 librant
1448 4821 1522 4874 De
1554 4822 1779 4891 cometis
1806 4823 2036 4885 scripsit.

476 4891 829 4945 Scribendum
868 4901 951 4945 est
987 4889 1309 4945 Chw‘remon.
1361 4893 1433 4943 De
1465 4892 1564 4944 hoc
1599 4889 1952 4959 Hieronymus
1986 4893 2038 4945 in

476 4961 615 5013 libro
661 4962 898 5013 secumlo
949 4962 1208 5018 Adversus
1270 4960 1612 5015 Iovinianum
1675 4960 1746 5014 ita
1800 4961 2036 5015 scribit:

476 5031 782 5099 (Interamna
825 5028 1060 5099 Stoicus.
1103 5033 1180 5084 vir
1216 5031 1703 5099 eloquentissimus,
1744 5044 1930 5084 narrat
1973 5032 2037 5084 de

473 5100 581 5153 rita
615 5098 951 5171 antiquorum
983 5098 1199 5169 :Egypti
1244 5098 1598 5171 sacerdotum.
1627 5104 1766 5171 quod
1799 5101 2036 5155 omnibus

476 5167 664 5239 mundi
697 5170 910 5239 negotiis
936 5167 1172 5237 curisque
1196 5170 1511 5238 postpositis,
1538 5167 1740 5238 semper
1768 5172 1820 5223 in
1850 5173 2038 5239 templo

480 5237 961 5310 fuerint,_etc._Qui
1000 5244 1148 5294 locus
1182 5237 1490 5308 Hieronymi
1542 5250 1685 5295 totus
1728 5237 2040 5310 desumptus

476 5316 562 5359 est
603 5321 666 5358 ex
697 5306 978 5379 Porphyrii
1012 5310 1103 5363 lib.
1135 5328 1183 5365 IV
1225 5312 1295 5364 De
1332 5306 1668 5365 alistinentio.
1706 5311 1894 5365 Exstat
1919 5306 2038 5379 epi-

478 5390 721 5443 gramina
755 5377 1012 5434 Martialis
1044 5382 1095 5432 in
1129 5384 1270 5435 lmuc
1310 5380 1713 5435 Cbasretnonem
1762 5377 1998 5435 Stoicum
2021 5419 2036 5443 ,

478 5443 618 5526 libro
663 5448 981 5526 undecimo;
1009 5452 1410 5526 epigrammate
1433 5449 1531 5526 5_8,
1559 5466 1626 5505 ex
1674 5465 1780 5520 quo
1817 5461 2040 5521 apparet

480 5519 625 5589 circa
645 5527 899 5589 tempora
940 5519 1156 5589 Trajani
1189 5521 1335 5573 illum
1362 5520 1581 5575 vixisse.

552 5585 665 5654 (26)
693 5585 1067 5656 Κοὺρνούνηύ
1091 5607 1156 5643 τε
1176 5589 1304 5656 ταῖς
1320 5589 1575 5657 βίϐλοις.
1599 5591 1870 5646 Cornutus
1890 5589 2038 5657 Afer,

479 5650 825 5728 Leptitanus,
847 5658 1029 5713 Itonia:
1056 5650 1449 5728 philosophiam
1477 5650 1663 5715 docuit
1694 5660 1901 5715 Claudii
1934 5650 2040 5715 Ne;

482 5727 629 5799 ranis
670 5730 1019 5795 temporibus.
1063 5731 1293 5799 Scripsit
1328 5729 1491 5783 inulta
1537 5742 1649 5784 tum
1696 5731 1762 5787 de
1805 5731 2039 5798 philoso-

476 5795 625 5877 plna,
676 5805 786 5859 tum
838 5812 903 5852 ue
950 5795 1291 5873 eloqucuiiu,
1335 5810 1393 5854 ut
1434 5799 1600 5855 refert
1652 5795 1870 5857 Suidas.
1900 5800 2040 5858 Huic

2145 4621 2329 4675 paret,
2375 4611 2672 4664 Cornutum
2703 4608 2989 4677 allegorias
3024 4618 3287 4664 sectatum
3322 4610 3508 4664 fuisse.
3537 4608 3717 4676 Quare

2148 4680 2474 4751 Porphyrius
2516 4681 2712 4751 merito
2762 4679 2910 4732 illum
2979 4690 3222 4733 recenset
3271 4682 3412 4733 inter
3464 4680 3712 4751 philoso-

2142 4752 2275 4819 phos
2318 4748 2408 4817 Qui
2451 4748 2838 4819 tropologicum
2899 4763 3117 4819 sensum
3167 4751 3510 4804 adamarunt.
3555 4750 3713 4819 Ejus-

2141 4816 2260 4873 dem
2296 4816 2416 4873 libri
2479 4816 2727 4874 meminit
2780 4816 3139 4874 Tbeodoritus
3186 4821 3240 4873 in
3291 4820 3428 4872 libro
3475 4816 3716 4876 secundo

2143 4890 2218 4961 pe
2265 4890 2533 4961 curatione
2592 4886 3309 4961 ercaruut__a/fecliouum_
3340 4905 3359 4942 :
3408 4890 3715 4961 Κορνοῦτος

2139 4958 2196 5082 3’s
2247 4962 2277 5013 ὁ
2316 4959 2633 5029 φιλόσοφος,
2690 4958 2789 5030 τὴν
2830 4957 3153 5031 Ἑλληνικὴν
3206 4957 3507 5030 θεολογίαν
3526 4958 3714 5025 ξυντέο

2176 5047 2310 5082 εικε.

2176 5047 2310 5087 εικε.

2211 5102 2324 5171 (‘27)
2362 5102 2468 5167 Είς
2505 5100 2890 5169 παράστασιν
2923 5100 3229 5171 ἐγκείσθω.
3269 5098 3448 5154 Codex
3494 5099 3643 5171 Fnk.
3662 5111 3717 5156 et

2142 5169 2433 5243 medicatus
2457 5174 2653 5226 habent
2671 5169 2971 5243 κείσθω,οῐ
3000 5186 3125 5243 mox
3155 5169 3222 5223 τὰ
3248 5171 3517 5243 Ἑλλήνων
3547 5170 3718 5243 μαθήέ

2146 5258 2318 5312 ματα,
2354 5242 2437 5296 cui
2488 5243 2759 5296 consentit
2805 5242 2979 5312 codex
3010 5242 3173 5306 Maz.,
3215 5242 3358 5310 quod
3393 5242 3610 5309 quidem
3648 5242 3715 5296 ad

2144 5312 2494 5382 posteriorem
2526 5312 2698 5365 locum
2729 5311 2985 5382 pertinet.

2212 5383 2324 5452 (18)
2363 5377 2561 5450 Εὗρον
2588 5381 2753 5452 ,παρὰ
2781 5380 2859 5446 τῷ
2892 5380 3257 5449 διδασκάλῳ.
3299 5380 3376 5435 Ex
3412 5380 3498 5435 his
3533 5381 3718 5452 verbis

2142 5450 2397 5523 colligere
2424 5464 2528 5514 est,
2562 5451 2848 5521 Origenem
2879 5454 3066 5506 eodem
3113 5452 3371 5523 magistro
3397 5464 3508 5520 quo
3542 5450 3719 5506 Hera-

2142 5522 2470 5577 ciamusqu
2504 5536 2627 5576 esse
2672 5524 2724 5575 iu
2766 5522 3123 5591 philosophia.
3169 5522 3477 5575 Vocabatur
3527 5529 3714 5575 autem

2143 5592 2233 5647 ille
2276 5593 2617 5664 Ammonius,
2647 5601 2705 5664 ut
2733 5591 3061 5664 Porphyrius
3112 5607 3272 5660 supra
3305 5592 3460 5664 dixit,
3504 5592 3590 5644 vir
3616 5591 3712 5664 sui

2147 5664 2406 5730 temporis
2436 5659 2877 5731 philosophorum
2900 5659 3311 5731 celeberrimus.
3334 5661 3407 5714 De
3430 5676 3543 5730 quo
3571 5659 3713 5731 nihil

2143 5728 2336 5803 attinet
2381 5728 2468 5789 hic
2510 5745 2575 5788 ea
2617 5728 2863 5800 repetere
2890 5746 3008 5803 quae
3042 5732 3221 5787 notari
3249 5730 3315 5785 ad
3354 5728 3533 5785 Anim.
3564 5728 3711 5785 Iar-

2109 5818 2117 5827 ’
2143 5800 2415 5858 celliuutn.
