4012 6256
257 342 367 401 569

1281 347 1626 407 ﬂlSTORlE
1665 351 2214 410 ECCLESIASTICIE
2255 352 2384 407 LIB.
2422 351 2512 411 Ἦ.

3425 357 3528 413 570

281 469 631 544 μαθημάτων
656 513 671 537 ,
722 472 821 546 ἢδη
871 470 1031 525 πέντε
1064 470 1241 525 ἔτεσιν
1271 472 1420 544 αὐτῷ
1463 477 1875 549 προσκαρτερή-

1992 476 2274 531 :ruditione
2326 475 2465 530 fama
2516 474 2626 545 jam
2680 474 2928 531 erebrior
2977 486 3348 545 spargeretur,
3394 490 3527 529 cou-

285 580 490 629 σαντα,
525 564 659 635 πρὶν
703 564 805 635 ἐμὲ
846 561 1111 634 ἄρξασθαι
1144 562 1359 616 ἀκούειν
1389 565 1611 619 ἐκείνων
1646 566 1755 619 τῶν
1780 566 1869 619 λό-

287 672 425 725 γων.
460 655 551 709 Διὸ
586 654 686 709 καὶ
715 654 981 726 πρότερον
1006 656 1155 725 κοινῇ
1189 654 1376 726 ἐσθῆτι
1414 656 1707 728 χρώμενος,
1738 658 1871 711 ἀπο-

288 748 591 817 δυσάμενος
615 786 629 810 ,
668 747 762 800 καὶ
803 745 1087 816 φιλόσοφον
1136 744 1417 800 ἀναλαϐὼν
1463 750 1668 819 σχῆμα,
1713 749 1870 821 μέχρι

290 840 393 894 τοῦ
421 840 580 912 δεῦρο
621 840 782 912 τηρεῖ
819 838 963 911 (29),
1011 838 1191 910 βιϐλία
1226 857 1284 892 τε
1324 838 1586 910 Ἑλλήνων
1612 840 1752 895 κατὰ
1780 841 1871 894 δύ-

293 950 462 1003 ναμιν
493 933 553 985 οὐ
585 931 818 986 παύεται
856 930 1169 1003 φιλολογῶν.
1195 952 1212 985 ι
1252 932 1362 985 Καὶ
1391 932 1561 986 ταῦτα
1598 934 1695 1005 μὲν
1727 934 1872 1005 αὐτῷ

295 1028 430 1099 περὶ
460 1028 558 1099 τῆς
594 1026 908 1097 Ἑλληνικῆς
949 1027 1235 1099 ἀσκήσεως
1267 1026 1683 1099 ἀπολογουμένῳ
1719 1028 1873 1099 εἴρη-

294 1136 411 1173 ται.
456 1118 611 1171 Κατὰ
655 1117 841 1171 τοῦτον
883 1117 940 1171 δὲ
976 1118 1067 1172 τὸν
1111 1118 1300 1189 χρόνον
1340 1118 1427 1171 ἐπ’
1474 1118 1875 1191 Ἀλεξανδρείας

296 1209 451 1281 αὐτῷ
498 1209 597 1272 τὰς
639 1208 919 1280 διατριϐὰς
966 1209 1302 1281 ποιουμένῳ,
1360 1210 1586 1273 ἐπιστάς
1642 1227 1725 1274 τις
1768 1209 1875 1262 τῶν

297 1298 707 1371 στρατιωτικῶν
728 1339 744 1365 ,
788 1299 1023 1353 ἀνεδίδου
1053 1300 1355 1371 γράμματα
1384 1300 1678 1371 Δημητρίῳ
1712 1317 1769 1351 τε
1798 1298 1875 1370 τῷ

296 1393 400 1463 τῆς
428 1391 716 1465 παροικίας
752 1391 1034 1462 ὲπισκὸπῳ
1057 1432 1070 1457 ,
1099 1392 1191 1445 καὶ
1221 1392 1297 1462 τῷ
1331 1394 1449 1445 τότε
1482 1392 1582 1463 τῆς
1605 1391 1875 1461 Αἰγύπτου

298 1466 552 1555 ἐπάρχῳ,
601 1483 751 1556 παρὰ
783 1482 877 1538 τοῦ
924 1483 1022 1553 τῆς
1062 1483 1317 1555 Ἀραϐίας
1349 1484 1668 1555 ἡγουμένου,
1700 1484 1773 1548 ὡς
1812 1484 1877 1538 ἂν

304 1576 447 1646 μετά
493 1576 727 1645 σπουδῆς
772 1574 987 1645 ἁπάσης
1019 1574 1107 1628 τὸν
1144 1574 1420 1646 Ὠριγένην
1465 1574 1727 1645 πέμψοιεν
1768 1592 1880 1628 κοι-

299 1668 609 1736 νωνήσοντα
636 1666 808 1733 λόγων
839 1664 1005 1735 αὐτῷ.
1050 1664 1347 1737 Τοιγαροῦν
1378 1666 1752 1738 προπεμφθεὶς
1787 1666 1878 1719 ὑπ’

300 1760 504 1823 αὐτῶν,
536 1758 841 1828 ἀφικνεῖται
871 1758 963 1810 ἐπὶ
990 1756 1085 1828 τὴν
1119 1757 1395 1829 Ἀραϐίαν.
1429 1758 1539 1811 Οὐκ
1568 1760 1646 1821 εἰς
1674 1761 1879 1829 μακρὸν

1970 568 2263 623 ﬂuentibus
2294 567 2357 621 ad
2395 582 2479 622 me
2523 582 2663 621 nunc
2711 567 2979 621 haereticis
3002 606 3017 629 .
3047 582 3190 620 nunc
3218 565 3527 622 Grmcarum

1970 660 2377 729 disciplinarum
2426 659 2716 725 studiosis,
2766 669 2822 713 et
2866 659 3099 713 maxime
3146 659 3528 730 philosophis:

1971 754 2206 808 scrutari
2254 753 2631 807 limreticorum
2673 751 2964 820 dogmata,
3014 760 3068 804 et
3120 765 3455 818 quaecunque
3502 766 3531 802 a

1971 845 2313 915 philosophis
2354 844 2421 898 de
2449 844 2674 898 veritate
2701 842 3003 910 iactantur,
3038 851 3290 895 excutere
3335 841 3535 895 consti-

1975 938 2071 991 tui.
2106 938 2281 1007 Atque
2310 938 2411 991 boc
2441 935 2688 995 fecimus.
2708 944 2821 989 tum
2857 933 3094 989 Pantani
3123 933 3262 986 illius
3291 933 3379 1001 qui
3409 941 3535 986 ante

1974 1044 2074 1083 nos
2104 1030 2289 1083 multis
2321 1028 2565 1099 profuit,
2608 1028 2915 1095 exemplum
2955 1027 3163 1087 secuti,
3204 1026 3292 1089 qui
3321 1026 3533 1091 quidem

1976 1122 2286 1195 hujusmodi
2337 1122 2649 1192 cognitione
2694 1134 2799 1172 non
2854 1118 3195 1173 mediocriter
3244 1117 3537 1170 instructus

1976 1214 2078 1269 fuit
2108 1232 2122 1268 :
2158 1223 2268 1268 tum
2304 1212 2545 1267 lleraelae
2570 1212 2660 1278 qui
2698 1225 2842 1265 nunc
2875 1211 3015 1263 inter
3041 1210 3384 1279 presbyteros
3417 1207 3541 1261 Ale-

1976 1303 2253 1358 xandrina:
2286 1301 2439 1355 sedet
2488 1300 2740 1355 Ecclesia:
2777 1318 2789 1353 :
2826 1314 2986 1368 quem
3034 1314 3133 1362 ego
3182 1304 3320 1367 apud
3367 1297 3537 1362 magi-

1978 1402 2146 1449 strum
2177 1393 2531 1464 pltilOSOphim
2562 1393 2735 1461 reperi
2762 1431 2777 1453 ,
2811 1393 3055 1461 quintum
3103 1391 3216 1459 jam
3261 1408 3459 1445 annum
3489 1391 3541 1446 ei

1979 1503 2197 1559 operam
2249 1487 2463 1540 dantem
2490 1525 2506 1550 ,
2548 1487 2865 1553 priusquam
2916 1500 3013 1553 ego
3047 1485 3308 1554 ejusmodi
3346 1486 3546 1540 doctri-

1981 1595 2105 1633 nam
2140 1576 2446 1632 auscultare
2474 1576 2782 1643 cmpissem.
2820 1576 2997 1644 Atque
3042 1576 3243 1630 itfcirco
3269 1592 3387 1631 cum
3429 1578 3545 1631 vul-

1982 1668 2095 1739 gari
2137 1675 2283 1721 veste
2325 1675 2479 1719 antea
2514 1680 2642 1719 usus
2668 1665 2887 1729 fuisset,
2920 1680 2982 1719 ea
3013 1668 3275 1733 deposita,
3306 1666 3540 1735 philoso-

1981 1761 2199 1831 phicum
2238 1760 2413 1813 induit
2442 1758 2708 1823 habitum,
2743 1774 2901 1827 quem
2936 1759 3233 1811 etiamnum
3280 1760 3545 1823 retinens,

300 1852 359 1904 δὲ
388 1850 461 1903 τὰ
493 1852 591 1921 τῆς
621 1848 856 1918 ἀφίξεως
889 1850 965 1912 είς
992 1848 1165 1920 πέρας
1191 1848 1412 1917 ἀγαγὼν
1432 1890 1446 1913 ,
1480 1845 1637 1912 αὖθις
1666 1849 1757 1900 ἐπὶ
1785 1848 1882 1919 τὴν

1992 1853 2289 1908 Grzecornm
2338 1851 2503 1904 libros
2532 1850 2773 1903 studiose
2810 1848 3060 1903 evolvere
3104 1865 3208 1901 non
3250 1851 3481 1904 desistit.
3520 1870 3540 1903 ι

313 1938 719 2012 Ἀλεξάνδρειαν
752 1938 995 2010 ἐπανῄει.
1036 1939 1239 2010 Χρόνου
1284 1939 1338 1991 δὲ
1388 1938 1586 2009 μεταξὺ
1630 1939 1871 2006 διαγενο-

304 2029 498 2100 μένου,
532 2030 593 2082 ού
639 2028 870 2100 σμικροῦ
900 2029 1039 2082 κατὰ
1078 2028 1174 2099 τὴν
1212 2028 1364 2081 πόλιν
1396 2028 1873 2101 ἀναρριπισθέντος

302 2120 565 2191 πολέμου,
593 2120 900 2187 ὑπεξελθὼν
934 2122 1032 2192 τῆς
1067 2119 1469 2194 Ἀλεξανδρείας
1496 2126 1590 2176 καὶ
1621 2124 1753 2195 μηδὲ
1777 2124 1875 2188 τὰς

301 2215 425 2265 κατ’
450 2212 721 2281 Αἴγυπτον
757 2211 1036 2282 διατριϐὰς
1066 2213 1325 2281 ἀσφαλεῖς
1354 2214 1528 2285 ἐαυτῷ
1554 2215 1686 2286 ἡγού
1697 2232 1872 2286 μενος,

298 2306 475 2360 ἐλθὼν
510 2305 601 2357 ἐπὶ
628 2304 1009 2375 Παλαιστίνης,
1045 2305 1101 2356 ὲν
1138 2306 1442 2377 Καισαρείᾳ
1473 2306 1571 2369 τὰς
1600 2306 1877 2378 διατριῦἀς

302 2399 542 2452 ἐποιεῖτο
563 2415 576 2428 ·
626 2396 755 2450 ἔνθα
783 2396 877 2449 κα)⁵
908 2396 1278 2465 διαλέγεσθαι,
1306 2398 1404 2460 τάς
1435 2415 1494 2450 τε
1529 2398 1677 2463 Θείας
1710 2400 1880 2471 ἑρμη-

302 2490 481 2544 νεύειν
504 2488 724 2562 Γραιρὰς
753 2490 845 2543 ἐπὶ
868 2489 960 2542 τοῦ
996 2489 1175 2543 κοινοῦ
1204 2492 1303 2562 τῆς
1337 2490 1656 2562 Ἑκκλησίας
1692 2491 1800 2561 (50)
1830 2492 1877 2543 οἱ

303 2582 433 2653 τῇδε
465 2581 779 2646 ἐπίσκοποι,
829 2582 1003 2635 καίτοι
1035 2584 1135 2653 τῆς
1162 2582 1256 2635 τοῦ
1286 2583 1675 2654 πρεσϐυτερίου
1705 2601 1881 2655 χειρο-

303 2674 490 2737 τονίας
512 2674 723 2726 οὐδέπω
743 2674 1077 2745 τετυχηκότα
1103 2674 1262 2727 αὑτὸν
1291 2673 1493 2742 ἠξίουν.
1534 2676 1597 2726 Ὃ
1629 2675 1722 2727 καὶ
1752 2674 1883 2728 αὐτὸ

305 2764 505 2833 γένοιτ’
526 2763 590 2817 ἂν
611 2763 849 2836 ἔκδηλον,
876 2764 968 2835 ἀφ’
988 2757 1060 2818 ὧν
1084 2766 1209 2837 περὶ
1230 2766 1418 2819 τούτου
1438 2767 1732 2839 Δημητρίῳ
1750 2769 1886 2839 γρά-

307 2872 503 2925 φοντες
528 2896 542 2921 ,
585 2854 929 2926 Ἀλέξανδρος
962 2857 990 2909 ὁ
1026 2854 1408 2927 Ἱεροσολύμων
1454 2858 1748 2923 ἐπίσκοπος
1792 2860 1886 2913 καὶ

307 2948 633 3011 Θεόκτιστος
671 2950 700 3001 ὁ
732 2948 1099 3020 Καισαρείας,
1148 2941 1251 3001 ὧδέ
1300 2967 1417 3013 πως
1461 2950 1882 3019 ἀπολογοῦνταιο

315 3059 335 3091 ι
362 3038 677 3111 Προσέθηκε
711 3038 766 3092 δὲ
799 3040 907 3109 (51)
935 3042 1047 3103 τοῖς
1080 3040 1419 3110 γράμμασιν,
1450 3040 1530 3094 ὅτι
1557 3042 1714 3095 τοῦτο
1739 3041 1888 3095 οὐδέ-

312 3148 444 3185 ποτε
474 3130 754 3202 ἠκούσθη,
798 3130 916 3184 οὐδὲ
961 3131 1056 3186 νῦν
1098 3132 1427 3202 γεγένηται,
1468 3132 1566 3198 τὸ,
1606 3134 1888 3205 παρόντων

311 3222 626 3276 ἐπισκόπων
652 3221 873 3283 λαῖκοὺς
901 3221 1107 3291 ὁμιλεῖν
1127 3262 1140 3285 ,
1175 3222 1273 3274 οὐκ
1301 3217 1394 3275 οἷδ’
1420 3224 1567 3287 ὅπως
1601 3224 1712 3295 (52)
1759 3244 1891 3299 προ-

312 3314 500 3386 φανῶς
531 3314 630 3367 οὐκ
663 3312 833 3383 ἀληθῆ
864 3313 1056 3382 λέγων.
1092 3314 1263 3366 Ὅπου
1308 3314 1437 3382 γοῦν
1473 3317 1814 3388 εὑρίσκονται
1844 3321 1892 3373 oi

312 3408 607 3480 ἐπιτήδειοι
643 3408 779 3479 πρὸς
804 3408 865 3461 τὸ
893 3407 1121 3477 ὠφελεῖν
1148 3410 1273 3474 τοὺς
1306 3410 1566 3481 ἀδελφοὺς
1595 3414 1688 3467 καὶ
1717 3432 1895 3487 παρα-

312 3501 607 3558 καλοῦνται
636 3501 714 3573 τῷ
744 3500 857 3572 λαῷ
889 3501 1236 3574 προσομιλεῖν
1254 3543 1268 3567 ,
1311 3504 1414 3558 ὑπὸ
1439 3505 1548 3558 τῶν
1574 3506 1744 3576 ἁγίων
1773 3511 1894 3563 ἐπι-

316 3595 537 3650 σκόπων
558 3611 572 3625 ·
611 3592 798 3665 ὥσπερ
843 3596 900 3646 ἐν
939 3593 1235 3664 Λαράνδοις
1263 3593 1495 3662 Εὕελπις
1528 3598 1629 3652 ὑπὸ
1655 3599 1887 3665 Νέωνος,

314 3689 414 3742 καὶ
442 3690 501 3741 ἐν
528 3686 729 3756 Ἰκονίῳ
758 3686 1019 3749 Παυλῖνος
1055 3686 1160 3738 ὑπὸ
1189 3686 1393 3741 Κέλσου
1419 3730 1434 3754 ,
1478 3691 1572 3744 καὶ
1607 3693 1664 3744 ἐν
1694 3692 1893 3747 Συννά-

314 3782 430 3845 δοις
455 3781 566 3851 (55)
593 3779 865 3851 Θεόδωρος
895 3777 1000 3831 ὑπὸ
1035 3778 1278 3834 Ἀττικοῦ
1302 3779 1408 3835 τῶν
1436 3782 1721 3854 μακαρίων
1745 3783 1895 3837 ἀδελ-

316 3871 459 3941 φῶν.
498 3870 659 3935 Εἰκὸς
695 3869 752 3922 δὲ
790 3866 885 3923 καὶ
916 3867 975 3921 ὲν
1008 3867 1186 3933 ἄλλοις
1213 3869 1398 3933 τόποις
1430 3869 1585 3923 τοῦτο
1628 3869 1891 3938 γίνεσθαι,

315 3965 469 4036 ἡμεῖς
496 3962 552 4016 δὲ
580 3962 653 4033 μὴ
685 3961 903 4016 εἰδέναι.
934 3979 954 4014 ι
998 3959 1197 4015 Τοῦτον
1232 3962 1326 4015 καὶ
1367 3960 1446 4014 ἔτι
1477 3960 1591 4024 νέος
1621 3958 1696 4013 ὢν
1737 3961 1765 4012 ὁ
1804 3960 1897 4031 δη-

396 4194 509 4262 (29)
546 4192 733 4263 Μέχρι
773 4192 879 4246 τοῦ
930 4191 1105 4259 δεῦρο
1147 4191 1330 4260 τηρεῖ.
1368 4190 1441 4245 Ex
1486 4192 1572 4247 his
1620 4201 1885 4263 apparet,

324 4266 533 4320 nullum
569 4270 730 4319 etiam
770 4274 879 4318 tum
914 4263 1241 4331 peculiarem
1288 4263 1451 4317 fuisse
1496 4262 1749 4316 vestitum
1778 4264 1889 4317 cle-

324 4337 587 4397 ricorum,
620 4335 1051 4402 quandoquidem
1092 4332 1347 4387 lleraclas
1376 4333 1752 4386 Alexandrina:
1788 4334 1888 4386 lic-

323 4407 509 4460 clesiae
538 4404 843 4474 presbyter,
874 4413 937 4474 et
980 4402 1069 4474 qui
1104 4415 1285 4467 postea
1338 4402 1578 4474 ejusdem
1616 4402 1714 4454 loci
1765 4404 1886 4469 epi-

324 4470 718 4544 scopus'fuit,
774 4473 1204 4543 philosophicum
1271 4473 1488 4543 pallium
1546 4487 1757 4541 semper
1808 4488 1893 4527 re-
1924 4470 1968 4524 D

328 4557 514 4600 ιΙΠιΙΙῙ.

399 4618 521 4685 (50)
572 4615 696 4668 Ἐπί
758 4612 866 4667 τοῦ
924 4613 1128 4668 κοινοῦ
1176 4613 1287 4681 τῆς
1340 4614 1712 4685 Ἐκῖιλησίαᾳ
1764 4612 1898 4669 Hinc

326 4684 602 4758 colligitur
635 4686 1081 4758 Origeuetn,_qui
1111 4686 1418 4739 catechctes
1455 4684 1630 4758 fuerat
1661 4685 1895 4758 Alexan-

327 4756 483 4819 (ΙΙ-ἰερᾷ
524 4760 573 4809 in
616 4758 824 4825 privato
855 4756 1140 4818 auditorio,
1174 4772 1280 4825 non
1328 4766 1506 4807 autem
1570 4757 1622 4808 iu
1670 4756 1898 4809 ecclesia

328 4824 753 4883 catechumenos
791 4825 1114 4878 instituisse.
1168 4824 1351 4891 Neque
1398 4825 1540 4877 enim
1594 4826 1899 4878 Alexandro

330 4911 387 4953 et
445 4898 758 4951 Thcoctism
809 4896 1076 4963 episcoliis
1129 4896 1179 4947 id
1242 4896 1504 4963 ohjicerct
1561 4893 1897 4959 Demetrius,

331 4971 474 5037 quod
518 4970 799 5035 Origeuem
853 4968 922 5037 in,
973 4967 1199 5037 ecclesia
1251 4968 1445 5037 docere
1489 4965 1809 5037 iussissent,
1855 4967 1898 5019 si

332 5035 670 5094 Alexandrim
704 5037 840 5088 idem
877 5036 943 5087 ah
977 5036 1209 5104 Origene
1251 5035 1445 5088 factum
1485 5036 1694 5088 fuisset.
1724 5035 1901 5099 Quare

331 5111 540 5165 fallitur
582 5108 830 5167 Rufinus,
861 5106 952 5174 qui
996 5106 1047 5159 in
1089 5122 1209 5173 cap.
1239 5106 1271 5159 5
1304 5108 1461 5171 hujus
1494 5106 1613 5158 lihri
1655 5107 1721 5158 ita
1768 5107 1904 5158 scri-

333 5180 408 5235 bit
451 5199 463 5234 :
508 5178 703 5232 Viden:
753 5176 1043 5229 Demetrius
1116 5179 1384 5245 cpiscoius
1447 5174 1583 5242 quod
1628 5176 1695 5227 ad
1734 5177 1903 5240 ipsum

334 5254 630 5320 pra’cipne
667 5249 917 5320 doctrina:
984 5249 1155 5315 gratio
1209 5256 1257 5300 et
1316 5246 1703 5320 pra’dicalionis
1768 5249 1902 5320 verbi

337 5317 465 5385 Dei,
498 5317 885 5372 'mullitudines
956 5320 1198 5385 plurima:
1257 5317 1622 5379 conuolarent,
1677 5317 1904 5369 cateclii-

336 5384 492 5446 λωιᾱὶ
532 5393 611 5455 ei,
656 5392 706 5442 id
754 5397 862 5450 est,
908 5384 1127 5442 docendi
1172 5384 1534 5457 magisterium
1571 5386 1625 5439 in
1675 5386 1904 5441 Ecclesia

333 5466 538 5517 lribuil.
812 5474 821 5479 ’

404 5535 519 5605 (51)
560 5531 908 5599 Προσέθηκε
1095 5527 1519 5605 Alloquebantur
1577 5528 1905 5605 Demetrium

326 5598 619 5660 in'tertia
657 5598 920 5670 persona,
974 5602 1135 5670 idque
1184 5601 1406 5654 honoris
1462 5614 1645 5656 causa.
1693 5598 1906 5670 Subau-

329 5678 594 5731 dieuduut
628 5682 711 5725 est
739 5673 901 5739 igitur
930 5673 962 5742 ἠ
994 5669 1061 5742 σὴ
1088 5670 1330 5739 ἀγιότης,
1361 5670 1615 5722 sanctitas
1642 5678 1751 5722 tua.
1779 5669 1907 5734 Quae

330 5761 493 5801 voces
534 5745 659 5799 sine
691 5743 852 5795 dubio
897 5751 1299 5811 pru‘cesserattl,
1342 5750 1398 5792 ut
1443 5749 1714 5797 constaret
1753 5754 1909 5809 aper-

326 5820 459 5883 tius,
488 5817 536 5871 si
575 5821 747 5867 totam
778 5812 1056 5882 epiStolam
1087 5810 1426 5865 haberemus.

1977 1942 2101 1997 ﬂare
2144 1947 2210 1995 ab
2241 1941 2471 2010 Origene
2498 1941 2639 1995 dicta
2680 1950 2827 2003 sunt,
2872 1947 2930 1992 ut
2965 1940 3197 1994 studium
3252 1940 3378 1992 illud
3405 1941 3549 2009 quod

1974 2033 2178 2089 Grtecis
2209 2031 2507 2100 disciplinis
2537 2030 2897 2099 impenderat,
2921 2040 3225 2084 excusaret.
3254 2029 3363 2083 Sub
3391 2032 3532 2087 idem

1977 2134 2185 2194 tempus
2215 2138 2337 2177 cum
2384 2121 2725 2176 Alexandria:
2756 2131 3078 2185 moraretur,
3115 2122 3265 2177 miles
3311 2123 3531 2191 quidam

1976 2218 2268 2273 adveniens
2292 2257 2304 2280 ,
2338 2215 2614 2271 Demetrio
2682 2214 2939 2269 Ecclesia:
2966 2215 3218 2284 episcopo
3242 2256 3257 2279 ,
3286 2227 3339 2269 et
3368 2218 3533 2284 pra-fe

1978 2320 2066 2366 cto
2098 2310 2313 2381 Aigypti
2349 2310 2559 2363 litteras
2602 2324 2632 2363 a
2673 2308 2809 2363 duce
2852 2308 3068 2362 Arahim
3112 2309 3317 2373 detulit,
3360 2309 3556 2377 quibus

1979 2403 2239 2471 poscebat
2270 2411 2326 2456 ut
2369 2400 2657 2456 confestim
2690 2399 2755 2453 ad
2805 2414 2866 2453 se
2914 2398 3203 2467 Origeuem
3234 2399 3553 2462 mitterent,

1982 2494 2074 2563 qui
2119 2494 2424 2547 doctrinam
2479 2506 2632 2546 suam
2688 2490 2787 2557 ipsi
2844 2491 3298 2544 communicaret.
3359 2488 3556 2545 Missus

1983 2588 2145 2656 igitur
2174 2588 2241 2641 ab
2294 2587 2396 2640 illis
2438 2585 2714 2654 Origenes,
2770 2585 2822 2637 iu
2856 2586 3112 2639 Arabiam
3148 2583 3407 2654 perrexit.
3442 2582 3555 2638 Nec

1984 2678 2154 2733 nmlto
2186 2688 2331 2747 post,
2372 2678 2613 2746 perfecto
2657 2675 2807 2742 cujus
2840 2692 2997 2731 causa
3036 2686 3259 2731 venerat
3300 2676 3551 2747 negotio,

1983 2770 2361 2826 Alexandriam
2403 2784 2683 2839 regressus
2717 2769 3128 2837 est.Aliqnanto
3156 2776 3279 2835 post
3309 2776 3556 2835 tempore

1985 2876 2106 2917 cum
2154 2860 2499 2915 Alexandria:
2559 2861 2939 2928 gravissimum
3003 2859 3202 2913 bellum
3262 2858 3557 2912 excitatum

1988 2952 2197 3019 fuisset,
2225 2951 2364 3006 clam
2401 2953 2524 3006 inde
2554 2952 2944 3021 aufugiens,ac
2974 2965 3040 3004 ne
3068 2950 3118 3003 in
3135 2948 3370 3019 Egypto
3395 2946 3558 3018 222

1988 3043 2204 3113 quidem
2230 3044 2557 3099 commorari
2593 3054 2765 3097 tutum
2798 3053 2974 3105 ratus,
3006 3041 3343 3095 Palmstiuam
3376 3041 3557 3109 petiit,

1990 3136 2333 3192 etCmsarea:
2365 3137 2697 3191 domicilium
2748 3136 2893 3191 fixit.
2944 3135 3046 3190 Ubi
3098 3135 3261 3189 etiam
3316 3134 3381 3187 ab
3413 3132 3559 3188 illius

1991 3230 2223 3300 regionis
2269 3230 2535 3300 episcOpis
2578 3240 2799 3299 rogatus
2844 3238 2968 3292 est,
3021 3236 3079 3281 ut
3131 3228 3343 3297 publice
3378 3228 3429 3281 in
3460 3225 3563 3282 Ec-

1988 3321 2156 3377 clesia
2208 3323 2550 3390 dissereret,
2586 3332 2637 3377 et
2684 3322 2895 3377 divinas
2941 3321 3290 3391 Scripturas.
3345 3319 3559 3378 tametsi

1990 3413 2232 3470 nondum
2276 3417 2563 3487 presbyter
2608 3418 2909 3481 ordinatus,
2947 3424 3261 3483 exponeret.
3302 3417 3476 3482 Atque
3508 3414 3566 3471 id

1992 3505 2339 3560 manifestum
2386 3505 2552 3560 fuerit
2582 3506 2665 3557 vel
2694 3520 2759 3559 ex
2796 3505 2863 3559 iis
2894 3521 3011 3573 qua:
3040 3504 3347 3559 Alexander
3372 3504 3566 3561 Hiero-

1995 3595 2331 3666 solymorum
2377 3604 2434 3650 et
2482 3594 2834 3650 Theoctistus
2881 3594 3232 3649 Cmsariensis
3279 3597 3565 3665 episcopus

1998 3688 2064 3741 ad
2098 3687 2429 3741 Demetrium
2478 3703 2578 3757 pro
2613 3688 2773 3755 hujus
2808 3687 2935 3741 facti
2974 3687 3285 3742 defensione
3317 3688 3569 3743 scribunt

1999 3777 2053 3832 in
2085 3780 2225 3833 hunc
2274 3778 2489 3832 modum
2524 3797 2538 3834 :
2574 3779 2726 3846 Quod
2761 3794 2891 3832 vero
2928 3779 2980 3833 in
3031 3778 3227 3833 litteris
3264 3779 3370 3833 tuis
3419 3778 3569 3849 adje‘

1998 3868 2122 3923 cisti
2155 3908 2169 3933 ,
2220 3884 2497 3939 nunquam
2550 3881 2707 3923 antea
2756 3869 2932 3922 visum
2986 3883 3087 3922 nec
3141 3869 3318 3923 adhuc
3363 3868 3565 3922 factum

2005 3959 2193 4026 fuisse,
2224 3972 2283 4015 ut
2311 3962 2673 4031 praesentibus
2707 3959 2976 4031 episcopis
3003 3959 3125 4014 laici
3169 3960 3573 4016 concionarcn-.

2067 4189 2176 4261 (52)
2219 4194 2340 4245 Οὐκ
2372 4188 2479 4245 οἷδ’
2503 4191 2680 4257 ὅπως.
2719 4190 2847 4244 "me
2886 4189 3108 4259 epistola
3141 4189 3206 4243 ad
3238 4189 3571 4261 Demetrium

1996 4259 2193 4329 scripta
2220 4276 2300 4314 est
2335 4264 2400 4314 ah
2431 4264 2739 4315 Alexandro
2768 4261 3265 4330 llierosolytuortnn
3291 4259 3565 4328 episcopo,

1994 4332 2111 4383 viro
2144 4332 2525 4399 disertissimo.
2560 4333 2701 4385 unde
2750 4332 3009 4399 singulari
3062 4345 3285 4383 numero
3330 4330 3568 4397 loquitur

1997 4401 2094 4453 οὐκ
2138 4397 2274 4464 οἶδα,
2320 4403 2565 4467 quamvis
2598 4418 2701 4454 non
2740 4397 2945 4454 lanium
2992 4417 3111 4463 suo,
3155 4401 3247 4453 sed
3292 4411 3345 4453 ct
3390 4400 3571 4453 (Stesa-

1998 4472 2194 4525 rieusis
2220 4473 2456 4539 episcopi
2489 4473 2704 4524 nomine
2734 4472 2944 4523 litteras
2973 4471 3195 4524 scribat.

2068 4540 2179 4609 (5‘5)
2233 4543 2327 4593 Ὲν
2356 4541 2703 4607 Συννάδοις.
2741 4542 2848 4603 AL,
2891 4540 3163 4601 Συνάδοις.
3209 4539 3573 4599 Srribcndnm

1996 4624 2078 4665 est
2102 4612 2403 4674 Συννάὃοις.
2429 4613 2585 4665 Certe
2618 4612 2844 4664 Ruﬁnus
2872 4613 3031 4663 vertit
3061 4611 3200 4672 apud
3235 4610 3563 4678 Synnadnm.

1998 4681 2138 4736 Urbs
2168 4694 2250 4735 σει
2284 4683 2527 4751 Phrygize
2559 4684 2861 4744 notissima,
2892 4682 2969 4733 sic
2998 4681 3137 4733 dicta
3167 4680 3275 4732 ἀπὸ
3319 4680 3569 4751 τοῖιᾷσυυ-

1997 4753 2166 4815 ναίεν,
2210 4753 2257 4803 id
2320 4749 2407 4805 est
2440 4749 2737 4816 συνοικεῖν,
2789 4765 2852 4803 co
2903 4751 3043 4817 quod
3080 4751 3228 4802 multi
3277 4764 3341 4801 ex
3395 4749 3571 4803 Macc-

1999 4824 2157 4875 donia
2187 4823 2312 4875 illuc
2337 4824 2401 4874 ad
2430 4823 2769 4876 incoleudum
2803 4821 3181 4874 continxcriut.
3218 4819 3365 4872 Umte
3394 4836 3454 4887 pr
3482 4836 3570 4873 uno

2000 4894 2215 4960 quidem
2266 4894 2403 4943 dicta
2451 4904 2534 4945 est
2586 4891 2846 4953 Συνναία,
2897 4902 3080 4960 postea
3134 4900 3579 4960 verterint-rupto.

2000 4959 2261 5016 vocabulo
2297 4962 2531 5015 Σύνναδα
2558 4980 2584 5015 a
2636 4959 3089 5015 liuititnis’vucata
3123 4970 3225 5013 est.
3265 4959 3571 5025 Stephanus

2003 5034 2052 5085 in
2093 5034 2181 5085 lih.
2226 5032 2300 5085 De
2344 5036 2553 5086 urbibus
2579 5050 2596 5087 :
2633 5032 2707 5084 Τὸ
2738 5033 2833 5102 μὲν
2878 5030 3089 5101 πρῶτον
3127 5030 3330 5102 Συναία
3376 5032 3571 5102 (scribe

2002 5103 2263 5167 Συνναία)
2335 5105 2443 5175 ἀπὸ
2509 5105 2609 5175 τῆς
2670 5100 2989 5175 συναγωγῆς
3056 5100 3149 5154 καὶ
3213 5101 3571 5175 συνοικήσεως

2002 5174 2502 5245 προσαγορευθῆναι
2527 5191 2539 5203 ·
2567 5171 2728 5245 ’μετά
2775 5174 2831 5245 δέ
2876 5173 3047 5245 ταῦτα
3075 5171 3571 5245 ,παρεφοαρᾲμένως

2004 5222 2107 5298 ῡὲδ
2153 5222 2272 5298 τωνΓ
2308 5222 2695 5316 πλησιοχώρων
2747 5244 2982 5297 Σύνναδα
3037 5222 3318 5313 κληῢῆνέιι.
3361 5222 3452 5316 Ε’τι⁸
3490 5242 3572 5316 his

2007 5327 2230 5384 apparet
2258 5311 2639 5369 Σύννάδαῖιιιὶιι
2673 5316 2881 5381 duplice
2909 5332 2947 5367 ν
2972 5319 3132 5367 scrtln
3171 5311 3572 5384 delivre.__Quod

2004 5381 2217 5455 quidem
2268 5388 2591 5455 conﬁrmant
2633 5386 2794 5438 etiam
2845 5385 3045 5437 nummi
3102 5396 3357 5455 veteres.“
3387 5381 3572 5433 Exstat

2006 5452 2145 5524 apud
2188 5456 2448 5510 Joannem
2487 5453 2797 5510 Tristanum
2834 5470 3081 5507 nummus
3115 5452 3411 5524 (larmfallie
3448 5467 3575 5524 cum

2007 5520 2109 5581 hac
2176 5528 2527 5596 inscriptione
2587 5525 3030 5587 CYNNAAEQN,
3095 5521 3409 5596 ΔΩΡνΙΕΩΝ,
3475 5520 3571 5572 ια.

2005 5597 2170 5652 ΝΩΝ.
2199 5593 2359 5663 ρυπ
2385 5600 2600 5666 quidem
2657 5597 2940 5666 inscriptio
2993 5596 3153 5647 docet
3195 5593 3575 5666 Synnadenses

2008 5668 2173 5721 fuisse
2224 5662 2510 5730 Dorionas,
2544 5668 2595 5722 id
2632 5676 2735 5724 est.
2774 5662 3058 5719 Dorienses
3105 5665 3321 5717 lenibus
3368 5662 3574 5730 permi-

2010 5749 2143 5791 sros.
2191 5736 2360 5792 Erant
2406 5740 2547 5792 enim
2592 5736 2803 5807 origine
2856 5735 3195 5807 Macedones,
3241 5748 3303 5790 ac
3352 5731 3585 5803 proinde

2021 5808 2328 5875 Dorienses,
2355 5823 2543 5865 verum
2573 5810 2625 5863 iu
2659 5804 2833 5861 medio
2856 5805 3015 5862 lonia:
3043 5804 3158 5865 siti.
