4012 6256
577 335 642 393 '75
1247 331 1513 390 EL'SEBII
1551 327 2021 390 CIESARIENSIS
2058 329 2210 389 OPP.
2247 331 2425 388 PARS
2461 333 2502 388 Ι.
2544 361 2614 373 -
2651 329 3037 388 HISTORICA.

3684 329 3813 380 57η

491 446 505 500 ε’
529 451 726 509 xandri
755 451 1210 521 computationem
1239 459 1543 520 temporum
1576 451 1994 506 circumscribit.
2026 449 2106 503 Ex

2213 451 2327 516 ἔτος
2351 451 2748 522 αὐτοκράτορος
2790 447 3137 519 Ἀλεξάνδρου
3187 447 3311 510 τοὺς
3345 446 3567 518 χρόνους
3619 463 3815 518 ⁸περι-

531 546 757 616 reliquis
787 553 967 599 autem
1005 543 1146 596 illius
1177 541 1428 610 scriptis,
1461 543 1574 596 hare
1601 552 1726 596 sunt
1756 557 1874 610 quae
1901 543 1966 596 ad
1999 559 2098 598 no-

533 640 705 693 titiam
754 647 994 693 nostram
1022 644 1387 704 pervenerunt
1424 634 1535 689 :In
1569 652 1697 704 opus
1737 652 1829 690 sex
1861 636 2096 701 dierum,

533 728 601 782 In
631 744 691 781 ea
721 743 837 799 quin
879 735 995 797 post
1040 741 1132 780 sca:
1161 727 1272 780 dies
1312 735 1603 780 consecuta
1635 735 1796 788 sunt,
1843 727 2100 781 Adversus

535 819 878 884 Marcionem,
908 817 972 871 In
999 817 1274 870 Canticum
1299 818 1640 882 canticorum,
1674 817 1740 870 In
1765 821 1937 886 capita
1959 836 2101 891 qna:-

535 914 656 964 dam
679 911 967 964 Ezechielis
984 949 999 973 ,
1030 909 1102 963 De
1128 908 1354 969 Pascite,
1382 909 1638 964 Adversus
1660 926 1834 964 omnes
1857 911 2100 965 hwreses.

537 1000 644 1056 Sed
659 1010 714 1054 et
728 999 832 1053 alia
851 1000 1077 1068 plurima
1099 1001 1236 1068 apud
1260 999 1392 1053 alios
1412 1010 1686 1054 asscrrata
1701 1000 1825 1054 licet
1843 1000 2099 1068 reperire.

1106 1177 1332 1233 CAPUT
1364 1177 1553 1234 XXIII.

536 1271 615 1326 De
644 1269 889 1341 Origenis
913 1271 1088 1325 studio
1109 1310 1123 1335 ,
1164 1282 1209 1392 ti;
1239 1273 1496 1341 quomodo
1522 1271 1827 1342 presbyterii
1857 1271 2102 1327 honorem

1142 1360 1172 1392 α
1215 1355 1362 1392 cutus
1398 1353 1494 1392 est.

1142 1353 1362 1410 adeptus
1398 1353 1494 1395 est.

608 1436 684 1490 Ex
727 1450 792 1489 eo
825 1444 1063 1505 tempore
1101 1435 1260 1488 etiam
1291 1434 1550 1503 Origenes
1591 1435 1643 1488 in
1704 1433 1914 1488 divinas
1957 1431 2106 1488 Scri-

536 1539 723 1598 pturas
751 1526 1167 1580 commentarios
1196 1527 1359 1594 cmpit
1398 1525 1763 1585 conscribere.
1813 1525 2104 1580 Ambrosio

540 1618 842 1674 innumeris
867 1618 1102 1671 stimulis
1127 1633 1248 1672 eum
1278 1619 1571 1680 incitante.
1607 1633 1704 1672 nec
1729 1617 1901 1672 solum
1929 1618 2106 1674 verbis

539 1721 700 1778 atque
730 1709 1169 1772 hortationibus,
1218 1710 1311 1763 sed
1353 1709 1518 1763 etiam
1565 1709 1881 1778 largissimis
1923 1726 2104 1765 rerum

2201 542 2420 614 γράφει.
2457 541 2577 595 Τῶν
2601 541 2658 594 δὲ
2683 538 2884 592 λοιπῶν
2915 537 3082 591 αὐτοῦ
3117 539 3560 609 συγγραμμάτων
3589 539 3666 592 τὰ
3713 540 3814 600 εἰς

2203 635 2349 706 ἡμᾶς
2380 633 2618 695 ἐλθόντα,
2651 633 2764 685 ἔστι
2790 632 2942 686 τάδε·
2980 633 3084 695 Εἰς
3111 629 3224 697 τὴν
3266 629 3651 700 Ἐξαήμερον,
3677 632 3812 695 Εἰς

2203 727 2276 781 τὰ
2315 727 2462 797 μετὰ
2515 726 2630 794 τὴν
2666 725 2994 794 ἐξαήμερον
3040 723 3188 793 (41),
3229 723 3383 792 Πρὸς
3439 726 3808 791 Μαρκίωνα,

2200 821 2306 884 Εἰς
2335 816 2399 870 τὸ
2425 813 2626 888 τᾼσμτι
2666 817 2924 887 (HL-EH;
2947 802 3095 885 μέρη
3137 814 3242 869 τοῦ
3295 816 3591 884 Ἰεζεκιὴλ,
3635 815 3810 883 Περὶ

2203 911 2307 964 τοῦ
2365 909 2610 980 Πάσχα,
2658 909 2813 977 Πρὸς
2866 907 3106 974 ἁπάσας
3166 907 3272 973 τὰς
3333 908 3590 976 αἱρέσεις
3638 909 3805 979 (£3).

2204 1003 2442 1056 Πλεῖστά
2475 1019 2533 1054 τε
2564 1001 2696 1057 ἄλλα
2719 1004 2811 1055 καὶ
2843 1000 2993 1072 παρὰ
3029 991 3237 1064 πολλοῖς
3275 999 3454 1072 εὕροις
3493 999 3558 1056 ἂν
3606 1002 3806 1073 σωζόο

2207 1109 2361 1163 μενα.

2738 1181 3131 1238 ΚΕΦΑΛΑῘΟΝ
3157 1181 3282 1235 Kl".

2205 1276 2341 1345 Περὶ
2376 1274 2484 1344 τῆς
2517 1272 2847 1342 Ὡριγένους
2884 1273 3180 1345 σπονδῆς,
3208 1273 3304 1345 καὶ
3332 1273 3412 1345 ὡς
3432 1273 3533 1345 τοῦ
3561 1274 3808 1344 ἐκκλη.

2270 1343 2587 1400 σιαστικοῡ
2618 1345 2932 1413 πρεσϐείου
2958 1343 3169 1410 ἠξιώθη
3198 1344 3334 1413 (Nic.
3362 1343 3430 1397 Η.
3455 1344 3515 1397 Ε.
3537 1360 3593 1409 v,
3619 1345 3748 1415 18).

2287 1438 2378 1503 Ἐξ
2426 1439 2634 1492 ἐκείνου
2666 1437 2798 1508 (44),
2845 1437 2902 1489 δὲ
2949 1437 3043 1489 καὶ
3088 1437 3348 1508 Ὠριγένει
3398 1437 3502 1490 τῶν
3545 1440 3628 1500 εἰς
3687 1436 3809 1500 τὰς

2207 1524 2356 1589 θείας
2388 1525 2609 1596 Γραφὰς
2641 1523 3050 1595 ὑπομνημάτων
3104 1525 3311 1593 ἐγίνετο
3336 1526 3507 1597 ἀρχὴ,
3552 1527 3810 1598 Ἀμϐρο-

2210 1617 2322 1670 σίου
2347 1618 2402 1676 ἐς
2421 1616 2488 1669 τὰ
2518 1615 2747 1687 μάλιστα
2772 1615 3160 1688 παρορμῶντος
3180 1617 3340 1670 αὑτὸν
3365 1617 3582 1688 μυρίαις
3601 1619 3806 1672 beata-

2207 1705 2299 1759 οὖν
2333 1707 2663 1778 προτροπαίς
2710 1705 2876 1776 (Μ’),
2903 1707 2963 1758 οὺ
2999 1709 3118 1769 ταῖς
3149 1705 3236 1758 διὰ
3275 1706 3445 1774 λόγων
3478 1708 3568 1761 καὶ
3603 1725 3805 1782 παρα-

539 1801 967 1855 necessariarum
1002 1801 1430 1869 prmbitionibus.
1451 1800 1659 1869 Quippe
1687 1811 1887 1870 septem
1917 1812 1969 1857 et
1999 1819 2108 1856 am-

2213 1800 2465 1870 κλήσεσιν
2497 1799 2628 1853 αὐτὸ
2679 1800 2837 1870 μόνον
2857 1839 2872 1863 ,
2921 1799 3053 1853 ἀλλὰ
3085 1792 3190 1853 ’καὶ
3237 1799 3639 1868 ἁφθονωτάταις
3669 1802 3802 1857 τῶν

541 1894 683 1962 ptius
721 1893 920 1946 notarii
953 1893 1185 1946 dictaoti
1221 1893 1294 1946 illi
1329 1903 1526 1962 praesto
1559 1895 1818 1959 aderant,
1855 1896 1943 1964 qui
1975 1911 2110 1964 prm-

539 1987 730 2038 stilltlo
757 1993 998 2054 tempore
1023 1987 1128 2040 sibi
1156 2002 1248 2054 per
1269 1989 1413 2042 vices
1439 1987 1825 2042 succedebant:
1860 2004 1957 2042 nec
1981 2004 2111 2058 pau-

539 2078 716 2134 e'ores
749 2077 1042 2145 antiquarii
1074 2078 1232 2132 simul
1271 2095 1391 2131 cum
1425 2079 1615 2147 puellis
1644 2080 1940 2147 elegantius
1969 2081 2109 2135 scri-

541 2173 670 2224 bere
695 2169 959 2224 assuetis:
989 2170 1195 2238 quibus
1223 2171 1474 2224 omnibus
1505 2172 1841 2226 necessarios
1869 2182 2112 2242 sumptus

539 2260 757 2328 copiose
789 2261 1242 2317 subministrabat
1273 2263 1612 2318 Ambrosius.
1655 2265 1758 2318 Sed
1800 2275 1854 2317 et
1883 2265 2112 2318 incredi-

539 2353 698 2405 bilem
722 2353 1008 2422 quamdam
1037 2352 1367 2407 alacritatem
1395 2355 1444 2408 in
1475 2356 1575 2408 hoc
1603 2369 1879 2408 sacrarum
1908 2354 2113 2409 littera-

542 2461 660 2499 rum
700 2445 874 2500 studio
918 2445 1031 2514 ipse
1078 2460 1174 2513 pro
1219 2446 1360 2500 virili
1401 2457 1554 2514 parte
1596 2445 1910 2500 conferebat
1949 2463 1964 2499 :
2006 2461 2112 2514 qua

537 2537 755 2606 quidem
795 2552 853 2591 re
879 2537 1216 2607 potissimum
1249 2536 1507 2607 Origenes
1537 2537 1601 2591 ad
1632 2537 1946 2591 scribendos
1975 2551 2116 2590 eom-

541 2626 835 2680 mentarios
860 2626 1256 2694 impellebatur.
1293 2626 1415 2680 llmc
1441 2631 1562 2680 dum
1591 2629 1663 2679 ita
1689 2635 1980 2696 geruntur,
2017 2623 2113 2679 Ur-

541 2719 738 2770 banum
768 2717 1018 2771 Ecclesizc
1046 2716 1301 2771 Romanm
1346 2718 1661 2786 pontilicatu
1699 2718 1951 2772 ocleonio
1981 2731 2113 2786 per-

543 2809 784 2862 functum
811 2809 1026 2876 excepit
1049 2807 1378 2862 Pontianus:
1417 2807 1810 2862 Antiochenam
1841 2823 1967 2863 vero
2015 2809 2116 2865 Ec-

547 2901 774 2956 clesiam
820 2907 943 2968 post
993 2898 1258 2952 l‘hiletum
1289 2897 1528 2953 Zebinus
1567 2901 1852 2969 regendam
1885 2901 2112 2969 accepit.

543 2994 661 3058 Quo
687 3003 929 3060 tempore
955 2989 1216 3060 Origenes
1237 3031 1251 3055 ,
1287 2991 1646 3060 compellente
1675 2992 1846 3060 ipsum
1872 2994 2112 3048 necessi-

542 3095 684 3152 tate,
714 3086 782 3140 ob
821 3085 1187 3142 ecclesiastica
1216 3087 1428 3154 negotia
1457 3086 1510 3140 in
1534 3087 1794 3141 Achaiam
1823 3086 2109 3158 profectus,

541 3195 666 3239 cum
699 3194 795 3249 per
821 3177 1163 3233 Palaestinam
1195 3179 1488 3245 transiret,
1523 3155 1853 3252 presbyterii
1886 3181 2112 3250 gradum
2140 3155 2181 3214 ο

543 3289 642 3342 per
690 3271 1090 3341 impositiouem
1140 3288 1392 3326 manutuu
1421 3270 1684 3328 Caesarea:
1737 3275 1806 3328 ab
1851 3273 1997 3329 illius
2026 3290 2112 3329 re-

543 3363 718 3436 gionis
765 3365 1032 3434 cpisc0pis
1067 3365 1296 3434 accepit.
1342 3364 1508 3418 Porro
1551 3365 1641 3434 qui
1702 3366 1956 3436 deinceps
2005 3383 2113 3423 mo-

547 3470 632 3518 tus
664 3458 780 3526 ejus
819 3472 981 3511 causa
1017 3456 1220 3512 fuetzint
1252 3458 1507 3512 concitati
1529 3499 1544 3523 ,
1580 3467 1637 3512 et
1667 3473 1787 3526 quae
1816 3473 1978 3527 super
2012 3459 2111 3512 iis-

545 3551 665 3603 dem
710 3549 942 3604 motibus
989 3564 1018 3603 a
1056 3549 1376 3619 praesulibus
1408 3548 1768 3604 Ecclesiarum
1812 3551 2106 3606 constituta

544 3641 684 3696 sint:
736 3649 791 3697 et
823 3655 1155 3712 qumcunque
1195 3641 1300 3696 alia
1334 3641 1517 3711 vigens
1551 3640 1666 3710 ipse
1715 3640 2014 3710 acﬂoreus
2051 3642 2104 3696 in

617 3827 727 3900 (41)
753 3829 856 3894 Εις
883 3826 956 3882 τὰ
977 3827 1128 3900 μετά
1157 3826 1272 3895 τὴν
1303 3825 1679 3900 ἑξαὴμερονιμ
1703 3827 1897 3900 ΙιΙΑεει,
1944 3827 1998 3881 in
2023 3842 2113 3900 ca-

544 3897 644 3970 put
692 3897 989 3970 secundum
1036 3898 1338 3962 Geneseos,
1396 3897 1461 3952 ut
1503 3898 1710 3953 notavit
1757 3897 2002 3970 Scaliger
2056 3898 2108 3970 in

545 3967 685 4023 libro
732 3983 805 4022 vn
851 3969 926 4023 De
964 3970 1324 4023 emendatione
1359 3978 1669 4038 temporum,
1699 3984 1824 4038 pag.
1854 3967 1980 4031 685,
2017 3969 2110 4023 ubi

547 4050 726 4092 tamen
778 4041 1049 4093 immerito
1109 4037 1893 4108 reprehenditHieronymum
1954 4039 2107 4106 quasi

548 4110 651 4162 hoc
692 4123 798 4161 non
839 4108 1584 4178 intellexerit_llieronymus.
1629 4108 1739 4178 Ego
1776 4123 1908 4162 vero
1949 4108 2110 4162 aliter

547 4179 744 4231 sentio.
777 4178 965 4232 Plures
992 4180 1134 4232 enim
1183 4175 1454 4248 Hippolyti
1498 4175 1939 4233 libros'reccnset
1981 4178 2107 4233 Hie-

548 4263 808 4316 ronymus
851 4261 1010 4315 quam
1065 4247 1348 4318 Eusebius.
1384 4247 1578 4316 itaque
1607 4263 1729 4300 cum
1768 4248 2110 4318 Hippolytum

547 4315 834 4386 scripsisse
879 4318 1012 4370 dicit
1053 4319 1105 4370 in
1146 4315 1420 4379 Genesim,
1464 4315 1570 4372 tam
1611 4318 1776 4372 libros
1822 4315 2084 4372 inﬂexae

549 4404 726 4440 meron
777 4386 1028 4455 intelligit
1059 4402 1218 4456 quam
1267 4388 1318 4439 in
1358 4386 1884 4442 Post-Itcxaemeron.
1931 4390 2118 4443 Exstat

548 4457 791 4528 Philonis
822 4457 957 4509 liber
981 4457 1169 4510 eodem
1200 4457 1374 4522 titulo,
1407 4473 1500 4512 seu
1529 4461 1706 4528 potius
1733 4460 1838 4513 duo
1879 4461 2026 4524 libri,
2060 4470 2116 4513 ut

548 4535 632 4580 est
661 4527 712 4577 iu
749 4542 851 4579 ius.
884 4529 1222 4592 Augustam).

620 4596 732 4666 (4‘2)
777 4600 882 4664 Εις
919 4598 986 4651 τὸ
1021 4593 1644 4668 τᾼσμαητιιροιιοτίῑιιε
1686 4597 1990 4668 ἰηίάἰπιοιζο
2023 4600 2112 4668 qui

549 4666 822 4740 Eranistcs
872 4666 1207 4740 inscribitur,
1248 4667 1404 4740 hunc
1469 4668 1664 4740 librum
1727 4666 1996 4740 Hippolyti
2041 4666 2114 4723 ita

547 4739 700 4797 citat.
737 4741 842 4805 Εἰς
870 4738 984 4806 τὴν
1011 4737 1176 4802 ᾠδὴν
1201 4738 1316 4804 τὴν
1336 4736 1626 4806 μεγάλην.

621 4808 734 4878 (l3)
774 4809 930 4877 Πρὸς
960 4807 1204 4875 ἁπάσας
1236 4808 1343 4874 τὰς
1371 4807 1648 4876 αἱρέσεις.
1682 4808 1754 4863 De
1783 4809 1883 4863 hoc
1909 4809 2112 4878 Hippo-

551 4880 648 4948 lyti
683 4880 863 4933 libello
891 4882 1010 4933 vide
1036 4878 1210 4932 Pbotii
1247 4878 1640 4942 Bibliothecam,
1678 4895 1796 4948 cap.
1835 4881 1952 4934 121.
1985 4884 2113 4932 Erat

549 4950 639 5001 hic
674 4950 808 5002 liber
837 4959 1026 5003 contra
1061 4965 1206 5003 χχχιι
1247 4952 1502 5012 ha‘reses,
1537 4964 1761 5017 quarum
1787 4951 1959 5018 prima
1997 4961 2114 5003 erat

549 5020 1026 5083 Dositheanorum,
1057 5021 1241 5072 ultima
1274 5021 1682 5074 Noetianorum.
1712 5023 1854 5086 Quas
1881 5024 2114 5076 hinreses

549 5105 671 5141 cum
730 5089 963 5142 lrenazus
1019 5091 1070 5143 in
1140 5089 1492 5144 concionibus
1559 5090 1867 5152 refotasset,
1926 5106 2112 5143 earum

549 5159 925 5229 eotnpenilium
959 5161 1192 5229 scripsit
1233 5159 1574 5229 Hippolytus,
1631 5159 1744 5224 ejus
1791 5161 2113 5229 diScipulus,

554 5235 695 5282 teste
729 5227 927 5282 ibidem
955 5227 1166 5283 Pbotio.
1190 5227 1347 5283 llune
1373 5227 1532 5297 porro
1563 5230 1835 5299 Hippolyti
1873 5227 2108 5284 libellum

549 5299 1363 5371 szepe_citaverat/Stephanus
1419 5301 1686 5366 Gobarus,
1744 5313 1800 5354 ut
1855 5311 2000 5371 patet
2047 5315 2114 5354 ex

549 5384 671 5437 cap.
709 5368 760 5434 7,
795 5369 861 5422 10
889 5380 942 5423 et
972 5370 1039 5423 15
1080 5371 1198 5424 libri
1229 5373 1469 5426 secundi.

619 5439 734 5510 (44)
788 5439 883 5504 Ἐξ
923 5440 1160 5494 ἐκείνου
1209 5440 1296 5494 δέ.
1345 5440 1470 5495 Hine
1505 5442 1668 5495 verba
1721 5441 1862 5496 male
1909 5441 2117 5510 accepit

548 5508 914 5582 Hieronymus
939 5513 989 5563 in
1017 5513 1291 5580 Catalogo,
1319 5513 1467 5582 quasi
1490 5511 1752 5582 Origenes
1773 5508 2116 5566 inundatione

548 5577 820 5651 Hippolyti
862 5582 1146 5651 impulsus,
1180 5577 1246 5634 ad
1280 5577 1625 5636 scribendum
1663 5583 1973 5651 accesserit.
2009 5583 2116 5635 Pu-

548 5647 686 5702 tavit
715 5647 858 5724 enim
904 5649 964 5724 εξ
995 5651 1434 5724 Exstvoorel‘erri
1476 5653 1541 5705 ad
1579 5647 1947 5724 Hippolytum,
1990 5668 2112 5705 cum

549 5727 730 5774 tamen
784 5721 1055 5789 signiticet
1111 5723 1320 5789 abhinc,
1384 5730 1467 5776 vel
1520 5721 1727 5780 exinde.
1777 5721 2115 5778 Subauditur

547 5790 689 5845 enim
741 5788 1076 5860 τοῦχρόνου.
1111 5790 1277 5847 Porro
1314 5792 1381 5845 ab
1433 5795 1516 5847 bis
1543 5796 1720 5848 verbis
1749 5809 1865 5865 cap.
1908 5795 1998 5864 '25,
2034 5795 2115 5849 ἱιι-

2211 1893 2525 1963 ἐπιτηδείων
2551 1893 2855 1964 χορηγίαις.
2890 1893 3240 1964 Ταχυγράφοι
3270 1893 3378 1964 γὰρ
3401 1894 3545 1964 αὑτῷ
3564 1895 3802 1960 πλείους

2211 1984 2243 2056 ἢ
2273 1985 2411 2038 ἑπτά
2437 1985 2525 2038 τὸν
2558 1984 2787 2055 ἀριθμὸν
2823 1985 3078 2055 παρῆσαν
3113 1984 3529 2056 ὑπαγορεύοντι,
3567 1987 3801 2056 χρόνοις

2210 2078 2562 2147 τεταγμένοις
2594 2075 2855 2148 ἀλλήλους
2898 2077 3247 2147 ἀμείϐοντες·
3309 2076 3679 2147 βιϐλιογράφοι
3729 2095 3799 2132 τε

2211 2172 2308 2241 οὐχ
2338 2172 2553 2240 ἥττους,
2609 2170 2723 2240 ἅμα
2774 2169 2868 2223 καὶ
2919 2169 3108 2241 κόραις
3157 2169 3248 2222 ἐπὶ
3291 2170 3350 2222 τὸ
3394 2169 3798 2240 καλλιγραφεῖν

2213 2263 2580 2336 ἡσκημὲναις·
2634 2258 2708 2317 ὧν
2761 2263 3011 2316 ἁπάντων
3065 2263 3161 2332 τὴν
3193 2263 3414 2315 δέουσαν
3447 2262 3553 2314 τῶν
3588 2265 3798 2332 ἐπιτη-

2213 2355 2368 2410 δείων
2419 2355 2648 2423 ἄφθονον
2703 2357 3018 2426 περιουσίαν
3062 2358 3089 2409 ὁ
3138 2355 3457 2426 Ἀμϐρόσιος
3505 2355 3798 2425 παρεστή-

2216 2464 2344 2500 σατο
2366 2463 2378 2477 ·
2405 2447 2493 2500 ναὶ
2521 2447 2624 2518 μὴν
2658 2447 2751 2500 καὶ
2780 2447 2836 2498 ὲν
2870 2449 2933 2517 τῇ
2967 2447 3091 2517 περὶ
3114 2447 3180 2501 τὰ
3215 2446 3331 2499 θεῖα
3363 2445 3517 2514 λόγια
3550 2446 3799 2515 ἀσκήσει

2214 2555 2273 2591 τε
2308 2537 2400 2591 καὶ
2429 2538 2669 2614 σπουδῇ,
2715 2536 3020 2608 προθυμίαν
3045 2537 3246 2605 ἄφατον
3289 2536 3433 2606 αὑτῷ
3462 2537 3795 2605 συνεισέφε-

2218 2648 2326 2700 ρεν,
2419 2632 2510 2684 καὶ
2536 2630 2768 2701 μάλιστα
2804 2631 2962 2684 αὑτὸν
3008 2629 3346 2702 προῦτρεπεν
3387 2630 3478 2682 ἐπὶ
3529 2630 3630 2700 τὴν
3676 2629 3797 2683 τῶν

2215 2723 2619 2793 ὑπομνημάτων
2656 2721 2926 2788 σύνταξιν.
2969 2722 3182 2775 Τούτων
3229 2723 3286 2776 δὲ
3324 2721 3492 2784 οὕτω,
3528 2722 3794 2792 ἐχόντων,

2216 2814 2488 2885 Οὐρϐανὸν
2513 2815 2980 2868 ὲπισκοπεύσαντα
3005 2815 3102 2884 τῆς
3135 2815 3416 2884 Ῥωμαίων
3457 2813 3794 2883 Ἐκκλησίας

2215 2906 2390 2960 ἐτεσιν
2421 2906 2584 2970 ὀκτὼ,
2637 2907 2938 2977 διαδέχεται
2964 2905 3289 2969 Ποντιανὸς,
3339 2906 3438 2976 τῆς
3485 2906 3529 2957 δ’
3586 2907 3798 2959 Ἀντιο-

2215 3000 2352 3071 χέων
2387 3000 2523 3070 μετὰ
2556 2999 2813 3070 Φιλητὸν,
2853 2998 3090 3063 Ζεϐῖνος.
3139 2998 3272 3052 Καθ’
3306 2997 3398 3062 οὓς
3437 3002 3465 3051 ὁ
3505 2999 3796 3070 Ὧριγένης

2217 3091 2538 3163 ἐπειγούσης
2581 3091 2768 3162 χρείας
2801 3090 3264 3160 ἐκκλησιαστικῶν
3306 3089 3468 3142 ἕνεκα
3523 3089 3794 3161 πραγμά-

2217 3202 2324 3238 των
2353 3183 2485 3256 (45),
2511 3185 2603 3237 ἐπὶ
2621 3184 2716 3255 τὴν
2751 3182 2974 3237 Ἐλλάδα
2998 3182 3342 3253 στειλάμενος
3358 3184 3456 3254 τὴν
3472 3183 3559 3236 διὰ
3586 3185 3793 3237 Παλαι-

2219 3277 2444 3347 στίνης,
2501 3276 2889 3347 πρεσϐυτερίου
2952 3275 3287 3346 χειροθεσίαν
3357 3277 3414 3328 ὲν
3482 3277 3795 3350 Καισαρείᾳ

2219 3369 2354 3441 πρὸς
2394 3368 2502 3422 τῶν
2534 3369 2658 3440 τῇδε
2692 3367 3002 3420 ἐπισκόπων
3027 3368 3416 3438 ἀναλαμϐάνει.
3451 3367 3533 3421 Τά
3563 3371 3661 3438 μὲν
3698 3366 3796 3424 οὖν

2218 3459 2310 3511 ἐπὶ
2352 3459 2525 3530 τούτῳ
2571 3460 2698 3530 περὶ
2743 3458 2906 3511 αὑτοῦ
2950 3459 3316 3530 κεκινημένα,
3361 3459 3430 3512 τά
3462 3477 3518 3513 τε
3555 3462 3646 3514 ἐπὶ
3678 3465 3794 3527 τοῖς

2217 3549 2478 3620 κινηθεῖσι
2523 3549 2814 3620 δεδογμένα
2843 3553 2953 3612 τοῖς
3002 3548 3107 3602 τῶν
3150 3549 3481 3619 Ἐκκλησιῶν
3510 3552 3793 3622 προεστῶ-

2211 3659 2295 3695 σιν
2321 3640 2453 3711 (46),
2489 3640 2589 3693 ὅσα
2621 3657 2680 3693 τε
2729 3639 2863 3694 ἄλλα
2914 3641 3176 3712 ἀκμάζων
3211 3641 3338 3710 περὶ
3375 3642 3464 3695 τὸν
3498 3641 3639 3696 Θεῖον
3687 3645 3794 3697 εἰσ·

2217 3827 2347 3894 cipit
2395 3826 2448 3879 in
2499 3826 2686 3896 codice
2740 3824 3040 3889 Mazarino,
3087 3827 3175 3881 cui
3227 3828 3500 3882 consentit
3546 3830 3794 3896 optimus

2218 3897 2305 3951 ille
2344 3896 2519 3970 cgdex
2545 3894 2749 3970 _Rutini_
2778 3911 2948 3970 quem
2982 3897 3178 3970 smpius
3226 3898 3463 3964 laudavi,
3507 3894 3792 3970 nisiquod

2217 3982 2312 4035 pro
2338 3966 2408 4019 25
2438 3967 2616 4034 capite
2645 3966 2906 4034 scriptum
2937 3966 3094 4020 Italtol
3119 3967 3208 4021 ‘20.
3660 3966 3680 3970 “
3789 3966 3792 3970 ’

2285 4035 2438 4107 (M‘)_
2463 4036 2619 4102 Vulg.
2649 4037 2887 4107 μυρίαις
2922 4035 3096 4104 ὅσαις
3139 4037 3272 4091 οὖν.
3310 4036 3366 4090 In
3407 4038 3599 4092 codice
3646 4037 3786 4093 Max.

2214 4103 2313 4177 pro
2379 4103 2472 4161 οὖν
2528 4103 2742 4162 notatur
2805 4110 2938 4161 alias
2999 4107 3160 4161 scribi
3215 4109 3300 4160 οὐ.
3350 4109 3474 4177 Sed
3535 4117 3790 4163 neutrum

2213 4176 2412 4246 placet.
2456 4179 2610 4246 Apud
2641 4179 2887 4241 Suidam,
2921 4177 2974 4230 in
3007 4191 3136 4230 voce
3173 4176 3494 4247 Ὠριγένης,
3529 4181 3793 4233 scribitur

2216 4252 2368 4372 ὂςῖαις
2409 4249 2492 4302 οὐ.
2539 4247 2692 4314 Quod
2733 4248 2778 4303 si
2827 4249 3180 4312 retineamus,
3218 4249 3502 4303 delendum
3543 4249 3652 4304 erit
3686 4266 3790 4320 μυ·

2221 4337 2251 4372 ο
2276 4336 2382 4372 αις.

2276 4336 2382 4380 αις.

2221 4337 2400 4458 ριῗὶὲ)
2452 4386 3002 4456 Ἐκκλησιαστικῶν
3042 4387 3221 4441 ἕνεκα
3267 4386 3644 4456 πραγμάτων.
3678 4388 3790 4442 Ru-

2222 4461 2312 4512 tini
2345 4461 2520 4514 versio
2545 4459 2922 4512 connuentarii
2961 4459 3077 4511 loco
3112 4461 3251 4512 erit:
3291 4460 3406 4523 Quo
3447 4460 3503 4509 in
3551 4470 3788 4526 tempore

2149 4508 2192 4564 D
2225 4530 2473 4598 Origenes
2518 4540 2734 4598 rogatus
2786 4536 2864 4580 est
2916 4529 2978 4580 ab
3025 4527 3274 4581 Ecclesiis
3296 4508 3430 4596 ’ἦιιιε
3471 4539 3592 4581 sunt
3639 4508 3785 4594 arpud

2215 4601 2491 4658 Achaiam,
2529 4607 2584 4650 ut
2630 4597 2720 4651 illo
2759 4613 2918 4666 usque
2951 4614 3045 4666 pro
3091 4600 3457 4651 convincendis
3498 4601 3787 4663 Iuvreticis,

2213 4671 2304 4736 qui
2368 4670 2495 4720 inibi
2549 4669 2764 4720 liberius
2835 4669 3570 4738 conualuerant,perveniret.
3636 4667 3785 4724 Idem

2216 4740 2410 4792 Scribit
2440 4738 2884 4806 Hieronymus-ip
2918 4737 3193 4802 Cutulogo,
3231 4737 3319 4791 ubi
3351 4742 3417 4790 de
3453 4740 3713 4804 Origene.

2287 4809 2396 4878 (ιο)
2468 4805 2798 4878 Δεδογίιιένα
2866 4806 2990 4873 τοῖς
3032 4805 3148 4861 τῶν
3207 4808 3582 4873 Ἐκκλησιῶν
3641 4825 3788 4878 προ-

2214 4879 2492 4933 εστῶσιν.
2541 4881 2611 4933 At
2643 4886 2754 4932 biee
2809 4880 3075 4946 praecipue
3125 4880 3329 4932 refetre
3381 4879 3466 4932 hic
3521 4881 3790 4935 debuerat

2219 4951 2499 5012 Eusebius,
2539 4951 2734 5018 quippe
2765 4964 2886 5015 quae
2916 4952 2982 5001 ad
3018 4948 3300 5002 historiam
3351 4949 3785 5003 ecclesiasticam

2217 5024 2451 5073 maxime
2501 5019 2720 5071 faciunt.
2767 5021 2952 5073 balius
3001 5031 3116 5071 crat
3159 5021 3413 5072 omittere
3466 5021 3570 5071 alia
3616 5021 3785 5072 multa

2215 5105 2337 5157 (μην
2377 5091 2443 5141 de
2487 5092 2724 5158 Origene
2755 5091 3198 5142 commemoravit
3257 5089 3554 5151 EuSehius;
3597 5089 3788 5156 cujus-

2217 5161 2357 5213 tuodi
2399 5172 2474 5212 est
2509 5163 2574 5211 de.
2615 5161 2882 5224 legatione
2919 5161 3071 5210 ducis
3101 5159 3331 5218 Arabiae.
3371 5169 3426 5213 et
3459 5161 3523 5212 de
3560 5159 3785 5214 Manum!

2216 5239 2386 5284 matre
2419 5234 2757 5297 imperatoris
2790 5229 3102 5292 Alexandri,
3135 5241 3192 5282 et
3219 5232 3319 5281 alia
3348 5230 3628 5293 nonnulla,
3662 5246 3788 5297 qua:

2217 5303 2280 5354 ad
2314 5303 2483 5368 ipsius
2507 5301 2721 5369 quidem
2751 5298 2997 5367 Origeuis
3029 5301 3250 5368 gloriam
3282 5308 3550 5368 spectant,
3587 5303 3680 5352 scd
3718 5303 3787 5354 ad

2215 5371 2493 5426 historiam
2527 5385 2702 5424 rerum
2733 5372 3231 5424 ecclesiasticarmn
3257 5386 3448 5438 parum
3471 5371 3785 5423 conferunt.

2216 5444 2438 5497 Decreta
2476 5453 2656 5494 autem
2690 5442 3064 5510 episCOporuin
3103 5443 3345 5510 incausa
3377 5438 3652 5506 Origeuis.
3687 5457 3786 5492 ne-

2214 5529 2483 5582 quaquam
2513 5513 2598 5566 liic
2624 5522 2782 5563 erant
2803 5511 3124 5582 omittenda.
3159 5509 3354 5563 Verum
3384 5526 3480 5563 nos
3510 5513 3787 5562 immerito

2217 5581 2281 5637 de
2322 5581 2556 5636 Eusebio
2595 5584 2898 5650 querimur.
2947 5581 3044 5634 llic
3090 5585 3259 5647 enim,
3295 5596 3418 5634 cum
3451 5582 3635 5632 omnia
3668 5596 3790 5644 quia

2216 5655 2283 5708 ad
2324 5654 2574 5722 Origenis
2617 5668 2838 5705 causam
2872 5653 3159 5722 pertinent,
3205 5660 3456 5704 accurate
3501 5651 3788 5722 retulisset

2217 5722 2270 5778 in
2317 5718 2554 5777 secundo
2606 5718 2935 5792 Defensionic
2990 5721 3130 5777 libro
3187 5736 3348 5790 quam
3401 5733 3497 5792 pro
3542 5718 3790 5792 Origene

2217 5794 2635 5864 conscripserat,
2659 5790 2850 5850 eadem
2874 5793 2961 5850 hic
2983 5801 3226 5865 repetere
3247 5790 3574 5861 superﬂuum
3603 5790 3785 5850 duxit.
