4012 6256
485 287 589 344 585

1220 273 1486 330 EUSEBII
1522 269 1994 352 thESARlENSlS
2031 267 2185 326 OPP.
2228 265 2408 322 PARS
2444 266 2490 321 Ι.
2526 294 2599 306 —
2635 258 3023 320 HISTORICA.

3628 261 3729 318 58$

485 398 684 464 Marci,
715 394 805 465 qui
836 401 995 464 prout
1022 391 1216 448 Petrus
1245 390 1347 460 ipsi
1377 397 1697 458 exposuerat
1718 429 1731 450 ,
1765 388 1815 442 in
1844 387 2052 441 litteras

2163 401 2350 456 ματος,
2391 381 2526 436 ἀλλὰ
2566 381 2892 454 πνεύματος,
2928 377 3159 442 Παῦλος,
3195 378 3223 430 6
3255 375 3634 448 πεπληρωκὼς
3672 378 3730 431 τὸ

405 507 411 515 ·
484 487 688 543 retulit.
729 488 904 554 Atque
933 485 1143 538 idcirco
1173 481 1370 536 Petrus
1404 481 1456 533 in
1501 479 1738 548 Epistula
1768 479 2050 534 Catholica

483 594 606 634 eum
644 578 808 632 lilium
851 592 1003 630 suum
1036 573 1276 644 agnoscit
1303 572 1386 626 bis
1415 573 1626 625 verbis:
1666 591 1684 623 ι
1720 569 1929 624 Salutat
1958 585 2053 624 vos

485 671 652 726 electa
691 671 780 724 Dei
811 668 1052 722 Ecclesia
1100 681 1220 736 qua:
1268 675 1349 718 est
1381 665 1651 736 Babylone
1679 706 1691 726 ,
1744 672 1797 717 et
1834 663 2053 718 Marcus

487 765 627 817 illius
653 779 826 817 meus.
874 781 890 813 ι
920 761 1160 815 Tertium
1193 759 1538 830 Evangelium
1577 759 1732 813 Luca:
1757 800 1770 823 ,
1819 761 1962 827 quod
2017 773 2045 812 a

485 855 655 911 Paulo
701 855 1145 920 commendatur,
1207 853 1257 908 iu
1309 853 1542 922 gratiam
1589 851 1869 922 gentilium
1915 864 2050 904 con-

487 949 764 1016 scriptum.
837 947 1174 1001 Postremum
1241 959 1370 998 vero
1420 943 1766 1012 Evangelium
1809 940 2053 997 Joannis.

483 1041 627 1097 Idem
665 1056 824 1109 porro
871 1040 922 1092 in
969 1039 1108 1092 libro
1149 1038 1338 1107 quinto
1367 1035 1770 1105 Expositionum
1796 1035 1850 1088 in
1881 1032 2057 1088 Evan-

485 1134 676 1204 gelium
710 1129 934 1186 Joannis
991 1132 1058 1186 de
1097 1131 1338 1201 epistolis
1383 1129 1752 1197 apostolorum
1787 1129 1859 1180 ita
1914 1127 2053 1182 scri-

486 1227 596 1279 bit:
652 1243 671 1275 ι
702 1225 748 1278 ls
801 1238 927 1278 vero
959 1239 1117 1294 quem
1172 1223 1310 1276 Deus
1379 1222 1626 1277 idoneum
1677 1221 1910 1274 reddidit
1961 1221 2053 1289 qui

485 1315 622 1370 Novi
655 1313 982 1370 Testamenti
1020 1314 1265 1368 minister
1305 1323 1451 1367 esset
1487 1327 1588 1365 nou
1627 1311 1803 1364 littera
1852 1320 1907 1364 et
1937 1325 2056 1363 ver-

485 1408 574 1464 bis
662 1421 852 1470 lenus,
907 1408 998 1461 sed
1055 1408 1248 1476 spiritu
1297 1405 1499 1475 ipsius,
1559 1402 1758 1456 Paulus
1811 1403 2052 1469 scilicet,

485 1502 578 1570 qui
660 1502 727 1553 ab
770 1499 1160 1568 Hierosolymis
1223 1506 1276 1550 et
1321 1495 1565 1550 linitimis
1611 1495 1743 1550 locis
1783 1508 1951 1564 usque
1990 1495 2057 1548 ad

485 1591 788 1665 Illyricum,
843 1589 1192 1659 Evangelium
1253 1587 1584 1655 adimplevit,
1647 1603 1751 1640 non
1811 1585 2057 1641 munibus

487 1683 748 1738 Ecclesiis
801 1695 936 1749 quas
981 1681 1242 1733 docuerat
1285 1679 1520 1748 scripsit.
1577 1678 1682 1731 Sed
1727 1686 1781 1730 et
1822 1677 1888 1730 iis
1934 1675 2056 1744 qui-

485 1777 587 1831 bus
640 1775 899 1845 scripsit,
960 1787 1160 1841 paucas
1211 1772 1500 1824 admodum
1557 1769 1730 1822 lineas
1782 1769 2050 1822 exaravit.
2089 1746 2127 1800 Β

486 1869 649 1938 227
679 1867 874 1921 Petrus
905 1875 1110 1930 autem,
1150 1863 1234 1918 cui
1293 1873 1545 1933 tanquam
1583 1861 1934 1916 fundamento
1963 1875 2056 1914 su-

486 1971 786 2030 perstructa
817 1969 902 2013 est
938 1957 1176 2011 Ecclesia
1210 1954 1438 2020 Christi,
1478 1956 1740 2009 adversus
1765 1967 1925 2023 quam
1955 1967 2056 2008 nec

487 2055 616 2123 ipsa:
677 2053 973 2105 inferorum
1026 2061 1194 2122 portas
1257 2049 1620 2119 prazvaliturze
1679 2058 1826 2110 sunt,
1890 2061 2055 2101 unam

487 2146 750 2199 duntaxat
782 2143 1023 2199 omnium
1057 2158 1324 2198 consensu
1363 2150 1639 2212 receptam
1670 2140 1891 2210 reliquit
1923 2139 2054 2208 Epi-

488 2236 703 2291 stolam.
736 2234 1110 2291 Concedarhus
1147 2249 1277 2287 vero
1315 2244 1369 2287 et
1410 2233 1706 2289 secundum
1752 2231 1869 2300 ejus
1911 2245 2053 2286 esse.

489 2326 566 2383 De
597 2329 700 2383 bac
722 2329 867 2383 enim
909 2329 1226 2398 ambigitur.
1271 2324 1392 2379 .lam
1421 2341 1550 2380 vero
1591 2326 1720 2395 quid
1769 2327 2054 2380 dicendum

487 2426 571 2472 est
599 2418 665 2472 de
697 2433 763 2473 eo
801 2417 892 2486 qui
941 2418 994 2471 in
1034 2418 1158 2472 sinu
1211 2417 1412 2472 Christi
1466 2416 1734 2482 recubuit,
1797 2415 2057 2470 Joanne?

487 2507 588 2574 Qui
634 2508 853 2578 quidem
902 2522 1072 2562 unum
1131 2507 1350 2578 reliquit
1400 2506 1780 2578 Evangelium,
1839 2507 2056 2562 tametsi

489 2600 722 2654 fateatur
751 2609 828 2652 tot
856 2614 916 2654 se
963 2597 1130 2654 libros
1179 2599 1422 2654 scribere
1467 2602 1728 2669 potuisse,
1773 2608 1911 2669 quot
1957 2615 2057 2655 nec

487 2692 635 2746 orbis
662 2692 774 2760 ipse
799 2700 1066 2744 terrarum
1093 2701 1276 2759 posset
1301 2692 1608 2746 continere.
1650 2691 1884 2760 Scripsit
1913 2705 2057 2762 pra:-

493 2795 636 2840 tcrea
662 2783 1092 2847 Revelationem,
1118 2781 1301 2849 jussus
1338 2783 1518 2846 silere,
1547 2798 1646 2839 nec
1670 2793 1877 2854 septem
1920 2784 2060 2838 toni-

492 2884 672 2929 tritum
705 2888 866 2930 voces
899 2873 1262 2946 perscribere.
1295 2873 1532 2944 Scripsit
1573 2877 1734 2930 etiam
1767 2877 2056 2947 epistolam

489 2968 775 3022 admodum
807 2969 1050 3022 brevem.
1087 2967 1192 3022 Sed
1221 2967 1604 3032 concedamus,
1658 2969 1703 3022 si
1753 2968 1952 3038 placet,
2004 2977 2059 3022 et

491 3059 780 3114 secundam
831 3068 884 3114 et
938 3059 1152 3112 tertiam
1192 3057 1258 3111 ab
1294 3058 1382 3112 illo
1413 3059 1649 3127 scriptas
1693 3073 1833 3112 esse.
1870 3057 2054 3128 Neque
2084 3094 2126 3150 ο

491 3151 635 3206 enim
669 3153 767 3206 has
792 3151 1058 3222 genuinas
1103 3150 1246 3204 illius
1287 3164 1406 3204 esse
1454 3164 1645 3204 omnes
1687 3151 2054 3205 consentiunt.

490 3243 678 3299 Ambo:
709 3255 886 3298 tamen
920 3244 1007 3296 vix
1037 3253 1254 3298 centum
1312 3258 1500 3297 versus
1549 3243 1856 3296 continent.
1895 3243 2058 3297 Deni-

491 3349 598 3404 que
637 3334 705 3388 de
753 3334 989 3403 Epistola
1034 3334 1100 3387 ad
1145 3331 1400 3386 Hebraeos
1458 3333 1510 3386 in
1557 3331 1790 3386 bomiliis
1838 3348 1970 3400 quas
2003 3332 2083 3413 in,

491 3428 739 3484 eamdem
789 3428 1071 3496 epistolam
1110 3429 1458 3498 conscripsit,
1503 3427 1577 3481 ita
1628 3426 1828 3480 sentit:
1873 3442 1892 3476 ι
1932 3423 2058 3496 Sty-

493 3521 600 3574 lum
637 3521 881 3590 epistolae
924 3535 1044 3589 quae
1089 3520 1409 3575 inscribitur
1445 3519 1512 3572 ad
1551 3517 1822 3580 llebra-os,
1868 3529 2057 3571 carere

493 3613 582 3666 illa
603 3613 870 3667 sermonis
900 3614 1203 3666 rusticitate
1253 3627 1371 3680 qua;
1406 3610 1622 3681 propria
1671 3620 1755 3664 est
1787 3603 2055 3677 'Apostoli,

490 3705 694 3774 quippe
722 3705 810 3772 qui
840 3706 1024 3758 rudem
1053 3714 1215 3772 atque
1247 3703 1553 3772 imperitum
1602 3717 1722 3756 sese
1768 3701 2060 3756 conﬁtetur

490 3798 544 3849 iu
581 3809 853 3861 sermone,
905 3795 957 3848 id
1004 3805 1087 3848 est
1129 3795 1180 3848 in
1240 3795 1409 3848 forma
1462 3809 1525 3849 ac
1577 3793 1790 3848 ratione
1820 3793 2053 3848 dicendi.

495 3884 688 3942 Verum
722 3887 950 3960 epistola
1001 3886 1088 3942 illa
1137 3897 1192 3942 et
1241 3886 1293 3941 in
1339 3887 1630 3942 verborum
1667 3885 2058 3955 compositione

562 4093 672 4162 (61)
703 4092 1450 4162 Ἀπομνημονεύσαντες...
1493 4091 1591 4144 καὶ
1632 4090 1885 4159 ὡσπερεί
1921 4104 2066 4159 σχο-

489 4163 1029 4232 λιοπραρήσαντος.
1066 4161 1181 4216 Jain
1200 4179 1358 4230 supra
1380 4164 1703 4223 monuimus,
1731 4165 2053 4231 ἀπομνημο-

491 4234 666 4286 νεύειν
697 4235 834 4286 idem
863 4247 982 4285 esse
1015 4246 1078 4284 ac
1105 4232 1366 4283 reminisci
1399 4241 1453 4284 et
1490 4235 1788 4285 memoriter
1816 4233 2057 4293 recitare,

490 4303 940 4371 qttcmadmodum
983 4301 1171 4371 solent?
1193 4301 1460 4367 discipuli,
1511 4315 1632 4354 cum
1675 4303 2056 4370 magistrorum

2153 473 2483 542 Εὑαγγέλιον
2519 471 2628 525 ἀπὸ
2680 469 3032 544 Ἰερουσαλὴμ
3080 467 3174 522 καὶ
3209 465 3393 537 κύκλῳ
3429 467 3590 538 μέχρι
3635 465 3728 520 τοῦ

2167 563 2479 636 Ἰλλυρικοῦ,
2502 563 2620 616 οὐδὲ
2647 562 2846 624 πάσαις
2865 559 3099 632 ἔγραψεν
3127 552 3214 620 αἶς
3237 555 3472 621 ἐδίδαξεν
3515 557 3732 628 Ἐκκλη-

2156 659 2326 721 σίαις·
2366 656 2501 710 ἀλλὰ
2544 656 2639 709 καὶ
2683 651 2769 718 αἷς
2813 653 3068 725 ἔγραψεν,
3112 649 3320 718 ὀλίγους
3351 648 3565 718 στίχους
3607 649 3733 702 ἐπέ-

2157 749 2349 802 στειλε.
2412 748 2620 819 Πέτρος
2662 747 2719 799 δὲ
2775 746 2857 814 ἐφ’
2907 738 2951 811 ᾧ
3000 743 3363 812 οἰκοδομεῖται
3406 743 3439 812 ή
3493 741 3730 812 Χριστοῦ

2168 840 2478 912 Ἐκκλησία,
2529 835 2597 910 ἦς
2652 837 2813 891 πύλαι
2858 836 2984 908 ᾅδου
3029 837 3088 888 ού
3130 835 3553 906 κατισχύσουσι,
3605 834 3732 905 μίαν

2156 933 2447 1004 ἐπιστολὴν
2493 930 2931 1003 ὁμολογουμένην
2981 928 3387 982 καταλέλοιπεν.
3441 928 3622 980 Ἔστω
3677 925 3733 979 δὲ

2157 1026 2250 1080 καὶ
2282 1025 2568 1095 δευτέραν·
2609 1022 3005 1093 ἁμεριῦάλλεται
3037 1021 3166 1094 γάρ.
3220 1021 3284 1072 Τί
3327 1019 3409 1072 δεῖ
3461 1017 3591 1089 περὶ
3637 1017 3731 1071 τοῦ

2157 1120 2520 1182 ἀναπεσόντος
2543 1119 2722 1186 λέγειν
2752 1116 2843 1169 ἐπὶ
2873 1114 2935 1167 τὸ
2966 1111 3270 1184 στῆθοςτοῦ
3314 1109 3508 1184 Ἰησοῦ,
3554 1111 3733 1164 Ἰωάν-

2156 1229 2269 1274 νου,
2305 1210 2363 1273 ὃς
2395 1208 2730 1278 Εὑαγγέλιον
2780 1206 2838 1260 ἓν
2872 1203 3258 1260 καταλέλοιπεν
3279 1245 3294 1269 ,
3328 1201 3606 1274 ὁμολογῶν
3646 1201 3735 1254 δύ-
3799 1215 3804 1217 λ

2156 1300 2350 1354 νασῦαι
2397 1299 2634 1352 τοσαῦτα
2667 1299 2911 1370 ποιήσειν
2944 1295 2980 1349 ἃ
3025 1294 3143 1348 ούδὲ
3175 1295 3202 1346 6
3237 1293 3441 1363 κόσμος
3484 1289 3732 1362 χωρῆσαι

2159 1393 2412 1458 ἐδύνατο;
2451 1390 2696 1463 Ἔγραψε
2728 1389 2784 1443 δὲ
2817 1389 2912 1442 καὶ
2954 1388 3056 1460 τὴν
3132 1383 3507 1453 Λποκάλυψιν,
3546 1381 3735 1435 κελευ-

2161 1487 2306 1550 σθεὶς
2341 1485 2616 1556 σιωπῆσαι
2651 1482 2742 1538 καὶ
2779 1483 2852 1554 μὴ
2884 1481 3092 1553 γράψαι
3135 1478 3234 1542 τὰς
3262 1477 3370 1531 τῶν
3404 1474 3544 1530 ἑπτὰ
3578 1473 3735 1546 βρον-

2157 1576 2263 1630 τῶν
2299 1578 2500 1647 φωνάς.
2536 1575 2910 1630 Καταλέλοιπε
2933 1573 2988 1628 δὲ
3015 1573 3110 1627 καὶ
3136 1569 3422 1642 ἐπιστολὴν
3453 1569 3594 1624 πάνυ
3627 1567 3734 1621 ὀλί-

2160 1686 2272 1738 γων
2301 1670 2516 1740 στίχων.
2545 1670 2725 1722 Ἔστω
2753 1668 2810 1721 δὲ
2839 1667 2934 1722 καὶ
2956 1665 3214 1738 δευτέραν
3243 1664 3337 1718 καὶ
3367 1662 3589 1734 τρίτηνο
3613 1661 3733 1715 ἐπεὶ

2155 1762 2216 1816 οὐ
2252 1762 2454 1826 πάντες
2488 1764 2618 1832 φασὶ
2665 1761 2925 1833 γνησίους
2971 1757 3107 1814 εἶναι
3157 1758 3391 1821 ταύταςο
3447 1754 3588 1826 πλὴν
3635 1754 3734 1808 οὐκ

2156 1855 2263 1910 εἰσὶ
2299 1855 2496 1925 στίχων
2528 1853 2835 1926 ἀμφότεραι
2879 1852 3093 1907 ἑκατόν.
3139 1870 3158 1903 ι
3200 1852 3321 1904 Ἔτι
3355 1847 3494 1919 πρὸς
3524 1846 3733 1912 τούτοις

2156 1948 2286 2022 περὶ
2326 1949 2424 2018 τῆς
2457 1947 2594 2019 πρὸς
2647 1944 2928 2017 Ἐϐραίους
2960 1943 3246 2015 ἐπιπολῆς
3275 1943 3331 1996 ὲν
3362 1945 3481 2005 ταῖς
3513 1942 3594 2004 εἰς
3637 1940 3732 1992 αὑ-

2155 2042 2255 2114 τὴν
2301 2038 2568 2111 Ὀμιλίαις
2611 2037 2785 2093 ταῦτα
2826 2036 3216 2108 διαλαμϐάνει·
3261 2053 3280 2088 ι
3323 2035 3445 2088 Ὅτι
3498 2033 3527 2086 6
3558 2049 3730 2105 χαρα-

2158 2131 2295 2203 κτὴρ
2328 2131 2427 2202 τῆς
2458 2128 2658 2196 λέξεως
2693 2129 2790 2200 τῆς
2825 2129 2960 2200 πρὸς
3002 2127 3284 2200 Ἐϐραίους
3318 2123 3732 2198 ἐπιγεγραμμέ-

2157 2241 2254 2294 νης
2288 2221 2601 2292 ἐπιστολῆς,
2637 2219 2738 2275 ούκ
2769 2220 2883 2292 ἔχει
2914 2219 2976 2273 τὸ
3031 2221 3088 2273 ἐν
3139 2219 3284 2289 λόγῳ
3332 2218 3595 2272 ἰδιωτικὸν
3637 2216 3730 2272 τοῦ

2171 2313 2512 2377 Ἀποστόλου,
2553 2311 2984 2383 ὁμολογήσαντος
3017 2311 3202 2364 ἑαυτὸν
3235 2308 3446 2382 ἰδιώτην
3488 2306 3625 2364 εἶναι
3654 2307 3734 2381 τῷ

2157 2405 2320 2477 λόγῳ,
2355 2407 2600 2460 τουτέστι
2641 2409 2707 2478 τῇ
2753 2407 2988 2478 φράσει·
3037 2406 3172 2460 ἀλλά
3207 2407 3352 2459 ἐστιν
3391 2407 3426 2476 ἡ
3478 2403 3732 2475 ἐπιστολὴ

2163 2496 2404 2550 συνθέσει
2435 2496 2536 2568 τῆς
2581 2495 2776 2561 λέξεως
2821 2496 3270 2569 Ἑλληνικωτέρα,
3307 2498 3413 2559 πᾶς
3445 2499 3472 2551 6
3504 2495 3730 2550 ἐπιστά-

2163 2607 2320 2661 μενος
2365 2591 2570 2662 κρίνειν
2625 2589 2876 2660 φράσεων
2932 2588 3230 2660 διαφοράς,
3263 2589 3596 2660 ὁμολογήσαι
3640 2588 3728 2643 ἄν.

2158 2681 2324 2735 Πάλιν
2351 2699 2409 2734 τε
2435 2676 2500 2736 αὖ
2532 2682 2612 2734 ὅτι
2638 2680 2706 2734 τὰ
2739 2681 2982 2752 νοήματα
3011 2681 3108 2751 τῆς
3141 2681 3427 2752 ἐπιστολῆς
3457 2679 3736 2752 Θαυμάσιά

2159 2776 2295 2840 ἐστι,
2331 2773 2424 2827 καὶ
2457 2775 2517 2826 ού
2551 2773 2775 2847 δεύτερα
2809 2773 2916 2827 τῶν
2949 2773 3318 2828 ἀποστολικῶν
3361 2773 3731 2846 ὁμολογουμέ-

2158 2885 2262 2922 νων
2295 2866 2658 2938 γραμμάτων,
2694 2867 2788 2919 καὶ
2823 2864 2980 2920 τοῦτο
3026 2865 3091 2920 ἂν
3125 2867 3395 2938 συμφήσει
3427 2860 3566 2920 εἶναι
3599 2867 3730 2939 άλη-

2159 2959 2267 3024 Θὲς,
2302 2961 2409 3023 πᾶς
2439 2960 2467 3011 6
2497 2959 2779 3030 προσέχων
2809 2961 2872 3029 τῇ
2898 2956 3201 3026 ἀναγνώσει
3229 2959 3294 3029 τῇ
3322 2958 3672 3032 άποστολικῇ.
3707 2977 3727 3011 ι

2159 3059 2379 3122 Τούτοις
2408 3058 2522 3130 μεθ’
2562 3057 2723 3129 ’έτερα
2751 3057 2997 3128 ἐπιφέρει
3025 3056 3196 3125 λέγων
3223 3073 3235 3084 ·
3273 3075 3292 3107 ι
3345 3054 3486 3123 Ἐγὼ
3517 3054 3574 3108 δὲ
3607 3055 3735 3108 ἀπο-

2165 3149 2484 3221 φαινόμενος
2519 3150 2720 3220 εἴποιμ’
2749 3147 2814 3202 ἂν
2848 3149 2928 3200 ὃτι
2961 3146 3028 3202 τὰ
3063 3149 3160 3218 μὲν
3185 3148 3429 3219 νοήματα
3450 3147 3542 3200 τοῦ
3577 3147 3734 3200 Ἀπο-

2166 3242 2350 3296 στόλου
2383 3243 2549 3306 ἐστὶν,
2579 3245 2612 3313 ή
2643 3242 2697 3295 δὲ
2731 3242 2928 3312 φράσις
2950 3242 3041 3294 καὶ
3068 3243 3100 3312 ή
3134 3240 3379 3304 σύνθεσις
3405 3241 3731 3311 ἀπομνημο·

2166 3333 2453 3397 νεύσαντος
2480 3351 2623 3396 τινος
2656 3333 2724 3386 τά
2751 3333 3101 3397 ἁποστολικά,
3133 3333 3227 3386 καὶ
3256 3333 3494 3404 ώστιέρελ¹
3528 3332 3734 3404 σχολιο·

2166 3427 2550 3497 γραφήσαντος
2584 3425 2690 3497 (Gl)
2722 3425 2791 3479 τὰ
2834 3425 3096 3497 εἰρημένα
3129 3425 3232 3478 ὑπὸ
3267 3425 3360 3478 τοῦ
3393 3425 3730 3481 διδασκάλου.

2161 3520 2228 3573 Εἴ
2256 3537 2338 3582 τις
2369 3515 2461 3572 οὖν
2509 3518 2802 3590 Ἐκκλησία
2835 3518 2945 3588 ἔχει
2979 3519 3181 3589 ταύτην
3213 3518 3312 3590 τὴν
3346 3519 3631 3591 ἐπιστολὴν
3658 3519 3734 3584 ὡς

2162 3609 2395 3675 Παύλου,
2444 3611 2579 3682 αὕτη
2616 3611 2969 3681 εύδοκιμείτω
3003 3613 3097 3663 καὶ
3131 3610 3222 3662 ἐπὶ
3255 3611 3428 3682 τούτῳ
3474 3611 3608 3682 (62).
3657 3612 3730 3665 Ού

2161 3706 2269 3776 γὰρ
2305 3707 2425 3777 εἰκῆ
2457 3706 2504 3758 οἱ
2539 3706 2754 3776 ἀρχαῖοι
2782 3705 2973 3776 ἄνδρες
3003 3705 3077 3768 ὠς
3111 3704 3322 3758 Παύλου
3352 3704 3520 3776 αὐτὴν
3551 3722 3732 3778 παρα-

2161 3795 2442 3848 δεδώκασι.
2489 3795 2585 3857 Τίς
2616 3794 2673 3847 δὲ
2717 3796 2745 3847 6
2788 3794 3004 3867 γράψας
3034 3795 3131 3866 τήν
3183 3795 3488 3867 ἐπιστολὴν,
3523 3796 3584 3848 τὸ
3637 3798 3736 3868 μὲν

2163 3885 2360 3958 ἀληθὲς
2391 3885 2522 3949 Θεὸς
2553 3881 2712 3940 οἶδεν.
2757 3885 2818 3940 Ἦ
2847 3886 2902 3939 δὲ
2937 3888 3016 3950 εἰς
3045 3888 3190 3958 ἡμᾶς
3220 3887 3473 3957 φθάσασα
3503 3888 3733 3961 ἱστορία,

2162 4087 2357 4143 Plotini
2388 4088 2620 4154 auditor,
2654 4089 2874 4157 scripsit
2919 4089 3246 4143 scholiorum
3286 4089 3456 4145 libros
3489 4102 3733 4159 centum,

2167 4161 2220 4212 in
2253 4160 2464 4234 quibus
2512 4176 2574 4212 ea
2619 4174 2796 4234 qnzea
2823 4159 3030 4234 Plotina
3073 4162 3125 4234 in
3163 4160 3418 4234 familiari
3461 4163 3737 4234 colloquio

2167 4229 2412 4284 strictius
2461 4238 2617 4282 erant
2651 4230 3022 4299 traditaLipse
3058 4231 3274 4285 uberius
3314 4229 3642 4299 exponebat,
3676 4246 3736 4290 ιιι

2165 4307 2398 4370 testatur
2431 4299 2759 4370 Porphyrius
2792 4299 2842 4370 in
2883 4298 2998 4352 Vita
3025 4299 3242 4370 Plotini.
3277 4298 3451 4366 Quare
3481 4303 3546 4356 de
3574 4303 3736 4358 Ame-

492 4368 694 4461 dictalta
749 4373 1008 4461 recitant.
1057 4370 1476 4461 Σχολιογραφεῖν
1510 4385 1642 4461 vero
1687 4368 1789 4424 est'
1808 4371 2060 4424 brevibus

2167 4368 2747 4461 iis_‘{i°‘_t:°s§tr;rfr
2779 4368 3260 4461 ἀξφιένπμξῖετίσαε
3290 4371 3403 4461 rei.
3421 4373 3738 4461 σκολεογριι-

492 4443 714 4497 scholiis
749 4442 1059 4501 illustrare;
1118 4445 1260 4510 quod
1307 4447 1365 4493 tit
1420 4456 1540 4495 cum
1595 4442 1853 4496 obscuras
1901 4454 2062 4494 voces

495 4514 616 4568 aliis
645 4513 871 4568 vocibus
895 4513 1066 4581 magis
1092 4511 1303 4563 usitatis
1334 4511 1688 4581 explicamus.
1736 4511 2061 4578 Interpretes

494 4599 559 4636 ac
592 4585 856 4653 przecipue
881 4580 1430 4653 Christopborsonum
1463 4580 1721 4653 nihilhic
1747 4581 1966 4653 vidisse,
1993 4594 2059 4633 ex

493 4650 679 4706 eorum
739 4650 985 4706 versione
1044 4661 1287 4720 apparet.
1344 4650 1479 4704 Nam
1541 4650 1771 4720 primum
1819 4651 2065 4721 ἀπομνη-

496 4723 854 4794 μονεύσαντος
891 4723 1421 4794 Chris_tophorsonus
1466 4723 1645 4794 vertit.
1694 4724 1750 4773 in
1804 4737 2064 4794 commen-

495 4789 658 4848 iarios
723 4797 975 4862 redigere.
1039 4792 1249 4846 Putavit
1306 4791 1514 4844 scilicet
1568 4789 2065 4860 ἀπομνημονεύμα-

495 4880 564 4916 τα
623 4865 760 4917 idem
820 4879 939 4916 esse
998 4879 1060 4916 ac
1115 4864 1532 4926 commentarios,
1597 4877 1754 4928 quem
1823 4876 2062 4914 errorem

493 4935 603 5002 jam
651 4943 806 4986 antea
866 4933 1117 4986 refutavi.
1173 4930 1367 4986 Vocem
1431 4941 1608 4984 autem
1673 4931 2064 5002 σχολιογραφή-

502 5019 696 5064 σαντος
752 5006 1156 5069 interpretatur,
1220 5002 1417 5054 dictata
1475 5017 1539 5053 ea:
1589 5011 1920 5070 praeceptoris
1975 5017 2064 5052 ore

497 5077 744 5135 scribere,
781 5087 888 5140 quo
930 5073 1058 5126 nihil
1089 5073 1192 5126 diei
1233 5073 1404 5140 potuit
1441 5072 1748 5124 absurdius.
1785 5073 1876 5124 Ait
1919 5073 2061 5123 enim

497 5143 762 5224 Qrigenes
835 5142 1426 5224 Sententias_Epistolie
1492 5143 1558 5195 ad
1624 5141 1897 5222 Hebraeos
1945 5154 2064 5195 esse

499 5211 671 5280 i'psius
711 5211 989 5279 Apostoli;
1046 5214 1204 5266 verba
1263 5223 1439 5269 autem
1501 5222 1553 5265 et
1618 5212 2060 5279 compositionem

504 5282 664 5335 totius
691 5284 978 5346 orationis,
1008 5299 1126 5337 esse
1147 5284 1369 5336 alterius
1406 5281 1727 5352 cuiuspiam,
1769 5283 1858 5348 qui
1901 5281 2062 5334 verba

500 5353 740 5420 Apostoli
789 5358 1062 5408 inciuoria:
1119 5355 1475 5416 mandaverit,
1539 5366 1712 5420 eaque
1762 5353 2064 5418 elegantius

503 5434 754 5490 tanquam
792 5423 1109 5478 scltoliastes
1135 5425 1463 5491 exposuerit.
1497 5421 1648 5490 Quod
1674 5423 1715 5474 si
1751 5420 2066 5492 σχολιογρα-

501 5495 620 5560 (ξεῖν
645 5496 782 5548 idem
814 5505 958 5548 esset
987 5509 1050 5546 ac
1079 5494 1275 5547 dictata
1315 5509 1378 5545 ex
1411 5492 1755 5562 praeceptoris
1787 5509 1883 5546 ore
1925 5493 2062 5545 scri-

499 5562 649 5627 bere,
683 5567 796 5632 ipsa
826 5567 986 5618 verba
1033 5564 1144 5631 jam
1179 5571 1360 5616 essent
1400 5564 1660 5631 Apostoli,
1711 5564 1855 5632 quod
1887 5572 2064 5616 tamen

501 5645 662 5701 negat
705 5630 989 5703 Origenes.
1037 5630 1154 5687 Sed
1205 5630 1460 5685 nimirum
1522 5630 1786 5700 ignoravit
1824 5630 2064 5686 Christo-

501 5704 805 5770 phorsonns
832 5706 958 5773 quid
982 5712 1166 5759 essent
1188 5703 1408 5760 scholia.
1432 5703 1675 5758 Aurelius
1691 5703 2060 5771 philosOpbus,

2206 4440 2334 4510 ῆσαι
2375 4442 2443 4491 τὰ
2472 4438 2765 4510 Πλωτίνου.
2810 4438 3017 4492 Eodem
3053 4455 3211 4494 sensu
3239 4438 3510 4510 Longinus
3556 4438 3730 4500 inlih.

2214 4507 2365 4581 crine
2394 4510 2640 4581 adversus
2677 4507 2966 4581 Plotinum,
3011 4511 3289 4581 deAunio
3311 4507 3377 4581 et
3407 4511 3582 4565 Medio
3613 4514 3733 4581 phi-

2162 4578 2650 4658 losophisdoqneus
2676 4579 2744 4658 ita
2771 4581 2900 4658 dicit
2938 4597 2950 4632 :
2986 4581 3046 4658 0i
3081 4579 3336 4658 6Epmpi
3371 4581 3564 4658 κομιδῆ
3594 4578 3736 4652 πρά-

2161 4665 2344 4719 γματα
2371 4651 2467 4719 τῆς
2489 4647 2596 4700 τῶν
2621 4647 2855 4701 παλαιῶν
2876 4650 3111 4720 ἱστορίας
3133 4647 3348 4722 aerem
3359 4647 3733 4722 μονεύσαντες,

2161 4722 2241 4782 εἰς
2282 4721 2406 4781 τοὺς
2451 4719 2644 4781 αὐτοὺς
2682 4720 2876 4783 τόπους
2907 4721 3131 4783 ἐκείνοις
3159 4723 3514 4783 ἐπεχείρησαν
3560 4740 3733 4776 συντι-

2195 4739 2241 4776 ις
2282 4739 2406 4776 τους
2451 4739 2644 4776 αυτούς
2682 4739 2876 4776 τοπους
2907 4739 3131 4776 εκεινοις
3159 4739 3514 4776 επεγειοησαν
3560 4740 3737 4776 συντι-

2163 4738 2241 4782 εις
2282 4738 2406 4781 τους
2451 4738 2644 4781 αυτούς
2682 4738 2876 4783 τοπους
2907 4738 3131 4784 εκεινοις
3159 4738 3514 4792 επεχειρησαν
3560 4740 3737 4776 συντι-

2163 4789 2310 4843 Θέναι
2346 4787 2542 4858 βιϐλία.
2579 4789 2633 4842 Id
2657 4802 2760 4861 est,
2798 4790 2891 4844 alii
2923 4808 3038 4844 vero
3071 4793 3262 4861 exigua
3287 4795 3527 4861 quwdam
3561 4809 3737 4847 excer-

2161 4872 2250 4927 pta
2311 4875 2373 4912 ea:
2431 4871 2652 4912 veterum
2711 4859 2856 4914 libris
2905 4859 3392 4925 commemorantes,
3445 4865 3508 4915 de
3550 4865 3734 4916 iisdem

2162 4931 2350 4992 quibus
2379 4928 2458 4982 illi
2485 4931 2806 4998 argumentis
2851 4949 2912 4984 ac
2948 4931 3074 4984 locis
3107 4932 3730 4987 scribere‘instituerunt.

2164 4999 2298 5052 Vide
2327 5016 2447 5068 quze
2475 5014 2640 5069 supra
2679 5004 2927 5054 annotavi
2961 5004 3024 5052 ad
3057 5002 3326 5069 caput”,
3361 5003 3450 5055 lih.
3494 5019 3566 5057 tv.

2234 5070 2344 5140 (62)
2373 5068 2762 5137 Εὺδοκιμείτω
2799 5070 2896 5124 ἐπὶ
2926 5068 3134 5138 τούτῳ,
3182 5071 3419 5125 Pessime
3463 5073 3576 5126 haec
3615 5072 3734 5128 Ori-

2165 5142 2314 5208 genis
2338 5141 2498 5194 verba
2525 5153 2797 5193 verterunt
2817 5139 3091 5196 Masculus
3113 5152 3167 5195 et
3182 5142 3730 5209 Chriswpltorsmitts.

2165 5211 2316 5280 Quod
2374 5212 2501 5280 ideo,
2541 5210 2863 5263 mouendum
2915 5214 3064 5276 duxi,
3125 5227 3227 5266 non
3278 5229 3384 5280 quo
3416 5215 3482 5266 de
3518 5215 3730 5268 illormu

2166 5279 2323 5359 laude
2379 5279 2667 5350 quidquam
2711 5281 3031 5359 dctraltam,_
3063 5287 3157 5336 sed
3199 5293 3255 5359 ut
3286 5279 3590 5348 ostendam,
3627 5300 3730 5359 non

2165 5350 2282 5404 sine
2343 5365 2503 5404 causa
2569 5363 2760 5402 ueram
2819 5350 3035 5407 Eusebii
3100 5355 3399 5406 versionem
3472 5369 3502 5406 a
3575 5354 3733 5408 nobis

2167 5433 2473 5488 susceptam
2501 5416 2700 5492 luisse.
2736 5418 2843 5475 Nec
2875 5432 3050 5477 tamen
3077 5423 3506 5492 omnesillorum
3548 5425 3733 5492 lapsus

2165 5500 2353 5545 notare
2385 5489 2626 5554 institui;
2665 5491 2757 5544 sed
2797 5492 2966 5546 sicubi
3015 5493 3166 5548 locus
3206 5490 3440 5546 difﬁcilis
3473 5506 3527 5547 et
3561 5489 3729 5548 ambi-

2166 5576 2301 5684 $338
2329 5569 2596 5624 occurret,
2652 5570 2760 5613 tum
2795 5562 3005 5618 illorum
3047 5564 3351 5618 versionem
3391 5579 3496 5620 non
3529 5563 3732 5636 pigebit

2167 5647 2196 5684 a
2275 5646 2448 5684 ucere.

2167 5646 2448 5686 adducere.
