4012 6256
377 269 477 327 585

1394 269 1745 324 HISTORIAZ
1787 270 2342 329 ECCLESIASTICJS
2386 275 2517 329 LIB.
2560 274 2651 330 VI.
3542 292 3645 346 536

377 387 475 441 ὑπὸ
504 404 669 440 τινων
725 387 821 457 μὲν
865 385 1153 455 λεγόντων,
1186 386 1266 438 ὅτι
1315 387 1549 457 Κλήμης
1595 389 1623 440 6
1674 388 1944 459 γενόμενος

2074 390 2333 458 majorem
2370 391 2591 460 prmfert
2643 391 2817 448 Grmci
2864 397 3137 453 sermonis
3188 398 3539 470 elegantiam.
3590 417 3647 459 nt

372 478 667 541 ἐπίσκοπος
718 478 1007 549 Ῥωμαίων
1033 477 1238 548 ἔγραψε
1276 477 1372 548 τὴν
1399 478 1709 550 ἐπιστολὴν,
1746 480 1850 532 ὑπό
1878 496 1929 531 τι

2070 482 2330 537 fatebitur
2352 483 2608 552 quisquis
2637 484 2705 538 de
2744 486 2866 557 styli
2916 488 3223 543 dittorentia
3278 493 3452 561 perite
3497 495 3646 565 judi-

371 586 475 622 νων
501 568 579 633 δὲ,
619 570 699 623 ὅτι
726 571 941 634 Λουκᾶς
966 572 995 623 6
1024 569 1241 641 γράψας
1273 569 1333 622 τὸ
1368 570 1701 640 Εὐαγγέλιον
1736 572 1829 625 καὶ
1863 570 1944 634 τὰς

2069 588 2195 625 care
2230 583 2430 643 potest.
2482 575 2549 628 Et
2574 584 2840 644 pralerea
2874 582 3177 634 sententias
3199 583 3445 638 continet
3475 587 3648 641 admi-

371 659 623 732 Πράξεις.
662 680 681 714 ι
733 661 895 715 ’Δλλὰ
920 660 1093 716 ταῦτα
1127 660 1228 732 μὲν
1260 655 1360 715 ὦδε
1395 662 1585 731 ἐχέτω.

2071 664 2293 729 rabiles,
2348 680 2448 720 nec
2497 667 2721 737 scriptis
2751 672 3064 738 apostolicis
3096 673 3362 730 ullatenus
3416 677 3645 733 inferio-

371 770 477 810 res.
542 757 724 826 Atque
768 758 821 811 id
887 758 1229 812 verissimum
1278 771 1400 812 esse
1463 758 1846 822 asscntientur,
1897 757 2207 829 quicunque
2259 762 2632 831 apostolorum
2692 765 2893 835 scripta
2958 778 3164 824 attente
3235 776 3583 844 pet-legerint.
3620 795 3639 826 ι

370 845 566 903 Paucis
620 850 816 903 deinde
885 849 1228 919 interpositis
1279 850 1395 905 haec
1452 849 1735 920 subjungit
1774 869 1785 902 :
1825 869 1841 900 ι
1884 850 1997 918 Ego
2036 866 2187 917 vero,
2220 854 2421 923 inquit,
2466 855 2538 910 ita
2602 872 2844 913 censeo:
2892 864 3189 920 sententias
3240 868 3457 936 quidem
3499 870 3647 938 ipsas

367 943 612 1012 Apostoli
679 958 820 1009 esse,
889 944 1181 1001 dictionem
1219 957 1401 1002 autem
1442 958 1498 1003 et
1543 949 1994 1019 compositionem
2034 950 2326 1006 verborum
2370 967 2490 1007 esse
2550 953 2777 1009 alterius
2828 955 3130 1027 cujusdam,
3184 963 3276 1032 qui
3333 964 3477 1018 dicta
3504 967 3646 1034 Apo-

366 1037 489 1090 stoli
515 1052 973 1102 commemorare,
1002 1047 1055 1093 et
1081 1042 1234 1109 quasi
1304 1042 1358 1094 in
1424 1044 1847 1097 commentarios
1880 1044 2123 1113 redigere
2148 1044 2381 1099 voluerit
2414 1059 2479 1099 ea
2510 1060 2630 1115 quas
2689 1063 2718 1100 a
2778 1050 3039 1120 magistro
3075 1053 3377 1108 audiverat.
3409 1054 3646 1112 Proinde

367 1129 411 1182 si
434 1142 557 1199 qua:
625 1127 865 1183 Ecclesia
902 1130 1046 1184 hanc
1082 1132 1366 1201 epistolam
1436 1148 1532 1202 pro
1584 1132 1809 1188 Paulina
1856 1135 2042 1201 habet,
2082 1149 2146 1190 co
2174 1138 2391 1192 nomine
2436 1138 2707 1194 laudetur.
2753 1140 2943 1213 Neque
2986 1144 3128 1198 enim
3166 1154 3367 1201 temere
3410 1147 3644 1217 majores

365 1235 486 1273 eam
553 1218 705 1273 Pauli
740 1236 859 1275 esse
923 1222 1285 1281 tradiderunt.
1324 1226 1463 1292 Quis
1532 1236 1713 1279 autem
1766 1240 1953 1281 revera
2013 1225 2158 1280 illam
2199 1227 2506 1296 scripserit,
2557 1230 2659 1284 soli
2709 1231 2816 1286 Deo
2868 1243 3053 1288 notum
3100 1249 3224 1290 esse
3285 1238 3495 1305 opinor.
3538 1240 3643 1292 Sed

364 1312 666 1382 scriptores
728 1328 958 1381 quorum
1002 1328 1350 1371 monumenta
1407 1319 1473 1371 ad
1520 1334 1624 1373 nos
1689 1334 1856 1389 usque
1897 1330 2281 1389 pervenerunt,
2322 1323 2522 1391 partim
2563 1324 2827 1381 Clementi
2893 1327 3148 1383 Romanae
3188 1330 3337 1386 urbis
3386 1333 3644 1402 episcopo

359 1420 480 1460 eam
514 1406 815 1474 ascribunt,
843 1407 1040 1478 partim
1097 1409 1257 1466 Lucae
1320 1411 1411 1481 qui
1475 1412 1824 1484 Evangelium
1884 1424 1944 1470 et
2002 1415 2173 1472 Actus
2205 1416 2572 1487 apostolorum
2606 1418 2800 1475 litteris
2842 1423 3097 1490 prodidit.
3128 1442 3150 1475 ι
3206 1424 3404 1480 Verum
3446 1428 3513 1482 de
3560 1427 3644 1483 his

361 1498 653 1556 hactenus.

862 1591 1258 1647 ΚΕΦΑΛΑΙΟΝ
1298 1597 1445 1663 KG'.

367 1684 469 1749 Ὧς
509 1682 959 1757 ’Πρακλᾶςᾼτὴν
1005 1686 1437 1757 Ἀλεξανδρέων
1461 1686 1810 1757 ἐπισκοπὴν
1841 1686 1955 1741 διε-

772 1754 986 1819 δέξατο
1012 1755 1151 1825 (Nic.
1188 1757 1259 1811 ll.
1287 1756 1352 1811 Ε.
1380 1774 1431 1821 ιι,
1464 1758 1569 1829 18).

433 1846 597 1909 Ἔτος
630 1847 675 1900 δ’
725 1842 794 1917 ἧν
824 1846 985 1900 τοῦτο
1035 1847 1260 1902 δέκατον
1306 1848 1417 1921 (63)
1469 1851 1567 1921 τῆς
1616 1849 1953 1922 δηλουμένης

356 1936 683 2006 ἡγεμονίας,
719 1935 840 1989 καθ’
865 1936 892 1989 ὃ
920 1938 1019 2008 τὴν
1046 1939 1142 1991 ἀπ’
1186 1938 1591 2012 Ἀλεξανδρείας
1617 1942 1956 2011 μετανάστα-

362 2043 444 2079 σιν
491 2027 591 2079 ἐπὶ
636 2027 734 2098 τὴν
782 2028 1123 2099 Καισάρειαν
1156 2032 1185 2083 6
1231 2030 1515 2102 Ὠριγένης
1564 2032 1950 2103 ποιησάμενος,

366 2118 622 2190 Ἦρακλᾷ
642 2119 702 2172 τὸ
723 2119 822 2189 τῆς
847 2121 1202 2191 κατηχήσεως
1225 2118 1333 2172 τῶν
1363 2119 1549 2174 αὐτόθι
1583 2122 1953 2175 διδασκαλεῖον

358 2210 683 2264 καταλείπει
729 2210 860 2281 (64).
896 2212 1009 2264 Οὐκ
1057 2212 1137 2274 είς
1185 2210 1396 2282 μακρὸν
1428 2211 1484 2264 δὲ
1519 2214 1610 2265 καὶ
1642 2214 1952 2284 Δημήτριος

354 2305 384 2356 6
413 2303 516 2372 τῆς
568 2303 967 2375 Ἀλεξανδρέων
1019 2303 1347 2375 Ἐκκλησίας
1379 2304 1675 2368 ἐπίσκοπος
1702 2305 1948 2376 τελευτᾷ,

353 2395 439 2463 ἐφ’
466 2394 616 2457 ὅλοις
640 2394 784 2447 ἔτεσι
810 2394 958 2465 τρισὶ
991 2395 1083 2449 καὶ
1108 2395 1516 2465 τεσσαράκοντα
1548 2399 1614 2467 τῇ
1644 2395 1952 2467 λειτουργίᾳ

353 2484 690 2554 διαρκέσας’
742 2484 1045 2555 διαδέχεται
1094 2485 1138 2537 δ’
1192 2486 1354 2539 αὑτὸν
1401 2488 1429 2539 6
1488 2485 1783 2557 Ἡρακλᾶς.
1840 2487 1953 2539 Διέ·

358 2594 531 2647 πρεπε
556 2576 619 2629 δὲ
653 2577 711 2629 ὲν
732 2576 907 2647 τούτῳ
935 2576 1287 2648 Φιρμιλιανδς
1311 2578 1650 2649 Καισαρείας
1670 2579 1766 2649 τῆς
1795 2581 1950 2635 Καπ-

356 2665 617 2719 παδοκῶν
649 2667 741 2719 ἐπί
750 2684 969 2730 σκοπος.

876 2760 1273 2813 ΚΕΦᾹΛΑῙΟΝ
1306 2760 1435 2813 ΚΖ’.

610 2850 809 2916 Ὅπως
836 2849 1025 2904 αὐτὸν
1055 2848 1252 2918 ἑώρων
1276 2854 1329 2905 οἱ
1360 2851 1703 2905 ἐπίσκοποι.

2517 1590 2684 1668 223
2726 1596 2960 1653 CAPUT
2995 1598 3184 1659 xxvr.

2205 1688 2483 1753 Quomodo
2516 1689 2779 1771 Heracles
2812 1691 3236 1747 Alexandrinum
3268 1698 3496 1765 suscepit

2655 1773 3035 1828 episcopatum.

2128 1850 2383 1906 Decimus
2417 1851 2507 1906 hic
2530 1861 2653 1906 erat
2694 1867 2873 1906 annus
2908 1856 3021 1921 jam
3094 1856 3221 1910 dicti
3289 1856 3637 1927 imperatmis

2056 1942 2380 2007 Alexandri,
2411 1958 2533 1997 cum
2566 1941 2831 2014 Origenes
2874 1946 2943 2000 ab
2989 1949 3123 2003 urbe
3154 1948 3481 2004 Alexandria
3523 1951 3641 2005 Ca:-

2057 2049 2267 2089 saream
2308 2036 2660 2105 migraturus,
2713 2036 2958 2091 scholam
3014 2040 3082 2095 ad
3141 2039 3328 2096 ﬁdeles
3371 2042 3491 2109 ejus
3537 2042 3637 2097 loci

2058 2128 2415 2181 instituemlos
2459 2127 2701 2184 lleraclze
2750 2131 3065 2201 dereliquit.
3124 2132 3232 2188 Nec
3291 2134 3461 2188 multo
3518 2144 3639 2204 post.

2058 2216 2366 2271 Demetrius
2393 2216 2891 2274 Alexandrinorum
2927 2222 3218 2292 episcopus
3260 2222 3376 2278 fato
3412 2222 3635 2279 functus

2054 2316 2156 2373 est,
2192 2324 2314 2362 cum
2346 2325 2444 2378 per
2477 2320 2590 2365 tres
2628 2320 2681 2365 et
2713 2313 3074 2382 quadraginta
3124 2328 3300 2369 annos
3324 2314 3634 2368 Ecclesiam

2053 2399 2509 2462 administrasset.
2559 2401 2613 2455 In
2674 2402 2831 2470 hujus
2913 2404 3095 2459 locum
3153 2405 3423 2461 successit
3464 2403 3637 2460 Hera-

2053 2491 2183 2547 clas.
2221 2492 2482 2547 Florebat
2517 2502 2647 2549 tunc
2697 2496 2957 2565 temporis
2986 2486 3339 2552 Firmilianus
3363 2496 3631 2552 Cresareae

2061 2585 2202 2653 apud
2244 2585 2600 2655 Cappadocas
2635 2588 2942 2659 episcopus.

2608 2767 2839 2824 CAPUT
2868 2768 3082 2830 XXVII.

2232 2856 2476 2921 Qualiter
2498 2859 2729 2928 episcopi
2762 2858 3038 2929 Originem
3068 2860 3443 2926 suspiciebant.

421 2942 720 3014 Τοσαύτην
768 2943 1004 3010 εἰσάγων
1049 2943 1177 3013 περὶ
1218 2942 1310 2996 τὸν
1364 2943 1648 3015 ’ῼριγένην
1694 2943 1944 3015 σπουδὴν,

2125 2943 2232 3011 Qui
2266 2956 2375 3000 tam
2410 2962 2677 3016 propenso
2703 2964 2830 3018 erga
2863 2948 3154 3017 Origenem
3193 2951 3376 3007 animo
3408 2951 3529 3019 fuit,
3569 2965 3628 3009 ut

353 3041 427 3104 ὼς
459 3038 588 3091 τοτὲ
638 3038 739 3109 μὲν
773 3038 934 3092 αὑτὸν
968 3037 1111 3108 ἀμφὶ
1149 3036 1218 3090 τὰ
1250 3038 1370 3101 κατ’
1405 3037 1569 3090 αὐτὸν
1600 3037 1843 3108 κλίματα
1872 3040 1953 3103 είς

354 3131 451 3200 τὴν
496 3129 611 3182 τῶν
650 3128 986 3200 Ἐκκλησιῶν
1016 3128 1280 3197 ὠφέλειαν
1326 3127 1692 3192 ἐκκαλεῖσθαι,
1744 3128 1865 3183 τοτὲ
1896 3129 1953 3182 δὲ

348 3223 427 3286 ὡς
476 3221 652 3275 αὑτὸν
698 3221 789 3273 ἐπὶ
827 3221 925 3290 τὴν
978 3219 1234 3273 Ἰουδαίαν
1281 3219 1613 3284 στέλλεσθαι,
1663 3220 1756 3274 καί
1797 3238 1951 3283 τινας

354 3314 504 3383 αὐτῷ
531 3312 933 3384 συνδιατρίϐειν
959 3314 1209 3385 χρόνους,
1240 3314 1338 3384 τῆς
1368 3313 1446 3379 εἰς
1472 3312 1540 3366 τὰ
1580 3311 1699 3366 οετα
1730 3311 1951 3382 βελτιώ-

354 3424 491 3471 σεως
534 3407 727 3460 ἕνεκα.
770 3406 845 3459 Οὐ
882 3405 988 3476 μὴν
1039 3405 1173 3460 ἀλλὰ
1220 3406 1315 3459 καὶ
1360 3408 1389 3458 6
1419 3405 1520 3475 τῆς
1562 3404 1950 3477 Ἰεροσολύμων

353 3495 646 3568 προεστὼς
687 3495 1057 3567 Ἀλέξανδρος,
1086 3495 1410 3560 Θεόκτιστός
1434 3513 1491 3549 τε
1514 3499 1542 3549 6
1566 3495 1710 3549 κατὰ
1739 3497 1950 3549 Καισά-

350 3610 526 3666 ρειαν,
568 3591 669 3644 τὸν
694 3588 870 3644 πάντα
903 3587 1093 3659 χρόνον
1123 3578 1255 3659 (65),
1284 3588 1359 3651 ὼς
1390 3576 1518 3650 ἔπος
1552 3588 1747 3653 εἰπεῖν,
1778 3604 1947 3657 προσ-

421 3826 536 3898 (65)
570 3827 750 3898 Ἔτος
777 3826 829 3898 δ’
847 3825 928 3898 ἦν
944 3826 1118 3880 τοῦτο
1142 3825 1424 3898 δέκατον(
1444 3824 1501 3880 ln
1528 3825 1691 3898 codd.
1716 3825 1853 3883 Med.
1882 3843 1943 3880 ac

353 3896 489 3951 ιιπ.
506 3940 520 3961 ,
539 3896 686 3951 Fnk.
713 3908 761 3951 et
787 3896 981 3960 Savil.,
1005 3909 1057 3951 et
1081 3898 1218 3964 apud
1243 3897 1606 3965 Nicephorum
1632 3896 1827 3965 legitur
1850 3898 1944 3951 δω-

348 3967 603 4021 δέκατον.
651 3969 705 4020 Ιιι
745 3966 1019 4037 Chronico
1045 3966 1259 4037 Eusebii
1298 3968 1409 4020 haec
1442 3965 1692 4033 Origenis
1742 3968 1944 4037 migra-

353 4040 429 4091 tio
463 4040 535 4092 ab
566 4040 709 4091 urbe
737 4036 1097 4090 Alexandrina
1123 4037 1187 4089 ad
1211 4035 1622 4097 Caesariensem.
1650 4038 1701 4089 in
1718 4035 1944 4105 quibus-

352 4108 474 4161 dam
507 4106 800 4161 codicibus
828 4107 1061 4163 refertur
1083 4120 1225 4159 anno
1252 4121 1324 4159 xu
1354 4106 1671 4169 Alexandri,
1702 4118 1759 4160 ut
1789 4110 1942 4163 testis

349 4188 434 4232 est
464 4178 773 4234 Pontacns.
802 4177 905 4229 Sed
938 4178 1078 4231 mira
1107 4189 1188 4230 εει
1217 4174 1432 4230 Eusebii
1461 4193 1489 4229 a
1524 4177 1700 4243 seipso
1733 4177 1940 4231 dissen-

352 4249 454 4309 sio.
482 4250 579 4318 qui
609 4245 955 4318 inti/ironico
988 4261 1106 4300 eam
1146 4246 1522 4318 migrationem
1547 4257 1938 4318 commemorat

351 4314 520 4373 anno'
547 4317 637 4372 vel
676 4316 898 4369 biennio
924 4326 1044 4383 post
1086 4324 1312 4369 mortem
1343 4316 1621 4369 Demetrii.
1668 4314 1766 4372 Hic
1811 4331 1939 4372 vero

350 4386 652 4459 Origenem
687 4386 1009 4459 Alexandria
1046 4386 1313 4459 migrasse
1354 4386 1545 4459 scribit
1581 4388 1738 4459 paulo
1766 4395 1939 4459 ante-

2055 3036 2215 3089 modo
2270 3036 2422 3090 illum
2471 3038 2523 3092 in
2572 3053 2727 3092 suam
2777 3040 3116 3109 provinciam
3163 3042 3229 3095 ad
3262 3042 3631 3098 Ecclesiaruin

2054 3127 2346 3183 utilitatem
2385 3139 2674 3194 evocarat,
2710 3132 2869 3185 modo
2902 3132 2968 3185 ad
3019 3132 3195 3201 ipsum
3251 3133 3540 3189 visendum
3573 3135 3626 3188 in

2052 3217 2295 3275 Judaaam
2348 3236 2521 3291 usque
2582 3221 3043 3292 proficisceretur,
3086 3231 3140 3278 et
3182 3237 3286 3277 una
3333 3239 3458 3278 cum
3512 3223 3632 3295 ipso

2053 3315 2369 3383 aliquandiu
2406 3325 2674 3381 maneret,
2703 3326 2760 3370 ut
2795 3317 3057 3386 majorem
3094 3333 3273 3373 rerum
3317 3320 3629 3376 divinarum

2056 3407 2307 3462 notitiam
2344 3408 2674 3478 perciperet.
2724 3408 2832 3464 Sed
2875 3419 2930 3463 et
2972 3408 3282 3465 Alexander
3325 3411 3636 3481 llierosoly-

2055 3515 2291 3564 morum,
2321 3510 2376 3555 et
2416 3500 2767 3558 Thcoctistus
2804 3502 3067 3557 Ctesareae
3115 3505 3255 3571 apud
3287 3504 3631 3561 Pulsestinam

2048 3592 2365 3661 cpiscopus,
2424 3594 2600 3663 ipsum
2657 3604 2924 3663 perpetuo
3003 3604 3258 3664 tanquam
3312 3599 3631 3669 magistrum

2052 3828 2313 3897 Origenes
2372 3840 2585 3894 semper
2637 3827 2982 3881 Alexandrim
3042 3827 3347 3889 retinuerit.
3404 3840 3633 3893 apparet

2052 3900 2231 3967 ipsum
2271 3906 2395 3949 ante
2451 3897 2854 3952 damnationem
2883 3898 3033 3950 illinc
3081 3898 3421 3951 discessisse.
3458 3899 3632 3953 Porro
3722 3964 3723 3967 η

2049 3966 2172 4021 cum
2202 3966 2463 4035 Origenes
2487 3981 2545 4020 se
2568 3983 2594 4018 a
2632 3967 2905 4020 Demetrio
2934 3968 2985 4019 in
3014 3967 3220 4037 synodo
3246 3967 3624 4037 episcoporum

2050 4039 2362 4091 damnatum
2402 4050 2524 4089 esse
2554 4038 2926 4104 comperisset,
2967 4036 3250 4105 epistolam
3295 4036 3517 4105 scripsit
3559 4041 3628 4090 ad

2048 4108 2254 4159 amicos
2272 4122 2397 4159 suos
2420 4106 2510 4174 qui
2531 4115 2688 4160 eram
2709 4104 3072 4168 Alexandria},
3097 4121 3198 4172 qua
3225 4106 3275 4158 in
3297 4104 3626 4159 Demetrium

2047 4190 2099 4229 et
2130 4176 2366 4243 reliquos
2382 4181 2666 4244 episcopos
2694 4176 3074 4230 invehebatur.
3102 4176 3228 4243 Ejus
3259 4185 3471 4242 partem
3493 4178 3629 4229 citat

2047 4246 2411 4315 Hieronymus
2446 4247 2495 4299 in
2529 4245 2620 4298 lib.
2650 4260 2687 4299 tt
2714 4248 2975 4300 Adversus
3002 4245 3271 4314 Rufinum.
3312 4244 3481 4298 Porro
3511 4247 3623 4313 jam

2047 4317 2217 4371 semel
2253 4316 2515 4384 Origenes
2554 4316 2859 4370 Caesaream
2916 4332 2976 4370 se
3015 4325 3317 4383 receperat,
3366 4317 3623 4370 Antonini

2046 4387 2343 4441 Caracallre
2387 4386 2724 4453 temporibus
2769 4400 2784 4437 :
2820 4385 2914 4439 sed
2951 4403 2978 4439 a
3012 4384 3286 4439 Demetrio
3325 4385 3625 4440 honoritlcc

351 4445 516 4525 quain
554 4456 867 4511 Demetrius
897 4445 1153 4525 ultimum
1172 4456 1312 4509 diem
1349 4445 1594 4509 obiissetl
1623 4450 1776 4521 Quod
1813 4457 1936 4524 qui-
1970 4445 2013 4499 Ι)
2045 4445 2910 4525 revocatnsibreviAlexandriam
2938 4456 3193 4517 redierat,
3220 4466 3276 4507 ut
3296 4469 3459 4517 supra
3482 4470 3619 4510 reia-

351 4524 474 4582 dem
497 4529 689 4582 verius
715 4536 861 4594 puto.
895 4524 1029 4594 Nam
1054 4535 1175 4593 post
1200 4526 1455 4578 Demetrii
1484 4525 1784 4590 interitum,
1804 4527 1938 4579 nihil

346 4598 458 4666 jam
489 4612 681 4652 causre
704 4593 819 4650 erat
846 4609 944 4666 cur
962 4593 1227 4662 Origenes
1254 4594 1583 4666 Alexandria
1613 4595 1938 4666 discederet,

349 4664 476 4721 cum
546 4667 856 4735 praesertim
920 4664 1196 4735 Demetrio
1251 4665 1602 4720 successisset
1663 4665 1939 4729 lleraclas,

352 4753 493 4792 unus
521 4734 591 4791 ex
629 4737 905 4804 discipulis
929 4734 1205 4803 Origenis.
1230 4736 1457 4790 Accedit
1484 4735 1625 4801 quod
1655 4736 1743 4789 hic
1774 4736 1942 4789 refert

351 4808 650 4871 Eusebius,
687 4805 976 4875 Origenem
1014 4820 1078 4858 ex
1110 4806 1247 4860 urbe
1291 4804 1618 4875 Alexandria
1650 4806 1938 4875 disceden-

351 4888 489 4941 tem,
517 4892 725 4930 mnnus
750 4874 906 4930 suum
938 4884 990 4928 et
1013 4875 1385 4930 catechizandi
1436 4874 1670 4928 cilicium
1698 4874 1941 4930 lleracla:

354 4950 673 5000 tradidisse.
706 4948 785 5000 Ex
830 4961 936 5014 quo
975 4954 1219 5013 apparet,
1268 4944 1562 5014 (irigenem
1622 4944 1781 5011 paulo
1814 4956 1941 5000 ante

352 5019 630 5085 prolatam
664 5034 691 5069 a
725 5015 999 5071 Demetrio
1033 5016 1297 5069 adversus
1348 5016 1523 5083 ipsum
1569 5015 1942 5085 excommuni-

350 5083 599 5141 cationis
636 5088 981 5149 sententiam,
1011 5085 1341 5139 Alexandria
1380 5084 1716 5138 discessisse.
1757 5083 1940 5152 Neque

350 5162 501 5211 enim
550 5169 681 5226 post
720 5158 865 5211 illam
914 5157 1240 5226 sententiam
1294 5155 1663 5222 magisterium
1694 5169 1859 5226 suum»
1886 5155 1937 5207 in

350 5222 729 5282 Alexandrina
756 5226 997 5281 Ecclesia
1032 5224 1294 5295 Origenes
1327 5226 1565 5280 retinere
1594 5225 1789 5293 potuit.
1830 5222 1936 5278 lle-

350 5310 438 5353 cte
471 5299 652 5368 igitur
683 5298 964 5368 Duronius
992 5294 1207 5368 Eusebii
1250 5294 1551 5368 Chronicou
1579 5295 1862 5368 emendat,
1888 5302 1941 5347 et

350 5364 615 5439 Origénis
651 5370 870 5437 quidem
900 5367 1278 5439 migrationem
1311 5367 1377 5419 ab
1403 5367 1535 5419 urbe
1573 5364 1937 5439 Alexandrina

348 5436 567 5493 conl‘ert
602 5439 659 5491 in
676 5436 883 5492 annum
909 5452 941 5489 κ
972 5437 1283 5500 Alexandri,
1315 5446 1543 5489 mortem
1575 5449 1703 5487 vero
1744 5436 1938 5488 Deme-

351 5512 445 5563 trii
475 5513 531 5563 in
558 5523 770 5561 annum
808 5514 1142 5575 sequentem.
1200 5506 1305 5559 Sed
1338 5506 1391 5575 in
1422 5521 1488 5559 eo
1531 5504 1751 5575 labitur,
1791 5504 1937 5572 quod

350 5580 692 5634 sententiam
711 5574 1290 5630 exconimunicationis
1306 5591 1334 5629 a
1355 5574 1627 5629 Demetrio
1642 5574 1803 5628 latam
1820 5590 1940 5628 esse

352 5652 489 5704 dicit
512 5664 666 5715 anno
693 5657 980 5715 antequam
1005 5646 1335 5700 Alexandria
1361 5646 1629 5715 migraret
1650 5643 1935 5714 Origenes,

351 5722 499 5789 quod
558 5714 939 5773 refutavimus.
990 5717 1123 5770 Cum
1164 5716 1307 5769 enim
1358 5714 1731 5786 magisterium
1780 5730 1938 5770 suum

693 5809 960 5869 ΡΑτιιοι..
1007 5812 1122 5872 Gn.
1170 5811 1312 5871 ΧΧ.

2048 4538 2157 4580 ιιιιιι
2189 4535 2290 4581 est.
2331 4524 2525 4579 Postea
2559 4540 2687 4579 vero
2712 4540 2835 4578 cum
2869 4525 2922 4577 in
2953 4526 3218 4580 Achaiam
3249 4525 3624 4593 proficiscere-

2047 4608 2157 4661 tur,
2221 4610 2318 4662 per
2361 4595 2663 4649 Caesaream
2732 4593 3033 4648 Palmstina:
3073 4595 3364 4659 transiens,
3421 4594 3620 4650 ibidem

2042 4667 2438 4737 presbyterest
2467 4666 2769 4737 ordinatus.

2112 4731 2226 4806 (δι)
2254 4734 2688 4806 Διδασκαλεῖον
2735 4734 3099 4806 καταλείπει.
3149 4731 3321 4806 Antea
3361 4732 3623 4806 Heraelas

2043 4802 2259 4875 adjutur
2320 4807 2585 4858 duntaxat
2630 4802 2881 4875 Origenis
2942 4805 3123 4857 fuerat
3167 4804 3219 4855 in
3251 4803 3521 4875 docendo,
3566 4815 3621 4857 et

2043 4872 2196 4944 quasi
2250 4876 2549 4944 proscolus,
2584 4874 2925 4944 utAreferIur
2965 4887 3131 4944 supra
3177 4888 3297 4941 cap.
3327 4872 3438 4944 Δ15.
3493 4872 3625 4944 [est

2042 4941 2344 5000 discessum
2391 4954 2569 4997 autem
2638 4941 2920 5011 Origenis,
2963 4941 3270 4997 catechetcs
3317 4942 3440 4996 fuit.
3496 4941 3622 4995 lbet:

2045 5015 2308 5068 Baronius
2347 5031 2472 5069 cum
2519 5015 2741 5068 minime
2791 5014 3154 5078 distinxisset,
3196 5012 3487 5070 Eusebium
3531 5025 3624 5067 nte

2044 5085 2153 5139 falli
2190 5086 2420 5139 nutavit.

2114 5102 2613 5225 {63‘3"i"a‘;5"mm
2665 5153 2905 5223 χρόνον.
2946 5151 3126 5207 Codex
3157 5150 3624 5225 Medicaeusaddit

2041 5221 2277 5288 ὼςῗέττος
2316 5226 2511 5279 εἰπεῖν.
2568 5221 2719 5290 ρηοά
2760 5226 3084 5277 continuare
3125 5226 3339 5290 videtur
3369 5221 3619 5276 Rufinus.

2042 5296 2242 5351 Eadem
2273 5298 2436 5349 verba
2491 5296 2663 5362 reperi
2702 5293 2866 5347 etiam
2916 5296 2968 5348 in
3001 5293 3158 5348 codd.
3189 5291 3352 5355 Μαι..
3385 5290 3522 5346 Fuk.
3566 5303 3623 5344 et

2044 5366 2170 5418 Sav.
2232 5367 2499 5431 Caeterum
2579 5365 2631 5417 in
2700 5363 2859 5430 hujus
2932 5363 3034 5418 loci
3102 5364 3453 5417 distinctione
3523 5375 3619 5413 va—

2041 5438 2187 5488 riant
2251 5434 2716 5519 iiostr_i.codices.
2749 5434 2917 5519 'Nam
2969 5434 3168 5519 [legitis
3227 5433 3446 5519 quidem
3512 5445 3619 5513 uno

2044 5514 2230 5559 tenore
2288 5504 2478 5559 scribit
2526 5504 2970 5575 προσανέχοντες
3007 5500 3156 5574 αὑτῷ
3220 5500 3307 5555 οἷα
3366 5500 3621 5554 διδασκὰο

2041 5575 2138 5646 λῳ,
2175 5586 2229 5646 et
2256 5576 2335 5629 sic
2363 5575 2717 5646 Nicephorus.
2764 5573 2975 5642 lteliqui
3014 5573 3228 5628 codices
3266 5582 3385 5642 post
3431 5586 3649 5625 vocem.

2041 5644 2191 5717 αὖτῷ
2227 5660 2435 5701 moram
2462 5644 2748 5699 adhibent.

3236 5809 3310 5871 19
