4012 6256
395 245 502 305 587
1138 240 1409 299 EL’SEBH
1448 238 1925 298 CAESARIENSIS
1960 238 2113 298 OPP.
2153 239 2329 298 PARS
2362 239 2404 296 I.
2446 268 2512 284 --
2551 238 2939 301 HISTORICA.
3540 242 3642 300 588

393 363 781 430 auscultantes,
803 360 903 419 soli
933 361 1440 434 interpretationem
1464 378 1634 419 sacrae
1650 361 1930 433 Scriptura

2039 416 2044 428 ,
2077 360 2364 433 ανέχοντες
2418 363 2569 435 αὐτῷ
2590 404 2604 428 ,
2652 359 2739 420 οἷα
2773 364 3082 435 διδασκάλῳ
3114 364 3260 436 μόνῳ
3299 363 3369 419 τά
3398 362 3496 434 τῆς
3531 364 3641 419 τῶν

392 474 457 515 ac
491 458 754 528 reliquum
786 471 947 513 omne
986 455 1377 512 ecclesiasticae
1418 455 1682 512 doctrinae
1727 455 1930 512 ofﬂeiur

2070 453 2229 510 θείων
2262 455 2492 528 Γραφῶν
2534 456 2829 530 ἑρμηνείας
2861 458 2956 511 καὶ
3000 457 3068 510 τὰ
3108 453 3270 511 λοιπὰ
3308 454 3403 510 τοῦ
3436 455 3635 528 ἐκκλη-

391 550 775 620 permiserunt.
1686 553 1707 563 ’

2075 547 2352 602 σιαστικοῦ
2384 547 2544 617 λόγου
2578 548 2686 620 (66)
2715 550 2972 621 πράττειν
3007 547 3362 621 συνεχώρουν.

927 636 1155 696 CAPUT
1184 636 1434 710 ,xxvm.

708 732 782 788 De
814 732 1175 801 persecutione
1198 731 1292 785 sub
1324 729 1639 788 Maximino.

460 830 676 883 Interea
722 840 867 882 caeso
914 823 1226 879 Alexandro
1263 824 1620 893 imperatore,
1658 827 1748 897 qui
1783 829 1963 884 trede-

388 920 492 974 cim
523 919 680 973 annis
712 924 1053 987 regnaverat,
1087 915 1138 971 in
1165 915 1281 984 ejus
1311 913 1491 970 locum
1520 919 1767 975 succedit
1791 918 1963 975 Maxi-

389 1011 586 1067 minus.
614 1008 737 1078 Qui,
762 1010 909 1081 gravi
928 1012 1049 1067 odio
1066 1026 1363 1068 succensus
1392 1011 1654 1068 adversus
1688 1010 1956 1068 familiam

387 1104 678 1159 Alexandri
723 1103 777 1157 in
818 1119 924 1173 qua
958 1104 1208 1175 plerique
1249 1112 1407 1161 erant
1462 1103 1784 1174 Christiani,
1830 1123 1959 1179 per-

384 1196 664 1251 secutione
686 1196 925 1251 excitata
956 1195 1105 1253 solos
1145 1198 1509 1255 Ecclesiarum
1542 1202 1833 1263 antistites.
1874 1212 1959 1256 ut-

383 1294 508 1353 pote
555 1286 880 1356 evangeliczc
928 1287 1332 1356 praedicationis
1394 1301 1665 1352 auctoves,
1720 1292 1955 1348 interfici

377 1378 563 1447 jussit.
591 1377 709 1446 Quo
751 1387 995 1450 tempore
1033 1380 1297 1450 Origenes
1341 1380 1540 1435 librum
1577 1380 1653 1436 De
1696 1385 1957 1454 martyrio

379 1468 705 1538 composuit,
756 1482 915 1537 quem
964 1468 1256 1531 Ambrosio
1311 1477 1366 1522 et
1418 1467 1730 1524 Protocteto
1776 1469 1957 1526 Gaesa-

380 1560 580 1616 riensis
646 1558 905 1616 Ecclesiae
962 1548 1280 1631 presbytero
1336 1559 1629 1626 dedicavit,
1689 1576 1756 1617 eo
1808 1563 1954 1632 quod

379 1650 680 1720 uterquein
711 1666 771 1705 ea
803 1650 1179 1719 persecutione
1213 1664 1321 1706 non
1352 1650 1628 1706 mediocre
1658 1651 1952 1720 discrimen

2560 640 2958 694 ΚΕΦΑΔΑΙΟΝ
3012 640 3148 694 κη’.

2060 729 2203 798 Περὶ
2218 728 2321 785 τοῦ
2336 731 2489 785 κατὰ
2502 730 2834 801 Μαξιμῒνον
2852 730 3105 801 διιιηομοῦ
3123 731 3260 802 (Nic.
3280 729 3354 785 11.
3372 730 3437 784 Ε.
3454 748 3506 795 v,
3520 730 3635 802 ‘20).

2133 821 2236 875 Τόν
2278 838 2342 890 γε
2378 822 2484 894 μὴν
2541 821 2827 893 Ῥωμαίων
2865 821 3239 893 αὐτοκράτορα
3294 821 3635 894 Ἀλέξανδρον

2062 909 2238 981 τρισὶν
2280 909 2460 965 ἔτεσιν
2498 912 2590 964 ἐπὶ
2618 910 2752 964 δέκα
2788 911 2888 984 τὴν
2919 913 3090 984 ἀρχὴν
3125 911 3470 976 διανύσαντα,
3512 914 3632 967 Μα-

2064 998 2269 1071 ξιμῖνος
2295 1003 2511 1074 Καῖσαρ
2529 1001 2847 1072 διαδέχεται·
2876 1002 2934 1068 ὃς
2958 1003 3022 1075 δὴ
3047 1003 3186 1057 κατὰ
3211 1002 3367 1058 κότον
3380 1003 3472 1058 τὸν
3497 1003 3631 1075 πρὸς

2060 1091 2150 1145 τὸν
2184 1092 2532 1167 Ἀλεξάνδρου
2551 1092 2700 1148 οἶκον
2720 1096 2784 1148 ἐκ
2804 1094 3060 1148 πλειόνων
3076 1095 3279 1149 πιστῶν
3297 1095 3625 1159 συνεστῶτα,

2059 1182 2300 1253 διωγμὸν
2333 1183 2570 1254 ἐγείρας,
2588 1185 2715 1248 τοὺς
2743 1183 2852 1238 τῶν
2879 1182 3212 1254 Ἐκκλησιῶν
3235 1183 3501 1256 ἄρχοντας
3535 1184 3631 1255 μό-

2058 1290 2201 1338 νους,
2230 1273 2306 1338 ὡς
2337 1273 2543 1337 αἰτίους
2565 1274 2665 1344 τῆς
2695 1272 2835 1328 κατὰ
2854 1273 2916 1328 τὸ
2933 1273 3262 1343 Εὐαγγέλιον
3287 1274 3631 1341 διδασκαλίας

2057 1364 2396 1436 ἀναιρεῖσθαι
2451 1366 2796 1438 προστάττει.
2856 1365 2988 1419 Τότε
3042 1365 3137 1420 καὶ
3201 1366 3479 1439 ἀριγένης
3538 1366 3630 1421 τὸν

2056 1458 2195 1525 Περὶ
2218 1460 2547 1527 μαρτυρίου
2600 1461 2899 1527 συντάττει,
2944 1460 3250 1533 Ἀμὸροσίῳ
3278 1461 3373 1515 καὶ
3415 1462 3630 1532 Πρωτο-

2056 1549 2240 1620 κτήτῳ
2294 1549 2650 1623 πρεσϐυτέρῳ
2698 1551 2797 1623 τῆς
2850 1551 2907 1605 ἐν
2959 1551 3266 1623 Καισαρείᾳ
3314 1553 3626 1624 παροικίας,

2056 1639 2275 1705 ἀναθεὶς
2305 1640 2368 1695 τὸ
2399 1640 2739 1715 σύγγραμμα
2757 1661 2772 1676 ο
2802 1643 2885 1698 ὅτι
2906 1644 2970 1716 δὴ
2993 1645 3160 1716 ἄμφω
3188 1646 3509 1717 περίστασις
3529 1646 3628 1717 οὐχ

378 1743 644 1799 subierat.
678 1740 835 1799 Unde
864 1749 917 1794 ct
948 1742 1242 1798 maximam
1270 1741 1494 1812 gloriam
1530 1742 1601 1797 oh
1648 1742 1930 1800 confessio

2052 1731 2085 1802 ἡ
2110 1729 2347 1801 τυχοῦσα
2377 1732 2437 1785 ἐν
2463 1732 2541 1803 τῷ
2578 1732 2803 1805 διωγμῷ
2834 1733 3166 1807 κατειλήφει.
3210 1736 3298 1791 Ἐν
3393 1737 3486 1791 καὶ¹
3514 1737 3628 1792 δια-

378 1850 499 1890 nem
530 1833 767 1903 nominis
802 1830 1005 1888 Christi
1046 1832 1207 1887 ambo
1266 1829 1515 1887 retulisse
1571 1833 1944 1902 perhibentur,

374 1938 497 1978 cum
540 1920 864 1977 Maximinus
892 1937 997 1976 non
1026 1919 1145 1990 plus
1167 1937 1328 1991 quam
1360 1921 1542 1992 229,
1568 1922 1785 1978 triennii
1819 1939 1946 1993 spa-

372 2014 505 2067 tium
537 2010 907 2082 perdurasset.
940 2008 1108 2080 llujus
1165 2026 1328 2081 porro
1374 2013 1774 2082 persecutionis
1809 2025 1944 2069 tem-

372 2120 472 2174 pus
502 2104 707 2158 indicat
736 2100 999 2173 Origenes
1047 2111 1156 2157 tum
1202 2105 1254 2158 in
1303 2103 1481 2173 primo
1511 2114 1566 2159 et
1594 2106 1852 2163 vicesimo
1881 2106 1946 2162 li-

370 2200 474 2255 hro
512 2196 917 2269 Expositionum
966 2200 1022 2255 in
1053 2198 1278 2254 Joannis
1327 2195 1696 2272 Evangelium,
1732 2209 1845 2257 tum
1889 2199 1942 2255 in

368 2292 601 2348 diversis
623 2292 892 2362 epistolis.

921 2383 1152 2443 CAPUT
1201 2381 1399 2440 XXIX.

368 2474 444 2529 De
466 2473 730 2542 Fabiano,
752 2475 982 2548 qualiter
1007 2474 1369 2532 Romanorum
1386 2477 1659 2548 episcopus
1686 2476 1941 2533 divinitus

932 2548 1237 2618 designatus
1276 2556 1373 2602 est.

433 2636 655 2692 Interim
709 2650 829 2691 cum
858 2636 1167 2693 Gordianus
1190 2637 1244 2690 in
1282 2635 1562 2691 Maximini
1601 2635 1774 2693 locum
1810 2651 1939 2693 suc-

362 2727 644 2792 cessisset,
676 2735 891 2781 mortuo
921 2725 1189 2782 Pontiano
1226 2727 1318 2796 qui
1346 2741 1440 2782 sex
1470 2728 1626 2783 annis
1652 2728 1932 2800 episcopa-

365 2830 479 2874 tum
513 2824 786 2882 tenuerat,
815 2816 1073 2873 Ecclesiae
1103 2817 1363 2872 Romana:
1404 2819 1931 2877 administrationem

362 2908 884 2979 suscepitAntcros.
923 2907 1022 2965 llic
1066 2909 1210 2964 intra
1254 2908 1416 2964 unius
1457 2909 1662 2966 mensis
1703 2911 1939 2981 spatium

361 2998 668 3054 sacerdotio
692 2997 1028 3068 perfunctus,
1064 2997 1368 3054 Fabianum
1398 3013 1778 3055 successorem
1805 2999 1940 3056 reli-

2043 2289 2072 2340 ό
2117 2286 2417 2359 Ὠριγένης.

2049 1822 2256 1895 πρὲψαι
2285 1822 2504 1894 κατέχει
2530 1823 2688 1894 λόγος
2719 1826 2778 1879 ἐν
2815 1825 3075 1897 ὁμολογίᾳ
3118 1826 3248 1890 τοὺς
3289 1826 3511 1901 ἄνδρας,
3561 1830 3623 1883 οὐ

2047 1916 2294 1994 πλείονος
2331 1917 2366 1989 ἢ
2411 1916 2659 1989 τριετοῦς
2703 1917 2895 1991 χρόνου
2926 1916 3037 1990 (67)
3067 1917 3151 1989 τῷ
3189 1918 3481 1992 Μαξιμίνῳ
3510 1920 3625 1975 δια-

2047 2009 2361 2081 γενομένρυ.
2404 2009 2779 2081 Σεσημείωτὰι
2808 2008 2864 2062 δὲ
2892 2009 3105 2063 τουτονὶ
3131 2008 3228 2063 τοῦ
3253 2011 3501 2083 διωγμοῦ
3532 2011 3623 2066 τὸν

2046 2103 2237 2175 καιρὸν
2258 2103 2316 2157 ἐν
2337 2121 2397 2158 τε
2419 2103 2497 2175 τῷ
2524 2103 2761 2177 δευτέρῳ
2783 2105 2876 2158 καὶ
2901 2104 3128 2176 είκοστῷ
3152 2104 3260 2158 τῶν
3282 2108 3369 2172 εἰς
3386 2105 3457 2159 τὸ
3472 2106 3627 2161 κατὰ

2057 2194 2340 2263 Ἰωάννην
2378 2193 2769 2266 ἐξηγητικᾶν,
2795 2195 2891 2250 καὶ
2920 2194 2980 2250 ἐν
3009 2194 3286 2268 διαφόροις
3311 2195 3623 2262 ἐπιστολαῖς

2548 2378 2946 2434 ΚΕΦᾹΛΔῙΟΝ
2985 2375 3116 2434 ΚΘ¹.

2041 2469 2183 2538 Περὶ
2217 2465 2537 2538 Φαόιανοῦ,
2563 2468 2645 2533 ὡς
2675 2467 2981 2538 Ῥωμαίων
3011 2466 3346 2538 ἐπέρ-κρατός
3366 2463 3444 2538 μ
3468 2462 3617 2518 Θεοῦ

2173 2537 2525 2606 παραδόξως
2551 2533 2869 2607 ἀνεδείχθη
2894 2536 3037 2607 (Nic.
3074 2534 3147 2591 Η.
3178 2533 3247 2590 Ε.
3280 2551 3332 2600 ν,
3359 2534 3479 2605 26).

2110 2629 2400 2702 Γορδιανοῦ
2430 2630 2486 2684 δέ
2526 2628 2637 2700 (68)
2670 2628 2811 2700 μετὰ
2847 2626 3151 2699 Μαξιμῖνον
3175 2627 3274 2698 τὴν
3327 2625 3615 2696 Ῥωμαίων

2039 2719 2336 2794 ἡγεμονίαν
2378 2719 2780 2790 διαδεξαμένου,
2817 2719 2919 2789 τῆς
2960 2716 3102 2773 κατὰ
3141 2716 3359 2788 Ῥώμην
3395 2715 3618 2788 Ἐκκλη-

2040 2815 2162 2879 σίας
2200 2814 2491 2869 Ποντιανὸν
2532 2811 2709 2867 ἐτεσιν
2740 2810 2799 2880 ἓξ
2838 2809 3329 2878 ἐπισκοπεύσαντα,
3372 2809 3611 2883 διαδέχε-

2037 2922 2128 2962 ται
2171 2908 2458 2979 Ἀντέρως,
2482 2906 2578 2961 καὶ
2607 2904 2795 2961 τοῦτον
2822 2904 3087 2969 Φαὸιανδς
3110 2906 3204 2959 ἐπὶ
3233 2905 3376 2976 μῆνα
3401 2906 3469 2975 τῇ
3503 2903 3614 2958 λει-

2038 2998 2270 3073 τουργίᾳ
2308 2998 2780 3070 διακονησάμενον.
2835 2996 2931 3059 Ἐξ
2974 2996 3145 3068 ἀγροῦ
3187 3012 3319 3066 φασι
3365 2995 3456 3048 τὸν
3500 2996 3610 3049 Φα-

360 3088 497 3158 quit.
526 3086 681 3141 Hunc
712 3086 1010 3141 Fabianum
1057 3096 1179 3157 post
1218 3087 1505 3144 Anterotis
1547 3098 1775 3145 mortem
1827 3104 1930 3147 una

2039 3088 2222 3143 6tavbv
2248 3087 2385 3161 μετὰ
2407 3088 2507 3160 τὴν
2538 3087 2865 3159 Ἀντέρωτος
2882 3086 3134 3158 τελευτὴν
3157 3086 3251 3156 ἅμ’
3273 3084 3479 3156 ἑτέροις
3502 3084 3609 3157 (69)

359 3194 481 3233 cum
510 3178 631 3234 aliis
654 3176 1016 3234 familiaribus
1051 3179 1165 3234 suis
1195 3178 1425 3234 Romam
1448 3194 1517 3235 ex
1546 3195 1679 3250 agro
1710 3182 1937 3241 venisse

358 3269 568 3333 dicunt,
596 3276 758 3337 atque
789 3266 900 3323 illic
930 3268 1237 3340 degentem,
1264 3268 1570 3338 apitulante
1603 3270 1698 3327 Dei
1729 3274 1930 3343 gratia,

358 3370 558 3427 pneter
619 3359 862 3413 omnium
928 3362 1400 3428 exspectationem
1455 3362 1524 3418 ad
1577 3364 1934 3433 pontiﬁcatus

355 3459 555 3504 sortem
596 3449 932 3519 pervenisse.
981 3449 1115 3505 Nam
1161 3465 1284 3507 cum
1321 3451 1520 3509 fratres
1569 3467 1765 3512 omnes
1799 3472 1935 3513 suc-

355 3541 586 3596 cessoris
616 3542 903 3597 ordinandi
932 3556 1097 3600 causa
1130 3543 1182 3597 in
1212 3544 1446 3600 ecclesia
1477 3554 1660 3602 essent
1693 3561 1928 3618 congre-

354 3634 489 3703 gati,
520 3648 583 3689 ac
613 3634 857 3706 plerique
907 3634 1019 3705 jam
1070 3636 1314 3691 illustres
1357 3636 1564 3707 aliquot
1608 3646 1666 3693 et
1716 3639 1928 3696 nobiles

353 3725 500 3780 viros
523 3723 797 3795 eligendos
827 3739 949 3780 esse
974 3724 1335 3795 conjicerent,
1387 3726 1454 3781 de
1501 3725 1752 3782 Fabiano
1800 3727 1926 3797 qui-

352 3817 472 3869 dem
504 3816 596 3886 qui
632 3825 743 3870 tum
784 3831 1030 3887 praesens
1075 3818 1291 3883 aderat,
1345 3831 1508 3872 nemo
1549 3831 1620 3870 ne
1653 3819 1925 3887 tantisper

350 3904 566 3974 quidem
592 3904 884 3974 cogitabat.
914 3905 1226 3961 Columbam
1273 3914 1451 3960 tamen
1478 3916 1706 3975 repente
1735 3920 1769 3963 e
1797 3907 1929 3962 sub-

349 3997 464 4052 limi
493 3995 766 4067 delapsam
820 3997 985 4065 capiti
1016 3997 1161 4051 illius
1191 3996 1463 4051 insedisse
1503 4006 1751 4061 narrant,
1778 4013 1903 4067 quae

350 4085 587 4154 Spiritus
633 4086 809 4141 sancti
859 4085 950 4154 qui
1002 4085 1134 4141 Olim
1185 4086 1289 4141 sub
1331 4084 1599 4142 columbae
1637 4087 1824 4156 specie
1869 4088 1922 4143 in

351 4178 690 4235 Servatorem
741 4175 1109 4241 descenderat,
1169 4176 1463 4245 imaginem
1513 4178 1720 4234 referre
1767 4179 1919 4235 vide-

349 4262 528 4322 batur.
562 4263 680 4332 Quo
714 4265 1029 4335 spectaculo
1087 4277 1373 4338 permotus
1405 4267 1634 4338 populus
1661 4282 1692 4324 a
1726 4270 1914 4326 divino

347 4354 556 4425 Spiritu
591 4356 871 4424 incitatus,
903 4371 1114 4413 summa
1147 4372 1272 4413 cum
1303 4358 1590 4415 alacritate
1621 4374 1731 4415 uno
1781 4376 1914 4415 con-

345 4460 506 4502 sensu
540 4446 700 4503 simul
726 4447 903 4504 omnis
928 4447 1241 4506 exclamare
1292 4449 1459 4521 coepit
1502 4450 1729 4523 dignum
1770 4465 1915 4519 esse,

2038 3177 2382 3246 συνελθόντα,
2421 3177 2803 3249 ἐπιχωριάζειν
2846 3178 2914 3247 τῇ
2970 3173 3178 3248 Ῥώμῃ,
3212 3172 3340 3228 ἔνθα
3373 3174 3611 3245 παραδο-

2034 3269 2231 3337 ξότατα
2260 3268 2398 3342 πρὸς
2426 3269 2524 3341 τῆς
2553 3267 2704 3332 θείας
2728 3267 2822 3321 κα)⁸
2849 3264 3104 3340 οὐρανίου
3143 3265 3364 3336 χάριτος
3393 3265 3486 3318 ἐπὶ
3514 3263 3609 3318 τὸν

2032 3361 2234 3434 κλῆρον
2272 3360 2726 3435 παρεληλυθέναι.
2761 3360 2882 3414 Τῶν
2925 3359 3035 3432 γὰρ
3066 3358 3310 3429 ἀδελφῶν
3353 3358 3610 3413 ἁπάντων

2030 3453 2364 3525 χειροτονίας
2382 3453 2569 3508 ἕνεκεν
2589 3451 2692 3523 τῆς
2712 3450 2807 3505 τοῦ
2838 3449 3123 3522 μέλλοντος
3150 3446 3483 3517 διαδέξεσθαι
3506 3448 3605 3521 τὴν

2032 3546 2361 3619 ἐπισκοπὴν,
2415 3545 2512 3600 ἐπὶ
2559 3545 2658 3616 τῆς
2707 3543 3004 3615 ἐκκλησίας
3059 3541 3601 3613 συγκεκροτημένων,

2032 3637 2298 3692 πλείστων
2323 3655 2383 3691 τε
2410 3636 2688 3706 ἐπιφανῶν
2721 3636 2814 3689 καὶ
2843 3633 3067 3701 ἐνδόξων
3098 3632 3305 3704 ἀνδρῶν
3336 3636 3451 3698 τοῖς
3478 3633 3604 3686 πολ-

2031 3725 2142 3789 λοῖς
2167 3728 2224 3804 ἐν
2250 3725 2475 3797 ὑπονοίᾳ
2520 3724 2630 3797 (70)
2660 3723 3034 3796 ὑπαρχόντων,
3060 3724 3089 3776 ό
3117 3721 3382 3786 Φασιανός
3413 3720 3603 3792 παρὼν

2029 3815 2243 3880 οὐδενὸς
2273 3815 2372 3887 μὲν
2405 3812 2707 3887 ἀνθρώπων
2734 3815 2812 3878 είς
2835 3813 3071 3868 διάνοιαν
3102 3812 3188 3884 ᾔει
3212 3829 3227 3844 ο
3258 3812 3408 3883 ὅμως
3431 3811 3477 3864 δ’
3506 3807 3602 3865 οὖν

2029 3906 2224 3980 ἁθρόον
2255 3909 2320 3960 ἐκ
2360 3905 2633 3977 μετεώρου
2663 3904 2988 3977 περιστερὰν
3021 3903 3374 3959 καταπτᾶσαν
3408 3903 3603 3956 ἐπικα-

2030 3992 2288 4064 θεσθῆναι
2328 3997 2392 4066 τῇ
2436 3992 2599 4048 αὑτοῦ
2655 3994 2861 4065 κεφαλῇ
2913 3986 3330 4064 μνημονεύουσι,
3376 3991 3600 4064 μίμημα

2027 4084 2440 4159 ἐνδεικνυμένην
2471 4085 2573 4158 τῆς
2604 4087 2696 4140 ἐπὶ
2726 4086 2818 4140 τὸν
2845 4086 3074 4158 Σωτῆρα
3103 4084 3198 4139 τοῦ
3243 4084 3399 4153 ἁγίου
3428 4084 3601 4139 ΙΙνεύ-

2031 4194 2200 4248 ματος
2224 4179 2282 4232 ὲν
2308 4178 2440 4232 εἴδει
2464 4179 2790 4251 περιστερᾶς
2815 4177 3061 4232 καθόδου.
3098 4177 3212 4246 Ἐφ’
3237 4169 3281 4245 ᾧ
3304 4176 3396 4229 τδν
3423 4173 3599 4230 πάντα

2023 4268 2152 4324 λαὸν
2202 4271 2388 4342 ὥσπερ
2435 4273 2526 4341 ὑφ’
2589 4271 2706 4335 ἐνὸς
2754 4268 3060 4342 πνεύματος
3108 4270 3253 4325 θείου
3305 4270 3597 4342 κινηθέντα

2022 4363 2206 4433 ὁμόσε,
2248 4363 2525 4437 προθυμίᾳ
2556 4363 2707 4439 πάσῃ
2739 4363 2833 4417 καὶ
2864 4364 2962 4434 μιᾷ
2990 4362 3159 4435 ψυχῇ,
3186 4360 3335 4427 ἄξιον
3374 4361 3600 4434 ἐπιὸοῆ-

2025 4472 2114 4510 σαι
2145 4454 2279 4528 (71),
2315 4457 2408 4512 καὶ
2432 4455 2751 4528 ἁμελλήτως
2781 4457 2873 4511 ἐπὶ
2898 4457 2989 4511 τὸν
3030 4455 3216 4529 θρόνον
3240 4455 3339 4529 τῆς
3371 4455 3593 4510 ἐπισκο-

413 4630 525 4713 (6ﬁ)
542 4630 1099 4713 ,Ἐξεκλῃσιασζικοῦ
1120 4634 1327 4703 λόγου.
1363 4631 1420 4713 Id
1444 4645 1529 4690 est
1555 4632 1788 4713 ofﬁcium
1820 4635 1917 4691 do-

2054 4705 2068 4713 _
2091 4633 2202 4713 (Q8)
2236 4631 2569 4713 Γορδιανοῦ
2593 4632 2699 4713 es.“
2714 4634 2794 4713 A_h
2820 4633 3120 4713 hisnverhis
3144 4641 3306 4706 caput
3328 4634 3400 4692 29
3453 4635 3590 4692 inci-

342 4698 515 4773 cendi
541 4700 594 4755 in
624 4698 897 4769 Ecclesia,
930 4704 1129 4773 dequo
1159 4698 1321 4773 supra
1355 4705 1632 4773 adnotavi.

413 4771 524 4845 (67)
558 4773 647 4845 012
659 4774 956 4845 mutor-oc
984 4772 1022 4841 ἢ
1052 4771 1318 4842 τριέτους
1343 4773 1587 4845 χρόνου,
1613 4772 1783 4838 Hujus
1810 4774 1912 4830 loci

2018 4703 2192 4777 pit'jn’
2216 4705 2376 4777 codd.
2410 4703 2550 4777 llaz.
2577 4715 2630 4758 et
2663 4703 2793 4777 lfuk.
2827 4714 2881 4777 et
2914 4705 3045 4777 Reg.

2087 4773 2200 4844 (69)
2234 4773 2377 4846 "Ap"
2397 4772 2639 4846 ἑτέροις.
2674 4773 2946 4846 [ιθεοὲἃρθ
2994 4775 3234 4846 ἑταίροις
3250 4815 3275 4846 ,Α
3293 4785 3354 4846 ut
3390 4774 3590 4844 legisse

338 4839 1134 4926 sensumﬁhristp‘phorsonus
1189 4839 1414 4926 minime
1461 4844 1717 4926 intellexit
1740 4885 1785 4926 _,.
1817 4846 1912 4926 qui
2014 4839 2230 4926 videtur
2263 4839 2513 4925 Rufinus.
2549 4843 2667 4897 Mox
2709 4839 3025 4926 ubidcgitur
3047 4884 3061 4907 ,
3097 4839 3588 4926 συνελθόνταξέπι-

336 4913 686 4984 Ambrosium
714 4923 768 4965 et
791 4910 1158 4984 Protectetum
1188 4914 1287 4967 sub
1312 4914 1471 4984 finem
1498 4915 1709 4984 imperii
1738 4910 1911 4984 Maxi-

336 4984 470 5039 mini
507 4982 577 5036 ob
603 4995 799 5034 nomen
833 4978 1033 5034 Christi
1065 4992 1286 5037 vexatos
1330 4982 1496 5037 fuisse
1542 4978 1776 5038 censuit.
1802 4983 1912 5037 Ve-

338 5068 459 5108 rum
503 5050 555 5105 id
598 5064 706 5103 non
752 5049 885 5103 dicit
934 5050 1219 5114 Eusebius,
1270 5054 1364 5107 sed
1414 5054 1517 5107 hoc
1552 5063 1759 5107 tantum
1806 5053 1911 5109 sibi

336 5121 474 5185 vult,
512 5128 627 5192 toto
659 5117 950 5192 Maximini
967 5119 1177 5192 imperii
1212 5132 1450 5192 tempore
1477 5123 1909 5190 persecutionem

335 5189 641 5252 duravisse,
667 5189 760 5243 sed
794 5189 909 5243 dies
938 5189 1081 5245 illius
1103 5189 1374 5247 breviatos
1410 5189 1597 5257 fuisse,
1629 5203 1687 5245 ut
1713 5194 1779 5247 de
1801 5195 1912 5245 An-

337 5258 902 5331 tichristoScriptura
954 5259 1218 5328 loquitur.
1269 5261 1441 5318 Porro
1482 5262 1785 5331 persecutio
1817 5262 1907 5316 illa

334 5331 437 5386 sub
471 5329 764 5384 Maximino
791 5329 921 5398 imp.
952 5341 1074 5399 post
1095 5333 1401 5399 diuturnam
1430 5329 1685 5387 Ecclesia:
1717 5347 1902 5397 pacem

335 5408 556 5467 repente
602 5399 815 5470 oborta,
845 5409 928 5454 est
971 5400 1040 5453 ob
1094 5398 1403 5469 frequentes
1450 5411 1505 5454 et
1554 5401 1911 5470 gravissimos

336 5481 497 5525 terrae
527 5478 740 5536 motus,
771 5469 909 5538 quos
957 5483 1109 5540 more
1161 5483 1262 5524 suo
1305 5472 1538 5540 gentiles
1564 5469 1910 5527 Christianis

330 5540 709 5609 imputabant,
762 5537 824 5593 ut
843 5537 1047 5609 _testis__
1077 5548 1162 5592 est
1207 5537 1553 5599 Firmilianus
1598 5543 1651 5594 in
1682 5541 1907 5606 cpistola

329 5605 427 5683 ad;
445 5609 800 5683 Cyprianum.
843 5605 982 5666 Vide
1013 5606 1308 5668 Bai-ouium
1344 5612 1411 5669 ad
1457 5624 1659 5666 annum
1701 5611 1907 5669 Christi

324 5677 451 5737 237.

2013 4913 2323 4985 χωριάζειν,
2346 4915 2424 4985 ita
2451 4923 2625 4980 potest
2656 4915 2820 4981 accipi
2852 4915 3004 4982 quasi
3031 4917 3296 4981 scriptum
3321 4914 3389 4968 sit
3422 4913 3588 4969 ἕνεκα

2010 4983 2106 5038 τοῦ
2137 4983 2540 5053 ἐπιχωριάζειν.
2573 4985 2749 5052 Atque
2793 4985 2864 5053 ita
2906 4999 3096 5053 sensus
3136 4999 3241 5039 non
3281 4987 3387 5039 erit
3418 4988 3587 5040 abso-

2014 5054 2162 5123 lutus
2190 5051 2290 5106 niisi
2316 5051 2449 5120 post
2474 5051 2667 5107 vocem
2694 5051 3146 5123 παρεληλυθέναι.

2083 5122 2195 5193 (70)
2246 5125 2351 5176 Ἐν
2402 5122 2677 5188 ὑπονοίᾳ.
2741 5122 3012 5193 Musculus
3075 5137 3308 5190 eumque
3362 5133 3588 5179 Secutus

2013 5193 2583 5260 Christophorsonns,
2637 5195 2778 5246 hunc
2822 5192 2996 5245 locum
3036 5194 3107 5246 ita
3150 5202 3473 5249 verterunt:
3519 5193 3588 5246 Et

2013 5264 2168 5316 multi
2216 5264 2280 5315 tle
2326 5262 2682 5330 compluribus
2727 5261 3021 5317 illustribus
3063 5274 3112 5318 et
3147 5263 3407 5317 nobilibus
3458 5264 3585 5317 viris

2013 5332 2265 5402 eligendis
2298 5333 2603 5400 cogitarent.

2089 5400 2201 5474 (7t)
2228 5402 2436 5466 Ἀξιον
2467 5400 2805 5474 έπιϐοῆσαι.
2846 5402 2969 5457 Fuit
2998 5403 3142 5456 enim
3173 5404 3293 5459 haec
3320 5401 3582 5474 solemnis

2016 5472 2340 5526 acclamatio
2372 5474 2424 5525 in
2453 5472 2811 5527 electionibus
2838 5474 3240 5539 episcoporum,
3285 5473 3441 5541 cujus
3503 5475 3581 5530 rei

2015 5542 2246 5610 plurima
2276 5542 2474 5610 passim
2502 5552 2801 5597 occurrunt
2826 5544 3096 5608 exempla,
3128 5552 3183 5596 ut
3211 5546 3352 5611 apud
3396 5543 3581 5599 Philo-

2012 5613 2273 5684 storgiu_m
2306 5612 2373 5684 in
2396 5611 2537 5666 libro
2575 5628 2653 5675 Ix,
2685 5629 2805 5682 cap.
2840 5612 2925 5684 ιο.
2956 5612 3019 5684 Et
3061 5612 3114 5664 in
3147 5613 3578 5684 Aetisdesigna-

2012 5682 2175 5740 tionis
2195 5681 2378 5738 Eradii
2406 5697 2526 5753 qua:
2550 5685 2692 5740 inter
2710 5681 2966 5753 epistolas
2986 5681 3274 5752 Augustini
3302 5681 3578 5754 leguntur,
