3928 6252
337 297 445 352 603

1082 291 1351 352 EUSEBII
1389 292 1866 352 C£SARIENSIS
1903 292 2054 351 OPP.
2095 291 2276 349 PARS
2308 291 2353 348 1.
2393 325 2467 340 --
2499 290 2888 351 HISTORICA.

3494 289 3596 354 CM

341 416 626 477 grassante
673 407 936 465 adversus
965 422 1051 463 me
1102 410 1505 479 persecutione.
1544 408 1756 481 Vixque
1800 419 1919 478 post

2028 426 2133 465 νειν
2150 409 2247 481 (Ι).
2271 409 2382 464 Καὶ
2415 409 2566 481 μόλις
2594 408 2732 480 μετὰ
2754 409 2859 481 τὴν·
2882 409 3148 482 τετάρτην
3169 407 3386 483 ἡμέραν
3407 409 3594 466 κελεύ»

342 505 486 558 diem
534 512 816 572 quartum,
847 517 970 556 cum
1017 500 1159 556 Deus
1209 503 1340 556 mihi
1372 512 1432 557 ut
1462 502 1569 557 alio
1623 504 1913 573 migrarcm

341 595 711 666 praecepisset,
726 608 791 648 ac
818 601 1014 663 praeter
1030 592 1343 663 opinionem
1367 593 1609 648 omnium
1629 594 1770 648 viam
1790 609 1916 664 ape—

342 689 566 753 ruisset,
589 701 690 757 ego
715 694 771 742 et
801 684 1013 750 famuli,
1048 684 1312 753 multique
1344 700 1410 740 ex
1460 685 1718 742 fratribus
1756 687 1915 742 simul

341 779 545 848 egressi
585 792 793 834 sumus.
829 778 1007 848 Atque
1056 777 1112 833 id
1159 777 1355 832 divina:
1384 777 1738 846 providentiae
1782 792 1919 847 opus

342 872 532 936 fuisse,
564 885 746 926 rerum
789 879 1022 925 eventus
1066 876 1257 939 postea
1287 868 1604 926 declaravit.
1636 870 1915 939 Siquidem

343 962 619 1019 nonnullis
650 962 885 1019 fortasse
918 964 1341 1033 haudquaquam
1387 963 1608 1020 inutiles
1641 964 1858 1019 fuimus.
1894 983 1912 1017 ι

344 1055 550 1110 Deinde
589 1055 777 1124 paucis
811 1055 1172 1125 interpositis,
1205 1071 1266 1111 ea
1293 1072 1415 1126 quae
1448 1056 1546 1126 ipsi
1581 1066 1701 1127 post
1737 1056 1916 1126 fugant

342 1147 688 1218 contigerunt
707 1147 988 1219 subjungit
1010 1147 1096 1203 his
1112 1149 1323 1204 verbis:
1353 1167 1372 1200 ι
1402 1149 1510 1220 Ego
1533 1149 1750 1218 quidem
1772 1149 1918 1203 circa

342 1240 475 1294 solis
503 1255 757 1294 occasum
790 1254 896 1294 una
930 1255 1053 1294 cum
1097 1241 1391 1297 comitibus
1428 1243 1562 1295 meis
1597 1256 1626 1295 a
1657 1241 1918 1297 militibus

342 1331 794 1401 comprehensus,
841 1329 1152 1401 Taposirim
1201 1331 1497 1399 perductus
1536 1345 1677 1385 sum.
1733 1328 1922 1384 Timo-

344 1422 506 1477 theus
552 1437 705 1488 vero,
733 1423 842 1479 Deo
890 1423 964 1477 ita
1007 1423 1355 1493 disponente,
1381 1432 1493 1477 tum
1539 1424 1757 1493 quidem
1811 1438 1917 1477 non

344 1514 546 1575 adfuit,
580 1529 683 1569 nec
711 1515 1142 1584 comprehensus
1169 1522 1272 1569 est.
1309 1512 1426 1591 Sed
1448 1528 1570 1568 cum
1598 1524 1789 1584 postea
1822 1515 1918 1569 ad-

342 1608 603 1671 venisset,
641 1607 861 1660 domunt
910 1620 1138 1661 vacuam
1182 1604 1402 1674 reperit,
1439 1614 1495 1660 et
1537 1605 1801 1661 satellites
1829 1605 1919 1674 qni

341 1710 462 1751 eam
485 1697 883 1761 custodiebant,
908 1710 1006 1752 nos
1024 1711 1152 1752 vero
1178 1697 1231 1751 in
1256 1697 1572 1752 servitutem
1601 1696 1913 1758 abductos.»

344 1785 412 1840 Et
438 1787 721 1857 aliquanto
745 1796 866 1857 post
896 1804 912 1842 :
943 1807 961 1840 ι
992 1787 1253 1855 Quisnam
1292 1802 1440 1850 vero.
1476 1789 1688 1856 inquit,
1721 1789 1921 1845 divinae
1950 1768 2015 1834 B-

345 1878 489 1933 illins
515 1878 886 1948 dispositionis
914 1879 1051 1933 ordo
1079 1893 1144 1933 ac
1180 1879 1370 1934 tuodus
1397 1878 1540 1933 fuit?
1568 1878 1752 1935 Dicam
1777 1882 1921 1936 enim

343 1983 464 2036 qua:
488 1982 613 2021 vera
649 1977 796 2022 sunt.
823 1967 1139 2039 Aufugienti
1185 1977 1241 2024 et
1279 1969 1600 2039 perturbato
1635 1967 1924 2026 Timotheo

345 2059 579 2129 agrestis
607 2059 772 2130 236
791 2060 1010 2130 quidam
1030 2074 1357 2124 occurrens,
1377 2074 1599 2114 causam
1621 2060 1925 2116 festinatio-

343 2151 430 2205 nis
452 2161 824 2221 percontatur.
859 2151 953 2205 llle
981 2166 1094 2207 rem
1121 2160 1178 2206 ut
1205 2162 1326 2207 erat
1352 2154 1622 2222 exposuit.
1647 2152 1922 2217 Rusticus,

344 2254 404 2295 re
434 2239 617 2295 audita
671 2238 958 2313 (pergebat
1009 2252 1141 2297 tunc
1182 2240 1326 2295 forte
1355 2241 1422 2295 ad
1464 2241 1706 2312 nuptiale
1739 2245 1927 2298 convi-

343 2330 511 2386 vium.
561 2330 754 2386 Solent
806 2334 951 2387 enim
999 2333 1052 2387 in
1107 2332 1411 2400 huiusmodi
1465 2333 1730 2390 conviviis
1756 2345 1924 2390 totam

343 2429 560 2476 noctem
591 2422 963 2495 pervigilare),
1005 2423 1282 2494 ingressus
1312 2439 1427 2479 rem
1457 2424 1926 2482 diseumbentibus

345 2521 554 2568 narrat.
583 2513 685 2581 Qui
718 2515 1007 2571 c0ul‘estim
1034 2516 1189 2586 quasi
1222 2517 1379 2588 signo
1415 2518 1563 2586 dato,
1594 2533 1785 2574 omnes
1817 2533 1948 2574 uno-

342 2606 548 2677 impetu
570 2615 1035 2662 consurrexerunt
1061 2626 1074 2661 :
1109 2616 1165 2661 et
1193 2609 1412 2664 concito
1437 2624 1603 2665 cursu
1635 2612 1686 2664 in
1722 2624 1822 2664 nos
1849 2610 1923 2664 ir-

343 2708 588 2764 ruentes,
615 2698 911 2754 clamorem
942 2698 1257 2756 ediderunt.
1288 2700 1565 2755 Continuo
1596 2700 1925 2756 satellitibus

343 2789 437 2858 qui
467 2804 567 2845 nos
600 2791 979 2845 custodiebant
1013 2792 1067 2846 in
1097 2789 1279 2862 fugam
1306 2791 1500 2861 versis,
1532 2794 1924 2862 supervenien-

347 2890 453 2945 tes,
487 2894 608 2945 nos,
633 2887 694 2934 ut
719 2894 956 2943 eramus,
988 2881 1147 2936 nudis
1187 2882 1240 2936 iu
1273 2882 1516 2951 grabatis
1552 2882 1799 2951 jacentes
1832 2883 1927 2939 dc-

346 2970 773 3040 prebenderunt.
801 2971 879 3026 Ac
902 2971 1079 3043 primo
1101 2972 1315 3043 quidem
1347 2982 1590 3043 aspectu,
1647 2974 1813 3030 Deum
1841 2984 1926 3030 te-

345 3069 486 3129 stor,
514 3062 752 3118 latrones
778 3076 899 3119 esse
925 3064 1244 3120 existimans
1273 3066 1363 3135 qui
1410 3068 1673 3138 Spoliandi
1694 3083 1757 3124 ac
1787 3070 1924 3125 diri-

346 3154 525 3223 piendi
562 3170 727 3211 causa
760 3157 1065 3227 venissent,
1098 3176 1326 3215 manens
1348 3160 1401 3214 in
1431 3161 1633 3218 lectulo
1662 3178 1785 3219 meo
1820 3180 1923 3218 nu-

347 3248 468 3314 tius,
493 3247 611 3303 sola
637 3257 857 3319 opertus
887 3250 1026 3305 linea
1056 3252 1255 3317 tunica,
1285 3252 1549 3322 reliquam
1574 3264 1776 3310 vestem
1805 3270 1925 3325 quae

341 3338 496 3407 juxta
533 3354 619 3395 tne
648 3341 825 3411 posita
849 3352 969 3396 erat
997 3344 1078 3398 eis
1111 3343 1352 3412 porrexi.
1386 3344 1460 3398 At
1489 3343 1565 3398 illi
1597 3358 1925 3416 consurgere

347 3443 434 3482 nte
456 3437 511 3483 et
531 3445 693 3499 quam
718 3430 1003 3486 celerrime
1032 3432 1303 3501 proficisci
1324 3433 1625 3504 jusserunt.
1656 3434 1806 3491 Tunc
1831 3437 1922 3491 de-

349 3534 494 3575 mum
536 3521 841 3593 intelligens
887 3524 1044 3595 cujus
1075 3524 1152 3579 rei
1181 3526 1353 3594 gratia
1400 3527 1697 3593 venissent,
1725 3528 1921 3583 vocife-

240 3676 248 3683 _
349 3614 457 3668 rari
488 3614 650 3683 ccepi,
674 3631 872 3686 rogans
904 3626 1071 3687 atque
1100 3617 1382 3672 obtestans
1424 3626 1478 3671 ut
1512 3618 1751 3688 abirent,
1799 3633 1922 3675 nos-

347 3718 453 3769 que
480 3704 594 3760 illic
619 3705 975 3762 dimitterent.
1023 3706 1178 3774 Quod
1202 3708 1251 3762 si
1279 3707 1347 3763 de
1375 3708 1534 3764 nobis
1565 3710 1703 3766 bene
1726 3711 1923 3765 mereri

349 3795 566 3862 vellent,
592 3797 819 3854 orabam
851 3808 908 3854 ut
928 3813 1023 3856 eos
1052 3798 1143 3868 qui
1176 3814 1263 3856 me
1293 3801 1635 3857 abducebant
1665 3800 1925 3857 satellites

348 3891 734 3957 praevenirent,
766 3890 976 3962 ipsique
1002 3903 1165 3963 caput
1197 3892 1326 3948 mibi
1356 3894 1657 3950 demerent.
1681 3892 1809 3948 Haec
1839 3906 1924 3948 me

349 3980 759 4048 vociferantem,
790 3992 850 4037 ut
906 3994 1106 4039 norunt
1142 3985 1179 4039 ii
1230 3987 1323 4055 qui
1375 3986 1508 4041 mihi
1553 3993 1830 4042 consortes
1870 3993 1925 4041 et

350 4072 641 4143 participes
668 4087 1036 4129 aerumnarum
1067 4077 1308 4131 omnium
1336 4077 1509 4141 fuere,
1539 4078 1764 4132 invitum
1799 4093 1921 4132 sur-

349 4177 477 4230 gere
503 4172 819 4232 coegerunt.
850 4166 927 4218 Ac
958 4179 1044 4218 me
1079 4165 1296 4234 quidem
1327 4166 1446 4235 ipse
1486 4166 1634 4221 humi
1664 4168 1919 4237 supinum

349 4252 543 4323 abjeci.
583 4251 662 4308 llli
714 4268 843 4309 vero
879 4252 1106 4322 pedibus
1155 4256 1520 4327 manibusque
1562 4258 1922 4328 comprehen-

420 4447 901 4520 (1)Διῳκόμ.ςνον
940 4448 1167 4519 μένειν.
1199 4451 1255 4505 In
1293 4450 1450 4507 codd.
1480 4451 1642 4520 Maz.,
1691 4453 1829 4510 Med.
1862 4465 1922 4510 et
1952 4446 1999 4501 Β

517 4517 719 4588 legitur
736 4517 1069 4597 ’διωκόμενον
1101 4520 1264 4592 ἔχειν,
1304 4532 1358 4576 et
1380 4523 1540 4591 paulo
1563 4517 1690 4580 ante
1724 4527 1785 4581 οὐ
1812 4525 1921 4599 γὰρ

350 4589 692 4643 ἐπίστευσεν.
736 4593 740 4597 ’

420 4658 497 4731 (2)
525 4659 635 4713 Καὶ
659 4661 723 4734 οξ⁸
739 4658 969 4734 παῖδες.
991 4658 1264 4734 Musonius
1283 4670 1344 4734 et
1390 4660 1922 4734 Cbristopborsonus

350 4740 636 4801 verterunt
662 4730 835 4801 liberi,
866 4732 1009 4798 quod
1043 4746 1149 4801 non
1181 4731 1369 4801 probo.

420 4800 499 4871 (5)
536 4799 865 4871 Ἀπήντετόν
912 4817 1002 4866 τις
1027 4799 1486 4871 κτῶκχωριτῶν.
1528 4804 1584 4859 In
1614 4806 1774 4862 codd.
1811 4806 1926 4862 Me-

350 4869 555 4948 dicago;
567 4869 729 4948 Maz._,
755 4870 919 4948 Med?
949 4870 1080 4948 Fuit:
1107 4882 1163 4927 et
1198 4872 1369 4948 Savil.
1404 4876 1663 4948 scribitur
1682 4876 1920 4948 ᾁπὴντα,

350 4939 491 5016 apud
517 4938 808 5016 Georgium
836 4939 1179 5016 _Syncel|t_un_
1215 4943 1510 5016 ἀπηντᾶτο,
1562 4946 1708 5015 quod
1752 4938 1924 5016 magis

351 5010 548 5088 placet.
569 5007 707 5089 liam
741 5007 1013 5089 ἀπήντετο
1049 5011 1211 5089 nimis
1246 5007 1513 5089 poeticum
1570 5007 1674 5089 est.
1737 5007 1921 5089 Χωρί-

350 5095 450 5156 τας
484 5078 775 5156 indigenas
831 5080 994 5134 vertit
1044 5078 1603 5156 Christopborsouus;
1652 5078 1923 5156 interpres

353 5145 1088 5219 Syneelliﬁncolas;neuter
1121 5145 1302 5206 bene':
1362 5145 1491 5207 sunt
1543 5145 1687 5210 enim
1733 5145 1919 5211 rustici

350 5217 619 5298 homines.
667 5218 759 5272 Sic
804 5219 857 5270 itt
896 5220 1143 5298 conciliis
1186 5221 1421 5298 Graecis,
1460 5225 1510 5278 οί
1560 5224 1922 5298 τῶνλχωρῷν

352 5285 734 5361 πρεσϐύτεροι.
771 5290 1055 5361 presbyteri
1093 5308 1348 5361 pagorum
1371 5285 1643 5349 dicuntur.
1678 5285 1784 5352 PFO
1812 5285 1922 5350 τῶν

351 5356 599 5428 χωριτῶν
631 5356 1050 5428 ιιοειιίίεοιὶἱοειε
1078 5356 1237 5424 Mai,
1278 5362 1415 5417 Med.
1464 5380 1529 5420 ac
1592 5365 1730 5422 Fuk.
1787 5370 1925 5422 scri-

350 5427 500 5502 ptum
531 5428 735 5502 habent
754 5427 1163 5502 τῶνχωρικῶν.
1186 5432 1326 5502 irSicr
1351 5432 1702 5489 Alexandrini
1763 5452 1924 5491 voca-

350 5497 768 5573 baut_r_usticos,
792 5509 848 5553 ut
871 5497 1070 5573 legitur
1097 5504 1149 5554 in
1184 5501 1368 5556 libello
1408 5502 1553 5573 Soph
1567 5507 1702 5561 ronii
1732 5508 1921 5561 adver-

346 5582 435 5617 sus
470 5565 784 5642 ρωποι-μιῇ
824 5565 949 5642 qui
984 5570 1202 5642 oblatus
1232 5581 1340 5642 estj
1374 5565 1586 5642 synodo
1628 5576 1923 5631 Chalcedo-

347 5636 523 5716 nensi,
581 5636 720 5716 μετεὶ
767 5636 1044 5709 φάλαγγος
1093 5636 1684 5716 λῃστρικῆς’χωρικῶν
1730 5664 1789 5702 τε
1831 5648 1924 5703 καὶ

347 5702 431 5758 ἐτέ
438 5719 548 5776 ρων
583 5702 761 5761 τινῶν.

2019 501 2213 565 σαντός
2266 519 2355 571 μοι
2409 501 2738 572 μεταστῆναι
2784 499 2881 555 τοῦ
2929 500 3089 567 θεοῦ,
3135 502 3230 556 καὶ
3281 503 3598 576 παραδόξως

2016 594 2453 665 όδοποιήσαντος,
2496 592 2607 663 ἐγώ
2639 610 2698 646 τε
2737 594 2833 647 καὶ
2862 595 2913 647 oi
2962 595 3151 659 παῖδες
3175 595 3248 667 (2)
3281 596 3376 650 καὶ
3415 596 3597 652 πολλοὶ

2016 686 2126 739 τῶν
2164 683 2408 754 ἀδελφῶν
2455 683 2573 755 ἅμα
2620 683 3037 757 συνεξήλθομεν.
3089 686 3202 740 Καὶ¹
3241 687 3323 739 ὅτι
3363 686 3466 757 τῆς
3503 686 3596 740 τοῦ

2017 776 2152 830 Θεοῦ
2193 774 2450 848 προνοίας
2493 774 2652 848 ἔργον
2688 778 2862 829 ἐκεῖνο
2887 777 3098 847 γέγονε,
3139 776 3209 831 τὰ
3235 776 3362 850 ἑξῆς
3401 776 3601 849 ἐδήλω-

2019 885 2143 922 σεν’
2179 868 2239 921 ἐν
2282 865 2366 932 οἷς
2412 869 2554 939 τάχα
2598 869 2710 922 τισὶ
2741 869 3045 941 γεγόναμεν
3091 871 3372 942 χρήσιμοι.
3399 889 3419 923 ι
3466 862 3601 926 Εἶτά

2016 978 2140 1015 τινα
2176 960 2377 1033 μεταξὺ
2423 960 2613 1027 εἰπὼν,
2659 961 2730 1016 τὰ
2760 961 2898 1033 μετὰ
2929 962 3029 1034 τὴν
3068 963 3245 1034 φυγὴν
3283 961 3433 1034 αὐτῷ
3465 979 3602 1034 συμ-

2019 1052 2291 1123 ϐεϐηκότα
2332 1052 2501 1125 δηλοῖ,
2549 1050 2724 1106 ταῦτα
2773 1053 3079 1127 ἐπιφέρων
3123 1073 3142 1107 ι
3175 1054 3316 1124 Ἐγὼ
3348 1055 3454 1127 μὶν
3492 1056 3601 1129 γὰρ

2020 1144 2149 1216 περὶ
2177 1144 2328 1216 ἡλίου
2357 1143 2568 1216 δυσμὰς
2594 1144 2711 1217 ἃμα
2751 1146 2866 1210 τοῖς
2895 1145 2993 1201 σὺν
3023 1146 3147 1219 ἐμοὶ
3175 1147 3467 1219 γενόμενος
3497 1146 3601 1203 ὑπὸ

2018 1242 2131 1301 τοῖς
2158 1236 2535 1311 στρατιώταις,
2566 1239 2644 1301 είς
2662 1237 2962 1310 Ταπόσιριν
2983 1237 3155 1310 ἦχθην
3174 1253 3192 1269 ⁵
3208 1240 3236 1293 ό
3258 1239 3315 1292 δὲ
3340 1237 3600 1311 Τιμόθεος

2020 1330 2163 1383 κατὰ
2194 1330 2293 1403 τὴν
2323 1328 2417 1383 τοῦ
2448 1327 2585 1381 Θεοῦ
2626 1328 2884 1400 πρόνοιαν
2913 1327 3069 1400 ἔτυχε
3103 1330 3177 1401 μὴ
3226 1328 3437 1403 παρὼν,
3469 1330 3601 1403 μηδὲ

2021 1419 2405 1493 καταληφθείς.
2442 1419 2641 1473 Ἐλθὼν
2668 1418 2724 1474 δὲ
2754 1419 3003 1492 ὕστερον,
3024 1413 3153 1493 εὗρε
3177 1420 3269 1474 τὸν
3296 1418 3442 1476 οἷκον
3477 1423 3601 1495 ἐρη-

2025 1531 2144 1586 μον,
2172 1515 2264 1568 καὶ
2291 1511 2660 1585 φρουροῦντας
2684 1512 2843 1565 αὑτὸν
2870 1511 3169 1583 ὑπηρέτας,
3195 1513 3340 1585 ἡμᾶς
3362 1514 3420 1568 δὲ
3448 1512 3602 1585 ἐξην-

2020 1605 2498 1679 δραποδισμένους.
2527 1625 2546 1657 ι
2581 1604 2691 1658 Καὶ
2739 1604 2856 1675 μεθ’
2883 1604 3050 1678 ἐτερά
3078 1621 3240 1677 φησι·
3284 1625 3302 1657 ι
3328 1607 3438 1660 Καὶ
3463 1605 3548 1670 τίς
3573 1606 3601 1660 ό

2022 1701 2121 1771 τῆς
2165 1698 2475 1770 θαυμασίας
2520 1696 2830 1768 οἰκονομίας
2875 1696 3040 1751 αὐτοῦ
3083 1696 3318 1769 τρόπος;
3368 1697 3450 1752 Τὰ
3495 1698 3601 1771 γὰρ

2023 1791 2198 1863 ἀληθῆ
2239 1790 2582 1863 λεχθήσεται.
2639 1790 2938 1862 Ἀπήντετό
2974 1806 3060 1855 τις
3105 1789 3213 1844 τῶν
3253 1790 3501 1863 χωριτῶν
3527 1792 3599 1863 (5)

2023 1883 2386 1954 ὑποφεύγοντι
2416 1882 2494 1953 τῷ
2532 1881 2781 1954 Τιμοθέῳ
2814 1883 2909 1937 καὶ
2940 1883 3349 1955 τεταραγμένῳ,
3383 1884 3476 1937 καὶ
3505 1884 3602 1954 τὴν

2022 1979 2199 2032 αἰτίαν
2232 1979 2331 2050 τῆς
2368 1977 2630 2042 ἐπείξεως
2669 1975 2916 2029 ἐπύθετο.
2964 1976 3022 2030 '0
3047 1976 3104 2029 δὲ
3135 1976 3367 2048 τάληθὲς
3400 1975 3600 2044 ἐξεῖπε

2022 2071 2275 2134 κάκεῖνος
2317 2069 2554 2133 ἀκούσας
2579 2069 2764 2140 (ἀπῄει
2802 2067 2860 2121 δέ
2909 2068 3321 2140 εύωχησόμενος
3356 2068 3601 2140 γάμους·

2021 2162 2460 2234 διαπαννυχίζειν
2486 2162 2595 2235 γὰρ
2623 2162 2807 2226 αὐτοῖς
2831 2163 2888 2214 ἐν
2916 2164 3037 2226 ταῖς
3062 2161 3341 2226 τοιαύταις
3369 2161 3604 2227 συνόδοις

2024 2251 2203 2323 ἔθος),
2251 2251 2508 2308 εἰσελθὼν
2556 2250 2859 2323 ἀπήγγειλε
2901 2252 3014 2314 τοῖς
3057 2250 3508 2320 κατακειμένοις
3555 2249 3604 2303 οἳ

2021 2348 2164 2418 ὁρμῇ
2202 2347 2299 2418 μιᾷ
2327 2344 2578 2416 καθάπερ
2604 2343 2719 2398 ’ἀπὸ
2743 2340 3085 2413 συνθήματος
3112 2341 3189 2413 (4)
3216 2341 3419 2405 πάντες
3448 2340 3604 2407 ἐξαν-

2024 2434 2279 2507 έστησαν,
2331 2436 2426 2489 καὶ
2450 2433 2638 2507 δρόμῳ
2669 2431 2956 2504 φερόμενοι
2982 2431 3210 2502 τάχιστα
3236 2426 3392 2503 ἧκον,
3424 2432 3607 2484 ἐπεισ-

2025 2523 2280 2584 πεσόντες
2309 2540 2368 2577 τε
2401 2524 2553 2593 ἡμῖν,
2589 2519 2895 2590 ἠλάλαξανο
2927 2519 3021 2575 καὶ
3051 2520 3228 2590 φυγῆς
3267 2518 3471 2583 εὐθέως
3497 2517 3605 2572 τῶν

2026 2613 2409 2685 φρουρούντων
2433 2613 2580 2684 ἡμᾶς
2601 2612 2948 2685 στρατιωτῶν
2965 2611 3284 2682 γενομένης,
3301 2609 3606 2679 ἐπέστησαν

2025 2706 2157 2777 ἡμῖν
2202 2703 2279 2768 ὡς
2325 2704 2542 2776 εἴχομεν
2577 2704 2673 2758 ἐπὶ
2711 2703 2820 2758 τῶν
2854 2702 3146 2776 ἀστρώτων
3192 2701 3505 2773 σκιμπόδιον
3529 2700 3610 2771 (5)

2027 2796 2433 2866 κατακείμενοι.
2488 2794 2660 2864 Κάγὼ
2714 2795 2833 2866 μὲν,
2871 2790 3012 2848 οἶδεν
3047 2796 3075 2848 ὁ
3113 2793 3265 2858 Θεὸς,
3294 2792 3370 2856 ὼς
3406 2790 3608 2865 λῃστὰς

2026 2882 2166 2941 εἶναι
2194 2885 2458 2958 πρότερον
2490 2884 2791 2956 ἡγούμενος
2839 2883 2933 2939 ἐπὶ
2975 2883 3199 2955 σύλησιν
3231 2883 3324 2937 καὶ
3352 2880 3610 2954 ἁρπαγὴν

2025 2978 2409 3049 ἀφικομένους,
2446 2977 2620 3049 μένων
2648 2977 2743 3031 ἐπὶ
2769 2976 2870 3048 τῆς
2901 2976 3081 3046 εὐνῆς,
3112 2968 3181 3047 ἧς
3214 2974 3359 3045 ήμην
3381 2971 3606 3042 γυμνὸς,

2026 3071 2085 3125 ὲν
2118 3070 2196 3141 τῷ
2222 3068 2352 3141 λινῷ
2406 3068 2695 3140 ἐσθήματι,
2736 3068 2835 3139 τὴν
2885 3067 2942 3121 δὲ
2970 3064 3163 3136 λοιπὴν
3192 3064 3396 3135 ἐσθῆτα
3427 3079 3604 3135 παρα-

2027 3162 2286 3233 κειμένην
2314 3161 2498 3224 αύτοῖς
2524 3159 2749 3233 ὤρεγον.
2781 3161 2843 3213 Ol
2886 3158 2945 3212 δὲ
2979 3155 3358 3224 ἐξανίστασθαί
3399 3171 3462 3209 τε
3487 3154 3607 3207 ἐκέ-

2025 3252 2177 3305 λευον
2201 3252 2297 3306 καὶ
2323 3251 2423 3323 τὴν
2454 3252 2715 3322 ταχίστην
2763 3248 2983 3317 ἐξιέναι.
3012 3248 3124 3302 Καὶ
3149 3247 3269 3301 τότε
3311 3244 3491 3308 συνεὶς
3520 3243 3605 3314 ἐφ’

2023 3337 2068 3411 ᾧ
2100 3343 2373 3415 παρῆσαν,
2401 3342 2705 3414 ἀνέκραγον
2731 3341 2983 3412 δεόμενος
3017 3338 3196 3392 αὐτῶν
3224 3339 3329 3421 καὶ.
3350 3333 3606 3392 ἱκετεύων

2026 3435 2242 3488 ἀπιέναι
2287 3434 2382 3488 καὶ
2419 3435 2567 3505 ἡμᾶς
2610 3434 2726 3505 ἐᾷψ
2777 3434 2825 3485 εί
2864 3431 2922 3485 δὲ
2960 3429 3235 3501 βούλονταί
3278 3446 3332 3482 τι
3371 3426 3605 3500 χρηστὸν

2026 3527 2387 3600 ἐργάσασθαι,
2441 3527 2568 3590 τοὺς
2613 3524 2926 3594 ἀπάγοντάς
2974 3541 3043 3595 με
3091 3522 3316 3594 φθάσαι,
3363 3520 3460 3575 καὶ¹
3508 3520 3606 3592 τὴν

2026 3619 2268 3691 κεφαλὴν
2318 3619 2514 3682 αὐτοὺς
2568 3616 2667 3690 τὴν
2715 3617 2854 3687 ἐμὴν
2907 3617 3202 3686 ἀποτεμεῖν
3245 3614 3452 3685 ἠξίουν.
3496 3614 3607 3668 Καὶ

2023 3709 2246 3765 τοιαῦτα
2279 3710 2526 3781 βοῶντος,
2562 3708 2637 3772 ὼς
2667 3707 2843 3761 ἴσασιν
2870 3709 2927 3760 οἱ-
2947 3706 3189 3760 κοινωνοί
3221 3722 3322 3776 μου
3349 3704 3444 3759 καὶ
3481 3703 3606 3774 μέτ-

2025 3820 2138 3874 οχοι
2163 3802 2380 3857 πάντων
2408 3802 2712 3873 γενόμενοι,
2770 3799 3064 3854 ἀνίστασαν
3104 3798 3237 3871 πρὸς
3270 3797 3406 3870 βίαν.
3435 3794 3604 3865 Κάγὼ

2030 3895 2127 3965 μὲν
2161 3893 2385 3967 παρῆκα
2410 3892 2645 3964 ἐμαυτὸν
2678 3889 2867 3945 ὕπτιον
2898 3892 2978 3955 εἰς
3010 3888 3301 3959 τοῦδαφοςο
3331 3889 3382 3945 οι
3406 3886 3464 3942 δὲ
3490 3887 3600 3942 διασ

2028 3985 2283 4048 λαὸόντες
2332 3984 2534 4056 χειρῶν
2585 3986 2687 4038 καὶ·
2738 3982 2915 4036 ποδῶν
2938 4023 2953 4047 ,
3007 3981 3261 4055 σύροντες
3316 3979 3601 4052 ἐξήγαγον.

2041 4075 2469 4148 Ἐπηκολούθουν
2503 4076 2559 4130 δέ
2604 4092 2692 4146 μοι
2731 4077 2788 4129 oi'
2822 4076 3027 4129 τούτων
3070 4074 3288 4127 πάντων
3327 4071 3605 4143 γενόμενοι

2031 4168 2326 4241 μάρτυρες,
2357 4167 2538 4232 Γάϊος,
2565 4166 2828 4232 Φαῦστος,
2872 4166 3108 4240 Πέτρος,
3131 4166 3373 4230 Παῦλος
3419 4167 3469 4220 οἳ
3513 4165 3606 4219 καὶ

2028 4260 2388 4324 ὑπολαϐόντες
2405 4259 2481 4333 (6)
2509 4277 2597 4332 με,
2625 4259 2863 4333 φοράδην
2891 4258 3158 4330 ἐξήγαγον
3186 4258 3280 4312 τοῦ
3309 4257 3603 4329 πολιχνίου,

2099 4456 2185 4532 (τι)-
2209 4458 2353 4514 Ἀπὸ
2374 4459 2781 4529 συνθήματος.
2808 4461 2903 4518 Sic
2934 4463 2988 4516 in
3037 4459 3599 4532 codd.iMed.etMaz.

2025 4530 2303 4596 scribitur,
2343 4538 2527 4595 recte;
2562 4545 2662 4585 nec
2706 4532 2868 4586 aliter
2908 4532 3064 4589 codd.
3114 4531 3256 4587 Fuk.
3312 4541 3368 4588 et
3430 4531 3600 4589 Savil.

2026 4598 2230 4673 Tellus
2243 4598 2448 4673 gulg".
2463 4600 2568 4673 ὑπό
2596 4600 2924 4673 συνθήματι.

2097 4668 2177 4743 (5)
2219 4667 2496 4743 Ἐπὶίτῶν
2517 4667 2844 4743 Δᾀεγτνριὶιέιξιιν
2888 4672 3259 4743 σκιμπόδων.
3293 4672 3602 4743 Scimpodia

2024 4738 2362 4812 vocabantur
2384 4739 2615 4812 humiles
2649 4741 2797 4807 lecti,
2825 4738 3014 4812 quales
3049 4744 3318 4811 hodieque
3365 4743 3415 4797 in
3444 4738 3606 4795 'anlis

2024 4809 2290 4863 habemus
2316 4809 2537 4863 sedendi
2568 4809 3044 4871 duntaxat’causa.
3074 4809 3340 4866 Libatiius
3367 4812 3420 4866 in
3475 4827 3601 4866 ura-

2023 4877 2182 4953 tione
2198 4877 2271 4930 De
2287 4879 2394 4953 uita
2415 4895 2535 4953 sua,
2560 4894 2681 4953 pag.
2712 4881 2782 4935 47
2820 4882 3011 4953 ιρίκοι
3031 4899 3091 4935 τε
3120 4881 3213 4953 ἐπὶ
3247 4881 3601 4953 τῆς-κλίνης,

2023 4947 2117 5023 ἐπὶ
2140 4947 2197 5023 δὲ
2230 4946 2326 5001 τοῦ
2363 4948 2661 5023 σκίμποδος
2710 4952 2770 5005 ἐν
2805 4951 2883 5022 τῷ
2928 4946 3312 5023 διδασκαλείῳ.
3354 4950 3419 5023 Et
3460 4946 3603 5023 The:

2028 5018 2242 5091 ntistitts
2269 5018 2518 5074 oratione
2547 5020 2602 5085 9,
2644 5036 2711 5073 ex
2766 5018 2963 5091 quibus
3014 5031 3237 5090 apparet
3256 5018 3278 5085 ⁷,
3335 5021 3601 5089 ejusmodi

2028 5087 2233 5160 lectos
2274 5103 2540 5158 aegrorum
2591 5104 2755 5144 causa
2785 5087 2931 5146 'fere
2997 5087 3378 5160 cotitparatos'
3407 5090 3597 5146 fuisse.

2039 5156 2356 5229 Ἀστρώτων
2402 5172 2535 5229 vero
2580 5160 2779 5214 nudum
2819 5162 2977 5226 verti,
3017 5156 3237 5217 secutus
3293 5160 3598 5216 Martialem

2024 5228 2117 5297 qui
2149 5227 2565 5305 iiLApophoretis
2596 5228 2668 5283 ita
2701 5231 2766 5285 de
2794 5229 3065 5288 lodicibus
3089 5233 3327 5305 loquitur
3357 5248 3372 5282 :

2169 5296 2331 5370 Nudo
2356 5303 2619 5370 stramina
2642 5314 2705 5353 ne
2733 5311 2847 5354 toro
2875 5306 3132 5370 paterent,

2163 5367 2378 5420 ,θωπείας
2409 5382 2503 5419 nos
2526 5368 2620 5420 tibi
2642 5367 2883 5423 uenimus
2915 5387 3143 5425 sorores.
3466 5403 3472 5411 τ

2097 5435 2173 5507 (6)
2207 5435 2274 5488 Οἲ
2295 5435 2392 5489 καὶ
2440 5437 2868 5505 ὑπολαϐόντες.
2911 5439 3036 5494 "me
3100 5440 3268 5496 verba
3319 5439 3602 5495 referenda

2026 5506 2430 5580 csseexistitno
2495 5510 2560 5580 ad
2600 5509 2789 5580 Gaium
2829 5520 2884 5565 et
2929 5510 3189 5565 Faustum
3243 5519 3301 5565 et
3361 5511 3603 5580 reliquos

2027 5577 2397 5647 presbyteros,
2453 5577 2545 5645 qui
2608 5577 2921 5650 Dionysium
2974 5595 3037 5650 ex
3094 5580 3289 5650 oppido
3351 5577 3600 5649 Taposiri

2027 5652 2403 5715 exportarunt,
2438 5661 2546 5700 non
2590 5649 2767 5703 autem
2792 5650 2858 5703 ad
2897 5649 3134 5704 rusticos
3167 5649 3288 5707 illos
3330 5658 3385 5705 et
3418 5659 3599 5705 temu-

2026 5713 2204 5774 lentos
2226 5713 2510 5786 convivas,
2545 5729 2605 5775 ut
2634 5720 2820 5777 retulit
2847 5717 3402 5786 ChristOpbnrsmtus.
3428 5719 3604 5789 Φορά-
