3928 6252
401 332 507 389 605

1393 336 1747 393 HISTORIIE
1784 338 2342 396 ECCLESIASTICE
2382 338 2511 397 LIB.
2551 338 2640 395 Vl.

3565 334 3670 391 608

402 451 500 505 καὶ
535 450 644 522 δνῳ
691 452 889 524 γυμνῷ
937 452 1352 516 ἐπιϐιϐάσαντες
1398 452 1706 526 ἀπήγαγον.
1737 476 1754 509 ι
1812 457 1992 511 Ταῦτα

2105 459 2290 513 dentes
2316 475 2399 514 me
2429 459 2647 513 trahere
2679 458 2838 527 atque
2864 456 3093 511 educere
3122 462 3425 524 ceperunt.
3459 453 3663 523 Setiae-

402 544 532 613 περὶ
556 544 754 597 ἑαυτοῦ
789 547 818 597 ό
847 544 1118 608 Διονύσιος
1143 544 1496 617 διεξέρχεται.

2095 550 2291 603 bantur
2318 565 2400 603 me
2431 550 2594 604 Caius
2630 559 2683 603 et
2715 548 2969 611 Faustus,
2998 548 3187 600 Petrus
3220 562 3281 600 ac
3324 545 3543 611 Paulus,
3572 544 3665 614 qui

408 640 599 695 horum
648 638 893 693 omnium
927 648 1095 695 testes
1125 639 1297 695 fuere.
1352 639 1450 707 Qui
1499 656 1584 697 me
1633 642 2014 711 suscipientes,
2071 657 2137 698 ex
2195 642 2448 712 oppidulo
2478 652 2944 714 exportarunt,ac
2970 642 3160 697 deinde
3184 640 3667 705 nudoimpositum

404 734 558 787 asino
586 735 950 789 abduxerunt.
984 754 1002 786 ι
1038 734 1105 787 Ει
1149 734 1262 789 bare
1294 735 1511 802 quidem
1551 736 1618 791 de
1660 737 1841 805 seipso
1871 737 2159 807 Dionysius
2192 747 2397 793 narrat.
3135 728 3139 731 ⁷

924 826 1317 879 ΚΕΦΑΛΑΙΟΝ
1354 827 1489 880 MA'.

407 915 547 984 Περὶ
604 916 726 970 τῶν
776 917 868 988 ἐπ’
944 917 1136 988 αὐτῆς
1188 917 1636 988 Ἀλεξανδρείας
1686 936 1987 988 μαρτυρη-

726 986 968 1041 σάντων
996 987 1137 1055 (Nic.
1176 987 1251 1041 H.
1280 989 1345 1041 E.
1374 1005 1428 1044 ν.
1458 989 1670 1058 29-51).

490 1078 546 1130 ’0
575 1077 618 1130 δ’
648 1078 809 1141 αὐτὸς
840 1080 896 1131 ἐν
923 1079 1179 1150 ἐπιστολῇ
1210 1082 1274 1150 τῇ
1305 1079 1441 1151 πρὸς
1469 1080 1667 1134 Φάϐιον
1697 1081 1989 1135 ἐπίσκοπον

422 1170 768 1240 Ἀντιοχέων,
819 1170 927 1224 τῶν
980 1170 1121 1224 κατὰ
1177 1172 1363 1226 Δέκιον
1419 1174 1884 1246 μαρτυρησάντων
1931 1176 1988 1226 ὲν

424 1261 798 1333 Ἀλεξανδρεία
820 1264 943 1325 τοὺς
966 1262 1183 1330 ἀγῶνας
1208 1263 1397 1318 τοῦτον
1432 1267 1635 1337 ἱστορεῖ
1657 1266 1747 1319 τὸν
1773 1266 1988 1339 τρόπον·

417 1354 566 1406 «Οὐκ
619 1353 728 1405 ἀπὸ
772 1354 863 1406 τοῦ
909 1353 1187 1424 βασιλικοῦ
1233 1357 1654 1428 προστάγματος
1690 1361 1717 1410 ὁ
1759 1357 1995 1428 διωγμὸς

368 1514 369 1519 η
412 1444 540 1514 παρ’
588 1446 719 1513 ἡμῖν
774 1445 975 1515 ἤρξατο
1006 1446 1103 1518 (7),
1149 1447 1284 1500 ἀλλὰ
1323 1448 1432 1519 γὰρ
1471 1449 1543 1519 (8)
1589 1449 1708 1502 ὅλον
1754 1450 1995 1503 ἐνιαυτὸν

410 1534 704 1606 προῦλαϐε,
742 1538 834 1589 καὶ
868 1537 1079 1606 φθάσας
1107 1542 1135 1592 ό
1170 1539 1358 1593 κακῶν
1381 1543 1446 1611 τῇ
1481 1541 1632 1594 πόλει
1665 1542 1835 1614 ταύτῃ
1863 1543 1997 1612 μάν-

409 1644 493 1690 τις
520 1630 613 1681 καὶ
650 1629 882 1700 ποιητὴς
929 1628 1029 1702 (9),
1073 1631 1222 1695 ὅστις
1261 1634 1466 1696 ἐκεῖνος
1510 1628 1598 1703 ἦν,
1642 1633 1860 1705 ἐκίνησε
1899 1634 1990 1687 καὶ

409 1721 750 1793 παρώρμησε
778 1722 900 1775 καθ’
927 1722 1086 1793 ἡμῶν
1112 1723 1179 1776 τὰ
1208 1723 1384 1795 πλήθη
1412 1724 1521 1777 τῶν
1550 1724 1741 1787 ἐθνῶν,
1784 1727 1865 1788 είς
1891 1725 1990 1796 τὴν

410 1815 700 1886 ἐπιχώριον
726 1815 924 1879 αὐτοὺς
953 1815 1376 1885 δεισιδαιμονίαν
1418 1816 1806 1889 ἀναρριπίσας.
1841 1819 1901 1870 Οἱ
1934 1816 1991 1869 δὲ

411 1905 781 1976 ἐρεθισθέντες
809 1906 899 1957 ὑπ’
925 1905 1111 1967 αὑτοῦ,
1155 1905 1249 1957 καὶ
1283 1905 1463 1975 πάσης
1494 1905 1738 1971 ἐξουσίας
1763 1905 1992 1968 εἰςνὰνο-

412 1997 688 2067 σιουργίαν
716 1995 1024 2066 λαϐόμενοι,
1051 1994 1219 2065 μόνην
1245 1994 1528 2049 εὐσέϐειαν
1553 1995 1673 2067 [τὴν
1697 1996 1990 2067 θρησκείαν

409 2084 516 2169 τῶν
553 2087 822 2157 δαιμόνων
844 2085 994 2158 (10)]
1026 2085 1232 2155 ταύτην
1265 2086 1552 2148 ὑπέλαϐον,
1587 2087 1646 2140 τὸ
1690 2087 1811 2140 καθ’
1836 2085 1991 2156 ἡμῶν

411 2178 593 2247 φονᾷν.
635 2176 861 2249 Πρῶτον
899 2177 996 2247 μὲν
1035 2172 1127 2228 οὖν
1167 2176 1481 2246 πρεσϐύτην
1514 2179 1735 2247 Μετρᾶν
1767 2177 1991 2247 ὀνόματι

412 2268 873 2339 συναρπάσαντες,
896 2269 990 2322 καὶ
1011 2266 1366 2331 κελεύσαντες
1391 2267 1524 2321 ἄθεα
1545 2268 1724 2335 λέγειν
1750 2270 1988 2339 ῥήματα,

2672 829 2901 885 CAPUT
2941 829 3076 884 XLl.

2208 922 2283 976 De
2310 924 2375 977 iis
2403 923 2491 992 qui
2525 922 2864 977 Alexandria:
2894 922 3215 991 martyrium
3238 921 3527 974 subierunt.

2156 1081 2211 1135 In
2243 1080 2470 1150 epistola
2498 1094 2628 1134 vero
2650 1080 2716 1133 ad
2750 1080 2974 1134 Fabium
2996 1079 3307 1148 episcopum
3334 1078 3655 1139 Antiochiae,

2092 1187 2278 1227 eorum
2313 1174 2403 1241 qui
2436 1173 2737 1240 imperante
2768 1171 2932 1227 Decio
2960 1171 3284 1241 martyrium
3319 1169 3672 1225 Alexandriae

2092 1263 2399 1328 subierunt,
2453 1264 2753 1317 certamina
2800 1263 2964 1317 refert
3012 1264 3116 1317 hoc
3166 1260 3361 1315 modo:
3394 1279 3412 1312 ‹
3458 1260 3674 1330 Nequa—

2093 1371 2252 1425 quam
2284 1371 2349 1409 ex
2385 1355 2729 1422 imperatoris
2763 1355 2943 1410 edicto
2995 1354 3302 1423 persecutio
3339 1360 3516 1421 coepta
3563 1361 3667 1413 est,

2093 1448 2291 1517 quippe
2320 1462 2441 1516 qua:
2488 1447 2698 1515 integro
2729 1461 2872 1501 anno
2918 1453 3309 1499 anteverterat.
3344 1443 3554 1498 Etenim
3586 1444 3672 1496 in-

2095 1542 2304 1596 faustus
2349 1539 2565 1609 quidam
2618 1548 2766 1593 vates
2822 1554 2888 1593 ac
2925 1547 3105 1607 poeta,
3134 1536 3387 1606 quisquis
3422 1535 3513 1590 ille
3546 1534 3670 1598 fuit,

2098 1641 2467 1687 commoverat
2499 1630 2608 1699 jam
2649 1640 2808 1685 antea
2847 1640 3010 1699 atque
3060 1629 3381 1683 incitaverat
3410 1628 3673 1680 adversus

2096 1739 2199 1779 nos
2230 1723 2511 1793 gentilium
2543 1721 2751 1787 turbas,
2787 1721 2852 1775 ad
2888 1721 3130 1774 innatam
3156 1718 3300 1789 genti
3328 1718 3678 1786 superstitio.-

2097 1830 2217 1869 nem
2243 1815 2455 1869 animos
2480 1829 2669 1868 eorum
2696 1813 3010 1867 incendens.
3034 1813 3113 1865 Ab
3137 1813 3238 1865 hoc
3269 1810 3432 1878 igitur
3456 1808 3675 1862 homine

2095 1908 2377 1969 stimulati,
2398 1919 2727 1977 omnemque
2756 1906 2823 1959 ad
2856 1903 3125 1974 patranda
3152 1902 3359 1957 scelera
3394 1901 3668 1955 licentiam

2096 2001 2259 2064 nacti,
2285 1999 2446 2070 237
2477 2000 2617 2053 hanc
2643 1998 2811 2053 solam
2848 1997 3111 2065 pietatem
3136 1994 3451 2061 cultumque
3471 1991 3673 2045 dromo-

2095 2108 2222 2147 num
2278 2106 2498 2147 suorum
2549 2090 2953 2151 existimabant,
3017 2087 3061 2141 si
3113 2086 3355 2141 caedibus
3414 2083 3675 2137 adversus

2095 2194 2315 2238 nostros
2340 2182 2618 2237 saevirent.
2655 2180 2896 2234 Primum
2929 2181 3112 2247 itaque
3141 2192 3329 2232 senem
3360 2175 3674 2245 quemdam,

2095 2276 2319 2330 Metram
2375 2274 2617 2339 nomine,
2664 2282 2973 2340 correptum
3025 2269 3190 2339 impia
3241 2268 3404 2322 verba
3435 2264 3678 2336 proferre

414 2359 485 2429 μὴ
511 2359 852 2429 πειθόμενον,
890 2361 1067 2426 ξύλοις
1103 2378 1164 2413 τε
1191 2360 1444 2423 παίοντες
1472 2360 1533 2411 τὸ
1564 2359 1745 2430 σῶμα,
1777 2361 1871 2413 καὶ
1896 2376 1992 2411 κα-

2105 2368 2303 2433 iubent.
2332 2364 2486 2431 Quod
2521 2379 2642 2419 cum
2692 2363 2781 2417 ille
2815 2362 3100 2425 abnueret,
3138 2359 3371 2413 fustibus
3400 2356 3675 2411 hominem

408 2450 602 2521 λάμοις
625 2452 770 2516 ὀξέσι
798 2454 859 2505 τὸ
887 2452 1179 2524 πρόσωπον
1216 2453 1311 2505 καὶ
1357 2453 1483 2514 τοὺς
1515 2449 1825 2521 ὀφθαλμοὺς
1866 2467 1991 2503 κεν-

407 2545 644 2609 τοῦντες,
680 2545 977 2613 ἀγαγόντες
1017 2547 1097 2608 είς
1142 2544 1205 2597 τὸ
1250 2544 1594 2615 προάστειον,
1648 2542 1993 2595 κατελιθοϐό-

407 2637 595 2708 λησαν.
631 2639 863 2691 Ἔπειτα
890 2637 1085 2709 πιστὴν
1111 2640 1346 2706 γυναῖκα
1386 2638 1617 2689 Κοῖνταν
1654 2635 1993 2707 καλουμένην

407 2728 499 2780 ἐπὶ
541 2728 603 2781 τὸ
645 2728 911 2781 εἰδωλεῖον
954 2728 1352 2796 ἀπαγαγόντες,
1394 2725 1701 2797 ἠνάγκαζον
1750 2744 1993 2798 προσκυ-

407 2822 549 2874 νεῖν
586 2820 1075 2893 ἀποστρεφομένην
1115 2819 1172 2873 δὲ
1226 2821 1321 2874 καὶ
1360 2819 1779 2890 βδελυττομένην
1832 2819 1993 2889 ἐκδή-

409 2928 598 2974 σαντες
623 2910 731 2963 τῶν
770 2910 967 2975 ποδῶν,
1006 2909 1093 2964 διὰ
1126 2909 1307 2979 πάσης
1350 2908 1450 2979 τῆς
1480 2908 1686 2971 πόλεως
1729 2909 1870 2963 κατά
1899 2908 1993 2962 τοῦ

411 3002 636 3074 τραχέος
686 3001 1047 3073 λιθοστρώτου
1103 3002 1380 3074 σύροντες,
1435 3002 1994 3073 προσαρρασσομένην

2097 2461 2465 2524 verberantes,
2491 2465 2546 2511 et
2569 2455 2744 2511 acutis
2769 2452 3132 2509 arundinibus
3163 2450 3373 2503 vultum
3400 2447 3518 2517 ejus
3544 2461 3676 2501 ocu-

2096 2551 2281 2621 losque
2302 2558 2621 2620 pungentes,
2651 2547 2946 2603 deductum
2973 2546 3024 2599 in
3049 2543 3367 2599 suburbium
3394 2538 3667 2608 lapidibus

2096 2645 2417 2697 obruerunt.
2462 2641 2592 2696 Post
2632 2640 2747 2695 bare
2782 2637 2993 2692 fidelem
3029 2633 3321 2705 quamdam
3368 2631 3674 2695 mulierem,

2095 2735 2348 2803 Quintam
2408 2732 2650 2797 nomine,
2712 2731 2779 2785 ad
2809 2730 2956 2800 ,idoli
3011 2727 3268 2798 templum
3331 2724 3675 2794 perductam,

2096 2829 2330 2883 adorare
2354 2825 2486 2881 illud
2516 2832 2834 2895 coegerunt.
2866 2820 3017 2888 Quod
3049 2835 3171 2874 cum
3208 2819 3295 2873 illa
3331 2825 3678 2872 aversaretur

2096 2932 2259 2993 atque
2299 2930 2699 2983 exsecraretur,
2761 2917 3076 2974 constrictis
3134 2914 3363 2984 pedibus
3410 2929 3533 2967 eam
3580 2929 3677 2983 per

2099 3014 2264 3069 mlius
2320 3013 2558 3069 civitatis
2612 3011 2763 3066 vicos
2793 3022 2988 3079 aspero
3037 3007 3192 3063 silice
3236 3014 3540 3083 constratas
3590 3023 3679 3060 ra-

413 3099 520 3158 τοῖς
555 3095 826 3165 μυλιαίοις
855 3094 1024 3158 λίθοις
1054 3095 1172 3165 ἅμα
1210 3094 1308 3148 καὶ
1337 3092 1749 3165 μαστιγοῦντες,
1782 3094 1877 3146 ἐπὶ
1902 3094 1992 3147 τὸν

2105 3104 2329 3177 pientes,
2379 3105 2526 3160 saxis
2587 3102 2783 3158 illisam
2832 3101 3165 3163 molaribus,
3218 3098 3405 3169 ﬂagris
3455 3099 3678 3167 insuper

413 3188 568 3240 αὐτὸν
602 3188 901 3256 ἀγαγόντες
935 3188 1266 3241 κατέλευσαν
1290 3186 1477 3239 τόπον.
1505 3182 1621 3239 Εἶθ’
1652 3186 1990 3257 ὁμοθυμαδὸν

412 3279 647 3342 ἆπαντες
677 3279 941 3350 ὥρμησαν
976 3280 1069 3332 ἐπὶ
1101 3279 1198 3343 τὰς
1220 3279 1327 3332 τῶν
1361 3278 1628 3332 θεοσεϐῶν
1666 3278 1862 3342 οἰκίας,
1899 3281 1991 3333 καὶ

413 3371 502 3436 οὒς
553 3370 847 3444 ἐγνώριζον
892 3372 1113 3425 ἕκαστοι
1164 3372 1530 3440 γειτνιῶντας,
1579 3371 1991 3436 ἐπισπεύδοντες

413 3460 564 3535 ἦγον,
600 3464 805 3517 ἐσύλων
839 3482 898 3517 τε
934 3464 1027 3518 καὶ
1070 3461 1398 3536 διήρπαζον,
1436 3462 1505 3515 τά
1551 3465 1648 3534 μὲν
1693 3463 1992 3535 τιμιώτερα

413 3556 518 3608 τῶν
548 3555 845 3627 κειμηλίων
891 3554 1287 3625 νοσφιζόμενοι,
1322 3555 1390 3608 τά
1423 3555 1479 3607 δὲ
1519 3556 1871 3627 εὐτελέστερα
1900 3556 1992 3609 καὶ⁸

414 3649 511 3701 ὅσα
543 3649 607 3700 ὲκ
641 3647 812 3712 ξύλων
860 3647 1174 3717 ἐπεποίητο,
1219 3646 1667 3718 διαρῤιπτοῦντες
1700 3649 1793 3700 καὶ
1826 3666 1993 3701 κατα-

413 3741 660 3804 καίοντες
693 3743 749 3793 ὲν
776 3743 895 3803 ταῖς
923 3741 1081 3803 ὁδοῖς,
1119 3739 1422 3802 ἑαλωκυίας
1458 3741 1560 3793 ὑπὸ
1594 3740 1869 3812 πολεμίων
1898 3744 1994 3795 πό-

414 3833 546 3896 λεως
582 3836 839 3907 παρεῖχον
870 3833 1018 3889 θέαν.
1058 3830 1359 3895 Ἐξέκλινον
1397 3829 1453 3883 δὲ
1483 3832 1577 3884 καὶ
1612 3832 1994 3906 ὑπανεχώρουν

415 3926 462 3976 οἱ
489 3924 727 3993 ἀδελφοὶ,
749 3924 842 3977 καὶ
865 3922 959 3994 τὴν
991 3923 1244 3993 ἁρπαγὴν
1271 3922 1378 3975 τῶν
1404 3923 1777 3997 ὑπαρχόντων,
1795 3926 1995 3995 ὁμοίως

415 4016 643 4080 ἐκείνοις
690 4010 771 4077 οἷς
810 4014 904 4067 καὶ
949 4015 1161 4079 Παῦλος
1208 4018 1582 4090 ἐμαρτύρησε,
1632 4020 1769 4089 μετὰ
1819 4022 1995 4089 χαρᾶς

417 4106 822 4179 προσεδέξαντο.
868 4108 976 4160 Καὶ
1014 4108 1114 4161 ούκ
1154 4103 1251 4160 οἷδ’
1285 4108 1339 4161 εἴ
1374 4127 1480 4173 τις,
1518 4110 1657 4181 πλὴν
1702 4112 1750 4163 εί
1784 4113 1856 4182 μή
1892 4130 1991 4167 που

415 4219 496 4265 τις
529 4196 610 4265 εἷς
645 4200 920 4272 ἐμπεσὼν,
961 4201 1118 4273 μέχρι
1160 4220 1223 4269 γε
1252 4201 1442 4255 τούτου
1477 4203 1567 4255 τὸν
1598 4203 1798 4276 Κύριον
1827 4208 1995 4278 ἠρνή-

419 4309 564 4346 σατο.
611 4292 771 4344 Ἀλλὰ
804 4293 897 4344 καὶ
924 4291 1022 4362 τὴν
1064 4293 1520 4363 θαυμασιωτάτην
1578 4294 1698 4346 τότε
1730 4297 1995 4366 παρθένον

420 4380 712 4452 πρεσϐύτιν
757 4380 1117 4433 Ἀπολλωνίαν
1148 4380 1511 4442 διαλαϐόντες,
1543 4380 1669 4442 τοὺς
1707 4381 1805 4450 μὲν
1852 4382 1995 4435 ὀδόν-

2100 3200 2468 3261 verberautes,
2499 3196 2565 3251 ad
2603 3195 2923 3251 suburbium
2952 3194 3140 3247 itidem
3173 3192 3469 3257 abducunt,
3495 3191 3678 3260 ibique

2101 3290 2372 3360 lapidibus
2407 3288 2763 3343 interficiunt.
2788 3286 2992 3341 Omnes
3024 3284 3221 3339 deinde
3250 3297 3359 3337 uno
3387 3283 3590 3351 impetu
3622 3283 3673 3334 in

2101 3383 2287 3437 domos
2337 3382 2769 3436 Christianorum
2817 3379 3029 3433 irruere
3081 3382 3493 3443 cmperuntmt
3537 3384 3676 3441 quos

2101 3476 2329 3544 quisque
2361 3474 2463 3527 sibi
2502 3472 2708 3525 vicinos
2734 3476 2985 3530 neverat,
3012 3483 3105 3523 eos
3138 3466 3284 3521 illico
3324 3473 3677 3535 properantes

2099 3568 2351 3635 agebant,
2383 3563 2691 3635 spoliabant
2723 3577 2787 3615 ac
2821 3559 3166 3629 diripiebant,
3209 3572 3272 3611 ea
3302 3556 3515 3625 quidem
3558 3570 3679 3625 quae

2102 3658 2339 3712 maxime
2365 3656 2603 3724 pretiosa
2625 3664 2805 3709 essent
2828 3653 2879 3707 in
2918 3652 3094 3707 sinum
3118 3665 3275 3706 suum
3299 3657 3677 3716 congerentes,

2101 3749 2290 3803 viliora
2322 3754 2499 3801 autem
2535 3754 2589 3800 et
2632 3744 2807 3812 lignea
2836 3756 3064 3811 qumque
3090 3739 3460 3807 disjiciebant,
3490 3752 3557 3793 ac
3584 3752 3681 3806 per

2102 3839 2217 3893 vias
2254 3837 2675 3893 concremabant
2700 3874 2715 3897 ,
2759 3843 2928 3900 capta:
2979 3834 3047 3885 ab
3092 3832 3338 3886 hostibus
3371 3832 3521 3885 urbis
3557 3845 3680 3899 spe-

2102 3930 2239 3983 ciem
2268 3937 2433 3996 atque
2464 3925 2757 3993 imaginem
2790 3924 3137 3977 exhibentes.
3170 3921 3394 3976 Fratres
3428 3936 3554 3975 vero
3589 3922 3681 3973 de-

2103 4019 2380 4074 clinabant
2423 4025 2480 4072 et
2512 4015 2889 4071 subducebant
2930 4028 2989 4067 se
3014 4013 3152 4081 ,fuga
3174 4052 3189 4076 ,
3220 4027 3285 4067 ac
3316 4012 3675 4081 direptionem

2104 4112 2373 4167 bonorum
2403 4125 2625 4165 suorum
2670 4107 2893 4178 perinde
2928 4120 2991 4160 ac
3026 4105 3103 4158 illi
3138 4107 3205 4162 de
3239 4106 3441 4176 quibus
3474 4103 3676 4159 Paulus

2107 4202 2426 4257 testificatus
2452 4209 2558 4265 est,
2581 4214 2703 4253 cum
2741 4198 2935 4267 gaudio
2963 4207 3313 4268 exceperunt.
3347 4196 3460 4252 Nec
3487 4211 3675 4251 eorum

2104 4296 2415 4365 quisquam,
2448 4292 2592 4360 quod
2622 4292 2877 4361 equidem
2898 4292 3091 4354 sciam,
3125 4291 3230 4345 nisi
3276 4289 3505 4344 fortasse
3538 4302 3681 4342 unus

2103 4386 2301 4455 aliquis
2324 4385 2377 4439 in
2409 4383 2620 4439 illorum
2655 4398 2845 4435 manus
2869 4382 3136 4445 incidens,
3172 4382 3433 4435 hactenus
3456 4377 3677 4448 quidem

416 4488 512 4537 τας
562 4473 828 4538 ἅπαντας,
881 4473 1171 4535 κόπτοντες
1220 4470 1317 4537 τὰς
1367 4470 1642 4540 σιαγόνας,
1694 4472 1992 4544 ἐξήλασαν·

2105 4479 2273 4534 Deum
2320 4477 2559 4549 negavit.
2591 4475 2697 4531 Sed
2728 4483 2781 4530 et
2824 4475 3198 4529 admirandam
3233 4472 3378 4526 illam
3410 4480 3681 4540 provecta“:

417 4662 513 4733 δην
547 4675 700 4733 vero,
735 4660 787 4713 id
819 4667 903 4713 est
954 4661 1008 4714 in
1043 4658 1197 4733 sella.
1229 4659 1419 4733 Porro
1468 4659 1619 4733 quid
1659 4659 1859 4733 factum
1917 4662 1987 4715 sit

422 4730 703 4800 Dionysio,
732 4742 1021 4798 postquam
1056 4730 1241 4783 rustici
1304 4730 1401 4794 illi,
1459 4731 1652 4798 fugatis
1703 4731 1985 4796 militibus,

422 4818 542 4855 eum
573 4800 821 4868 Tapusiri
856 4801 1121 4854 excedere
1149 4800 1549 4867 compulerunt,
1605 4802 1719 4867 ipse
1768 4803 1985 4869 quidem

421 4873 508 4925 hic
541 4887 646 4923 non
687 4872 839 4924 dicit.
877 4871 981 4923 Sed
1015 4872 1065 4923 in
1094 4871 1322 4937 epistula
1356 4872 1422 4923 ad
1470 4870 1761 4923 Domitium
1798 4881 1850 4923 et
1903 4872 1989 4925 lli‘

419 4943 663 5013 dymum,
689 4956 810 5013 quae
842 4940 1075 5013 refertur
1102 4942 1152 4993 in
1190 4940 1327 5013 libro
1376 4956 1471 5013 vir,
1508 4956 1629 5008 cap.
1666 4940 1750 5002 ll,
1800 4942 1877 5013 ait
1934 4958 1991 4996 se

419 5010 522 5064 uua
551 5028 671 5065 cum
707 5012 837 5065 Cain
872 5020 927 5064 et
970 5010 1128 5069 Petro
1171 5011 1318 5073 solis,
1355 5010 1657 5076 seiunctum
1693 5026 1721 5063 a
1772 5011 1994 5077 reliquis

422 5082 714 5143 fratribus,
752 5081 805 5134 in
863 5082 1097 5149 quodam
1155 5079 1341 5150 Libyae
1396 5081 1517 5134 loco
1570 5081 1785 5134 deserto
1835 5092 1997 5149 atque

424 5154 575 5204 arido
605 5151 920 5205 conclusum
983 5150 1169 5205 fuisse.
1215 5150 1521 5204 Permansit
1566 5160 1745 5204 autem
1785 5151 1835 5203 in
1893 5155 1997 5207 hoc

425 5222 615 5277 exsilio
656 5222 943 5291 Dionysius
968 5236 1138 5286 usque
1160 5222 1223 5272 ad
1259 5221 1463 5275 obitum
1501 5220 1645 5274 Decii
1678 5221 1809 5290 imp.
1844 5232 1894 5275 et
1929 5240 1995 5277 ex

425 5308 487 5345 co
519 5293 638 5347 loco
692 5292 904 5347 litteras
963 5292 1187 5361 scripsit
1240 5293 1306 5345 ad
1372 5292 1669 5346 Domitium
1716 5306 1781 5345 ac
1838 5294 2000 5365 Didy—

428 5379 592 5416 tuum.

495 5432 569 5503 (7)
600 5434 849 5503 Δίωγμὸς
878 5434 1029 5503 ,παρ’
1066 5432 1209 5502 ἡμῖν
1249 5432 1492 5501 ἤρξατο.
1539 5432 1611 5486 fta
1645 5432 1857 5503 codices
1887 5433 1998 5489 Me-

428 5502 557 5565 dic.,
591 5502 750 5565 Maz.,
792 5502 927 5556 Fuk.
956 5515 1009 5557 et
1058 5504 1223 5558 Savil.
1275 5515 1330 5557 et
1373 5504 1642 5572 Georgius
1693 5502 1997 5572 Synccllus,

428 5575 698 5640 quomodo
728 5575 890 5627 etiam
933 5574 1063 5643 legit
1094 5574 1340 5633 Rufinus,
1372 5585 1431 5624 ut
1476 5588 1540 5626 ex
1574 5574 1821 5626 versione
1858 5576 1999 5629 illius

429 5653 686 5716 apportet}
719 5645 808 5716 sed
833 5654 886 5697 et
924 5644 1161 5716 incodd.
1190 5644 1462 5716 Medicam,
1479 5644 1617 5699 Maz.
1641 5654 1692 5698 et
1712 5643 1843 5697 Fuit.
1866 5646 2000 5716 πρρς

428 5712 697 5766 σξαϐιανόν
725 5714 932 5781 legitur,
958 5712 1054 5769 nec
1084 5715 1241 5767 aliter
1272 5712 1495 5767 Rufinus
1528 5716 1667 5768 hunc
1700 5712 1997 5771 Antiochia:

432 5784 742 5852 episcopum
770 5784 1023 5855 appellat.
1055 5784 1197 5840 Editi
1227 5800 1335 5839 om.
1370 5786 1499 5853 παρ’
1527 5784 1673 5855 ἡμῖν.

2166 4663 2263 4735 (8)7
2294 4659 2473 4735 una
2520 4658 2650 4735 γάρ.
2691 4656 2962 4735 Particula
3010 4656 3118 4728 γάρ
3141 4656 3270 4735 loco
3318 4670 3416 4735 suo
3448 4655 3678 4735 ‘dcm‘ota

2092 4721 2196 4798 est‘,
2224 4721 2478 4787 'inferius
2521 4721 2832 4785 coflocanda
2870 4728 2973 4781 hoc
3024 4721 3190 4783 'm'odo
3229 4726 3357 4778 ικαὶ
3400 4724 3513 4795 γὰρ
3541 4721 3679 4791 φθάο

2098 4822 2215 4868 σας.

2170 4864 2245 4939 (9)
2274 4871 2499 4937 Μάντις
2526 4869 2625 4925 καὶ
2650 4869 2921 4938 ποιητής.
2972 4868 3190 4923 Pactam
3216 4866 3351 4919 verti
3378 4905 3394 4929 ,
3440 4864 3672 4939 primum

2099 4934 2221 5015 quia
2265 4952 2437 5012 poetae
2461 4934 2585 5015 cum
2606 4934 2821 5015 vatibus
2846 4934 2939 4995 seu
2968 4939 3165 5015 divinis
3196 4952 3444 5015 magnam
3475 4934 3674 5015 habent

2099 5004 2437 5070 societatem.
2474 5012 2642 5067 Vates
2671 5012 2817 5064 enim
2853 5012 3072 5065 oracula
3123 5023 3217 5062 sua
3264 5006 3514 5060 versibus
3545 5004 3676 5057 ede-

2104 5090 2256 5141 bant.
2295 5083 2497 5137 Deinde
2531 5083 2656 5151 quia
2707 5081 2944 5152 A‘Igyptii
2979 5080 3185 5152 poetica
3227 5074 3675 5152 imprimis_dele-

2106 5158 2428 5216 ctahantur,
2472 5145 2615 5219 quod
2668 5145 3095 5205 etiaui'notavit
3148 5148 3443 5216 I'Junapius.
3506 5145 3677 5200 Porro

2108 5226 2237 5280 nulli
2272 5225 2442 5293 magis
2472 5220 2664 5277 infensi
2699 5222 3222 5283 erantChristianis,
3260 5234 3419 5293 quam
3441 5225 3593 5293 vates
3624 5223 3678 5268 et

2108 5295 2323 5359 harioli,
2357 5286 2410 5347 ἐι
2447 5293 2709 5361 ejusmodi
2744 5293 3022 5346 hominum
3052 5306 3241 5360 genus.
3273 5288 3363 5357 qui
3390 5286 3455 5339 ad
3487 5299 3675 5355 perse-

2111 5366 2352 5435 quendos
2378 5363 2714 5417 Christianos
2756 5362 3007 5430 populum
3052 5362 3424 5423 concitabant,
3454 5371 3677 5425 compo-

2106 5437 2226 5493 sitis
2254 5436 2306 5487 iu
2338 5450 2454 5485 eam
2494 5448 2604 5485 rem
2636 5436 2891 5488 oraculis.

2179 5507 2291 5574 (10)
2345 5502 2463 5569 Thr
2518 5504 2846 5570 θρησκείαν
2895 5500 3014 5574 τῶν
3065 5500 3383 5569 δαιμόνων.
3439 5496 3673 5551 Delenda

2110 5578 2241 5630 mihi
2276 5576 2528 5626 videntur
2561 5575 2673 5626 haec
2706 5574 2895 5636 verba,
2922 5573 3118 5639 quippe
3142 5584 3261 5640 qum
3301 5583 3519 5621 sensum
3557 5577 3673 5640 tur-

2106 5650 2256 5708 bant,
2283 5654 2334 5697 et
2373 5645 2439 5696 ab
2478 5645 2656 5709 inepto
2682 5636 2969 5697 St‘holiaste
2997 5636 3231 5709 ascripta
3257 5648 3382 5695 sunt
3406 5640 3471 5693 ad
3502 5636 3672 5705 expli-

2103 5719 2368 5772 cationem
2395 5714 2538 5769 vocis
2570 5713 2939 5781 ιπιῐευειιριιιὶε.
