3928 6252
266 310 365 366 609

1232 304 1579 362 HISTORLE
1621 304 2176 364 ECCLESIASTICE
2216 309 2350 365 LIB.
2397 307 2488 366 Vl.

3411 315 3514 370 610

265 443 346 482 ναι
375 423 465 479 ml.
497 422 630 493 πρὸς
661 420 721 473 τὸ
765 419 919 474 θῦναι
940 437 952 449 ·
986 421 1034 474 οἱ
1062 419 1119 474 δέ
1147 439 1292 486 τινες
1324 423 1667 496 ἑτοιμότερον
1715 427 1811 487 τοῖς

1931 425 2140 480 criﬁcia
2167 429 2538 482 accedebant:
2569 423 2808 480 nonnulli
2844 424 3062 495 quidem
3096 423 3276 493 pallidi
3306 441 3370 480 ac
3394 436 3509 482 tre-

265 517 456 588 βωμοῖς
494 512 872 585 προσέτρεχον,
929 513 1330 585 ἰσχυριζόμενοι
1362 515 1470 587 (16)
1508 519 1575 588 τῇ
1623 516 1824 588 θρασύ-

261 625 372 680 τητι
412 607 471 660 τὸ
520 605 653 678 μηδέ
693 605 957 676 πρότερον
1002 605 1318 676 Χριστιανοὶ
1349 608 1650 677 γεγονέναι.
1687 609 1824 680 Περὶ

259 694 327 754 ὧν
355 703 385 772 ἠ
416 698 505 753 τοῦ
546 697 750 768 Κυρίου
779 697 1084 770 πρόρρησις
1111 697 1473 770 ἀληθεστάτη,
1510 701 1590 753 ὅτι
1627 700 1822 754 δυσκό-

259 792 357 857 λως
384 789 729 861 σωθήσονται.
762 788 883 842 Τῶν
909 789 967 843 δὲ
1009 790 1214 843 λοιπῶν
1246 792 1295 844 οἱ
1331 792 1429 862 μὲν
1459 792 1673 845 εἵποντο
1703 792 1824 846 τού-

259 901 360 947 τοις
391 883 687 953 ἑκατέροις,
722 883 772 935 οί
817 881 873 934 δέ
907 882 1156 952 ἔφευγον,
1200 886 1248 937 οἱ
1282 884 1339 937 δὲ
1368 884 1667 956 ἡλίσκοντο.
1711 885 1823 940 Καὶ

257 973 445 1027 τούτων
477 974 522 1024 οἱ
557 972 655 1044 μὲν
689 971 819 1044 ἄχρι
852 972 1067 1043 δεσμῶν
1111 973 1207 1026 καὶ
1241 973 1490 1046 φυλακῆς
1535 976 1821 1048 χωρήσαν-
1846 999 1872 1008 ρ

256 1083 364 1131 τες·
399 1065 486 1118 καί
513 1081 658 1128 τινες
696 1065 791 1118 καὶ
827 1065 1078 1130 πλείονας
1123 1065 1338 1138 ἡμέρας
1383 1067 1818 1140 καθειρχθέντες,

258 1153 364 1212 εἶτα
387 1157 477 1211 καὶ
504 1157 632 1229 πρὶν
662 1157 744 1221 εἰς
771 1156 1120 1230 δικαστήριον
1149 1158 1433 1226 εἰσελθεῖν,
1451 1159 1818 1231 ἐξωμόσαντο,

255 1253 299 1305 οξ
324 1251 378 1304 δὲ
408 1250 498 1304 καὶ
528 1249 783 1321 βασάνοις
805 1251 897 1303 ἐπὶ
923 1250 1090 1304 ποσὸν
1123 1252 1648 1324 ἐγκαρτερήσαντες,
1683 1255 1821 1327 πρὸς

255 1343 310 1396 τὸ
332 1343 450 1414 ἑξῆς
476 1343 728 1398 ἀπεῖπον.
762 1343 826 1396 Οἱ
857 1343 914 1396 δὲ
953 1343 1172 1415 στερῤοὶ
1211 1345 1309 1398 καὶ
1349 1345 1609 1416 μακάριοι
1638 1346 1821 1400 στύλοι

253 1433 336 1488 τοῦ
361 1436 582 1507 Κυρίου,
605 1435 1042 1508 κραταιωθέντες
1075 1437 1169 1490 ὑπ’
1194 1437 1382 1503 αὐτοῦ,
1419 1441 1512 1495 κα)⁸
1543 1442 1642 1513 τῆς
1673 1445 1823 1514 ισχυ-

255 1530 344 1599 ρᾶς
374 1530 426 1581 ἐν
454 1528 666 1592 ἑαυτοῖς
701 1528 936 1600 πίστεως
979 1530 1132 1596 ἀξίαν
1175 1529 1283 1587 καὶ
1303 1534 1562 1605 ἀνάλογον
1593 1535 1821 1607 δύναμιν

252 1623 336 1676 καὶ
365 1622 654 1694 καρτερίαν
687 1622 962 1690 λαϐόντες,
997 1624 1299 1696 θαυμαστοὶ
1343 1629 1630 1698 γεγόνασιν
1654 1625 1818 1685 αὐτοῦ

252 1715 340 1785 τῆς
394 1713 667 1784 βασιλείας
717 1704 1014 1789 μάρτυρες.
1065 1711 1166 1772 Ὧν
1223 1720 1440 1792 πρῶτος
1509 1721 1816 1788 Ἰουλιανὸς,

249 1806 516 1879 ἄνθρωπος
547 1808 842 1880 ποδαγρὸς,
871 1809 946 1880 μὴ
969 1811 1186 1882 στῆναι,
1226 1811 1300 1883 μὴ
1334 1812 1554 1883 βαδίσαι
1584 1815 1820 1887 δυνάμε-

249 1915 347 1966 νος,
380 1902 472 1954 σὺν
503 1902 714 1973 ἐτέροις
746 1901 840 1956 δύο
865 1904 976 1967 τοῖς
1003 1903 1263 1975 φέρουσιν
1296 1905 1479 1972 αὑτὸν,
1513 1910 1816 1982 προσήχθη.

250 1989 339 2049 Ὧν
369 1999 394 2052 6
427 1997 527 2068 μὲν
561 1999 772 2071 ἕτερος,
805 1999 969 2064 εὐθὺς
995 2001 1273 2072 ἠρνήσατο
1296 2018 1309 2032 ·
1336 2003 1365 2056 6
1392 2003 1437 2056 δ’
1471 2003 1657 2075 ἕτερος
1675 2005 1821 2074 Κρο-

249 2089 363 2143 νίων
413 2089 658 2161 ὀνόματι,
695 2091 924 2163 ἐπίκλην
952 2091 1008 2146 δὲ
1032 2092 1256 2160 Εὔνους,
1292 2095 1387 2148 καὶ
1421 2095 1588 2159 αὐτὸς
1621 2097 1649 2148 6
1678 2113 1818 2167 πρε-

251 2180 435 2253 σϐύτης
489 2181 800 2248 Ἰουλιανδς,
851 2182 1286 2256 ὁμολογήσαντες
1336 2186 1427 2240 τὸν
1453 2186 1678 2258 Κύριον,
1729 2186 1819 2241 διὰ

248 2271 410 2341 πάσης
443 2269 542 2340 τῆς
581 2269 793 2333 πόλεως
843 2270 1107 2344 μεγίστης
1136 2271 1325 2345 οὔσης,
1356 2273 1431 2339 ὡς
1466 2275 1600 2340 ίστε,
1632 2278 1818 2348 καμή..

246 2361 345 2425 loc;
375 2361 732 2432 ἐποχούμενοι
762 2361 857 2414 καὶ
886 2361 1151 2434 μετέωροι
1189 2365 1630 2437 μαστιγούμενοι,
1665 2367 1820 2434 τέλος

247 2453 475 2524 ἀσϐέστῳ
514 2455 655 2524 πυρὶ
689 2452 823 2524 (l7),
854 2455 1289 2526 περικεχυμένου
1321 2457 1416 2512 τοῦ
1458 2459 1632 2532 δήμου
1682 2478 1818 2515 παν-

246 2544 343 2610 τὸς,
369 2545 736 2616 κατεκάησαν.
770 2544 1115 2618 Στρατιώτης
1147 2567 1207 2603 τε
1236 2549 1420 2613 αὐτοῖς
1447 2551 1817 2622 ἀπαγομένοις

245 2636 526 2707 παραστὰς,
550 2638 650 2689 καὶ
676 2638 788 2700 τοῖς
813 2636 1193 2710 ἐφυϐρίζουσιν
1220 2641 1586 2707 ἐναντιωθεὶς,
1621 2643 1817 2714 ἐκϐοη-

245 2726 434 2781 σάντων
464 2729 710 2797 ἐκείνων,
741 2733 1073 2804 προσαχθεὶς
1106 2735 1136 2788 6
1169 2733 1550 2804 ἀνδρειότατος
1575 2735 1818 2806 ὁπλομά-

245 2835 325 2887 χος
370 2817 457 2872 τελῶ⁹
507 2819 645 2873 Θεοῦ
699 2822 901 2893 Βησᾶς,
950 2823 1054 2877 κᾶν
1095 2823 1173 2894 τῷ
1205 2824 1425 2895 μεγάλῳ
1470 2823 1694 2894 πολέμῳ
1737 2824 1817 2897 τῷ

242 2907 358 2978 περὶ
388 2909 484 2980 τῆς
510 2908 797 2974 εὐσεϐείας
822 2911 1172 2983 ἀριστεύσας,
1198 2910 1490 2983 ἀπετμήθη
1522 2910 1620 2982 τὴν
1647 2928 1818 2981 κεφα-

241 2996 355 3069 λήν·
390 3000 480 3053 καί
507 3019 590 3066 τις
625 3002 814 3074 ἔτερος
839 3003 898 3057 τὸ
930 3005 1026 3074 μὲν
1052 3005 1206 3073 γένος
1223 3003 1410 3067 Λίϐυς,
1442 3003 1542 3074 τὴν
1568 3001 1624 3054 δὲ
1647 3019 1818 3073 προσ-

241 3089 450 3160 ηγορίαν
484 3090 600 3162 ἅμα
630 3093 726 3145 καὶ
761 3094 860 3165 τὴν
893 3093 1140 3162 εὐλογίαν
1185 3091 1393 3163 ἀληθὴς
1438 3092 1641 3163 Μάκαρ
1673 3090 1808 3164 (l8),
1838 3117 1883 3179 ς

241 3183 536 3254 προτροπῆς
562 3183 716 3255 αὐτῷ
747 3184 945 3256 πολλῆς
991 3185 1098 3240 ὑπὸ
1127 3185 1220 3238 τοῦ
1256 3182 1515 3237 δικαστοῦ
1543 3183 1682 3256 πρὸς
1713 3184 1814 3255 ἀρ-

240 3289 377 3343 νησιν
402 3274 725 3346 γενομένης,
753 3276 850 3347 οὐχ
881 3276 1166 3347 ὑπαχθεὶς,
1198 3276 1306 3342 ζῶν
1342 3276 1809 3346 καταπέφλεκται.

236 3361 532 3435 ⁴Ὲιπίμαχός
575 3382 642 3418 τε
699 3368 814 3437 μετ’
860 3367 1057 3429 αὐτοὺς
1100 3365 1194 3419 καὶ
1249 3364 1617 3437 Ἀλέξανδρος,
1673 3364 1811 3436 μετὰ

239 3451 390 3506 πολὺν
413 3454 522 3524 (19)
566 3454 628 3509 ὃν
665 3455 888 3526 ἔμειναν
920 3455 1196 3527 δεσμῶται
1229 3455 1443 3527 χρόνον,
1475 3455 1674 3528 μυρίας
1699 3454 1809 3508 διε-

238 3545 502 3612 νεγκόντες
551 3547 856 3618 ἀλγηδόνας
877 3587 892 3613 ,
949 3547 1245 3619 ξυστῆρας,
1305 3547 1610 3618 μάστιγας,
1674 3548 1810 3619 πυρὶ

238 3634 467 3708 ἀσϐέστῳ
511 3639 608 3692 καὶ¹
638 3635 784 3694 οὗτοι
833 3639 1177 3711 διεχύθησαν.
1211 3640 1322 3694 Καὶ
1364 3641 1461 3694 σὺν
1495 3641 1682 3706 αὐτοῖς
1711 3658 1811 3712 γυ-

237 3729 406 3792 ναῖκες
454 3730 758 3802 τέσσαρεςο
825 3731 1205 3803 Ἀμμωνάριόν
1254 3750 1315 3786 τε
1353 3732 1484 3802 ἀγία
1517 3719 1810 3806 παρθένος,

238 3820 366 3873 πάνυ
408 3821 730 3890 φιλονείκως
775 3822 944 3894 αὐτὴν
999 3825 1342 3878 ἐπιπλεῖστον
1392 3823 1486 3878 τοῦ
1547 3824 1808 3880 δικαστοῦ

239 3910 635 3980 βασανίσαντος,
676 3914 770 3968 am
818 3917 1355 3988 προαποφηναμένην
1401 3917 1478 3980 ὡς
1532 3916 1696 3988 μηδὲν
1733 3908 1810 3969 ὧν

236 4004 424 4068 ἐκεῖνος
451 4007 689 4070 κελεύοι,
716 4005 1023 4074 φθέγξαιτο,
1061 4007 1409 4077 ἀληθεύσασα
1441 4009 1540 4079 τὴν
1573 4009 1811 4077 ἐπαγγε-

234 4093 363 4162 λίαν,
419 4097 685 4169 ἀπήχθη’
734 4099 790 4152 αἱ
839 4097 895 4151 δὲ
941 4097 1145 4163 λοιπαὶ,
1191 4101 1224 4170 ὴ
1284 4097 1806 4173 σεμίνοπρεπεστάτη

235 4188 514 4259 πρεσϐύτις
542 4190 882 4263 Μερκουρία,
910 4193 1058 4264 καὶὴ
1083 4191 1354 4256 πολύπαις
1385 4192 1505 4263 μὲν,
1537 4193 1634 4264 οὐχ
1667 4193 1808 4266 ὑπὲρ

234 4277 316 4330 τὸν
351 4278 551 4351 Κύριον
582 4281 644 4334 δὲ
687 4284 1022 4354 ἀγαπήσασα
1067 4283 1270 4354 ἑαυτῆς
1308 4282 1380 4336 τά
1411 4282 1576 4336 τέκνα
1618 4287 1806 4338 Διονυ-

235 4367 317 4422 σία
340 4371 470 4444 (20),
495 4375 592 4428 καὶ
637 4375 1016 4448 Ἀμμωνὰριον
1044 4376 1228 4448 ἑτέρα,
1253 4376 1698 4441 καταιδεσθέντος
1724 4377 1806 4440 είς

1928 515 2209 581 mebundi,
2255 515 2410 585 quasi
2449 531 2554 570 non
2600 515 2985 581 sacriﬁcaturi,
3029 515 3124 569 sed
3176 515 3276 583 ipsi
3328 517 3510 584 potius

1928 606 2272 662 victimarum
2302 608 2423 662 loco
2451 607 2610 662 idolis
2639 607 2953 662 immolandi
2987 616 3188 661 essent.
3217 608 3365 662 Adeo
3394 618 3450 662 ut
3480 623 3512 664 a

1927 699 2324 754 circumstante
2353 699 2696 754 multitudine
2737 700 3120 756 deriderentur
3149 719 3162 755 :
3193 701 3390 772 quippe
3420 703 3511 772 qui
3546 704 3548 708 ’

1927 791 2104 859 palam
2137 793 2392 847 omnibus
2413 792 2787 858 ostenderent,
2813 808 2872 848 se
2899 802 3008 848 tum
3037 795 3102 849 ad
3137 797 3506 863 moriendum,

1931 892 2038 937 tum
2063 885 2129 937 ad
2163 883 2581 939 sacriﬁcandum
2624 887 2822 955 pusillo
2850 887 3033 941 animo
3065 902 3206 942 esse.
3239 888 3342 942 Alii
3382 904 3514 945 vero

1927 974 2228 1044 promptius
2251 975 2318 1029 ad
2351 990 2474 1030 aras
2500 977 3159 1042 accurrebant,audacter
3182 977 3516 1039 allii-mantes

1926 1078 2202 1134 nunquam
2239 1080 2299 1119 se
2352 1074 2516 1120 antea
2569 1064 2908 1120 Christianos
2952 1064 3140 1120 fuisse.
3186 1067 3261 1120 De
3315 1066 3514 1135 quibus

1924 1157 2210 1212 verissime
2234 1156 2484 1226 praedixit
2511 1155 2640 1209 olim
2667 1156 2954 1218 Dominus,
2975 1155 3237 1223 ejusmodi
3261 1157 3513 1212 homines

1924 1261 2068 1318 a‘gre
2117 1248 2347 1302 salutem
2385 1258 2798 1304 consecuturos.
2848 1249 3040 1304 Caeteri
3087 1259 3265 1302 autem
3315 1251 3510 1317 partim

1925 1339 2221 1395 alterutros
2254 1353 2444 1394 eorum
2476 1354 2613 1409 quos
2641 1339 2878 1396 diximus
2901 1341 3289 1410 sequebantur,
3312 1341 3508 1412 partim

1925 1446 1985 1488 se
2012 1433 2066 1487 in
2097 1433 2280 1503 fugam
2311 1433 2528 1498 dabant,
2552 1435 2751 1502 partim
2772 1436 3404 1504 comprehendebantur.
3430 1437 3509 1492 Ex

1925 1526 2122 1595 quibus
2157 1525 2398 1580 nonnulli
2421 1540 2544 1580 cum
2569 1542 2744 1597 usque
2774 1530 2840 1582 ad
2869 1528 3082 1582 vincula
3116 1539 3170 1584 et
3198 1530 3506 1585 custodiam

1923 1619 2193 1688 progressi
2254 1625 2464 1684 essent,
2497 1619 2719 1687 quidam
2751 1621 2914 1673 etiam
2967 1621 3244 1689 plusculos
3278 1622 3396 1677 dies
3451 1622 3506 1676 iu

1923 1725 2148 1766 carcere
2192 1711 2605 1780 perstitissent,
2643 1711 2796 1781 prius
2843 1721 3021 1765 tamen
3058 1727 3222 1781 quam
3271 1712 3328 1766 in
3358 1713 3506 1781 judi-

1922 1803 2062 1859 cium
2089 1802 2504 1870 inducerentur,
2541 1803 2700 1858 ﬁdem
2735 1803 3046 1870 eiurarunt.
3096 1803 3348 1858 Nonnulli
3379 1821 3505 1861 vero

1921 1909 2043 1950 cum
2085 1894 2404 1964 aliquandiu
2435 1898 2705 1952 tormenta
2739 1895 2953 1952 fortiter
2987 1897 3398 1961 sustinuissent,
3436 1899 3504 1952 ad

1921 1988 2128 2058 reliqua
2151 2003 2275 2058 quae
2297 1988 2715 2044 intentabantur
2739 1991 3005 2059 supplicia
3028 1991 3241 2044 animos
3271 1992 3506 2058 despon-

1920 2079 2140 2134 derunt.
2169 2079 2370 2136 Verum
2399 2081 2540 2135 beati
2575 2081 2648 2134 illi
2674 2097 2737 2135 ac
2763 2083 2988 2136 stabiles
3015 2082 3282 2137 columnae
3319 2082 3507 2136 Domi—

1920 2172 1996 2238 ni,
2021 2173 2089 2228 ab
2112 2173 2228 2244 ipso
2252 2173 2586 2238 conﬁrmati,
2619 2183 2672 2229 et
2701 2174 2822 2228 fidei
2851 2190 2963 2230 suae
2989 2176 3170 2230 robori
3201 2190 3508 2246 congruen-

1921 2273 2004 2320 tes
2051 2273 2108 2320 et
2137 2279 2203 2320 ex
2239 2279 2397 2335 atquo
2439 2266 2855 2334 respondentem
2893 2265 3002 2319 vim
3052 2277 3216 2336 atque
3253 2278 3505 2321 constan-

1923 2355 2050 2409 tiam
2106 2357 2274 2421 nacti,
2329 2356 2685 2412 admirabiles
2729 2357 2878 2427 regni
2918 2357 3060 2411 illius
3112 2367 3277 2412 testes
3324 2357 3504 2414 effecti

1919 2459 2066 2503 sunt.
2093 2448 2338 2516 Quorum
2369 2448 2642 2516 Julianus,
2668 2451 2754 2504 vir
2781 2450 3039 2521 podagra:
3062 2452 3340 2508 doloribus
3366 2467 3502 2507 con-

1920 2539 2164 2606 strictus,
2213 2541 2306 2610 qui
2351 2556 2452 2596 nec
2483 2553 2630 2598 stare
2681 2551 2894 2612 poterat
2941 2558 3041 2599 nec
3086 2543 3360 2608 incedere,
3395 2558 3502 2597 una

1918 2647 2041 2686 cum
2066 2633 2276 2688 duobus
2298 2633 2420 2688 aliis
2450 2635 2543 2703 qui
2571 2635 2750 2704 ipsum
2775 2635 3088 2706 portabant,
3108 2635 3372 2690 adductus
3394 2646 3498 2691 est.
3599 2643 3602 2646 ’

1917 2723 2119 2779 Horum
2152 2725 2292 2780 alter
2321 2726 2506 2780 statim
2536 2727 2776 2796 negavit.
2807 2727 2960 2781 Alter
2995 2727 3213 2781 nomine
3238 2727 3501 2793 tlrouion,

1916 2818 2008 2887 qui
2032 2818 2214 2872 Eunus
2233 2819 2740 2888 cognominabatur,
2768 2833 2866 2874 nec
2889 2835 2994 2873 non
3018 2830 3072 2874 et
3091 2835 3256 2874 senex
3282 2822 3396 2890 ipse
3413 2818 3506 2875 Ju-

1918 2908 2119 2975 lianus,
2141 2922 2262 2963 cum
2285 2907 2560 2964 Christum
2585 2909 2817 2964 confessi
2844 2920 3047 2977 essent,
3068 2926 3165 2980 per
3187 2912 3498 2966 universam

1917 2999 2084 3072 239
2120 3001 2328 3062 urbem.
2356 3015 2480 3070 quae
2513 2999 2755 3070 quidem,
2787 3009 2848 3053 ut
2873 3001 3065 3066 nostis,
3097 3004 3334 3056 maxima
3387 3013 3497 3069 est,

1917 3092 2141 3147 camelis
2164 3092 2483 3159 insidentes,
2522 3092 2708 3163 flagris
2746 3091 3008 3146 sublimes
3041 3093 3340 3160 verberati,
3375 3102 3499 3148 tan-

1915 3183 2036 3238 dem
2073 3183 2460 3238 ardentissimo
2515 3183 2661 3253 igne,
2705 3183 3039 3238 circumfusa
3095 3186 3261 3239 totius
3313 3186 3496 3254 pepuli

1916 3274 2298 3343 multitudine,
2344 3275 2652 3345 consumpti
2697 3284 2845 3329 sunt.
2890 3275 3043 3330 Miles
3081 3291 3211 3331 vero
3242 3277 3332 3346 qui
3366 3278 3500 3344 ipsis

1913 3364 2040 3419 dum
2066 3368 2132 3421 ad
2193 3366 2514 3437 supplicium
2553 3368 2886 3421 ducerentur
2935 3369 3169 3431 astabat,
3204 3377 3496 3423 etcentu-

1913 3458 2130 3514 meliam
2163 3449 2463 3515 inferentes
2510 3459 2850 3529 propulerat,
2881 3459 3045 3514 Besas
3085 3460 3324 3524 nomine,
3368 3476 3497 3516 cou-

1913 3550 2182 3606 clamante
2212 3551 2478 3606 adversus
2509 3567 2628 3606 eum
2655 3552 2851 3621 populo
2883 3553 2936 3606 in
2971 3552 3059 3620 jus
3089 3553 3354 3609 adductus
3388 3563 3494 3611 est.

1917 3643 2018 3700 Ubi
2071 3644 2404 3700 fortissimus
2433 3646 2526 3700 Dei
2577 3656 2863 3716 pugnator,
2897 3660 3020 3699 cum
3079 3647 3133 3699 in
3169 3661 3366 3717 magno
3403 3647 3500 3702 illo

1912 3751 2014 3806 pro
2039 3736 2240 3806 pietate
2271 3737 2577 3793 certamine
2639 3747 2864 3792 strenue
2911 3751 2972 3790 se
3004 3738 3282 3806 gessisset,
3313 3741 3495 3794 securi

1914 3839 2202 3897 percussus
2247 3835 2350 3882 est.
2400 3826 2556 3881 Alius
2610 3827 2736 3881 item
2802 3825 3068 3880 oriundus
3112 3842 3176 3880 ex
3213 3827 3402 3899 Libya.
3441 3837 3499 3883 et

1912 3915 2178 3970 vocabulo
2202 3925 2257 3970 et
2281 3915 2462 3970 divina
2492 3915 2875 3971 benedictione
2921 3929 3047 3971 vere
3077 3916 3282 3981 Macar,
3320 3933 3440 3971 cum
3463 3934 3494 3972 a

1905 4006 2088 4076 judice
2115 4008 2370 4064 omnibus
2423 4007 2600 4062 modis
2626 4006 2949 4062 sollicitatus
2981 4017 3040 4062 ut
3093 4007 3369 4064 Christum
3400 4025 3498 4067 ne-

1912 4111 2086 4173 garet,
2118 4099 2260 4156 flecti
2290 4113 2565 4168 nunquam
2607 4100 2894 4169 potuisset,
2942 4100 3098 4154 vivus
3130 4101 3493 4158 comburitur.

1913 4193 2040 4248 Post
2068 4194 2166 4247 hos
2190 4192 2517 4262 Ep‘imachus
2543 4202 2596 4247 et
2615 4191 2946 4259 Alexander,
2975 4209 3098 4248 cum
3133 4203 3254 4263 post
3280 4193 3496 4249 diutur-

1912 4300 2042 4338 num
2102 4283 2339 4338 carceris
2397 4283 2682 4338 horrorem
2733 4286 2786 4337 in
2835 4299 2943 4352 quo
2974 4285 3138 4340 vincti
3174 4298 3492 4353 permanse-

1912 4385 2058 4441 rant,
2111 4373 2320 4430 ferreos
2371 4388 2602 4444 ungues,
2634 4373 2799 4443 flagra
2843 4389 2908 4430 ac
2944 4375 3090 4431 mille
3122 4377 3367 4432 dolorum
3397 4392 3494 4447 ge-

235 4460 478 4534 άνήνυτον
510 4467 592 4520 ἔτι
622 4467 932 4538 βασανίζειν
961 4470 1054 4523 καὶ
1088 4469 1194 4522 ὑπὸ
1219 4468 1493 4538 γυναικῶν
1516 4468 1804 4540 ἡττᾶσθαι,

1917 4481 2045 4521 nera
2097 4465 2468 4538 pertulissent,
2503 4465 2640 4520 vim
2678 4465 2844 4521 calcis
2905 4467 3156 4523 incendio
3193 4469 3356 4524 etiam
3392 4470 3494 4536 ipsi

233 4554 317 4607 τοῦ
341 4558 627 4629 ἡγεμόνος,
665 4559 867 4632 σιδήρῳ
894 4559 1140 4625 τεθνᾶσι,
1163 4561 1358 4632 μηκέτι
1397 4559 1644 4630 βασάνων
1680 4563 1800 4614 πεῖ-

296 4757 400 4828 (16)
437 4759 912 4830 Ἰσχυριζόμενηοι.
945 4760 1184 4815 Positum
1215 4769 1298 4816 est
1335 4776 1432 4832 pro
1461 4761 1800 4837 διισχυριζό-

273 4844 395 4882 ενοι.

445 4899 932 4978 Ἇᾳϐἐοζτῳπιιρί.
951 4907 1152 4978 Potest
1181 4905 1346 4978 etiam
1371 4906 1508 4978 verti
1535 4905 1667 4978 pium
1691 4906 1802 4978 cnl-

232 4973 580 5045 cisincemlio,
627 4973 717 5045 Sic
755 4975 895 5045 infra
929 4977 995 5031 de
1045 4977 1344 5045 Epimacho
1387 4985 1440 5029 et
1487 4975 1799 5031 Alexandro

233 5038 375 5118 diuit.
399 5041 530 5118 mp}
553 5041 806 5118 ἀσϐέστςμ
822 5038 1167 5118 διεχύθησαν.
1197 5046 1433 5118 Proqup
1460 5045 1798 5118 Nicephorus

234 5105 629 5182 Ιιιιὺριτιτάνῳ.
665 5113 719 5168 In
754 5105 959 5170 εῖιεηιῦὀ
988 5105 1053 5171 ad
1086 5120 1226 5171 diem
1263 5105 1353 5170 ὅθ’
1375 5105 1651 5179 Octobris,
1704 5117 1795 5171 ubi

232 5180 512 5256 mentiqﬁt
569 5180 758 5256 horum
806 5197 1107 5256 martyrum
1139 5188 1360 5248 Juliaui,
1408 5186 1696 5240 Cronionis
1741 5197 1797 5240 et

233 5244 462 5368 gléacarii,
498 5249 697 5320 legitur
725 5244 990 5311 ἀσϐέστου
1026 5257 1239 5323 ζέοντος
1277 5244 1396 5310 κατ’
1424 5256 1601 5310 αὐτῶν
1632 5259 1796 5328 ἐκχυ-

291 5335 424 5368 ντοε.

291 5335 424 5382 ντος.

278 5387 403 5466 ,(18)
430 5393 544 5468 ’Καὶ
583 5391 696 5463 τὴν
731 5398 1017 5467 εὐλογίαν
1063 5398 1297 5468 ἀληθὴς
1334 5397 1565 5465 Μάκαρ.
1589 5397 1795 5452 Alludit

233 5453 511 5538 Dionysius
541 5469 609 5518 ad
642 5453 807 5523 verba
841 5453 927 5522 illa
953 5453 1601 5536 Christi‘itf’Evangelio,
1637 5468 1792 5522 Beati

231 5539 363 5608 estis,
392 5547 506 5583 cum
539 5540 798 5608 pe‘rsecttti
823 5556 910 5592 vos
940 5538 1136 5608 fuerint
1179 5539 1436 5604 homines,
1466 5548 1599 5604 ete.,
1639 5541 1784 5607 quod

233 5606 532 5676 tamennon
564 5603 1259 5672 viditChristophorsonus.
1293 5608 1392 5676 Qui
1430 5603 1594 5663 etiam
1625 5603 1677 5661 in
1719 5623 1784 5662 eo

235 5667 727 5750 lffllttcinatugest,
754 5678 896 5745 quod
926 5667 1222 5750 Macarium
1250 5667 1392 5750 bime
1426 5677 1781 5750 facit‘.Afrutn

233 5745 322 5801 Ιπο
344 5737 557 5815 Libyco.
586 5737 872 5814 Eleganter
897 5760 1076 5803 autem
1113 5749 1334 5804 Ruﬁnus
1365 5749 1507 5806 hunc
1541 5741 1782 5820 Dionysii

1913 4559 2282 4630 colliquefacﬁ
2335 4560 2637 4628 perierunt.
2667 4558 2928 4614 Eumdem
2964 4575 3085 4615 cum
3126 4561 3258 4631 ipsis
3285 4561 3494 4617 exitum

1912 4769 2091 4824 locum
2119 4769 2188 4823 ita
2219 4769 2387 4823 vertit
2420 4785 2434 4821 :
2463 4767 2615 4822 Alius
2645 4767 2862 4838 quidam
2892 4766 2972 4820 τίν
2991 4767 3220 4821 nominis
3244 4769 3329 4822 sui
3367 4767 3495 4823 Μα-

1909 4841 2108 4900 carius,
2150 4851 2301 4907 gente
2333 4838 2578 4906 Libycus.
2635 4839 2726 4892 Sic
2762 4838 2906 4890 enim
2952 4839 3130 4908 Latini
3176 4838 3492 4908 loquuntur,

1907 4920 1966 5032 Et
1996 4910 2300 5032 Trebjllius
2337 4911 2508 4964 Pollio
2556 4909 2609 4962 in
2653 4908 2906 4974 Aureola,
2943 4917 2998 4962 et
3045 4907 3394 4979 Lampridius
3437 4910 3492 4963 in

1952 4996 2120 5032 ommo
2165 4999 2214 5032 0.

1952 4981 2214 5034 cmmoda.

1980 5050 2092 5119 (l9)
2123 5048 2285 5104 Μετὰ
2323 5049 2544 5103 πολύν.
2574 5047 2745 5119 Sicin
2779 5048 2938 5104 codd.
2981 5047 3238 5104 Medicam
3258 5063 3321 5103 ac
3349 5048 3490 5102 Max.

1903 5119 2040 5175 Fuk.
2073 5118 2127 5173 et
2164 5122 2332 5175 Savil.
2381 5131 2436 5173 et
2482 5121 2622 5189 apud
2653 5118 2944 5188 Georgium
2995 5119 3306 5190 Syncelilum
3358 5119 3496 5188 legi-

1907 5199 2028 5257 tur;
2077 5206 2198 5260 qure
2244 5191 2409 5244 lectio
2478 5192 2650 5255 magis
2697 5190 2870 5259 placet
2913 5189 3074 5258 quam
3117 5189 3314 5254 vulgati
3371 5190 3493 5260 μετ’

1901 5260 1984 5324 οὗ,
2037 5271 2094 5313 et
2145 5261 2321 5314 Ruﬁni
2381 5264 2708 5314 auctoritate
2763 5262 3138 5314 conﬁrmatur.
3194 5261 3249 5313 In
3303 5262 3493 5314 codice

1901 5329 2074 5400 Regio
2098 5331 2294 5402 legitur
2318 5330 2482 5402 etiam
2515 5330 2573 5384 ὃν
2601 5330 2907 5398 ἐνέμειναν,
2934 5339 3042 5385 etc.
3071 5334 3205 5402 Quae
3251 5331 3411 5402 lectio
3443 5331 3490 5384 si

1899 5411 2162 5523 veraeslt,
2217 5401 2443 5456 omnino
2486 5403 2681 5456 abesse
2727 5410 2946 5471 oportet
2985 5401 3293 5471 negativam
3339 5401 3488 5463 illam

1899 5481 2106 5523 narttcu
2134 5486 2242 5523 am.

1934 5481 2242 5524 articulant.

1898 5485 2242 5540 particulam.

1967 5541 2084 5612 (20)
2112 5540 2419 5612 Alorvo'la.
2445 5539 2578 5612 Post
2606 5540 2723 5596 haec
2754 5542 2920 5595 verba
2959 5540 3142 5595 addidi
3173 5555 3248 5612 ex
3284 5539 3489 5612 Ruﬁno

1893 5610 2386 5682 καϊἌμμωνὰριον
2419 5610 2601 5682 ἑτέρα.
2631 5612 2875 5677 Quatuor
2901 5613 3046 5668 enim
3076 5611 3334 5667 mulieres
3363 5611 3488 5666 illas

1894 5681 2254 5753 fuisses’upra
2289 5683 2424 5738 dixit
2455 5681 2765 5753 Dionysius.
