  <div class='ocr_page' id='page_1' title='image "/cluster/home/n/w/nwhite01/storage/ocr_20150623/20/mdp.39015008802764/311.png"; bbox 0 0 3928 6252; ppageno 0'>
   <div class='ocr_carea' id='block_1_1' title="bbox 404 276 499 331">
    <p class='ocr_par' dir='ltr' id='par_1_1' title="bbox 404 276 499 331">
     <span class='ocr_line' id='line_1_1' title="bbox 404 276 499 331; baseline -0.021 0"><span class='ocrx_word' id='word_1_1' title='bbox 404 276 499 331; x_wconf 73' lang='lat' dir='ltr'><strong>Gil</strong></span> 
     </span>
    </p>
   </div>
   <div class='ocr_carea' id='block_1_2' title="bbox 1143 259 2954 327">
    <p class='ocr_par' dir='ltr' id='par_1_2' title="bbox 1143 259 2954 327">
     <span class='ocr_line' id='line_1_2' title="bbox 1143 259 2954 327; baseline -0.002 0"><span class='ocrx_word' id='word_1_2' title='bbox 1143 268 1412 327; x_wconf 83' lang='lat' dir='ltr'><strong>EUSEBll</strong></span> <span class='ocrx_word' id='word_1_3' title='bbox 1452 259 1934 324; x_wconf 71' lang='grc' dir='ltr'>οΑιεΑιιιεΝειε</span> <span class='ocrx_word' id='word_1_4' title='bbox 1973 264 2125 324; x_wconf 85' lang='grc' dir='ltr'><strong>ΟΡΡ.</strong></span> <span class='ocrx_word' id='word_1_5' title='bbox 2167 264 2346 325; x_wconf 80' lang='lat' dir='ltr'><strong>PARS</strong></span> <span class='ocrx_word' id='word_1_6' title='bbox 2383 264 2422 323; x_wconf 86' lang='lat' dir='ltr'><strong>I.</strong></span> <span class='ocrx_word' id='word_1_7' title='bbox 2460 298 2526 311; x_wconf 92' lang='lat'><strong>--</strong></span> <span class='ocrx_word' id='word_1_8' title='bbox 2565 264 2954 323; x_wconf 80' lang='lat' dir='ltr'><strong>HISTURICA.</strong></span> 
     </span>
    </p>
   </div>
   <div class='ocr_carea' id='block_1_3' title="bbox 3563 270 3671 327">
    <p class='ocr_par' dir='ltr' id='par_1_3' title="bbox 3563 270 3671 327">
     <span class='ocr_line' id='line_1_3' title="bbox 3563 270 3671 327; baseline 0.028 -3"><span class='ocrx_word' id='word_1_9' title='bbox 3563 270 3671 327; x_wconf 68' lang='grc' dir='ltr'><strong>(ΗΞ</strong></span> 
     </span>
    </p>
   </div>
   <div class='ocr_carea' id='block_1_4' title="bbox 400 384 1957 463">
    <p class='ocr_par' dir='ltr' id='par_1_4' title="bbox 400 385 1947 463">
     <span class='ocr_line' id='line_1_4' title="bbox 400 385 1947 463; baseline -0.003 -19"><span class='ocrx_word' id='word_1_10' title='bbox 400 388 612 463; x_wconf 79' lang='lat' dir='ltr'><strong>sortitae</strong></span> <span class='ocrx_word' id='word_1_11' title='bbox 634 394 760 442; x_wconf 91' lang='lat' dir='ltr'><strong>sunt</strong></span> <span class='ocrx_word' id='word_1_12' title='bbox 796 395 1026 457; x_wconf 87' lang='lat' dir='ltr'><strong>quatuor</strong></span> <span class='ocrx_word' id='word_1_13' title='bbox 1072 385 1350 440; x_wconf 81' lang='lat' dir='ltr'><strong>mulieres.</strong></span> <span class='ocrx_word' id='word_1_14' title='bbox 1413 385 1822 440; x_wconf 82' lang='lat' dir='ltr'><strong>Ammonarium</strong></span> <span class='ocrx_word' id='word_1_15' title='bbox 1854 385 1947 452; x_wconf 87' lang='lat' dir='ltr'><strong>qui</strong></span> 
     </span>
    </p>
   </div>
   <div class='ocr_carea' id='block_1_5' title="bbox 2065 384 3671 463">
    <p class='ocr_par' dir='ltr' id='par_1_5' title="bbox 2082 384 3671 462">
     <span class='ocr_line' id='line_1_5' title="bbox 2082 384 3671 462; baseline 0.003 -23"><span class='ocrx_word' id='word_1_16' title='bbox 2082 402 2183 456; x_wconf 88' lang='grc' dir='ltr'><strong>ραν</strong></span> <span class='ocrx_word' id='word_1_17' title='bbox 2209 385 2489 440; x_wconf 72' lang='grc' dir='ltr'>λαϐοῦσαι.</span> <span class='ocrx_word' id='word_1_18' title='bbox 2541 384 2654 449; x_wconf 78' lang='grc' dir='ltr'>Τάς</span> <span class='ocrx_word' id='word_1_19' title='bbox 2702 385 2812 457; x_wconf 73' lang='grc' dir='ltr'><strong>γὰρ</strong></span> <span class='ocrx_word' id='word_1_20' title='bbox 2857 385 2998 458; x_wconf 77' lang='grc' dir='ltr'>ὑπὲρ</span> <span class='ocrx_word' id='word_1_21' title='bbox 3044 384 3255 452; x_wconf 79' lang='grc' dir='ltr'>πασῶν,</span> <span class='ocrx_word' id='word_1_22' title='bbox 3312 387 3341 442; x_wconf 85' lang='grc' dir='ltr'><strong>ὀ</strong></span> <span class='ocrx_word' id='word_1_23' title='bbox 3385 385 3671 462; x_wconf 76' lang='grc' dir='ltr'><strong>πρόμαχος</strong></span> 
     </span>
    </p>
   </div>
   <div class='ocr_carea' id='block_1_6' title="bbox 400 477 1980 549">
    <p class='ocr_par' dir='ltr' id='par_1_6' title="bbox 400 477 1980 549">
     <span class='ocr_line' id='line_1_6' title="bbox 400 477 1980 549; baseline -0.003 -15"><span class='ocrx_word' id='word_1_24' title='bbox 400 482 520 535; x_wconf 89' lang='lat' dir='ltr'><strong>dem</strong></span> <span class='ocrx_word' id='word_1_25' title='bbox 569 478 721 549; x_wconf 88' lang='lat' dir='ltr'><strong>virgo</strong></span> <span class='ocrx_word' id='word_1_26' title='bbox 777 478 1147 542; x_wconf 90' lang='lat' dir='ltr'><strong>sanctissima,</strong></span> <span class='ocrx_word' id='word_1_27' title='bbox 1205 492 1328 531; x_wconf 87' lang='lat' dir='ltr'><strong>cum</strong></span> <span class='ocrx_word' id='word_1_28' title='bbox 1375 492 1404 530; x_wconf 92' lang='lat' dir='ltr'><strong>a</strong></span> <span class='ocrx_word' id='word_1_29' title='bbox 1459 477 1643 545; x_wconf 78' lang='lat' dir='ltr'><strong>judice</strong></span> <span class='ocrx_word' id='word_1_30' title='bbox 1672 477 1980 532; x_wconf 91' lang='lat' dir='ltr'><strong>diutissime</strong></span> 
     </span>
    </p>
   </div>
   <div class='ocr_carea' id='block_1_7' title="bbox 402 567 1978 639">
    <p class='ocr_par' dir='ltr' id='par_1_7' title="bbox 402 567 1978 639">
     <span class='ocr_line' id='line_1_7' title="bbox 402 567 1978 639; baseline -0.002 -14"><span class='ocrx_word' id='word_1_31' title='bbox 402 580 544 625; x_wconf 89' lang='lat' dir='ltr'><strong>torta</strong></span> <span class='ocrx_word' id='word_1_32' title='bbox 570 569 785 635; x_wconf 89' lang='lat' dir='ltr'><strong>fuisset,</strong></span> <span class='ocrx_word' id='word_1_33' title='bbox 812 569 1019 639; x_wconf 78' lang='lat' dir='ltr'><strong>ingenti</strong></span> <span class='ocrx_word' id='word_1_34' title='bbox 1054 584 1176 622; x_wconf 91' lang='lat' dir='ltr'><strong>cum</strong></span> <span class='ocrx_word' id='word_1_35' title='bbox 1200 567 1502 639; x_wconf 73' lang='lat' dir='ltr'><strong>pertinacia</strong></span> <span class='ocrx_word' id='word_1_36' title='bbox 1528 577 1816 638; x_wconf 82' lang='lat' dir='ltr'><strong>propterea</strong></span> <span class='ocrx_word' id='word_1_37' title='bbox 1836 567 1978 637; x_wconf 89' lang='lat' dir='ltr'><strong>quod</strong></span> 
     </span>
    </p>
   </div>
   <div class='ocr_carea' id='block_1_8' title="bbox 400 658 1980 734">
    <p class='ocr_par' dir='ltr' id='par_1_8' title="bbox 400 658 1980 734">
     <span class='ocr_line' id='line_1_8' title="bbox 400 658 1980 734; baseline -0.003 -16"><span class='ocrx_word' id='word_1_38' title='bbox 400 664 576 733; x_wconf 81' lang='lat' dir='ltr'><strong>palam</strong></span> <span class='ocrx_word' id='word_1_39' title='bbox 604 662 955 734; x_wconf 65' lang='lat' dir='ltr'><strong>praedixerat,</strong></span> <span class='ocrx_word' id='word_1_40' title='bbox 986 660 1119 716; x_wconf 87' lang='lat' dir='ltr'><strong>nihil</strong></span> <span class='ocrx_word' id='word_1_41' title='bbox 1142 675 1331 715; x_wconf 91' lang='lat' dir='ltr'><strong>eorum</strong></span> <span class='ocrx_word' id='word_1_42' title='bbox 1393 674 1515 731; x_wconf 84' lang='lat' dir='ltr'><strong>quae</strong></span> <span class='ocrx_word' id='word_1_43' title='bbox 1544 660 1713 730; x_wconf 82' lang='lat' dir='ltr'><strong>judex</strong></span> <span class='ocrx_word' id='word_1_44' title='bbox 1736 658 1980 726; x_wconf 87' lang='lat' dir='ltr'><strong>jusserat</strong></span> 
     </span>
    </p>
   </div>
   <div class='ocr_carea' id='block_1_9' title="bbox 400 752 1979 827">
    <p class='ocr_par' dir='ltr' id='par_1_9' title="bbox 400 752 1979 827">
     <span class='ocr_line' id='line_1_9' title="bbox 400 752 1979 827; baseline -0.005 -16"><span class='ocrx_word' id='word_1_45' title='bbox 400 756 734 827; x_wconf 85' lang='lat' dir='ltr'><strong>prolaturam</strong></span> <span class='ocrx_word' id='word_1_46' title='bbox 776 768 836 810; x_wconf 91' lang='lat' dir='ltr'><strong>se</strong></span> <span class='ocrx_word' id='word_1_47' title='bbox 874 768 1017 816; x_wconf 90' lang='lat' dir='ltr'><strong>esse,</strong></span> <span class='ocrx_word' id='word_1_48' title='bbox 1075 752 1521 822; x_wconf 86' lang='lat' dir='ltr'><strong>pollicitationem</strong></span> <span class='ocrx_word' id='word_1_49' title='bbox 1569 767 1720 805; x_wconf 85' lang='lat' dir='ltr'><strong>suam</strong></span> <span class='ocrx_word' id='word_1_50' title='bbox 1747 766 1979 806; x_wconf 79' lang='lat' dir='ltr'><strong>exsecu-</strong></span> 
     </span>
    </p>
   </div>
   <div class='ocr_carea' id='block_1_10' title="bbox 401 842 1976 914">
    <p class='ocr_par' dir='ltr' id='par_1_10' title="bbox 401 842 1976 914">
     <span class='ocr_line' id='line_1_10' title="bbox 401 842 1976 914; baseline -0.004 -11"><span class='ocrx_word' id='word_1_51' title='bbox 401 848 531 903; x_wconf 84' lang='lat' dir='ltr'><strong>tioni</strong></span> <span class='ocrx_word' id='word_1_52' title='bbox 580 846 866 911; x_wconf 90' lang='lat' dir='ltr'><strong>mandans,</strong></span> <span class='ocrx_word' id='word_1_53' title='bbox 931 843 998 899; x_wconf 92' lang='lat' dir='ltr'><strong>ad</strong></span> <span class='ocrx_word' id='word_1_54' title='bbox 1034 844 1364 914; x_wconf 85' lang='lat' dir='ltr'><strong>supplicium</strong></span> <span class='ocrx_word' id='word_1_55' title='bbox 1413 844 1641 898; x_wconf 88' lang='lat' dir='ltr'><strong>abducta</strong></span> <span class='ocrx_word' id='word_1_56' title='bbox 1676 853 1780 899; x_wconf 90' lang='lat' dir='ltr'><strong>est.</strong></span> <span class='ocrx_word' id='word_1_57' title='bbox 1814 842 1976 897; x_wconf 78' lang='lat' dir='ltr'><strong>Resi-</strong></span> 
     </span>
    </p>
   </div>
   <div class='ocr_carea' id='block_1_11' title="bbox 399 937 1997 1007">
    <p class='ocr_par' dir='ltr' id='par_1_11' title="bbox 399 937 1997 1007">
     <span class='ocr_line' id='line_1_11' title="bbox 399 937 1997 1007; baseline -0.004 -12"><span class='ocrx_word' id='word_1_58' title='bbox 399 944 518 999; x_wconf 78' lang='lat' dir='ltr'><strong>duze</strong></span> <span class='ocrx_word' id='word_1_59' title='bbox 549 955 700 1007; x_wconf 88' lang='lat' dir='ltr'><strong>vero,</strong></span> <span class='ocrx_word' id='word_1_60' title='bbox 756 939 1024 996; x_wconf 87' lang='lat' dir='ltr'><strong>Mercuria</strong></span> <span class='ocrx_word' id='word_1_61' title='bbox 1074 939 1281 995; x_wconf 89' lang='lat' dir='ltr'><strong>scilicet</strong></span> <span class='ocrx_word' id='word_1_62' title='bbox 1341 952 1479 992; x_wconf 89' lang='lat' dir='ltr'><strong>anus</strong></span> <span class='ocrx_word' id='word_1_63' title='bbox 1517 937 1785 1007; x_wconf 87' lang='lat' dir='ltr'><strong>imprimis</strong></span> <span class='ocrx_word' id='word_1_64' title='bbox 1808 940 1997 991; x_wconf 76' lang='lat' dir='ltr'><strong>vene-‘</strong></span> 
     </span>
    </p>
   </div>
   <div class='ocr_carea' id='block_1_12' title="bbox 398 1029 1974 1105">
    <p class='ocr_par' dir='ltr' id='par_1_12' title="bbox 398 1029 1974 1105">
     <span class='ocr_line' id='line_1_12' title="bbox 398 1029 1974 1105; baseline -0.005 -13"><span class='ocrx_word' id='word_1_65' title='bbox 398 1036 587 1101; x_wconf 82' lang='lat' dir='ltr'><strong>rando,</strong></span> <span class='ocrx_word' id='word_1_66' title='bbox 631 1043 686 1088; x_wconf 89' lang='lat' dir='ltr'><strong>et</strong></span> <span class='ocrx_word' id='word_1_67' title='bbox 719 1032 997 1105; x_wconf 85' lang='lat' dir='ltr'><strong>Dionysia,</strong></span> <span class='ocrx_word' id='word_1_68' title='bbox 1034 1032 1392 1103; x_wconf 89' lang='lat' dir='ltr'><strong>plurimorum</strong></span> <span class='ocrx_word' id='word_1_69' title='bbox 1426 1031 1644 1100; x_wconf 85' lang='lat' dir='ltr'><strong>quidem</strong></span> <span class='ocrx_word' id='word_1_70' title='bbox 1677 1029 1974 1086; x_wconf 91' lang='lat' dir='ltr'><strong>liberorum</strong></span> 
     </span>
    </p>
   </div>
   <div class='ocr_carea' id='block_1_13' title="bbox 397 1121 1973 1200">
    <p class='ocr_par' dir='ltr' id='par_1_13' title="bbox 397 1121 1973 1200">
     <span class='ocr_line' id='line_1_13' title="bbox 397 1121 1973 1200; baseline -0.004 -19"><span class='ocrx_word' id='word_1_71' title='bbox 397 1137 592 1195; x_wconf 86' lang='lat' dir='ltr'><strong>mater,</strong></span> <span class='ocrx_word' id='word_1_72' title='bbox 624 1126 718 1181; x_wconf 88' lang='lat' dir='ltr'><strong>sed</strong></span> <span class='ocrx_word' id='word_1_73' title='bbox 744 1140 863 1195; x_wconf 65' lang='lat' dir='ltr'><strong>quas</strong></span> <span class='ocrx_word' id='word_1_74' title='bbox 886 1124 1110 1196; x_wconf 79' lang='lat' dir='ltr'><strong>pignora</strong></span> <span class='ocrx_word' id='word_1_75' title='bbox 1138 1138 1237 1200; x_wconf 78' lang='lat' dir='ltr'><strong>sua</strong></span> <span class='ocrx_word' id='word_1_76' title='bbox 1272 1123 1465 1177; x_wconf 89' lang='lat' dir='ltr'><strong>minori</strong></span> <span class='ocrx_word' id='word_1_77' title='bbox 1494 1136 1657 1192; x_wconf 88' lang='lat' dir='ltr'><strong>quam</strong></span> <span class='ocrx_word' id='word_1_78' title='bbox 1682 1121 1973 1176; x_wconf 91' lang='lat' dir='ltr'><strong>Dominum</strong></span> 
     </span>
    </p>
   </div>
   <div class='ocr_carea' id='block_1_14' title="bbox 396 1211 1976 1284">
    <p class='ocr_par' dir='ltr' id='par_1_14' title="bbox 396 1211 1976 1284">
     <span class='ocr_line' id='line_1_14' title="bbox 396 1211 1976 1284; baseline -0.006 -10"><span class='ocrx_word' id='word_1_79' title='bbox 396 1219 665 1275; x_wconf 83' lang='lat' dir='ltr'><strong>charitate</strong></span> <span class='ocrx_word' id='word_1_80' title='bbox 703 1214 986 1284; x_wconf 79' lang='lat' dir='ltr'><strong>complexa</strong></span> <span class='ocrx_word' id='word_1_81' title='bbox 1037 1221 1123 1270; x_wconf 81' lang='lat' dir='ltr'><strong>est</strong></span> <span class='ocrx_word' id='word_1_82' title='bbox 1156 1230 1170 1267; x_wconf 90' lang='lat'><strong>:</strong></span> <span class='ocrx_word' id='word_1_83' title='bbox 1207 1221 1262 1268; x_wconf 89' lang='lat' dir='ltr'><strong>et</strong></span> <span class='ocrx_word' id='word_1_84' title='bbox 1302 1211 1408 1267; x_wconf 89' lang='lat' dir='ltr'><strong>alia</strong></span> <span class='ocrx_word' id='word_1_85' title='bbox 1462 1225 1652 1266; x_wconf 86' lang='lat' dir='ltr'><strong>rursus</strong></span> <span class='ocrx_word' id='word_1_86' title='bbox 1681 1211 1976 1267; x_wconf 84' lang='lat' dir='ltr'><strong>Ammona-</strong></span> 
     </span>
    </p>
   </div>
   <div class='ocr_carea' id='block_1_15' title="bbox 397 1303 1971 1378">
    <p class='ocr_par' dir='ltr' id='par_1_15' title="bbox 397 1303 1971 1378">
     <span class='ocr_line' id='line_1_15' title="bbox 397 1303 1971 1378; baseline -0.005 -14"><span class='ocrx_word' id='word_1_87' title='bbox 397 1314 535 1366; x_wconf 87' lang='lat' dir='ltr'><strong>rium</strong></span> <span class='ocrx_word' id='word_1_88' title='bbox 564 1324 724 1366; x_wconf 91' lang='lat' dir='ltr'><strong>:cum</strong></span> <span class='ocrx_word' id='word_1_89' title='bbox 754 1305 1070 1378; x_wconf 81' lang='lat' dir='ltr'><strong>praefectum</strong></span> <span class='ocrx_word' id='word_1_90' title='bbox 1111 1303 1223 1374; x_wconf 85' lang='lat' dir='ltr'><strong>jam</strong></span> <span class='ocrx_word' id='word_1_91' title='bbox 1251 1304 1477 1375; x_wconf 71' lang='lat' dir='ltr'><strong>polleret</strong></span> <span class='ocrx_word' id='word_1_92' title='bbox 1499 1319 1594 1359; x_wconf 91' lang='lat' dir='ltr'><strong>eas</strong></span> <span class='ocrx_word' id='word_1_93' title='bbox 1630 1303 1860 1358; x_wconf 89' lang='lat' dir='ltr'><strong>ulterius</strong></span> <span class='ocrx_word' id='word_1_94' title='bbox 1884 1303 1971 1357; x_wconf 91' lang='lat' dir='ltr'><strong>in-</strong></span> 
     </span>
    </p>
   </div>
   <div class='ocr_carea' id='block_1_16' title="bbox 393 1394 1972 1469">
    <p class='ocr_par' dir='ltr' id='par_1_16' title="bbox 393 1394 1972 1469">
     <span class='ocr_line' id='line_1_16' title="bbox 393 1394 1972 1469; baseline -0.005 -12"><span class='ocrx_word' id='word_1_95' title='bbox 393 1417 609 1457; x_wconf 87' lang='lat' dir='ltr'><strong>cassum</strong></span> <span class='ocrx_word' id='word_1_96' title='bbox 666 1408 947 1469; x_wconf 87' lang='lat' dir='ltr'><strong>torquere,</strong></span> <span class='ocrx_word' id='word_1_97' title='bbox 999 1407 1056 1453; x_wconf 90' lang='lat' dir='ltr'><strong>et</strong></span> <span class='ocrx_word' id='word_1_98' title='bbox 1111 1411 1139 1449; x_wconf 91' lang='lat' dir='ltr'><strong>a</strong></span> <span class='ocrx_word' id='word_1_99' title='bbox 1196 1394 1413 1450; x_wconf 76' lang='lat' dir='ltr'><strong>feminis</strong></span> <span class='ocrx_word' id='word_1_100' title='bbox 1464 1396 1731 1465; x_wconf 88' lang='lat' dir='ltr'><strong>superari,</strong></span> <span class='ocrx_word' id='word_1_101' title='bbox 1790 1394 1972 1465; x_wconf 81' lang='lat' dir='ltr'><strong>gladio</strong></span> 
     </span>
    </p>
   </div>
   <div class='ocr_carea' id='block_1_17' title="bbox 393 1485 1970 1557">
    <p class='ocr_par' dir='ltr' id='par_1_17' title="bbox 393 1485 1970 1557">
     <span class='ocr_line' id='line_1_17' title="bbox 393 1485 1970 1557; baseline -0.006 -8"><span class='ocrx_word' id='word_1_102' title='bbox 393 1509 548 1549; x_wconf 61' lang='lat' dir='ltr'><strong>caesae</strong></span> <span class='ocrx_word' id='word_1_103' title='bbox 582 1502 727 1557; x_wconf 89' lang='lat' dir='ltr'><strong>sunt,</strong></span> <span class='ocrx_word' id='word_1_104' title='bbox 776 1489 938 1544; x_wconf 82' lang='lat' dir='ltr'><strong>nullis</strong></span> <span class='ocrx_word' id='word_1_105' title='bbox 964 1488 1114 1557; x_wconf 86' lang='lat' dir='ltr'><strong>prius</strong></span> <span class='ocrx_word' id='word_1_106' title='bbox 1165 1486 1450 1541; x_wconf 79' lang='lat' dir='ltr'><strong>tormentis</strong></span> <span class='ocrx_word' id='word_1_107' title='bbox 1479 1486 1732 1542; x_wconf 72' lang='lat' dir='ltr'><strong>subditm.</strong></span> <span class='ocrx_word' id='word_1_108' title='bbox 1757 1485 1970 1540; x_wconf 80' lang='lat' dir='ltr'><strong>Etenim</strong></span> 
     </span>
    </p>
   </div>
   <div class='ocr_carea' id='block_1_18' title="bbox 390 1577 1971 1654">
    <p class='ocr_par' dir='ltr' id='par_1_18' title="bbox 390 1577 1971 1654">
     <span class='ocr_line' id='line_1_18' title="bbox 390 1577 1971 1654; baseline -0.005 -14"><span class='ocrx_word' id='word_1_109' title='bbox 390 1600 578 1640; x_wconf 85' lang='lat' dir='ltr'><strong>earum</strong></span> <span class='ocrx_word' id='word_1_110' title='bbox 610 1582 861 1654; x_wconf 84' lang='lat' dir='ltr'><strong>princeps</strong></span> <span class='ocrx_word' id='word_1_111' title='bbox 885 1589 940 1634; x_wconf 87' lang='lat' dir='ltr'><strong>et</strong></span> <span class='ocrx_word' id='word_1_112' title='bbox 1001 1578 1359 1648; x_wconf 80' lang='lat' dir='ltr'><strong>antesignana</strong></span> <span class='ocrx_word' id='word_1_113' title='bbox 1401 1577 1834 1643; x_wconf 81' lang='lat' dir='ltr'><strong>Ammonarium,</strong></span> <span class='ocrx_word' id='word_1_114' title='bbox 1872 1591 1971 1646; x_wconf 89' lang='lat' dir='ltr'><strong>pro</strong></span> 
     </span>
    </p>
   </div>
   <div class='ocr_carea' id='block_1_19' title="bbox 390 1665 1971 1738">
    <p class='ocr_par' dir='ltr' id='par_1_19' title="bbox 390 1665 1971 1738">
     <span class='ocr_line' id='line_1_19' title="bbox 390 1665 1971 1738; baseline -0.003 -11"><span class='ocrx_word' id='word_1_115' title='bbox 390 1673 644 1727; x_wconf 83' lang='lat' dir='ltr'><strong>omnibus</strong></span> <span class='ocrx_word' id='word_1_116' title='bbox 675 1680 941 1726; x_wconf 88' lang='lat' dir='ltr'><strong>tormenta</strong></span> <span class='ocrx_word' id='word_1_117' title='bbox 981 1667 1301 1738; x_wconf 87' lang='lat' dir='ltr'><strong>pertulerat.</strong></span> <span class='ocrx_word' id='word_1_118' title='bbox 1347 1665 1527 1722; x_wconf 79' lang='lat' dir='ltr'><strong>Heron</strong></span> <span class='ocrx_word' id='word_1_119' title='bbox 1561 1669 1725 1722; x_wconf 84' lang='lat' dir='ltr'><strong>etiam</strong></span> <span class='ocrx_word' id='word_1_120' title='bbox 1755 1677 1810 1723; x_wconf 79' lang='lat' dir='ltr'><strong>et</strong></span> <span class='ocrx_word' id='word_1_121' title='bbox 1841 1671 1971 1723; x_wconf 85' lang='lat' dir='ltr'><strong>Ater</strong></span> 
     </span>
    </p>
   </div>
   <div class='ocr_carea' id='block_1_20' title="bbox 2094 476 3673 551">
    <p class='ocr_par' dir='ltr' id='par_1_20' title="bbox 2094 476 3673 551">
     <span class='ocr_line' id='line_1_20' title="bbox 2094 476 3673 551; baseline 0.004 -23"><span class='ocrx_word' id='word_1_122' title='bbox 2094 477 2147 528; x_wconf 81' lang='grc' dir='ltr'><strong>Ἀ</strong></span> <span class='ocrx_word' id='word_1_123' title='bbox 2159 476 2472 547; x_wconf 85' lang='grc' dir='ltr'>μμωνάριον</span> <span class='ocrx_word' id='word_1_124' title='bbox 2512 476 2822 531; x_wconf 82' lang='grc' dir='ltr'>ἀνεδέδεκτο</span> <span class='ocrx_word' id='word_1_125' title='bbox 2878 477 3166 549; x_wconf 76' lang='grc' dir='ltr'><strong>βασάνους.</strong></span> <span class='ocrx_word' id='word_1_126' title='bbox 3217 478 3408 551; x_wconf 86' lang='grc' dir='ltr'><strong>Ἥρων</strong></span> <span class='ocrx_word' id='word_1_127' title='bbox 3465 479 3523 534; x_wconf 83' lang='grc' dir='ltr'>δὲ</span> <span class='ocrx_word' id='word_1_128' title='bbox 3575 480 3673 536; x_wconf 80' lang='grc' dir='ltr'>καὶ</span> 
     </span>
    </p>
   </div>
   <div class='ocr_carea' id='block_1_21' title="bbox 2093 566 3672 642">
    <p class='ocr_par' dir='ltr' id='par_1_21' title="bbox 2093 566 3672 642">
     <span class='ocr_line' id='line_1_21' title="bbox 2093 566 3672 642; baseline 0.005 -22"><span class='ocrx_word' id='word_1_129' title='bbox 2093 566 2257 641; x_wconf 80' lang='grc' dir='ltr'>Ἀτὴρ</span> <span class='ocrx_word' id='word_1_130' title='bbox 2280 568 2391 639; x_wconf 77' lang='grc'>(21)</span> <span class='ocrx_word' id='word_1_131' title='bbox 2432 570 2526 624; x_wconf 80' lang='grc' dir='ltr'><strong>καὶ</strong></span> <span class='ocrx_word' id='word_1_132' title='bbox 2570 569 2841 642; x_wconf 77' lang='grc' dir='ltr'>Ἰσίδωρος</span> <span class='ocrx_word' id='word_1_133' title='bbox 2873 569 3187 640; x_wconf 73' lang='grc' dir='ltr'>Αἰγύπτιοι,</span> <span class='ocrx_word' id='word_1_134' title='bbox 3223 571 3316 625; x_wconf 75' lang='grc' dir='ltr'>καὶ</span> <span class='ocrx_word' id='word_1_135' title='bbox 3343 573 3442 626; x_wconf 78' lang='grc' dir='ltr'>σὺν</span> <span class='ocrx_word' id='word_1_136' title='bbox 3482 574 3672 639; x_wconf 76' lang='grc' dir='ltr'>αὐτοῖς</span> 
     </span>
    </p>
   </div>
   <div class='ocr_carea' id='block_1_22' title="bbox 2081 659 3674 742">
    <p class='ocr_par' dir='ltr' id='par_1_22' title="bbox 2081 659 3674 742">
     <span class='ocr_line' id='line_1_22' title="bbox 2081 659 3674 742; baseline 0.008 -30"><span class='ocrx_word' id='word_1_137' title='bbox 2081 659 2366 734; x_wconf 78' lang='grc' dir='ltr'>παιδάριον</span> <span class='ocrx_word' id='word_1_138' title='bbox 2408 661 2483 726; x_wconf 85' lang='grc' dir='ltr'>ὡς</span> <span class='ocrx_word' id='word_1_139' title='bbox 2525 662 3052 734; x_wconf 85' lang='grc' dir='ltr'>πεντεκαιδεκαέτης</span> <span class='ocrx_word' id='word_1_140' title='bbox 3085 665 3115 718; x_wconf 81' lang='grc' dir='ltr'><strong>ὁ</strong></span> <span class='ocrx_word' id='word_1_141' title='bbox 3146 665 3461 740; x_wconf 85' lang='grc' dir='ltr'>Διόσκορος,</span> <span class='ocrx_word' id='word_1_142' title='bbox 3499 685 3674 742; x_wconf 74' lang='grc' dir='ltr'>παρε-</span> 
     </span>
    </p>
   </div>
   <div class='ocr_carea' id='block_1_23' title="bbox 2078 750 3669 833">
    <p class='ocr_par' dir='ltr' id='par_1_23' title="bbox 2078 750 3669 833">
     <span class='ocr_line' id='line_1_23' title="bbox 2078 750 3669 833; baseline 0.007 -28"><span class='ocrx_word' id='word_1_143' title='bbox 2078 750 2309 823; x_wconf 83' lang='grc' dir='ltr'>δόθησαν</span> <span class='ocrx_word' id='word_1_144' title='bbox 2327 770 2342 784; x_wconf 66' lang='grc' dir='ltr'>υ</span> <span class='ocrx_word' id='word_1_145' title='bbox 2380 754 2475 807; x_wconf 72' lang='grc' dir='ltr'>καὶ</span> <span class='ocrx_word' id='word_1_146' title='bbox 2501 752 2717 825; x_wconf 82' lang='grc' dir='ltr'>πρῶτον</span> <span class='ocrx_word' id='word_1_147' title='bbox 2745 754 2806 807; x_wconf 80' lang='grc' dir='ltr'>τὸ</span> <span class='ocrx_word' id='word_1_148' title='bbox 2838 755 3123 826; x_wconf 88' lang='grc' dir='ltr'>μειράκιον</span> <span class='ocrx_word' id='word_1_149' title='bbox 3146 756 3327 826; x_wconf 81' lang='grc' dir='ltr'>λόγοις</span> <span class='ocrx_word' id='word_1_150' title='bbox 3362 776 3423 813; x_wconf 85' lang='grc' dir='ltr'><strong>τε</strong></span> <span class='ocrx_word' id='word_1_151' title='bbox 3451 760 3669 833; x_wconf 77' lang='grc' dir='ltr'>ἀπατᾷν</span> 
     </span>
    </p>
   </div>
   <div class='ocr_carea' id='block_1_24' title="bbox 2078 845 3668 924">
    <p class='ocr_par' dir='ltr' id='par_1_24' title="bbox 2078 845 3668 924">
     <span class='ocr_line' id='line_1_24' title="bbox 2078 845 3668 924; baseline 0.007 -26"><span class='ocrx_word' id='word_1_152' title='bbox 2078 846 2154 909; x_wconf 84' lang='grc' dir='ltr'>ὡς</span> <span class='ocrx_word' id='word_1_153' title='bbox 2202 845 2619 917; x_wconf 83' lang='grc' dir='ltr'>εὐπαράγωγον,</span> <span class='ocrx_word' id='word_1_154' title='bbox 2667 847 2760 900; x_wconf 75' lang='grc' dir='ltr'>καὶ</span> <span class='ocrx_word' id='word_1_155' title='bbox 2808 846 3061 916; x_wconf 80' lang='grc' dir='ltr'>βασάνοις</span> <span class='ocrx_word' id='word_1_156' title='bbox 3106 852 3549 921; x_wconf 78' lang='grc' dir='ltr'>καταναγκάζειν</span> <span class='ocrx_word' id='word_1_157' title='bbox 3589 854 3668 924; x_wconf 81' lang='grc' dir='ltr'>ὡς</span> 
     </span>
    </p>
   </div>
   <div class='ocr_carea' id='block_1_25' title="bbox 2078 936 3667 1012">
    <p class='ocr_par' dir='ltr' id='par_1_25' title="bbox 2078 936 3667 1012">
     <span class='ocr_line' id='line_1_25' title="bbox 2078 936 3667 1012; baseline 0.006 -22"><span class='ocrx_word' id='word_1_158' title='bbox 2078 936 2352 991; x_wconf 79' lang='grc' dir='ltr'>εύένδοτον</span> <span class='ocrx_word' id='word_1_159' title='bbox 2379 936 2743 1009; x_wconf 86' lang='grc' dir='ltr'>πειρωμένου,</span> <span class='ocrx_word' id='word_1_160' title='bbox 2771 937 2893 992; x_wconf 74' lang='grc' dir='ltr'>οὔτε</span> <span class='ocrx_word' id='word_1_161' title='bbox 2918 939 3146 1012; x_wconf 79' lang='grc' dir='ltr'>ἐπείσθη</span> <span class='ocrx_word' id='word_1_162' title='bbox 3168 940 3292 994; x_wconf 73' lang='grc' dir='ltr'>οὔτε</span> <span class='ocrx_word' id='word_1_163' title='bbox 3315 938 3456 1008; x_wconf 78' lang='grc' dir='ltr'>εἶξεν</span> <span class='ocrx_word' id='word_1_164' title='bbox 3476 945 3667 999; x_wconf 83' lang='grc' dir='ltr'>ὁΔιόσ-</span> 
     </span>
    </p>
   </div>
   <div class='ocr_carea' id='block_1_26' title="bbox 2077 1029 3669 1110">
    <p class='ocr_par' dir='ltr' id='par_1_26' title="bbox 2077 1029 3669 1110">
     <span class='ocr_line' id='line_1_26' title="bbox 2077 1029 3669 1110; baseline 0.005 -27"><span class='ocrx_word' id='word_1_165' title='bbox 2077 1046 2258 1101; x_wconf 88' lang='grc' dir='ltr'>κορος.</span> <span class='ocrx_word' id='word_1_166' title='bbox 2296 1030 2434 1093; x_wconf 83' lang='grc' dir='ltr'>Τοὺς</span> <span class='ocrx_word' id='word_1_167' title='bbox 2459 1029 2516 1083; x_wconf 78' lang='grc' dir='ltr'>δὲ</span> <span class='ocrx_word' id='word_1_168' title='bbox 2533 1030 2754 1095; x_wconf 80' lang='grc' dir='ltr'>λοιποὺς</span> <span class='ocrx_word' id='word_1_169' title='bbox 2775 1032 3093 1103; x_wconf 80' lang='grc' dir='ltr'>ἀγριώτατα</span> <span class='ocrx_word' id='word_1_170' title='bbox 3112 1033 3447 1106; x_wconf 79' lang='grc' dir='ltr'>καταξήνας,</span> <span class='ocrx_word' id='word_1_171' title='bbox 3463 1038 3669 1110; x_wconf 71' lang='grc' dir='ltr'>ἔγκαρ-</span> 
     </span>
    </p>
   </div>
   <div class='ocr_carea' id='block_1_27' title="bbox 2075 1125 3663 1200">
    <p class='ocr_par' dir='ltr' id='par_1_27' title="bbox 2075 1125 3663 1200">
     <span class='ocr_line' id='line_1_27' title="bbox 2075 1125 3663 1200; baseline 0.006 -24"><span class='ocrx_word' id='word_1_172' title='bbox 2075 1125 2432 1196; x_wconf 78' lang='grc' dir='ltr'>τερήσαντας,</span> <span class='ocrx_word' id='word_1_173' title='bbox 2478 1126 2613 1197; x_wconf 75' lang='grc' dir='ltr'>πυρὶ</span> <span class='ocrx_word' id='word_1_174' title='bbox 2660 1125 2753 1179; x_wconf 70' lang='grc' dir='ltr'>καὶ</span> <span class='ocrx_word' id='word_1_175' title='bbox 2803 1125 3025 1191; x_wconf 77' lang='grc' dir='ltr'>τούτους</span> <span class='ocrx_word' id='word_1_176' title='bbox 3058 1129 3432 1200; x_wconf 78' lang='grc' dir='ltr'>παραδέδωκε,</span> <span class='ocrx_word' id='word_1_177' title='bbox 3476 1130 3569 1185; x_wconf 79' lang='grc' dir='ltr'>τὸν</span> <span class='ocrx_word' id='word_1_178' title='bbox 3604 1132 3663 1187; x_wconf 74' lang='grc' dir='ltr'>δὲ</span> 
     </span>
    </p>
   </div>
   <div class='ocr_carea' id='block_1_28' title="bbox 2074 1217 3666 1294">
    <p class='ocr_par' dir='ltr' id='par_1_28' title="bbox 2074 1217 3666 1294">
     <span class='ocr_line' id='line_1_28' title="bbox 2074 1217 3666 1294; baseline 0.006 -25"><span class='ocrx_word' id='word_1_179' title='bbox 2074 1218 2364 1289; x_wconf 79' lang='grc' dir='ltr'>Διόσκορον</span> <span class='ocrx_word' id='word_1_180' title='bbox 2405 1217 2921 1290; x_wconf 82' lang='grc' dir='ltr'>ὲλλαμπρυνάμενόν</span> <span class='ocrx_word' id='word_1_181' title='bbox 2958 1236 3016 1273; x_wconf 83' lang='grc' dir='ltr'><strong>τε</strong></span> <span class='ocrx_word' id='word_1_182' title='bbox 3055 1220 3312 1294; x_wconf 75' lang='grc' dir='ltr'><strong>δημοσίᾳ,</strong></span> <span class='ocrx_word' id='word_1_183' title='bbox 3346 1223 3443 1276; x_wconf 76' lang='grc' dir='ltr'>καὶ</span> <span class='ocrx_word' id='word_1_184' title='bbox 3486 1223 3666 1294; x_wconf 65' lang='grc' dir='ltr'>σοφώ-</span> 
     </span>
    </p>
   </div>
   <div class='ocr_carea' id='block_1_29' title="bbox 2074 1305 3665 1385">
    <p class='ocr_par' dir='ltr' id='par_1_29' title="bbox 2074 1305 3665 1385">
     <span class='ocr_line' id='line_1_29' title="bbox 2074 1305 3665 1385; baseline 0.004 -25"><span class='ocrx_word' id='word_1_185' title='bbox 2074 1324 2211 1360; x_wconf 88' lang='grc' dir='ltr'>τατα</span> <span class='ocrx_word' id='word_1_186' title='bbox 2240 1307 2377 1378; x_wconf 72' lang='grc' dir='ltr'>πρὸς</span> <span class='ocrx_word' id='word_1_187' title='bbox 2410 1305 2508 1370; x_wconf 80' lang='grc' dir='ltr'><strong>τὰς</strong></span> <span class='ocrx_word' id='word_1_188' title='bbox 2538 1307 2675 1372; x_wconf 79' lang='grc' dir='ltr'>ἰδίας</span> <span class='ocrx_word' id='word_1_189' title='bbox 2718 1307 2940 1373; x_wconf 82' lang='grc' dir='ltr'>πεύσεις</span> <span class='ocrx_word' id='word_1_190' title='bbox 2979 1310 3418 1384; x_wconf 82' lang='grc' dir='ltr'>ἀποκρινάμενον</span> <span class='ocrx_word' id='word_1_191' title='bbox 3450 1312 3665 1385; x_wconf 81' lang='grc' dir='ltr'>θαυμά-</span> 
     </span>
    </p>
   </div>
   <div class='ocr_carea' id='block_1_30' title="bbox 2075 1399 3665 1477">
    <p class='ocr_par' dir='ltr' id='par_1_30' title="bbox 2075 1399 3665 1477">
     <span class='ocr_line' id='line_1_30' title="bbox 2075 1399 3665 1477; baseline 0.005 -26"><span class='ocrx_word' id='word_1_192' title='bbox 2075 1416 2208 1463; x_wconf 89' lang='grc' dir='ltr'>σας,</span> <span class='ocrx_word' id='word_1_193' title='bbox 2240 1399 2511 1471; x_wconf 81' lang='grc' dir='ltr'>παρῆκεν,</span> <span class='ocrx_word' id='word_1_194' title='bbox 2542 1400 2834 1472; x_wconf 83' lang='grc' dir='ltr'>ὑπέρθεσιν</span> <span class='ocrx_word' id='word_1_195' title='bbox 2863 1402 3041 1475; x_wconf 77' lang='grc' dir='ltr'>φήσας</span> <span class='ocrx_word' id='word_1_196' title='bbox 3078 1405 3159 1467; x_wconf 81' lang='grc' dir='ltr'><strong>εἰς</strong></span> <span class='ocrx_word' id='word_1_197' title='bbox 3189 1404 3475 1474; x_wconf 78' lang='grc' dir='ltr'>μετάνοιαν</span> <span class='ocrx_word' id='word_1_198' title='bbox 3513 1405 3665 1477; x_wconf 81' lang='grc' dir='ltr'><strong>αύτῷ</strong></span> 
     </span>
    </p>
   </div>
   <div class='ocr_carea' id='block_1_31' title="bbox 2071 1490 3666 1568">
    <p class='ocr_par' dir='ltr' id='par_1_31' title="bbox 2071 1490 3666 1568">
     <span class='ocr_line' id='line_1_31' title="bbox 2071 1490 3666 1568; baseline 0.005 -24"><span class='ocrx_word' id='word_1_199' title='bbox 2071 1490 2158 1544; x_wconf 77' lang='grc' dir='ltr'><strong>διὰ</strong></span> <span class='ocrx_word' id='word_1_200' title='bbox 2181 1492 2280 1563; x_wconf 82' lang='grc' dir='ltr'>τὴν</span> <span class='ocrx_word' id='word_1_201' title='bbox 2307 1491 2524 1563; x_wconf 85' lang='grc' dir='ltr'>ἡλικίαν</span> <span class='ocrx_word' id='word_1_202' title='bbox 2564 1494 2909 1565; x_wconf 80' lang='grc' dir='ltr'>ὲπιμετρεῖν.</span> <span class='ocrx_word' id='word_1_203' title='bbox 2944 1495 3056 1549; x_wconf 77' lang='grc' dir='ltr'><strong>Καὶ</strong></span> <span class='ocrx_word' id='word_1_204' title='bbox 3077 1493 3172 1548; x_wconf 80' lang='grc' dir='ltr'>νῦν</span> <span class='ocrx_word' id='word_1_205' title='bbox 3202 1497 3231 1549; x_wconf 85' lang='grc' dir='ltr'>ὁ</span> <span class='ocrx_word' id='word_1_206' title='bbox 3256 1495 3666 1568; x_wconf 81' lang='grc' dir='ltr'>θεοπρεπέστα-</span> 
     </span>
    </p>
   </div>
   <div class='ocr_carea' id='block_1_32' title="bbox 2070 1584 3665 1661">
    <p class='ocr_par' dir='ltr' id='par_1_32' title="bbox 2070 1584 3665 1661">
     <span class='ocr_line' id='line_1_32' title="bbox 2070 1584 3665 1661; baseline 0.006 -25"><span class='ocrx_word' id='word_1_207' title='bbox 2070 1600 2163 1646; x_wconf 89' lang='grc' dir='ltr'><strong>τος</strong></span> <span class='ocrx_word' id='word_1_208' title='bbox 2194 1584 2301 1637; x_wconf 78' lang='grc' dir='ltr'>σὺν</span> <span class='ocrx_word' id='word_1_209' title='bbox 2344 1585 2476 1654; x_wconf 82' lang='grc' dir='ltr'>ἡμῖν</span> <span class='ocrx_word' id='word_1_210' title='bbox 2521 1585 2638 1637; x_wconf 80' lang='grc' dir='ltr'>ἐστι</span> <span class='ocrx_word' id='word_1_211' title='bbox 2685 1585 3008 1658; x_wconf 88' lang='grc' dir='ltr'>Διόσκορος,</span> <span class='ocrx_word' id='word_1_212' title='bbox 3048 1587 3128 1650; x_wconf 83' lang='grc' dir='ltr'><strong>εἰς</strong></span> <span class='ocrx_word' id='word_1_213' title='bbox 3181 1588 3522 1661; x_wconf 83' lang='grc' dir='ltr'>μακρότερον</span> <span class='ocrx_word' id='word_1_214' title='bbox 3569 1589 3665 1645; x_wconf 79' lang='grc' dir='ltr'>τὸν</span> 
     </span>
    </p>
   </div>
   <div class='ocr_carea' id='block_1_33' title="bbox 2071 1675 3664 1752">
    <p class='ocr_par' dir='ltr' id='par_1_33' title="bbox 2071 1675 3664 1752">
     <span class='ocr_line' id='line_1_33' title="bbox 2071 1675 3664 1752; baseline 0.004 -23"><span class='ocrx_word' id='word_1_215' title='bbox 2071 1675 2258 1745; x_wconf 85' lang='grc' dir='ltr'>ἀγῶνα</span> <span class='ocrx_word' id='word_1_216' title='bbox 2286 1678 2381 1731; x_wconf 71' lang='grc' dir='ltr'>καὶ</span> <span class='ocrx_word' id='word_1_217' title='bbox 2405 1678 2790 1750; x_wconf 81' lang='grc' dir='ltr'>διαρκέστερΟν</span> <span class='ocrx_word' id='word_1_218' title='bbox 2818 1679 3007 1749; x_wconf 87' lang='grc' dir='ltr'>μείνας</span> <span class='ocrx_word' id='word_1_219' title='bbox 3034 1678 3126 1734; x_wconf 82' lang='grc' dir='ltr'>τὸν</span> <span class='ocrx_word' id='word_1_220' title='bbox 3157 1675 3339 1736; x_wconf 84' lang='grc' dir='ltr'>ἆθλον.</span> <span class='ocrx_word' id='word_1_221' title='bbox 3372 1680 3664 1752; x_wconf 87' lang='grc' dir='ltr'>Νεμεσίων</span> 
     </span>
    </p>
   </div>
   <div class='ocr_carea' id='block_1_34' title="bbox 389 1738 1957 1847">
    <p class='ocr_par' dir='ltr' id='par_1_34' title="bbox 389 1755 1957 1831">
     <span class='ocr_line' id='line_1_34' title="bbox 389 1755 1957 1831; baseline -0.003 -13"><span class='ocrx_word' id='word_1_222' title='bbox 389 1773 444 1818; x_wconf 86' lang='lat' dir='ltr'><strong>et</strong></span> <span class='ocrx_word' id='word_1_223' title='bbox 474 1763 732 1825; x_wconf 91' lang='lat' dir='ltr'><strong>Isidorus,</strong></span> <span class='ocrx_word' id='word_1_224' title='bbox 772 1759 1038 1831; x_wconf 64' lang='lat' dir='ltr'><strong>Egyptii,</strong></span> <span class='ocrx_word' id='word_1_225' title='bbox 1097 1771 1330 1827; x_wconf 87' lang='lat' dir='ltr'><strong>cumque</strong></span> <span class='ocrx_word' id='word_1_226' title='bbox 1365 1757 1469 1812; x_wconf 89' lang='lat' dir='ltr'><strong>illis</strong></span> <span class='ocrx_word' id='word_1_227' title='bbox 1498 1755 1789 1813; x_wconf 90' lang='lat' dir='ltr'><strong>Dioscorus</strong></span> <span class='ocrx_word' id='word_1_228' title='bbox 1813 1772 1957 1827; x_wconf 77' lang='lat' dir='ltr'><strong>puer1</strong></span> 
     </span>
    </p>
   </div>
   <div class='ocr_carea' id='block_1_35' title="bbox 2065 1738 3664 1847">
    <p class='ocr_par' dir='ltr' id='par_1_35' title="bbox 2075 1738 3664 1847">
     <span class='ocr_line' id='line_1_35' title="bbox 2075 1738 3664 1847; baseline 0.004 -20"><span class='ocrx_word' id='word_1_229' title='bbox 2075 1738 2133 1827; x_wconf 79' lang='grc' dir='ltr'><strong>δέ</strong></span> <span class='ocrx_word' id='word_1_230' title='bbox 2166 1791 2252 1837; x_wconf 90' lang='grc' dir='ltr'><strong>τις</strong></span> <span class='ocrx_word' id='word_1_231' title='bbox 2288 1738 2540 1838; x_wconf 76' lang='grc' dir='ltr'>κάκεῖνος</span> <span class='ocrx_word' id='word_1_232' title='bbox 2578 1738 2895 1843; x_wconf 79' lang='grc' dir='ltr'>Αἰγύπτιος,</span> <span class='ocrx_word' id='word_1_233' title='bbox 2946 1738 3360 1847; x_wconf 77' lang='grc' dir='ltr'>ἐσυκοφαντήθη</span> <span class='ocrx_word' id='word_1_234' title='bbox 3412 1738 3537 1847; x_wconf 54' lang='grc' dir='ltr'>μὲν,</span> <span class='ocrx_word' id='word_1_235' title='bbox 3583 1776 3664 1841; x_wconf 84' lang='grc' dir='ltr'><strong>ὡς</strong></span> 
     </span>
    </p>
   </div>
   <div class='ocr_carea' id='block_1_36' title="bbox 389 1849 1988 1923">
    <p class='ocr_par' dir='ltr' id='par_1_36' title="bbox 389 1849 1988 1923">
     <span class='ocr_line' id='line_1_36' title="bbox 389 1849 1988 1923; baseline -0.001 -15"><span class='ocrx_word' id='word_1_236' title='bbox 389 1869 561 1911; x_wconf 83' lang='lat' dir='ltr'><strong>annos</strong></span> <span class='ocrx_word' id='word_1_237' title='bbox 583 1853 800 1909; x_wconf 87' lang='lat' dir='ltr'><strong>circiter</strong></span> <span class='ocrx_word' id='word_1_238' title='bbox 820 1851 1134 1923; x_wconf 86' lang='lat' dir='ltr'><strong>quindecim</strong></span> <span class='ocrx_word' id='word_1_239' title='bbox 1189 1860 1368 1919; x_wconf 89' lang='lat' dir='ltr'><strong>natus,</strong></span> <span class='ocrx_word' id='word_1_240' title='bbox 1410 1850 1576 1918; x_wconf 78' lang='lat' dir='ltr'><strong>iudici</strong></span> <span class='ocrx_word' id='word_1_241' title='bbox 1617 1849 1781 1905; x_wconf 89' lang='lat' dir='ltr'><strong>oblati</strong></span> <span class='ocrx_word' id='word_1_242' title='bbox 1821 1861 1988 1908; x_wconf 53' lang='lat' dir='ltr'><strong>sunt.‘</strong></span> 
     </span>
    </p>
   </div>
   <div class='ocr_carea' id='block_1_37' title="bbox 392 1939 1971 2014">
    <p class='ocr_par' dir='ltr' id='par_1_37' title="bbox 392 1939 1971 2014">
     <span class='ocr_line' id='line_1_37' title="bbox 392 1939 1971 2014; baseline -0.002 -15"><span class='ocrx_word' id='word_1_243' title='bbox 392 1946 599 2001; x_wconf 80' lang='lat' dir='ltr'><strong>Etcum</strong></span> <span class='ocrx_word' id='word_1_244' title='bbox 627 1945 791 2014; x_wconf 82' lang='lat' dir='ltr'><strong>judex</strong></span> <span class='ocrx_word' id='word_1_245' title='bbox 820 1944 1055 2014; x_wconf 78' lang='lat' dir='ltr'><strong>primum</strong></span> <span class='ocrx_word' id='word_1_246' title='bbox 1083 1951 1212 1999; x_wconf 88' lang='lat' dir='ltr'><strong>ante</strong></span> <span class='ocrx_word' id='word_1_247' title='bbox 1259 1943 1392 1998; x_wconf 87' lang='lat' dir='ltr'><strong>alios</strong></span> <span class='ocrx_word' id='word_1_248' title='bbox 1409 1943 1798 1999; x_wconf 83' lang='lat' dir='ltr'><strong>adolescentem</strong></span> <span class='ocrx_word' id='word_1_249' title='bbox 1823 1939 1971 1996; x_wconf 83' lang='lat' dir='ltr'><strong>Dios-</strong></span> 
     </span>
    </p>
   </div>
   <div class='ocr_carea' id='block_1_38' title="bbox 389 2030 1963 2104">
    <p class='ocr_par' dir='ltr' id='par_1_38' title="bbox 389 2030 1963 2104">
     <span class='ocr_line' id='line_1_38' title="bbox 389 2030 1963 2104; baseline -0.003 -13"><span class='ocrx_word' id='word_1_250' title='bbox 389 2050 600 2102; x_wconf 89' lang='lat' dir='ltr'><strong>corum,</strong></span> <span class='ocrx_word' id='word_1_251' title='bbox 640 2031 835 2104; x_wconf 85' lang='lat' dir='ltr'><strong>partim</strong></span> <span class='ocrx_word' id='word_1_252' title='bbox 893 2033 1238 2088; x_wconf 85' lang='lat' dir='ltr'><strong>sermonibus</strong></span> <span class='ocrx_word' id='word_1_253' title='bbox 1268 2040 1327 2087; x_wconf 90' lang='lat' dir='ltr'><strong>ut</strong></span> <span class='ocrx_word' id='word_1_254' title='bbox 1369 2030 1660 2087; x_wconf 80' lang='lat' dir='ltr'><strong>ﬂexibilem</strong></span> <span class='ocrx_word' id='word_1_255' title='bbox 1691 2033 1963 2102; x_wconf 89' lang='lat' dir='ltr'><strong>decipere,</strong></span> 
     </span>
    </p>
   </div>
   <div class='ocr_carea' id='block_1_39' title="bbox 388 2124 1965 2198">
    <p class='ocr_par' dir='ltr' id='par_1_39' title="bbox 388 2124 1965 2198">
     <span class='ocr_line' id='line_1_39' title="bbox 388 2124 1965 2198; baseline 0.001 -18"><span class='ocrx_word' id='word_1_256' title='bbox 388 2129 587 2198; x_wconf 85' lang='lat' dir='ltr'><strong>partim</strong></span> <span class='ocrx_word' id='word_1_257' title='bbox 629 2124 920 2181; x_wconf 84' lang='lat' dir='ltr'><strong>tormentis</strong></span> <span class='ocrx_word' id='word_1_258' title='bbox 983 2132 1043 2179; x_wconf 92' lang='lat' dir='ltr'><strong>ut</strong></span> <span class='ocrx_word' id='word_1_259' title='bbox 1094 2124 1313 2180; x_wconf 87' lang='lat' dir='ltr'><strong>mollem</strong></span> <span class='ocrx_word' id='word_1_260' title='bbox 1367 2139 1431 2180; x_wconf 89' lang='lat' dir='ltr'><strong>ac</strong></span> <span class='ocrx_word' id='word_1_261' title='bbox 1466 2134 1715 2180; x_wconf 90' lang='lat' dir='ltr'><strong>tenerum</strong></span> <span class='ocrx_word' id='word_1_262' title='bbox 1768 2139 1965 2196; x_wconf 78' lang='lat' dir='ltr'><strong>cogere</strong></span> 
     </span>
    </p>
   </div>
   <div class='ocr_carea' id='block_1_40' title="bbox 386 2214 1968 2285">
    <p class='ocr_par' dir='ltr' id='par_1_40' title="bbox 386 2214 1968 2285">
     <span class='ocr_line' id='line_1_40' title="bbox 386 2214 1968 2285; baseline -0.001 -14"><span class='ocrx_word' id='word_1_263' title='bbox 386 2217 730 2280; x_wconf 83' lang='lat' dir='ltr'><strong>tentavisset,</strong></span> <span class='ocrx_word' id='word_1_264' title='bbox 762 2214 851 2270; x_wconf 90' lang='lat' dir='ltr'><strong>ille</strong></span> <span class='ocrx_word' id='word_1_265' title='bbox 903 2230 1001 2270; x_wconf 90' lang='lat' dir='ltr'><strong>nec</strong></span> <span class='ocrx_word' id='word_1_266' title='bbox 1034 2215 1482 2285; x_wconf 88' lang='lat' dir='ltr'><strong>persuasionibus</strong></span> <span class='ocrx_word' id='word_1_267' title='bbox 1513 2216 1678 2271; x_wconf 89' lang='lat' dir='ltr'><strong>cessit</strong></span> <span class='ocrx_word' id='word_1_268' title='bbox 1723 2229 1823 2271; x_wconf 90' lang='lat' dir='ltr'><strong>nec</strong></span> <span class='ocrx_word' id='word_1_269' title='bbox 1857 2227 1968 2270; x_wconf 87' lang='lat' dir='ltr'><strong>tor-</strong></span> 
     </span>
    </p>
   </div>
   <div class='ocr_carea' id='block_1_41' title="bbox 386 2307 1961 2377">
    <p class='ocr_par' dir='ltr' id='par_1_41' title="bbox 386 2307 1961 2377">
     <span class='ocr_line' id='line_1_41' title="bbox 386 2307 1961 2377; baseline -0.001 -14"><span class='ocrx_word' id='word_1_270' title='bbox 386 2308 604 2364; x_wconf 88' lang='lat' dir='ltr'><strong>mentis.</strong></span> <span class='ocrx_word' id='word_1_271' title='bbox 658 2307 871 2377; x_wconf 82' lang='lat' dir='ltr'><strong>Reliqui</strong></span> <span class='ocrx_word' id='word_1_272' title='bbox 902 2307 1283 2363; x_wconf 87' lang='lat' dir='ltr'><strong>crudclissime</strong></span> <span class='ocrx_word' id='word_1_273' title='bbox 1334 2309 1627 2371; x_wconf 81' lang='lat' dir='ltr'><strong>verberati,</strong></span> <span class='ocrx_word' id='word_1_274' title='bbox 1671 2323 1796 2363; x_wconf 87' lang='lat' dir='ltr'><strong>cum</strong></span> <span class='ocrx_word' id='word_1_275' title='bbox 1832 2322 1961 2362; x_wconf 83' lang='lat' dir='ltr'><strong>cru-</strong></span> 
     </span>
    </p>
   </div>
   <div class='ocr_carea' id='block_1_42' title="bbox 382 2397 1965 2469">
    <p class='ocr_par' dir='ltr' id='par_1_42' title="bbox 382 2397 1965 2469">
     <span class='ocr_line' id='line_1_42' title="bbox 382 2397 1965 2469; baseline -0.002 -14"><span class='ocrx_word' id='word_1_276' title='bbox 382 2401 557 2456; x_wconf 86' lang='lat' dir='ltr'><strong>eiatus</strong></span> <span class='ocrx_word' id='word_1_277' title='bbox 595 2399 813 2456; x_wconf 81' lang='lat' dir='ltr'><strong>fortiter</strong></span> <span class='ocrx_word' id='word_1_278' title='bbox 855 2400 1264 2465; x_wconf 84' lang='lat' dir='ltr'><strong>sustinuissent,</strong></span> <span class='ocrx_word' id='word_1_279' title='bbox 1330 2400 1439 2469; x_wconf 75' lang='lat' dir='ltr'><strong>igni</strong></span> <span class='ocrx_word' id='word_1_280' title='bbox 1495 2399 1660 2453; x_wconf 90' lang='lat' dir='ltr'><strong>etiam</strong></span> <span class='ocrx_word' id='word_1_281' title='bbox 1710 2397 1809 2467; x_wconf 89' lang='lat' dir='ltr'><strong>ipsi</strong></span> <span class='ocrx_word' id='word_1_282' title='bbox 1839 2406 1965 2452; x_wconf 90' lang='lat' dir='ltr'><strong>sunt</strong></span> 
     </span>
    </p>
   </div>
   <div class='ocr_carea' id='block_1_43' title="bbox 383 2490 1960 2561">
    <p class='ocr_par' dir='ltr' id='par_1_43' title="bbox 383 2490 1960 2561">
     <span class='ocr_line' id='line_1_43' title="bbox 383 2490 1960 2561; baseline -0.003 -13"><span class='ocrx_word' id='word_1_283' title='bbox 383 2493 593 2549; x_wconf 85' lang='lat' dir='ltr'><strong>traditi.</strong></span> <span class='ocrx_word' id='word_1_284' title='bbox 658 2493 975 2549; x_wconf 88' lang='lat' dir='ltr'><strong>Dioscorum</strong></span> <span class='ocrx_word' id='word_1_285' title='bbox 1024 2505 1153 2546; x_wconf 87' lang='lat' dir='ltr'><strong>vero</strong></span> <span class='ocrx_word' id='word_1_286' title='bbox 1186 2492 1277 2561; x_wconf 90' lang='lat' dir='ltr'><strong>qui</strong></span> <span class='ocrx_word' id='word_1_287' title='bbox 1307 2490 1361 2544; x_wconf 93' lang='lat' dir='ltr'><strong>in</strong></span> <span class='ocrx_word' id='word_1_288' title='bbox 1399 2491 1639 2546; x_wconf 90' lang='lat' dir='ltr'><strong>omnium</strong></span> <span class='ocrx_word' id='word_1_289' title='bbox 1666 2499 1960 2561; x_wconf 88' lang='lat' dir='ltr'><strong>conspectu</strong></span> 
     </span>
    </p>
   </div>
   <div class='ocr_carea' id='block_1_44' title="bbox 381 2580 1962 2654">
    <p class='ocr_par' dir='ltr' id='par_1_44' title="bbox 381 2580 1962 2654">
     <span class='ocr_line' id='line_1_44' title="bbox 381 2580 1962 2654; baseline -0.005 -11"><span class='ocrx_word' id='word_1_290' title='bbox 381 2585 734 2651; x_wconf 87' lang='lat' dir='ltr'><strong>inclaruerat,</strong></span> <span class='ocrx_word' id='word_1_291' title='bbox 769 2594 824 2640; x_wconf 92' lang='lat' dir='ltr'><strong>et</strong></span> <span class='ocrx_word' id='word_1_292' title='bbox 846 2585 937 2653; x_wconf 90' lang='lat' dir='ltr'><strong>qui</strong></span> <span class='ocrx_word' id='word_1_293' title='bbox 972 2582 1040 2639; x_wconf 90' lang='lat' dir='ltr'><strong>ad</strong></span> <span class='ocrx_word' id='word_1_294' title='bbox 1063 2584 1245 2638; x_wconf 90' lang='lat' dir='ltr'><strong>omnia</strong></span> <span class='ocrx_word' id='word_1_295' title='bbox 1298 2583 1639 2654; x_wconf 86' lang='lat' dir='ltr'><strong>interrogata</strong></span> <span class='ocrx_word' id='word_1_296' title='bbox 1667 2580 1962 2653; x_wconf 90' lang='lat' dir='ltr'><strong>sapientis-</strong></span> 
     </span>
    </p>
   </div>
   <div class='ocr_carea' id='block_1_45' title="bbox 379 2673 1962 2748">
    <p class='ocr_par' dir='ltr' id='par_1_45' title="bbox 379 2673 1962 2748">
     <span class='ocr_line' id='line_1_45' title="bbox 379 2673 1962 2748; baseline -0.004 -13"><span class='ocrx_word' id='word_1_297' title='bbox 379 2681 518 2737; x_wconf 86' lang='lat' dir='ltr'><strong>sime</strong></span> <span class='ocrx_word' id='word_1_298' title='bbox 573 2679 948 2748; x_wconf 90' lang='lat' dir='ltr'><strong>responderat,</strong></span> <span class='ocrx_word' id='word_1_299' title='bbox 991 2677 1296 2731; x_wconf 87' lang='lat' dir='ltr'><strong>admiratus</strong></span> <span class='ocrx_word' id='word_1_300' title='bbox 1340 2673 1505 2744; x_wconf 80' lang='lat' dir='ltr'><strong>judex</strong></span> <span class='ocrx_word' id='word_1_301' title='bbox 1563 2675 1793 2742; x_wconf 86' lang='lat' dir='ltr'><strong>dimisit,</strong></span> <span class='ocrx_word' id='word_1_302' title='bbox 1837 2688 1962 2745; x_wconf 85' lang='lat' dir='ltr'><strong>spa-</strong></span> 
     </span>
    </p>
   </div>
   <div class='ocr_carea' id='block_1_46' title="bbox 379 2765 1959 2840">
    <p class='ocr_par' dir='ltr' id='par_1_46' title="bbox 379 2765 1959 2840">
     <span class='ocr_line' id='line_1_46' title="bbox 379 2765 1959 2840; baseline -0.004 -13"><span class='ocrx_word' id='word_1_303' title='bbox 379 2778 516 2828; x_wconf 89' lang='lat' dir='ltr'><strong>tium</strong></span> <span class='ocrx_word' id='word_1_304' title='bbox 541 2787 603 2829; x_wconf 92' lang='lat' dir='ltr'><strong>se</strong></span> <span class='ocrx_word' id='word_1_305' title='bbox 628 2772 701 2826; x_wconf 92' lang='lat' dir='ltr'><strong>illi</strong></span> <span class='ocrx_word' id='word_1_306' title='bbox 728 2771 792 2825; x_wconf 88' lang='lat' dir='ltr'><strong>ad</strong></span> <span class='ocrx_word' id='word_1_307' title='bbox 824 2768 1198 2840; x_wconf 68' lang='lat' dir='ltr'><strong>paenitentiam</strong></span> <span class='ocrx_word' id='word_1_308' title='bbox 1252 2766 1554 2823; x_wconf 87' lang='lat' dir='ltr'><strong>concedere</strong></span> <span class='ocrx_word' id='word_1_309' title='bbox 1582 2765 1857 2821; x_wconf 74' lang='lat' dir='ltr'><strong>afﬁrmans</strong></span> <span class='ocrx_word' id='word_1_310' title='bbox 1890 2766 1959 2821; x_wconf 91' lang='lat' dir='ltr'><strong>ob</strong></span> 
     </span>
    </p>
   </div>
   <div class='ocr_carea' id='block_1_47' title="bbox 377 2856 1959 2925">
    <p class='ocr_par' dir='ltr' id='par_1_47' title="bbox 377 2856 1959 2925">
     <span class='ocr_line' id='line_1_47' title="bbox 377 2856 1959 2925; baseline -0.006 -5"><span class='ocrx_word' id='word_1_311' title='bbox 377 2867 556 2920; x_wconf 72' lang='lat' dir='ltr'><strong>aetatis</strong></span> <span class='ocrx_word' id='word_1_312' title='bbox 614 2862 1013 2918; x_wconf 89' lang='lat' dir='ltr'><strong>infirmitatem.</strong></span> <span class='ocrx_word' id='word_1_313' title='bbox 1050 2858 1118 2913; x_wconf 85' lang='lat' dir='ltr'><strong>Et</strong></span> <span class='ocrx_word' id='word_1_314' title='bbox 1168 2870 1313 2913; x_wconf 87' lang='lat' dir='ltr'><strong>nunc</strong></span> <span class='ocrx_word' id='word_1_315' title='bbox 1367 2856 1652 2914; x_wconf 90' lang='lat' dir='ltr'><strong>nobiscum</strong></span> <span class='ocrx_word' id='word_1_316' title='bbox 1693 2866 1959 2925; x_wconf 82' lang='lat' dir='ltr'><strong>versatur</strong></span> 
     </span>
    </p>
   </div>
   <div class='ocr_carea' id='block_1_48' title="bbox 384 2947 1959 3021">
    <p class='ocr_par' dir='ltr' id='par_1_48' title="bbox 384 2947 1959 3021">
     <span class='ocr_line' id='line_1_48' title="bbox 384 2947 1959 3021; baseline -0.005 -10"><span class='ocrx_word' id='word_1_317' title='bbox 384 2955 601 3011; x_wconf 89' lang='lat' dir='ltr'><strong>divinus</strong></span> <span class='ocrx_word' id='word_1_318' title='bbox 648 2953 964 3020; x_wconf 89' lang='lat' dir='ltr'><strong>Dioscorus,</strong></span> <span class='ocrx_word' id='word_1_319' title='bbox 1006 2952 1061 3006; x_wconf 91' lang='lat' dir='ltr'><strong>in</strong></span> <span class='ocrx_word' id='word_1_320' title='bbox 1094 2948 1295 3019; x_wconf 75' lang='lat' dir='ltr'><strong>&#39;majus</strong></span> <span class='ocrx_word' id='word_1_321' title='bbox 1338 2963 1401 3004; x_wconf 89' lang='lat' dir='ltr'><strong>ac</strong></span> <span class='ocrx_word' id='word_1_322' title='bbox 1429 2947 1738 3005; x_wconf 87' lang='lat' dir='ltr'><strong>diuturnius</strong></span> <span class='ocrx_word' id='word_1_323' title='bbox 1794 2947 1959 3021; x_wconf 60' lang='lat'><strong>25,0</strong></span> 
     </span>
    </p>
   </div>
   <div class='ocr_carea' id='block_1_49' title="bbox 376 3041 1953 3112">
    <p class='ocr_par' dir='ltr' id='par_1_49' title="bbox 376 3041 1953 3112">
     <span class='ocr_line' id='line_1_49' title="bbox 376 3041 1953 3112; baseline -0.006 -7"><span class='ocrx_word' id='word_1_324' title='bbox 376 3060 656 3105; x_wconf 91' lang='lat' dir='ltr'><strong>certamen</strong></span> <span class='ocrx_word' id='word_1_325' title='bbox 714 3054 1049 3103; x_wconf 84' lang='lat' dir='ltr'><strong>reservatus.</strong></span> <span class='ocrx_word' id='word_1_326' title='bbox 1102 3041 1210 3099; x_wconf 85' lang='lat' dir='ltr'><strong>Sed</strong></span> <span class='ocrx_word' id='word_1_327' title='bbox 1254 3051 1308 3099; x_wconf 89' lang='lat' dir='ltr'><strong>et</strong></span> <span class='ocrx_word' id='word_1_328' title='bbox 1357 3041 1650 3099; x_wconf 85' lang='lat' dir='ltr'><strong>Nemesion</strong></span> <span class='ocrx_word' id='word_1_329' title='bbox 1708 3041 1953 3112; x_wconf 83' lang='lat' dir='ltr'><strong>quidam,</strong></span> 
     </span>
    </p>
   </div>
   <div class='ocr_carea' id='block_1_50' title="bbox 373 3134 1958 3211">
    <p class='ocr_par' dir='ltr' id='par_1_50' title="bbox 373 3134 1958 3211">
     <span class='ocr_line' id='line_1_50' title="bbox 373 3134 1958 3211; baseline -0.004 -15"><span class='ocrx_word' id='word_1_330' title='bbox 373 3141 540 3197; x_wconf 88' lang='lat' dir='ltr'><strong>etiam</strong></span> <span class='ocrx_word' id='word_1_331' title='bbox 571 3141 688 3211; x_wconf 88' lang='lat' dir='ltr'><strong>ipse</strong></span> <span class='ocrx_word' id='word_1_332' title='bbox 728 3136 1038 3211; x_wconf 67' lang='lat' dir='ltr'><strong>Egyptius,</strong></span> <span class='ocrx_word' id='word_1_333' title='bbox 1084 3140 1321 3211; x_wconf 92' lang='lat' dir='ltr'><strong>primum</strong></span> <span class='ocrx_word' id='word_1_334' title='bbox 1355 3135 1571 3206; x_wconf 86' lang='lat' dir='ltr'><strong>quidem</strong></span> <span class='ocrx_word' id='word_1_335' title='bbox 1622 3134 1760 3190; x_wconf 84' lang='lat' dir='ltr'><strong>falso</strong></span> <span class='ocrx_word' id='word_1_336' title='bbox 1794 3149 1958 3190; x_wconf 91' lang='lat' dir='ltr'><strong>accu-</strong></span> 
     </span>
    </p>
   </div>
   <div class='ocr_carea' id='block_1_51' title="bbox 373 3224 1958 3300">
    <p class='ocr_par' dir='ltr' id='par_1_51' title="bbox 373 3224 1958 3300">
     <span class='ocr_line' id='line_1_51' title="bbox 373 3224 1958 3300; baseline -0.004 -14"><span class='ocrx_word' id='word_1_337' title='bbox 373 3239 529 3286; x_wconf 86' lang='lat' dir='ltr'><strong>satus</strong></span> <span class='ocrx_word' id='word_1_338' title='bbox 563 3230 744 3285; x_wconf 89' lang='lat' dir='ltr'><strong>fuerat</strong></span> <span class='ocrx_word' id='word_1_339' title='bbox 774 3240 1050 3300; x_wconf 88' lang='lat' dir='ltr'><strong>tamquam</strong></span> <span class='ocrx_word' id='word_1_340' title='bbox 1105 3230 1289 3286; x_wconf 88' lang='lat' dir='ltr'><strong>socius</strong></span> <span class='ocrx_word' id='word_1_341' title='bbox 1343 3236 1399 3283; x_wconf 91' lang='lat' dir='ltr'><strong>et</strong></span> <span class='ocrx_word' id='word_1_342' title='bbox 1429 3225 1839 3283; x_wconf 85' lang='lat' dir='ltr'><strong>contubernalis</strong></span> <span class='ocrx_word' id='word_1_343' title='bbox 1878 3224 1958 3279; x_wconf 88' lang='lat' dir='ltr'><strong>la-</strong></span> 
     </span>
    </p>
   </div>
   <div class='ocr_carea' id='block_1_52' title="bbox 377 3318 1957 3391">
    <p class='ocr_par' dir='ltr' id='par_1_52' title="bbox 377 3318 1957 3391">
     <span class='ocr_line' id='line_1_52' title="bbox 377 3318 1957 3391; baseline -0.004 -13"><span class='ocrx_word' id='word_1_344' title='bbox 377 3332 616 3379; x_wconf 87' lang='lat' dir='ltr'><strong>tronum.</strong></span> <span class='ocrx_word' id='word_1_345' title='bbox 667 3321 867 3377; x_wconf 88' lang='lat' dir='ltr'><strong>Postea</strong></span> <span class='ocrx_word' id='word_1_346' title='bbox 904 3336 1034 3378; x_wconf 79' lang='lat' dir='ltr'><strong>vero</strong></span> <span class='ocrx_word' id='word_1_347' title='bbox 1061 3336 1184 3377; x_wconf 91' lang='lat' dir='ltr'><strong>cum</strong></span> <span class='ocrx_word' id='word_1_348' title='bbox 1213 3320 1356 3391; x_wconf 89' lang='lat' dir='ltr'><strong>apud</strong></span> <span class='ocrx_word' id='word_1_349' title='bbox 1405 3319 1781 3374; x_wconf 88' lang='lat' dir='ltr'><strong>centurionem</strong></span> <span class='ocrx_word' id='word_1_350' title='bbox 1815 3318 1957 3372; x_wconf 86' lang='lat' dir='ltr'><strong>hanc</strong></span> 
     </span>
    </p>
   </div>
   <div class='ocr_carea' id='block_1_53' title="bbox 374 3409 1956 3485">
    <p class='ocr_par' dir='ltr' id='par_1_53' title="bbox 374 3409 1956 3485">
     <span class='ocr_line' id='line_1_53' title="bbox 374 3409 1956 3485; baseline -0.003 -16"><span class='ocrx_word' id='word_1_351' title='bbox 374 3414 701 3470; x_wconf 89' lang='lat' dir='ltr'><strong>calumniam</strong></span> <span class='ocrx_word' id='word_1_352' title='bbox 725 3430 755 3469; x_wconf 89' lang='lat' dir='ltr'><strong>a</strong></span> <span class='ocrx_word' id='word_1_353' title='bbox 783 3430 843 3471; x_wconf 90' lang='lat' dir='ltr'><strong>se</strong></span> <span class='ocrx_word' id='word_1_354' title='bbox 875 3414 1069 3485; x_wconf 89' lang='lat' dir='ltr'><strong>utique</strong></span> <span class='ocrx_word' id='word_1_355' title='bbox 1088 3412 1482 3469; x_wconf 86' lang='lat' dir='ltr'><strong>alienissimam</strong></span> <span class='ocrx_word' id='word_1_356' title='bbox 1515 3410 1834 3482; x_wconf 85' lang='lat' dir='ltr'><strong>depulisset,</strong></span> <span class='ocrx_word' id='word_1_357' title='bbox 1860 3409 1956 3465; x_wconf 90' lang='lat' dir='ltr'><strong>de-</strong></span> 
     </span>
    </p>
   </div>
   <div class='ocr_carea' id='block_1_54' title="bbox 374 3501 1957 3577">
    <p class='ocr_par' dir='ltr' id='par_1_54' title="bbox 374 3501 1957 3577">
     <span class='ocr_line' id='line_1_54' title="bbox 374 3501 1957 3577; baseline -0.003 -15"><span class='ocrx_word' id='word_1_358' title='bbox 374 3508 517 3564; x_wconf 90' lang='lat' dir='ltr'><strong>latus</strong></span> <span class='ocrx_word' id='word_1_359' title='bbox 545 3508 692 3577; x_wconf 90' lang='lat' dir='ltr'><strong>quod</strong></span> <span class='ocrx_word' id='word_1_360' title='bbox 726 3506 1075 3562; x_wconf 88' lang='lat' dir='ltr'><strong>Christianus</strong></span> <span class='ocrx_word' id='word_1_361' title='bbox 1100 3512 1268 3569; x_wconf 87' lang='lat' dir='ltr'><strong>esset,</strong></span> <span class='ocrx_word' id='word_1_362' title='bbox 1304 3502 1373 3558; x_wconf 92' lang='lat' dir='ltr'><strong>ad</strong></span> <span class='ocrx_word' id='word_1_363' title='bbox 1396 3501 1709 3574; x_wconf 70' lang='lat' dir='ltr'><strong>praefectum</strong></span> <span class='ocrx_word' id='word_1_364' title='bbox 1740 3503 1957 3557; x_wconf 87' lang='lat' dir='ltr'><strong>vinctos</strong></span> 
     </span>
    </p>
   </div>
   <div class='ocr_carea' id='block_1_55' title="bbox 372 3592 1947 3665">
    <p class='ocr_par' dir='ltr' id='par_1_55' title="bbox 372 3592 1947 3665">
     <span class='ocr_line' id='line_1_55' title="bbox 372 3592 1947 3665; baseline -0.005 -12"><span class='ocrx_word' id='word_1_365' title='bbox 372 3597 682 3654; x_wconf 83' lang='lat' dir='ltr'><strong>adducitur.</strong></span> <span class='ocrx_word' id='word_1_366' title='bbox 739 3596 811 3651; x_wconf 82' lang='lat' dir='ltr'><strong>At</strong></span> <span class='ocrx_word' id='word_1_367' title='bbox 862 3594 953 3651; x_wconf 90' lang='lat' dir='ltr'><strong>ille</strong></span> <span class='ocrx_word' id='word_1_368' title='bbox 1004 3594 1383 3665; x_wconf 88' lang='lat' dir='ltr'><strong>iniquissimus</strong></span> <span class='ocrx_word' id='word_1_369' title='bbox 1440 3592 1947 3663; x_wconf 85' lang='lat' dir='ltr'><strong>judex,postquam</strong></span> 
     </span>
    </p>
   </div>
   <div class='ocr_carea' id='block_1_56' title="bbox 362 3678 1948 3760">
    <p class='ocr_par' dir='ltr' id='par_1_56' title="bbox 362 3678 1948 3760">
     <span class='ocr_line' id='line_1_56' title="bbox 362 3678 1948 3760; baseline -0.005 -14"><span class='ocrx_word' id='word_1_370' title='bbox 362 3678 495 3746; x_wconf 79' lang='lat' dir='ltr'><strong>eum</strong></span> <span class='ocrx_word' id='word_1_371' title='bbox 519 3689 681 3759; x_wconf 89' lang='lat' dir='ltr'><strong>duplo</strong></span> <span class='ocrx_word' id='word_1_372' title='bbox 705 3688 1049 3760; x_wconf 82' lang='lat' dir='ltr'><strong>gravioribus</strong></span> <span class='ocrx_word' id='word_1_373' title='bbox 1075 3704 1241 3758; x_wconf 92' lang='lat' dir='ltr'><strong>quam</strong></span> <span class='ocrx_word' id='word_1_374' title='bbox 1296 3686 1538 3758; x_wconf 89' lang='lat' dir='ltr'><strong>reliquos</strong></span> <span class='ocrx_word' id='word_1_375' title='bbox 1569 3684 1808 3741; x_wconf 75' lang='lat' dir='ltr'><strong>latrones</strong></span> <span class='ocrx_word' id='word_1_376' title='bbox 1834 3693 1948 3738; x_wconf 88' lang='lat' dir='ltr'><strong>tor-</strong></span> 
     </span>
    </p>
   </div>
   <div class='ocr_carea' id='block_1_57' title="bbox 372 3775 1952 3849">
    <p class='ocr_par' dir='ltr' id='par_1_57' title="bbox 372 3775 1952 3849">
     <span class='ocr_line' id='line_1_57' title="bbox 372 3775 1952 3849; baseline -0.005 -10"><span class='ocrx_word' id='word_1_377' title='bbox 372 3784 573 3842; x_wconf 85' lang='lat' dir='ltr'><strong>mentis</strong></span> <span class='ocrx_word' id='word_1_378' title='bbox 602 3797 669 3839; x_wconf 87' lang='lat' dir='ltr'><strong>ac</strong></span> <span class='ocrx_word' id='word_1_379' title='bbox 699 3782 1026 3839; x_wconf 81' lang='lat' dir='ltr'><strong>verberibus</strong></span> <span class='ocrx_word' id='word_1_380' title='bbox 1053 3780 1347 3849; x_wconf 65' lang='lat' dir='ltr'><strong>affecisset,</strong></span> <span class='ocrx_word' id='word_1_381' title='bbox 1385 3781 1528 3836; x_wconf 88' lang='lat' dir='ltr'><strong>inter</strong></span> <span class='ocrx_word' id='word_1_382' title='bbox 1570 3776 1808 3833; x_wconf 87' lang='lat' dir='ltr'><strong>latrones</strong></span> <span class='ocrx_word' id='word_1_383' title='bbox 1832 3775 1952 3845; x_wconf 84' lang='lat' dir='ltr'><strong>jus-</strong></span> 
     </span>
    </p>
   </div>
   <div class='ocr_carea' id='block_1_58' title="bbox 368 3867 1950 3932">
    <p class='ocr_par' dir='ltr' id='par_1_58' title="bbox 368 3867 1950 3932">
     <span class='ocr_line' id='line_1_58' title="bbox 368 3867 1950 3932; baseline -0.006 0"><span class='ocrx_word' id='word_1_384' title='bbox 368 3875 447 3932; x_wconf 84' lang='lat' dir='ltr'><strong>sit</strong></span> <span class='ocrx_word' id='word_1_385' title='bbox 499 3875 738 3932; x_wconf 86' lang='lat' dir='ltr'><strong>incendi.</strong></span> <span class='ocrx_word' id='word_1_386' title='bbox 798 3875 865 3930; x_wconf 86' lang='lat' dir='ltr'><strong>Et</strong></span> <span class='ocrx_word' id='word_1_387' title='bbox 925 3875 1005 3932; x_wconf 87' lang='lat' dir='ltr'><strong>sic</strong></span> <span class='ocrx_word' id='word_1_388' title='bbox 1067 3873 1155 3930; x_wconf 81' lang='lat' dir='ltr'><strong>vir</strong></span> <span class='ocrx_word' id='word_1_389' title='bbox 1200 3873 1546 3930; x_wconf 87' lang='lat' dir='ltr'><strong>beatissimus</strong></span> <span class='ocrx_word' id='word_1_390' title='bbox 1595 3867 1950 3925; x_wconf 87' lang='lat' dir='ltr'><strong>similitudine</strong></span> 
     </span>
    </p>
   </div>
   <div class='ocr_carea' id='block_1_59' title="bbox 2074 1859 3663 1938">
    <p class='ocr_par' dir='ltr' id='par_1_59' title="bbox 2074 1859 3663 1938">
     <span class='ocr_line' id='line_1_59' title="bbox 2074 1859 3663 1938; baseline 0.004 -24"><span class='ocrx_word' id='word_1_391' title='bbox 2074 1859 2139 1933; x_wconf 85' lang='grc' dir='ltr'>δὴ</span> <span class='ocrx_word' id='word_1_392' title='bbox 2186 1859 2432 1925; x_wconf 89' lang='grc' dir='ltr'>σύνοικος</span> <span class='ocrx_word' id='word_1_393' title='bbox 2477 1860 2711 1935; x_wconf 81' lang='grc' dir='ltr'>λῃστῶν,</span> <span class='ocrx_word' id='word_1_394' title='bbox 2741 1863 3147 1934; x_wconf 82' lang='grc' dir='ltr'>ἀποδυσάμενος</span> <span class='ocrx_word' id='word_1_395' title='bbox 3175 1864 3233 1918; x_wconf 85' lang='grc' dir='ltr'>δὲ</span> <span class='ocrx_word' id='word_1_396' title='bbox 3261 1864 3462 1938; x_wconf 85' lang='grc' dir='ltr'>ταύτην</span> <span class='ocrx_word' id='word_1_397' title='bbox 3505 1865 3663 1938; x_wconf 82' lang='grc' dir='ltr'>παρὰ</span> 
     </span>
    </p>
   </div>
   <div class='ocr_carea' id='block_1_60' title="bbox 2072 1943 3662 2025">
    <p class='ocr_par' dir='ltr' id='par_1_60' title="bbox 2072 1943 3662 2025">
     <span class='ocr_line' id='line_1_60' title="bbox 2072 1943 3662 2025; baseline 0.003 -22"><span class='ocrx_word' id='word_1_398' title='bbox 2072 1950 2152 2021; x_wconf 83' lang='grc' dir='ltr'>τῷ</span> <span class='ocrx_word' id='word_1_399' title='bbox 2185 1950 2565 2023; x_wconf 78' lang='grc' dir='ltr'>έκατοντάρχῳ</span> <span class='ocrx_word' id='word_1_400' title='bbox 2593 1943 2691 2023; x_wconf 74' lang='grc' dir='ltr'>τὴν</span> <span class='ocrx_word' id='word_1_401' title='bbox 2726 1948 3161 2025; x_wconf 85' lang='grc' dir='ltr'>ἀλλοτριωτάτην</span> <span class='ocrx_word' id='word_1_402' title='bbox 3192 1955 3312 2007; x_wconf 87' lang='grc' dir='ltr'>κατ’</span> <span class='ocrx_word' id='word_1_403' title='bbox 3340 1952 3505 2008; x_wconf 79' lang='grc' dir='ltr'>αὐτοῦ</span> <span class='ocrx_word' id='word_1_404' title='bbox 3544 1954 3662 2009; x_wconf 89' lang='grc' dir='ltr'>δια-</span> 
     </span>
    </p>
   </div>
   <div class='ocr_carea' id='block_1_61' title="bbox 2075 2040 3660 2121">
    <p class='ocr_par' dir='ltr' id='par_1_61' title="bbox 2075 2040 3660 2121">
     <span class='ocr_line' id='line_1_61' title="bbox 2075 2040 3660 2121; baseline 0.005 -26"><span class='ocrx_word' id='word_1_405' title='bbox 2075 2040 2260 2113; x_wconf 77' lang='grc' dir='ltr'>ϐολὴν,</span> <span class='ocrx_word' id='word_1_406' title='bbox 2311 2043 2720 2115; x_wconf 75' lang='grc' dir='ltr'>καταμηνυθεὶς</span> <span class='ocrx_word' id='word_1_407' title='bbox 2752 2044 2829 2108; x_wconf 84' lang='grc' dir='ltr'><strong>ὡς</strong></span> <span class='ocrx_word' id='word_1_408' title='bbox 2859 2045 3202 2116; x_wconf 77' lang='grc' dir='ltr'>Χριστιανὸς,</span> <span class='ocrx_word' id='word_1_409' title='bbox 3237 2042 3341 2118; x_wconf 77' lang='grc' dir='ltr'>ἧκε</span> <span class='ocrx_word' id='word_1_410' title='bbox 3372 2045 3660 2121; x_wconf 84' lang='grc' dir='ltr'>δεσμώτης</span> 
     </span>
    </p>
   </div>
   <div class='ocr_carea' id='block_1_62' title="bbox 2073 2133 3657 2208">
    <p class='ocr_par' dir='ltr' id='par_1_62' title="bbox 2073 2133 3657 2208">
     <span class='ocr_line' id='line_1_62' title="bbox 2073 2133 3657 2208; baseline 0.004 -21"><span class='ocrx_word' id='word_1_411' title='bbox 2073 2134 2165 2188; x_wconf 72' lang='grc' dir='ltr'><strong>ἐπὶ</strong></span> <span class='ocrx_word' id='word_1_412' title='bbox 2194 2133 2283 2189; x_wconf 78' lang='grc' dir='ltr'><strong>τὸν</strong></span> <span class='ocrx_word' id='word_1_413' title='bbox 2318 2136 2638 2208; x_wconf 82' lang='grc' dir='ltr'>ἡγούμενον.</span> <span class='ocrx_word' id='word_1_414' title='bbox 2678 2138 2735 2191; x_wconf 88' lang='grc' dir='ltr'>Ὀ</span> <span class='ocrx_word' id='word_1_415' title='bbox 2774 2137 2832 2190; x_wconf 88' lang='grc' dir='ltr'>δὲ</span> <span class='ocrx_word' id='word_1_416' title='bbox 2880 2136 3213 2201; x_wconf 80' lang='grc' dir='ltr'>ἀδικώτατος</span> <span class='ocrx_word' id='word_1_417' title='bbox 3240 2137 3458 2202; x_wconf 82' lang='grc' dir='ltr'>διπλαῖς</span> <span class='ocrx_word' id='word_1_418' title='bbox 3489 2138 3657 2193; x_wconf 80' lang='grc' dir='ltr'>αὑτὸν</span> 
     </span>
    </p>
   </div>
   <div class='ocr_carea' id='block_1_63' title="bbox 2071 2225 3662 2300">
    <p class='ocr_par' dir='ltr' id='par_1_63' title="bbox 2071 2225 3662 2300">
     <span class='ocr_line' id='line_1_63' title="bbox 2071 2225 3662 2300; baseline 0.003 -20"><span class='ocrx_word' id='word_1_419' title='bbox 2071 2225 2104 2296; x_wconf 80' lang='grc' dir='ltr'>ἢ</span> <span class='ocrx_word' id='word_1_420' title='bbox 2134 2227 2261 2290; x_wconf 76' lang='grc' dir='ltr'>τοὺς</span> <span class='ocrx_word' id='word_1_421' title='bbox 2286 2226 2489 2300; x_wconf 65' lang='grc' dir='ltr'>λῃστὰς</span> <span class='ocrx_word' id='word_1_422' title='bbox 2515 2230 2634 2291; x_wconf 85' lang='grc' dir='ltr'>ταῖς</span> <span class='ocrx_word' id='word_1_423' title='bbox 2665 2244 2725 2280; x_wconf 87' lang='grc' dir='ltr'><strong>τε</strong></span> <span class='ocrx_word' id='word_1_424' title='bbox 2757 2226 3011 2298; x_wconf 83' lang='grc' dir='ltr'>βασάνοις</span> <span class='ocrx_word' id='word_1_425' title='bbox 3041 2228 3135 2282; x_wconf 76' lang='grc' dir='ltr'><strong>καὶ</strong></span> <span class='ocrx_word' id='word_1_426' title='bbox 3165 2231 3284 2293; x_wconf 77' lang='grc' dir='ltr'>ταῖς</span> <span class='ocrx_word' id='word_1_427' title='bbox 3320 2227 3542 2299; x_wconf 83' lang='grc' dir='ltr'>μάστιξι</span> <span class='ocrx_word' id='word_1_428' title='bbox 3566 2227 3662 2285; x_wconf 77' lang='grc' dir='ltr'><strong>λυ-</strong></span> 
     </span>
    </p>
   </div>
   <div class='ocr_carea' id='block_1_64' title="bbox 2075 2317 3658 2394">
    <p class='ocr_par' dir='ltr' id='par_1_64' title="bbox 2075 2317 3658 2394">
     <span class='ocr_line' id='line_1_64' title="bbox 2075 2317 3658 2394; baseline 0.006 -25"><span class='ocrx_word' id='word_1_429' title='bbox 2075 2317 2406 2389; x_wconf 82' lang='grc' dir='ltr'>μηνάμενος,</span> <span class='ocrx_word' id='word_1_430' title='bbox 2428 2317 2629 2389; x_wconf 76' lang='grc' dir='ltr'>μεταξὺ</span> <span class='ocrx_word' id='word_1_431' title='bbox 2648 2319 2757 2371; x_wconf 85' lang='grc' dir='ltr'><strong>τῶν</strong></span> <span class='ocrx_word' id='word_1_432' title='bbox 2779 2318 2992 2390; x_wconf 82' lang='grc' dir='ltr'>λῃστῶν</span> <span class='ocrx_word' id='word_1_433' title='bbox 3020 2320 3339 2391; x_wconf 80' lang='grc' dir='ltr'>κατέφλεξε,</span> <span class='ocrx_word' id='word_1_434' title='bbox 3354 2322 3658 2394; x_wconf 81' lang='grc' dir='ltr'>τιμηθέντα</span> 
     </span>
    </p>
   </div>
   <div class='ocr_carea' id='block_1_65' title="bbox 2069 2409 3657 2485">
    <p class='ocr_par' dir='ltr' id='par_1_65' title="bbox 2069 2409 3657 2485">
     <span class='ocr_line' id='line_1_65' title="bbox 2069 2409 3657 2485; baseline 0.002 -21"><span class='ocrx_word' id='word_1_435' title='bbox 2069 2410 2161 2464; x_wconf 74' lang='grc' dir='ltr'><strong>τὸν</strong></span> <span class='ocrx_word' id='word_1_436' title='bbox 2185 2409 2450 2482; x_wconf 86' lang='grc' dir='ltr'>μακάριον</span> <span class='ocrx_word' id='word_1_437' title='bbox 2482 2409 2559 2481; x_wconf 77' lang='grc' dir='ltr'>τῷ</span> <span class='ocrx_word' id='word_1_438' title='bbox 2583 2409 2676 2463; x_wconf 81' lang='grc' dir='ltr'>τοῦ</span> <span class='ocrx_word' id='word_1_439' title='bbox 2707 2409 2945 2482; x_wconf 80' lang='grc' dir='ltr'>Χριστοῦ</span> <span class='ocrx_word' id='word_1_440' title='bbox 2976 2412 3398 2483; x_wconf 78' lang='grc' dir='ltr'>παραδείγματι.</span> <span class='ocrx_word' id='word_1_441' title='bbox 3437 2413 3657 2485; x_wconf 83' lang='grc' dir='ltr'>Ἀθρόον</span> 
     </span>
    </p>
   </div>
   <div class='ocr_carea' id='block_1_66' title="bbox 2069 2500 3655 2575">
    <p class='ocr_par' dir='ltr' id='par_1_66' title="bbox 2069 2500 3655 2575">
     <span class='ocr_line' id='line_1_66' title="bbox 2069 2500 3655 2575; baseline 0.003 -20"><span class='ocrx_word' id='word_1_442' title='bbox 2069 2501 2126 2555; x_wconf 78' lang='grc' dir='ltr'><strong>δέ</strong></span> <span class='ocrx_word' id='word_1_443' title='bbox 2141 2519 2196 2555; x_wconf 88' lang='grc' dir='ltr'><strong>τι</strong></span> <span class='ocrx_word' id='word_1_444' title='bbox 2217 2500 2503 2573; x_wconf 85' lang='grc' dir='ltr'>σύνταγμα</span> <span class='ocrx_word' id='word_1_445' title='bbox 2523 2502 2609 2572; x_wconf 70' lang='grc'><strong>(21</strong></span> <span class='ocrx_word' id='word_1_446' title='bbox 2620 2501 2658 2572; x_wconf 78' lang='grc'><strong>⁸)</strong></span> <span class='ocrx_word' id='word_1_447' title='bbox 2678 2503 3086 2573; x_wconf 85' lang='grc' dir='ltr'>στρατιωτικὸν,</span> <span class='ocrx_word' id='word_1_448' title='bbox 3105 2504 3339 2575; x_wconf 74' lang='grc' dir='ltr'>’Ἄμμων</span> <span class='ocrx_word' id='word_1_449' title='bbox 3355 2504 3450 2559; x_wconf 76' lang='grc' dir='ltr'>καὶ</span> <span class='ocrx_word' id='word_1_450' title='bbox 3466 2505 3655 2575; x_wconf 77' lang='grc' dir='ltr'>Ζήνων</span> 
     </span>
    </p>
   </div>
   <div class='ocr_carea' id='block_1_67' title="bbox 2069 2592 3654 2667">
    <p class='ocr_par' dir='ltr' id='par_1_67' title="bbox 2069 2592 3654 2667">
     <span class='ocr_line' id='line_1_67' title="bbox 2069 2592 3654 2667; baseline 0.001 -21"><span class='ocrx_word' id='word_1_451' title='bbox 2069 2594 2162 2646; x_wconf 69' lang='grc' dir='ltr'>καὶ</span> <span class='ocrx_word' id='word_1_452' title='bbox 2190 2592 2525 2664; x_wconf 86' lang='grc' dir='ltr'>Πτολεμαῖος</span> <span class='ocrx_word' id='word_1_453' title='bbox 2585 2593 2680 2647; x_wconf 70' lang='grc' dir='ltr'>καὶ</span> <span class='ocrx_word' id='word_1_454' title='bbox 2721 2592 2987 2664; x_wconf 86' lang='grc' dir='ltr'>Ἰγγένης,</span> <span class='ocrx_word' id='word_1_455' title='bbox 3022 2594 3116 2646; x_wconf 75' lang='grc' dir='ltr'>καὶ</span> <span class='ocrx_word' id='word_1_456' title='bbox 3158 2594 3258 2648; x_wconf 85' lang='grc' dir='ltr'>σὺν</span> <span class='ocrx_word' id='word_1_457' title='bbox 3285 2594 3472 2658; x_wconf 79' lang='grc' dir='ltr'>αὐτοῖς</span> <span class='ocrx_word' id='word_1_458' title='bbox 3516 2611 3654 2667; x_wconf 86' lang='grc' dir='ltr'>πρε-</span> 
     </span>
    </p>
   </div>
   <div class='ocr_carea' id='block_1_68' title="bbox 2070 2677 3649 2755">
    <p class='ocr_par' dir='ltr' id='par_1_68' title="bbox 2070 2677 3649 2755">
     <span class='ocr_line' id='line_1_68' title="bbox 2070 2677 3649 2755; baseline 0.004 -23"><span class='ocrx_word' id='word_1_459' title='bbox 2070 2677 2271 2750; x_wconf 78' lang='grc' dir='ltr'>σϐύτης</span> <span class='ocrx_word' id='word_1_460' title='bbox 2300 2679 2576 2748; x_wconf 80' lang='grc' dir='ltr'>Θεόφιλος,</span> <span class='ocrx_word' id='word_1_461' title='bbox 2626 2681 2973 2752; x_wconf 82' lang='grc' dir='ltr'>είστήκεισαν</span> <span class='ocrx_word' id='word_1_462' title='bbox 3016 2681 3122 2752; x_wconf 82' lang='grc' dir='ltr'>πρὸ</span> <span class='ocrx_word' id='word_1_463' title='bbox 3148 2681 3242 2735; x_wconf 81' lang='grc' dir='ltr'>τοῦ</span> <span class='ocrx_word' id='word_1_464' title='bbox 3266 2681 3649 2755; x_wconf 79' lang='grc' dir='ltr'>δικαστηρίου·</span> 
     </span>
    </p>
   </div>
   <div class='ocr_carea' id='block_1_69' title="bbox 2067 2769 3652 2846">
    <p class='ocr_par' dir='ltr' id='par_1_69' title="bbox 2067 2769 3652 2846">
     <span class='ocr_line' id='line_1_69' title="bbox 2067 2769 3652 2846; baseline 0.002 -22"><span class='ocrx_word' id='word_1_465' title='bbox 2067 2769 2387 2840; x_wconf 82' lang='grc' dir='ltr'>κρινομένου</span> <span class='ocrx_word' id='word_1_466' title='bbox 2415 2771 2478 2842; x_wconf 84' lang='grc' dir='ltr'>δή</span> <span class='ocrx_word' id='word_1_467' title='bbox 2513 2787 2656 2835; x_wconf 90' lang='grc' dir='ltr'>τινος</span> <span class='ocrx_word' id='word_1_468' title='bbox 2682 2771 2758 2835; x_wconf 84' lang='grc' dir='ltr'>ὡς</span> <span class='ocrx_word' id='word_1_469' title='bbox 2785 2770 3111 2843; x_wconf 79' lang='grc' dir='ltr'>Χριστιανοῢ</span> <span class='ocrx_word' id='word_1_470' title='bbox 3139 2774 3232 2828; x_wconf 76' lang='grc' dir='ltr'>καὶ</span> <span class='ocrx_word' id='word_1_471' title='bbox 3263 2773 3401 2845; x_wconf 77' lang='grc' dir='ltr'>πρὸς</span> <span class='ocrx_word' id='word_1_472' title='bbox 3422 2772 3652 2846; x_wconf 77' lang='grc' dir='ltr'>ἄρνησιν</span> 
     </span>
    </p>
   </div>
   <div class='ocr_carea' id='block_1_70' title="bbox 2065 2856 3651 2934">
    <p class='ocr_par' dir='ltr' id='par_1_70' title="bbox 2065 2856 3651 2934">
     <span class='ocr_line' id='line_1_70' title="bbox 2065 2856 3651 2934; baseline 0.003 -22"><span class='ocrx_word' id='word_1_473' title='bbox 2065 2858 2165 2931; x_wconf 72' lang='grc' dir='ltr'>ἤδη</span> <span class='ocrx_word' id='word_1_474' title='bbox 2198 2859 2471 2931; x_wconf 77' lang='grc' dir='ltr'>ρέποντος,</span> <span class='ocrx_word' id='word_1_475' title='bbox 2502 2861 2753 2932; x_wconf 81' lang='grc' dir='ltr'>έπρίοντο</span> <span class='ocrx_word' id='word_1_476' title='bbox 2782 2856 2924 2916; x_wconf 72' lang='grc' dir='ltr'>οὗτοι</span> <span class='ocrx_word' id='word_1_477' title='bbox 2961 2863 3389 2934; x_wconf 83' lang='grc' dir='ltr'>παρεστηκότες,</span> <span class='ocrx_word' id='word_1_478' title='bbox 3414 2864 3511 2919; x_wconf 77' lang='grc' dir='ltr'>καὶ</span> <span class='ocrx_word' id='word_1_479' title='bbox 3535 2864 3651 2931; x_wconf 73' lang='grc' dir='ltr'>τοῖς</span> 
     </span>
    </p>
   </div>
   <div class='ocr_carea' id='block_1_71' title="bbox 2064 2948 3646 3026">
    <p class='ocr_par' dir='ltr' id='par_1_71' title="bbox 2064 2948 3646 3026">
     <span class='ocr_line' id='line_1_71' title="bbox 2064 2948 3646 3026; baseline 0.004 -23"><span class='ocrx_word' id='word_1_480' title='bbox 2064 2966 2123 3003; x_wconf 86' lang='grc' dir='ltr'><strong>τε</strong></span> <span class='ocrx_word' id='word_1_481' title='bbox 2155 2948 2468 3023; x_wconf 83' lang='grc' dir='ltr'>προσώποις</span> <span class='ocrx_word' id='word_1_482' title='bbox 2520 2952 2782 3018; x_wconf 73' lang='grc' dir='ltr'>ἐνένευον,</span> <span class='ocrx_word' id='word_1_483' title='bbox 2836 2954 2931 3007; x_wconf 82' lang='grc' dir='ltr'>καὶ</span> <span class='ocrx_word' id='word_1_484' title='bbox 2971 2953 3071 3017; x_wconf 81' lang='grc' dir='ltr'>τὰς</span> <span class='ocrx_word' id='word_1_485' title='bbox 3119 2958 3309 3026; x_wconf 79' lang='grc' dir='ltr'>χεῖρας</span> <span class='ocrx_word' id='word_1_486' title='bbox 3356 2956 3646 3022; x_wconf 84' lang='grc' dir='ltr'>ἀνέτεινον,</span> 
     </span>
    </p>
   </div>
   <div class='ocr_carea' id='block_1_72' title="bbox 2065 3042 3649 3120">
    <p class='ocr_par' dir='ltr' id='par_1_72' title="bbox 2065 3042 3649 3120">
     <span class='ocr_line' id='line_1_72' title="bbox 2065 3042 3649 3120; baseline 0.004 -25"><span class='ocrx_word' id='word_1_487' title='bbox 2065 3042 2161 3096; x_wconf 60' lang='grc' dir='ltr'><strong>καὶ¹</strong></span> <span class='ocrx_word' id='word_1_488' title='bbox 2193 3044 2718 3115; x_wconf 78' lang='grc' dir='ltr'>συνεσχηματίζοντο</span> <span class='ocrx_word' id='word_1_489' title='bbox 2747 3047 2861 3109; x_wconf 83' lang='grc' dir='ltr'>τοῖς</span> <span class='ocrx_word' id='word_1_490' title='bbox 2893 3044 3160 3116; x_wconf 82' lang='grc' dir='ltr'>σώμασιν.</span> <span class='ocrx_word' id='word_1_491' title='bbox 3204 3047 3649 3120; x_wconf 72' lang='grc' dir='ltr'>Ἐπιστροφῆςδε</span> 
     </span>
    </p>
   </div>
   <div class='ocr_carea' id='block_1_73' title="bbox 2061 3134 3646 3213">
    <p class='ocr_par' dir='ltr' id='par_1_73' title="bbox 2061 3134 3646 3213">
     <span class='ocr_line' id='line_1_73' title="bbox 2061 3134 3646 3213; baseline 0.004 -27"><span class='ocrx_word' id='word_1_492' title='bbox 2061 3134 2279 3188; x_wconf 77' lang='grc' dir='ltr'>πάντων</span> <span class='ocrx_word' id='word_1_493' title='bbox 2325 3134 2460 3205; x_wconf 82' lang='grc' dir='ltr'>πρὸς</span> <span class='ocrx_word' id='word_1_494' title='bbox 2501 3135 2698 3199; x_wconf 74' lang='grc' dir='ltr'>αὐτοὺς</span> <span class='ocrx_word' id='word_1_495' title='bbox 2732 3137 3068 3208; x_wconf 84' lang='grc' dir='ltr'>γενομένης,</span> <span class='ocrx_word' id='word_1_496' title='bbox 3105 3138 3233 3209; x_wconf 88' lang='grc' dir='ltr'>πρίν</span> <span class='ocrx_word' id='word_1_497' title='bbox 3271 3154 3423 3213; x_wconf 86' lang='grc' dir='ltr'>τινας</span> <span class='ocrx_word' id='word_1_498' title='bbox 3465 3138 3646 3192; x_wconf 78' lang='grc' dir='ltr'>αὐτῶν</span> 
     </span>
    </p>
   </div>
   <div class='ocr_carea' id='block_1_74' title="bbox 2061 3225 3649 3303">
    <p class='ocr_par' dir='ltr' id='par_1_74' title="bbox 2061 3225 3649 3303">
     <span class='ocr_line' id='line_1_74' title="bbox 2061 3225 3649 3303; baseline 0.003 -24"><span class='ocrx_word' id='word_1_499' title='bbox 2061 3225 2253 3289; x_wconf 76' lang='grc' dir='ltr'>ἄλλους</span> <span class='ocrx_word' id='word_1_500' title='bbox 2279 3225 2557 3290; x_wconf 81' lang='grc' dir='ltr'>λαϐέσθαι,</span> <span class='ocrx_word' id='word_1_501' title='bbox 2594 3227 2897 3297; x_wconf 81' lang='grc' dir='ltr'>φθάσαντες</span> <span class='ocrx_word' id='word_1_502' title='bbox 2928 3229 3022 3282; x_wconf 75' lang='grc' dir='ltr'><strong>ἐπὶ</strong></span> <span class='ocrx_word' id='word_1_503' title='bbox 3049 3229 3109 3282; x_wconf 83' lang='grc' dir='ltr'>τὸ</span> <span class='ocrx_word' id='word_1_504' title='bbox 3157 3228 3355 3302; x_wconf 87' lang='grc' dir='ltr'>βάθρον</span> <span class='ocrx_word' id='word_1_505' title='bbox 3526 3230 3649 3284; x_wconf 79' lang='grc' dir='ltr'>ἀνέ-</span> 
     </span>
    </p>
   </div>
   <div class='ocr_carea' id='block_1_75' title="bbox 2059 3314 3646 3396">
    <p class='ocr_par' dir='ltr' id='par_1_75' title="bbox 2059 3314 3646 3396">
     <span class='ocr_line' id='line_1_75' title="bbox 2059 3314 3646 3396; baseline 0.005 -26"><span class='ocrx_word' id='word_1_506' title='bbox 2059 3317 2287 3389; x_wconf 88' lang='grc' dir='ltr'>δραμον,</span> <span class='ocrx_word' id='word_1_507' title='bbox 2310 3314 2447 3386; x_wconf 76' lang='grc' dir='ltr'>εἶναι</span> <span class='ocrx_word' id='word_1_508' title='bbox 2470 3320 2787 3390; x_wconf 72' lang='grc' dir='ltr'>Χριστιανοὶ</span> <span class='ocrx_word' id='word_1_509' title='bbox 2810 3320 3077 3390; x_wconf 86' lang='grc' dir='ltr'>λέγοντες,</span> <span class='ocrx_word' id='word_1_510' title='bbox 3107 3321 3184 3386; x_wconf 84' lang='grc' dir='ltr'>ὼς</span> <span class='ocrx_word' id='word_1_511' title='bbox 3209 3322 3299 3376; x_wconf 86' lang='grc' dir='ltr'><strong>τόν</strong></span> <span class='ocrx_word' id='word_1_512' title='bbox 3318 3339 3376 3376; x_wconf 84' lang='grc' dir='ltr'><strong>τε</strong></span> <span class='ocrx_word' id='word_1_513' title='bbox 3397 3324 3646 3396; x_wconf 76' lang='grc' dir='ltr'>ἡγεμόνα</span> 
     </span>
    </p>
   </div>
   <div class='ocr_carea' id='block_1_76' title="bbox 2059 3408 3645 3488">
    <p class='ocr_par' dir='ltr' id='par_1_76' title="bbox 2059 3408 3645 3488">
     <span class='ocr_line' id='line_1_76' title="bbox 2059 3408 3645 3488; baseline 0.005 -26"><span class='ocrx_word' id='word_1_514' title='bbox 2059 3408 2152 3462; x_wconf 81' lang='grc' dir='ltr'>καὶ</span> <span class='ocrx_word' id='word_1_515' title='bbox 2179 3411 2306 3474; x_wconf 77' lang='grc' dir='ltr'>τοὺς</span> <span class='ocrx_word' id='word_1_516' title='bbox 2338 3410 2625 3483; x_wconf 85' lang='grc' dir='ltr'>συνέδρους</span> <span class='ocrx_word' id='word_1_517' title='bbox 2651 3412 2924 3482; x_wconf 78' lang='grc' dir='ltr'>ὲμφόὸους</span> <span class='ocrx_word' id='word_1_518' title='bbox 2956 3412 3230 3481; x_wconf 84' lang='grc' dir='ltr'>γενέσθαι,</span> <span class='ocrx_word' id='word_1_519' title='bbox 3264 3415 3515 3480; x_wconf 74' lang='grc' dir='ltr'>καὶτοὺς</span> <span class='ocrx_word' id='word_1_520' title='bbox 3545 3414 3645 3488; x_wconf 75' lang='grc' dir='ltr'>μὲν</span> 
     </span>
    </p>
   </div>
   <div class='ocr_carea' id='block_1_77' title="bbox 2057 3499 3639 3578">
    <p class='ocr_par' dir='ltr' id='par_1_77' title="bbox 2057 3499 3639 3578">
     <span class='ocr_line' id='line_1_77' title="bbox 2057 3499 3639 3578; baseline 0.006 -26"><span class='ocrx_word' id='word_1_521' title='bbox 2057 3500 2412 3571; x_wconf 89' lang='grc' dir='ltr'>κρινομένους</span> <span class='ocrx_word' id='word_1_522' title='bbox 2439 3501 2925 3573; x_wconf 84' lang='grc' dir='ltr'>εὐθαρσεστάτους,</span> <span class='ocrx_word' id='word_1_523' title='bbox 2955 3504 3040 3574; x_wconf 77' lang='grc' dir='ltr'><strong>ἐφ’</strong></span> <span class='ocrx_word' id='word_1_524' title='bbox 3073 3499 3157 3568; x_wconf 73' lang='grc' dir='ltr'>οἷς</span> <span class='ocrx_word' id='word_1_525' title='bbox 3186 3505 3487 3570; x_wconf 75' lang='grc' dir='ltr'>πείσονται,</span> <span class='ocrx_word' id='word_1_526' title='bbox 3520 3507 3639 3578; x_wconf 78' lang='grc' dir='ltr'>φαί-</span> 
     </span>
    </p>
   </div>
   <div class='ocr_carea' id='block_1_78' title="bbox 2055 3588 3645 3667">
    <p class='ocr_par' dir='ltr' id='par_1_78' title="bbox 2055 3588 3645 3667">
     <span class='ocr_line' id='line_1_78' title="bbox 2055 3588 3645 3667; baseline 0.004 -25"><span class='ocrx_word' id='word_1_527' title='bbox 2055 3588 2262 3651; x_wconf 82' lang='grc' dir='ltr'>νεσθαι,</span> <span class='ocrx_word' id='word_1_528' title='bbox 2297 3593 2422 3654; x_wconf 84' lang='grc' dir='ltr'>τοὺς</span> <span class='ocrx_word' id='word_1_529' title='bbox 2450 3591 2508 3644; x_wconf 86' lang='grc' dir='ltr'>δὲ</span> <span class='ocrx_word' id='word_1_530' title='bbox 2536 3591 2852 3657; x_wconf 74' lang='grc' dir='ltr'>δικάζοντας</span> <span class='ocrx_word' id='word_1_531' title='bbox 2874 3593 3203 3664; x_wconf 82' lang='grc' dir='ltr'>ἀποδειλιᾷν.</span> <span class='ocrx_word' id='word_1_532' title='bbox 3231 3595 3341 3649; x_wconf 76' lang='grc' dir='ltr'><strong>Καὶ</strong></span> <span class='ocrx_word' id='word_1_533' title='bbox 3363 3589 3510 3651; x_wconf 77' lang='grc' dir='ltr'>οὗτοι</span> <span class='ocrx_word' id='word_1_534' title='bbox 3543 3594 3645 3667; x_wconf 76' lang='grc' dir='ltr'>μὲν</span> 
     </span>
    </p>
   </div>
   <div class='ocr_carea' id='block_1_79' title="bbox 2057 3683 3637 3757">
    <p class='ocr_par' dir='ltr' id='par_1_79' title="bbox 2057 3683 3637 3757">
     <span class='ocr_line' id='line_1_79' title="bbox 2057 3683 3637 3757; baseline 0.003 -21"><span class='ocrx_word' id='word_1_535' title='bbox 2057 3684 2123 3737; x_wconf 83' lang='grc' dir='ltr'>ὲκ</span> <span class='ocrx_word' id='word_1_536' title='bbox 2147 3683 2514 3755; x_wconf 82' lang='grc' dir='ltr'>δικαστηρίων</span> <span class='ocrx_word' id='word_1_537' title='bbox 2555 3684 2970 3755; x_wconf 82' lang='grc' dir='ltr'>ὲνεπόμπευσαν</span> <span class='ocrx_word' id='word_1_538' title='bbox 2996 3687 3091 3740; x_wconf 75' lang='grc' dir='ltr'>καὶ</span> <span class='ocrx_word' id='word_1_539' title='bbox 3122 3685 3529 3756; x_wconf 80' lang='grc' dir='ltr'>ἡγαλλιάσαντο</span> <span class='ocrx_word' id='word_1_540' title='bbox 3569 3689 3637 3757; x_wconf 80' lang='grc' dir='ltr'>τῇ</span> 
     </span>
    </p>
   </div>
   <div class='ocr_carea' id='block_1_80' title="bbox 2060 3774 3639 3849">
    <p class='ocr_par' dir='ltr' id='par_1_80' title="bbox 2060 3774 3639 3849">
     <span class='ocr_line' id='line_1_80' title="bbox 2060 3774 3639 3849; baseline 0.004 -23"><span class='ocrx_word' id='word_1_541' title='bbox 2060 3775 2354 3845; x_wconf 67' lang='grc' dir='ltr'>μαρτυρίᾳ,</span> <span class='ocrx_word' id='word_1_542' title='bbox 2409 3774 2832 3846; x_wconf 76' lang='grc' dir='ltr'>θριαμϐεύοντος</span> <span class='ocrx_word' id='word_1_543' title='bbox 2864 3776 2976 3849; x_wconf 69' lang='grc'><strong>(25)</strong></span> <span class='ocrx_word' id='word_1_544' title='bbox 3022 3777 3221 3842; x_wconf 70' lang='grc' dir='ltr'>αὐτοὺς</span> <span class='ocrx_word' id='word_1_545' title='bbox 3268 3776 3496 3846; x_wconf 74' lang='grc' dir='ltr'>ἐνδόξως</span> <span class='ocrx_word' id='word_1_546' title='bbox 3544 3777 3639 3833; x_wconf 76' lang='grc' dir='ltr'>τοῦ</span> 
     </span>
    </p>
   </div>
   <div class='ocr_carea' id='block_1_81' title="bbox 2056 3864 2254 3918">
    <p class='ocr_par' dir='ltr' id='par_1_81' title="bbox 2056 3864 2254 3918">
     <span class='ocr_line' id='line_1_81' title="bbox 2056 3864 2254 3918; baseline 0 0"><span class='ocrx_word' id='word_1_547' title='bbox 2056 3864 2210 3918; x_wconf 82' lang='grc' dir='ltr'>Θεοῦ.</span> <span class='ocrx_word' id='word_1_548' title='bbox 2236 3884 2254 3918; x_wconf 75' lang='grc' dir='ltr'><strong>ι</strong></span> 
     </span>
    </p>
   </div>
   <div class='ocr_carea' id='block_1_82' title="bbox 360 3952 3637 4030">
    <p class='ocr_par' dir='ltr' id='par_1_82' title="bbox 360 3952 3637 4030">
     <span class='ocr_line' id='line_1_82' title="bbox 360 3952 3637 4030; baseline -0.001 -8"><span class='ocrx_word' id='word_1_549' title='bbox 360 3952 571 4024; x_wconf 79' lang='lat' dir='ltr'><strong>Christi</strong></span> <span class='ocrx_word' id='word_1_550' title='bbox 608 3968 911 4024; x_wconf 86' lang='lat' dir='ltr'><strong>honoratus</strong></span> <span class='ocrx_word' id='word_1_551' title='bbox 970 3976 1080 4023; x_wconf 89' lang='lat' dir='ltr'><strong>est.</strong></span> <span class='ocrx_word' id='word_1_552' title='bbox 1129 3967 1300 4022; x_wconf 86' lang='lat' dir='ltr'><strong>Porro</strong></span> <span class='ocrx_word' id='word_1_553' title='bbox 1337 3966 1624 4020; x_wconf 86' lang='lat' dir='ltr'><strong>universus</strong></span> <span class='ocrx_word' id='word_1_554' title='bbox 1665 3960 1828 4017; x_wconf 89' lang='lat' dir='ltr'><strong>simul</strong></span> <span class='ocrx_word' id='word_1_555' title='bbox 1880 3959 2114 4015; x_wconf 88' lang='lat' dir='ltr'><strong>militum</strong></span> <span class='ocrx_word' id='word_1_556' title='bbox 2176 3958 2487 4027; x_wconf 88' lang='lat' dir='ltr'><strong>manipulus</strong></span> <span class='ocrx_word' id='word_1_557' title='bbox 2546 3958 2777 4015; x_wconf 84' lang='lat' dir='ltr'><strong>Ammon</strong></span> <span class='ocrx_word' id='word_1_558' title='bbox 2849 3960 3056 4016; x_wconf 86' lang='lat' dir='ltr'><strong>scilicet</strong></span> <span class='ocrx_word' id='word_1_559' title='bbox 3111 3962 3278 4030; x_wconf 89' lang='lat' dir='ltr'><strong>Zeno,</strong></span> <span class='ocrx_word' id='word_1_560' title='bbox 3314 3960 3637 4018; x_wconf 61' lang='lat' dir='ltr'><strong>Ptolemaeus</strong></span> 
     </span>
    </p>
   </div>
   <div class='ocr_carea' id='block_1_83' title="bbox 363 4056 3637 4132">
    <p class='ocr_par' dir='ltr' id='par_1_83' title="bbox 363 4056 3637 4132">
     <span class='ocr_line' id='line_1_83' title="bbox 363 4056 3637 4132; baseline -0.002 -13"><span class='ocrx_word' id='word_1_561' title='bbox 363 4071 422 4119; x_wconf 90' lang='lat' dir='ltr'><strong>et</strong></span> <span class='ocrx_word' id='word_1_562' title='bbox 484 4061 777 4132; x_wconf 83' lang='lat' dir='ltr'><strong>lngenuus,</strong></span> <span class='ocrx_word' id='word_1_563' title='bbox 826 4076 1063 4131; x_wconf 89' lang='lat' dir='ltr'><strong>cumque</strong></span> <span class='ocrx_word' id='word_1_564' title='bbox 1117 4061 1222 4117; x_wconf 88' lang='lat' dir='ltr'><strong>illis</strong></span> <span class='ocrx_word' id='word_1_565' title='bbox 1259 4075 1429 4117; x_wconf 82' lang='lat' dir='ltr'><strong>senex</strong></span> <span class='ocrx_word' id='word_1_566' title='bbox 1486 4056 1842 4129; x_wconf 85' lang='lat' dir='ltr'><strong>Theophilus,</strong></span> <span class='ocrx_word' id='word_1_567' title='bbox 1882 4065 2010 4112; x_wconf 87' lang='lat' dir='ltr'><strong>ante</strong></span> <span class='ocrx_word' id='word_1_568' title='bbox 2049 4056 2363 4126; x_wconf 52' lang='lat' dir='ltr'><strong>praetorium</strong></span> <span class='ocrx_word' id='word_1_569' title='bbox 2411 4056 2654 4111; x_wconf 87' lang='lat' dir='ltr'><strong>stabant.</strong></span> <span class='ocrx_word' id='word_1_570' title='bbox 2703 4057 2917 4113; x_wconf 88' lang='lat' dir='ltr'><strong>Etcum</strong></span> <span class='ocrx_word' id='word_1_571' title='bbox 2971 4060 3192 4129; x_wconf 87' lang='lat' dir='ltr'><strong>quidam</strong></span> <span class='ocrx_word' id='word_1_572' title='bbox 3233 4063 3304 4116; x_wconf 90' lang='lat' dir='ltr'><strong>ob</strong></span> <span class='ocrx_word' id='word_1_573' title='bbox 3367 4059 3637 4117; x_wconf 73' lang='lat' dir='ltr'><strong>Christia-</strong></span> 
     </span>
    </p>
   </div>
   <div class='ocr_carea' id='block_1_84' title="bbox 368 4148 3637 4226">
    <p class='ocr_par' dir='ltr' id='par_1_84' title="bbox 368 4148 3637 4226">
     <span class='ocr_line' id='line_1_84' title="bbox 368 4148 3637 4226; baseline 0.001 -21"><span class='ocrx_word' id='word_1_574' title='bbox 368 4166 492 4205; x_wconf 87' lang='lat' dir='ltr'><strong>nam</strong></span> <span class='ocrx_word' id='word_1_575' title='bbox 528 4151 846 4222; x_wconf 88' lang='lat' dir='ltr'><strong>religionem</strong></span> <span class='ocrx_word' id='word_1_576' title='bbox 887 4152 942 4206; x_wconf 92' lang='lat' dir='ltr'><strong>in</strong></span> <span class='ocrx_word' id='word_1_577' title='bbox 970 4152 1233 4221; x_wconf 87' lang='lat' dir='ltr'><strong>judicium</strong></span> <span class='ocrx_word' id='word_1_578' title='bbox 1280 4153 1553 4226; x_wconf 88' lang='lat' dir='ltr'><strong>inductus,</strong></span> <span class='ocrx_word' id='word_1_579' title='bbox 1583 4149 1917 4221; x_wconf 86' lang='lat' dir='ltr'><strong>jamjamque</strong></span> <span class='ocrx_word' id='word_1_580' title='bbox 1957 4159 2259 4219; x_wconf 82' lang='lat' dir='ltr'><strong>negaturus</strong></span> <span class='ocrx_word' id='word_1_581' title='bbox 2327 4148 2612 4207; x_wconf 84' lang='lat' dir='ltr'><strong>Christum</strong></span> <span class='ocrx_word' id='word_1_582' title='bbox 2682 4152 2982 4218; x_wconf 86' lang='lat' dir='ltr'><strong>videretur,</strong></span> <span class='ocrx_word' id='word_1_583' title='bbox 3038 4153 3115 4208; x_wconf 87' lang='lat' dir='ltr'><strong>illi</strong></span> <span class='ocrx_word' id='word_1_584' title='bbox 3150 4163 3396 4209; x_wconf 87' lang='lat' dir='ltr'><strong>astantes</strong></span> <span class='ocrx_word' id='word_1_585' title='bbox 3456 4152 3637 4210; x_wconf 86' lang='lat' dir='ltr'><strong>denti-</strong></span> 
     </span>
    </p>
   </div>
   <div class='ocr_carea' id='block_1_85' title="bbox 370 4242 3637 4316">
    <p class='ocr_par' dir='ltr' id='par_1_85' title="bbox 370 4242 3637 4316">
     <span class='ocr_line' id='line_1_85' title="bbox 370 4242 3637 4316; baseline 0.001 -18"><span class='ocrx_word' id='word_1_586' title='bbox 370 4244 471 4298; x_wconf 88' lang='lat' dir='ltr'><strong>bus</strong></span> <span class='ocrx_word' id='word_1_587' title='bbox 540 4243 800 4311; x_wconf 89' lang='lat' dir='ltr'><strong>stridere,</strong></span> <span class='ocrx_word' id='word_1_588' title='bbox 863 4244 1013 4300; x_wconf 82' lang='lat' dir='ltr'><strong>voltu</strong></span> <span class='ocrx_word' id='word_1_589' title='bbox 1044 4245 1297 4311; x_wconf 88' lang='lat' dir='ltr'><strong>innuere,</strong></span> <span class='ocrx_word' id='word_1_590' title='bbox 1364 4259 1560 4300; x_wconf 88' lang='lat' dir='ltr'><strong>manus</strong></span> <span class='ocrx_word' id='word_1_591' title='bbox 1607 4245 1927 4309; x_wconf 80' lang='lat' dir='ltr'><strong>extendere,</strong></span> <span class='ocrx_word' id='word_1_592' title='bbox 1959 4257 2024 4297; x_wconf 86' lang='lat' dir='ltr'><strong>ac</strong></span> <span class='ocrx_word' id='word_1_593' title='bbox 2064 4242 2229 4297; x_wconf 91' lang='lat' dir='ltr'><strong>totius</strong></span> <span class='ocrx_word' id='word_1_594' title='bbox 2277 4243 2438 4299; x_wconf 89' lang='lat' dir='ltr'><strong>simul</strong></span> <span class='ocrx_word' id='word_1_595' title='bbox 2493 4244 2743 4315; x_wconf 90' lang='lat' dir='ltr'><strong>corporis</strong></span> <span class='ocrx_word' id='word_1_596' title='bbox 2804 4255 2983 4300; x_wconf 89' lang='lat' dir='ltr'><strong>motus</strong></span> <span class='ocrx_word' id='word_1_597' title='bbox 3010 4248 3307 4316; x_wconf 83' lang='lat' dir='ltr'><strong>gestusque</strong></span> <span class='ocrx_word' id='word_1_598' title='bbox 3333 4244 3501 4303; x_wconf 83' lang='lat' dir='ltr'><strong>edere</strong></span> <span class='ocrx_word' id='word_1_599' title='bbox 3520 4260 3637 4303; x_wconf 70' lang='lat' dir='ltr'><strong>ete-</strong></span> 
     </span>
    </p>
   </div>
   <div class='ocr_carea' id='block_1_86' title="bbox 364 4336 3632 4409">
    <p class='ocr_par' dir='ltr' id='par_1_86' title="bbox 364 4336 3632 4409">
     <span class='ocr_line' id='line_1_86' title="bbox 364 4336 3632 4409; baseline 0.001 -18"><span class='ocrx_word' id='word_1_600' title='bbox 364 4345 586 4407; x_wconf 90' lang='lat' dir='ltr'><strong>perunt.</strong></span> <span class='ocrx_word' id='word_1_601' title='bbox 639 4336 885 4406; x_wconf 85' lang='lat' dir='ltr'><strong>Cumque</strong></span> <span class='ocrx_word' id='word_1_602' title='bbox 935 4336 1178 4392; x_wconf 90' lang='lat' dir='ltr'><strong>omnium</strong></span> <span class='ocrx_word' id='word_1_603' title='bbox 1235 4339 1289 4392; x_wconf 91' lang='lat' dir='ltr'><strong>in</strong></span> <span class='ocrx_word' id='word_1_604' title='bbox 1321 4352 1380 4394; x_wconf 88' lang='lat' dir='ltr'><strong>se</strong></span> <span class='ocrx_word' id='word_1_605' title='bbox 1434 4336 1628 4393; x_wconf 91' lang='lat' dir='ltr'><strong>oculos</strong></span> <span class='ocrx_word' id='word_1_606' title='bbox 1677 4337 2097 4402; x_wconf 84' lang='lat' dir='ltr'><strong>convertissem,</strong></span> <span class='ocrx_word' id='word_1_607' title='bbox 2159 4336 2477 4407; x_wconf 87' lang='lat' dir='ltr'><strong>priusquam</strong></span> <span class='ocrx_word' id='word_1_608' title='bbox 2539 4337 2609 4392; x_wconf 85' lang='lat' dir='ltr'><strong>ah</strong></span> <span class='ocrx_word' id='word_1_609' title='bbox 2668 4338 2849 4407; x_wconf 91' lang='lat' dir='ltr'><strong>aliquo</strong></span> <span class='ocrx_word' id='word_1_610' title='bbox 2880 4339 3502 4409; x_wconf 83' lang='lat' dir='ltr'><strong>comprehenderentur,</strong></span> <span class='ocrx_word' id='word_1_611' title='bbox 3531 4339 3632 4409; x_wconf 84' lang='lat' dir='ltr'><strong>ipsi</strong></span> 
     </span>
    </p>
   </div>
   <div class='ocr_carea' id='block_1_87' title="bbox 363 4427 3633 4504">
    <p class='ocr_par' dir='ltr' id='par_1_87' title="bbox 363 4427 3633 4504">
     <span class='ocr_line' id='line_1_87' title="bbox 363 4427 3633 4504; baseline 0.001 -18"><span class='ocrx_word' id='word_1_612' title='bbox 363 4429 429 4486; x_wconf 85' lang='lat' dir='ltr'><strong>ad</strong></span> <span class='ocrx_word' id='word_1_613' title='bbox 457 4428 774 4488; x_wconf 87' lang='lat' dir='ltr'><strong>subsellium</strong></span> <span class='ocrx_word' id='word_1_614' title='bbox 799 4435 1167 4495; x_wconf 86' lang='lat' dir='ltr'><strong>accurrentes,</strong></span> <span class='ocrx_word' id='word_1_615' title='bbox 1207 4427 1550 4485; x_wconf 87' lang='lat' dir='ltr'><strong>Christianos</strong></span> <span class='ocrx_word' id='word_1_616' title='bbox 1607 4445 1668 4487; x_wconf 86' lang='lat' dir='ltr'><strong>se</strong></span> <span class='ocrx_word' id='word_1_617' title='bbox 1699 4443 1823 4486; x_wconf 87' lang='lat' dir='ltr'><strong>esse</strong></span> <span class='ocrx_word' id='word_1_618' title='bbox 1848 4427 2082 4499; x_wconf 89' lang='lat' dir='ltr'><strong>professi</strong></span> <span class='ocrx_word' id='word_1_619' title='bbox 2139 4438 2287 4485; x_wconf 88' lang='lat' dir='ltr'><strong>sunt.</strong></span> <span class='ocrx_word' id='word_1_620' title='bbox 2320 4428 2438 4496; x_wconf 86' lang='lat' dir='ltr'><strong>Quo</strong></span> <span class='ocrx_word' id='word_1_621' title='bbox 2459 4428 2605 4486; x_wconf 85' lang='lat' dir='ltr'><strong>facto</strong></span> <span class='ocrx_word' id='word_1_622' title='bbox 2660 4428 2949 4499; x_wconf 71' lang='lat' dir='ltr'><strong>praefectus</strong></span> <span class='ocrx_word' id='word_1_623' title='bbox 3003 4439 3060 4486; x_wconf 90' lang='lat' dir='ltr'><strong>et</strong></span> <span class='ocrx_word' id='word_1_624' title='bbox 3089 4445 3397 4487; x_wconf 86' lang='lat' dir='ltr'><strong>assessorcs</strong></span> <span class='ocrx_word' id='word_1_625' title='bbox 3448 4431 3544 4504; x_wconf 85' lang='lat' dir='ltr'><strong>qui</strong></span> <span class='ocrx_word' id='word_1_626' title='bbox 3579 4433 3633 4489; x_wconf 88' lang='lat' dir='ltr'><strong>in</strong></span> 
     </span>
    </p>
   </div>
   <div class='ocr_carea' id='block_1_88' title="bbox 435 4607 3631 4686">
    <p class='ocr_par' dir='ltr' id='par_1_88' title="bbox 435 4607 3631 4686">
     <span class='ocr_line' id='line_1_88' title="bbox 435 4607 3631 4686; baseline 0 -22"><span class='ocrx_word' id='word_1_627' title='bbox 435 4609 548 4686; x_wconf 68' lang='lat'><strong>(2|)</strong></span> <span class='ocrx_word' id='word_1_628' title='bbox 586 4608 710 4686; x_wconf 34' lang='grc' dir='ltr'><strong>Καὶ.</strong></span> <span class='ocrx_word' id='word_1_629' title='bbox 733 4608 934 4686; x_wconf 45' lang='grc' dir='ltr'><strong>’ᾼτήρε</strong></span> <span class='ocrx_word' id='word_1_630' title='bbox 949 4607 1102 4686; x_wconf 76' lang='lat' dir='ltr'><strong>Apud</strong></span> <span class='ocrx_word' id='word_1_631' title='bbox 1125 4608 1750 4686; x_wconf 61' lang='lat' dir='ltr'><strong>Georgium__Syncelltt_m</strong></span> <span class='ocrx_word' id='word_1_632' title='bbox 1781 4619 1837 4666; x_wconf 91' lang='lat' dir='ltr'><strong>et</strong></span> <span class='ocrx_word' id='word_1_633' title='bbox 1858 4608 1945 4686; x_wconf 62' lang='grc' dir='ltr'><strong>ῌί-</strong></span> <span class='ocrx_word' id='word_1_634' title='bbox 1975 4613 2019 4669; x_wconf 89' lang='lat' dir='ltr'><strong>D</strong></span> <span class='ocrx_word' id='word_1_635' title='bbox 2048 4618 2230 4665; x_wconf 89' lang='lat' dir='ltr'><strong>vetere</strong></span> <span class='ocrx_word' id='word_1_636' title='bbox 2257 4607 2639 4686; x_wconf 65' lang='lat' dir='ltr'><strong>Martyrologig</strong></span> <span class='ocrx_word' id='word_1_637' title='bbox 2665 4609 2931 4686; x_wconf 55' lang='lat' dir='ltr'><strong>Enniano,</strong></span> <span class='ocrx_word' id='word_1_638' title='bbox 2968 4611 3168 4686; x_wconf 76' lang='lat' dir='ltr'><strong>natalis</strong></span> <span class='ocrx_word' id='word_1_639' title='bbox 3197 4611 3390 4667; x_wconf 90' lang='lat' dir='ltr'><strong>horum</strong></span> <span class='ocrx_word' id='word_1_640' title='bbox 3422 4621 3631 4686; x_wconf 73' lang='lat' dir='ltr'><strong>marty-</strong></span> 
     </span>
    </p>
   </div>
   <div class='ocr_carea' id='block_1_89' title="bbox 358 4677 3274 4750">
    <p class='ocr_par' dir='ltr' id='par_1_89' title="bbox 358 4677 3274 4750">
     <span class='ocr_line' id='line_1_89' title="bbox 358 4677 3274 4750; baseline 0 -14"><span class='ocrx_word' id='word_1_641' title='bbox 358 4677 655 4750; x_wconf 55' lang='lat' dir='ltr'><strong>cepho&#39;rum</strong></span> <span class='ocrx_word' id='word_1_642' title='bbox 699 4677 896 4749; x_wconf 80' lang='lat' dir='ltr'><strong>legitur</strong></span> <span class='ocrx_word' id='word_1_643' title='bbox 921 4677 1163 4750; x_wconf 68' lang='lat' dir='ltr'><strong>’Adzjrip.</strong></span> <span class='ocrx_word' id='word_1_644' title='bbox 1211 4679 1265 4734; x_wconf 88' lang='lat' dir='ltr'><strong>In</strong></span> <span class='ocrx_word' id='word_1_645' title='bbox 1315 4677 1539 4745; x_wconf 79' lang='lat' dir='ltr'><strong>Rufino,</strong></span> <span class='ocrx_word' id='word_1_646' title='bbox 1573 4680 1821 4735; x_wconf 73' lang='lat' dir='ltr'><strong>Arsiam.</strong></span> <span class='ocrx_word' id='word_1_647' title='bbox 1877 4681 1933 4736; x_wconf 91' lang='lat' dir='ltr'><strong>In</strong></span> <span class='ocrx_word' id='word_1_648' title='bbox 2050 4677 2424 4750; x_wconf 10' lang='lat' dir='ltr'><strong>rumiponitur</strong></span> <span class='ocrx_word' id='word_1_649' title='bbox 2450 4677 3274 4750; x_wconf 52' lang='lat' dir='ltr'><strong>die&#39;15KalendasIanuarias.</strong></span> 
     </span>
    </p>
   </div>
   <div class='ocr_carea' id='block_1_90' title="bbox 359 4748 3629 4823">
    <p class='ocr_par' dir='ltr' id='par_1_90' title="bbox 359 4748 3629 4823">
     <span class='ocr_line' id='line_1_90' title="bbox 359 4748 3629 4823; baseline 0.001 -18"><span class='ocrx_word' id='word_1_650' title='bbox 359 4748 544 4823; x_wconf 67' lang='lat' dir='ltr'><strong>vetere</strong></span> <span class='ocrx_word' id='word_1_651' title='bbox 601 4748 982 4823; x_wconf 51' lang='lat' dir='ltr'><strong>Martyrologio</strong></span> <span class='ocrx_word' id='word_1_652' title='bbox 1030 4748 1296 4823; x_wconf 76' lang='lat' dir='ltr'><strong>Romano,</strong></span> <span class='ocrx_word' id='word_1_653' title='bbox 1341 4750 1934 4823; x_wconf 67' lang='lat' dir='ltr'><strong>qu0d_ntagna_p_arte</strong></span> <span class='ocrx_word' id='word_1_654' title='bbox 2045 4822 2052 4823; x_wconf 15' lang='grc' dir='ltr'>ί</span> <span class='ocrx_word' id='word_1_655' title='bbox 2114 4749 2225 4821; x_wconf 75' lang='grc'>(22)</span> <span class='ocrx_word' id='word_1_656' title='bbox 2271 4749 2398 4803; x_wconf 76' lang='grc' dir='ltr'><strong>Ἐπὶ</strong></span> <span class='ocrx_word' id='word_1_657' title='bbox 2424 4748 2492 4804; x_wconf 81' lang='grc' dir='ltr'>τὸ</span> <span class='ocrx_word' id='word_1_658' title='bbox 2514 4748 2768 4821; x_wconf 78' lang='grc' dir='ltr'>βάθρον.</span> <span class='ocrx_word' id='word_1_659' title='bbox 2787 4752 3115 4807; x_wconf 86' lang='lat' dir='ltr'><strong>Subselll&#39;um</strong></span> <span class='ocrx_word' id='word_1_660' title='bbox 3137 4752 3362 4823; x_wconf 85' lang='lat' dir='ltr'><strong>intelligi</strong></span> <span class='ocrx_word' id='word_1_661' title='bbox 3392 4753 3629 4821; x_wconf 87' lang='lat' dir='ltr'><strong>videtur,</strong></span> 
     </span>
    </p>
   </div>
   <div class='ocr_carea' id='block_1_91' title="bbox 358 4818 3626 4894">
    <p class='ocr_par' dir='ltr' id='par_1_91' title="bbox 358 4818 3626 4894">
     <span class='ocr_line' id='line_1_91' title="bbox 358 4818 3626 4894; baseline 0.001 -19"><span class='ocrx_word' id='word_1_662' title='bbox 358 4821 705 4894; x_wconf 72' lang='lat' dir='ltr'><strong>desumptqu</strong></span> <span class='ocrx_word' id='word_1_663' title='bbox 734 4818 819 4875; x_wconf 76' lang='lat' dir='ltr'><strong>est</strong></span> <span class='ocrx_word' id='word_1_664' title='bbox 841 4818 911 4874; x_wconf 13' lang='lat' dir='ltr'><strong>ex,</strong></span> <span class='ocrx_word' id='word_1_665' title='bbox 932 4818 1157 4886; x_wconf 82' lang='lat' dir='ltr'><strong>Rufino,</strong></span> <span class='ocrx_word' id='word_1_666' title='bbox 1182 4819 1438 4875; x_wconf 80' lang='lat' dir='ltr'><strong>Arsenius</strong></span> <span class='ocrx_word' id='word_1_667' title='bbox 1478 4818 1679 4875; x_wconf 74' lang='lat' dir='ltr'><strong>dicitur</strong></span> <span class='ocrx_word' id='word_1_668' title='bbox 1704 4818 1925 4878; x_wconf 38' lang='lat' dir='ltr'><strong>lii—Kal.</strong></span> <span class='ocrx_word' id='word_1_669' title='bbox 2039 4822 2094 4877; x_wconf 90' lang='lat' dir='ltr'><strong>in</strong></span> <span class='ocrx_word' id='word_1_670' title='bbox 2121 4818 2230 4894; x_wconf 80' lang='lat' dir='ltr'><strong>quo</strong></span> <span class='ocrx_word' id='word_1_671' title='bbox 2258 4823 2481 4894; x_wconf 82' lang='lat' dir='ltr'><strong>sedebat</strong></span> <span class='ocrx_word' id='word_1_672' title='bbox 2530 4818 2657 4877; x_wconf 82' lang='lat' dir='ltr'><strong>reus</strong></span> <span class='ocrx_word' id='word_1_673' title='bbox 2684 4837 2809 4876; x_wconf 91' lang='lat' dir='ltr'><strong>cum</strong></span> <span class='ocrx_word' id='word_1_674' title='bbox 2850 4837 2882 4894; x_wconf 84' lang='lat' dir='ltr'><strong>_a</strong></span> <span class='ocrx_word' id='word_1_675' title='bbox 2937 4822 3123 4894; x_wconf 82' lang='lat' dir='ltr'><strong>judice</strong></span> <span class='ocrx_word' id='word_1_676' title='bbox 3170 4818 3626 4894; x_wconf 68' lang='lat' dir='ltr'><strong>interrogaretur,</strong></span> 
     </span>
    </p>
   </div>
   <div class='ocr_carea' id='block_1_92' title="bbox 357 4889 3627 4959">
    <p class='ocr_par' dir='ltr' id='par_1_92' title="bbox 357 4889 3627 4959">
     <span class='ocr_line' id='line_1_92' title="bbox 357 4889 3627 4959; baseline 0.002 -14"><span class='ocrx_word' id='word_1_677' title='bbox 357 4889 670 4945; x_wconf 76' lang='lat' dir='ltr'><strong>Janttarias.</strong></span> <span class='ocrx_word' id='word_1_678' title='bbox 1476 4958 1497 4959; x_wconf 23' lang='grc' dir='ltr'><strong>μ</strong></span> <span class='ocrx_word' id='word_1_679' title='bbox 2050 4889 2212 4947; x_wconf 87' lang='lat' dir='ltr'><strong>hodie</strong></span> <span class='ocrx_word' id='word_1_680' title='bbox 2248 4891 2494 4945; x_wconf 86' lang='lat' dir='ltr'><strong>sellulatn</strong></span> <span class='ocrx_word' id='word_1_681' title='bbox 2522 4905 2807 4946; x_wconf 83' lang='lat' dir='ltr'><strong>vocamus.</strong></span> <span class='ocrx_word' id='word_1_682' title='bbox 2848 4891 2904 4945; x_wconf 88' lang='lat' dir='ltr'><strong>In</strong></span> <span class='ocrx_word' id='word_1_683' title='bbox 2939 4889 3086 4945; x_wconf 65' lang='lat' dir='ltr'><strong>Actis</strong></span> <span class='ocrx_word' id='word_1_684' title='bbox 3110 4889 3407 4959; x_wconf 58' lang='lat' dir='ltr'><strong>passionis&#39;</strong></span> <span class='ocrx_word' id='word_1_685' title='bbox 3426 4889 3627 4950; x_wconf 62' lang='lat' dir='ltr'><strong>Philete</strong></span> 
     </span>
    </p>
   </div>
   <div class='ocr_carea' id='block_1_93' title="bbox 2045 4961 3628 5032">
    <p class='ocr_par' dir='ltr' id='par_1_93' title="bbox 2045 4961 3628 5032">
     <span class='ocr_line' id='line_1_93' title="bbox 2045 4961 3628 5032; baseline 0.002 -17"><span class='ocrx_word' id='word_1_686' title='bbox 2045 4963 2304 5032; x_wconf 88' lang='lat' dir='ltr'><strong>martyris</strong></span> <span class='ocrx_word' id='word_1_687' title='bbox 2333 4962 2525 5014; x_wconf 78' lang='lat' dir='ltr'><strong>antbon</strong></span> <span class='ocrx_word' id='word_1_688' title='bbox 2555 4961 2755 5032; x_wconf 85' lang='lat' dir='ltr'><strong>dicitur</strong></span> <span class='ocrx_word' id='word_1_689' title='bbox 2784 4976 2878 5016; x_wconf 88' lang='lat' dir='ltr'><strong>seu</strong></span> <span class='ocrx_word' id='word_1_690' title='bbox 2912 4962 3197 5032; x_wconf 60' lang='lat' dir='ltr'><strong>pulpitum.</strong></span> <span class='ocrx_word' id='word_1_691' title='bbox 3250 4962 3341 5017; x_wconf 88' lang='lat' dir='ltr'><strong>Sic</strong></span> <span class='ocrx_word' id='word_1_692' title='bbox 3368 4964 3513 5018; x_wconf 91' lang='lat' dir='ltr'><strong>enim</strong></span> <span class='ocrx_word' id='word_1_693' title='bbox 3546 4966 3628 5018; x_wconf 80' lang='lat' dir='ltr'><strong>in-</strong></span> 
     </span>
    </p>
   </div>
   <div class='ocr_carea' id='block_1_94' title="bbox 2042 5030 3599 5104">
    <p class='ocr_par' dir='ltr' id='par_1_94' title="bbox 2042 5030 3599 5104">
     <span class='ocr_line' id='line_1_94' title="bbox 2042 5030 3599 5104; baseline 0.001 -19"><span class='ocrx_word' id='word_1_694' title='bbox 2042 5030 2247 5104; x_wconf 66' lang='lat' dir='ltr'><strong>cipiuitt</strong></span> <span class='ocrx_word' id='word_1_695' title='bbox 2270 5031 2403 5104; x_wconf 78' lang='lat' dir='ltr'><strong>Arta</strong></span> <span class='ocrx_word' id='word_1_696' title='bbox 2431 5032 2521 5086; x_wconf 88' lang='lat' dir='ltr'><strong>illa</strong></span> <span class='ocrx_word' id='word_1_697' title='bbox 2553 5047 2566 5083; x_wconf 90' lang='lat'><strong>:</strong></span> <span class='ocrx_word' id='word_1_698' title='bbox 2600 5030 2857 5099; x_wconf 80' lang='lat' dir='ltr'><strong>Imposito</strong></span> <span class='ocrx_word' id='word_1_699' title='bbox 2882 5048 3005 5104; x_wconf 85' lang='lat' dir='ltr'><strong>ergo</strong></span> <span class='ocrx_word' id='word_1_700' title='bbox 3043 5030 3233 5086; x_wconf 79' lang='lat' dir='ltr'><strong>Philea</strong></span> <span class='ocrx_word' id='word_1_701' title='bbox 3258 5050 3419 5103; x_wconf 76' lang='lat' dir='ltr'><strong>super</strong></span> <span class='ocrx_word' id='word_1_702' title='bbox 3442 5038 3599 5087; x_wconf 84' lang='lat' dir='ltr'><strong>ambo</strong></span> 
     </span>
    </p>
   </div>
   <div class='ocr_carea' id='block_1_95' title="bbox 2040 5101 2902 5166">
    <p class='ocr_par' dir='ltr' id='par_1_95' title="bbox 2040 5101 2902 5166">
     <span class='ocr_line' id='line_1_95' title="bbox 2040 5101 2902 5166; baseline 0 -11"><span class='ocrx_word' id='word_1_703' title='bbox 2040 5117 2178 5166; x_wconf 86' lang='lat' dir='ltr'><strong>nem,</strong></span> <span class='ocrx_word' id='word_1_704' title='bbox 2207 5101 2495 5155; x_wconf 83' lang='lat' dir='ltr'><strong>Culcianus</strong></span> <span class='ocrx_word' id='word_1_705' title='bbox 2525 5118 2719 5166; x_wconf 72' lang='lat' dir='ltr'><strong>prieses</strong></span> <span class='ocrx_word' id='word_1_706' title='bbox 2743 5104 2902 5156; x_wconf 77' lang='lat' dir='ltr'><strong>dixit.</strong></span> 
     </span>
    </p>
   </div>
   <div class='ocr_carea' id='block_1_96' title="bbox 430 4958 1937 5031">
    <p class='ocr_par' dir='ltr' id='par_1_96' title="bbox 430 4958 1937 5031">
     <span class='ocr_line' id='line_1_96' title="bbox 430 4958 1937 5031; baseline 0.001 -17"><span class='ocrx_word' id='word_1_707' title='bbox 430 4959 575 5031; x_wconf 60' lang='grc'><strong>(21⁸)</strong></span> <span class='ocrx_word' id='word_1_708' title='bbox 622 4959 942 5031; x_wconf 74' lang='grc' dir='ltr'>Σύντατμα</span> <span class='ocrx_word' id='word_1_709' title='bbox 965 4961 1413 5031; x_wconf 51' lang='grc' dir='ltr'>στρατιωτικόν,</span> <span class='ocrx_word' id='word_1_710' title='bbox 1459 4958 1657 5031; x_wconf 76' lang='grc' dir='ltr'><strong>Τηνηια</strong></span> <span class='ocrx_word' id='word_1_711' title='bbox 1710 4960 1937 5016; x_wconf 81' lang='lat' dir='ltr'><strong>militum</strong></span> 
     </span>
    </p>
   </div>
   <div class='ocr_carea' id='block_1_97' title="bbox 358 5028 1934 5098">
    <p class='ocr_par' dir='ltr' id='par_1_97' title="bbox 358 5028 1934 5098">
     <span class='ocr_line' id='line_1_97' title="bbox 358 5028 1934 5098; baseline 0.003 -16"><span class='ocrx_word' id='word_1_712' title='bbox 358 5028 523 5085; x_wconf 78' lang='lat' dir='ltr'><strong>vertit</strong></span> <span class='ocrx_word' id='word_1_713' title='bbox 548 5028 795 5091; x_wconf 74' lang='lat' dir='ltr'><strong>Rufinus,</strong></span> <span class='ocrx_word' id='word_1_714' title='bbox 825 5028 984 5097; x_wconf 87' lang='lat' dir='ltr'><strong>quem</strong></span> <span class='ocrx_word' id='word_1_715' title='bbox 1015 5043 1236 5085; x_wconf 85' lang='lat' dir='ltr'><strong>secutus</strong></span> <span class='ocrx_word' id='word_1_716' title='bbox 1259 5043 1344 5086; x_wconf 91' lang='lat' dir='ltr'><strong>est</strong></span> <span class='ocrx_word' id='word_1_717' title='bbox 1379 5030 1934 5098; x_wconf 78' lang='lat' dir='ltr'><strong>Cltristophorsomis.</strong></span> 
     </span>
    </p>
   </div>
   <div class='ocr_carea' id='block_1_98' title="bbox 359 5098 1932 5169">
    <p class='ocr_par' dir='ltr' id='par_1_98' title="bbox 359 5098 1932 5169">
     <span class='ocr_line' id='line_1_98' title="bbox 359 5098 1932 5169; baseline 0.003 -17"><span class='ocrx_word' id='word_1_718' title='bbox 359 5098 474 5168; x_wconf 87' lang='lat' dir='ltr'><strong>Ego</strong></span> <span class='ocrx_word' id='word_1_719' title='bbox 501 5098 835 5169; x_wconf 76' lang='lat' dir='ltr'><strong>manipulum</strong></span> <span class='ocrx_word' id='word_1_720' title='bbox 862 5114 955 5153; x_wconf 90' lang='lat' dir='ltr'><strong>seu</strong></span> <span class='ocrx_word' id='word_1_721' title='bbox 994 5101 1397 5155; x_wconf 81' lang='lat' dir='ltr'><strong>contubernium</strong></span> <span class='ocrx_word' id='word_1_722' title='bbox 1445 5101 1629 5155; x_wconf 89' lang='lat' dir='ltr'><strong>malim</strong></span> <span class='ocrx_word' id='word_1_723' title='bbox 1667 5102 1932 5169; x_wconf 78' lang='lat' dir='ltr'><strong>interpre-</strong></span> 
     </span>
    </p>
   </div>
   <div class='ocr_carea' id='block_1_99' title="bbox 361 5168 1932 5241">
    <p class='ocr_par' dir='ltr' id='par_1_99' title="bbox 361 5168 1932 5241">
     <span class='ocr_line' id='line_1_99' title="bbox 361 5168 1932 5241; baseline 0.002 -18"><span class='ocrx_word' id='word_1_724' title='bbox 361 5170 488 5223; x_wconf 89' lang='lat' dir='ltr'><strong>tari.</strong></span> <span class='ocrx_word' id='word_1_725' title='bbox 514 5168 743 5234; x_wconf 78' lang='lat' dir='ltr'><strong>Quidam</strong></span> <span class='ocrx_word' id='word_1_726' title='bbox 787 5169 1059 5241; x_wconf 84' lang='lat' dir='ltr'><strong>suspicari</strong></span> <span class='ocrx_word' id='word_1_727' title='bbox 1105 5182 1346 5241; x_wconf 87' lang='lat' dir='ltr'><strong>possent,</strong></span> <span class='ocrx_word' id='word_1_728' title='bbox 1393 5170 1495 5227; x_wconf 90' lang='lat' dir='ltr'><strong>hos</strong></span> <span class='ocrx_word' id='word_1_729' title='bbox 1531 5168 1932 5241; x_wconf 12' lang='lat' dir='ltr'><strong>militesrl&#39;u’isse</strong></span> 
     </span>
    </p>
   </div>
   <div class='ocr_carea' id='block_1_100' title="bbox 355 5240 1928 5314">
    <p class='ocr_par' dir='ltr' id='par_1_100' title="bbox 355 5240 1928 5314">
     <span class='ocr_line' id='line_1_100' title="bbox 355 5240 1928 5314; baseline 0.002 -21"><span class='ocrx_word' id='word_1_730' title='bbox 355 5241 697 5314; x_wconf 75' lang='lat' dir='ltr'><strong>apparitores</strong></span> <span class='ocrx_word' id='word_1_731' title='bbox 741 5255 833 5314; x_wconf 82' lang='lat' dir='ltr'><strong>seu</strong></span> <span class='ocrx_word' id='word_1_732' title='bbox 873 5240 1132 5296; x_wconf 79' lang='lat' dir='ltr'><strong>oﬂlciales</strong></span> <span class='ocrx_word' id='word_1_733' title='bbox 1187 5240 1426 5314; x_wconf 68' lang='lat' dir='ltr'><strong>praefecti</strong></span> <span class='ocrx_word' id='word_1_734' title='bbox 1473 5240 1810 5314; x_wconf 66' lang='lat' dir='ltr'><strong>Augustalis,</strong></span> <span class='ocrx_word' id='word_1_735' title='bbox 1862 5257 1928 5314; x_wconf 83' lang='lat' dir='ltr'><strong>eo</strong></span> 
     </span>
    </p>
   </div>
   <div class='ocr_carea' id='block_1_101' title="bbox 353 5310 1920 5380">
    <p class='ocr_par' dir='ltr' id='par_1_101' title="bbox 353 5310 1920 5380">
     <span class='ocr_line' id='line_1_101' title="bbox 353 5310 1920 5380; baseline 0.004 -19"><span class='ocrx_word' id='word_1_736' title='bbox 353 5310 497 5380; x_wconf 89' lang='lat' dir='ltr'><strong>quod</strong></span> <span class='ocrx_word' id='word_1_737' title='bbox 519 5310 739 5364; x_wconf 87' lang='lat' dir='ltr'><strong>stetisse</strong></span> <span class='ocrx_word' id='word_1_738' title='bbox 766 5311 1021 5366; x_wconf 88' lang='lat' dir='ltr'><strong>dicuntur</strong></span> <span class='ocrx_word' id='word_1_739' title='bbox 1047 5321 1172 5365; x_wconf 86' lang='lat' dir='ltr'><strong>ante</strong></span> <span class='ocrx_word' id='word_1_740' title='bbox 1206 5313 1540 5380; x_wconf 64' lang='lat' dir='ltr'><strong>praetorium.</strong></span> <span class='ocrx_word' id='word_1_741' title='bbox 1566 5310 1701 5380; x_wconf 31' lang='lat' dir='ltr'><strong>’Ego</strong></span> <span class='ocrx_word' id='word_1_742' title='bbox 1741 5310 1920 5367; x_wconf 84' lang='lat' dir='ltr'><strong>tamen</strong></span> 
     </span>
    </p>
   </div>
   <div class='ocr_carea' id='block_1_102' title="bbox 352 5379 1920 5501">
    <p class='ocr_par' dir='ltr' id='par_1_102' title="bbox 352 5379 1920 5501">
     <span class='ocr_line' id='line_1_102' title="bbox 352 5379 1920 5501; baseline 0.003 -70"><span class='ocrx_word' id='word_1_743' title='bbox 352 5379 534 5501; x_wconf 69' lang='lat' dir='ltr'><strong>petitis</strong></span> <span class='ocrx_word' id='word_1_744' title='bbox 564 5380 885 5435; x_wconf 89' lang='lat' dir='ltr'><strong>crediderim</strong></span> <span class='ocrx_word' id='word_1_745' title='bbox 911 5381 1240 5452; x_wconf 83' lang='lat' dir='ltr'><strong>legionarios</strong></span> <span class='ocrx_word' id='word_1_746' title='bbox 1275 5383 1473 5436; x_wconf 88' lang='lat' dir='ltr'><strong>milites</strong></span> <span class='ocrx_word' id='word_1_747' title='bbox 1510 5379 1702 5445; x_wconf 88' lang='lat' dir='ltr'><strong>fuisse,</strong></span> <span class='ocrx_word' id='word_1_748' title='bbox 1743 5396 1811 5437; x_wconf 83' lang='lat' dir='ltr'><strong>ex</strong></span> <span class='ocrx_word' id='word_1_749' title='bbox 1854 5396 1920 5435; x_wconf 89' lang='lat' dir='ltr'><strong>ea</strong></span> 
     </span>
     <span class='ocr_line' id='line_1_103' title="bbox 373 5450 1920 5501; baseline 0 0"><span class='ocrx_word' id='word_1_750' title='bbox 373 5450 561 5501; x_wconf 69' lang='lat' dir='ltr'><strong>enione</strong></span> <span class='ocrx_word' id='word_1_751' title='bbox 587 5465 708 5501; x_wconf 62' lang='lat' dir='ltr'><strong>uuas</strong></span> <span class='ocrx_word' id='word_1_752' title='bbox 747 5453 814 5501; x_wconf 89' lang='lat' dir='ltr'><strong>ad</strong></span> <span class='ocrx_word' id='word_1_753' title='bbox 857 5452 1158 5501; x_wconf 84' lang='lat' dir='ltr'><strong>custodiam</strong></span> <span class='ocrx_word' id='word_1_754' title='bbox 1189 5452 1338 5501; x_wconf 87' lang='lat' dir='ltr'><strong>urbis</strong></span> <span class='ocrx_word' id='word_1_755' title='bbox 1379 5452 1760 5501; x_wconf 65' lang='lat' dir='ltr'><strong>Alexandrina:</strong></span> <span class='ocrx_word' id='word_1_756' title='bbox 1806 5460 1920 5501; x_wconf 87' lang='lat' dir='ltr'><strong>erat</strong></span> 
     </span>
    </p>
   </div>
   <div class='ocr_carea' id='block_1_103' title="bbox 373 5450 1925 5519">
    <p class='ocr_par' dir='ltr' id='par_1_103' title="bbox 373 5450 1925 5519">
     <span class='ocr_line' id='line_1_104' title="bbox 373 5450 1925 5519; baseline 0.003 -17"><span class='ocrx_word' id='word_1_757' title='bbox 373 5450 561 5516; x_wconf 75' lang='lat' dir='ltr'><strong>egione</strong></span> <span class='ocrx_word' id='word_1_758' title='bbox 587 5465 708 5519; x_wconf 63' lang='lat' dir='ltr'><strong>quas</strong></span> <span class='ocrx_word' id='word_1_759' title='bbox 747 5453 814 5505; x_wconf 85' lang='lat' dir='ltr'><strong>ad</strong></span> <span class='ocrx_word' id='word_1_760' title='bbox 857 5450 1158 5507; x_wconf 77' lang='lat' dir='ltr'><strong>custodiam</strong></span> <span class='ocrx_word' id='word_1_761' title='bbox 1189 5452 1338 5506; x_wconf 88' lang='lat' dir='ltr'><strong>urbis</strong></span> <span class='ocrx_word' id='word_1_762' title='bbox 1379 5452 1760 5506; x_wconf 73' lang='lat' dir='ltr'><strong>Alexandrina:</strong></span> <span class='ocrx_word' id='word_1_763' title='bbox 1806 5460 1925 5507; x_wconf 88' lang='lat' dir='ltr'><strong>erat</strong></span> 
     </span>
    </p>
   </div>
   <div class='ocr_carea' id='block_1_104' title="bbox 352 5519 1923 5591">
    <p class='ocr_par' dir='ltr' id='par_1_104' title="bbox 352 5519 1923 5591">
     <span class='ocr_line' id='line_1_105' title="bbox 352 5519 1923 5591; baseline 0.004 -20"><span class='ocrx_word' id='word_1_764' title='bbox 352 5519 629 5591; x_wconf 75' lang='lat' dir='ltr'><strong>deputata,</strong></span> <span class='ocrx_word' id='word_1_765' title='bbox 665 5528 723 5575; x_wconf 88' lang='lat' dir='ltr'><strong>et</strong></span> <span class='ocrx_word' id='word_1_766' title='bbox 748 5536 868 5588; x_wconf 82' lang='lat' dir='ltr'><strong>quae</strong></span> <span class='ocrx_word' id='word_1_767' title='bbox 899 5520 1156 5591; x_wconf 66' lang='lat' dir='ltr'><strong>praefecto</strong></span> <span class='ocrx_word' id='word_1_768' title='bbox 1179 5522 1459 5591; x_wconf 86' lang='lat' dir='ltr'><strong>Augustali</strong></span> <span class='ocrx_word' id='word_1_769' title='bbox 1487 5521 1731 5591; x_wconf 84' lang='lat' dir='ltr'><strong>parebat.</strong></span> <span class='ocrx_word' id='word_1_770' title='bbox 1771 5521 1923 5577; x_wconf 66' lang='lat' dir='ltr'><strong>Prat-</strong></span> 
     </span>
    </p>
   </div>
   <div class='ocr_carea' id='block_1_105' title="bbox 353 5587 1922 5662">
    <p class='ocr_par' dir='ltr' id='par_1_105' title="bbox 353 5587 1922 5662">
     <span class='ocr_line' id='line_1_106' title="bbox 353 5587 1922 5662; baseline 0.004 -22"><span class='ocrx_word' id='word_1_771' title='bbox 353 5587 541 5662; x_wconf 78' lang='lat' dir='ltr'><strong>fectus</strong></span> <span class='ocrx_word' id='word_1_772' title='bbox 563 5590 708 5644; x_wconf 90' lang='lat' dir='ltr'><strong>enim</strong></span> <span class='ocrx_word' id='word_1_773' title='bbox 738 5587 1053 5662; x_wconf 75' lang='lat' dir='ltr'><strong>Augustalis</strong></span> <span class='ocrx_word' id='word_1_774' title='bbox 1103 5604 1208 5645; x_wconf 91' lang='lat' dir='ltr'><strong>non</strong></span> <span class='ocrx_word' id='word_1_775' title='bbox 1238 5587 1411 5647; x_wconf 73' lang='lat' dir='ltr'><strong>solum</strong></span> <span class='ocrx_word' id='word_1_776' title='bbox 1456 5587 1636 5647; x_wconf 84' lang='lat' dir='ltr'><strong>civilia</strong></span> <span class='ocrx_word' id='word_1_777' title='bbox 1682 5593 1922 5661; x_wconf 81' lang='lat' dir='ltr'><strong>negotia,</strong></span> 
     </span>
    </p>
   </div>
   <div class='ocr_carea' id='block_1_106' title="bbox 351 5660 1925 5734">
    <p class='ocr_par' dir='ltr' id='par_1_106' title="bbox 351 5660 1925 5734">
     <span class='ocr_line' id='line_1_107' title="bbox 351 5660 1925 5734; baseline 0.002 -19"><span class='ocrx_word' id='word_1_778' title='bbox 351 5660 447 5715; x_wconf 73' lang='lat' dir='ltr'><strong>sed</strong></span> <span class='ocrx_word' id='word_1_779' title='bbox 472 5661 636 5715; x_wconf 81' lang='lat' dir='ltr'><strong>etiam</strong></span> <span class='ocrx_word' id='word_1_780' title='bbox 673 5674 788 5717; x_wconf 87' lang='lat' dir='ltr'><strong>rem</strong></span> <span class='ocrx_word' id='word_1_781' title='bbox 833 5660 1125 5717; x_wconf 77' lang='lat' dir='ltr'><strong>militarem</strong></span> <span class='ocrx_word' id='word_1_782' title='bbox 1172 5675 1237 5718; x_wconf 90' lang='lat' dir='ltr'><strong>eo</strong></span> <span class='ocrx_word' id='word_1_783' title='bbox 1286 5670 1534 5734; x_wconf 88' lang='lat' dir='ltr'><strong>tempore</strong></span> <span class='ocrx_word' id='word_1_784' title='bbox 1566 5660 1817 5729; x_wconf 77' lang='lat' dir='ltr'><strong>curabat.</strong></span> <span class='ocrx_word' id='word_1_785' title='bbox 1865 5662 1925 5718; x_wconf 82' lang='grc' dir='ltr'>ιη</span> 
     </span>
    </p>
   </div>
   <div class='ocr_carea' id='block_1_107' title="bbox 2109 5172 3625 5242">
    <p class='ocr_par' dir='ltr' id='par_1_107' title="bbox 2109 5172 3625 5242">
     <span class='ocr_line' id='line_1_108' title="bbox 2109 5172 3625 5242; baseline 0.003 -18"><span class='ocrx_word' id='word_1_786' title='bbox 2109 5172 2221 5242; x_wconf 74' lang='grc'>(25)</span> <span class='ocrx_word' id='word_1_787' title='bbox 2250 5172 2714 5241; x_wconf 74' lang='grc' dir='ltr'>Θριαμϐεὑοντος</span> <span class='ocrx_word' id='word_1_788' title='bbox 2737 5173 2979 5240; x_wconf 78' lang='grc' dir='ltr'>αὐτούς,</span> <span class='ocrx_word' id='word_1_789' title='bbox 3007 5172 3236 5227; x_wconf 79' lang='lat' dir='ltr'><strong>Rufinus</strong></span> <span class='ocrx_word' id='word_1_790' title='bbox 3263 5172 3426 5228; x_wconf 81' lang='lat' dir='ltr'><strong>vertit</strong></span> <span class='ocrx_word' id='word_1_791' title='bbox 3464 5189 3477 5227; x_wconf 92' lang='lat'>:</span> <span class='ocrx_word' id='word_1_792' title='bbox 3515 5174 3625 5229; x_wconf 79' lang='lat' dir='ltr'><strong>Deo</strong></span> 
     </span>
    </p>
   </div>
   <div class='ocr_carea' id='block_1_108' title="bbox 2032 5242 3620 5314">
    <p class='ocr_par' dir='ltr' id='par_1_108' title="bbox 2032 5242 3620 5314">
     <span class='ocr_line' id='line_1_109' title="bbox 2032 5242 3620 5314; baseline 0.003 -21"><span class='ocrx_word' id='word_1_793' title='bbox 2032 5242 2503 5314; x_wconf 70' lang='lat' dir='ltr'><strong>itatriunipliaute</strong></span> <span class='ocrx_word' id='word_1_794' title='bbox 2517 5260 2611 5314; x_wconf 82' lang='lat' dir='ltr'><strong>per</strong></span> <span class='ocrx_word' id='word_1_795' title='bbox 2633 5251 2843 5314; x_wconf 70' lang='lat' dir='ltr'><strong>sanctos</strong></span> <span class='ocrx_word' id='word_1_796' title='bbox 2870 5245 3273 5312; x_wconf 74' lang='lat' dir='ltr'><strong>auos.Apparet</strong></span> <span class='ocrx_word' id='word_1_797' title='bbox 3303 5244 3468 5314; x_wconf 83' lang='lat' dir='ltr'><strong>igitur</strong></span> <span class='ocrx_word' id='word_1_798' title='bbox 3496 5261 3620 5300; x_wconf 87' lang='lat' dir='ltr'><strong>eum</strong></span> 
     </span>
    </p>
   </div>
   <div class='ocr_carea' id='block_1_109' title="bbox 2028 5311 3621 5384">
    <p class='ocr_par' dir='ltr' id='par_1_109' title="bbox 2028 5311 3621 5384">
     <span class='ocr_line' id='line_1_110' title="bbox 2028 5311 3621 5384; baseline 0.004 -20"><span class='ocrx_word' id='word_1_799' title='bbox 2028 5312 2232 5384; x_wconf 81' lang='lat' dir='ltr'><strong>legisse</strong></span> <span class='ocrx_word' id='word_1_800' title='bbox 2277 5311 2389 5384; x_wconf 87' lang='grc' dir='ltr'>θρι.</span> <span class='ocrx_word' id='word_1_801' title='bbox 2440 5312 2507 5366; x_wconf 85' lang='grc' dir='ltr'><strong>δι’</strong></span> <span class='ocrx_word' id='word_1_802' title='bbox 2540 5312 2759 5379; x_wconf 83' lang='grc' dir='ltr'>αὐτούς,</span> <span class='ocrx_word' id='word_1_803' title='bbox 2807 5326 2915 5369; x_wconf 89' lang='lat' dir='ltr'><strong>etc.</strong></span> <span class='ocrx_word' id='word_1_804' title='bbox 2961 5311 3218 5369; x_wconf 80' lang='lat' dir='ltr'><strong>Rufinum</strong></span> <span class='ocrx_word' id='word_1_805' title='bbox 3268 5311 3440 5369; x_wconf 72' lang='lat' dir='ltr'><strong>secuti</strong></span> <span class='ocrx_word' id='word_1_806' title='bbox 3492 5325 3621 5370; x_wconf 89' lang='lat' dir='ltr'><strong>sunt</strong></span> 
     </span>
    </p>
   </div>
   <div class='ocr_carea' id='block_1_110' title="bbox 2030 5382 3618 5450">
    <p class='ocr_par' dir='ltr' id='par_1_110' title="bbox 2030 5382 3618 5450">
     <span class='ocr_line' id='line_1_111' title="bbox 2030 5382 3618 5450; baseline -0.001 -15"><span class='ocrx_word' id='word_1_807' title='bbox 2030 5382 2406 5437; x_wconf 57' lang='lat' dir='ltr'><strong>Muscultts&#39;et</strong></span> <span class='ocrx_word' id='word_1_808' title='bbox 2451 5383 3007 5450; x_wconf 72' lang='lat' dir='ltr'><strong>(lliristopltorsonus.</strong></span> <span class='ocrx_word' id='word_1_809' title='bbox 3049 5384 3352 5438; x_wconf 86' lang='lat' dir='ltr'><strong>Videndum</strong></span> <span class='ocrx_word' id='word_1_810' title='bbox 3411 5392 3618 5448; x_wconf 75' lang='lat' dir='ltr'><strong>tamen,</strong></span> 
     </span>
    </p>
   </div>
   <div class='ocr_carea' id='block_1_111' title="bbox 2029 5452 3619 5524">
    <p class='ocr_par' dir='ltr' id='par_1_111' title="bbox 2029 5452 3619 5524">
     <span class='ocr_line' id='line_1_112' title="bbox 2029 5452 3619 5524; baseline 0.002 -18"><span class='ocrx_word' id='word_1_811' title='bbox 2029 5467 2099 5506; x_wconf 80' lang='lat' dir='ltr'><strong>ne</strong></span> <span class='ocrx_word' id='word_1_812' title='bbox 2130 5452 2868 5524; x_wconf 64' lang='lat' dir='ltr'><strong>DionysiusOptapﬁsdowo;</strong></span> <span class='ocrx_word' id='word_1_813' title='bbox 2891 5455 3089 5520; x_wconf 75' lang='grc' dir='ltr'>αὐτοὺς</span> <span class='ocrx_word' id='word_1_814' title='bbox 3117 5452 3213 5507; x_wconf 79' lang='grc' dir='ltr'>τοῦ</span> <span class='ocrx_word' id='word_1_815' title='bbox 3240 5453 3377 5507; x_wconf 84' lang='grc' dir='ltr'><strong>Θεοῦ</strong></span> <span class='ocrx_word' id='word_1_816' title='bbox 3393 5455 3619 5521; x_wconf 80' lang='lat' dir='ltr'><strong>dixerit,</strong></span> 
     </span>
    </p>
   </div>
   <div class='ocr_carea' id='block_1_112' title="bbox 2031 5522 3620 5595">
    <p class='ocr_par' dir='ltr' id='par_1_112' title="bbox 2031 5522 3620 5595">
     <span class='ocr_line' id='line_1_113' title="bbox 2031 5522 3620 5595; baseline 0.004 -20"><span class='ocrx_word' id='word_1_817' title='bbox 2031 5537 2129 5591; x_wconf 88' lang='lat' dir='ltr'><strong>pro</strong></span> <span class='ocrx_word' id='word_1_818' title='bbox 2177 5522 2892 5595; x_wconf 43' lang='grc' dir='ltr'>θριαμβεύεινςποιοῦντος,</span> <span class='ocrx_word' id='word_1_819' title='bbox 2948 5528 3091 5593; x_wconf 85' lang='lat' dir='ltr'><strong>quod</strong></span> <span class='ocrx_word' id='word_1_820' title='bbox 3151 5528 3377 5595; x_wconf 73' lang='lat' dir='ltr'><strong>omnino</strong></span> <span class='ocrx_word' id='word_1_821' title='bbox 3426 5541 3620 5582; x_wconf 78' lang='lat' dir='ltr'><strong>verum</strong></span> 
     </span>
    </p>
   </div>
   <div class='ocr_carea' id='block_1_113' title="bbox 2034 5593 3400 5667">
    <p class='ocr_par' dir='ltr' id='par_1_113' title="bbox 2034 5593 3400 5667">
     <span class='ocr_line' id='line_1_114' title="bbox 2034 5593 3400 5667; baseline 0.003 -20"><span class='ocrx_word' id='word_1_822' title='bbox 2034 5602 2187 5663; x_wconf 70' lang='lat' dir='ltr'><strong>puto.</strong></span> <span class='ocrx_word' id='word_1_823' title='bbox 2217 5593 2321 5650; x_wconf 73' lang='lat' dir='ltr'><strong>Sic</strong></span> <span class='ocrx_word' id='word_1_824' title='bbox 2343 5593 2650 5665; x_wconf 80' lang='grc' dir='ltr'>βασιλεύειν</span> <span class='ocrx_word' id='word_1_825' title='bbox 2678 5606 2909 5667; x_wconf 84' lang='lat' dir='ltr'><strong>usurpat</strong></span> <span class='ocrx_word' id='word_1_826' title='bbox 2943 5595 3238 5667; x_wconf 84' lang='lat' dir='ltr'><strong>Gregorius</strong></span> <span class='ocrx_word' id='word_1_827' title='bbox 3264 5594 3400 5651; x_wconf 71' lang='lat' dir='ltr'><strong>Nae.</strong></span> 
     </span>
    </p>
   </div>
  </div>
