3928 6252
226 293 324 348 6ὶὸ

1246 276 1594 341 HISTORIA:
1635 284 2190 343 ECCLESIASTICA'I
2231 288 2359 346 LIB.
2403 290 2492 347 Vl.

3378 310 3481 365 6H

239 404 454 462 consilio
500 403 745 471 aderant,
800 411 943 458 metu
984 404 1258 472 perterriti
1317 414 1466 479 sunt.
1499 406 1578 460 Ac
1618 405 1695 459 rei
1726 405 1942 474 quidem
1984 406 2083 474 ipsi
2133 407 2200 460 ad
2255 424 2315 463 ea
2346 424 2463 478 qua:
2516 415 2851 481 perpessurri
2909 426 3065 472 erant
3090 423 3481 492 promptissimi

241 499 754 557 etcoulldentissimi
806 499 1190 564 cernebantur,
1241 496 1451 567 judices
1488 509 1666 553 autem
1735 499 1834 569 ipsi
1874 503 2389 558 contremiscebant.
2451 504 2546 559 Isti
2603 508 2767 576 igitur
2820 525 2884 565 ex
2946 515 3199 581 praetorio
3261 529 3482 574 ovantes

246 599 635 663 processerunt,
681 590 1012 645 exsultantes
1066 590 1135 643 ob
1193 591 1315 643 lidci
1372 591 1795 656 confessionem,
1834 604 1957 644 cum
1982 591 2124 647 Deus
2146 607 2243 662 per
2271 594 2413 664 ipsos
2462 595 2694 664 gloriose
2729 601 3103 670 triumpharet.
3141 625 3158 657 ι

721 681 1115 735 ΚΕΦΑΛΑῘΟΝ
1170 682 1304 736 MB'.

235 775 359 844 Περὶ
377 766 463 826 ὧν
481 771 687 826 ἄλλων
705 772 1058 837 όΔιονύσ-ιος
1074 770 1451 843 ιστορεῖ(Νἰο.
1474 772 1741 838 H.E.v,5l
1755 772 1795 843 ).

300 886 317 916 ι
366 865 547 917 Ἀλλοι
593 862 649 915 δὲ
681 862 918 915 πλεῖστοι
953 862 1093 916 κατὰ
1126 862 1309 927 πόλεις
1347 865 1664 935 καὶκὼμας
1696 866 1800 918 ὑπὸ

229 958 330 1012 τῶν
375 955 544 1009 ἐθνῶν
593 953 1020 1025 διεσπάσθησανο
1064 949 1140 1009 ὧν
1169 955 1301 1025 ξένὸς
1360 956 1800 1028 παραδείγματος

226 1048 402 1102 ἕνεκεν
436 1046 930 1118 ἐπιμνησθήσομαι.
984 1046 1261 1117 ’ἰσχυρίων
1311 1046 1641 1117 ἐπετρόπευε
1692 1065 1799 1100 τινι

226 1138 328 1193 τῶν
355 1138 630 1209 ἀρχόντων
665 1138 757 1190 ἐπὶ
793 1136 987 1207 μισθῷ.
1026 1137 1226 1189 Τοῦτον
1265 1139 1293 1190 ὁ
1324 1137 1640 1208 μισθοδότης
1671 1137 1794 1191 ἐκέ-

226 1229 341 1283 λευε
370 1228 552 1291 θῦσαι,
586 1226 660 1297 μὴ
690 1226 1010 1295 πειθόμενον
1039 1224 1278 1297 ὕϐριζεν,
1308 1225 1611 1297 ἐμμένοντα
1635 1243 1799 1296 προε-

225 1319 565 1389 πηλάκιζεν·
602 1317 989 1389 ὑφισταμένου,
1040 1317 1338 1389 βακτηρίαν
1392 1319 1654 1389 μεγίστην
1703 1318 1797 1373 λα-

224 1411 344 1469 ϐὼν,
381 1408 470 1463 διὰ
496 1407 608 1461 τῶν
653 1408 884 1479 ἐντέρων
950 1408 1043 1462 καὶ
1075 1407 1184 1461 τῶν
1220 1408 1541 1478 σπλάγχνων
1572 1407 1793 1473 διώσας,

222 1502 521 1554 ἀπέκτεινε.
555 1499 621 1553 Ti
650 1500 730 1554 δεῖ
760 1499 937 1568 λέγειν
967 1498 1026 1551 τὸ
1060 1498 1260 1570 πλῆθος
1290 1499 1398 1553 τῶν
1438 1501 1496 1552 ἐν
1535 1499 1795 1571 ἐρημίαις

220 1594 307 1645 καὶ
356 1592 510 1663 ὄρεσι
555 1590 956 1661 πλανηθέντων,
1015 1589 1119 1643 ὑπὸ
1163 1587 1321 1659 λιμοῦ
1362 1588 1457 1642 καὶ
1505 1588 1664 1660 δίψης
1701 1588 1795 1642 καὶ

219 1682 431 1756 κρύους,
476 1683 576 1735 καὶ
608 1683 779 1736 νόσων
824 1684 915 1735 καὶ
939 1681 1152 1754 λῃστῶν
1184 1683 1277 1735 καὶ
1308 1680 1510 1752 Θηρίων
1537 1681 1792 1753 διεφθαρ-

221 1776 417 1844 μένωνς
443 1766 524 1830 ὧν
553 1775 601 1827 οἱ
630 1773 1073 1844 ὑπεργενόμενοι,
1097 1773 1193 1842 τῆς
1223 1772 1445 1827 ἐκείνων
1473 1773 1609 1827 εἰσὶν
1642 1773 1795 1827 ἐκλο-

216 1866 310 1935 γῆς
338 1864 431 1917 καὶ
462 1864 623 1936 νίκης
659 1864 953 1935 μάρτυρες·
993 1854 1105 1916 Ἓν
1139 1860 1196 1916 δὲ
1238 1864 1330 1917 καὶ
1362 1864 1563 1918 τούτων
1594 1867 1674 1929 είς
1698 1865 1793 1937 δή·

216 1955 366 2009 λωσιν
403 1956 567 2027 ἔργον
603 1955 1009 2027 παραθήσομαι.
1041 1956 1339 2027 Χαιρήμων
1366 1952 1432 2026 ἦν
1463 1956 1791 2027 ὑπέργηρως

1829 708 1879 762 Α

2489 686 2717 743 CAPUT
2744 689 2901 746 XLII.

2179 775 2255 829 De
2287 777 2406 832 aliis
2437 796 2468 832 a
2495 780 2745 852 Dionysio
2765 792 3210 846 commemoratis.

1975 880 1997 916 ι
2042 863 2224 919 Sedet
2251 867 2339 921 alii
2372 869 2678 938 complures
2708 888 2803 941 per
2834 879 3025 945 oppida
3052 890 3104 933 et
3124 882 3269 936 vicos
3290 900 3316 936 a
3349 901 3479 954 geu-

1902 955 2086 1011 tilibus
2107 958 2362 1028 discerpti
2388 970 2513 1015 sunt
2545 980 2558 1013 :
2586 966 2867 1033 exquibus
2901 985 3062 1024 unum
3095 977 3324 1045 exempli
3357 995 3479 1046 gra-

1902 1046 1975 1100 tia
2004 1053 2461 1105 commemorabo.
2524 1051 2805 1124 lschyrion
2864 1064 3113 1117 mercede
3175 1069 3477 1125 conductus

1901 1148 2226 1225 procurator
2273 1149 2392 1195 erat
2446 1142 2726 1211 cujusdam
2777 1152 3153 1220 magistratum
3212 1162 3476 1225 gerentis.

1898 1222 2001 1278 Hic
2036 1225 2104 1279 ab
2129 1240 2193 1280 eo
2221 1228 2374 1297 cujus
2405 1244 2516 1283 rem
2560 1238 2913 1305 procurahat,
2951 1241 3139 1308 jussus
3186 1222 3343 1302 idolis
3374 1252 3476 1303 im-

1901 1315 2123 1380 molare,
2150 1331 2269 1370 cum
2307 1319 2528 1376 minime
2554 1325 2979 1396 obtemperaret,
3015 1333 3245 1399 primum
3274 1336 3472 1406 injuria

1897 1403 2125 1461 aﬂ‘ectus
2159 1418 2260 1463 est.
2289 1408 2484 1467 Postea
2516 1430 2636 1468 cum
2670 1418 2720 1470 in
2752 1420 2939 1473 eadem
2968 1424 3225 1478 sententia
3257 1403 3471 1495 persta-

1898 1509 2000 1562 ret,
2030 1501 2195 1555 variis
2245 1502 2313 1556 ab
2339 1505 2527 1559 eodem
2564 1518 2791 1563 vexatus
2843 1522 2925 1566 est
2948 1519 3313 1574 contumeliis.
3345 1523 3475 1589 Quae

1896 1590 2075 1645 omnia
2132 1607 2254 1646 cum
2303 1595 2571 1662 patienter
2641 1603 2968 1669 sustineret,
3032 1607 3118 1661 ille
3170 1615 3470 1681 pra‘grandi

1896 1684 2028 1737 sude
2058 1695 2307 1755 correpta
2348 1689 2668 1743 transfixum
2709 1709 2802 1761 per
2828 1697 3002 1751 media
3054 1699 3265 1754 viscera
3300 1703 3471 1757 homi-

1896 1795 2019 1836 nem
2068 1783 2359 1842 interfecit.
2421 1785 2538 1842 Jam
2566 1791 2693 1859 quid
2723 1808 2856 1862 opus
2895 1804 2979 1849 est
3041 1813 3471 1858 commemorare

1895 1872 2295 1930 multitudinem
2323 1891 2533 1945 eorum,
2558 1883 2647 1950 qui
2708 1884 2760 1936 in
2796 1887 3072 1943 montibus
3103 1905 3165 1944 ac
3215 1907 3312 1960 per
3336 1895 3469 1947 soli-

1897 1964 2140 2020 tudinem
2167 1969 2509 2036 aberrantes,
2537 1971 2679 2028 fame
2712 1984 2767 2029 et
2792 1977 2903 2043 siti,
2933 1978 3130 2050 frigore
3157 1997 3219 2037 ac
3244 1985 3468 2053 morbis,

213 2046 304 2115 τῆς
339 2046 541 2099 Νείλου
574 2046 914 2116 καλουμένης
942 2045 1238 2109 ἐπίσκοπος
1260 2045 1486 2109 πόλεως.
1515 2041 1681 2110 Οὗτος
1713 2048 1780 2110 εἰς

1897 2065 1949 2110 et
1994 2056 2263 2113 latronum
2306 2071 2401 2115 aut
2440 2062 2740 2119 bestiarum
2770 2069 2990 2125 incursu
3018 2075 3260 2143 oppressi
3297 2041 3468 2131 inter:

212 2136 268 2189 τὸ
303 2137 555 2208 Ἀράϐιον
588 2138 713 2209 ὅρος
737 2136 846 2207 (24)
882 2136 998 2207 ἅμα
1018 2139 1083 2207 τῇ
1122 2137 1332 2208 συμϐίῳ
1354 2137 1546 2191 ἐαυτοῦ
1578 2136 1784 2207 φυγὼν,

211 2230 302 2281 οὐκ
326 2228 747 2300 ἐπανελήλυθεν.
767 2228 900 2281 Οὑδέ
925 2227 1267 2299 ἠδυνήθησαν
1296 2229 1420 2281 ίδεῖν
1441 2229 1642 2295 οὐκέτι,
1669 2229 1788 2281 καί-

210 2337 282 2375 τοι
312 2319 477 2373 πολλὰ
506 2320 984 2393 διερευνησάμενοι
1030 2322 1079 2373 οἱ
1121 2320 1359 2389 ἀδελφοὶ,
1404 2320 1527 2374 οὔτε
1566 2321 1783 2384 αὑτοὺς,

209 2410 320 2464 οὕτε
356 2411 423 2465 τὰ
474 2412 711 2483 σώματα
752 2407 908 2484 εὗρον
947 2410 1080 2482 (ἓὸ).
1108 2412 1298 2465 Πολλοὶ¹
1329 2411 1386 2464 δέ
1421 2414 1469 2465 oi
1504 2413 1623 2465 κατ’
1656 2413 1788 2465 αὑτὸ

208 2502 262 2553 τὸ
298 2502 592 2573 Ἀραϐικὸν
621 2503 745 2570 ὅρος
767 2500 1339 2574 ἐξανδραποδισθέντες
1361 2501 1466 2553 ὑπὸ
1497 2499 1786 2572 βαρϐάρων

210 2591 535 2663 Σαρακηνῶν
578 2593 708 2663 (26),
739 2595 787 2646 oi
826 2593 924 2664 μέν
964 2592 1116 2662 μόλις
1144 2593 1236 2644 ἐπὶ
1265 2590 1479 2654 πολλοῖς
1510 2592 1786 2663 χρήμασιν

212 2682 599 2754 ἐλυτρώθηντο,
654 2686 703 2737 οἰ
741 2683 797 2735 δὲ
838 2683 998 2754 μέχρι
1048 2681 1143 2736 νῦν
1186 2681 1415 2735 οὐδέπω.
1462 2682 1573 2735 Καὶ
1613 2680 1785 2733 ταῦτα

209 2775 471 2847 διεξῆλθον
504 2776 570 2828 οὐ
606 2775 800 2846 μάτην,
830 2774 1044 2844 ἀδελφέ,
1088 2774 1203 2828 ἀλλ’
1245 2775 1330 2828 ἴνα
1362 2774 1526 2845 εἰδῇς,
1562 2775 1660 2827 ὅσα
1692 2775 1785 2826 κα)⁸

209 2864 360 2935 ἡλίκα
381 2864 532 2918 δεινὰ
563 2867 695 2935 παρ’
725 2866 854 2935 ἡμῖν
892 2864 1085 2935 συνέϐη
1108 2881 1121 2894 ·
1157 2860 1232 2919 ὧν
1264 2867 1313 2918 οἱ
1354 2864 1552 2935 μᾶλλον
1590 2883 1783 2919 πεπει-

212 2954 446 3025 ραμένοι,
490 2954 716 3007 πλείονα
746 2953 812 3007 ἂν
836 2954 1045 3008 εἰδεῖεν.
1079 2973 1098 3006 ›
1131 2950 1264 3007 Εἶτα
1294 2954 1503 3018 τούτοις
1534 2957 1784 3028 ἐπιφέρει

213 3046 341 3115 μετὰ
371 3047 585 3117 βραχέα
613 3046 785 3114 λέγων
806 3062 819 3076 ·
855 3065 873 3101 ι
903 3046 1066 3099 Αὐτοὶ
1082 3046 1259 3099 τοίνυν
1279 3048 1327 3099 οἱ
1351 3046 1482 3100 θεῖοι
1509 3048 1785 3122 μάρτυρες

210 3139 327 3210 παρ’
348 3142 500 3209 ἡμῖν,
537 3141 591 3191 οἱ
620 3137 715 3192 νῦν
745 3137 839 3192 τοῦ
867 3137 1104 3211 Χριστοῦ
1138 3139 1400 3211 πάρεδροι
1439 3141 1534 3194 καὶ
1560 3144 1659 3213 τῆς
1687 3142 1784 3213 βα-

212 3232 400 3297 σιλείας
427 3231 601 3287 αὑτοῦ
636 3233 898 3298 κοινωνοὶ,
929 3232 1022 3285 καὶ
1063 3232 1276 3303 μέτοχοι
1300 3233 1402 3303 τῆς
1434 3234 1665 3306 κρίσεως
1683 3236 1781 3289 αὑ-

208 3322 292 3375 τοῦ
330 3325 422 3376 καὶ
457 3322 875 3387 συνδικάζοντες
905 3321 1073 3393 αὑτῷ,
1117 3323 1224 3375 τῶν
1267 3326 1782 3394 παραπεπτωκότων

1894 2146 2045 2202 iere?
2077 2150 2151 2204 Ex
2193 2152 2396 2220 quibus
2453 2158 2507 2212 hi
2546 2161 2637 2231 qui
2690 2162 3074 2233 superfuerunt
3145 2166 3469 2233 incolumes,

1898 2247 2062 2313 testes
2085 2241 2243 2313 241
2292 2254 2420 2299 sunt
2442 2246 2725 2308 electionis
2765 2252 2981 2307 illorum
3014 2265 3177 2324 atque
3205 2258 3467 2314 victoriae.

1900 2326 2125 2384 Unicum
2156 2334 2419 2389 duntaxat
2450 2336 2666 2394 facinus
2717 2344 2785 2396 ad
2818 2346 3195 2401 declarandam
3220 2351 3294 2404 rei
3329 2354 3469 2406 veri-

1895 2430 2057 2513 tatem
2103 2424 2191 2513 lric
2220 2426 2493 2493 adjiciam.
2545 2433 2864 2489 Chazremon
2917 2450 3033 2493 erat
3058 2444 3281 2509 quidam
3307 2459 3470 2513 grau-

1896 2511 2097 2601 daavus,
2129 2512 2236 2569 Nili
2262 2518 2412 2572 urbis
2436 2520 2741 2592 episcopus.
2777 2522 2875 2578 Hic
2940 2541 3048 2581 una
3080 2544 3202 2582 cum
3238 2511 3470 2601 conjuge

1895 2600 1950 2655 in
2011 2603 2304 2659 Arabicum
2349 2621 2587 2665 montem
2644 2612 2767 2683 fuga
2826 2615 3059 2682 delatus,
3085 2634 3189 2671 non
3233 2600 3469 2675 ulterius

1894 2706 2144 2749 reversus
2167 2704 2269 2752 est.
2342 2700 2408 2754 Et
2450 2700 2649 2759 fratres
2682 2707 2929 2775 quamvis
2990 2720 3244 2765 accurate
3281 2712 3466 2767 omnia

1894 2789 2243 2853 perscrutati,
2298 2804 2399 2845 nec
2423 2790 2570 2861 ipsos
2620 2794 2872 2865 posthac,
2917 2811 3014 2850 nec
3041 2796 3274 2864 ipsorum
3305 2799 3469 2853 cada-

1892 2888 2024 2929 vera
2066 2878 2313 2946 reperire
2365 2889 2673 2949 potuerunt.
2731 2882 2904 2939 Porro
2945 2887 3099 2941 multi
3151 2888 3204 2941 in
3233 2889 3467 2944 Arabico

1892 2963 1983 3019 illo
2010 2977 2190 3022 monte
2218 2983 2247 3021 a
2281 2969 2532 3025 barbaris
2569 2970 2860 3029 Saracenis
2918 2976 3087 3046 capti,
3130 2985 3183 3031 et
3212 2978 3263 3032 in
3289 2980 3465 3034 servi.

1893 3062 2061 3109 tutem
2090 3058 2294 3113 redacti
2357 3048 2504 3115 sunt.
2554 3061 2634 3116 Ex
2674 3063 2870 3131 quibus
2928 3067 3014 3117 alii
3049 3065 3224 3121 soluto
3259 3068 3465 3135 ingenti

1890 3145 2068 3214 pretio
2096 3148 2185 3202 vix
2212 3149 2429 3204 tandem
2460 3151 2747 3222 redempti,
2795 3153 2888 3208 alii
2928 3155 3165 3209 nondum
3198 3157 3460 3213 hactenus

1893 3237 2084 3292 redimi
2141 3248 2454 3308 potuerunt.
2504 3242 2677 3312 Atque
2723 3245 2837 3299 hzcc
2862 3259 2967 3299 non
3022 3245 3251 3315 frustra,
3296 3248 3466 3303 frater

1890 3326 2231 3398 charissime,
2287 3347 2317 3386 a
2348 3346 2432 3387 me
2474 3345 2899 3389 commemorata
2928 3344 3071 3400 sunt,
3097 3337 3189 3391 sed
3221 3348 3280 3391 ut
3320 3341 3464 3395 scias

210 3414 438 3484 ἀδελφῶν
457 3431 617 3477 τινας
651 3412 985 3476 ὑπευθύνους
1003 3416 1115 3477 τοῖς
1140 3414 1245 3467 τῶν
1276 3414 1477 3469 θυσιῶν
1511 3417 1780 3488 ἐγκλήμα-

1888 3437 2007 3491 quae
2032 3433 2085 3477 et
2114 3438 2275 3493 quam
2318 3427 2506 3495 gravia
2536 3427 2693 3482 nobis
2745 3427 2889 3481 mala
2953 3430 3301 3500 contigerint.
3331 3431 3462 3497 Quae

211 3522 257 3558 σι
279 3506 628 3578 γενομένους,
654 3505 1067 3578 προσελάϐοντο.
1095 3506 1202 3558 Καὶ
1221 3505 1319 3576 τὴν
1339 3508 1670 3578 ἐπιστροφὴν
1686 3511 1782 3563 καὶ

160 3658 168 3667 ⁸
210 3599 485 3668 μετάνοιαν
514 3598 698 3652 αὑτῶν
735 3598 951 3661 ἰδόντες,
980 3597 1174 3668 δεκτήν
1201 3615 1261 3651 τε
1290 3598 1540 3667 γενέσθαι
1559 3600 1782 3672 δυναμέ-

207 3708 295 3762 νην
353 3690 433 3762 τῷ
491 3690 572 3761 μὴ
628 3689 931 3761 βουλομένῳ
994 3688 1221 3742 καθόλου
1275 3690 1365 3743 τὸν
1415 3690 1645 3762 θάνατον
1684 3692 1777 3745 τοῦ

207 3782 525 3856 ἀμαρτωλοῦ
558 3783 635 3846 ὡς
665 3782 764 3853 τὴν
796 3781 1102 3851 μετάνοιαν,
1133 3780 1545 3851 δοκιμάσαντες,
1577 3786 1779 3838 εἰσεδέ-

208 3879 355 3942 ξαντο
381 3879 475 3932 καὶ
501 3879 810 3947 συνήγαγον
842 3877 936 3928 καὶ
970 3874 1299 3946 συνέστησαν
1320 3875 1452 3945 (27),
1488 3878 1582 3930 καὶ
1613 3895 1780 3949 προσ-

207 3969 367 4041 ευχῶν
400 3971 592 4032 αὐτοῖς
612 3968 704 4021 καὶ
725 3966 1019 4021 ἑστιάσεων
1048 3965 1410 4037 ἐκοινώνησαν
1435 3967 1567 4038 (28).
1599 3967 1662 4019 Τί
1687 3963 1779 4022 οὖν

271 4154 377 4225 (24)
402 4157 511 4221 Ek
563 4157 628 4209 τὸ
671 4153 931 4223 Ἀράϐιον
969 4152 1125 4222 ὄρος.
1166 4150 1319 4225 Mo_ns
1345 4154 1559 4225 Aest'ita
1595 4155 1775 4211 dictus

204 4222 639 4292 cujusimemiuit
683 4222 1010 4287 Herodotus,
1046 4238 1203 4291 quem
1243 4222 1563 4280 Ptolemzeus
1595 4235 1649 4278 et
1684 4227 1772 4279 alii

206 4295 452 4349 Troicum
480 4304 707 4349 vocant.
738 4294 877 4347 Male
903 4308 1033 4361 ergo
1066 4293 1596 4360 ChristOphorsonus
1624 4312 1771 4348 mon-

204 4375 297 4417 tem
326 4365 546 4419 Arabia?
580 4364 765 4418 vertit.
810 4362 977 4417 Paulo
1012 4372 1133 4429 post
1162 4361 1420 4417 Arabicus
1454 4363 1674 4429 dicitur,
1701 4367 1772 4420 ob

204 4434 538 4487 vicinitatem
562 4434 802 4487 Arabum
835 4433 905 4484 ita
940 4434 1273 4486 nominatus.

269 4503 378 4575 (9.5)
411 4505 565 4575 ρῡτε
588 4502 663 4555 τὰ
699 4503 943 4571 σώματα
966 4498 1164 4575 εὖρον.
1198 4501 1392 4555 Ultima
1420 4517 1519 4556 vox
1546 4503 1695 4575 deest
1719 4503 1771 4557 in

204 4571 379 4629 codice
427 4573 625 4643 Regio,
661 4586 993 4641 prorsusque
1021 4574 1193 4625 otiosa
1235 4579 1323 4643 est
1371 4586 1435 4643 ac
1477 4571 1767 4640 superﬂua.

204 4644 482 4713 Syncellus
515 4642 736 4713 Quoque
768 4656 887 4713 eam
925 4655 1109 4696 vocem
1153 4656 1259 4697 non
1303 4642 1492 4707 habet,
1523 4644 1617 4697 sed
1655 4645 1771 4711 ejus

204 4711 314 4767 loco
337 4711 548 4777 αὑτῶν,
572 4711 681 4767 noir
721 4711 885 4765 male.

268 4784 375 4853 (26)
399 4782 790 4851 Σαρακηγῶν.
821 4781 921 4834 Hic
946 4780 1102 4853 locus
1123 4777 1207 4832 vel
1229 4779 1297 4833 ob
1323 4778 1374 4833 id
1393 4794 1559 4853 unum
1574 4789 1772 4834 notan-

204 4847 297 4906 dus
327 4847 432 4917 est,
469 4847 641 4921 quod
674 4853 877 4905 mentio
935 4852 992 4904 lit
1037 4851 1456 4904 Saracenorum.
1516 4847 1650 4902 Nam
1702 4866 1770 4905 ex

204 4924 562 4991 scriptoribus
614 4937 844 4991 quorum
894 4934 1057 4989 opera
1111 4921 1197 4991 ad,
1239 4934 1336 4991 nos
1383 4930 1767 4991 pervenerunt,

206 4989 395 5054 nullus,
418 5002 481 5045 ut
504 4989 655 5060 puto,
674 4992 930 5061 Dionysio
963 4989 1636 5061 Alexandrinoantiquior
1672 4990 1770 5061 διμ

207 5076 423 5116 racenos
458 5057 782 5119 nominavit.
815 5057 1001 5114 Amm.
1046 5060 1264 5127 quidem
1317 5057 1663 5112 Marcellinus
1715 5059 1767 5111 in

204 5129 336 5185 libro
360 5148 449 5185 xrv
475 5132 669 5185 scribit
700 5146 758 5185 se
784 5132 1107 5185 mentionem
1145 5128 1342 5181 fecisse
1375 5127 1768 5181 Saracenorum

203 5200 253 5270 in
282 5202 498 5254 Actibus
546 5203 804 5270 principis
845 5201 1032 5255 Marci.
1085 5199 1407 5270 Spartianus
1442 5212 1682 5270 quoque“
1715 5198 1767 5250 in

207 5269 370 5340 Nigra
408 5267 811 5325 Saracenorum
847 5271 1173 5325 mentionem
1209 5267 1450 5340 facit,et
1479 5268 1632 5321 abiis
1655 5267 1767 5319 Ro-

203 5336 387 5393 ma'nos
435 5340 637 5395 milites
671 5342 844 5394 victos
875 5357 997 5395 esse
1030 5340 1192 5403 dicit;
1232 5338 1376 5405 quod
1416 5336 1471 5391 itt
1520 5346 1767 5407 tempora

202 5410 305 5460 divi
331 5410 497 5462 Marci
525 5410 761 5464 coaferri
788 5421 980 5478 potest.

270 5480 381 5546 (Ἦ)
400 5483 445 5533 Σ
452 5479 754 5549 υνήγατον
776 5475 877 5534 καὶ
902 5479 1313 5547 συνέστησαν.
1339 5476 1540 5549 Eadem
1572 5475 1767 5549 Diony-

205 5545 454 5602 siivei-ha
491 5545 664 5603 rel‘ert'
688 5548 1023 5619 Nicephorus
1056 5545 1176 5617 cap.
1206 5550 1260 5614 4,
1287 5564 1407 5616 qua:
1443 5545 1658 5619 L‘augus
1690 5545 1761 5619 ita

205 5621 362 5688 vertit
402 5635 416 5669 :
458 5619 755 5688 Explorata
806 5616 1059 5687 patientia
1094 5616 1247 5685 atque
1297 5618 1659 5688 comprobata,
1712 5616 1764 5667 in

209 5687 495 5741 Ecclesium
525 5686 612 5742 eos
641 5686 980 5749 adrttiserunt,
1006 5700 1051 5742 et
1084 5690 1151 5741 ad
1178 5690 1315 5740 hunc
1358 5686 1568 5738 modum
1622 5699 1763 5736 rece-

209 5761 301 5816 tttt's
328 5758 505 5813 locum
553 5775 704 5814 suum
754 5759 1027 5815 dederunt.
1069 5759 1269 5814 Eodem
1305 5756 1464 5812 modo
1491 5752 1762 5830 “Christo-

1886 3514 2132 3582 profecto
2181 3518 2375 3573 melius
2435 3519 2742 3588 intelligunt
2784 3521 2842 3585 ii,
2905 3521 2998 3590 qui
3053 3521 3222 3591 magis
3248 3523 3461 3589 experti

1884 3616 2032 3661 sunt.
2075 3626 2094 3659 ι
2123 3608 2188 3662 Ει
2214 3609 2397 3678 paucis
2427 3609 2757 3680 interpositis
2787 3612 2901 3666 haec
2939 3610 3218 3681 subjuugit
3247 3630 3261 3665 :
3294 3630 3312 3663 ι
3343 3612 3458 3668 Cte-

1886 3706 2081 3764 terum,
2115 3700 2307 3768 inquit,
2341 3700 2394 3753 hi
2426 3700 2592 3754 divini
2640 3711 2930 3772 martyres,
2962 3701 3056 3770 qui
3093 3717 3234 3756 nunc
3270 3716 3450 3758 asses-

1889 3804 2041 3845 sores
2067 3801 2191 3845 sunt
2225 3791 2428 3846 Christi
2455 3800 2509 3845 et
2563 3793 2713 3859 regni
2774 3793 2917 3847 illius
2943 3804 3249 3858 consortes,
3275 3808 3338 3848 ac
3370 3794 3459 3863 ju-

1888 3881 2015 3937 dicii
2071 3884 2365 3953 participes
2399 3900 2504 3939 una
2540 3900 2662 3940 cum
2703 3884 2820 3955 ipso
2862 3884 3177 3954 iudicaturi,
3211 3886 3335 3939 dum
3365 3888 3453 3941 hic

1889 3975 2031 4042 apud
2084 3991 2182 4031 nos
2228 3985 2432 4043 essent,
2463 3976 2729 4047 quosdam
2784 3992 2815 4031 e
2868 3975 3129 4031 fratribus
3164 3977 3365 4044 lapsos,
3402 3987 3456 4032 et

1882 4157 2189 4227 phorsonus
2221 4157 2604 4222 interpretatus
2626 4166 2730 4222 est,
2764 4158 3018 4225 recipiunt
3049 4157 3103 4209 in
3134 4156 3445 4224 Ecclesium,

1882 4236 2162 4280 conventus
2186 4244 2301 4279 cum
2340 4228 2448 4280 illis
2474 4229 2757 4293 celebrant,
2789 4230 2968 4279 ineunt
2992 4228 3310 4295 societatem,
3336 4240 3447 4284 etc.

1838 4304 1842 4309 ’
1882 4296 1987 4351 Sed
2024 4298 2161 4350 hanc
2219 4298 2718 4365 interpretationem
2764 4298 3019 4365 equidem
3068 4298 3298 4363 probare
3342 4315 3448 4353 non

1880 4381 2117 4434 possum.
2149 4366 2429 4436 Quomodo
2464 4368 2609 4420 enim
2632 4377 2896 4436 martyres
2923 4365 3018 4436 qui
3047 4367 3099 4418 in
3129 4381 3351 4421 carcere
3380 4379 3451 4423 tc-

1881 4436 2152 4489 uebantur
2193 4434 2426 4497 astricti,
2472 4437 2653 4504 lapsos
2705 4434 3109 4489 in'Ecclesiam
3165 4436 3453 4504 admittere

1805 4542 1849 4597 Β
1879 4506 2163 4597 poterant?
2192 4504 2517 4597 Andilerquod
2535 4503 2652 4557 non
2696 4503 3279 4597 id'jurisﬂcompetebat
3307 4523 3450 4591 utar-

1882 4576 2114 4643 tyrtbus,
2146 4578 2239 4629 sed
2274 4573 2373 4628 soli
2405 4574 2658 4643 episcopo
2689 4576 2841 4641 cujus
2871 4572 3241 4643 olliciumerat
3279 4581 3451 4641 pinni-

1879 4641 2059 4698 tetrtcs
2116 4641 2484 4699 reconciliare.
2548 4643 2875 4712 Martyribus
2923 4641 3443 4712 veroiinterccdcre

1878 4722 2084 4766 tantum
2117 4728 2216 4780 pro
2248 4714 2440 4781 lapsis,
2486 4722 2539 4767 et
2574 4711 3042 4766 commemlatitias
3072 4711 3281 4765 litteras
3310 4717 3449 4767 scri-

1874 4783 2006 4836 bcrc
2063 4784 2278 4838 licebat.
2322 4786 2558 4850 Apparet
2615 4783 2781 4849 igitur
2832 4782 2905 4833 ita
2956 4784 3272 4835 vertendum
3327 4799 3448 4839 esse

1875 4852 2017 4906 hunc
2045 4852 2217 4905 locum
2249 4865 2306 4906 ut
2353 4856 2630 4906 vertimus.
2660 4852 2999 4923 Quanquam
3048 4866 3144 4902 vox
3197 4852 3448 4923 συνέστη-

1877 4938 1976 4973 σαν
2006 4923 2165 4976 alitcr
2203 4924 2365 4975 etiam
2409 4922 2668 4989 explicari
2721 4929 2921 4987 potest,
2975 4923 3188 4988 passive
3237 4922 3448 4977 scilicet

1873 5005 1971 5058 pro
1998 4993 2160 5044 simul
2195 4993 2495 5045 consistere.
2531 4993 2623 5044 Sic
2652 4990 2949 5059 Dionysius.
2978 4990 3117 5058 apud
3154 4990 3442 5045 Eusebium

1874 5061 1927 5113 in
1962 5062 2056 5114 lih.
2084 5077 2179 5125 vtt,
2214 5076 2330 5127 cap.
2368 5061 2421 5121 9,
2469 5061 2621 5131 μόλις
2663 5059 3152 5131 παρακαλούμενος
3178 5062 3447 5114 συνεστά-

1871 5147 1956 5183 ναι
1983 5133 2098 5193 ταῖς
2125 5134 2452 5200 προσευχαῖς
2470 5129 2774 5200 ἀνέχεται.
2797 5131 2861 5181 lit
2902 5129 3167 5200 Eusebius
3216 5131 3266 5182 iu
3309 5133 3445 5185 libro
3472 5192 3473 5195 η

1870 5213 1947 5261 vt,
1985 5217 2110 5272 cap.
2150 5197 2206 5272 5,
2254 5197 2616 5272 ile—Origene,
2667 5198 2792 5272 οὐδὲ
2845 5197 3066 5251 πώποτε
3118 5200 3443 5272 προὺτράπη

1870 5271 2007 5322 κατὰ
2034 5270 2130 5339 τὴν
2160 5270 2323 5339 εὐχὴν
2352 5270 2499 5340 αὑτῷ
2531 5270 2839 5340 συστῆναι.-
2930 5320 2935 5326 ,

1940 5341 2051 5409 (28)
2089 5340 2197 5391 Καὶ
2250 5338 2619 5407 ἐτροσεὺχῶν
2675 5338 2945 5404 αὐτοῖς...
3008 5338 3440 5407 ἐκοινώνησαν.

1871 5409 2074 5475 Duplex
2108 5420 2222 5463 erat
2246 5414 2554 5461 cotumunio
2584 5410 2633 5462 in
2671 5409 2911 5462 Ecclesia
2957 5426 2971 5461 :
3023 5410 3125 5460 alia
3156 5414 3439 5476 orationis,

1870 5479 1972 5529 alia
2001 5490 2484 5532 sacramentorum.
2518 5480 2581 5532 Et
2606 5483 2914 5532 orationum
2939 5479 3154 5546 quidem
3177 5494 3431 5532 .commu-

1868 5548 1960 5600 nio
2000 5549 2391 5616 paenitentibus
2430 5560 2549 5617 post
2575 5560 2783 5602 certum
2812 5548 3071 5617 temporis
3098 5549 3327 5613 spatium
3355 5550 3434 5601 in-

1869 5614 2213 5685 dulgebatur.
2248 5614 2571 5671 Comm'unio
2602 5634 2734 5671 vero
2758 5614 3006 5684 corporis
3034 5614 3266 5680 Christi,
3302 5633 3437 5671 non-

1867 5687 1967 5738 nisi
1996 5686 2360 5741 reconciliatis
2393 5697 2511 5754 post
2543 5687 2729 5756 longas
2753 5686 3087 5756 paenitentiae
3115 5700 3294 5756 moras
3319 5698 3437 5741 tan-

1870 5757 1990 5811 dem
2041 5756 2471 5826 impertiebatur.
2531 5755 2690 5812 Vides
2746 5755 2976 5814 canones
3025 5755 3112 5821 11,
3160 5755 3229 5809 12
3274 5766 3323 5813 et
3368 5759 3435 5815 15
