3928 6252
299 313 400 368 617

1330 300 1675 359 HISTORUE
1716 293 2274 358 ECCLESIASTICZE
2317 297 2443 353 LIB.
2487 291 2570 349 Vl.

3457 283 3555 340 658

293 430 470 485 δοκεῖν
529 426 608 496 τῷ
653 425 762 479 δεῖν
800 423 1088 495 τυγχάνειν
1131 423 1446 494 ἐπικουρίας
1481 423 1607 484 τοὺς
1639 437 1868 492 πεπειρα

1999 415 2238 485 epistolae
2289 413 2545 485 Cypriani
2603 419 2654 465 et
2683 408 2911 462 aliorutn
2969 401 3268 457 antistitum
3306 401 3554 470 quicum

296 520 530 592 σμένους
548 516 894 587 ἐνεφαίνετον
918 516 1012 570 καὶ
1039 515 1114 586 τῷ
1143 517 1339 586 χρῆναι
1368 513 1605 581 εὐλόγως
1627 515 1727 582 τῆς
1761 510 1884 564 καθ-

293 609 828 681 ολικῆςἘκκλησίας
853 609 1188 679 ἐκκήρυκτον
1215 604 1539 676 ποιήσασθαι
1570 604 1660 656 τὸν
1685 605 1784 673 τῆς
1799 603 1882 654 αἱ-

297 703 502 773 ρέσεως
537 700 802 772 ἀρχηγὸν,
849 698 1056 762 πάντας
1091 716 1152 750 τε
1184 696 1383 768 ὁμοίως
1416 698 1542 758 τοὺς
1573 710 1882 760 συναπαγο-

299 794 494 865 μένους
519 791 690 862 αὐτῷ.
721 791 956 855 Ταύταις
972 791 1106 862 άλλη
1124 807 1206 853 τις
1223 789 1481 858 ἐπιστολὴ
1508 787 1617 857 (51)
1646 789 1884 857 συνῆπτο

293 885 386 937 τοῦ
417 882 742 955 Κορνηλίου,
791 883 920 953 περὶ
953 881 1060 935 τῶν
1102 881 1242 935 κατά
1270 880 1367 951 τὴν
1410 878 1625 933 σύνοδον
1654 877 1884 949 ἀρεσὰν-

240 1038 250 1046 _
293 991 422 1038 των,
452 973 546 1026 καὶ
573 973 733 1027 πάλιν
763 972 946 1042 ἐτέρα,
975 971 1102 1043 περὶ
1131 970 1237 1024 τῶν
1268 969 1410 1024 κατά
1434 967 1706 1022 Νοουάτον
1744 984 1884 1037 πρα-

293 1067 532 1137 χθέντων
551 1081 563 1094 ·
587 1066 678 1134 ἀφ’
696 1061 764 1136 ἧς
781 1066 876 1116 καὶ
902 1065 1041 1136 μέρη
1062 1062 1397 1136 παραθέσθαι
1415 1060 1563 1113 οὐδὲν
1577 1059 1642 1112 ἂν
1657 1057 1878 1119 κωλύοι,

294 1157 442 1218 ὅπως
474 1155 664 1208 εἰδεῖεν
689 1155 757 1208 τὰ
791 1155 911 1208 κατ’
942 1153 1104 1207 αὑτὸν
1137 1155 1185 1208 oi
1219 1153 1346 1224 τῇδε
1373 1149 1788 1220 ἐντυγχάνοντες
1811 1148 1877 1216 τῇ

293 1249 501 1318 γραφῇ.
533 1249 576 1300 Τ
577 1247 637 1300 δν
652 1246 715 1318 δὴ
736 1242 826 1300 οὖν
841 1245 1037 1300 Φάϐιον
1059 1245 1425 1299 ἀναδιδάσκων
1439 1242 1618 1306 ὁποῖός
1631 1258 1715 1304 τις
1735 1243 1763 1294 ὁ
1778 1242 1881 1293 Νο-

294 1341 486 1401 ουάτος
525 1338 764 1408 ἐγεγόνει
797 1337 887 1391 τὸν
918 1337 1137 1408 τρόπον,
1173 1335 1310 1390 αὑτά
1340 1334 1404 1405 δὴ
1431 1333 1599 1388 ταῦτα
1622 1332 1821 1403 γράφει
1852 1333 1880 1383 ὁ

295 1427 595 1498 Κορνήλιος
610 1444 622 1456 ο
649 1445 666 1477 ι
695 1427 811 1478 Ἵνα
833 1425 888 1477 δέ
901 1424 1042 1496 γνῷς
1057 1425 1136 1478 ὅτι
1157 1423 1430 1496 πρόπαλαι
1447 1421 1768 1492 ὀρεγόμενος
1780 1423 1880 1490 τῆς

293 1517 598 1588 ἐπισκοπῆς
613 1519 638 1568 ὁ
654 1516 954 1587 θαυμάσιος
967 1511 1237 1579 οὗτος,καὶ
1256 1514 1510 1586 κρύπτων
1527 1514 1583 1565 ἐν
1595 1510 1768 1582 ἐαυτῷ
1780 1511 1878 1581 τὴν

294 1610 546 1680 προπετῆ
577 1609 783 1680 ταύτην
811 1608 976 1663 αὑτοῦ
1013 1608 1306 1678 ἐπιθυμίαν
1337 1607 1647 1666 ἐλάνθανεν,
1681 1607 1876 1658 ἐπικα-

291 1699 540 1771 λύμματι
573 1701 672 1770 τῆς
707 1698 874 1753 αὑτοῦ
901 1697 1156 1762 ἀπονοίας
1193 1697 1274 1769 τῷ
1291 1697 1579 1770 ’καταρχὰς
1608 1697 1702 1750 σὺν
1729 1694 1876 1764 αύτῷ

1989 509 2105 576 ipso
2136 507 2188 560 in
2244 507 2426 558 Africa
2475 497 2785 571 congregati
2813 503 2960 552 sunt.
3015 493 3093 548 Ex
3125 493 3322 563 quibus
3347 490 3553 559 colligi-

1988 607 2095 664 tur,
2123 598 2252 666 ipsis
2277 596 2438 650 etiam
2465 595 2731 663 placuisse
2777 599 2833 644 ut
2876 588 3261 644 subveniretur
3288 586 3356 639 iis
3383 585 3474 653 qui
3500 585 3552 635 in

1989 687 2339 741 tentationem
2371 685 2674 739 incideram
2702 723 2716 747 ,
2771 692 2936 750 utque
2973 689 3164 736 auctor
3191 675 3411 732 nefaria:
3437 677 3552 744 epi-

1985 779 2164 834 uionis
2203 777 2360 832 simul
2406 791 2528 829 cum
2590 777 2656 830 iis
2680 776 2768 843 qui
2796 775 2861 828 ad
2904 781 3087 842 partes
3118 771 3288 838 ipsius
3313 769 3553 823 descivi-.-

1987 879 2127 934 rant,
2165 868 2232 922 ab
2263 867 2514 921 Ecclesia:
2576 865 2864 919 catholicae
2915 862 3206 917 consortio-
3231 861 3427 914 merito
3459 857 3553 912 ab-

1985 960 2276 1014 dicaretur.
2316 957 2410 1012 His
2435 955 2685 1025 adjuncta
2717 965 2837 1010 erat
2871 954 2981 1008 alia
3031 951 3270 1020 ejusdem
3309 948 3546 1004 Cornelii

1984 1050 2231 1118 epistola,
2261 1049 2327 1103 de
2352 1049 2434 1102 his
2463 1063 2580 1117 qua:
2611 1049 2663 1100 in
2695 1046 2901 1118 synodo
2943 1045 3160 1099 decreta
3203 1043 3417 1097 fuerant
3447 1057 3464 1094 :
3499 1051 3550 1094 et

1986 1156 2171 1195 rursus
2198 1141 2300 1194 alia
2329 1141 2392 1195 de
2418 1139 2746 1194 facinoribus
2795 1137 3023 1199 Novati;
3063 1151 3129 1190 ex
3153 1149 3258 1204 qua
3303 1132 3434 1188 nihil
3456 1133 3550 1185 ob-

1984 1233 2400 1301 statquominus
2447 1232 2533 1286 hic
2579 1231 2758 1301 aliqua
2831 1230 3155 1292 inseramus,
3191 1235 3252 1280 ut
3309 1224 3548 1277 historia:

1983 1333 2180 1378 nostra:
2210 1324 2444 1376 lectores
2479 1337 2541 1375 ea
2579 1337 2698 1391 qua:
2731 1322 2797 1375 ad
2835 1319 3100 1374 Novatum
3127 1317 3402 1388 pertinent
3424 1325 3550 1384 per-

1981 1417 2164 1484 spicue
2187 1427 2536 1486 cognoscant.
2562 1415 2729 1486 Igitur
2781 1414 3053 1468 cornelius
3103 1411 3324 1467 Fabium
3350 1409 3548 1464 docens

1981 1503 2277 1574 cuiusmodi
2313 1507 2528 1574 ingenio
2574 1521 2638 1560 ac
2693 1505 2934 1560 moribus
2960 1503 3151 1558 fuisset
3182 1501 3439 1563 Novatus,
3474 1499 3544 1549 ita

1979 1595 2170 1648 scribit
2203 1611 2215 1645 :
2269 1614 2286 1644 ι
2323 1596 2499 1662 Atque
2530 1602 2588 1646 ut
2617 1594 2759 1648 scias
2806 1591 3043 1662 qualiter
3069 1586 3422 1644 admirandus
3456 1585 3544 1638 ille

1980 1686 2064 1739 vir
2083 1685 2404 1754 episcopalis
2432 1685 2534 1738 loci
2569 1682 2866 1753 cupiditate
2913 1681 3236 1752 jampridem
3269 1680 3541 1736 incensus,

291 1793 420 1854 τοὺς
455 1789 792 1861 ὀμολογητὰς
837 1789 1125 1860 ἐσχηκέναι
1151 1789 1449 1860 χρώμενος,
1481 1790 1652 1842 εἰπεῖν
1689 1787 1868 1858 βούλο-

1977 1785 2030 1833 et
2052 1778 2379 1846 praecipitem
2446 1777 2590 1831 illam
2640 1775 2991 1830 ambitionem
3045 1789 3196 1829 suam
3221 1781 3428 1840 tegens,
3455 1773 3544 1824 diu

294 1898 416 1952 μαι.
462 1881 713 1952 Μάξιμος
745 1879 1113 1952 πρεσϐύτερος
1141 1881 1253 1952 (52)
1297 1881 1407 1933 τῶν
1438 1882 1568 1952 παρ’
1601 1882 1752 1952 ἡμῖν,
1782 1881 1874 1933 καὶ

288 1968 590 2040 Οὐρϐανὸς,
637 1970 718 2033 δὶς
747 1969 845 2040 τὴν
875 1969 932 2036 ἐξ
954 1969 1241 2039 ὁμολογίας
1281 1970 1438 2036 δόξαν
1479 1970 1706 2042 ἀρίστην
1741 1988 1874 2044 καρ-

289 2061 628 2130 πωσάμενοι,
659 2059 904 2123 Σιδώνιός
927 2076 988 2112 τε
1013 2060 1105 2112 καὶ
1129 2060 1435 2131 Κελερῖνος,
1461 2061 1598 2133 ἀνὴρ
1621 2061 1678 2126 ὃς
1697 2061 1873 2124 πάσας

289 2151 558 2221 βασάνους
591 2151 679 2204 διά
710 2151 800 2204 τὸν
822 2151 914 2204 τοῦ
934 2149 1080 2204 Θεοῦ
1120 2151 1268 2205 ἔλεον
1313 2153 1762 2225 καρτερικώτατα
1795 2154 1873 2207 δι-

283 2239 672 2312 ενέγκας(55),
715 2241 808 2294 καὶ
853 2244 918 2315 τῇ
971 2240 1128 2316 ῥώμῃ
1175 2243 1273 2316 τῆς
1305 2243 1468 2298 αὑτοῦ
1511 2245 1765 2311 πίστεως,
1814 2247 1875 2298 τὸ

284 2335 516 2401 ἀσθενὲς
542 2331 641 2408 τῆς
669 2335 870 2408 σαρκὸς
903 2336 1238 2409 ἐπιρρώσας,
1277 2337 1415 2390 κατά
1441 2336 1640 2407 κράτος
1665 2338 1875 2407 νενίκη-

283 2445 354 2482 κε
382 2429 474 2481 τὸν
499 2429 870 2500 ἀντικείμενον
889 2445 903 2458 ·
940 2423 1083 2483 οὗτοι
1114 2427 1178 2500 δὴ
1199 2425 1292 2494 οὖν
1315 2429 1364 2480 οί
1391 2428 1582 2500 ἄνδρες
1609 2432 1874 2501 κατανοή-

284 2533 484 2581 σαντες
511 2519 694 2584 αὑτὸν,
723 2519 818 2573 καὶ
842 2518 1336 2590 καταφωράσαντες
1363 2517 1462 2590 τὴν
1501 2519 1558 2572 ἐν
1582 2517 1726 2589 αὐτῷ
1745 2538 1873 2599 παν-

275 2605 524 2675 ονργίανι
566 2623 628 2660 τε
683 2605 779 2659 καὶ
811 2607 1190 2679 παλιμϐολίαν,
1243 2605 1342 2673 τάς
1364 2626 1423 2662 τε
1463 2609 1747 2678 ἐπιορκίας
1780 2611 1873 2662 καὶ

277 2691 658 2762 ψευδολογίας,
707 2695 802 2748 καί¹
844 2695 944 2768 τὴν
975 2698 1364 2768 ἀκοινωνησίαν
1392 2698 1557 2752 αὐτοῦ
1591 2698 1684 2752 καὶ
1716 2698 1872 2751 λυκο-

281 2784 492 2854 φιλίαν,
552 2786 856 2857 ἐπανῆλθον
898 2789 979 2851 είς
1024 2787 1122 2860 τὴν
1175 2790 1336 2858 ἁγίαν
1391 2788 1736 2860 Ἐκκλησίαν,
1779 2789 1872 2841 καὶ

279 2874 504 2928 ἅπαντα
550 2875 714 2928 αὑτοῦ
765 2877 832 2930 τὰ
876 2877 1222 2948 τεχνάσματα
1270 2880 1365 2933 καὶ
1405 2878 1790 2951 πονηρεύματα
1837 2877 1871 2932 ἀ

277 2969 343 3021 ἐκ
399 2969 602 3047 πολλοῦ
654 2971 792 3040 ἔχων
852 2975 910 3027 ἐν
960 2973 1136 3044 ἐαυτῷ
1175 2971 1548 3036 ὑπεστέλλετο,
1591 2972 1870 3043 παρόντων

279 3059 490 3113 ἱκανῶν
531 3061 687 3114 τοῦτο
717 3061 816 3134 μέν
858 3065 1191 3129 ἐπισκόπων,
1219 3063 1376 3116 τοῦτο
1399 3062 1455 3115 δέ
1487 3063 1869 3134 πρεσϐυτέριον

1975 1883 2164 1924 omnes
2215 1869 2470 1935 latuerit;
2506 1869 2630 1923 dum
2693 1866 3034 1923 confessores
3094 1880 3230 1934 quos
3259 1863 3445 1918 statim
3478 1863 3544 1915 ab

1975 1962 2129 2016 initio
2163 1963 2262 2017 sibi
2307 1963 2646 2026 sociaverat,
2686 1961 3049 2016 velamentum
3098 1956 3331 2010 vesania:
3354 1955 3545 2008 obten-

1976 2054 2076 2116 dit,
2122 2053 2376 2122 deinceps
2437 2053 2531 2106 tibi
2582 2053 2901 2107 edisseram.
2959 2049 3230 2102 Maximus
3286 2043 3546 2101 Ecciesize

1977 2153 2174 2196 nostra:
2230 2142 2533 2211 presbyter,
2602 2151 2658 2195 et
2709 2140 2961 2195 Urbanus
3025 2140 3244 2192 :ambo
3300 2151 3366 2190 ex
3422 2134 3544 2188 ﬁdei

1975 2233 2316 2288 cenfessioue
2364 2235 2635 2302 egregiam
2659 2230 2770 2298 jam
2813 2231 3050 2286 secundo
3081 2230 3290 2282 laudem
3323 2227 3500 2294 adepti
3527 2243 3540 2287 ;

1976 2322 2235 2376 Sidonius
2317 2322 2478 2375 etiam
2547 2331 2602 2375 et
2662 2321 2975 2384 Celerious,
3041 2319 3122 2372 vir
3173 2317 3264 2386 qui
3341 2330 3539 2386 cuncta

1977 2423 2362 2467 tormentorum
2397 2427 2594 2480 genera
2635 2427 2731 2481 per
2780 2410 2874 2465 Dei
2921 2409 3350 2466 misericordiam
3377 2405 3540 2478 2&3

1974 2506 2270 2560 fortissime
2327 2506 2620 2571 sustinuit,
2676 2513 2731 2558 et
2788 2503 2879 2572 qui
2919 2503 3042 2557 fidei
3097 2517 3209 2556 suae
3236 2509 3542 2554 constanta

1974 2596 2343 2651 inﬁrmitatem
2395 2596 2644 2662 corporis
2698 2596 2776 2648 sui
2823 2594 3118 2662 roborans,
3171 2593 3542 2648 adversarium

1984 2688 2202 2758 penitus
2250 2676 2534 2740 debellavit
2579 2686 2676 2740 :hi
2721 2702 2909 2741 omnes
2966 2703 3086 2740 cum
3121 2686 3270 2739 illum
3327 2685 3538 2738 tandem

1972 2779 2373 2849 cognovissent,
2414 2788 2468 2832 et
2515 2777 2898 2846 fraudcmcjus
2944 2792 3009 2832 ac
3054 2777 3372 2842 versutiam,
3420 2792 3543 2843 pcr-

1965 2872 2110 2939 juria
2134 2886 2350 2939 quoque
2396 2878 2558 2938 atque
2603 2869 2881 2924 mendacia
2911 2909 2925 2934 ,
2976 2878 3032 2922 et
3061 2868 3442 2922 abhorrentem
3474 2867 3542 2918 ab

1970 2964 2116 3018 omni
2147 2963 2409 3016 societate
2447 2960 2742 3025 feritatem,
2780 2973 2838 3015 et
2865 2960 3104 3031 lupinam
3143 2960 3432 3030 quamdam
3489 2961 3540 3011 in

1974 3067 2040 3108 eo
2073 3053 2372 3106 amicitiam
2403 3049 2888 3120 deprehendissent
2917 3089 2930 3115 ,
2962 3050 3026 3103 ad
3073 3059 3315 3104 sanetam
3353 3049 3543 3103 Eccle-

277 3154 372 3206 καί
405 3153 613 3207 λαῖκῶν
642 3154 851 3226 ἀνδρῶν
880 3155 1234 3227 παμπόλλων,
1262 3155 1581 3226 ἐξήγγειλαν
1607 3156 1868 3225 ἀποδυρό-

1976 3146 2106 3200 siam
2146 3145 2349 3198 reversi
2381 3149 2507 3198 sunt
2538 3158 2553 3193 :
2585 3151 2918 3210 cunctasque
2943 3140 3085 3196 illius
3115 3142 3443 3210 pra‘stigias,
3474 3157 3538 3194 ac

278 3263 438 3315 μενοι
491 3247 588 3300 καὶ
638 3247 1153 3316 μεταγινώσκοντες,
1209 3249 1295 3316 ἐφ’
1328 3242 1408 3310 οἷς
1438 3247 1747 3311 πεισθέντες
1789 3249 1867 3319 τῷ

274 3336 486 3408 δολερῷ
514 3338 605 3390 καὶ
629 3338 886 3409 κακοήθει
926 3338 1118 3410 θηρίῳ,
1165 3337 1301 3410 πρὸς
1328 3338 1505 3406 ὀλίγον
1547 3340 1738 3410 χρόνον
1767 3341 1867 3411 τῆς

273 3426 613 3497 Ἐκκλησίας
658 3427 1081 3499 ἀπελείφθησαν.
1116 3447 1134 3478 ›
1179 3425 1312 3480 Εἶτα
1345 3427 1481 3498 μετά
1517 3427 1720 3498 βραχέα
1762 3447 1865 3500 φη-

274 3518 357 3571 σίν
376 3535 396 3547 ’
440 3536 458 3568 ι
510 3519 815 3589 Ἀμήχανον
851 3519 1004 3590 ὅσην,
1030 3518 1222 3589 ἀδελφέ
1246 3519 1513 3590 ἀγαπητὲ,
1550 3519 1752 3591 τροπὴν
1774 3520 1866 3574 καὶ

274 3608 590 3680 μεταϐολὴν
640 3611 698 3662 ἐν
752 3610 945 3682 βραχεί
990 3610 1170 3681 καιρῷ
1198 3609 1539 3680 ἐθεασάμεθα
1583 3612 1668 3663 ἐπ’
1700 3612 1866 3665 αὑτοῦ

272 3699 679 3770 γεγενημένην.
722 3699 780 3752 Ὀ
804 3700 911 3770 γάρ
943 3716 1019 3752 τοι
1047 3698 1447 3770 λαμπρότατος,
1481 3698 1574 3751 καὶ
1605 3697 1668 3750 δι’
1691 3698 1868 3770 ὅρκων

276 3791 535 3864 φοϐερῶν
572 3809 733 3845 τινων
771 3790 1130 3862 πιστούμενος
1154 3792 1215 3844 τὸ
1248 3791 1367 3862 μηδ’
1393 3791 1530 3855 ὅλως
1563 3792 1868 3861 ἐπισκοπῆς

273 3881 598 3952 ὀρέγεσθαι,
633 3868 895 3952 αἰφνίδιον
923 3881 1217 3944 ἐπίσκοπος
1252 3881 1440 3952 ὥσπερ
1486 3883 1550 3934 ἐκ
1590 3881 1865 3952 μαγγάνου

275 3973 420 4038 τινδς
459 3972 576 4045 (54)
625 3975 706 4037 εἰς
737 3971 798 4025 τὺ
833 3973 997 4044 μέσον
1043 3971 1252 4043 ῥιφθεὶς
1295 3971 1667 4040 ἀναφαίνεται.
1700 3961 1868 4032 Οὗτος

347 4123 470 4199 ('51)
509 4127 702 4196 Ἀλλη
741 4125 1168 4199 τις-ἐπιστολή.
1212 4125 1362 4199 lianc
1403 4123 1871 4199 Cornelii_epis_to-

278 4193 410 4264 lam,
445 4193 576 4252 eum
609 4193 791 4266 priore
817 4197 904 4250 illa
927 4196 1078 4262 cujus
1104 4195 1512 4266 supr‘a_mentio
1536 4194 1604 4266 ab
1630 4193 1864 4247 Eum-bio

276 4266 416 4320 facta
442 4275 556 4331 est,
582 4263 914 4320 confundere
948 4266 1160 4319 videtur
1186 4264 1430 4324 Ruﬁnus,
1459 4265 1549 4331 qui
1577 4263 1710 4317 duas
1741 4276 1862 4315 tan-

279 4345 391 4389 tum
419 4336 667 4392 Cornelii
712 4337 972 4404 epistolas
1001 4335 1268 4400 agnoscit.
1306 4334 1375 4386 At
1408 4333 1773 4403 Hieronymus
1807 4333 1859 4385 in

277 4405 547 4490 libronﬂe
590 4407 936 4490 scriptoribus
974 4404 1372 4490 ecclesiasticis,
1414 4411 1644 4490 quatuor
1679 4417 1862 4490 nnme-
1897 4439 1939 4490 Β

278 4487 380 4530 rat.
425 4474 629 4529 Verum
669 4477 928 4530 Eusebius
974 4475 1077 4528 hoc
1112 4475 1229 4526 loco
1265 4483 1375 4526 tres
1425 4477 1690 4528 duntaxat
1733 4474 1864 4525 (Ior-

277 4547 407 4600 nclii
442 4556 693 4600 recenset
720 4545 980 4614 epistolas
1015 4562 1036 4614 :7
1065 4545 1290 4610 primam
1322 4543 1386 4595 ad
1425 4542 1650 4614 Fabium
1681 4543 1863 4614 Antio-

273 4618 545 4670 rhensem
576 4611 887 4683 episcopum
930 4615 994 4667 de
1025 4613 1268 4667 Romana
1301 4613 1526 4682 synodo,
1560 4613 1734 4680 deque
1763 4611 1863 4665 Ita-

274 4683 362 4738 lia:
397 4695 455 4740 et
487 4684 691 4740 Africa:
711 4684 1086 4753 episcoporum
1113 4699 1380 4753 consensu
1406 4699 1419 4746 ;
1450 4687 1764 4753 secundam
1799 4684 1862 4736 de

277 4753 531 4808 decretis
567 4751 759 4825 synodi
799 4771 814 4806 :
848 4751 1060 4825 tertiam
1097 4754 1160 4825 de
1195 4751 1532 4825 facinoribus
1567 4751 1860 4825 _Novatiani

277 4825 344 4875 ad
372 4821 632 4878 eumdem
664 4824 894 4877 Fabium
927 4823 1278 4876 Antiocheam
1314 4821 1462 4874 urbis
1495 4822 1804 4890 episc0pum
1843 4836 1858 4874 :

277 4907 344 4944 cx
387 4909 500 4962 qua
545 4894 1036 4947 luculentissimum
1094 4892 1461 4946 testimonium
1512 4892 1596 4962 hic
1655 4891 1861 4958 proli-rt

281 4958 577 5018 Eusebius.
611 4962 677 5015 Et
718 4965 889 5031 prima
929 4963 1145 5030 quidem
1198 4977 1261 5015 ac
1319 4962 1509 5031 tertia,
1532 4958 1720 5014 Graeco
1746 4977 1861 5031 ser-

283 5049 449 5088 mone
479 5051 509 5086 a
547 5030 799 5088 Cornelio
832 5034 1050 5100 scripta:
1093 5031 1344 5085 videntur
1393 5046 1407 5083 :
1464 5030 1860 5100 idqueimultis

284 5105 633 5171 argumentis
671 5103 889 5171 probari
923 5111 1121 5171 potest.
1153 5101 1286 5155 Cum
1320 5101 1462 5151 enim
1494 5099 1763 5171 ‘Eusebius
1796 5116 1856 5151 cx

286 5168 446 5226 tertia
479 5168 706 5238 epistola
730 5168 959 5240 plurima
987 5168 1566 5240 adducatitestimonia,
1597 5184 1860 5236 nusquam

285 5241 496 5296 dicitea
519 5237 589 5296 ex
623 5237 814 5295 Latino
841 5257 1089 5296 sermone
1123 5242 1174 5294 in
1205 5239 1452 5294 Graecum
1487 5237 1652 5291 fuisse
1681 5247 1861 5290 trans-

288 5309 424 5378 lata,
467 5315 612 5380 quod
649 5322 828 5365 tamen
858 5319 1116 5380 perpetuo
1153 5324 1374 5364 mouere
1406 5308 1705 5380 consuevit,
1733 5324 1862 5380 ψιοτ

289 5377 621 5434 ιὶεείιλξιιίιιί
669 5377 970 5449 scriptoris
994 5381 1363 5449 testimonium
1404 5379 1536 5432 citat
1569 5396 1582 5429 :
1623 5377 1856 5444 exempli

287 5452 491 5517 gratia,
510 5466 630 5504 cum
659 5448 805 5504 locos
837 5454 1041 5521 profert
1068 5465 1132 5504 ex
1162 5448 1478 5521 Tertulliani
1507 5449 1857 5521 Apologetico,

287 5531 384 5590 aut
415 5535 544 5572 cum
585 5517 850 5587 epistolas
887 5523 1187 5590 principum
1234 5519 1623 5590 Romanorum.
1656 5517 1860 5590 Deinde

289 5586 563 5658 iiusebius
590 5586 700 5658 ipse
726 5592 778 5643 iu
814 5586 915 5643 hoc
946 5586 1125 5658 capite
1165 5591 1297 5642 satis
1322 5588 1514 5651 innuit,
1545 5587 1771 5658 primam
1807 5587 1861 5637 il-

291 5656 396 5728 lam
429 5654 667 5712 Cornelii
695 5661 756 5712 ad
800 5654 1029 5712 Fabiani
1059 5658 1344 5728 epistolam
1392 5658 1652 5728 scriptam
1696 5654 1861 5710 fuisse

291 5725 487 5782 Graeco
513 5744 784 5782 sermone.
829 5725 1120 5796 Postquam
1153 5731 1294 5783 enim
1327 5729 1390 5782 de
1427 5727 1510 5780 illa
1540 5741 1860 5780 commemo-

547 5816 808 5877 Ριτιιυι..
850 5820 895 5877 C
910 5837 959 5874 ιι.
1018 5815 1156 5880 XX.

1975 3238 2296 3308 nequitiam,
2335 3252 2497 3305 quam
2521 3235 2631 3303 jam
2683 3234 2893 3304 pridem
2938 3236 3079 3288 intra
3128 3250 3185 3289 se
3221 3234 3499 3289 occultans
3526 3271 3542 3295 ,

1975 3343 2097 3384 sese
2128 3329 2343 3381 interim
2377 3327 2731 3381 submittebat
2757 3366 2771 3390 ,
2804 3326 3162 3394 prazseulibus
3186 3324 3392 3394 aliquot
3421 3325 3506 3391 cpi
3527 3353 3540 3364 -

1971 3420 2151 3488 scopis
2189 3435 2252 3472 ac
2283 3418 2618 3488 presbyteris
2652 3427 2706 3472 et
2742 3417 2898 3471 laicis
2929 3416 3296 3485 compluribus
3322 3415 3542 3484 evulga-

1972 3502 2100 3563 runt
2140 3529 2152 3563 :
2198 3509 2617 3579 ingemiscentes
2662 3523 2726 3563 ac
2758 3509 3002 3563 dolentes
3028 3546 3043 3572 ,
3071 3507 3212 3578 quod
3244 3522 3273 3560 a
3319 3504 3544 3560 fraudu-

1975 3599 2117 3655 lenta
2147 3601 2234 3653 illa
2266 3601 2609 3670 maligneque
2640 3598 2812 3654 bestia
2844 3600 3072 3664 inducti,
3110 3600 3385 3668 aliquanto
3411 3609 3544 3652 tem-

1975 3696 2124 3765 poris
2151 3697 2326 3762 spatio
2377 3695 2445 3748 ab
2485 3694 2726 3748 Ecclesia
2777 3695 3150 3749 recessissent.
3204 3715 3221 3746 ι
3264 3694 3331 3746 Ει
3382 3694 3544 3764 paulo

1973 3796 2097 3856 post
2128 3786 2316 3840 addit:
2359 3805 2377 3837 ι
2424 3785 2724 3839 Mirabilem
2768 3786 3080 3854 quamdam,
3113 3787 3283 3840 frater
3323 3788 3542 3858 charis-

1973 3879 2148 3941 simc,
2202 3879 2611 3932 conversionem
2664 3877 2714 3929 in
2764 3892 2830 3930 eo
2877 3877 3341 3946 mutationemque
3387 3880 3543 3932 brevi

1976 3969 2235 4038 temporis
2265 3967 2494 4021 articulo
2545 3966 2741 4021 factam
2783 3967 3184 4034 censpeximus.
3217 3967 3353 4022 Nam
3389 3985 3544 4036 egre-

1981 4122 2138 4184 ravit,
2171 4121 2319 4175 addit
2345 4120 2686 4188 coniunctam
2728 4121 2776 4176 ei
2815 4119 2986 4175 fuisse
3014 4121 3173 4174 aliam
3201 4122 3396 4176 Latino
3428 4139 3542 4177 ser-

1971 4207 2132 4246 mone
2166 4193 2443 4263 scriptam
2494 4192 2779 4263 epistolam
2823 4192 3103 4263 Cypriani.
3139 4195 3292 4258 Quod
3321 4197 3537 4260 quidem

1969 4276 2078 4315 nou
2113 4262 2355 4326 adderet,
2387 4263 2489 4315 nisi
2521 4261 2758 4316 Cornelii
2800 4261 3027 4332 epistola
3054 4264 3306 4331 superius
3337 4280 3541 4318 memo-

1970 4342 2084 4399 rata
2119 4334 2332 4399 diverso
2358 4345 2609 4386 sermone
2639 4333 2838 4399 scripta
2869 4334 3074 4386 fuisset.

2039 4398 2151 4471 (δε)
2173 4397 2874 4470 Μάξιμοςπρεσϐύτερος.
2906 4404 2976 4455 De
3001 4404 3102 4457 hoc
3132 4403 3367 4458 Maximo
3419 4420 3540 4468 pro--

1968 4471 2219 4542 sbytero,
2253 4473 2470 4525 Urbano
2497 4481 2549 4524 et
2589 4473 2814 4525 Sidonio
2842 4472 3271 4539 confessoribus,
3302 4478 3540 4539 qualiter

1966 4541 2155 4595 relicto
2183 4541 2480 4594 Novatiauo
2526 4543 2592 4594 ad
2653 4543 2946 4595 Ecclesium
2981 4544 3299 4597 catholicam
3333 4547 3533 4598 reversi

1964 4611 2094 4685 sint,
2131 4611 2250 4685 vide
2279 4612 2560 4679 epistolam
2594 4610 2834 4666 Cornelii
2868 4615 3132 4685 _papa:__ad
3179 4615 3532 4685 Cyprianum.

1964 4681 2280 4752 Fuithetiam
2314 4685 2503 4752 eodem
2539 4691 2782 4750 tempore
2829 4683 2968 4736 alter
3011 4681 3277 4737 Maximus
3309 4685 3535 4752 presby-

1967 4761 2048 4822 ter
2078 4749 2629 4822 Ecclesimiﬂomanaa,
2649 4749 2807 4820 quem
2833 4752 3164 4806 Novatianus
3201 4749 3432 4822 legatum
3477 4749 3532 4807 in

1965 4820 2207 4874 Africam
2243 4821 2392 4874 misit
2417 4822 2483 4872 ad
2518 4822 2849 4888 Cyprianmn
2888 4838 2990 4876 una
3025 4838 3146 4876 cum
3198 4820 3437 4878 Machina
3482 4836 3534 4877 et

1962 4890 2122 4943 alits:
2160 4891 2254 4944 sed
2281 4890 2586 4959 Cyprianus
2617 4906 2710 4943 eos
2735 4908 2763 4942 ιι
2790 4895 3176 4946 communione
3216 4909 3312 4947 sua
3350 4909 3532 4947 remo-

1963 4959 2060 5031 yit.
2099 4961 2289 5031 [’ostea
2319 4961 2652 5013 schismatici
2686 4961 2977 5014 Maximum
3031 4965 3173 5017 hunc
3219 4965 3532 5031 episcopum

1963 5027 2016 5104 in
2051 5029 2232 5104 Africa
2268 5029 2468 5092 fecere,
2500 5041 2555 5081 ut
2584 5031 2741 5084 docet
2771 5034 3079 5101 Cyprianus
3109 5033 3160 5086 in
3193 5027 3420 5104 epistola
3466 5039 3532 5087 ad

1962 5097 2291 5152 Cornelium.

2035 5169 2146 5238 (55)
2162 5168 2637 5236 Καρτερικώτατα
2652 5169 2984 5239 διενέγκας.
3003 5171 3074 5224 ita
3103 5173 3155 5225 in
3171 5173 3270 5226 cod
3279 5174 3356 5227 iee
3374 5172 3533 5226 Medi-

1963 5255 2076 5313 cae-0
2095 5256 2191 5313 pro
2218 5243 2431 5313 vulgato
2461 5239 2736 5313 διανύσας,
2771 5244 3060 5313 scribitur;
3086 5245 3528 5313 ameGeorgiuut

1964 5309 2293 5376 Syucellum,
2334 5309 2642 5378 διενεγκών.
2681 5312 2785 5364 Sed
2843 5309 3147 5366 Mazariuus
3194 5315 3361 5366 codex
3390 5309 3532 5374 ustio

1963 5379 2180 5446 pulatur
2207 5379 2458 5432 Medicam
2485 5397 2499 5444 ;
2549 5382 2678 5434 item
2712 5381 3039 5434 Fukt-tianus
3069 5393 3123 5434 et
3149 5383 3479 5435 Savilianus.

2036 5449 2147 5518 (54)
2169 5450 2396 5521 Ὥσπερ
2409 5450 2476 5501 ἐκ
2491 5451 2803 5520 μαγγάνου
2825 5453 3004 5516 τινός.
3031 5452 3139 5505 Hoc
3174 5453 3296 5506 loco
3311 5453 3376 5504 ἐκ
3392 5469 3534 5521 μαγ-

1962 5519 2126 5591 γάνου
2166 5520 2305 5591 idem
2329 5531 2415 5572 est
2446 5528 2584 5587 quod
2616 5519 2720 5572 απὸ
2743 5521 3013 5591 μηχανῆς,
3038 5519 3532 5590 quaeproverbialis

1962 5590 2162 5661 locutio
2206 5589 2458 5655 frequens
2510 5601 2592 5642 est
2641 5589 2777 5657 apud
2797 5589 3066 5661 i'Crafcos.
3126 5589 3256 5644 [\am
3312 5593 3530 5661 μάγγα-

1961 5675 2050 5710 νον
2079 5658 2220 5711 idem
2252 5669 2334 5711 est
2365 5676 2427 5710 ac
2461 5661 2727 5712 machina.
2779 5660 2932 5725 Quod
2987 5663 3154 5716 miror
3186 5679 3284 5718 nec
3313 5658 3357 5715 ‘a
3407 5658 3530 5716 lim-

1962 5728 2132 5792 εςιιιυ,
2171 5742 2269 5781 nec
2293 5743 2323 5780 a
2354 5726 2846 5797 Christophorsono
2882 5732 3317 5787 animadversum
3341 5733 3526 5788 inisse.

3151 5824 3230 5882 E20
