3928 6252
283 304 392 360 839

1313 281 1658 339 HISTORIJE
1695 273 2251 334 ECCLESlASTlCE
2292 271 2419 365 LIB.
2461 267 2552 324 VI.

3429 254 3532 306 (οἷιυ

285 419 512 480 ἑαυτοὺς
533 415 634 483 τῆς
657 410 1008 481 Ἐκκλησίας.
1047 429 1063 459 ι
1100 407 1209 459 Καὶ
1249 404 1339 457 ἐπὶ
1366 403 1506 456 τέλει
1531 401 1586 453 δὲ
1617 400 1715 468 τῆς
1745 399 1866 450 ἑπι-

1976 408 2135 464 porro
2172 391 2318 446 illum
2343 390 2453 459 jam
2487 386 2744 442 nudatum
2771 395 2832 436 ac
2872 392 3007 449 perte
3038 374 3210 431 solum
3243 369 3529 426 remansis-

2826 473 2840 483 .
3162 481 3175 483 _
3255 471 3298 483 Α.
3337 463 3398 483 -.ι
3430 461 3498 483 η-

285 507 498 578 στολῆς,
528 504 639 557 τῶν
665 506 757 557 ἐπὶ
789 501 1005 570 Ῥώμης
1039 495 1492 568 παραγενομένων
1526 490 1858 552 ἐπισκόπων,

231 623 238 634 υ
282 604 382 673 τῆς
406 618 466 654 τε
489 600 762 654 Νοουάτου
791 590 1213 660 κατεγνωκὸτων
1238 585 1584 657 ἀϐελτηρίαςν
1628 580 1860 635 κατάλο“

285 670 379 761 γον
415 691 730 760 πεποίηται,
765 684 898 756 ὁμοῦ
926 684 993 736 τά
1024 699 1084 734 τε
1113 679 1372 749 ὀνόματα,
1420 678 1513 730 καὶ
1537 670 1606 745 ἧς
1630 675 1658 726 ὁ
1681 671 1864 733 καθεῖς

285 783 463 838 αὐτῶν
505 781 798 851 προηγεῖτο
845 775 1158 846 παροικίας,
1203 768 1700 838 ἐπισημηνάμενος.
1742 763 1864 816 Τῶν

283 891 342 924 τε
386 871 466 944 μὴ
503 866 960 940 παραγενομένων
998 863 1094 934 μὲν
1139 861 1231 913 ἐπὶ
1261 860 1359 928 τῆς
1397 856 1635 927 Ῥώμης,
1678 871 1863 907 συνευ-

281 962 625 1031 δοκησάντων
653 959 708 1010 δὲ
733 958 821 1011 διὰ
853 955 1192 1027 γραμμάτων
1216 954 1280 1022 τεῇ
1312 950 1418 1003 τῶν
1454 945 1863 1018 προειρημένων

279 1053 470 1123 ψήφῳ,
524 1049 624 1112 τὰς
667 1047 1039 1120 προσηγορίας
1091 1042 1224 1113 ὁμοῦ
1271 1041 1366 1094 καὶ
1393 1039 1490 1102 τὰς
1524 1038 1705 1098 πόλεις
1743 1034 1864 1087 ὅθεν

281 1146 514 1205 ἕκαστος
555 1138 872 1211 ὁρμώμενος
911 1134 1218 1196 ἐπέστελλε,
1274 1129 1620 1203 μνημονεύει.
1680 1125 1865 1178 Ταῦτα

289 1234 384 1303 μὲν
424 1234 453 1284 ὁ
477 1231 770 1302 Κορνήλιος
802 1227 983 1297 Φαϐίῳ
1012 1223 1341 1294 ’Λντιοχείας
1383 1219 1666 1287 ὲπισκόπῳ
1692 1213 1865 1284 δηλῶν

285 1323 516 1393 Errare-

1969 461 2060 547 se,
2089 483 2351 536 fratribus
2383 477 2625 547 quotidie
2652 490 2774 528 eum
2809 468 3215 529 deserentibus,
3250 471 3304 518 et
3335 463 3400 514 ad
3430 461 3532 515 Ee-

1971 575 2190 630 clesiatn
2242 567 2613 634 redeuntibus.
2665 562 2831 628 Quem
2860 560 3020 614 etiam
3041 555 3252 626 Moyses
3283 550 3532 607 beatissi-

1973 679 2094 720 mus
2122 671 2348 730 martyr,
2380 657 2471 726 qui
2508 670 2677 723 nuper
2705 651 2845 721 apud
2877 664 2975 703 nos
3006 645 3222 715 egregio
3258 652 3314 695 et
3357 639 3533 693 admi-

1973 757 2144 812 rando
2175 751 2437 820 martyrio
2464 747 2780 818 perfunctus
2812 750 2930 804 est;
2958 741 3084 792 dum
3119 736 3294 789 adhuc
3317 734 3369 786 in
3397 731 3539 786 vivis

1972 856 2159 910 esset,
2192 843 2472 898 audaciam
2526 839 2642 907 ejus
2677 851 2739 890 ac
2784 835 3021 888 furorem
3064 835 3407 898 perspectum
3441 824 3548 909 ha-t

1971 939 2132 1003 bens,
2161 951 2189 989 a
2221 931 2601 988 communione
2637 941 2732 982 sua
2773 922 3044 993 separavit
3072 934 3175 973 una
3210 933 3330 972 cum
3375 916 3551 992 quin-'1

1973 1043 2079 1098 que
2103 1022 2453 1095 presbyteris,
2478 1019 2565 1088 qui
2598 1033 2656 1072 se
2685 1015 2886 1084 pariter
2919 1027 3041 1068 cum
3071 1009 3161 1066 illo
3191 1009 3258 1062 ab
3281 1005 3536 1098 Ecclesia:

1973 1095 2202 1186 corpore
2232 1114 2579 1182 abruperant.
2629 1127 2646 1160 ι
2695 1106 2806 1160 Sub
2840 1106 2999 1158 tinent
3032 1109 3209 1154 autem
3255 1095 3494 1165 epistolae
3518 1133 3532 1156 ,

1974 1183 2256 1261 numerum
2285 1210 2531 1257 recenset
2571 1198 2947 1267 episcoporum
2983 1191 3072 1260 qui
3110 1189 3162 1242 in
3205 1188 3392 1240 urbem
3431 1183 3537 1238 Ro-

1974 1313 2119 1352 mam
2149 1281 2534 1349 convenientes
2561 1332 2575 1356 ,
2601 1289 2894 1343 amentiam
2920 1282 3109 1336 Novati
3147 1279 3537 1333 condemnave-

287 1368 410 1466 πολι
435 1368 698 1474 :nomina
747 1421 964 1478 quoque
1015 1405 1232 1459 illorum
1258 1443 1270 1467 ,
1308 1409 1364 1456 et
1415 1414 1575 1469 quam
1612 1397 1843 1467 quisque
1913 1389 2132 1458 regebat
2163 1383 2458 1441 Ecclesiam
2487 1381 2784 1436 ascribeus.
2825 1377 3021 1478 Eorum
3066 1374 3193 1427 item
3233 1371 3324 1478 qui
3353 1368 3536 1423 Roma:

284 1503 509 1572 quidem
566 1467 789 1554 minime
853 1467 1181 1560 adfuerant,
1243 1467 1581 1565 superiorum
1650 1501 1832 1544 tamen
1894 1486 2268 1556 episc0porum
2300 1477 2619 1534 sententiam
2662 1473 2860 1528 litteris
2904 1470 3018 1526 suis
3062 1467 3489 1572 approbaverapt
3517 1501 3533 1525 ,

286 1557 548 1652 vocabula
578 1595 736 1648 simul
768 1603 822 1648 et
855 1595 1100 1648 civitates
1129 1594 1268 1643 unde
1301 1588 1492 1655 singuli
1539 1588 1746 1639 litteras
1789 1582 2073 1642 dederant,
2113 1583 2362 1632 accurate
2406 1577 2813 1628 commemorat.
2864 1567 2929 1622 Et
2984 1565 3101 1621 haic
3145 1562 3357 1633 quidem
3401 1557 3536 1613 Coro

284 1689 464 1744 uetitis
510 1687 676 1742 Fabio
718 1684 1072 1740 Antiochensi
1118 1683 1371 1749 episcopo
1426 1696 1524 1750 per
1556 1677 1852 1748 epistolam
1897 1671 2220 1726 insinuavit.

798 1770 1193 1825 ΚΕΦΑΛΑΙΟΝ
1229 1770 1339 1822 MA’
1347 1808 1360 1821 .

489 1865 626 1933 Περὶ
656 1861 1044 1933 Σαραπίωνος
1062 1858 1293 1933 ίσξορία
1317 1854 1648 1933 Λᾼιονυσίου

825 1932 960 2002 (Nic.
996 1929 1068 1983 Η.
1103 1928 1170 1981 Ε.
1206 1944 1279 1990 \‘l,
1309 1927 1384 1998 ϐ).

360 2025 450 2098 Τῷ
479 2026 523 2079 δ’
549 2023 697 2094 αὐτῷ
739 2023 913 2092 τούτῳ
951 2019 1133 2090 Φαϐίῳ
1173 2015 1723 2089 ὑποκατακλινομένῳ
1755 2033 1869 2078 πως

282 2123 367 2189 τῇ)
389 2119 664 2188 σχίσματι,
691 2116 784 2169 καὶ
815 2113 1088 2176 Διονύσιος
1116 2115 1143 2164 ὁ
1165 2114 1282 2166 κατ’
1320 2110 1721 2181 Ἀλεξάνδρειαν
1751 2111 1868 2161 ἐπι-

285 2210 505 2272 στείλας
527 2251 539 2274 ,
571 2208 736 2261 πολλά
775 2224 833 2259 τε
866 2205 1000 2258 ἄλλα
1032 2205 1157 2275 περὶ
1190 2202 1475 2274 μετανοίας
1502 2203 1558 2252 ὲν
1591 2203 1703 2262 τοῖς
1733 2199 1869 2269 προς

286 2301 450 2355 αὐτὸν
482 2300 770 2372 γράμμασι
797 2296 1038 2358 διελθὼν,
1070 2295 1176 2348 τῶν
1206 2311 1264 2346 τε
1309 2292 1428 2345 κατ’
1466 2290 1868 2360 Ἀλεξάνδρειαν

285 2391 514 2459 ἔναγχος
532 2391 652 2442 τότε
685 2386 1143 2459 μαρτυρησάντων
1164 2386 1288 2447 τοὺς
1309 2383 1524 2451 ἀγῶνας
1547 2379 1714 2442 διιὼν,
1734 2380 1870 2450 μετὰ

287 2480 389 2548 τῆς
417 2478 581 2548 ἄλλης
628 2477 886 2548 ἱστορίας,
920 2475 1150 2548 πρᾶγμά
1177 2493 1230 2526 τι
1267 2474 1459 2544 μεστὸν
1489 2472 1761 2542 θαύματος
1792 2472 1870 2523 δι-

287 2575 525 2643 ηγεῖται.
563 2574 625 2625 Ὀ
658 2573 750 2623 καὶ
781 2570 912 2625 αὐτὸ
942 2570 1237 2636 ἀναγκαῖον
1269 2567 1392 2637 τῇδε
1439 2565 1771 2638 παραδοῦναι
1799 2567 1865 2635 τῇ

288 2664 496 2732 γραφῇ,
527 2660 697 2723 οὕτως
725 2661 875 2729 ἔχονο
911 2679 929 2710 ι
974 2661 1069 2710 Ἓν
1113 2659 1168 2711 δέ
1209 2675 1287 2710 σοι
1322 2657 1480 2710 τοῦτο
1521 2657 1868 2728 παράδειγμα

291 2753 421 2824 παρ’
454 2753 584 2821 ἡμῖν
624 2750 964 2820 συμϐεϐηκὸς
995 2749 1312 2818 ἐκθήσομαι.
1365 2748 1656 2818 Σαραπίων
1691 2765 1774 2810 τις
1801 2743 1868 2816 ἦν

292 2844 418 2913 παρ’
454 2843 584 2912 ἡμῖν
617 2840 802 2903 πιστὸς
842 2839 1052 2910 γέρων,
1085 2840 1387 2908 ἀμέμπτως
1431 2838 1528 2908 μὲν
1569 2838 1658 2890 τὸν
1703 2837 1868 2890 πολὺν

291 2931 584 2994 διαϐιώσας
611 2930 818 3000 χρόνον,
863 2932 917 2981 ἐν
953 2930 1008 2982 δὲ
1052 2928 1130 2999 τῷ
1159 2927 1450 2999 πειρασμῷ
1481 2927 1679 2980 πεσών.
1704 2923 1869 2991 Οὗτος

295 3025 548 3088 πολλάκις
575 3023 761 3086 ἐδεῖτο,
787 3022 880 3076 καὶ
912 3021 1085 3083 οὐδεὶς
1117 3023 1403 3091 προσεῖχεν
1435 3018 1582 3088 αὐτῷ
1611 3017 1742 3088 (57),
1775 3017 1870 3072 καὶ

291 3117 398 3189 γὰρ
426 3115 700 3169 ὲτεΟύκεν
737 3117 791 3166 ὲν
825 3115 958 3183 νόσῳ
988 3112 1042 3165 δὲ
1063 3111 1371 3180 γενόμενος,
1393 3108 1560 3180 τριῶν
1589 3109 1714 3179 ἑξῆς
1734 3111 1870 3179 ἡμει
1897 3141 1940 3197 c

293 3211 402 3281 ρῶν
433 3208 644 3276 ἄφωνος
671 3208 763 3258 καὶ
787 3203 1107 3273 ἀναίσθητος
1133 3200 1416 3254 διετέλεσε.
1441 3199 1620 3271 Βραχὺ
1651 3199 1708 3251 δὲ
1739 3200 1867 3252 ἀνα-

294 3299 502 3370 σφήλας
526 3301 592 3368 τῇ
621 3295 872 3367 τετάρτῃ,
907 3293 1342 3363 προσεκαλέσατο
1373 3291 1461 3342 τὸν
1490 3289 1862 3360 Θυγατριδοῦν·

292 3391 403 3450 καὶ,
431 3389 608 3458 Μέχρι
631 3386 793 3448 τίνος,
815 3385 998 3454 φησιν,
1029 3378 1072 3435 ὦ
1090 3383 1298 3446 τέκνον,
1325 3382 1389 3452 μὲ
1414 3381 1704 3449 κατέχετε;
1737 3379 1863 3432 Δέο-

296 3497 410 3550 par,
439 3479 729 3542 σπεύσατε,
749 3476 840 3529 καί
869 3493 934 3545 με
956 3474 1145 3527 θᾶττον
1177 3471 1619 3535 ἁπολύσατε,τῶν
1641 3471 1868 3542 πρεσϐυ-

291 3567 462 3638 τέρων
495 3565 582 3636 μοί
602 3583 723 3620 τινα
750 3564 975 3617 κάλεσον
1000 3563 1130 3633 (58).
1159 3561 1266 3614 Καὶ
1295 3560 1462 3614 ταῦτα
1489 3560 1676 3626 εἰπὼν,
1705 3561 1865 3615 πάλιν

207 3669 213 3677 ’
297 3686 378 3730 rat
424 3693 438 3727 τ
485 3677 578 3728 sed
638 3675 980 3727 confessores
1039 3673 1252 3742 nonnisi
1302 3671 1482 3742 Moyse
1528 3684 1740 3728 mortuo
1797 3675 1862 3727 ad

296 3745 581 3799 Novatiani
610 3755 790 3810 partes
813 3746 1160 3799 transierunt.
1189 3741 1355 3794 Tanta
1382 3741 1462 3795 vis
1487 3753 1647 3808 atque
1671 3754 1862 3796 aucto-

295 3819 427 3870 ritas
464 3815 516 3866 itt
546 3814 730 3882 Moyse
773 3824 910 3866 erat.
958 3813 1123 3882 quue
1173 3822 1317 3866 certe
1353 3814 1530 3864 innuit
1563 3814 1864 3882 Cyprianus

299 3888 350 3938 in
380 3885 537 3946 epist.
570 3880 660 3945 51,
685 3885 768 3934 bis
802 3883 1019 3936 verbis:
1057 3880 1405 3947 Posteaquam
1446 3897 1533 3934 vos
1571 3880 1864 3938 decurrere

298 3955 600 4021 prodeuntes
636 3954 1001 4005 schismaticus
1051 3961 1096 4003 et
1137 3953 1410 4004 [uereticus
1452 3967 1599 4003 error
1642 3957 1861 4019 excepit,

299 4026 371 4078 sic
407 4039 484 4074 res
504 4034 611 4074 erat
636 4025 789 4089 quasi
816 4023 984 4090 g’oria
1008 4033 1169 4074 vestra
1194 4023 1244 4072 in
1277 4037 1483 4072 carcere
1507 4026 1859 4079 remansisset.

301 4094 458 4161 Atqui
495 4104 702 4162 constai
746 4092 1107 4162 confessores,
1156 4092 1368 4162 nonnisi
1406 4103 1618 4162 mortuo
1661 4091 1863 4162 Moyse,

301 4179 362 4215 ex
389 4160 632 4215 carcere
673 4161 924 4214 dimissos
969 4161 1154 4229 fuisse.
1207 4160 1318 4229 Cur
1355 4161 1498 4212 enim
1533 4162 1632 4229 ipsi
1688 4160 1865 4229 potius

301 4231 507 4284 dimissi
536 4229 771 4300 inissent
793 4246 951 4296 quam
995 4228 1249 4298 Moyses?
1290 4229 1415 4282 Post
1444 4228 1666 4283 mortem
1691 4228 1867 4300 igitur

304 4300 500 4370 Moysis
532 4299 1098 4370 Novatianumisecuti
1143 4309 1292 4351 sunt.
1326 4299 1512 4370 Quare
1536 4316 1639 4352 non
1677 4299 1864 4352 assen-

304 4368 407 4423 tier
437 4370 689 4432 Duronio,
725 4371 815 4435 qui
849 4369 918 4422 ad
951 4384 1148 4421 annum
1190 4371 1385 4422 Christi
1417 4368 1544 4429 254,
1589 4386 1734 4420 ιιιιιιι.
1774 4370 1864 4432 (ib',

301 4443 377 4494 ait
402 4418 943 4494 cotrl'essor'es'adhue
975 4439 1026 4490 in
1062 4453 1285 4492 carcere
1315 4418 1544 4506 positos,
1571 4418 1867 4506 Novatiano
1902 4418 1943 4470 θ

302 4510 559 4563 adversus
587 4507 894 4561 Cornelium
929 4507 1146 4561 favisse.
1177 4509 1284 4560 Sed
1316 4501 1495 4576 neque
1533 4501 1658 4560 illu'd
1703 4507 1872 4562 libens

303 4579 534 4630 Baronio
573 4578 956 4635 concesserim,
1004 4579 1143 4642 quod
1192 4579 1328 4628 itlem
1365 4577 1573 4638 scribit,
1636 4577 1871 4645 Moysem

301 4649 504 4701 sciliCet
538 4649 912 4715 presbyterum
945 4646 1196 4701 Cornelio
1239 4646 1435 4699 favisse
1469 4649 1725 4700 adversus
1766 4646 1872 4699 Νο-

303 4719 600 4770 vatiauutn.
652 4717 778 4768 Mihi
821 4717 962 4768 enim
1014 4718 1226 4768 videtur
1275 4716 1488 4786 Moyses
1527 4717 1694 4786 paulo
1749 4726 1876 4769 ante

301 4787 703 4840 ordinationem
747 4786 980 4837 Cornelii
1014 4801 1042 4838 e
1082 4786 1214 4836 vivis
1245 4788 1462 4838 abiisse.
1503 4785 1709 4853 Quippe
1740 4787 1875 4839 Cor-

305 4858 476 4908 uelitis
509 4871 651 4908 anno
682 4853 885 4908 Christi
913 4853 1041 4916 251,
1072 4854 1236 4906 Decio
1263 4858 1498 4924 Augusto
1531 4871 1588 4906 ιιι
1619 4866 1672 4907 et
1716 4854 1875 4907 Decio

303 4926 515 4979 Caesare
545 4941 712 4988 coss.,
747 4939 932 4976 mense
979 4925 1147 4990 Aprili
1195 4926 1344 4992 juxta
1391 4925 1603 4976 llaronii
1653 4935 1875 4976 senten-

307 4996 460 5064 tiam,
529 4996 705 5046 fartus
741 5005 825 5046 est
865 4994 1153 5060 episcopus
1190 5011 1203 5046 :
1243 4995 1454 5064 Moyses
1511 5009 1635 5045 vero
1693 5008 1876 5046 mense

303 5063 605 5117 Februario
638 5065 877 5132 ejusdem
935 5066 1061 5114 anni
1116 5077 1145 5115 e
1191 5064 1296 5116 vita
1342 5063 1703 5125 discesserat,
1752 5078 1872 5115 cum

301 5135 427 5186 anni
453 5135 627 5199 spatio
657 5135 706 5185 in
739 5147 959 5185 carcere
993 5134 1398 5200 permansisset,
1431 5141 1662 5200 ntsupra
1687 5134 1866 5184 obsur-

305 5204 447 5255 vari.
485 5205 650 5256 l’orro
692 5218 759 5256 ex
793 5203 1031 5268 quinque
1078 5203 1182 5254 illis
1231 5202 1566 5270 presbyteris
1611 5203 1699 5267 qui
1752 5217 1873 5253 cum

307 5271 604 5324 Novatiano
631 5273 698 5326 ab
731 5273 972 5326 Ecclesia
1002 5286 1058 5323 se
1090 5284 1526 5340 scgregaverant,
1549 5287 1684 5322 unus
1715 5272 1876 5340 fuisse

279 5342 520 5393 -ti.letttr
551 5341 820 5394 Maximus
861 5339 1170 5409 presbyter,
1205 5341 1434 5392 illaximo
1469 5341 1541 5393 illi
1581 5339 1874 5392 confessori

306 5411 664 5485 ιοθιιριιιίιιὶε,
699 5426 858 5478 quem
891 5410 1219 5463 Novatianus
1243 5411 1478 5485 legatum
1511 5419 1696 5478 postea
1733 5410 1877 5462 misit

308 5481 359 5533 in
390 5481 655 5533 Africam.

379 5549 492 5619 (57)
522 5548 737 5614 Οὐδεὶς
773 5546 1100 5616 προσεῖχεν
1120 5549 1313 5619 αὐτῷ.
1349 5546 1403 5601 ιιι
1445 5561 1556 5619 est.
1590 5564 1749 5600 nemo
1780 5564 1878 5603 nec

311 5619 376 5670 de
403 5618 552 5672 clero
583 5634 681 5670 nec
715 5623 780 5671 de
821 5620 1033 5685 populo,
1065 5618 1202 5684 'ejus
1245 5620 1495 5686 precibus
1539 5618 1874 5681 ﬂectebatur,

313 5699 369 5742 ut
403 5689 616 5744 veniam
652 5687 724 5740 illi
755 5688 981 5739 dandam
1015 5702 1306 5756 pacemque
1344 5687 1718 5756 indulgendum
1759 5703 1877 5744 esse

2428 1756 2590 1828 243
2627 1753 2854 1810 carur
2897 1754 3078 1808 xuv.

2275 1848 2532 1902 Narratio
2558 1846 2800 1916 Dionysii
2828 1846 2890 1899 de
2925 1845 3241 1913 Serapione.

2045 2004 2228 2058 Eidem
2262 2017 2426 2072 porro
2455 2003 2624 2057 Fabio
2671 2001 2954 2072 Dionysius
3003 2000 3396 2080 Alexandrinus
3425 2001 3539 2072 epi-

1971 2111 2166 2166 scopus
2201 2095 2449 2150 scribens
2477 2135 2491 2157 ,
2525 2103 2810 2164 postquam
2841 2102 2896 2147 et
2943 2093 3050 2146 alia
3100 2093 3264 2146 multa
3300 2107 3418 2160 quae
3471 2093 3538 2145 ad

1969 2188 2345 2258 paenitentiam
2378 2196 2626 2255 spectant
2669 2187 2720 2240 in
2757 2187 2872 2242 suis
2917 2188 2983 2241 ad
3020 2186 3172 2240 illum
3203 2186 3402 2240 litteris
3438 2200 3536 2240 ex—

1968 2281 2170 2351 posuit,
2203 2289 2256 2335 et
2284 2289 2585 2350 martyrum
2617 2279 2711 2348 qui
2742 2293 2932 2333 recens
2961 2276 3302 2331 Alexandriae
3331 2287 3536 2348 marty-

1971 2375 2108 2425 rimn
2145 2371 2470 2436 subierant,
2523 2370 2823 2424 certamina
2855 2369 3344 2432 commemoravit,
3396 2369 3538 2422 inter

1969 2473 2166 2517 caetera
2201 2462 2412 2516 facinus
2443 2461 2714 2530 quoddam
2745 2460 2913 2514 refert
2943 2458 3306 2514 admiratione
3333 2459 3536 2529 dignis-

1970 2553 2163 2606 simum
2189 2593 2202 2618 ,
2231 2553 2374 2621 quod
2415 2552 2540 2606 huic
2573 2552 2737 2606 etiam
2790 2549 3033 2605 historiae
3063 2559 3263 2604 nostrae
3295 2549 3538 2604 inserere

1971 2645 2338 2699 neeessarium
2374 2643 2526 2698 duxi.
2563 2643 2656 2697 Est
2682 2653 2862 2697 autem
2909 2642 3215 2712 huiusmodi
3250 2658 3263 2695 :
3299 2659 3316 2694 ι
3360 2640 3535 2696 Unum

1974 2739 2067 2793 tibi
2103 2737 2407 2807 exemplum
2443 2752 2739 2807 proponam
2786 2736 2930 2804 quod
2960 2735 3098 2804 apud
3145 2749 3245 2789 nos
3288 2734 3535 2804 contigit.

1971 2830 2099 2883 Erat
2127 2830 2176 2882 in
2212 2829 2316 2883 hac
2351 2827 2484 2882 urbe
2518 2827 2780 2896 Serapion
2810 2826 3027 2894 quidam
3055 2840 3221 2880 senex
3247 2840 3278 2878 e
3314 2839 3538 2879 numero

1971 2920 2210 2976 fidelium
2239 2958 2254 2984 ,
2289 2920 2383 2990 qui
2419 2918 2630 2988 reliquo
2669 2918 2887 2988 quidem
2937 2925 3200 2972 anteactae
3243 2917 3370 2970 vita:
3403 2925 3540 2969 tem.

1970 3027 2101 3081 pore
2139 3011 2270 3065 nulli
2304 3011 2475 3080 culpae
2511 3010 2779 3066 obnoxius
2825 3009 3023 3064 fuerat.
3057 3008 3163 3064 Sed
3195 3009 3249 3063 in
3281 3023 3543 3078 persecu-
3599 3029 3602 3032 ·

1977 3103 2121 3155 tione
2172 3100 2389 3170 lapsus,
2444 3114 2812 3170 saepenumero
2863 3100 3073 3154 veniam
3129 3097 3362 3166 petierat
3393 3136 3406 3159 ,
3439 3111 3542 3150 nec

1975 3194 2264 3263 quisquam
2321 3193 2370 3247 ei
2429 3194 2788 3260 attendebat,
2854 3207 2917 3248 co
2966 3191 3108 3260 quod
3159 3190 3548 3244 sacrilicasset.

1973 3285 2116 3340 Idem
2151 3295 2333 3355 postea
2368 3285 2556 3340 morbo
2602 3293 2889 3354 correptus
2944 3281 3096 3338 vocis
3133 3297 3232 3336 usu
3275 3294 3556 3349 sensuque-

1970 3378 2116 3432 omni
2149 3392 2342 3433 carens
2372 3379 2555 3432 triduo
2587 3377 2905 3446 permansit.
2939 3376 3150 3442 Quarto
3184 3374 3398 3428 demum
3457 3373 3553 3426 die

1973 3469 2248 3537 paululum
2276 3479 2574 3536 recreatus,
2613 3478 2865 3539 nepotem
2900 3483 2963 3522 et
2997 3468 3104 3522 tilia
3141 3468 3207 3521 ad
3242 3481 3301 3521 se
3333 3475 3490 3520 vocat
3526 3484 3542 3521 :

1976 3561 2043 3616 Et
2091 3577 2376 3632 quousque
2409 3561 2621 3616 tandem
2654 3601 2669 3626 ,
2717 3561 2932 3631 inquit,
2961 3574 3046 3614 me
3092 3557 3345 3613 detinetis
3371 3596 3386 3624 ,
3425 3551 3538 3610 iiii?

1975 3686 2240 3732 censeret.
2269 3677 2400 3730 Nam
2423 3687 2473 3731 et
2502 3676 2678 3745 populi
2705 3675 3020 3742 suffragium
3045 3675 3110 3728 ad
3142 3675 3192 3745 id
3216 3685 3334 3742 erat
3360 3687 3546 3745 neces-

1976 3749 2210 3809 sarium,
2243 3757 2297 3800 ut
2325 3743 2516 3814 aliquis
2572 3747 2773 3813 lapsus-
2799 3755 2889 3797 aut
2925 3746 2992 3798 ob
3049 3744 3200 3814 aliml
3223 3745 3426 3797 crimen
3476 3743 3544 3814 ab

1974 3817 2229 3870 Ecclesiae
2253 3813 2631 3868 communione
2663 3823 2967 3881 separatus,
2998 3815 3049 3866 in
3085 3813 3380 3866 Ecclesium
3407 3813 3546 3869 reei-

1974 3897 2212 3961 peretur.
2241 3889 2414 3954 Atque
2447 3885 2714 3961 interdum
2751 3884 3034 3952 cpisc0pus
3073 3884 3185 3961 ipse
3211 3884 3415 3949 plebem
3455 3895 3525 3960 ro;

1973 3948 2155 4024 gabat,
2183 3965 2241 4008 ιιι
2291 3948 2510 4022 petenti
2532 3968 2717 4020 pacem
2751 3948 2810 4024 et
2837 3948 3268 4024 cettittiunionem
3301 3948 3549 4024 conecti-

1973 4019 2272 4092 pateretur,
2292 4019 2757 4092 quemadmodum
2781 4021 2937 4076 docet
2965 4021 3267 4092 Cyprianus
3301 4021 3350 4092 in
3380 4019 3521 4089 epist

2081 4095 2146 4148 ad
2197 4085 2524 4146 Cornelium.
2585 4091 2794 4159 Sarpius
2841 4085 3216 4159 auteni'plebs
3259 4085 3371 4157 ipsa
3404 4085 3527 4156 aput

1973 4165 2286 4230 episcopqu
2333 4163 2722 4224 intercedebat,
2753 4171 2809 4213 ιιι
2841 4161 3169 4230 ptnnitentes
3198 4161 3264 4212 ad
3298 4173 3515 4214 commu

1975 4237 2191 4285 itionem
2224 4232 2660 4284 admitterentur.
2721 4231 2886 4296 Cujus
2932 4230 3008 4283 rei
3041 4231 3252 4298 insigne
3285 4230 3551 4283 habemus

1973 4302 2277 4366 exemplum
2321 4301 2372 4353 in
2419 4301 2646 4368 cpistola
2681 4300 2915 4354 Cornelii
2949 4314 3097 4368 papa:
3141 4300 3205 4352 ad
3242 4299 3556 4352 Fabianum.

1974 4371 2518 4438 Antiochcuunttde
2571 4372 2830 4438 episcopo
2890 4371 2979 4424 illo
3041 4370 3132 4435 qui
3186 4369 3552 4438 Novatiauttm

1974 4441 2320 4519 Ordinavera}
2351 4434 2581 4519 {quo}.
2607 4434 3227 4519 αὐτῷ’ὲκοινωνῄσαμεν
3249 4438 3324 4502 ὡς
3352 4436 3553 4519 luisti),

1978 4509 2315 4580 περὶαύτοῦ
2364 4508 2642 4577 δεηθέντος
2697 4508 2894 4572 παντὸς
2947 4508 3041 4562 τοῦ
3090 4509 3353 4579 παρόντος
3390 4508 3548 4580 λαοῦ.

1976 4579 2301 4647 Cyprianus,
2341 4580 2392 4630 in
2416 4579 2640 4646 epistola
2675 4580 2930 4643 ἔνθερμα)
2948 4596 3029 4631 res
3071 4595 3161 4630 nos
3199 4582 3328 4632 satis
3363 4579 3553 4639 movit,

1979 4664 2231 4700 recessum
2263 4664 2372 4701 esse
2408 4664 2439 4699 a
2474 4648 2666 4702 decreti
2717 4652 2878 4701 nostri
2924 4653 3262 4709 auctoritate,
3309 4662 3361 4700 ut
3423 4660 3546 4701 ante

1977 4719 2266 4784 legitimum
2312 4726 2360 4770 et
2401 4719 2610 4785 plenum
2640 4731 2844 4786 tempus
2868 4718 3252 4785 satisfactionis
3281 4757 3300 4781 ,
3343 4726 3390 4770 et
3434 4719 3549 4774 sine

1976 4791 2141 4852 petitu
2172 4797 2216 4843 et
2247 4789 2567 4839 conscientia
2609 4789 2792 4855 plebis,
2823 4787 2968 4840 nulla
3005 4787 3311 4854 inﬁrmitate
3336 4799 3548 4856 urgente

1977 4873 2038 4907 ac
2064 4859 2363 4926 necessitate
2399 4866 2631 4924 cogente,
2656 4873 2761 4926 pax
2795 4858 2840 4909 ei
2898 4859 3290 4926 concederetur.
3345 4860 3548 4911 Corne-

1979 4926 2100 4986 lius,
2128 4925 2186 4998 _iu
2213 4925 2438 4998 epistola
2472 4926 2534 4978 ad
2565 4924 2921 4996 Cyprianum:
2946 4924 3172 4979 theros
3204 4942 3318 4978 cum
3350 4931 3548 4998 ingenti

1977 4995 2157 5072 peracti
2176 4995 2434 5072 stt/fregit)
2463 4995 2769 5072 recepimus.

1998 5071 2002 5074 ’
2051 5063 2160 5133 (58)
2197 5063 2321 5117 Τῶν
2351 5063 2767 5132 πρεσϐυτέρων
2790 5067 2894 5134 μοί
2923 5082 3053 5118 τινα
3075 5064 3358 5119 κάλεσον.
3391 5064 3550 5132 ρεπιι-

1981 5147 2060 5186 ret
2094 5134 2230 5204 forte
2248 5135 2441 5204 aliquis
2461 5152 2557 5188 cur
2579 5135 2800 5204 Serapio
2829 5151 2935 5188 non
2967 5137 3138 5204 ipsum
3159 5136 3335 5204 potius
3360 5151 3543 5190 arcer.

1979 5203 2168 5256 siverit
2198 5205 2505 5273 episcoiium
2533 5245 2546 5267 ,
2590 5221 2618 5257 a
2650 5203 2756 5273 quo
2789 5203 2997 5272 pacem’
3018 5215 3070 5258 et
3107 5203 3539 5262 cumtnuniunem

1981 5274 2276 5341 acciperet,
2311 5276 2510 5340 quippe
2563 5275 2885 5343 episcopalis
2921 5274 3078 5328 oliicli
3126 5286 3244 5327 erat
3277 5277 3536 5343 paeniten-

1983 5345 2114 5395 tinm
2164 5343 2550 5397 reconciliatio.
2617 5343 2813 5413 Fateor
2860 5345 3076 5412 quidem
3113 5343 3167 5397 id
3218 5347 3436 5413 proprie
3481 5348 3542 5399 al

1982 5413 2270 5480 episcopos
2300 5413 2645 5480 pertinuisse.
2678 5411 3162 5482 Verttnrepiseopi,
3195 5411 3335 5465 cunt‘
3350 5415 3550 5481 ubique

1984 5493 2278 5550 prmscntes
2305 5496 2425 5534 esse
2458 5497 2562 5534 non
2591 5492 2832 5549 possent,
2878 5498 2944 5536 ne
2981 5482 3118 5535 forte
3161 5483 3285 5550 quis
3314 5484 3364 5534 in
3399 5485 3546 5537 infir-

1982 5553 2170 5603 mitate
2191 5551 2398 5622 positus
2429 5552 2630 5621 absque
2653 5567 2784 5622 pace
2805 5563 2860 5606 et
2880 5552 3371 5606 communicatione
3393 5555 3536 5607 deco

1982 5623 2156 5691 deret,
2187 5619 2513 5691 presbyteris
2545 5619 2802 5675 mandare
2821 5632 3234 5691 consueverant,
3268 5632 3326 5675 tit
3361 5639 3544 5691 pacetu-

1983 5689 2139 5758 a-gris
2189 5688 2596 5759 postulantibus
2645 5691 2854 5746 darent.
2928 5688 3058 5744 Nam
3112 5688 3542 5749 sine'cotiseasu
