3928 6252
240 335 340 388 633

1225 338 2164 396 lilSTOiiianECCLESEASTiCE
2209 339 2336 394 LIB.
2379 337 2492 392 νη.

3372 344 3475 398 σει

240 458 326 510 καὶ
343 454 417 526 τῷ
437 455 720 529 πρεσϐύτῃ
747 455 884 510 κατὰ
902 455 994 508 τοῦ
1009 455 1275 528 στὸματος
1297 459 1601 522 ὲπιστάξαι.
1624 461 1796 512 Ἐπαν·

1919 459 2060 525 plcui
2099 473 2165 510 ex
2209 459 2307 510 hac
2334 457 2442 509 vita
2476 457 2795 524 migrarent,
2823 458 3074 528 exiguam
3124 459 3480 514 Eucliarisﬁae

239 550 360 616 ἧκεν
385 547 413 598 ὁ
445 550 577 608 παῖς
607 547 815 618 φέρων
847 546 1014 614 ὲγγύς
1053 564 1113 600 τε
1139 551 1453 618 γενομένου,
1487 551 1615 620 πρὶν
1642 548 1815 602 εἰσελ-

239 638 358 699 θεῖν,
379 636 678 704 ἀνενέγκας
697 636 896 690 πάλινό
920 633 1428 708 Σαραπίωνοτῐῐκες,
1453 639 1577 709 ἔφη,
1599 640 1805 704 τέκνονς

235 729 337 779 Καὶ
366 727 394 779 ὀ
425 726 524 794 μὲν
569 727 940 797 πρεσϐύτερος
987 727 1158 780 ἐλθεῖν
1204 729 1302 781 οὐκ
1348 729 1613 800 ⁴ἠδυνήθη,
1653 731 1714 782 σὺ
1752 730 1807 781 δὲ

237 818 448 881 ποίησον
473 819 692 887 ταχέως
733 818 793 870 τὺ
835 818 1204 887 προσταχθὲν,
1253 820 1346 871 κοιλ¹
1376 819 1680 872 ἀπάλλαττὲ
1719 838 1810 890 με.

247 907 559 978 ’Λπέσρεξεν
601 910 631 959 ὁ
677 910 806 970 παῖς
827 947 840 970 ,
873 909 966 960 καὶ
1000 909 1116 978 ἅμα
1143 926 1200 960 τε
1241 908 1420 978 ἐνέχεε
1449 907 1527 978 τῷ
1561 908 1806 977 στόματι.

235 999 333 1050 Καὶ
362 997 556 1068 μικρὸν
589 998 799 1061 ἐκεῖνος
829 1000 1283 1072 καταϐροχθίσας,
1333 1003 1534 1066 εὐθέως
1561 1002 1808 1054 ἀπέδωκε

231 1090 286 1140 τὸ
315 1087 548 1158 πνεῦμα.
601 1085 730 1159 Ἀρ⁹
774 1092 872 1143 οὐκ
910 1092 1153 1163 ἐναργῶς
1189 1093 1478 1164 διετηρήθη
1526 1094 1618 1146 καὶ
1667 1110 1804 1164 παρα

232 1179 432 1246 έμεινεν
473 1178 581 1242 ἕως
624 1179 782 1250 λυθῇ,
822 1182 915 1232 καὶ
951 1185 1049 1252 τῆς
1083 1183 1352 1254 ἁμαρτίας
1381 1183 1806 1252 ἐξαλειφθείσης,

231 1269 313 1320 ἐπὶ
343 1267 553 1331 πολλοῖς
582 1264 668 1332 οἷς
690 1271 890 1341 ἔπραξε
924 1273 1110 1336 καλοῖς
1139 1275 1538 1344 ὁμολογηθῆναι
1572 1273 1681 1344 (65)
1713 1274 1803 1326 δυ-

229 1357 390 1428 νηθῇ;
427 1376 445 1410 ι
481 1357 671 1412 Ταῦτα
703 1361 730 1412 ὁ
764 1362 1054 1426 Διονύσιος.

1920 556 2124 616 partem
2153 560 2318 614 puero
2345 545 2798 612 tradidit,jubens
2833 557 2888 601 ut
2917 549 2968 602 in
2995 564 3135 618 aqua
3171 551 3478 616 intinctam,

1918 639 2031 691 seni
2064 637 2116 690 in
2145 651 2208 689 os
2237 635 2545 690 instillaret.
2580 637 2739 691 Redit
2794 639 2954 707 igitur
3001 657 3132 708 puer
3181 644 3478 698 buccellam

1916 727 2164 781 aﬂ‘erens.
2196 727 2407 781 Etcum
2437 727 2916 796 appropinquaret,
2949 731 3264 802 priusquam
3301 734 3482 801 ingre-

1915 823 2165 883 deretur,
2203 831 2479 872 recreatus
2507 820 2702 872 iterum
2745 835 2950 877 senex:
2987 821 3195 878 Venisti
3225 865 3239 888 ,
3267 825 3477 893 inquit,

1916 911 2010 964 illi.
2047 910 2125 964 Ac
2156 910 2440 979 presbyter
2490 909 2707 977 quidem
2758 911 2872 979 ipse
2901 913 3090 968 venire
3141 929 3245 968 non
3282 919 3478 983 potuit.

1913 1001 1990 1055 Tn
2017 1016 2145 1054 vero
2186 999 2270 1053 fac
2303 999 2462 1052 cilius
2489 1000 2629 1066 quod
2661 1000 2982 1070 imperatum
3018 1016 3100 1056 est
3131 1045 3144 1070 ,
3177 1013 3231 1059 et
3269 1007 3480 1060 dimitte

1914 1107 2020 1144 me.
2057 1091 2175 1145 Mox
2202 1106 2336 1159 puer
2362 1091 2657 1146 buccellam
2695 1092 2916 1147 intiuxit
2953 1105 3008 1148 et
3041 1096 3092 1148 in
3127 1111 3190 1150 os
3220 1098 3366 1151 senis
3397 1099 3477 1149 in-

1911 1181 2063 1235 fudit.
2096 1184 2196 1248 Qui
2251 1199 2311 1236 ea
2349 1184 2604 1252 paulatim
2635 1183 2914 1252 absorpta,
2953 1186 3211 1240 continuo
3241 1187 3476 1240 animam

1910 1273 2208 1328 exhalavit.
2257 1274 2340 1328 An
2374 1290 2476 1329 non
2524 1275 2688 1344 igitur
2723 1276 3008 1344 perspicue
3049 1286 3316 1345 apparet,
3353 1291 3474 1329 eum

1913 1375 2246 1418 reservatum
2281 1367 2465 1429 fuisse,
2489 1380 2554 1420 ac
2577 1366 2842 1435 tantisper
2864 1367 2918 1421 in
2947 1368 3056 1421 vita
3087 1369 3476 1437 permansisse,

230 1459 392 1522 quoad
433 1461 911 1528 recouciliaretur,
949 1471 1002 1515 et
1051 1461 1364 1531 deleto'jam
1405 1462 1663 1525 crimine,
1698 1476 1795 1529 pro
1826 1461 2012 1514 multis
2043 1475 2160 1529 qua:
2212 1473 2454 1529 gesserat
2492 1462 2646 1516 bonis
2680 1463 2934 1532 operibus
2981 1476 3010 1516 a
3067 1461 3284 1517 Christo
3312 1477 3477 1532 agno-

230 1551 297 1603 sci
331 1560 513 1620 posset
549 1559 605 1604 et
638 1551 942 1619 pne-dicari?
976 1571 994 1604 ι
1030 1551 1152 1606 ll:cc
1197 1553 1503 1623 Dionysius.

733 1649 1125 1701 ΚΕΦΑΛΛΙΟΝ
1159 1651 1292 1704 ME'.

412 1741 736 1806 Ἐπιστολὴ
761 1741 908 1807 πρὸς
939 1740 1243 1794 Νοουάτον
1275 1742 1594 1797 Διονυσίου

735 1810 874 1878 (Nic.
912 1810 984 1862 ll.
1017 1809 1081 1862 E.
1114 1827 1162 1863 γι
1185 1851 1199 1874 ,
1227 1812 1304 1880 4).

296 1902 516 1972 Ἶδωμεν
546 1902 606 1956 δὲ
639 1905 669 1954 ὀ
700 1903 863 1964 αὐτὸς
899 1903 1057 1956 ὁποῖα
1102 1903 1195 1956 καὶ
1222 1903 1299 1973 τῷ
1346 1904 1601 1974 Νοουάτῳ
1629 1904 1805 1974 διεχά-

235 1994 368 2064 ραξε,
388 1992 715 2065 ταράττοντι
742 1993 1002 2063 τηνικάδε·
1019 1993 1117 2065 τὴν
1141 1994 1422 2064 Ῥωμαίων
1457 1995 1799 2066 Ἐκκλησίαν.

243 2084 448 2154 Ἐπειδὴ
477 2079 573 2136 οὖν
607 2085 710 2154 τῆς
741 2082 1074 2147 ἀποστασίας
1102 2083 1195 2136 καὶ
1226 2083 1319 2136 τοῦ
1355 2082 1646 2154 σχίσματος
1676 2084 1806 2156 πρό-

232 2193 382 2242 φασιν
407 2178 642 2228 ἐποιεῖτο
667 2175 776 2226 τῶν
799 2175 1038 2244 ἀδελφῶν
1068 2192 1237 2237 τινας,
1266 2175 1340 2238 ὡς
1367 2175 1430 2245 δὴ
1462 2177 1598 2247 πρὸς
1627 2175 1803 2230 αὐτῶν
1851 2217 1858 2223 ς

229 2267 312 2319 ἐπὶ
335 2266 472 2319 τοῦτ’
502 2266 685 2319 ἐλθεῖν
709 2265 1148 2337 ἐκϐεϐιασμένος,
1173 2267 1274 2338 ὅρα
1294 2267 1416 2320 τίνα
1437 2267 1634 2338 τρόπον
1656 2268 1803 2338 αὐτῷ

228 2359 435 2427 γράφει·
473 2377 490 2408 ι
525 2357 809 2421 Διονύσιος
829 2358 1084 2428 Νωυάτῳ
1104 2358 1210 2427 (64)
1237 2357 1314 2428 τῷ
1337 2357 1547 2428 ἀδελφῷ
1569 2358 1798 2430 χαίρειν.

229 2447 284 2498 Εἰ
324 2448 485 2510 ἄκων,
531 2447 609 2511 ὡς
655 2449 788 2518 φῂς,
834 2447 1025 2517 ἦχθης,
1073 2447 1264 2510 δείξεις
1323 2447 1389 2500 ἂν
1445 2449 1803 2520 ἀναχωρήσεις

229 2536 355 2589 ἑκών
400 2537 544 2590 Ἔδει
580 2539 684 2608 μὲν
714 2537 823 2608 γὰρ
853 2539 942 2591 καὶ
968 2539 1074 2591 πᾶν
1101 2539 1277 2592 ὁτιοῦν
1307 2538 1520 2600 παθεῖν,
1545 2538 1684 2609 ὑπὲρ
1706 2537 1801 2590 τοῦ

231 2627 296 2696 μὴ
323 2628 569 2697 διακόψαι
604 2630 710 2698 τὴν
765 2629 1092 2700 Ἐκκλησίαν
1133 2629 1224 2682 τοῦ
1253 2627 1407 2682 Θεοῦ.
1454 2631 1561 2682 Καὶ
1601 2625 1669 2699 ἦν
1703 2629 1802 2682 οὐκ

228 2718 500 2790 ἀᾶοξοτέρα
525 2719 628 2789 τῆς
658 2718 843 2772 ἕνεκεν
871 2718 962 2772 τοῦ
998 2720 1069 2790 μὴ
1102 2719 1548 2791 εἰδωλολατρῆσαι
1578 2721 1800 2790 γινομέ-

225 2826 313 2878 νης
340 2811 370 2879 ἡ
399 2809 584 2862 ⁹ἐνεκεν
610 2810 714 2863 τοῦ
742 2811 814 2882 μὴ
840 2811 1019 2881 σχίσαι
1047 2811 1339 2883 μαρτυρία,
1362 2814 1482 2864 κατ’
1505 2812 1603 2882 ἐμὲ
1628 2812 1684 2865 δὲ
1708 2813 1800 2866 καὶ

230 2900 430 2969 μείζων.
473 2901 624 2954 Ἑκεί
657 2903 754 2973 μὲν
777 2903 884 2973 γὰρ
918 2904 1057 2973 ὑπὲρ
1089 2905 1215 2974 μιᾶς
1241 2921 1324 2966 τις
1351 2907 1448 2974 τῆς
1476 2902 1670 2956 ἑαυτοῦ
1698 2904 1800 2973 ψυ-

2360 1643 2520 1714 247
2573 1644 2798 1698 CAPUT
2854 1643 3016 1698 XLV.

2173 1730 2426 1806 'Epistola
2483 1736 2722 1802 Dionysii
2776 1735 2844 1787 ad
2907 1734 3198 1790 Novatum.
3271 1757 3280 1764 -

1977 1897 2081 1952 Sed
2119 1896 2399 1949 videamus
2430 1893 2730 1962 eujnsmodi
2777 1893 2979 1947 litteras
3019 1893 3156 1946 idem
3192 1894 3477 1965 Dionysius

1905 1986 2184 2055 scripserit
2206 1986 2270 2037 ad
2304 1983 2590 2045 Novatum,
2612 1983 2703 2051 qui
2737 1990 2864 2036 tunc
2891 1983 3150 2050 temporis
3177 1982 3475 2039 Romanam

1907 2078 2201 2132 Ecclesium
2238 2077 2621 2131 conturbabat.
2676 2077 2939 2142 Quoniam
2973 2076 3137 2146 igitur
3185 2077 3275 2131 ille
3324 2079 3478 2133 defe-

1904 2174 2104 2228 ctionis
2142 2182 2199 2226 et
2242 2173 2554 2227 schismatis
2583 2186 2800 2225 causam
2861 2175 2912 2226 in
2975 2174 3236 2242 quosdam
3284 2175 3478 2231 fratres

1902 2263 2236 2326 conferebat,
2269 2277 2299 2316 a
2339 2262 2535 2330 quibus
2563 2275 2624 2317 se
2653 2260 2880 2314 invitum
2903 2276 2968 2315 eo
2998 2262 3284 2331 impulsum
3308 2263 3476 2318 fuisse

1904 2357 2251 2420 causabatur,
2317 2356 2537 2410 attende
2596 2355 2830 2424 qualiter
2880 2355 2946 2408 ad
3005 2355 3155 2408 illum
3223 2359 3471 2414 scribat:

1909 2467 1925 2498 ι
1960 2447 2247 2518 Dionysius
2273 2446 2478 2502 Novato
2511 2445 2664 2499 fratri
2712 2444 2964 2500 salutem.
3023 2445 3078 2499 Si
3133 2445 3348 2513 quidem
3395 2447 3478 2499 in-

1901 2541 2065 2604 vitus,
2103 2547 2161 2592 ut
2193 2538 2415 2602 asseris,
2449 2553 2513 2592 eo
2547 2538 2815 2592 adductus
2844 2552 2926 2600 es,
2954 2537 3004 2590 id
3035 2538 3188 2592 nobis
3220 2541 3474 2591 ostendes

1904 2643 1991 2682 tua
2029 2636 2218 2696 sponte
2253 2629 2543 2682 redeundo.
2583 2627 2766 2682 Satius
2802 2629 3016 2695 quidem
3055 2627 3229 2681 fuerat
3259 2628 3473 2696 quidvis

1899 2719 2006 2786 pati
2040 2734 2105 2772 ne
2137 2718 2374 2771 Ecclesia
2407 2719 2497 2772 Dei
2535 2719 2955 2772 discinderetur.
2991 2717 3101 2772 Nec
3147 2719 3327 2772 minus
3357 2717 3475 2784 glo-

1901 2810 2100 2864 riosum
2139 2809 2327 2863 fuisset
2370 2809 2572 2863 idcirco
2602 2810 2786 2862 subire
2819 2810 3162 2878 martyrium,
3187 2825 3252 2862 ne
3283 2809 3470 2864 Eccle-

1900 2901 2036 2954 siam
2067 2900 2370 2965 scinderes,
2417 2915 2574 2968 quam
2601 2912 2659 2953 ut
2689 2916 2754 2954 ne
2782 2900 2936 2954 idolis
2959 2901 3315 2954 sacriﬁcares.
3357 2899 3475 2953 lmo

225 2996 332 3063 χῆς,
355 2994 582 3047 ἐνταῦθα
607 2994 671 3047 δὲ
697 2995 836 3066 ὑπὲρ
865 2994 991 3060 ὅλης
1017 2995 1116 3065 τῆς
1157 2993 1480 3066 Ἐκκλησεας
1511 2995 1796 3066 μαρτυρεῖ.

1908 2990 2027 3043 illud
2057 3006 2174 3045 meo
2202 2990 2415 3059 quidem
2441 2989 2646 3056 judicio
2676 2990 2939 3044 illustrius
2970 2991 3180 3044 fuisset.
3205 2990 3304 3043 llic
3327 2990 3471 3044 enim

228 3085 324 3136 Καὶ
357 3083 446 3136 νῦν
484 3085 539 3138 δὲ
574 3087 624 3138 εἰ
677 3085 894 3138 πείσαιο
932 3082 964 3154 ἢ
998 3082 1207 3154 βιάσαιο
1242 3086 1368 3147 τοὺς
1413 3084 1672 3153 ἀδελφοὺς
1716 3085 1796 3146 είς

225 3174 455 3244 ὁμόνοιαν
497 3176 702 3243 ἐλθεῖν,
746 3175 927 3247 μεῖζον
968 3176 1121 3228 ἔσται
1151 3193 1233 3228 σοι
1274 3175 1368 3228 τοῦ
1405 3177 1716 3247 σφάλματος
1735 3177 1796 3230 τὸ

227 3269 556 3340 κατόρθωμα,
589 3271 692 3324 καὶ
721 3271 780 3324 τὸ
813 3271 911 3340 μὲν
941 3269 1000 3323 οὐ
1031 3269 1431 3340 λογισθήσεται,
1463 3269 1523 3322 τὸ
1551 3269 1606 3320 δὲ
1639 3270 1796 3321 ἐπαι-

226 3359 508 3428 νεθήσεται.
557 3362 622 3413 Ei.
675 3360 731 3412 δὲ
778 3358 1147 3412 ἀπειθούντων
1205 3359 1557 3428 ἀδυνατοίης,
1608 3358 1794 3421 σώζων

229 3447 353 3512 σῶζε
397 3451 494 3521 τὴν
544 3448 776 3503 σεαυτοῦ
821 3449 1019 3518 ψυχήν.
1077 3447 1382 3521 Ἐῥρὦθαί
1424 3465 1482 3501 σε
1537 3449 1793 3518 ἐχόμενον

225 3537 310 3606 τῆς
338 3540 556 3611 εἰρήνης
586 3541 650 3592 ἐν
677 3540 863 3611 Κυρίῳ
894 3539 1142 3610 εὔχομαι.
1175 3559 1191 3590 ι
1221 3539 1404 3592 Ταῦτα
1427 3540 1520 3593 καὶ
1546 3540 1682 3611 πρὸς
1701 3538 1794 3595 τὸν

225 3628 496 3684 Νοουὰτον.

725 3908 1119 3961 ΚΕΦΑΛΑΙΟΝ
1154 3909 1301 3974 Μετ’.

375 4000 510 4070 Περὶ
542 3998 670 4054 τῶν
704 3999 1252 4073 ἆτμωνς-Διρνισσίοι)
1277 3999 1612 4053 ἐπιστολῶν

739 4068 957 4139 (Νῑο.11,
985 4069 1054 4124 E.
1089 4085 1161 4129 rt,
1189 4069 1262 4137 6).

285 4164 477 4237 Γράφει
503 4165 558 4219 δὲ
581 4163 681 4218 καὶ
709 4163 846 4234 πρὸς
874 4162 1000 4224 τοὺς
1028 4163 1144 4213 κατ’
1162 4159 1436 4228 Αἴγυπτον
1461 4158 1568 4229 (65)
1590 4159 1795 4211 ἐπιστο-

224 4252 310 4324 λὴν
331 4258 452 4328 περὶ
500 4255 788 4329 μετανοίας
807 4272 820 4285 ο
849 4257 906 4306 ὲν
1005 4252 1071 4306 τὰ
1101 4251 1323 4318 δόξαντα
1350 4250 1500 4322 αὐτῷ
1528 4250 1656 4321 περὶ
1686 4251 1794 4304 τῶν

225 4346 682 4403 ὑποπεπτωκότων
707 4345 1114 4418 παρατέθειται,
1133 4345 1314 4408 τάξεις
1331 4342 1794 4414 παραπτωμάτων

222 4437 529 4510 διαγράψας.
560 4441 672 4494 Καὶ¹
697 4438 832 4510 πρὸς
858 4437 1112 4490 Κόνωνα*
1142 4437 1240 4507 τῆς
1269 4434 1706 4506 Ἐρμουπολιτῶν
1735 4435 1792 4487 δὲ

1901 3097 1998 3150 pro
2025 3097 2121 3135 sua
2156 3081 2314 3135 unius
2350 3081 2549 3144 anima,
2619 3078 2726 3135 illic
2776 3096 2872 3149 pro
2896 3083 3040 3133 omni
3070 3080 3302 3134 Ecclesia
3331 3095 3474 3132 mar-

1904 3172 2096 3241 tyrium
2128 3173 2248 3240 quis
2278 3173 2526 3226 sustinet.
2569 3172 2624 3225 Si
2653 3181 2828 3224 tamen
2856 3171 2938 3223 vel
2973 3187 3112 3236 nunc
3139 3169 3474 3245 persuaseris

1899 3262 2182 3327 fratribus,
2215 3272 2305 3315 aut
2339 3277 2429 3316 eos
2461 3262 2703 3330 coegeris
2749 3271 2806 3314 ut
2853 3261 2917 3312 ad
2953 3260 3293 3313 concordiam
3345 3257 3470 3313 red-

1897 3363 2044 3417 eant,
2077 3353 2248 3421 majus
2285 3355 2378 3408 tibi
2410 3353 2662 3406 meritum
2711 3353 2812 3406 erit
2841 3367 3001 3420 quam
3027 3351 3208 3419 culpa.
3262 3349 3327 3402 Et
3357 3352 3472 3404 haec

1897 3445 2115 3512 qn'dem
2161 3462 2262 3500 non
2314 3445 2690 3513 imputabitur,
2742 3443 2869 3496 illud
2907 3457 3034 3496 vero
3066 3441 3468 3509 prmdicabitnr.

1897 3534 2050 3601 Quod
2109 3535 2154 3588 si
2208 3533 2469 3588 fratribus
2523 3548 2714 3602 parere
2759 3533 3133 3586 recusantibus
3177 3532 3228 3585 id
3259 3530 3472 3584 eliicere

1899 3644 2004 3681 non
2039 3635 2208 3696 potes,
2246 3635 2390 3677 tuam
2423 3627 2537 3693 ipse
2578 3624 2812 3676 animam
2843 3639 3019 3676 serra.
3069 3623 3208 3690 Opto
3248 3631 3301 3676 te
3348 3624 3468 3692 paci

1897 3719 2204 3771 smdentem
2242 3717 2292 3769 in
2325 3717 2548 3769 Domino
2581 3716 2719 3769 bene
2748 3714 2948 3768 valere.
2976 3733 2992 3764 ι
3030 3713 3155 3768 Πωο
3185 3714 3471 3784 Dionysius

1896 3811 1962 3862 ad
2015 3808 2274 3861 Novatum
2308 3805 2543 3874 scripsit.

2463 3895 2690 3951 CAPUT
2731 3893 2916 3948 XLVI.

2287 3991 2358 4042 De
2384 3989 2504 4040 aliis
2543 3989 2779 4057 Dionysii
2824 3985 3080 4056 epistolis.

1970 4148 2202 4218 Scripsit
2252 4149 2414 4200 etiam
2449 4147 2514 4198 ad
2577 4147 2772 4199 fratres
2809 4160 2906 4214 per
2939 4144 3228 4216 Egyptum
3264 4143 3470 4200 consti-

1901 4251 2042 4295 tntos
2075 4239 2354 4308 epistolam
2391 4239 2456 4291 de
2500 4236 2839 4304 pmnitentia,
2893 4237 2945 4290 in
2994 4249 3099 4305 qua
3131 4244 3180 4289 et
3226 4249 3374 4288 suam
3405 4235 3476 4290 de

1901 4334 2064 4403 lapsis
2118 4329 2437 4384 sententiam
2487 4328 2740 4396 exponit,
2801 4335 2855 4380 et
2924 4327 3216 4382 eriminmn
3268 4327 3470 4394 gradus

1900 4424 2202 4492 distinguit.
2251 4421 2438 4474 Exstat
2494 4419 2656 4473 etiam
2715 4417 3006 4486 peculiaris
3054 4417 3170 4486 ejus
3219 4415 3357 4469 liber
3393 4415 3471 4472 De

225 4533 496 4600 παροικίας
509 4533 808 4594 ἐπίσκοπος
825 4524 1072 4601 ἧνοῦτος·
1105 4528 1208 4580 ἰδία
1223 4544 1305 4590 τις
1329 4525 1467 4594 Περὶ
1476 4524 1794 4595 μετανοίας

1908 4515 2198 4570 υωηίιεηιίτι
2240 4513 2305 4565 ad
2357 4512 2636 4566 Cononem
2701 4509 3154 4577 llermopolitanze
3211 4507 3470 4561 Ecclesia)

225 4619 372 4672 αὐτοῦ
409 4622 632 4694 φέρεται
677 4621 860 4693 γραφή
884 4637 896 4649 ·
930 4620 1026 4672 καὶ
1067 4617 1200 4688 ἄλλη
1244 4616 1638 4688 ἐπιστρεπτικὴ
1681 4613 1792 4685 (66)

1899 4609 2234 4676 episcOpnm.
2271 4605 2389 4657 Alia
2437 4605 2564 4658 item
2599 4601 2962 4670 obiurgatoria
2988 4597 3214 4668 epistola
3237 4598 3303 4650 ad
3343 4611 3467 4665 gre-

227 4729 422 4785 rumiis
445 4731 535 4797 qui
571 4728 1122 4796 devotionisimpulsu
1155 4728 1205 4780 in
1241 4724 1557 4797 infirmitate
1589 4724 1793 4797 canistri-
1829 4727 1864 4780 Α
1897 4716 2049 4797 ItijO
2086 4716 2286 4797 ιΐθείίξῇ
2326 4715 2549 4797 auem!“
2585 4709 3230 4797 =‘5‘_N?V3t“'(?if_l_lﬁm_mi
3262 4707 3466 4797 τιξξδέν

228 4800 314 4850 tuti
338 4795 705 4862 paenitentiam
738 4795 1030 4867 petierant,
1059 4813 1214 4865 quam
1240 4795 1599 4867 cumaliisqui
1623 4796 1795 4860 publi—

225 4885 393 4920 curuui
427 4871 717 4922 criminum
743 4866 819 4920 rei
848 4870 896 4920 in
921 4868 1110 4920 ordine
1148 4866 1520 4933 pomitcntium
1554 4867 1790 4933 stabant.

290 4939 390 5008 (65)
438 4936 929 5008 Ὁμολογσηθῆναι.
963 4932 1196 5008 Langns,
1233 4934 1462 5008 Wolfius
1494 4941 1545 4985 et
1562 4932 1785 5008 pluscu-

231 5001 560 5070 lus'vertunt,
613 5001 873 5072 conﬁteri,
906 5001 1248 5075 (ιιιοιι,“ωρο
1295 5004 1510 5069 quidem
1558 5001 1786 5075 judicio,

229 5076 430 5130 tolerari
467 5096 572 5131 non
601 5087 800 5145 potest.
838 5073 1365 5145 Cili‘iSiOpilOl‘SOﬂllS
1398 5083 1579 5145 autem
1614 5073 1786 5145 inter-

229 5155 458 5210 pretatnr
491 5149 547 5199 in
581 5141 854 5200 numerum
880 5144 1238 5212 (οιιῙριειονιιηι
1277 5142 1483 5208 referri,
1508 5141 1647 5212 quod
1681 5157 1783 5194 non

229 5215 476 5282 displicet,
515 5217 674 5269 modo
702 5211 1034 5284 intelligatur
1068 5212 1368 5284 alibi-isto.
1405 5211 1607 5284 Alludit
1635 5212 1778 5284 enim

233 5279 500 5354 Dionysius
543 5287 609 5338 ad
639 5285 726 5337 illa
767 5279 969 5337 Christi
1007 5283 1168 5354 verba
1215 5282 1266 5354 in
1303 5280 1640 5354 Evangelia}
1679 5279 1782 5354 Qui

230 5367 302 5403 me
348 5349 613 5420 50mm:
676 5355 830 5420 fuerit
890 5368 1064 5405 coram
1120 5349 1784 5418 hominibus,conﬁtebor

229 5422 363 5473 illum
392 5439 564 5476 curam
599 5422 758 5477 Patre
781 5439 912 5475 meo.

290 5488 392 5560 (64)
408 5493 716 5558 Διονύσιος
741 5490 1040 5554 Νοουάτῳ.
1067 5489 1426 5560 Hieronymus
1443 5488 1494 5540 in
1510 5485 1783 5560 Catnlogo,

231 5558 309 5631 ubi
345 5562 551 5614 initium
579 5563 737 5631 hujus
768 5561 1009 5627 epistolae
1036 5560 1220 5631 refert,
1256 5558 1365 5631 pro
1392 5559 1600 5631 Novato
1623 5558 1784 5631 habet

234 5627 582 5682 Novatiannm
638 5627 853 5684 rectius.
922 5631 1083 5682 Certe
1136 5630 1186 5680 in
1243 5627 1504 5681 Chronico
1562 5627 1781 5693 Georgii

233 5696 446 5767 Syncelli
492 5701 686 5767 legitur
719 5698 988 5762 Διονὺτιος
1019 5697 1364 5767 Ναυατιανῷ.
1403 5695 1628 5748 Rufinus
1651 5709 1780 5767 vero

235 5765 353 5820 «luas
383 5763 636 5839 epistolas
673 5771 858 5823 eodem
905 5771 1150 5830 exemplo
1181 5763 1411 5836 scriptas
1441 5783 1558 5820 esse
1591 5783 1616 5818 υ
1651 5763 1776 5817 Dio-

1900 4775 2196 4840 vatianum.
2235 4775 2363 4836 Nam
2399 4792 2517 4855 post
2552 4778 3112 4855 epistolam‘Dionysij
3167 4777 3236 4855 ad.
3284 4775 3467 4855 qua“

1901 4869 2012 4911 tum
2037 4871 2156 4922 qua:
2196 4855 2282 4906 hic
2330 4845 2667 4906 refertur-ab
2705 4850 2962 4922 Eusebio,
2987 4845 3468 4922 subjungibgllq'c

1896 4916 2075 4978 eadem
2127 4926 2285 4976 etiam
2340 4922 2642 4976 Novatiano
2686 4920 2917 4986 scripsit.
2978 4917 3108 4982 Quae
3169 4916 3336 4986 verba
3411 4916 3460 4967 in

1893 4995 2082 5051 Gm‘CO
2121 5004 2268 5046 textu
2311 5007 2413 5045 non
2453 4992 2737 5044 habentur.
2792 4984 2967 5042 ΕΙ·ποί
3012 4987 3154 5040 enim
3199 4984 3467 5037 Novatum

1893 5079 1947 5118 et
1981 5065 2337 5116 Noratiauum
2385 5062 2530 5114 inter
2563 5075 2622 5110 se
2666 5058 3060 5120 confuderunt,
3114 5055 3468 5107 similitudine

1895 5135 2172 5186 nominum
2199 5133 2430 5201 decepti.
2459 5132 2575 5195 Quo
2599 5129 2651 5183 in
2681 5143 2870 5182 errore
2895 5127 2998 5179 fuit
3020 5126 3182 5178 etiam
3205 5124 3467 5178 Eusebius

1892 5215 2097 5256 noster.

1962 5274 2073 5339 (65)
2116 5271 2269 5339 Πρὸς
2295 5270 2435 5334 τοὺς
2481 5267 2606 5321 κατ’
2647 5267 2976 5339 Αἴγυπτον,
3009 5262 3466 5339 liierouymusin

1891 5331 2027 5394 libro
2057 5331 2531 5408 Dte-scriptoribus
2572 5331 2966 5408 ecclesiasticis,
3009 5331 3308 5408 dicit_|tan_c
3341 5331 3465 5384 Dio-

1895 5413 2030 5481 nysii
2055 5404 2337 5480 epistulam
2378 5411 2635 5481 scriptam
2680 5422 2801 5462 esse
2835 5404 3319 5481 ad_Arttte_ttios__tle
3347 5414 3465 5467 pm-

1893 5471 2118 5535 nitentia
2158 5491 2212 5535 et
2245 5481 2436 5531 ordine
2487 5471 2830 5531 delictorum.
2877 5474 2967 5528 Sic
3014 5473 3159 5526 enim
3197 5471 3463 5538 Hierony-

1891 5567 2008 5603 mus
2040 5553 2201 5604 vertit
2245 5550 2408 5600 verba
2435 5549 2536 5599 “illa
2573 5546 2756 5610 τάξεις
2789 5540 3270 5614 παραπτωμάτωῆ

1957 5621 2068 5690 (66)
2113 5615 2592 5686 Ἐπιστρεπτική.
2633 5609 3005 5690 Hortatoriant
3041 5609 3208 5690 {cr-tit
3248 5609 3464 5690 Museu-

1888 5680 2618 5754 lus'et'Cltristnp‘ltorsomis,
2651 5686 2828 5737 minus
2857 5693 3023 5754 recte.
3069 5680 3250 5735 Utitur
3270 5680 3458 5734 eadem

1888 5777 2015 5815 \UL'L‘
2042 5758 2303 5814 Eusebius
2339 5759 2388 5810 in
2422 5755 2793 5822 s'upetioribus
2824 5753 2999 5808 libris.
