3928 6252
482 373 579 426 €51

1227 373 1498 430 EUSIﬂBll
1537 371 2012 431 CESARIENSIS

2127 379 2198 432 ιιι.
2237 380 2415 437 rans
2457 382 2497 437 ι.
2539 414 2610 424 -
2648 346 3062 442 ιιιδτοῑιιοιί

3621 394 3726 453 ϐῖὶὲ

474 491 719 560 porilms,
758 491 808 545 in
846 492 1105 547 Ecclesiis
1132 492 1589 562 populosissimis.
1626 501 1681 546 et
1718 494 1771 546 in
1799 495 2018 548 concilii:

2141 496 2253 561 λοῖς
2300 498 2458 552 τοῦτο
2503 500 2710 569 ἔδοξεν·
2758 498 2832 558 ὧν
2875 506 2974 569 τὰς
3020 506 3211 577 βουλὰς
3248 510 3596 582 ἀνατρέπων,
3646 515 3726 578 εἰς

476 584 706 639 fratrum
755 586 894 655 apud
941 586 1176 640 lconimn
1228 595 1283 639 et
1334 582 1611 656 Synnada,
1643 595 1698 639 et
1724 586 1868 654 apud
1907 585 2040 640 alios

475 678 744 746 plurimos
792 678 933 731 idem
970 678 1239 733 sancitum
1294 677 1482 732 fuisse.
1537 675 1776 744 Quorum
1820 690 2041 735 senten-

477 773 583 828 tias
612 783 667 825 et
693 779 893 826 statuta
925 770 1269 836 subvertere,
1301 783 1508 839 eosque
1536 771 1603 824 ad
1629 769 1809 841 iurgia
1840 783 1895 824 et
1915 786 2043 827 con-

472 864 742 920 tentiones
782 864 1021 918 excitare
1066 864 1317 933 equidem
1377 862 1571 916 nolim.
1629 861 1908 933 Scriptum
1961 876 2046 919 est

469 955 615 1007 enim
662 972 678 1007 :
726 971 746 1003 ι
781 953 898 1009 Νοιι
949 953 1313 1007 commutabis
1361 952 1623 1007 terminos
1679 953 1908 1022 proximi
1964 956 2040 1009 tui

469 1063 607 1116 «pios
658 1057 914 1117 parentes
958 1049 1032 1102 lui
1082 1045 1577 1104 constituerunt".
1612 1064 1631 1098 ι
1663 1044 1868 1112 Quarta
1917 1046 2034 1115 ejus

464 1140 532 1193 de
559 1142 814 1208 baptismo
844 1139 1070 1209 epistola
1099 1141 1169 1195 ad
1197 1138 1516 1209 Dionysium
1548 1138 1752 1207 scripta
1772 1147 1876 1205 est,
1908 1148 2038 1195 tunc

464 1234 681 1304 quidem
736 1232 995 1288 Romanae
1046 1233 1198 1289 urbis
1230 1232 1630 1302 presbyterum,
1663 1232 1757 1287 sed
1800 1232 1891 1302 qui
1936 1232 2038 1288 ali-

466 1335 670 1392 quanto
704 1334 825 1394 post
855 1335 1097 1395 tempore
1125 1323 1368 1392 ejusdem
1418 1322 1573 1379 urbis
1616 1324 1905 1394 episc0pus
1954 1334 2037 1381 est

468 1417 818 1471 constitutus.
850 1415 929 1469 Ex
971 1431 1074 1487 qua
1100 1415 1243 1471 hunc
1292 1416 1464 1485 ipsum
1498 1413 1805 1469 Romanum
1836 1413 2036 1485 Diony-

464 1508 630 1571 sium,
667 1508 1099 1564 eruditissimum
1137 1508 1408 1577 planeque
1441 1505 1822 1561 admirandum
1861 1506 2035 1561 virum

2142 587 2257 660 ἔριν
2291 594 2383 644 καὶ
2417 592 2746 661 φιλονεικίαν
2776 597 2973 659 αὐτοὺς
3013 600 3268 669 ἐμϐαλεῖν
3302 603 3399 671 οὐχ
3441 603 3717 671 ὑπομένω.

2155 699 2173 732 ι
2198 682 2270 735 Ού
2304 682 2411 755 γὰρ
2446 689 2841 757 μετακινήσεις,
2868 691 3049 758 φησὶν,
3083 690 3205 762 ὅρια
3224 692 3317 744 τοῦ
3353 693 3578 764 πλησίον
3608 712 3722 762 σου,

2143 772 2179 827 ἃ
2223 773 2406 828 ἔθεντο
2446 779 2495 831 οἱ
2542 779 2774 850 πατέρες
2824 797 2983 834 σου.»
3041 784 3101 835 Ἠ
3147 784 3379 855 τετάρτη
3402 786 3567 839 αὐτοῦ
3617 788 3722 842 τῶν

2150 865 2275 936 περὶ
2308 865 2681 939 βαπτίσματος
2710 870 3028 937 ἐπιστολῶν,
3057 873 3191 943 πρὸς
3222 874 3310 926 τὸν
3335 876 3475 928 κατά
3507 876 3720 948 Ῥώμην

2145 957 2360 1029 ἐγράφη
2379 960 2671 1024 Διονύσιον,
2694 961 2813 1014 τότε
2840 962 2938 1032 μὲν
2961 964 3249 1034 πρεσϐείου
3269 965 3569 1036 ἠξιωμένον
3587 967 3716 1037 (97),

2145 1050 2243 1102 οὐκ
2269 1052 2348 1115 εἰς
2375 1052 2582 1123 μακρὸν
2602 1052 2658 1105 δὲ
2680 1053 2772 1106 καὶ
2794 1054 2891 1123 τὴν
2917 1054 3219 1125 ἐπισκοπὴν
3242 1056 3348 1108 τῶν
3373 1059 3550 1110 ἐκεῖσε
3583 1075 3720 1130 παρ-

2143 1139 2430 1211 ειληφότα·
2472 1143 2531 1210 ἐξ
2572 1140 2640 1216 ἧς
2667 1145 2869 1214 γνῶναι
2916 1145 3176 1215 πάρεστιν
3198 1187 3212 1210 ,
3247 1148 3392 1211 ὅπως
3425 1150 3518 1202 καί
3564 1150 3722 1202 αὐτὸς

2140 1226 2294 1295 οὗτος
2328 1232 2504 1302 λόγιός
2548 1253 2606 1289 τε
2647 1237 2742 1290 καὶ
2779 1237 3075 1309 Θαυμάσιος
3117 1240 3252 1312 πρὸς
3288 1239 3380 1293 τοῦ
3420 1239 3540 1293 κατ’
3578 1241 3720 1293 Ἀλε-

2146 1321 2426 1394 ξάνδρειαν
2452 1329 2723 1382 Διονυσίου
2758 1332 3196 1403 μεμαρτύρηται.
3236 1333 3440 1403 Γράφει
3473 1334 3530 1387 δὶ·
3572 1334 3718 1406 αὐτῷ

2149 1416 2266 1487 μεθ’
2293 1419 2482 1491 ἕτερα,
2517 1422 2625 1475 τῶν
2664 1424 2804 1478 κατὰ
2848 1426 2937 1477 τὸν
2963 1425 3232 1478 Νοουάτον
3272 1427 3626 1497 μνημονεύων
3656 1436 3711 1487 ἐν

2145 1527 2373 1577 τούτοις.

463 1598 655 1664 fuisse,
712 1601 1020 1656 testimonio
1083 1601 1323 1671 Dionysii
1375 1598 1733 1655 Alexandrini
1780 1599 1911 1655 licet
1950 1615 2301 1672 cognoscere.
2328 1608 2499 1663 Porro
2526 1610 2580 1664 in
2614 1612 2717 1665 hac
2741 1612 2808 1666 ad
2840 1613 2986 1666 illum
3021 1614 3250 1684 epistola
3284 1616 3350 1669 de
3392 1614 3607 1672 Novato
3642 1619 3714 1673 ita

378 1754 381 1755 ν
464 1693 676 1748 scribit.

1048 1788 1278 1845 CAPUT
1314 1788 1450 1845 VIII.

965 1879 1036 1935 De
1064 1880 1251 1936 hwresi
1280 1879 1497 1938 Novati.

541 2038 1108 2108 «NamNovatianum,
1170 2043 1365 2113 inquit,
1427 2043 1624 2099 merito
1674 2060 2027 2117 aversantur,

461 2133 660 2203 quippe
696 2134 790 2205 qui
826 2133 1125 2188 Ecclesium
1159 2136 1403 2204 discidit,
1443 2148 1498 2191 et
1535 2136 1799 2205 quosdam
1829 2153 1896 2194 ex
1919 2138 2028 2193 frao

460 2226 636 2280 tribus
669 2232 737 2279 ad
776 2225 1111 2295 impietatem
1157 2226 1663 2297 blasphemiamque
1694 2227 2027 2300 (pertraxit;

460 2315 552 2385 qui
580 2315 843 2372 nefariam
874 2318 939 2372 de
970 2316 1080 2373 Deo
1117 2320 1422 2374 doctrinam
1451 2320 1680 2384 invexit,
1706 2331 1765 2380 et
1799 2322 2035 2377 clemen-

450 2407 726 2463 tissimum
750 2409 1040 2465 Dominum
1071 2419 1314 2465 nostrum
1343 2410 1529 2467 Jesum
1560 2412 1842 2468 Christum
1876 2415 2030 2482 quasi

459 2503 859 2573 implacabilem
890 2505 1263 2561 calumniatur
1299 2522 1314 2558 :
1369 2503 1459 2573 qui
1507 2513 1769 2573 praeterea
1814 2520 2030 2561 sacrum

448 2595 734 2651 lavacrum
762 2597 1017 2653 obliterat
1052 2615 1064 2649 :
1105 2599 1376 2667 [idemque
1402 2605 1458 2651 et
1486 2594 1885 2653 confessionem
1911 2611 2031 2667 quo:

525 2712 572 2746 ”
607 2711 758 2766 Deut.
791 2727 908 2766 χιχ.

456 2808 560 2862 hoc
589 2814 968 2875 argumentum
1005 2805 1266 2875 adversus
1295 2805 1458 2860 Afros
1485 2805 1714 2859 fortasse
1740 2808 1919 2860 valere
1955 2806 2037 2858 di-

456 2880 553 2942 cit,
577 2887 633 2946 et
658 2874 936 2946 quomodo
958 2874 1071 2928 Afri
1105 2876 1155 2928 id
1183 2876 1418 2929 refutare
1450 2875 1913 2946 possint,_ibidem
1941 2876 2034 2930 do-

456 2958 561 3004 cet.
588 2943 789 3000 Contra
808 2943 1112 3001 Orientales
1128 2961 1255 3000 vero
1285 2943 1484 3001 nullam
1515 2946 1620 3014 vim
1672 2944 1798 2998 illud
1824 2946 2023 3000 habere

456 3019 813 3086 demonstrat,
851 3017 990 3084 apud
1034 3030 1170 3083 quos
1220 3031 1434 3086 semper
1469 3016 1789 3085 rebaptizati
1811 3015 2021 3086 fuerint

456 3086 722 3159 haeretici,
742 3084 854 3159 jam
882 3087 1005 3140 inde
1033 3086 1101 3139 ab
1122 3084 1391 3159 lconiettsi
1401 3086 1616 3159 synodo
1639 3101 1756 3159 quae
1772 3085 1841 3159 ob
1871 3085 2022 3159 illon-

457 3158 688 3211 tanistas
734 3154 915 3226 fuerat
962 3166 1313 3225 congregata.
1350 3154 1657 3210 Fir'miliani
1708 3157 1871 3211 verba
1904 3158 2020 3210 haec
2050 3167 2094 3226 ε

455 3236 581 3281 sunt
608 3250 620 3282 :
662 3244 682 3278 ι
729 3225 883 3292 Quod
912 3226 1130 3296 quidem
1157 3228 1418 3282 adversus
1445 3226 1777 3295 Stephanum
1810 3240 1905 3280 vos
1936 3228 2022 3280 di-

454 3312 579 3352 cere
624 3296 1024 3367 Al'rirpotestis.
1085 3298 1302 3367 cognita
1360 3297 1592 3351 veritate
1644 3310 1886 3350 errorem
1922 3312 2020 3367 vos

453 3365 865 3422 consuetudinis
908 3365 1212 3436 reliquisse.
1253 3366 1519 3421 Caeterum
1569 3382 1668 3421 nos
1715 3366 1930 3419 veritati
1964 3376 2022 3421 et

455 3436 909 3492 consuetudinem
934 3435 1232 3506 iungimus,
1268 3447 1322 3490 et
1347 3436 1725 3491 consuetudini
1751 3436 2021 3491 Romano-

456 3524 574 3562 rum
610 3506 1054 3561 consuetudinem
1112 3508 1205 3560 se‘d
1249 3507 1495 3561 veritatis
1524 3506 1852 3577 opponimus
1878 3548 1892 3571 ,
1950 3507 2020 3563 ab

456 3580 613 3632 initio
646 3579 749 3631 hoc
772 3585 1038 3645 tenentes.
1075 3576 1217 3645 quod
1258 3592 1286 3630 a
1324 3577 1545 3632 Christo
1566 3576 1623 3631 et
1649 3576 1719 3630 ab
1756 3578 2018 3644 Apostolo

452 3650 711 3702 traditum
739 3655 843 3701 est.
870 3644 980 3700 Nec
1021 3644 1386 3711 meminimus,
1434 3647 1538 3711 hoc
1570 3647 1710 3716 apud
1758 3662 1857 3702 nos
1917 3649 2019 3703 ali-

450 3720 669 3787 quando
696 3716 931 3787 cmpisse
952 3755 968 3780 ,
1001 3732 1122 3771 cum
1155 3733 1369 3786 semper
1393 3718 1517 3771 iStic
1549 3718 1892 3771 observatum
1922 3720 2013 3782 sit,

446 3786 510 3843 ut
546 3786 757 3843 nonnisi
788 3803 946 3840 unam
983 3787 1074 3841 Dei
1129 3787 1424 3842 Ecclesium
1472 3802 1775 3852 nossemus,
1808 3798 1863 3841 et
1893 3803 2017 3842 san-

448 3871 596 3913 ctum
624 3854 910 3926 baptisma'
942 3857 1158 3912 nonnisi
1188 3867 1389 3912 sanctae
1439 3856 1704 3913 Ecclesize
1736 3867 2017 3927 computa-

448 3944 651 3984 remus.
687 3928 855 3982 Plane
886 3928 1139 3997 quoniam
1172 3929 1393 3997 quidam
1424 3928 1493 3983 de
1522 3944 1709 3984 eorum
1743 3928 2013 3998 baptismo

447 4001 788 4065 dubitabant,
817 3999 904 4069 qui
931 4000 1030 4053 etsi
1061 4012 1227 4069 novo_s
1256 4000 1546 4069 prophetas
1580 3999 1866 4069 recipiunt,
1893 4013 2015 4053 cos-

446 4073 569 4123 dem
603 4081 780 4123 tamen
831 4068 1042 4122 Patrem
1077 4078 1131 4121 et
1178 4067 1374 4122 Filiuui
1426 4084 1584 4124 nosse
1623 4067 1899 4123 nobiscum
1931 4070 2013 4122 vi-

446 4143 676 4203 dentur;
733 4138 946 4207 plurimi
979 4137 1138 4191 simul
1166 4140 1555 4194 convenientes
1587 4140 1639 4193 in
1684 4139 1865 4192 Iconio
1895 4138 2015 4192 dili-

442 4210 764 4281 gentissime
788 4210 1163 4281 tractavimus,
1186 4219 1241 4263 et
1261 4209 1701 4281 conﬁrmavimus
1732 4210 2015 4277 repudian-

445 4279 571 4333 dum
612 4293 735 4333 esse
784 4292 947 4331 omne
1005 4280 1225 4332 omnino
1250 4280 1522 4348 baptisma
1560 4279 1703 4347 quod
1751 4281 1823 4333 sit
1856 4290 2011 4333 extra

445 4351 744 4404 Ecclesium
780 4348 1160 4402 constitutum.
1188 4367 1205 4398 ι
1243 4347 1393 4403 Dicet
1419 4350 1616 4417 aliquis
1633 4348 2009 4403 Firmilianum

443 4424 734 4489 utrobique
764 4419 839 4489 de,
868 4418 1270 4489 seipso_loqui,
1311 4435 1374 4472 ac
1413 4422 1639 4487 proinde
1685 4418 1835 4489 illum
1889 4418 2012 4473 Ico-

443 4492 621 4545 niensi
646 4486 881 4560 'synodo
913 4486 1242 4560 interfuisse.
1286 4486 1489 4560 Esto;
1526 4488 1835 4560 interfuerit
1893 4488 2011 4560 l_c_o-

442 4562 619 4615 niensi
655 4557 861 4631 synodo
899 4558 1269 4622 Firmilianus,
1310 4559 1529 4629 quando
1553 4559 1627 4613 ita
1660 4559 1863 4681 placet.
1900 4557 2005 4614 Ne-

443 4647 547 4681 nne
575 4632 719 4681 enim
752 4630 804 4681 id
840 4643 1039 4681 necare
1070 4629 1234 4681 velim
1261 4631 1611 4681 pertinacius.
1688 4629 1794 4681 llud
1826 4641 2004 4681 tamen

443 4647 547 4699 que
575 4629 719 4686 enim
752 4630 804 4683 id
840 4643 1039 4697 negare
1070 4629 1234 4682 velim
1260 4631 1611 4699 pertinacius.
1660 4629 1794 4684 Illud
1826 4641 2004 4683 tamen

440 4712 756 4756 constanter
777 4699 1010 4764 allii-mo,
1034 4699 1122 4753 diu
1147 4708 1271 4753 ante
1290 4701 1556 4769 Stephani
1582 4715 1730 4767 papa:
1765 4712 2004 4767 tempora

442 4774 776 4826 Iconiensem
807 4774 949 4825 hanc
979 4770 1243 4839 synodum
1277 4768 1443 4839 fuisse
1483 4770 1829 4824 celebratam.
1869 4770 2001 4822 Nam

439 4854 495 4896 et
544 4838 1195 4911 Firmilianus-scribeps
1243 4842 1308 4894 ad
1371 4838 2005 4911 Cyprianum_adversus

434 4914 804 4979 Stephanum,
832 4912 923 4979 qui
968 4922 1095 4965 tunc
1126 4909 1359 4980 praeerat
1409 4909 1663 4980 Ecizlesite
1702 4909 1960 4980 Romana:
1986 4950 2001 4974 ,

439 4978 641 5037 diserte
670 4978 904 5034 alIirmat
954 4978 1286 5036 lconic‘nsem
1338 4983 1598 5051 synodum
1644 4978 1763 5051 jam'
1794 4981 2001 5047 pridem

438 5055 723 5107 collectam
783 5052 996 5121 fuisse:
1063 5063 1117 5106 et
1165 5050 1453 5121 Dionysius
1512 5050 1910 5121 Alexandrinus
1947 5053 2000 5102 in

436 5124 664 5193 epistola
692 5122 758 5174 ad
803 5119 1193 5193 Philemonem,
1222 5119 1525 5193 Bormum,
1547 5122 1695 5173 urbis
1723 5120 2003 5193 presbyte-

438 5188 583 5257 rum,
604 5207 765 5261 quant
792 5192 1015 5259 scripsit
1037 5194 1137 5246 sub
1160 5192 1312 5245 initia
1344 5192 1691 5261 pontificatus
1723 5188 2003 5261 Xysti‘pa-

437 5281 540 5335 pre.
574 5260 803 5335 testatur
845 5265 1110 5335 synodum
1160 5263 1308 5335 illaut
1365 5263 1696 5335 celebratam
1749 5275 1869 5335 esse
1896 5260 2002 5331 πρὸ

437 5329 633 5389 πολλοῦ
675 5332 814 5387 κατά
856 5329 981 5396 τοὺς
1024 5330 1331 5405 πρὸςήμῶν
1362 5332 1725 5405 intexet-tow.
1748 5329 1859 5385 Sub
1908 5329 2002 5385 ex-

422 5396 608 5462 'trema
643 5407 804 5476 igitur
829 5396 1080 5473 tempora"
1097 5396 1387 5476 Atle'iandri
1413 5404 1599 5458 Severi
1626 5402 1861 5476 collect_a_
1880 5415 2001 5476 esse

435 5470 799 5546 videtur'baac
828 5470 1090 5546 synodus.
1117 5472 1475 5546 Quoquidem
1505 5485 1765 5546 tempore,
1802 5470 1999 5525 Firmi-

435 5547 614 5601 Iiauus
643 5547 710 5600 ad
745 5544 1096 5600 Catsariensis
1122 5544 1381 5598 Ecclesiae
1414 5545 1777 5597 sacerdotium
1810 5556 1999 5595 recens

434 5626 713 5686 promotus
749 5614 946 5678 fuerat,
976 5624 1035 5667 ut
1061 5614 1219 5686 doc_et
1241 5612 1577 5686 Eusebiusin
1603 5614 1693 5686 lib.
1719 5628 1793 5668 v1.
1819 5614 1997 5686 Quare

434 5681 541 5741 non
578 5702 795 5755 possum
825 5685 1079 5739 assentiri
1140 5681 1375 5755 Baronio
1405 5699 1468 5737 ac
1510 5684 1689 5747 Binio,
1745 5686 1836 5752 qui
1874 5684 2000 5755 Alco-

433 5753 679 5813 nienscm
696 5758 958 5825 synodum
977 5754 1322 5809 contulerunt
1346 5754 1397 5805 in
1421 5768 1617 5806 annum
1641 5754 1844 5810 Christi
1865 5753 1991 5819 2-53,

404 5831 525 5899 qui
557 5844 729 5884 annus
759 5837 839 5883 est
872 5827 1140 5883 secundus
1194 5825 1451 5894 Stephani
1475 5838 1644 5895 papae.

2648 1796 3038 1851 ΚΕΦΑΛΑῘΟΝ
3074 1800 3153 1853 Η’.

2320 1886 2457 1955 Περὶ
2492 1886 2601 1956 τῆς
2630 1888 2776 1961 κατὰ
2804 1889 3105 1961 ᾃζοοιξάτον
3133 1891 3503 1961 ἐτεροδοξίας

2643 1958 2779 2030 (Nic.
2813 1959 2885 2012 Η.
2919 1960 2984 2014 E.
3013 1962 3183 2023 vn.9).

2216 2070 2233 2102 ι
2255 2050 2577 2122 Ναυατιανῷ
2600 2050 2707 2123 (98)
2737 2051 2835 2122 μὲν
2879 2052 2988 2125 γὰρ
3014 2054 3248 2124 εὐλόγως
3270 2058 3706 2130 ἀπεχθανόμεθα.

2141 2144 2452 2214 διακόψαν-τι
2488 2146 2587 2216 τὴν
2628 2144 2981 2215 Ἐκκλησίαν,
3014 2148 3106 2201 καί
3142 2165 3294 2213 τινας
3332 2151 3440 2205 τῶν
3468 2153 3710 2221 ἀδελφῶν

2130 2237 2210 2299 εἰς
2230 2235 2485 2299 ἀσεὸείας
2509 2235 2604 2288 καὶ
2632 2234 2979 2306 βλασφημίας
3010 2235 3313 2301 ὲλκύσαντι,
3344 2240 3435 2292 καὶ
3462 2241 3592 2312 περὶ
3621 2242 3708 2295 τοῦ

2130 2326 2264 2380 Θεοῦ
2297 2326 2642 2381 διδασκαλίαν
2677 2326 3043 2397 ἀνοσιωτάτην
3073 2330 3587 2403 ὲπεισκυκλήσαντι,
3622 2336 3709 2388 καὶ

2131 2420 2221 2473 τὸν
2270 2420 2633 2491 χρηστότατον
2676 2418 2878 2490 Κύριον
2928 2418 3083 2491 ἡμῶν
3125 2420 3330 2491 Ἰησοῦν
3363 2424 3601 2494 Χριστὸν
3638 2425 3708 2488 ὼς

2138 2510 2336 2581 ἀνηλεῆ
2371 2507 2814 2578 συκοφαντοῦντι,
2845 2508 2938 2560 ἐπὶ
2985 2510 3119 2561 πᾶσι
3168 2507 3224 2561 δὲ
3261 2508 3469 2573 τούτοις
3498 2510 3558 2564 τὺ
3593 2511 3706 2564 λου-

2135 2597 2263 2665 τρὸν
2295 2597 2573 2652 ἀθετοῦντι
2607 2598 2667 2651 τὸ
2694 2597 2848 2668 ἅγιον
2879 2596 3016 2669 (99),
3050 2599 3144 2652 καὶ
3183 2600 3282 2671 τήν
3313 2617 3373 2653 τε
3407 2600 3511 2670 ap)
3544 2600 3705 2657 αὐτοῦ

2211 2801 2323 2871 (9'7)
2354 2802 2678 2873 Πρεσὸείθυ
2704 2801 3059 2873 ἠξιωμένον.
3111 2803 3167 2858 1η
3223 2813 3456 2873 quatuor
3505 2805 3704 2861 nosu'is

2211 2819 2323 2871 (Ut)
2354 2819 2854 2871 llp80’68t6vﬂt;t(d
2899 2819 3059 2857 ενον.
3112 2819 3167 2858 ιη
3223 2819 3456 2873 quatuor
3505 2819 3703 2861 nosms

2141 2875 2418 2928 codicibus
2464 2872 2623 2935 Maz.,
2660 2874 2823 2937 Med.,
2850 2819 2986 2927 #uk.
3038 2884 3091 2927 et
3124 2874 3401 2928 Saviliauu
3447 2876 3703 2931 scribitur

2131 2942 2545 3016 πρεσϐυτερίου.
2612 2943 2717 2998 Sed
2777 2945 3033 3016 quoniam
3076 2944 3344 3016 Eusebius
3409 2944 3700 3016 πρεσϐεῖον

2131 3013 2445 3086 frequenter
2495 3027 2757 3086 usurpare
2804 3014 2959 3086 solet_
2980 3013 3097 3068 ἀντὶ
3142 3013 3699 3086 τοῦπρεσὸύτερίου,

2130 3082 2400 3154 vulgatam
2428 3085 2712 3138 lectionem
2744 3099 2905 3151 quam
2929 3082 3132 3153 Regius
3163 3082 3333 3140 codei
3363 3082 3569 3148 tuetur,
3594 3104 3701 3140 inii-

2129 3166 2249 3208 tare
2298 3154 2464 3208 nolui.
2514 3154 2695 3227 Paulo
2732 3163 2864 3227 post
2898 3155 2999 3227 ubi
3036 3155 3228 3223 legitur
3258 3157 3564 3227 ἐπισκοπὴν
3591 3158 3698 3214 τῶν

2127 3227 2308 3278 ἐκεῖσε
2343 3223 2934 3296 παρειληφόταοοάθχ
2971 3224 3173 3295 Regius
3224 3228 3484 3295 Scriptum
3520 3223 3699 3284 habet

2124 3296 2231 3349 τῶν
2260 3294 2446 3349 αὐτόθι
2476 3294 2610 3366 παρ.

2197 3366 2307 3435 (98)
2338 3365 2710 3431 Ναυατιανῷ.
2767 3365 2844 3419 Ita
2890 3365 3089 3431 legitur
3120 3367 3289 3420 etiam
3331 3367 3384 3420 in
3435 3367 3696 3424 Chronico

2131 3434 2353 3506 Georgii
2382 3435 2613 3506 Syncelli
2667 3445 2722 3490 et
2770 3437 2908 3504 apud
2944 3435 3301 3503 Nicephorum
3330 3442 3384 3491 in
3430 3439 3569 3492 libro
3600 3456 3649 3494 vt
3680 3483 3694 3506 ,

2131 3454 2278 3492 ueor
2320 3454 2353 3490 ιι
2383 3454 2613 3506 Dynceut
2667 3454 2722 3490 et
2770 3454 2908 3504 apuo
2944 3454 3301 3503 mcepnornm
3330 3454 3384 3491 Ill
3430 3454 3569 3492 noro
3600 3456 3649 3494 vt
3680 3483 3690 3506 ,

2122 3522 2245 3575 cap.
2276 3454 2348 3573 ξς
2382 3507 2474 3561 sed
2496 3507 2547 3559 in
2577 3507 2947 3561 vetustissimo
2989 3508 3174 3561 codice
3214 3506 3512 3572 Mazarino,
3547 3509 3690 3567 Med.

2122 3591 2187 3632 ac
2208 3576 2355 3648 Fuit.
2377 3576 2637 3631 scribitur
2686 3576 3054 3648 Νοουατιανῷ,
3107 3578 3312 3648 rectius
3358 3579 3475 3631 sine
3506 3582 3691 3634 dubio.

2119 3648 2200 3703 Ac
2234 3647 2478 3717 profecto
2514 3649 2710 3701 mirum
2744 3657 2849 3712 est,
2902 3650 2953 3701 in
3006 3647 3109 3702 hoc
3159 3664 3266 3701 uno
3295 3647 3516 3703 Eusebii
3577 3651 3692 3704 loro

2120 3731 2304 3772 verum
2340 3719 2484 3773 illius
2513 3718 2751 3772 hmetici
2789 3732 2985 3772 nomen
3018 3733 3137 3773 esse
3174 3730 3473 3772 servatum.
3502 3720 3684 3786 Quare

2120 3791 2360 3858 graviter
2384 3788 2590 3842 fallitur
2617 3788 3584 3859 CbristOphorsonus._gni,voigatum
3614 3807 3693 3843 er-

2120 3856 2299 3913 rorem
2356 3869 2596 3922 secutus,
2621 3856 2885 3913 Novatum
2913 3859 3000 3913 hic
3035 3874 3130 3928 pro
3162 3856 3464 3911 Noratiano
3488 3860 3689 3915 substi-

2120 3930 2242 3983 tuit.
2282 3928 2549 3982 Caeterum
2575 3944 2696 3981 cum
2735 3930 2837 3983 hoc
2867 3928 3046 3999 elogio
3077 3928 3357 3999 Novatiani
3388 3932 3577 3983 confer
3609 3931 3688 3983 al-

2120 4006 2291 4070 terum
2320 3999 2463 4068 quod
2493 3999 2688 4068 legitur
2710 4000 2764 4052 in
2800 4000 3028 4067 epistola
3059 3999 3127 4052 57
3156 3998 3410 4070 Cypriani
3443 4017 3458 4053 :
3490 3999 3684 4054 Deser—

2117 4077 2200 4121 tor
2222 4068 2496 4135 Ecclesia’,
2534 4070 2912 4123 misericordia:
2961 4069 3153 4137 hostis,
3185 4068 3492 4138 interfector
3526 4074 3687 4136 pomi-

2116 4140 2312 4260 lintiae,
2347 4141 2531 4192 doctor
2560 4141 2840 4207 superbire,
2870 4140 3101 4193 veritatis
3134 4151 3433 4208 corruptor,
3452 4142 3686 4209 perditor

2116 4211 2412 4261 ctarttatis.

2115 4224 2412 4262 Charilaus.

2185 4280 2297 4349 (99)
2334 4280 2401 4333 Τὸ
2429 4278 2688 4348 λουτρόν
2729 4279 3035 4334 ἀθετοῦντι
3062 4278 3128 4334 τὸ
3180 4279 3368 4350 ἅγιον.
3404 4276 3464 4332 In
3525 4278 3685 4347 huius

2112 4351 2265 4402 verbi
2304 4351 2752 4420 interpretatione
2789 4353 2988 4420 mirum
3035 4362 3116 4406 est
3172 4361 3508 4420 quantopere
3569 4353 3683 4407 dis-

2113 4420 2349 4473 sentiant
2386 4419 2761 4491 ‘interpretcs.
2802 4419 2934 4491 Nam
2970 4419 3433 4491 Langus’quidem
3470 4424 3674 4488 vertit,

2039 4529 2084 4583 Β
2113 4505 2321 4583 sacrum
2343 4488 2513 4583 abolelt
2543 4492 2835 4544 lavacrum.
2865 4488 3316 4583 MuLscul-tis‘verg
3350 4491 3677 4583 interpreta-

2116 4568 2224 4622 tur,
2257 4574 2467 4613 sacrum
2488 4559 2752 4613 lavacrum
2782 4561 3097 4628 reprobavit.
3142 4561 3206 4613 At
3236 4560 3678 4628 ChristOphorso-

2108 4644 2211 4702 nus
2234 4630 2312 4702 ita
2343 4630 2527 4702 vertit,
2565 4646 2776 4683 sacrum
2806 4631 3137 4702 baptismatis
3168 4632 3433 4702 lavacrum
3457 4634 3676 4702 abroga-

2108 4701 2201 4753 vit.
2233 4700 2475 4767 Denique
2518 4703 2789 4768 interpres
2828 4701 3075 4772 (Georgii,
3109 4701 3341 4772 Syncelli
3378 4703 3562 4772 vertit,
3589 4700 3674 4755 sa-

2107 4785 2255 4822 crum
2281 4771 2495 4837 insuper
2527 4772 2794 4823 lavacrum
2820 4770 3014 4840 irritat.
3041 4771 3104 4823 Et
3130 4770 3243 4825 Ii.cc
3267 4771 3482 4840 quidem
3516 4773 3675 4826 inter-

2106 4852 2316 4907 pretum
2352 4842 2616 4894 dissensio
2637 4855 2699 4893 ex
2730 4855 2795 4892 eo
2828 4839 3000 4905 ﬂuxit,
3034 4843 3175 4909 quod
3210 4839 3432 4894 verbum
3463 4841 3673 4895 ἀθετεῖν

2108 4911 2465 4978 multiplicem
2499 4911 2659 4963 habet
2685 4910 3162 4979 signiﬁcationem.
3211 4912 3482 4963 Interdum
3527 4914 3669 4966 enim

2106 4982 2374 5049 signiticat
2404 4982 2678 5047 reprobare
2707 4994 2770 5032 ac
2798 4996 3061 5047 respuere,
3089 4993 3149 5034 ut
3170 4996 3293 5035 cum
3326 4983 3453 5035 dicit
3480 4981 3671 5048 Origo.

2105 5066 2200 5103 nes
2231 5053 2296 5104 de
2341 5049 2713 5123 Ilelcesaitis,_
2732 5049 2911 5123 ἀθετεῖ
2936 5067 3057 5103 τινα
3085 5052 3191 5104 ἀπὸ
3222 5052 3400 5121 πάσης
3427 5054 3666 5123 γραφῆς,

2105 5136 2226 5190 quae
2256 5125 2420 5174 verba
2456 5121 2643 5174 retulit
2688 5120 2951 5175 Eusebius
2987 5124 3039 5175 in
3074 5124 3161 5174 lib.
3198 5139 3269 5183 vn.
3304 5120 3423 5189 cap.
3458 5120 3561 5176 58.
3588 5120 3667 5175 ln-

2108 5196 2317 5244 terdum
2351 5191 2486 5244 idem
2522 5192 2666 5262 valet
2701 5205 2773 5262 ac
2800 5192 2990 5259 probro
3040 5193 3269 5260 af/icere.
3324 5192 3662 5262 Hesychius:

2116 5262 2340 5326 Ἀθετεῖ,
2374 5260 2648 5330 ἀτιμάζει.
2685 5260 2862 5328 Atque
2891 5262 2961 5314 ita
2993 5268 3222 5315 sumitur
3254 5265 3391 5330 apud
3421 5260 3664 5316 Clemen-

2104 5341 2215 5406 tem
2254 5333 2672 5406 Alexandrinum
2730 5335 2780 5383 in
2814 5332 2904 5406 lib.
2941 5333 3664 5406 ivStrurnatet:Toryapoﬁv

2100 5404 2129 5455 ὁ
2156 5401 2380 5463 ἀθετῶν,
2409 5402 2507 5453 οὐκ
2523 5399 2802 5472 ἄνθρωπον
2819 5399 3017 5464 ἀθετεῖ,
3041 5401 3174 5455 ἀλλὰ
3197 5403 3286 5455 τὸν
3310 5399 3663 5467 Θεόνζὶᾱίεδι,

2103 5489 2205 5526 non
2228 5474 2512 5534 hominem,
2546 5477 2635 5541 sed
2678 5473 2840 5523 Deum
2866 5476 3057 5541 spernit
3091 5489 3155 5525 ac
3182 5490 3276 5540 pro
3309 5476 3471 5526 nihilo
3496 5476 3659 5527 ducit.

2104 5545 2245 5597 Sunt
2273 5552 2325 5594 et
2354 5542 2473 5594 alite
2507 5540 2661 5611 hujus
2691 5544 2839 5595 verbi
2878 5540 3297 5611 Siguilicationes
3328 5559 3358 5595 a
3392 5560 3661 5610 gratiima-

2103 5615 2224 5667 ticis
2254 5614 2571 5665 observate.
2629 5610 2733 5664 Sed
2770 5628 2908 5665 nunc
2955 5614 3241 5665 vidrndum
3282 5625 3363 5666 est
3414 5630 3660 5683 quamam

2102 5686 2229 5738 huic
2263 5685 2379 5734 loco
2418 5683 2587 5746 magis
2620 5686 2925 5734 conveniat.
2972 5683 3261 5737 Enimvero
3309 5686 3433 5751 quis
3469 5685 3661 5737 melius

2099 5756 2258 5807 verba
2287 5757 2519 5820 Dionysii
2565 5753 2904 5817 interpretari
2944 5765 3115 5818 possit
3174 5769 3335 5820 quam
3378 5754 3495 5821 ipse
3544 5753 3663 5805 Dic-

2098 5824 2319 5897 nystus?
2345 5824 2438 5876 llic
2476 5823 2636 5892 igitur
2670 5829 2721 5875 in
2752 5823 2889 5876 libro
2919 5824 3155 5879 secundo
3189 5826 3261 5877 Dc
3296 5822 3664 5894 promissioni.
