3928 6252
307 316 424 373 653

1299 320 1648 379 HISTORIE
1689 318 2244 378 ECCLESIASTICzE
2283 321 2413 377 LIB.
2456 322 2574 378 VII.

3045 210 3075 227 Ὦ

3450 299 3554 387 cat

306 429 493 483 πίστιν
520 428 615 484 καὶ
645 430 933 500 ὁμολογίαν
955 430 1308 505 ἀνατρέποντι
1336 433 1413 503 (1)
1434 473 1449 490 ,
1481 430 1542 486 τό
1568 450 1627 485 τε
1657 420 1869 505 Πνεῦμα

1993 434 2316 503 baptismum
2350 437 2661 505 praecedunt
2691 436 2922 505 evertit;
2950 449 3004 494 et
3020 438 3278 512 Spiritum
3302 458 3555 504 sanctum

306 520 372 575 τὸ
407 521 560 589 ἅγιον
606 523 681 592 (2)
726 524 785 589 ἐξ
814 523 1023 589 αὐτῶν,
1059 525 1109 577 εἰ
1140 527 1233 579 καί
1262 544 1347 590 τις
1379 520 1448 597 ἦν
1472 527 1627 591 ἐλπὶς
1661 527 1751 580 τοῦ
1784 544 1891 580 πα-

310 613 569 683 ραμεῖναι
609 611 643 683 ἢ
689 614 784 666 καὶ
824 614 1136 670 ἐπανελθεῖν
1177 616 1315 686 πρὸς
1352 616 1568 682 αὐτοὺς,
1611 616 1889 681 παντελῶς

308 702 693 774 φυγαδεύοντι.
718 724 737 756 s

840 799 1239 853 ΚΕΦΑΛᾹῙΟΝ
1271 798 1349 853 Θ’.

396 888 543 959 Περὶ
575 888 685 943 τοῦ
713 889 831 945 τῶν
857 890 1161 959 αἱρπικῶν
1187 890 1366 960 ἀθέου
1394 889 1811 960 βαπτίσματος

807 958 947 1029 (me.
975 960 1048 1014 Η.
1080 960 1147 1014 E.
1188 976 1261 1027 νι,
1291 958 1369 1029 9).

379 1052 496 1107 Καὶ
526 1055 560 1124 ἡ
595 1051 817 1122 πέμπτη
851 1052 906 1105 δὲ
939 1052 1085 1124 αὐτῷ
1124 1047 1260 1124 πρὸς
1305 1052 1395 1107 τὸν
1436 1053 1718 1125 Ῥωμαίων
1762 1049 1885 1107 ἐπι-

310 1161 518 1197 σκοπον
561 1144 760 1198 Ξύστον
804 1144 1131 1214 ἐγέγραπτο.
1174 1139 1261 1198 Ἐν
1385 1144 1555 1199 πολλὰ
1602 1143 1739 1199 κατὰ
1781 1138 1887 1196 τῶν

308 1231 603 1302 αἱρετικῶν
627 1230 814 1297 εἰπὼν,
845 1228 1081 1286 τοιοῦτόν
1104 1250 1156 1286 τι
1179 1235 1399 1303 γεγονὸς
1421 1236 1540 1289 κατ’
1561 1232 1721 1289 αὐτὸν
1744 1224 1889 1288 ἐκτί-

310 1318 486 1385 θεται,
513 1323 702 1392 λέγων’
738 1343 755 1374 ι
781 1324 889 1377 Καὶ
920 1326 1026 1395 γὰρ
1054 1323 1241 1390 ὅντως,
1278 1327 1489 1397 ἀδελφὲ,
1524 1326 1615 1382 καὶ
1648 1327 1885 1398 συμϐου-

308 1416 412 1486 λῆς
458 1416 645 1487 δέομαι
677 1416 788 1488 (5),
835 1417 930 1470 καὶ¹
972 1416 1195 1488 γνώμην
1240 1418 1376 1471 αἰτῶ
1414 1419 1565 1491 παρὰ
1598 1410 1725 1485 σοῦ,
1772 1437 1885 1473 τοι-

308 1497 471 1562 ούτου
502 1509 647 1572 τινός
683 1526 770 1579 μοι
802 1507 1187 1580 προσελθόντος
1222 1511 1562 1580 πράγματος,
1593 1509 1777 1576 δεδιὼς
1812 1512 1886 1584 μὴ

308 1599 422 1671 ἄρα
462 1600 801 1671 σφάλλωμαι.
835 1602 954 1655 Τῶν
982 1600 1090 1672 γὰρ
1124 1602 1502 1673 συναγομένων
1531 1601 1774 1674 ἀδελφῶν
1809 1603 1884 1675 (4)

308 1692 505 1756 σειστὸς
537 1691 889 1763 νομιζόμενος
917 1694 1140 1765 ἀρχαῖος
1166 1693 1260 1746 καὶ
1291 1690 1394 1765 πρὸ
1416 1695 1512 1766 τῆς
1539 1695 1678 1766 ἐμῆς
1711 1712 1887 1767 χειρο-

1993 527 2212 596 penitus
2241 529 2310 583 ab
2347 527 2454 583 illis
2499 528 2673 601 fugat,
2718 533 2933 587 tametsi
2987 549 3111 604 spes
3155 537 3338 607 aliqua
3381 543 3555 595 subsit

1991 618 2075 673 vel
2109 623 2251 688 quod
2309 620 2360 673 in
2392 620 2499 677 illis
2530 623 2707 678 adhuc
2749 635 2987 689 maneat,
3045 627 3128 681 vel
3168 631 3314 699 quod
3349 633 3428 687 ad
3460 648 3559 691 eos

1989 724 2311 766 reversurus
2351 711 2444 766 sit.

2598 802 2825 862 CAPUT
2856 808 2946 863 IX.

2270 890 2366 951 ,De
2401 893 2563 963 impio
2590 895 2951 952 litereticorum
2981 899 3258 970 baptismo.

2060 1039 2252 1101 Exstat
2300 1056 2355 1102 et
2398 1047 2590 1118 quinta
2644 1048 2884 1117 ejusdem
2932 1053 3157 1122 epistola
3208 1055 3277 1110 ad
3319 1048 3553 1128 Xystum

1990 1132 2248 1189 Romanae
2278 1136 2428 1190 urbis
2452 1138 2761 1207 episcopum
2791 1141 3016 1209 scripta.
3050 1140 3105 1196 In
3134 1158 3239 1213 qua
3264 1157 3568 1215 postquam.

1991 1225 2248 1279 adversus
2270 1225 2556 1280 haereticos
2581 1226 2747 1280 multa
2767 1228 3052 1294 disseruit,
3072 1232 3380 1301 hujusmodi
3404 1238 3556 1306 quid-

1990 1318 2112 1369 dam
2133 1329 2226 1370 sua
2251 1326 2411 1372 actate
2431 1318 2728 1387 contigisse
2748 1330 2955 1375 narrat.
2981 1341 2999 1373 ι
3029 1322 3162 1378 Nam
3186 1325 3456 1394 profecto,
3474 1329 3557 1381 in-

1986 1407 2129 1477 quit,
2154 1422 2289 1475 0pus
2327 1407 2518 1473 habeo,
2535 1407 2725 1477 frater,
2757 1412 3113 1479 consiliotuo,
3141 1426 3196 1469 et
3215 1420 3547 1472 sententiam

1989 1510 2134 1554 tuam
2166 1509 2382 1568 expeto,
2439 1516 2507 1555 ne
2535 1500 2675 1557 forte
2710 1503 2828 1572 ipse
2870 1503 3193 1572 lialluciner,
3231 1508 3323 1562 tali
3359 1510 3423 1563 ad
3468 1524 3556 1564 me

1988 1592 2203 1663 negotio
2222 1588 2422 1646 delato.
2440 1593 2668 1660 Quidam
2693 1609 2755 1648 ex
2779 1594 3037 1651 fratribus
3060 1599 3147 1667 qui
3168 1598 3233 1652 ad
3269 1600 3552 1655 ecclesiam

1988 1685 2342 1749 conveniunt,
2387 1684 2710 1754 jampridem
2754 1702 2855 1755 pro
2898 1687 3045 1743 ﬁdeli
3087 1689 3330 1754 habitus,
3369 1701 3425 1747 et
3461 1693 3552 1761 qui

306 1785 514 1848 τονὶας,
549 1781 700 1854 οἶμαι
733 1785 789 1838 δὲ
821 1783 915 1839 καὶ
950 1786 1055 1857 πρὸ
1085 1789 1183 1857 τῆς
1214 1785 1307 1839 τοῦ
1341 1787 1607 1859 μακαρίου
1645 1786 1869 1859 Ἡρακλὲ

1990 1785 2115 1831 ante
2164 1791 2339 1830 meam
2378 1772 2801 1841 ordinationem,
2843 1779 3001 1843 ac,ni
3036 1778 3351 1845 fallor,ante
3388 1782 3556 1850 ipsius

310 1872 698 1936 καταστάσεως
728 1874 824 1944 τῆς
870 1877 1185 1946 συναγωγῆς
1232 1875 1546 1946 μετασχὼν,
1592 1878 1703 1940 τοῖς
1750 1877 1884 1931 ὑπόο

308 1970 463 2031 γυιον
503 1963 913 2035 βαπτιζομένοις
964 1958 1324 2038 παρατυχὼν,
1380 1969 1473 2021 καὶ
1517 1969 1625 2022 τῶν
1676 1971 1883 2040 ἐπερω-

308 2057 521 2127 τήσεων
572 2058 665 2110 καὶ¹
709 2057 1047 2128 ἀποκρίσεων
1091 2058 1418 2123 ἐπακούσας,
1468 2060 1739 2132 προσῆλθε
1792 2079 1881 2132 μοι

310 2148 514 2202 κλαίων
558 2150 652 2203 καὶ
700 2148 1053 2221 καταθρηνῶν
1106 2150 1323 2213 ἑαυτὸν,
1375 2152 1468 2203 καὶ
1515 2151 1730 2204 πίπτων
1777 2153 1882 2224 πρὸ

308 2236 429 2290 τῶν⁸
448 2237 623 2291 ποδῶν
672 2255 803 2308 μου,
841 2237 1324 2310 ἐξομολογούμενος
1374 2242 1470 2311 μὲν
1519 2243 1612 2297 καὶ
1653 2242 1880 2314 ἐξομνύ-

313 2347 474 2399 μενος
504 2330 565 2383 τὺ
600 2328 880 2401 βάπτισμα
911 2328 939 2384 ὃ
970 2332 1119 2404 παρὰ
1139 2335 1249 2396 τοῖς
1264 2336 1557 2404 αἱρετικοῖς
1589 2333 1877 2389 ὲϐεϐάπτι-

311 2538 427 2603 bus,
463 2537 685 2611 verbum
717 2537 927 2611 ἀθετεῖν
949 2546 1176 2611 usurpat
1212 2554 1309 2611 pro
1344 2542 1617 2608 reprobare
1660 2556 1723 2594 ac
1753 2543 1883 2611 reji-

311 2623 459 2672 cere,
486 2607 584 2675 hde
631 2604 857 2660 Joannis
906 2604 1225 2675 Apocalypsi
1284 2610 1353 2662 ita
1392 2604 1679 2664 scribens:
1724 2604 1882 2674 Τινὲς

313 2675 413 2750 μὲν
444 2667 560 2750 οὖν.
593 2676 712 2750 τῶν
741 2667 1033 2750 arpi;ijth
1061 2667 1330 2750 ἠθέτησαν
1368 2681 1463 2734 καὶ
1516 2667 1883 2735 ἀνεσκεύασαν

516 2741 598 2834 τὸ,1
612 2741 829 2834 βιδλξονῖ
857 2741 932 2800 Εἴ
958 2741 1254 2834 patt‘lonplost
1282 2769 1294 2803 :
1343 2751 1482 2834 Ἐγῶ
1506 2751 1576 2834 ⁴,δὲ
1611 2751 1871 2834 ἁθεῖῆσαιι

313 2819 411 2887 μὲν
437 2815 541 2890 ουκ
571 2816 637 2890 ᾃν
656 2815 994 2890 ⁸τολμήσαιμ
1020 2818 1081 2890 5b
1109 2819 1331 2890 βιϐλίον,
1362 2815 1571 2875 πολλῶν
1623 2815 1873 2876 caesia

312 2887 1120 2958 σπουδῆςνὲχοντωνὰδελφῶνξ
1154 2891 1402 2944 Citantur
1436 2892 1549 2946 han
1585 2892 1701 2946 loca
1740 2894 1869 2946 Dio-

312 2958 452 3029 nysii
486 2957 625 3031 intra
650 2957 929 3031 _in__capite
957 2959 1028 3013 9.5
1058 2958 1216 3027 hujus
1238 2962 1380 3014 libri.
1407 2960 1740 3016 Novatlauus
1772 2964 1870 3031 igi-

313 3025 404 3080 tur
429 3028 522 3094 qui
550 3025 947 3081 Catholicorum
975 3025 1301 3097 baptismum
1336 3033 1632 3085 damnabat
1683 3049 1748 3087 ac
1783 3025 1869 3086 re-

309 3099 593 3173 probabat,
628 3108 774 3173 recte
809 3097 1020 3173 desgsiv
1049 3098 1109 3151 τὸ
1137 3099 1288 3173 ἅγιον
1323 3099 1604 3173 βάπτισμα
1644 3104 1864 3157 dicitur.

1991 1882 2205 1938 quoque
2232 1865 2474 1922 Heraclze
2495 1868 2892 1937 episcopatum,
2922 1877 3097 1925 C(Bltts
3124 1870 3363 1925 ﬁdelium
3393 1874 3557 1942 partis

1989 1973 2117 2029 ceps
2157 1958 2334 2014 fuerat
2368 1978 2382 2012 :
2418 1973 2540 2013 cum
2572 1959 2912 2014 interfuisset
2941 1961 3210 2029 baptismo
3249 1975 3435 2015 eorum
3462 1964 3554 2032 qui

1990 2049 3149 2121 nuperbaptizabantur,etinterrogationes
3186 2066 3556 2125 responsaque

1990 2143 2201 2197 illorum
2226 2142 2522 2197 audiisset:
2543 2143 2610 2196 ad
2635 2157 2721 2196 me
2738 2142 2969 2197 accessit
2992 2141 3122 2198 ﬂens
3142 2153 3193 2199 et
3207 2145 3380 2200 vicem
3399 2148 3551 2201 suam

1986 2234 2145 2305 255
2174 2235 2555 2313 ingemiscens.
2587 2233 2927 2303 Pedibusque
2952 2236 3087 2291 meis
3111 2236 3396 2293 advolutus
3421 2252 3553 2293 con-

1986 2329 2124 2384 ﬁteri
2155 2337 2318 2399 atque
2363 2328 2609 2399 deierare
2650 2330 2833 2399 cmpit,
2869 2331 3195 2399 baptismum
3247 2342 3354 2400 quo
3411 2332 3550 2400 apud

1988 2539 2185 2593 Verum
2222 2539 2492 2610 interpres
2523 2530 2740 2608 Georgii
2777 2537 3009 2610 Syncelli
3065 2538 3205 2610 hunc
3237 2533 3414 2593 locum
3472 2540 3546 2595 ita

1990 2612 2151 2680 vertit
2174 2627 2188 2662 :
2210 2608 2395 2663 Fidem
2426 2627 2488 2663 ac
2509 2608 2882 2680 professionem
2915 2610 3111 2678 aliquot
3135 2609 3250 2679 jam
3280 2620 3418 2663 retro
3448 2628 3550 2665 sa:-

1991 2679 2124 2753 culis
2152 2681 2480 2753 superiorem
2512 2679 2713 2753 evertit,
2751 2682 2904 2750 quasi
2949 2681 3212 2749 scriptum
3244 2687 3389 2736 esset
3439 2681 3548 2753 πρὸ

1986 2749 2179 2819 ἑαυτοῦ
2204 2790 2219 2813 ,
2248 2750 2390 2819 quod
2432 2765 2536 2802 non
2566 2750 2755 2816 probo.

2053 2820 2127 2889 (2)
2160 2818 2231 2874 Τό
2255 2813 2319 2873 se
2347 2813 2589 2890 Πνεῦμα
2614 2819 2679 2873 τὸ
2711 2819 2898 2890 ἅγιον.
2929 2813 3027 2875 Hic
3058 2820 3208 2877 locus
3242 2835 3346 2874 non
3401 2831 3549 2876 caret

1977 2889 2312 2944 diﬂicultate.
2344 2889 2527 2943 Primo
2554 2890 2697 2943 enim
2733 2889 3022 2946 Obscurum
3058 2900 3144 2945 est
3171 2890 3300 2957 quid
3328 2890 3432 2957 sibi
3457 2907 3547 2945 ve-

1978 2959 2038 3013 lit
2076 2961 2383 3029 Dionysius,
2411 2975 2535 3013 cum
2568 2961 2645 3015 ait
2670 2959 3025 3015 Novatiamim
3062 2952 3277 3028 fugasse
3300 2976 3327 3014 a
3355 2952 3545 3015 fratri-

1975 3031 2078 3084 bus
2110 3029 2371 3098 Spiritum
2409 3039 2677 3095 sanctum,
2712 3031 2813 3085 nisi
2848 3032 2990 3085 forte
3018 3047 3112 3099 per
3130 3031 3388 3098 Spiritum
3415 3046 3545 3084 sau-

1975 3110 2118 3154 ctum
2159 3100 2408 3167 intelligit
2441 3099 2669 3162 gratiam
2722 3116 2842 3170 quae
2894 3102 3124 3155 dabatur
3156 3101 3546 3171 paenitentibus

311 3168 520 3241 Quippe
547 3167 875 3241 lVovatianus
899 3168 1082 3223 ﬁdeles
1106 3167 1194 3238 qui
1225 3172 1276 3224 in
1318 3167 1557 3225 Ecclesia
1593 3174 1864 3228 catholica
1895 3184 1936 3241 ο
1973 3185 2069 3239 per
2093 3185 2285 3223 manus
2317 3167 2753 3241 impositionem,
2775 3181 2901 3225 tunc
2930 3187 3050 3226 cum
3088 3167 3307 3241 peracta
3370 3171 3547 3241 pretii-

314 3236 564 3305 liaptismi
610 3246 955 3292 sacramenta
999 3236 1373 3308 susceperant,
1420 3244 1650 3307 negabat
1677 3259 1861 3297 revera

310 3308 615 3378 baptizatos
646 3322 783 3372 esse,
814 3316 997 3377 utpote
1025 3309 1112 3378 qui
1142 3325 1173 3363 a
1211 3311 1366 3366 utalis
1404 3314 1777 3369 sacerdotibus
1809 3322 1864 3367 et

310 3377 581 3445 lapsorum
632 3380 1011 3434 communione
1044 3377 1345 3436 ’maculatis
1398 3382 1554 3436 tincti
1611 3383 1861 3438 luissent.

309 3446 672 3521 Aiebatenim
695 3446 1025 3521 Novat‘iauus
1082 3451 1408 3519 baptismum
1455 3453 1711 3521 prodesse
1757 3470 1861 3508 non

308 3532 489 3585 posse,
530 3518 634 3571 nisi
668 3534 696 3572 a
723 3518 904 3586 probis
936 3518 1245 3588 sanctisque
1285 3518 1657 3578 sacerdotibus
1685 3525 1865 3578 trade-

309 3588 698 3662 retursltaque
722 3604 827 3643 non
853 3588 1040 3662 omnes
1063 3591 1155 3659 qui
1181 3592 1501 3659 baptismum
1521 3602 1860 3662 acceperant,

309 3659 646 3734 gliristianos
674 3673 794 3734 esse
821 3661 1095 3734 censebat,
1140 3663 1231 3734 sed
1263 3659 1777 3734 eosduntaxafqui
1831 3680 1861 3718 a

307 3728 651 3792 Christianis,
681 3731 732 3782 id
761 3739 845 3784 est
878 3730 1031 3785 boote
1074 3740 1128 3785 et
1173 3731 1494 3787 Christiana:
1519 3734 1642 3787 vitae
1677 3728 1862 3788 sacer-

306 3798 546 3869 dotibus,
572 3809 752 3869 essent
782 3801 1082 3869 consiguati
1115 3819 1129 3856 :
1186 3811 1245 3856 ut
1287 3803 1442 3856 docet
1495 3817 1650 3859 vetus
1674 3816 1863 3858 auctor

308 3868 672 3942 Quaestionum
713 3866 908 3942 Veteris
937 3866 1000 3942 et
1023 3871 1164 3942 Novi
1211 3870 1545 3942 Testamenti,
1581 3889 1698 3942 cap.
1736 3873 1858 3928 102.

306 3936 375 3990 In
410 3948 611 3991 tantum
630 3939 878 3994 irascitur
912 3940 1082 4005 nobis,
1106 3952 1164 3994 ut
1196 3955 1242 3996 et
1291 3936 1618 3997 Christianos
1647 3936 1738 3998 nos
1772 3960 1862 3998 ne-

305 4019 410 4076 get,
443 4024 562 4061 cum
601 4009 737 4082 sciat
774 4025 869 4063 nos
890 4025 952 4062 ea
971 4009 1075 4078 ﬁde
1096 4012 1350 4076 initiatos,
1374 4010 1436 4065 de
1456 4030 1559 4082 qua
1585 4015 1692 4081 ipse
1720 4028 1859 4081 pra:-

305 4081 486 4142 sumit,
522 4088 626 4133 etc.
657 4078 800 4133 Idem
834 4089 1016 4147 postea
1052 4092 1338 4136 senserunt
1387 4082 1439 4134 in
1466 4078 1650 4137 Africa
1688 4078 1861 4137 Dona-

309 4149 472 4209 tistze,
492 4149 582 4218 qui
620 4164 855 4218 paganos
878 4150 1141 4204 vocabant
1163 4166 1258 4205 eos
1280 4152 1373 4219 qui
1418 4152 1470 4205 in
1501 4153 1742 4207 Ecclesia
1770 4167 1861 4206 ca-

308 4219 507 4289 tholica
562 4220 904 4289 baptismum
969 4223 1353 4289 suscepissent.
1421 4221 1601 4287 Quare
1665 4224 1862 4277 merito

306 4286 638 4357 Epiphanius
656 4286 751 4344 eos
774 4288 1087 4346 Novatianis
1117 4286 1387 4345 accenset.
1423 4286 1740 4348 Ambrosius
1764 4306 1860 4346 seu

305 4361 429 4425 quis
455 4362 594 4412 alius
617 4359 669 4412 in
702 4359 988 4428 epistolam
1014 4361 1128 4431 liad
1157 4360 1494 4424 Corinthios,
1519 4378 1640 4431 cap.
1673 4378 1690 4415 ι
1718 4380 1731 4417 :
1767 4361 1858 4417 Sic

305 4431 447 4504 enim
465 4438 636 4490 erant,
662 4431 796 4504 sicut
809 4446 958 4504 nunc
1002 4430 1286 4485 Novatiani
1314 4440 1387 4504 iet
1432 4430 1739 4504 Donationi,
1770 4433 1861 4504 qui

307 4500 618 4573 haptismum
644 4501 743 4553 sibi
771 4500 1070 4573 vindicant;
1093 4519 1133 4573 αῖ
1157 4503 1350 4555 nostris
1370 4503 1663 4568 baptizatos
1692 4500 1864 4573 repro-

308 4569 506 4633 bantes,
542 4578 615 4641 ᾔει
667 4571 923 4641 baptizati
955 4573 1037 4641 ab
1083 4572 1163 4624 Itis
1192 4572 1486 4640 gloriantur
1523 4574 1579 4624 in
1632 4569 1866 4641 personis

305 4654 509 4710 eorum.
540 4637 608 4710 Et
635 4649 761 4693 ante
786 4639 886 4694 hos
933 4637 1234 4710 Cyprianus
1264 4643 1315 4695 in
1348 4643 1576 4709 epistola
1607 4637 1675 4697 ad
1699 4642 1866 4697 Juba-

307 4707 487 4762 ianum
536 4709 604 4764 de
653 4707 1052 4778 rebaptizandis
1080 4711 1345 4766 haereticis
1370 4707 1395 4778 ξ
1425 4710 1539 4766 Nec
1571 4730 1663 4767 nos
1698 4721 1866 4767 movet

302 4780 441 4847 quod
493 4780 684 4834 litteris
730 4776 832 4833 tuis
861 4780 1160 4847 complexus
1197 4798 1287 4845 es,
1326 4776 1744 4836 Novatianenses
1782 4798 1866 4836 rea

304 4850 570 4917 baptizare
591 4866 677 4903 eos
697 4866 827 4919 quos
855 4868 885 4902 a
912 4850 1058 4905 nobis
1085 4850 1390 4906 sollicitant.
1413 4852 1544 4908 Vide
1567 4853 1863 4907 Baroniutn

304 4922 369 4973 ad
407 4936 606 4972 annum
644 4919 843 4973 Christi
864 4919 992 4987 254,
1024 4936 1141 4989 cap.
1178 4922 1301 4975 106.
1678 4946 1681 4947 ν

376 4990 452 5060 (1)
486 4988 603 5055 Τήν
621 5006 685 5062 τε
707 4989 819 5057 πρὸ
846 4990 1031 5045 αὐτοῦ
1053 4988 1262 5045 πίστιν
1276 4992 1683 5062 ἀνατρέποντι.
1714 4990 1866 5048 Cale-'-

305 5062 554 5132 chumeni
588 5060 900 5132 priusquam
940 5076 1153 5132 sacrum
1197 5060 1469 5118 lavacrum
1501 5065 1861 5132 susciperent,

305 5130 778 5201 symbolumquod
813 5131 943 5198 ipsis
999 5131 1256 5187 traditum
1300 5135 1498 5201 fuerat,
1543 5130 1863 5188 uteiiioriter

307 5199 537 5272 rccitare
556 5199 918 5272 jubebantur;
952 5202 1377 5272 interrogatique
1408 5223 1443 5272 a,
1464 5199 1766 5268 sacerdote,
1792 5204 1861 5258 ad

304 5269 513 5337 singula
540 5270 714 5338 capita
745 5272 1167 5338 respondebant:
1187 5269 1378 5330 Credo.
1406 5269 1664 5330 Ultimum
1699 5283 1862 5340 caput

307 5343 745 5413 interrogationis
770 5350 887 5393 erat
914 5341 1019 5397 hoc
1046 5360 1060 5397 :
1100 5341 1280 5398 Credis
1328 5347 1385 5399 in
1412 5348 1575 5399 vitam
1605 5352 1871 5413 teter-nant

303 5420 349 5462 et
384 5408 746 5483 remissionem
775 5421 1107 5479 peccatorum
1137 5430 1230 5483 per
1256 5427 1491 5469 sanctam
1520 5414 1812 5468 Ecclesium
1837 5408 1863 5466 ?

305 5490 364 5553 ut
393 5481 556 5553 docet
588 5480 893 5553 Cyprianus
918 5484 972 5535 in
1005 5480 1163 5552 epist.
1212 5485 1279 5539 70
1305 5500 1359 5540 et
1387 5486 1474 5540 76.
1501 5485 1634 5540 Cum
1692 5484 1861 5553 igitur

305 5548 1052 5622 Novatianus'»remissionem
1084 5565 1424 5622 peccatorum
1458 5548 1741 5618 adimeret,
1781 5554 1859 5608 si-

306 5619 413 5693 mul
437 5620 605 5693 etiam
632 5620 788 5693 iidem
815 5637 974 5687 quam
1008 5619 1135 5677 ante
1174 5639 1386 5679 sacrum
1416 5626 1676 5693 baptisma
1708 5632 1860 5678 cate-

304 5690 561 5766 elmtneui
595 5690 792 5766 habere
824 5690 1748 5766 se_prol_itebantur,abolebat.[Iph
1770 5693 1861 5746 αὖ·

302 5759 395 5836 τοῦ
421 5759 585 5828 igitur
609 5759 793 5828 supple
819 5761 1089 5836 ro§_&7l0u
1122 5764 1363 5836 λουτροῦ.
1403 5768 1575 5832 Atque
1614 5759 1858 5817 ita-hunc

305 5826 482 5884 locum
506 5826 833 5897 acceperunt
882 5826 1154 5892 Musculus
1206 5826 1261 5891 ei
1305 5826 1853 5902 Christophorsonus.

1973 3241 2136 3294 tentia
2169 3240 2235 3293 ad
2266 3239 2696 3295 communionem
2769 3239 3207 3296 admittebantur.
3246 3240 3348 3295 Sed
3375 3239 3546 3307 major

1971 3309 2262 3379 difﬁcultas
2286 3310 2449 3379 estin
2486 3309 2555 3363 iis
2585 3324 2707 3378 quae
2754 3312 2995 3378 proxime
3024 3320 3345 3379 sequuntur.
3376 3311 3423 3362 εἰ
3450 3306 3571 3363 καί.

1968 3397 2058 3462 et;
2081 3376 2328 3462 ἦνξλτξὶς
2355 3377 2445 3462 τοῦ
2487 3376 2818 3462 παραμεῖναι
2852 3381 2885 3462 ἢ
2915 3376 3228 3462 ἐπανελθεῖν
3257 3380 3392 3462 προς
3444 3382 3544 3434 αὐ·

1968 3450 2117 3515 τούςῤ
2144 3450 2434 3524 _De_lap_sis
2455 3450 2598 3505 enim
2620 3450 2707 3506 liic
2738 3450 2883 3520 loqui
2913 3453 3225 3524 Dionysium
3253 3450 3384 3505 satis
3413 3467 3513 3524 con
3532 3480 3545 3492 -

1971 3531 2100 3576 stat.
2143 3520 2200 3575 ln
2236 3519 2400 3591 lapsis
2435 3535 2561 3591 vero
2585 3524 2853 3591 quomodo
2887 3519 3067 3589 potest
3106 3535 3388 3591 remanere
3418 3522 3541 3590 Spi-

1970 3591 2107 3646 ritus
2133 3589 2403 3646 sanctus?
2439 3589 2657 3645 Reverti
2688 3592 2904 3661 quidem
2936 3592 3004 3646 ad
3048 3593 3226 3660 lapsos
3253 3590 3414 3646 facile
3447 3589 3543 3659 po-

1972 3670 2097 3721 test,
2132 3662 2426 3716 dummodo
2483 3660 2605 3714 illos
2660 3660 2882 3716 admissi
2949 3662 3170 3717 sceleris
3202 3663 3538 3730 pmitituerit.

1977 3729 2175 3785 Verum
2212 3731 2265 3783 in
2298 3732 2460 3796 lapsis
2500 3746 2783 3786 remanere
2812 3732 2962 3785 nullo
2997 3734 3154 3785 modo
3186 3729 3543 3802 potest._Ani-

1970 3817 2056 3853 ma
2084 3802 2225 3854 enim
2250 3818 2366 3866 qua:
2386 3803 2699 3864 peccaverit,
2749 3804 2862 3870 ipsa
2890 3803 3168 3866 morietur,
3188 3800 3255 3855 'ut
3284 3802 3362 3855 ait
3391 3800 3542 3856 Scri-

1970 3881 2147 3939 ptura.
2206 3874 2286 3923 An
2349 3872 2591 3925 dicemus
2645 3872 2696 3925 in
2761 3872 3084 3941 quibusdam
3141 3871 3307 3940 lapsis
3365 3872 3543 3925 adhuc

1971 3941 2224 3994 habitare
2258 3941 2520 4010 Spiritum
2549 3951 2818 4005 sanctum,
2853 3942 2918 3995 iis
2947 3941 3158 3994 scilicet
3181 3941 3270 4009 qui
3304 3955 3401 4010 per
3433 3942 3540 4010 im-

1968 4009 2314 4079 prudentiam
2342 4027 2404 4065 ac
2456 4025 2552 4079 per
2585 4012 2954 4065 inlirmitatem
2998 4011 3126 4077 lapsi
3169 4009 3316 4075 sunt,
3356 4009 3544 4075 cujus-

1970 4082 2115 4134 modi
2154 4081 2371 4136 fuerunt
2424 4081 2498 4134 illi
2553 4083 2643 4148 qui
2702 4090 2829 4135 tunc
2909 4080 3168 4149 temporis
3213 4080 3544 4134 dicebantur

1970 4150 2288 4207 libellatici?
2317 4151 2453 4218 Quid
2484 4152 2628 4204 enim
2660 4152 2702 4205 si
2735 4151 2853 4216 quis
2883 4160 3063 4204 mente
3083 4159 3275 4217 captus
3297 4151 3543 4203 autmir-
3612 4208 3621 4213 _

1973 4221 2134 4292 rhata
2175 4222 2394 4292 potione
2427 4222 2656 4289 sopitus,
2686 4222 2789 4275 diis
2840 4219 3338 4292 sacriﬁcaverit‘lls
3392 4229 3543 4292 certe

1973 4290 2208 4359 Spiritus
2242 4292 2416 4346 sancti
2446 4292 2680 4360 gratiam
2707 4306 2817 4345 non
2849 4290 3048 4355 amisit,
3085 4290 3175 4357 qui
3202 4291 3540 4358 imprudens,

1972 4372 2027 4415 et
2055 4363 2184 4430 quid
2215 4371 2400 4432 ageret
2459 4363 2882 4432 nesciens,_uon
2926 4371 3141 4427 sponte,
3182 4365 3276 4413 sed
3308 4374 3405 4429 per
3431 4360 3537 4432 vim

1971 4429 2190 4487 coactus
2215 4429 2460 4500 deliquit.
2494 4430 2647 4498 Quod
2676 4432 2721 4486 si
2743 4430 2859 4486 haec
2891 4432 3267 4496 interpretatio
3290 4445 3395 4500 non
3428 4429 3541 4497 pla-

1972 4512 2077 4567 cet,
2111 4503 2333 4556 omnino
2352 4499 2649 4556 dicendum
2671 4503 2800 4564 erit,
2839 4501 3150 4570 Dionysium
3176 4501 3262 4554 hic
3284 4499 3351 4555 de
3375 4500 3541 4565 lapsis

1975 4587 2078 4625 nou
2119 4572 2286 4640 loqui,
2350 4571 2444 4625 sed
2496 4573 2565 4625 de
2594 4569 2863 4634 ﬁdelibus,
2897 4569 3129 4638 quorum
3161 4570 3251 4623 alii
3308 4570 3538 4638 gratiam

1970 4642 2215 4711 Spiritus
2242 4642 2415 4697 sancti
2438 4656 2598 4710 quam
2621 4643 2675 4694 in
2704 4641 2972 4710 baptismo
2991 4648 3341 4711 acceperunt.
3364 4640 3543 4692 adhuc

1971 4710 2228 4774 retinent,
2257 4712 2348 4765 alii
2408 4726 2536 4764 vero
2570 4725 2690 4765 eam
2746 4712 3065 4763 amiserunt.
3111 4710 3261 4763 Etab
3302 4710 3387 4762 his
3417 4711 3543 4776 qui-

1969 4783 2089 4834 dem
2137 4783 2471 4836 Novatianus
2504 4781 2729 4851 fugabat.
2778 4780 3036 4851 Spiritum
3083 4788 3538 4851 sanctuin,_ctmi

1968 4852 2342 4919 paenitentiam
2373 4859 2429 4906 et
2458 4848 2645 4919 pacem
2681 4850 2748 4906 iis
2785 4850 3097 4919 denegaret,
3145 4849 3342 4916 quibus
3371 4848 3540 4916 Spiria

1969 4931 2055 4976 tus
2083 4923 2256 4978 sancti
2286 4921 2461 4990 gratia
2491 4931 2810 4989 reparatur;
2832 4919 2920 4990 ab
2952 4919 3056 4974 illis
3081 4933 3210 4973 vero
3234 4920 3327 4987 qui
3364 4919 3541 4990 adhuc

1967 4992 2201 5059 gratiam
2241 4988 2501 5057 retinent,
2544 4988 2768 5060 t'ugabat
2822 4988 3085 5060 Spiritum
3130 5000 3379 5044 sanctum
3410 4989 3539 5042 dum

1965 5062 2046 5116 eis
2075 5077 2227 5132 spem
2255 5076 2474 5117 omnem
2499 5059 2772 5115 adimebat
2797 5060 2969 5113 veniae
2990 5060 3036 5114 si
3060 5059 3199 5132 forte
3227 5069 3536 5125 peccareut,

1965 5142 2021 5185 et
2056 5129 2336 5188 sinistram
2391 5133 2460 5187 de
2509 5132 2715 5200 Spiritu
2774 5140 2966 5184 sancto
3013 5129 3321 5198 opinionem
3349 5144 3536 5200 eorum

1965 5201 2162 5259 animis
2196 5202 2526 5266 iusinuabat,
2550 5199 2704 5271 quasi
2738 5200 2785 5255 is
2819 5200 3044 5255 immitis
3072 5215 3137 5255 ac
3180 5199 3417 5254 crudelis
3447 5213 3536 5253 es-

1964 5281 2072 5332 set.
2097 5283 2151 5327 et
2178 5273 2570 5327 misericordiae
2591 5272 2770 5325 omnis
2793 5284 3011 5339 expers.
3099 5320 3105 5327 .

2034 5340 2494 5413 (5)-L'vp6oq.1ﬁ¢
2536 5340 2763 5413 erepat.
2813 5338 3059 5413 Quatuor
3102 5339 3277 5395 nostri
3324 5338 3539 5413 codices

1964 5410 2124 5478 Mal},
2161 5410 2323 5477 mea,
2352 5411 2492 5466 Fuk.
2518 5424 2573 5466 et
2596 5410 2765 5465 Savil.
2802 5410 3128 5478 particulam
3189 5412 3394 5464 addunt
3434 5411 3538 5463 hoc

1961 5484 2144 5549 modo,
2172 5483 2267 5536 καὶ
2295 5481 2606 5552 συμϐουλῆς
2635 5480 2846 5552 δέομαι,

2033 5551 2110 5625 (Δ)
2133 5547 2151 5625 λ
2186 5547 2615 5622 Συναῇυμένών
2634 5547 2936 5625 ἀδελφῶν.
2988 5549 3144 5619 Apud
3173 5547 3536 5625 Nicephorum

1962 5620 2113 5676 locus
2141 5624 2231 5677 hic
2268 5620 2375 5676 una
2404 5620 2536 5676 voce
2559 5623 2774 5676 auctior
2795 5624 2997 5691 legitur
3032 5625 3133 5674 hoc
3168 5620 3538 5691 modo,_auva;-

1960 5693 2204 5763 γομένων
2232 5690 2472 5761 ἀδελφῶν
2502 5709 2610 5757 τις,
2630 5703 2760 5758 etc.,
2779 5688 2920 5761 quad
2945 5692 3062 5747 Sine
3088 5690 3249 5746 dubio
3279 5688 3538 5757 majorem

1961 5765 2121 5818 all‘ert
2146 5765 2612 5833 perspicuitatem.
