3928 6252
281 305 381 362 657

1260 301 1616 358 ΗΙΞΤΟΒΙΑΞ
1657 295 2210 356 ΕΕΕΙ..ΕΞΙΑ5ΤΙΟᾹΞ
2246 293 2371 348 LIB.
2418 292 2527 348 ΥΠ.

3401 286 3522 342 638i-

279 436 360 482 τις
396 417 488 472 καὶ
523 417 656 486 ἄλλη
687 413 782 467 τοῦ
817 412 978 467 αὑτοῦ
1014 415 1140 486 περὶ
1177 414 1545 486 βαπτίσματος
1570 412 1840 482 ἐπιστολὴ,

1956 409 2186 482 ejusdem
2215 405 2438 475 epistola
2467 407 2530 458 de
2578 401 2873 471 baptismo,
2928 400 3094 471 ipsius
3147 409 3199 454 et
3250 398 3514 455 Ecclesize

282 509 338 574 ἐξ
385 507 550 562 αὑτοῦ
599 507 690 559 καὶ
731 499 797 574 ἦς
838 508 1024 576 ἡγεῖτο
1058 505 1386 576 παροικίας,
1432 503 1617 575 Ξύστῳ
1652 505 1744 556 καὶ
1776 506 1840 574 τῇ

281 599 416 656 κατὰ
449 597 665 668 Ῥώμην
698 587 991 668 Ἐκκλησία
1026 597 1525 669 προσπεφώνημὲνη
1551 613 1564 625 ·
1596 597 1653 648 ὲν
1757 594 1842 648 διὰ

284 690 492 762 μακρᾶς
519 687 864 753 ἀποδείξεως,
902 687 993 740 τὸν
1020 688 1263 760 περίτοῦ
1293 686 1648 757 ὑποκειμένου
1677 687 1842 757 ζητή-

283 799 442 855 ματος
471 781 793 851 παρατείνει
819 780 992 850 λόγον.
1020 781 1129 834 Καὶ
1153 781 1284 850 ἄλλη
1313 781 1370 834 τέ
1399 798 1483 844 τις
1509 780 1670 834 αὐτοῦ
1707 780 1842 850 μετὰ

279 875 471 938 ταύτας
529 873 756 945 φέρεται
804 873 938 944 πρὸς
983 873 1072 926 τὸν
1117 872 1257 927 κατὰ
1295 871 1508 943 Ῥώμην
1553 872 1840 937 Διονύσιον,

281 971 310 1040 ἡ
341 969 462 1039 περὶ
491 965 815 1019 Λουκιανοῦ.
853 966 962 1020 Καὶ
995 983 1059 1018 πε
1071 967 1122 1036 pi.
1159 965 1256 1035 μὲν
1286 967 1489 1018 τούτων
1520 965 1772 1019 τοσαῦτα.

824 1058 1215 1110 ΚΕΦΛΛΑΙΟΝ
1248 1057 1300 1110 l'.

314 1147 445 1215 Περὶ
481 1147 886 1215 Οὐαλεριανοῦ
919 1147 1013 1217 καὶ
1048 1147 1153 1200 τοῦ
1188 1148 1310 1200 κατ’
1343 1146 1528 1202 αὑτὸν
1559 1147 1808 1217 διωγμοῦ

768 1217 904 1287 (Nic.
939 1216 1004 1274 ΙΙ.
1043 1217 1107 1270 Ε.
1129 1232 1213 1280 vt,
1247 1221 1356 1284 10).

346 1308 410 1360 Οἵ
456 1325 519 1377 γε
558 1308 665 1380 μὴν
704 1310 847 1380 ἀμφὶ
889 1309 978 1362 τὸν
1019 1309 1216 1362 Γάλλον
1261 1310 1371 1380 ρύδ’
1400 1310 1538 1373 ὅλοις
1582 1309 1725 1361 ἔτεσι
1753 1308 1845 1363 δύο

282 1401 372 1471 τὴν
415 1402 592 1472 ἀρχὴν
641 1403 1117 1473 ἐπικατασχόντες,
1169 1401 1409 1456 ἐκποδὼν
1462 1401 1840 1473 μεθίστανται·

283 1491 639 1561 Οὐαλεριανὸς
684 1492 741 1544 δὲ
775 1493 888 1562 ἆμα
923 1491 1200 1562 Γαλλιηνῷ
1231 1491 1382 1544 παιδὶ
1413 1491 1714 1561 διαδέχεται
1745 1492 1844 1562 τὴν

283 1585 588 1654 ἠγεμονίαν.
639 1580 804 1647 Αὖθις
842 1583 904 1654 δὴ
936 1579 1028 1636 οὖν
1071 1586 1098 1636 ὁ
1133 1584 1401 1647 Διονύσιος
1447 1577 1533 1636 οἷα
1577 1583 1670 1636 καὶ
1717 1585 1845 1654 περὶ

282 1675 459 1728 τούτου
486 1675 763 1741 διέξεισιν,
785 1677 848 1728 ἐκ
874 1676 972 1746 τῆς
995 1676 1127 1747 πρὸς
1162 1675 1538 1748 Ἐρμάμμωνα
1564 1675 1844 1746 ἐπιπολῆς

1943 517 2101 574 quam
2130 499 2350 570 regebat
2383 497 2616 558 nomine,
2651 495 2715 548 ad
2742 494 2968 564 Xystum
2999 501 3053 548 et
3083 492 3373 547 Ecclesium
3409 511 3501 547 ur-

1941 594 2026 648 bis
2054 593 2239 646 Romre
2297 590 2524 651 direcm,
2577 585 2630 639 in
2668 601 2771 656 qua
2805 585 2871 640 de
2908 585 3179 654 proposita
3211 585 3509 651 quaestione

1942 684 2204 754 prolixam
2233 682 2519 736 admodum
2570 677 2983 744 disputationem
3018 675 3268 738 instituit.
3300 674 3503 727 Praeter

1942 781 2040 834 has
2073 779 2178 832 alia
2234 787 2411 832 exstat
2471 775 2710 844 ejusdem
2762 770 2987 842 cpiSIola
3042 771 3105 824 de
3155 769 3404 828 Luciano.
3437 771 3510 822 ad

1946 869 2260 941 Dionysium
2289 868 2592 922 Romanum
2626 866 2844 936 scripta.
2874 863 2978 920 Sed
3005 865 3073 919 de
3111 864 3194 918 his
3225 864 3500 917 hactenus.

2559 1041 2786 1097 CAPUT
2825 1041 2892 1095 Χ.

2017 1137 2091 1191 De
2121 1136 2425 1202 Valeriano,
2460 1145 2505 1187 et
2541 1135 2603 1188 de
2633 1137 2990 1204 persecutione
3017 1133 3080 1185 ab
3105 1149 3162 1186 eo
3188 1132 3432 1187 excitata.

2012 1311 2164 1369 Gallo
2195 1313 2407 1366 interim
2455 1327 2485 1364 c
2523 1311 2698 1365 medio
2747 1311 2980 1374 sublato,
3013 1325 3134 1364 cum
3168 1310 3254 1363 vix
3306 1309 3510 1365 biennii

1944 1404 2120 1472 spatio
2143 1403 2431 1471 imperium
2460 1404 2743 1466 tenuisset,
2776 1400 3094 1456 Valerianus
3121 1416 3241 1455 cum
3263 1399 3508 1456 Gallieno

1944 1495 2055 1549 filio
2077 1495 2129 1548 in
2155 1493 2272 1563 ejus
2298 1493 2471 1547 locum
2499 1493 2758 1549 succedit.
2798 1494 2870 1548 Dc
2898 1495 2999 1547 hoc
3033 1507 3161 1548 vero
3182 1506 3302 1560 qua:
3332 1491 3511 1544 tradat

1946 1586 2253 1656 Dionysius,
2291 1596 2345 1639 et
2375 1585 2599 1654 epistola
2628 1584 2747 1655 ejus
2775 1587 2841 1640 ad
2891 1585 3358 1640 llermammonem
3383 1581 3510 1636 licet

1945 1693 2301 1749 cognoscere,
2336 1679 2388 1732 in
2417 1693 2520 1748 qua
2554 1678 2628 1733 ita
2655 1679 2876 1733 scribit:
2915 1696 2933 1728 ι
2968 1676 3162 1732 Joanni
3191 1689 3406 1745 qucque
3435 1674 3510 1727 si-

288 1765 468 1835 μαθεῖν
497 1767 672 1832 ἐστὶν,
705 1769 760 1819 ὲν
853 1765 1039 1820 τοῦτον
1071 1768 1274 1840 ἱστορεῖ
1302 1767 1392 1820 τὸν
1419 1767 1646 1839 τρόπον·
1684 1788 1702 1820 ι
1738 1769 1846 1821 Καὶ

1956 1771 2146 1826 utiliter
2176 1772 2472 1825 revelatum
2507 1779 2611 1826 est.
2637 1771 2726 1824 Ait
2758 1771 2900 1826 enim
2933 1787 2947 1824 :
2987 1769 3056 1824 Et
3088 1769 3271 1825 datum
3300 1777 3384 1823 est
3431 1765 3508 1819 illi

283 1857 354 1927 τῷ
409 1858 632 1931 Ἰωάννῃ
678 1857 734 1910 δὲ
775 1857 972 1928 ὁμοίως
1022 1857 1480 1912 ἀποκαλύπτεται.
1529 1861 1638 1913 Καί
1687 1859 1843 1930 ἐδόθη

284 1947 384 2017 γὰρ
413 1947 583 2016 αὐτῷ,
621 1949 776 2016 φησὶ,
817 1948 989 2017 στόμα
1015 1947 1206 2000 λαλοῦν
1238 1949 1446 2017 μεγάλα
1472 1949 1565 2002 καὶ
1602 1949 1843 2021 βλασφη-

287 2037 441 2106 μίαν·
479 2037 574 2090 καὶ
618 2037 772 2106 ἐδόοη
821 2037 970 2107 αὐτῷ
996 2037 1210 2102 ἐξουσία
1250 2039 1343 2091 καὶ
1385 2040 1548 2109 μῆνες
1580 2042 1846 2113 τεσσαρὰ-

286 2144 436 2180 κοντα
460 2127 553 2180 δύο
583 2128 719 2198 (10).
763 2128 1067 2199 Ἀμφότεροι
1104 2129 1159 2181 δὲ
1200 2128 1343 2183 ἐστιν
1369 2131 1458 2183 ἐπὶ
1487 2132 1845 2203 Οὑαλεριανοῦ

285 2218 584 2289 θαυμάσαι·
634 2220 728 2272 καὶ
768 2219 971 2274 τούτων
1012 2222 1244 2292 μάλιστα
1290 2223 1358 2275 τὰ
1401 2223 1504 2294 πρὸ
1539 2225 1721 2285 αὐτοῦ,
1771 2223 1846 2287 ὡς

284 2310 446 2374 οὕτως
470 2311 596 2381 ἔσχε
643 2311 688 2380 (l
707 2312 776 2379 l),
819 2316 1074 2376 συννοεῖν,
1102 2315 1207 2377 ἓως
1235 2315 1390 2384 ἤπιος
1425 2315 1533 2384 (1'2)
1580 2317 1668 2368 καὶ
1697 2317 1845 2387 φιλό-

286 2417 426 2470 φρων
461 2397 527 2469 ἦν
571 2402 713 2470 πρὸς
754 2403 877 2465 τοὺς
908 2402 1227 2474 ἀνθρώπους
1253 2404 1345 2457 τοῦ
1385 2406 1537 2458 Θεοῦ.
1581 2407 1712 2459 Οὐδὲ
1741 2408 1846 2479 γὰρ

287 2491 433 2554 ἄλλος
462 2509 545 2556 τις
565 2491 714 2546 οὕτω
741 2492 846 2545 τῶν
878 2493 980 2566 πρὸ
1007 2493 1167 2546 αὑτοῦ
1204 2494 1464 2563 βασιλέων
1487 2496 1726 2566 εὐμενῶς
1754 2497 1846 2550 καὶ

285 2582 462 2650 δεξιῶς
493 2586 637 2656 πρὸς
667 2587 860 2650 αὐτοὺς
896 2587 1128 2659 διετέθη,
1159 2588 1266 2640 οὐδ’
1300 2589 1347 2640 οἱ
1399 2587 1677 2656 λεχθέντες
1720 2591 1848 2642 ἀνα-

287 2675 469 2743 φανδὸν
498 2677 819 2747 Χριστιανοὶ
845 2677 1123 2746 γεγονεναι
1155 2679 1284 2748 (15),
1311 2678 1388 2740 ὡς
1419 2680 1622 2742 ἐκεῖνος
1655 2681 1848 2733 οἰκειό-

286 2783 414 2819 τατα
444 2769 499 2820 ἐν
528 2769 676 2840 ἀρχῇ
712 2768 804 2822 καὶ
838 2769 1270 2840 προσφιλέστατα
1301 2771 1531 2842 φανερὸς
1557 2767 1625 2842 ἦν
1652 2773 1848 2835 αὐτοὺς

287 2856 695 2928 ἀποδεχόμενος.
733 2860 839 2911 Καὶ
871 2861 976 2922 πᾶς
1007 2861 1035 2910 ό
1073 2856 1215 2924 οἶκος
1242 2860 1404 2914 αὐτοῦ
1445 2861 1710 2915 θεοσεϐὦν
1747 2881 1845 2916 πε-

288 2949 550 3020 πλήρωτο,
583 2952 683 3004 καὶ
710 2947 777 3021 ἦν
824 2952 1116 3021 Ἐκκλησία
1152 2952 1306 3004 Θεοῦ.
1351 2953 1847 3008 Ἀποσκευὰσασθαι

287 3036 338 3089 δὲ
366 3039 695 3110 παρέπεισεν
725 3039 884 3091 αὑτὸν
915 3039 942 3090 ὁ
968 3039 1280 3102 διδάσκαλος
1319 3039 1412 3092 καὶ
1437 3039 1545 3092 τῶν
1573 3040 1665 3092 ἀπ’
1686 3040 1850 3108 Αίγύ-

1947 1877 2010 1916 os
2033 1862 2258 1929 loquens
2287 1877 2476 1932 magna
2500 1871 2555 1915 et
2591 1862 2751 1930 impia
2783 1880 2795 1915 :
2824 1872 2877 1916 et
2911 1862 3030 1916 data
3057 1871 3138 1916 est
3170 1860 3246 1913 illi
3274 1867 3513 1929 potestas

1948 1963 2003 2009 et
2028 1970 2239 2011 menses
2259 1957 2613 2026 quadraginta
2635 1957 2736 2011 duo
2751 1956 2814 2010 ⁸ο.
2842 1954 3004 2026 256
3025 1952 3319 2021 Utrumque
3351 1966 3514 2022 porro

1951 2047 2004 2100 in
2040 2048 2325 2103 Valeriano
2370 2048 2648 2117 impletum
2694 2049 2878 2102 mirari
2934 2047 3080 2111 licet,
3117 2045 3353 2113 illudque
3387 2054 3512 2097 ante

1951 2141 2131 2194 omnia
2178 2141 2541 2206 considerare,
2595 2139 2900 2207 cuiusmodi
2939 2140 2983 2193 is
3018 2147 3142 2192 ante
3172 2137 3510 2208 persecutio-

1953 2247 2073 2286 nem
2103 2232 2306 2286 fuerit:
2358 2231 2594 2302 qualiter
2653 2241 2969 2286 mansuetus
3009 2231 3224 2300 quidem
3268 2245 3330 2282 ac
3361 2229 3513 2282 beni-

1953 2335 2090 2388 guns
2118 2332 2237 2375 erat
2278 2336 2403 2391 erga
2453 2321 2686 2376 famulos
2723 2321 2837 2376 Dei.
2869 2320 3054 2389 Neque
3085 2321 3227 2374 enim
3259 2317 3396 2372 ullus
3419 2331 3512 2371 su-

1954 2412 2224 2479 periormn
2254 2413 2577 2483 principum,
2612 2429 2680 2468 ne
2714 2414 2788 2467 illi
2833 2413 3050 2482 quidem
3084 2412 3183 2482 ipsi
3210 2411 3299 2479 qui
3329 2410 3507 2478 palam

1951 2501 2244 2558 Christiani
2283 2504 2450 2558 fuisse
2483 2503 2754 2564 dicuntur,
2791 2512 2933 2557 tanta
2973 2501 3306 2556 humanitate
3334 2515 3394 2573 ac
3419 2501 3514 2551 he-

1953 2595 2250 2648 nevoleutia
2285 2602 2498 2650 nostros
2523 2595 2836 2664 complexus
2870 2603 2972 2653 est,
3004 2602 3256 2660 quantam
3286 2591 3374 2643 ille
3402 2605 3512 2658 prae

1951 2697 2009 2737 se
2041 2683 2246 2738 ferebat
2280 2685 2432 2740 initio
2458 2685 2798 2754 principatus
2844 2685 2946 2738 sui.
2987 2683 3234 2750 Totaque
3262 2682 3379 2750 ejus
3426 2679 3510 2733 fa-

1952 2774 2094 2827 milia
2121 2775 2222 2842 piis
2253 2776 2557 2832 hominibus
2574 2775 2901 2841 abundabat,
2928 2790 2988 2828 ac
3014 2774 3104 2828 Dei
3130 2773 3365 2828 Ecclesia
3392 2786 3514 2826 esse

1953 2865 2256 2920 videbatur.
2285 2866 2485 2921 Verum
2528 2868 2784 2937 magister
2819 2874 2874 2921 et
2907 2866 3367 2936 archisynagogus
3399 2877 3512 2916 ma-

1953 2970 2142 3026 gorum
2179 2955 2420 3026 Egypti,
2477 2957 2524 3011 ei
2555 2957 2768 3010 tandem
2801 2953 3070 3024 persuasit
3102 2963 3158 3007 ut
3187 2955 3254 3008 ab
3289 2955 3389 3008 hoc
3424 2953 3508 3006 in-

1953 3049 2141 3102 stituto
2169 3051 2512 3113 descisceret,
2539 3049 2733 3118 jubens
2768 3057 2826 3101 ut
2857 3054 3034 3100 castos
3061 3044 3274 3114 quidem
3301 3053 3356 3098 et
3390 3057 3516 3096 san-

288 3145 410 3212 πτου
431 3130 622 3200 μάγων
643 3131 750 3200 (14)
771 3131 1211 3203 ἀρχισυνάγωγος
1240 3129 1371 3200 (15),
1414 3131 1538 3192 τοὺς
1568 3131 1663 3200 μὲν
1685 3132 1846 3186 καθα-

1957 3153 2073 3196 ctos
2108 3143 2253 3198 viros
2286 3151 2703 3213 persequeretur
2757 3149 2919 3209 atque
2962 3139 3259 3201 occideret,
3320 3135 3518 3205 quippe

350 3209 586 3294 l“Apoc.
624 3240 747 3282 xm.

354 3315 459 3387 (l0)
490 3316 701 3392 Μ-ῆγες
731 3317 1187 3392 τεσσαράκοχτα
1233 3316 1362 3392 δύο.
1405 3316 1557 3392 ilunc
1600 3319 1838 3392 Dionysii

289 3385 452 3438 loeumi
503 3388 712 3454 Optime
769 3385 1014 3455 exposuit
1060 3386 1319 3440 Baronius
1353 3387 1417 3440 ad
1448 3403 1644 3442 annmn
1686 3385 1842 3446 Chri-

292 3456 351 3512 sti
381 3457 502 3522 257,
537 3472 661 3525 cap.
690 3458 744 3519 ’7,
775 3458 840 3510 de
869 3459 1042 3525 spatio
1069 3457 1274 3511 scilicet
1306 3456 1559 3524 temporis
1601 3474 1708 3525 quo
1738 3463 1842 3516 du-

294 3527 419 3577 ravit
471 3528 782 3591 persecutio
832 3525 1124 3581 Valeriani.
1167 3527 1297 3581 Cum
1351 3530 1495 3580 enim
1528 3526 1842 3587 Valerianus

293 3606 484 3662 septem
515 3597 634 3650 fere
656 3599 810 3650 annis
851 3598 1192 3664 regnaverit,
1225 3606 1282 3648 ut
1324 3597 1465 3650 inter
1498 3611 1684 3652 onmes
1708 3616 1844 3654 con-

292 3673 426 3727 stat,
475 3668 661 3731 priore
701 3667 916 3735 quidem
957 3668 1292 3736 principatus
1319 3667 1552 3720 triennio
1576 3667 1844 3723 Christia-

292 3748 382 3786 nos
405 3737 637 3802 benigne
665 3737 972 3805 complexus
1002 3745 1084 3790 est
1117 3754 1131 3790 :
1168 3736 1465 3805 posteriore
1510 3752 1638 3791 vero
1677 3740 1848 3794 trien-

295 3805 374 3856 nio
413 3808 846 3871 persecutionem
872 3807 1052 3860 intulit
1099 3807 1367 3858 Ecclesim.
1410 3806 1578 3858 Porro
1628 3808 1842 3864 initium

293 3876 620 3944 principatus
649 3873 918 3930 Valeriani
956 3876 1118 3944 carpit
1153 3891 1296 3928 anno
1326 3875 1524 3929 Christi
1552 3875 1690 3943 “255,
1745 3883 1846 3934 sub

297 3943 472 4009 linem,
504 3946 798 3999 Volusiano
823 3947 858 3998 ll
883 3955 935 3998 et
963 3943 1194 3999 Maximo
1227 3961 1369 4000 coss.
1393 3946 1590 3999 Docent
1611 3948 1661 4001 id
1680 3949 1854 4002 mani-

296 4010 420 4090 feste
447 4016 656 4090 numini
682 4024 893 4090 veteres
931 4017 1000 4090 ab
1031 4015 1242 4070 Occone
1285 4025 1337 4090 et
1393 4015 1601 4090 Coltzio
1641 4018 1853 4083 prolati,

297 4083 344 4133 in
371 4083 562 4151 quibus
597 4083 911 4138 Valerianus
931 4086 1223 4154 imperator
1251 4084 1544 4139 tribunitiae
1573 4088 1853 4154 potestatis

297 4165 372 4210 Ill,
402 4155 590 4206 consul
616 4169 694 4216 tu,
732 4155 1058 4209 inscribitur.
1090 4156 1216 4207 Item
1257 4154 1382 4208 trib.
1410 4164 1520 4220 pot.
1546 4171 1600 4215 v,
1634 4172 1744 4210 cos.
1782 4175 1855 4214 IV.

295 4220 428 4293 idem
479 4238 698 4292 quoque
741 4225 1012 4293 colligitur
1048 4241 1112 4277 ex
1169 4225 1405 4276 nummis
1451 4225 1575 4292 imp.
1607 4225 1856 4284 Gallieni.

363 4292 469 4364 (tl)
499 4295 612 4346 Καὶ
637 4363 649 4364 γ
667 4292 891 4347 τούτων
916 4294 1180 4364 μάλιστα
1206 4293 1278 4346 τὰ
1297 4293 1410 4361 πρὸ
1438 4295 1626 4364 αὐτοῦ
1651 4297 1731 4362 ώς
1757 4298 1859 4351 οὔ-

297 4375 400 4440 τως
424 4362 595 4432 ἔσχε.
627 4362 984 4440 Scribendtint
1018 4377 1144 4440 puto
1173 4364 1248 4440 ώς
1285 4365 1381 4434 οὐχ
1411 4363 1614 4426 οὕτως,
1663 4382 1856 4432 quam-

297 4433 376 4482 vis
405 4433 828 4487 reclamantibus
864 4433 1038 4489 libris.
1086 4437 1190 4488 Sed
1219 4447 1271 4487 et
1297 4433 1637 4501 tr’ansposita
1673 4437 1858 4490 viden-

299 4507 386 4588 tur‘
399 4516 516 4585 esse
551 4501 831 4588 voeabula.
875 4503 1017 4588 Lego
1049 4505 1316 4588 igiturxa't
1339 4481 1501 4588 at»ng
1524 4481 1857 4588 pg).ta~5§'éa
1887 4481 1931 4537 Β

298 4569 394 4646 πρὸ
408 4571 632 4646 τουτων,
653 4573 859 4646 ὡςηούχ
891 4569 1222 4646 οὕτωςὲσχε,
1261 4569 1536 4637 συννοεῖν,
1564 4574 1668 4638 ἕως
1698 4577 1858 4646 ἤπιος

411 4642 687 4712 φιλόφρων
723 4638 946 4712 ἦν,ἶειυ.
985 4644 1057 4698 Ita
1093 4638 1284 4698 Sentius
1315 4654 1397 4698 est
1452 4638 1849 4711 apertissit'nus.

363 4710 469 4779 (l2)
513 4710 663 4778 Ἕως
707 4710 906 4781 ἤπιος.
961 4715 1054 4768 Sic
1100 4715 1151 4768 in
1189 4715 1408 4783 optimis
1454 4710 1856 4782 exemplaribus

299 4778 424 4855 μοι.
455 4778 506 4836 et
534 4784 671 4855 Med.
708 4778 965 4855 scriptum
995 4795 1098 4839 est.
1140 4778 1240 4847 Ὧς
1264 4784 1549 4855 μὲνῗῆπιος
1577 4778 1641 4837 εὶ
1670 4785 1856 4855 codice

298 4845 456 4930 Regio
504 4853 674 4930 edidit
710 4845 846 4930 Rob:
884 4845 1297 4930 Stephanuan
1345 4845 1640 4908 Fu'ketiano
1671 4865 1724 4930 et
1757 4854 1858 4907 Sa-

297 4921 486 4974 viliauo
541 4922 734 4990 legitur
762 4923 865 4987 ἕως
902 4923 1011 4995 γὰρ
1057 4926 1237 4996 ἦπιος,
1273 4936 1402 4989 ete.,
1431 4939 1592 4991 quam
1625 4925 1854 4992 scriptu-

301 5003 403 5067 ram
433 5001 651 5045 secutus
683 5003 764 5046 est
796 4997 1362 5063 Christophorsonus,
1412 5008 1469 5048 ut
1506 5009 1567 5048 ex
1606 4997 1855 5048 versione

299 5071 405 5126 ενδ
432 5070 672 5128 apparet.

366 5131 1084 5204 (15)-οὺδζοίηλεχθέντες
1133 5134 1483 5204 ἀναφανδὸν
1518 5132 1854 5202 Χριστιανοὶ

301 5199 956 5278 τεςιονέναιζΡιιὶιξρριιιη
1003 5199 1713 5278 imperatorettrintelligit,
1762 5205 1852 5272 qui

301 5272 498 5348 primus
522 5288 589 5326 ex
621 5272 880 5348 Romanis
918 5275 1339 5348 imperatoribus
1369 5275 1852 5348 Cliristiailani_i-_e-

300 5336 542 5412 ligionem
571 5341 842 5409 professus
865 5336 1073 5408 esl,'ut
1123 5344 1276 5398 multi
1326 5354 1567 5398 veterum
1613 5344 1853 5412 prodide-

302 5419 437 5462 runt.
469 5411 729 5484 _Se_drcum
763 5412 1052 5484 Dionysius
1084 5415 1136 5468 in
1164 5413 1357 5482 plurali
1396 5409 1625 5468 numero
1658 5409 1850 5481 loqua-

305 5486 440 5561 tura
469 5479 706 5561 Philippo
748 5479 962 5561 adjun'gi
1007 5479 1192 5561 potest
1226 5485 1546 5561 _Alexam_ler
1594 5479 1849 5550 Severus,

303 5552 387 5619 qui
428 5552 709 5619 imaginem
756 5553 960 5607 Christi
1007 5555 1197 5608 habuit
1226 5553 1279 5606 in
1313 5555 1510 5608 larario
1551 5570 1672 5616 suo,
1716 5562 1852 5608 teste

305 5613 637 5695 Lampridio;
665 5632 720 5675 et
761 5632 870 5677 toto
899 5625 1240 5692 principatus
1289 5613 1852 5695 sui’rtempore‘Cln-i-

305 5689 502 5742 stiauos
534 5688 664 5745 fovit
690 5699 746 5744 et
777 5688 1148 5756 conservavit,
1182 5703 1239 5745 ut
1270 5694 1337 5746 ab
1369 5688 1596 5747 Eusebio
1625 5693 1848 5747 relatum

307 5768 382 5812 est
411 5773 590 5830 supra.
635 5761 804 5819 Porro
854 5775 1032 5820 autem
1068 5763 1361 5820 notandum
1393 5774 1504 5833 est,
1540 5765 1850 5836 Dionysium

1948 3326 2014 3378 de
2042 3322 2453 3390 imperatoribus
2483 3320 2590 3374 illis
2613 3320 2967 3390 lioctantuin
2995 3316 3178 3370 dicere
3205 3354 3220 3379 ,
3263 3313 3402 3384 quod
3432 3313 3514 3390 di-_

1949 3398 2019 3448 cti
2051 3385 2420 3446 et'cxistimati
2451 3391 2646 3444 fuerint
2678 3389 2995 3453 Christiani,
3029 3403 3132 3442 non
3163 3394 3340 3440 autem
3371 3385 3515 3454 quod

1951 3466 2125 3530 reipsa
2163 3461 2462 3516 Christiani
2495 3461 2824 3515 exstiterint.

2019 3523 2068 3602 (1
2079 3533 2132 3601 ιι)
2176 3531 2295 3586 Τῶν
2313 3531 2412 3584 ἀπ’
2437 3532 2760 3602 Αὶγιίνεττοι)⁸
2773 3527 2987 3602 inira»:
2998 3523 3514 3602 ᾀρχισιθνὰγωγος.

1949 3596 2210 3656 Barouius
2243 3605 2306 3653 ad
2345 3619 2474 3654 anu.
2513 3596 2710 3654 Christi
2737 3599 2844 3652 252
2868 3596 2930 3652 et
2959 3596 3064 3650 258
3084 3596 3168 3651 ait
3205 3598 3347 3649 hunc
3389 3609 3512 3648 esse

1954 3688 2162 3740 magmn
2198 3673 2341 3723 illum
2371 3671 2460 3738 qui
2490 3673 2646 3739 paulo
2674 3679 2797 3740 ante
2827 3670 3107 3740 imperium
3147 3667 3296 3740 Decii
3328 3680 3497 3740 popu-

1950 3733 2069 3795 ιιιιιῖ
2106 3733 2587 3794 Alexandri-norum
2637 3739 2702 3791 ad
2732 3733 3132 3806 persequendos
3172 3733 3514 3806 Christianos

1952 3813 2304 3872 incitaverat,
2338 3813 2402 3862 de
2425 3825 2530 3875 quo
2567 3805 2802 3877 loquitur
2839 3807 3125 3876 Dionysius
3165 3805 3305 3877 apud
3335 3805 3507 3877 Euse—

1952 3883 2096 3937 bium
2127 3880 2286 3933 iulih.
2311 3895 2383 3943 vi,
2421 3873 2540 3944 cap.
2561 3873 2793 3945 ML'Ego
2828 3891 2956 3930 vero
2978 3873 3132 3930 'hunc
3169 3873 3324 3945 longe
3349 3873 3512 3945 alium

1953 3967 2072 4006 esse
2086 3951 2354 4014 existimo,
2375 3950 2461 4014 qui
2485 3943 2824 4002 Valerianum
2845 3943 3516 4014 imp.adversusChristia—

1957 4037 2054 4074 nos
2087 4022 2376 4072 commovit
2409 4036 2422 4071 :
2459 4018 2785 4072 Macrianum
2812 4016 3040 4078 scilicet,
3070 4031 3191 4069 emn
3214 4016 3304 4082 qui
3328 4023 3512 4080 poswa

1959 4091 2238 4158 imperimn
2267 4090 2582 4156 occupavit,
2631 4089 2696 4140 de
2732 4101 2838 4153 quo
2889 4085 3028 4138 infra
3076 4085 3270 4158 dicturi
3305 4099 3512 4158 sumus,

1966 4153 2126 4228 idque
2157 4153 2436 4211 manifeste
2459 4158 2795 4228 convincitur
2818 4171 2896 4228 ex
2925 4154 3270 4228 seqttentibus
3319 4153 3517 4228 Diony-

1965 4222 2266 4284 sii'verbis.
2321 4229 2511 4281 Suhdit
2563 4227 2704 4280 enim
2746 4224 2884 4278 καλὰ
2946 4223 3076 4293 γοῦν
3118 4224 3296 4286 αὐτοῖς
3333 4225 3361 4276 ὁ
3397 4222 3511 4274 Μα-

1966 4297 2205 4370 κριανός,
2255 4307 2411 4370 ειοη
2441 4297 2672 4370 innitens
2709 4297 2945 4370 scilicet,
3002 4311 3124 4348 eum
3161 4310 3318 4361 quem
3355 4308 3515 4358 supra

1968 4366 2284 4436 magistrum
2324 4367 2589 4421 Valeriani
2617 4375 2672 4436 et
2706 4366 3204 4436 archisyuagogutn
3237 4377 3514 4436 magorum

1965 4433 2366 4506 appellaverat,
2421 4453 2527 4490 non
2580 4435 2742 4506 alium
2787 4433 2906 4506 esse
2951 4449 3114 4506 quam
3159 4433 3514 4506 Macrianum.

1961 4502 2219 4572 E't'paulo
2269 4516 2388 4575 post
2433 4507 2578 4558 addit
2611 4523 2626 4558 :
2671 4504 2728 4575 Ὀ
2774 4505 2871 4574 μὲν
2904 4503 3012 4574 γὰρ
3045 4502 3403 4575 Οὐαλεριανος
3438 4502 3518 4564 εἰς

1958 4578 2126 4632 ταῦτα
2147 4577 2251 4632 ὑπὸ
2269 4573 2472 4629 -τούτου
2496 4573 2807 4645 προαχθείς,
2829 4585 2932 4627 etc.
2955 4573 3091 4645 Quid
3118 4573 3294 4645 potest
3317 4573 3518 4645 clarius

1959 4650 2104 4701 dici?
2136 4648 2265 4700 Tota
2301 4647 2442 4700 enim
2477 4642 2932 4714 lmjus"orationis
2966 4644 3136 4714 series
3185 4642 3237 4714 id
3293 4643 3522 4714 apertis-

1958 4720 2093 4771 sime
2167 4712 2926 4777 den’ionstrat,_‘hlacrianum
3004 4713 3163 4780 hujus
3227 4712 3520 4778 impietatis

1958 4798 2230 4840 auctorem
2285 4786 2454 4839 fuisse
2523 4783 2808 4838 Valeriano
2855 4799 2870 4836 :
2914 4785 3006 4851 qui
3061 4800 3182 4836 eum
3242 4781 3518 4833 Valeriani

1957 4860 2108 4925 quasi
2137 4857 2456 4924 patdagoigus
2485 4871 2547 4909 ac
2573 4853 2823 4925 magister
2847 4857 3059 4921 quidem
3081 4862 3244 4925 esset,
3275 4851 3523 4925 pessimis

1956 4921 2197 4980 consiliis
2243 4921 2310 4979 ei'
2339 4921 2802 4988 sitbtttinistratis,
2863 4925 3035 4992 primo
3075 4923 3289 4992 quidem
3339 4921 3520 4992 illum,

1957 4997 2152 5050 deinde
2175 5011 2301 5049 vero
2329 4996 2683 5062 semetipsum
2707 4990 2960 5060 perdidit.
2992 4992 3162 5062 Porro
3189 4990 3518 5044 Macrianum

1955 5065 2252 5135 adjutorem
2279 5081 2341 5119 ac
2369 5060 2684 5133 ttiagistrtttii
2713 5062 2981 5135 Valeriani
3007 5060 3173 5135 fuisse
3205 5063 3258 5114 in
3291 5062 3524 5135 gerenda

1957 5131 2226 5203 republica
2277 5131 2508 5189 testatur
2559 5136 2672 5202 ipse
2721 5133 3038 5203 Valerianus
3086 5134 3138 5203 in
3171 5133 3423 5203 oratione
3456 5131 3522 5183 ad

1954 5200 2221 5275 senatum,
2248 5222 2408 5275 quam
2440 5200 2602 5258 refert
2621 5203 2787 5258 l’ollio
2808 5222 2822 5258 :
2844 5205 2908 5275 Ρ.
2929 5202 3012 5268 C.,
3041 5200 3526 5275 belluml’ersicum

1953 5293 2136 5343 gerens
2170 5273 2446 5328 Macriano
2479 5285 2647 5343 totum
2670 5273 3052 5343 rempublicam
3071 5273 3293 5326 tradidi.

2026 5344 2136 5414 (15)
2177 5342 2698 5414 Ἀρχισυνάγιυγος.
2724 5339 3002 5414 Habebam
3025 5341 3212 5414 Judaei
3245 5339 3528 5409 archisyn-

1954 5412 2172 5485 agogOS,
2211 5412 2301 5483 qui
2328 5412 2615 5484 synagOgis
2647 5413 3027 5484 praesidebant.
3050 5412 3528 5485 Archisynagogus

1953 5481 2265 5538 Judt'eorutn
2347 5481 2688 5538 Alexandria:
2769 5494 3103 5536 memoratur
3159 5483 3211 5536 in
3253 5481 3520 5549 ’epistola

1953 5556 2176 5608 Adriani
2225 5560 2354 5623 imp.
2385 5555 2450 5618 ad
2491 5555 2832 5613 Servianum,
2862 5568 3021 5619 quam
3053 5555 3220 5606 refert
3251 5549 3520 5618 Vopiscus

1955 5627 2005 5678 in
2043 5625 2352 5676 Saturnino.
2385 5624 2590 5678 Prretcr
2633 5623 3092 5692 archisynagogos
3135 5631 3290 5677 erant
3348 5623 3515 5674 etiam

1952 5694 2090 5763 apud
2121 5694 2330 5749 Judaeos
2357 5694 2570 5762 quidam
2600 5705 2782 5761 patres
2808 5707 3200 5763 synagogarum
3229 5734 3243 5759 ,
3272 5693 3395 5743 item
3429 5709 3514 5743 sa-

1953 5767 2200 5820 cerdotes
2243 5776 2293 5820 et
2346 5765 2684 5837 presbyteri,
2725 5773 2789 5833 et
2816 5765 3032 5837 diaconi
3081 5776 3502 5835 synagogarum,
