3928 6252
228 352 330 408 6ϋὸ

1223 350 1569 407 HISTORIAS
1602 347 2165 406 ECCLESIASTICIE
2205 347 2334 406 LIB.
2381 349 2492 405 VII.

3374 348 3477 407 666

227 468 323 539 τὴν
366 468 647 540 βασιλείαν
672 470 1017 542 προσκυνεῖν,
1051 468 1401 523 ἐπιλαθέσθαι
1427 486 1485 522 τε
1514 467 1621 521 τῶν
1661 466 1803 539 παρὰ

1914 472 2121 526 biscum
2156 470 2384 527 disserui
2417 470 2482 525 de
2541 467 2875 523 humanitate
2909 465 3209 534 principum
3265 477 3478 521 nostro-

229 565 407 634 φύσιν.
450 564 519 616 Τί
571 559 662 616 οὖν
719 578 854 630 φατε
902 561 1039 633 πρὸς
1088 562 1294 627 ταῦτα;
1339 562 1471 615 Οὐδὲ
1520 562 1629 634 γὰρ
1673 563 1806 631 ἀχα-

229 657 442 731 ρίστους
470 656 623 727 ὑμᾶς
645 653 858 709 ἔσεσθαι
889 655 1012 725 περὶ
1062 655 1159 725 τὴν
1195 653 1601 725 φιλανθρωπίαν
1628 654 1806 708 αὐτῶν

229 746 513 819 προσδοκῶ
536 786 551 810 ,
586 744 880 815 ἐπειδήπερ
922 745 1014 797 ἐπὶ
1052 744 1120 797 τὰ
1163 744 1355 814 βελτίω
1390 745 1532 815 ὑμᾶς
1575 743 1805 815 προτρέ-

229 857 435 893 πονται.
500 836 780 899 Διονύσιος
828 835 1194 907 ἀπεκρίνατο·
1235 837 1309 889 Οὐ
1368 837 1566 899 πάντες
1601 836 1807 900 πάντας

230 929 599 1003 προσκυνοῦσι
648 926 822 993 θεοὺς,
865 927 980 980 ἀλλ’
1024 927 1243 982 ἕκαστοί
1290 944 1461 991 τινας,
1508 928 1602 991 οὓς
1653 926 1806 998 νομί-

230 1024 424 1089 ζουσιν.
471 1021 670 1091 Ἡμεῖς
713 1019 893 1072 τοίνυν
919 1019 1009 1072 τὸν
1051 1019 1145 1071 ἕνα
1183 1018 1314 1073 Θεὸν
1346 1019 1438 1073 καὶ
1470 1018 1807 1091 Δημιουργὸν

227 1114 332 1168 τῶν
380 1113 665 1175 ἁπάντων,
699 1111 791 1165 τὸν
831 1110 925 1164 καὶ
962 1109 1058 1181 τὴν
1102 1110 1379 1182 βασιλείαν
1414 1096 1806 1183 ἐγχειρήσαντα

228 1209 334 1268 τοῖς
374 1203 817 1272 θεοφιλεστάτοις
866 1201 1213 1273 Οὐαλεριανῷ
1262 1203 1356 1257 καὶ
1399 1201 1675 1274 Γαλλιηνῷ
1714 1218 1805 1254 σε-

231 1298 462 1360 ϐαστοῖς,
496 1294 691 1348 τοῦτον
724 1295 819 1348 καὶ
851 1293 1079 1364 σέϐομεν
1113 1295 1206 1349 καὶ
1240 1293 1669 1367 προσκυνοῦμεν,
1714 1294 1807 1347 κα)⁸

229 1390 393 1460 τυύτῳ
422 1388 694 1461 διηνεκῶς
715 1389 852 1461 ὑπὲρ
884 1390 982 1459 τῆς
1009 1386 1285 1457 βασιλείας
1306 1388 1486 1441 αὐτῶν
1505 1388 1654 1451 ὅπως
1681 1387 1808 1441 ἀσά-

230 1483 405 1545 λευτος
424 1481 684 1553 διαμένῃ,
710 1478 1142 1549 προσευχόμεθα.
1162 1478 1475 1550 Αἰμιλιανὸς
1491 1478 1689 1534 διέπων
1710 1476 1806 1549 τὴν

228 1573 540 1647 ⁴ἡγεμονίαν,
590 1574 774 1634 αὐτοῖς
808 1568 958 1625 εἶπεν
995 1572 1091 1636 Τίς
1135 1570 1244 1642 γὰρ
1297 1572 1441 1642 ὑμᾶς
1480 1569 1678 1624 κωλύει
1709 1570 1805 1623 καὶ

230 1671 406 1723 τοῦτον
446 1668 611 1739 εἴπερ
644 1668 762 1720 ἐστὶ
792 1667 946 1731 Θεὸς,
998 1666 1135 1737 μετά
1166 1665 1272 1719 τῶν
1305 1664 1445 1720 κατὰ
1478 1664 1637 1734 φύσιν
1671 1663 1807 1719 θεῶν

230 1763 582 1834 προσκυνεῖν;
612 1760 770 1823 Θεοὺς
792 1759 901 1831 γὰρ
928 1759 1103 1813 σέϐειν
1132 1758 1507 1828 ἐκελεύσθητε,
1538 1758 1631 1812 καὶ
1653 1757 1806 1820 θεοὺς

230 1856 317 1920 οὓς
350 1855 550 1918 πάντες
588 1853 757 1906 ἴσασι.
791 1852 1065 1915 Διονύσιος
1098 1851 1457 1922 ἁπεκρίνατο*
1501 1850 1688 1921 Ἡμεῖς
1716 1850 1805 1903 οὐ-

230 1949 345 2003 δένα
388 1949 576 2019 ἕτερον
627 1944 1054 2019 προσκυνοῦμεν.
1100 1944 1410 2016 Αἰμιλιανὸς
1458 1943 1657 1998 διέπων
1708 1944 1806 2016 τὴν

233 2041 536 2112 ἡγεμονίαν,
586 2042 773 2104 αὐτοῖς
806 2035 988 2092 εἶπενο
1034 2038 1172 2110 Ὀρῶ
1208 2038 1353 2108 ὑμᾶς
1384 2036 1519 2107 ὁμοῦ
1552 2038 1644 2093 καὶ
1680 2038 1809 2108 ἀχα-

236 2135 431 2207 ρίστους
461 2134 625 2197 ὄντας
666 2134 760 2185 καὶ
804 2132 1163 2202 ἀναισθήτους
1208 2131 1305 2202 τῆς
1354 2132 1654 2202 πραότητος
1698 2130 1806 2183 τῶν

236 2225 497 2279 σεϐαστῶν
546 2226 660 2295 (55)
698 2223 871 2295 ἡμῶν.
918 2224 1117 2294 Διόπερ
1152 2223 1251 2275 οὐκ
1296 2221 1487 2275 ἔσεσθε
1520 2226 1579 2277 ἐν
1608 2225 1674 2293 τῇ
1710 2222 1805 2275 πό-

233 2317 304 2369 λει
334 2317 521 2388 ταύτῃ.
581 2316 747 2370 Ἀλλὰ
790 2316 1233 2387 άποσταλήσεσθε
1278 2318 1358 2380 εἰς
1403 2315 1470 2369 τὰ
1521 2315 1659 2386 μέρη
1710 2316 1805 2386 τῆς

236 2408 445 2479 Λιϐύης,
479 2410 573 2463 καὶ
603 2411 664 2461 ἐν
698 2409 845 2479 τόπῳ
882 2408 1160 2479 λεγομένῳ
1190 2406 1428 2479 Κεφρώ·
1472 2404 1661 2459 τοῦτον
1698 2406 1805 2478 γὰρ

172 2574 173 2577 η
234 2501 313 2554 τὸν
342 2501 501 2555 τόπον
534 2500 872 2572 ἐξελεξάμην
903 2503 967 2554 ἐκ
999 2501 1096 2571 τῆς
1143 2499 1443 2563 κελεύσεως
1486 2499 1595 2553 τῶν
1640 2498 1803 2551 σεϐα-

238 2593 363 2646 στῶν
394 2594 569 2664 ἡμῶν.
607 2593 876 2663 Οὐδαμῶς
912 2593 969 2647 δὲ
1001 2592 1213 2657 ἐξέσται
1244 2590 1367 2645 οὐτε
1399 2591 1527 2661 ὑμῖν
1559 2589 1679 2644 οὐτε
1707 2589 1803 2643 ἄλ-

236 2685 335 2749 λοις
362 2687 519 2751 τισὶν,
548 2686 581 2757 ἢ
618 2686 871 2749 συνόδους
906 2684 1193 2748 ποιεῖσθαι,
1231 2685 1264 2757 ἢ
1302 2686 1381 2747 εἰς
1404 2682 1473 2736 τὰ
1499 2674 1805 2752 καλούμενα

238 2780 547 2850 κοιμητήρια
579 2778 694 2851 (54)
723 2778 967 2832 εἰσιέναι.
1006 2778 1067 2830 Εἰ
1099 2777 1155 2829 δέ
1188 2794 1271 2839 τις
1305 2775 1494 2847 φανείη
1541 2775 1614 2846 μὴ
1648 2774 1804 2843 γενό-

242 2886 385 2937 μενος
409 2872 486 2934 εἰς
508 2870 601 2923 τὸν
636 2871 800 2923 τόπον
830 2869 1020 2923 τοῦτον
1059 2870 1117 2923 ὃν
1146 2869 1429 2933 ἐκέλευσα,
1463 2871 1495 2941 ἢ
1544 2871 1600 2922 ἐν
1641 2885 1803 2923 συνα-

238 2964 377 3032 γωγῇ
414 2980 516 3015 τινι
560 2962 838 3034 εὑρεθείη,
878 2961 1055 3032 ἐαυτῷ
1085 2962 1176 3015 τὸν
1208 2962 1449 3016 κίνδυνον
1482 2962 1802 3033 ἐπαρτήσει.

246 3054 312 3105 Uti
342 3055 445 3125 γὰρ
473 3055 747 3124 ἐπιλείψει
788 3057 822 3126 ἡ
860 3055 1055 3109 δέουσα
1086 3054 1459 3126 ἐπιστρέφεια.
1509 3055 1803 3125 Ἀταόστητε

240 3139 322 3197 οὖν
339 3145 460 3198 ὅπου
480 3145 859 3218 ἐκελεύσθητε.
876 3175 946 3186 —-
961 3147 1073 3201 Καὶ
1088 3145 1343 3200 νοσοῦντα
1372 3147 1429 3200 δέ
1458 3164 1523 3217 με
1540 3148 1751 3218 κατήπε
1761 3165 1804 3198 ι-

243 3231 339 3298 ξεν,
374 3236 490 3289 οὐδὲ
533 3239 665 3306 μιᾶς
709 3237 1003 3308 ὑπέρθεσιν
1045 3237 1170 3301 δοὺς
1216 3238 1452 3309 ἡμέρας.
1502 3238 1667 3292 Ποίαν
1708 3235 1802 3293 οὐν

244 3326 313 3379 ἔτι
342 3328 443 3399 (55)
469 3329 561 3382 τοῦ
596 3330 853 3399 συνάγειν
879 3329 912 3401 ἢ
947 3330 1021 3401 μὴ
1053 3329 1302 3399 συνάγειν
1333 3328 1477 3400 εἶχον
1507 3330 1738 3401 σχολήν;
1778 3352 1798 3384 ι

244 3416 361 3473 Εἶτα
393 3422 505 3492 μεθ’
543 3422 712 3495 ἕτερά
756 3440 938 3495 φησιν·
991 3442 1010 3475 ι
1062 3422 1198 3477 Ἀλλ’
1233 3423 1352 3475 οὐδὲ
1399 3423 1501 3493 τῆς
1542 3425 1804 3495 αἰσθητῆς

246 3512 385 3580 ἡμεῖς
413 3514 543 3584 μετὰ
565 3515 661 3568 τοῦ
695 3515 898 3586 Κυρίου
930 3514 1251 3585 συναγωγῆς
1274 3516 1605 3588 ἀπέστημεν.
1647 3517 1805 3571 Ἀλλὰ

246 3605 355 3667 τοὺς
384 3606 475 3675 μὲν
502 3608 558 3659 ἐν
596 3610 665 3678 τῇ
697 3607 847 3659 πόλει
881 3607 1295 3679 σπουδαιότερον
1332 3609 1689 3679 συνεκρότουν
1728 3610 1804 3673 ὡς

251 3695 599 3765 συνὼννάπὼν
638 3699 740 3771 μὲν
772 3699 847 3769 τῷ
879 3698 1109 3769 σώματι,
1141 3700 1215 3764 ὡς
1248 3702 1420 3754 εἰπεῖν
1452 3701 1584 3772 (56),
1618 3700 1804 3770 παρὼν

248 3786 296 3839 δὲ
320 3788 388 3858 τῷ
416 3790 704 3861 πνεύματι.
748 3791 835 3843 Ἐν
855 3790 913 3843 δὲ
936 3793 1000 3862 τῇ
1023 3793 1251 3863 Κεφροῖ,
1284 3792 1377 3845 καὶ
1406 3792 1574 3863 πολλὴ
1608 3810 1805 3846 συνεπ-

253 3878 491 3951 ιδήμησεν
532 3885 666 3953 ἡμῖν
714 3882 997 3953 ἐκκλησία,
1038 3883 1145 3936 τῶν
1189 3885 1284 3953 μὲν
1312 3883 1420 3938 ἀπὸ
1448 3885 1548 3955 τῆς
1598 3884 1804 3951 πόλεως

251 3968 466 4039 ἀδελφῶν
499 3976 801 4046 ἑπομένων,
836 3974 943 4029 τῶν
975 3976 1031 4028 δὲ
1076 3976 1340 4029 συνόνιων
1380 3978 1473 4030 ἀπ’
1504 3976 1800 4047 Αἰγύπτου.

254 4061 407 4116 Κάκεῖ
442 4064 605 4135 θύραν
636 4069 769 4137 ἡμῖν
800 4070 827 4121 ό
859 4068 989 4131 Θεὸς
1020 4066 1223 4136 ἀνέῳξε
1253 4068 1346 4120 τοῦ
1380 4068 1558 4137 λόγου.
1595 4068 1704 4122 Καὶ
1743 4068 1804 4122 τὸ

259 4152 343 4219 μὲν
366 4156 568 4226 πρῶτον
596 4158 953 4229 ἐδιώχθημεν,
987 4159 1461 4230 ἐλιθοϐολήθημεν,
1495 4159 1721 4234 ὕστερον
1748 4160 1803 4215 δέ

256 4259 377 4309 τινες
406 4248 497 4302 οὐκ
524 4250 692 4319 ὀλίγοι
722 4250 827 4304 τῶν
868 4251 1035 4305 ἐθνῶν
1064 4251 1132 4305 τὰ
1168 4251 1359 4305 εἴδωλα
1390 4253 1800 4318 καταλιπόντες,

258 4336 565 4408 ἐπέστρεψαν
598 4343 695 4394 ἐπὶ
719 4342 809 4394 τὸν
843 4343 991 4397 Θεόν.
1030 4344 1103 4397 Οὐ
1140 4346 1403 4417 πρότερον
1434 4344 1541 4416 γὰρ
1569 4346 1805 4417 παραδε-

261 4424 483 4497 ξαμένοις
510 4434 711 4496 αὐτοῖς.
748 4434 868 4487 τότε
902 4435 1119 4507 πρῶτον
1166 4436 1233 4489 δι’
1264 4436 1419 4507 ἡμῶν
1450 4440 1478 4490 ὁ
1512 4437 1666 4507 λόγος
1708 4441 1803 4492 ἐπ-

1908 579 2047 629 rum,
2079 579 2181 634 qua
2212 564 2286 618 illi
2314 579 2441 633 erga
2473 577 2568 616 vos
2594 571 2839 614 utuntur.
2871 557 3037 613 Vobis
3069 561 3213 613 enim
3239 569 3479 627 potesta-

1909 664 2015 707 tem
2047 653 2292 708 iecerunt
2349 653 2540 707 salutis
2575 662 2766 707 vestrae
2825 650 3139 713 retinendae.
3185 652 3477 706 dummodo

1908 748 1972 801 ad
2001 746 2053 800 id
2087 746 2226 817 quod
2264 755 2471 800 naturae
2495 755 2917 799 consentaneum
2946 753 3027 798 est
3059 743 3209 809 ferri,
3238 744 3477 814 deosque

1907 838 2114 909 imperii
2144 839 2353 893 illorunt
2389 837 2637 892 custodes
2670 839 2918 900 adorare,
2944 844 2997 890 et
3026 850 3212 889 eorum
3234 850 3353 904 quae
3377 852 3476 890 na-

1908 939 2043 985 tura:
2075 930 2176 999 ipsi
2209 940 2510 1000 repugnant
2536 928 2780 984 oblivisci
2818 927 3051 982 velletis.
3085 927 3221 993 Quid
3249 942 3378 997 ergo
3408 929 3475 983 ad

1908 1023 2022 1079 haec
2052 1022 2279 1079 dicitis?
2327 1022 2515 1091 Neque
2563 1023 2707 1077 enim
2757 1036 2854 1076 vos
2897 1021 3109 1090 ingrato
3143 1019 3326 1074 animo
3360 1018 3476 1074 fore

1908 1131 2071 1187 spero
2104 1118 2368 1173 adversus
2397 1131 2583 1171 eorum
2619 1114 2989 1177 clementiam,
3024 1113 3224 1183 quippe
3259 1126 3378 1166 cum
3409 1112 3475 1165 ad

1909 1208 2129 1264 meliora
2160 1224 2256 1264 vos
2287 1210 2573 1264 traducere
2598 1216 2883 1263 conentur.
2928 1205 3220 1275 Dionysius
3257 1218 3478 1273 respon-

1907 1296 1985 1349 dit
2017 1314 2031 1350 :
2058 1293 2177 1350 Non
2228 1311 2416 1351 omnes
2444 1296 2511 1351 ab
2545 1295 2796 1351 omnibus
2833 1294 3087 1350 coluntur
3114 1294 3210 1359 dii,
3259 1294 3351 1347 scd
3384 1307 3478 1347 eos

1907 1384 2101 1456 singuli
2137 1386 2324 1441 colunt
2347 1402 2482 1456 quos
2517 1386 2857 1441 arbitrantur
2906 1385 3058 1439 deos.
3092 1382 3202 1437 Nos
3254 1382 3475 1451 quidem

1906 1494 2068 1532 unum
2103 1479 2270 1532 Deum
2317 1479 2558 1534 omnium
2595 1494 2775 1533 rerum
2827 1480 3079 1549 opiﬁcem
3108 1519 3123 1545 ,
3167 1481 3261 1549 qui
3315 1478 3475 1534 Vale-

1906 1572 2065 1627 riano
2093 1571 2420 1627 etGalIieno
2459 1573 2847 1628 sacratissimis
2876 1571 3136 1645 Augustis
3191 1573 3475 1643 imperium

1909 1664 2150 1726 tradidit,
2175 1663 2399 1719 colimus
2420 1673 2475 1719 et
2496 1664 2804 1719 adoramus.
2824 1662 2959 1720 Huic
2982 1666 3265 1720 continuas
3287 1678 3477 1733 preces

1906 1756 2187 1811 oﬂ'erimus
2217 1773 2313 1827 pro
2342 1758 2571 1827 imperio
2602 1756 2840 1822 illorum,
2890 1766 2950 1811 ut
2974 1758 3169 1813 stabile
3199 1768 3254 1813 et
3283 1758 3475 1814 incun-

1907 1865 2123 1905 cussum
2154 1860 2486 1920 permaneat.
2512 1849 2842 1907 Emilianus
2868 1850 3152 1917 praefectus
3177 1850 3370 1905 iterum
3395 1853 3479 1907 di-

1908 1943 1987 1998 xit
2017 1960 2032 1998 :
2066 1942 2198 2009 Quis
2228 1958 2355 1997 vero
2382 1958 2476 1998 vos
2503 1942 2777 2011 prohibet,
2811 1943 3106 2012 quominus
3143 1951 3200 1997 et
3237 1943 3397 2005 hunc,
3429 1944 3477 1997 si

1906 2036 2122 2104 quidem
2154 2035 2294 2091 Deus
2340 2044 2445 2101 est,
2478 2050 2601 2089 cum
2635 2035 2700 2090 iis
2730 2034 2821 2104 qui
2854 2044 3047 2089 natura
3088 2035 3159 2089 dii
3212 2044 3338 2089 sunt
3385 2035 3480 2088 ad-

1905 2129 2110 2185 oretis?
2138 2127 2279 2185 Deos
2314 2128 2460 2184 enim
2488 2128 2671 2183 colere
2702 2128 2835 2199 jussi
2886 2128 3041 2194 estis,
3092 2142 3295 2199 eosque
3343 2142 3480 2198 quos

1905 2224 2090 2277 cuncti
2121 2231 2320 2278 norunt
2357 2224 2506 2278 deos.
2532 2224 2822 2295 Dionysius
2850 2224 3171 2293 respondit:
3208 2222 3317 2278 Nos
3358 2222 3478 2277 nul-

1905 2315 2015 2370 lum
2046 2316 2209 2370 alium
2234 2318 2544 2371 adoramus.
2573 2316 2907 2372 1Emiliauus
2957 2316 3247 2386 praefectus
3293 2316 3472 2377 dixit;

1910 2408 2077 2463 Video
2100 2424 2194 2463 vos
2217 2409 2459 2479 ingratos
2487 2424 2609 2465 esse
2643 2410 2801 2464 simul
2831 2425 2895 2463 ac
2918 2409 3182 2477 stupidos,
3232 2409 3323 2477 qui
3365 2407 3476 2462 cle-

1906 2501 2171 2556 mentiam
2218 2502 2585 2572 Augustorum
2625 2501 2845 2556 minime
2892 2503 3159 2558 sentiatis.
3204 2502 3479 2568 Quamob-

1904 2607 2019 2647 rem
2051 2607 2157 2646 non
2186 2592 2477 2648 manebitis
2502 2595 2556 2647 in
2583 2594 2684 2648 hac
2712 2594 2880 2660 urbe,
2937 2595 3032 2649 sed
3083 2594 3371 2648 mittemini
3421 2594 3476 2649 in

1904 2692 2089 2752 partes
2120 2682 2304 2753 Libya:
2332 2684 2398 2738 ad
2430 2684 2607 2739 locum
2639 2686 2731 2754 qui
2779 2685 2980 2740 dicitur
3027 2684 3262 2755 Cephro.
3321 2684 3479 2743 Hunc

1904 2776 2049 2829 enim
2106 2774 2283 2829 locum
2313 2776 2466 2844 jussu
2522 2777 2889 2847 Augustorum
2939 2787 3249 2832 nostrorum
3315 2778 3474 2848 elegi.

1906 2865 2223 2923 Nullatenus
2261 2876 2441 2923 autem
2474 2868 2663 2924 licebit
2711 2868 2868 2924 vobis
2918 2885 3017 2923 nec
3066 2869 3479 2939 quibuscunque

1907 2960 2052 3023 aliis,
2084 2970 2385 3016 conventus
2408 2975 2593 3031 agere,
2621 2970 2716 3017 aut
2743 2976 2806 3016 ea
2832 2976 2951 3031 quae
2982 2972 3246 3016 vocantur
3273 2977 3480 3018 cmme-

1909 3053 2045 3108 teria
2080 3052 2253 3109 adire.
2284 3052 2435 3121 Quod
2462 3054 2505 3108 si
2532 3055 2655 3124 quis
2679 3055 2746 3109 ad
2778 3070 2901 3109 eum
2931 3044 3095 3123 quem
3126 3053 3262 3122 jussi
3302 3052 3478 3108 locmn

1830 3175 1873 3236 ο
1912 3145 2131 3200 minime
2155 3146 2431 3215 prolectus
2470 3147 2928 3216 deprehendetur,
2959 3154 3051 3201 aut
3103 3149 3156 3200 in
3209 3154 3479 3202 conventu

1906 3238 2089 3307 aliquo
2116 3239 2280 3293 fuerit
2308 3240 2579 3304 inventus,
2617 3240 2664 3295 is
2694 3240 2800 3295 sibi
2832 3240 2946 3308 ipse
2971 3241 3269 3310 periculum
3300 3255 3481 3294 arces-

1906 3338 2009 3383 set.
2037 3327 2152 3384 Non
2182 3330 2328 3385 enim
2359 3330 2534 3385 deerit
2567 3345 2805 3402 congrua
2831 3331 3257 3387 animadversio.
3280 3332 3479 3387 Absce-

1906 3422 2019 3478 dite
2052 3422 2219 3493 igitur
2241 3423 2503 3492 quojussi
2544 3423 2698 3478 estis.
2731 3424 3127 3493 ——Statimque
3154 3439 3240 3478 me
3268 3427 3479 3481 tametsi

1904 3525 2258 3585 tegrotantem
2324 3516 2602 3584 proﬁcisci
2664 3517 2940 3587 compulit,
2977 3532 3046 3571 ne
3095 3516 3199 3571 dici
3253 3516 3476 3587 quidem

1908 3608 2067 3662 unius
2121 3607 2375 3663 dilatione
2430 3622 2711 3663 concessa.
2770 3608 3051 3674 Quomodo
3112 3607 3278 3677 igitur
3352 3621 3483 3661 con-

1907 3710 2098 3754 ventus
2149 3714 2309 3769 agere
2359 3710 2451 3754 aut
2497 3716 2601 3755 non
2646 3716 2809 3769 agere
2859 3718 3084 3757 vacuum
3148 3703 3279 3757 mihi
3324 3702 3482 3757 dein-

1906 3806 2034 3860 ccps
2085 3793 2234 3847 fuit?
2302 3811 2321 3844 ι
2386 3792 2582 3847 Paucis
2644 3795 2839 3849 deinde
2917 3793 3478 3864 interjectis,addit:

1906 3882 2071 3953 259
2102 3903 2119 3934 ι
2150 3883 2254 3937 Sed
2282 3899 2493 3952 nequea
2514 3884 2777 3953 corporali
2814 3896 3099 3951 conventu,
3133 3886 3358 3942 Domino
3391 3887 3482 3955 ju-

1905 3987 2088 4039 vante,
2119 3975 2415 4031 abfuimus.
2449 3974 2645 4030 Verum
2668 3992 2764 4031 eos
2797 3979 2887 4046 qui
2914 3978 2965 4030 in
2998 3978 3132 4033 urbe
3163 3990 3340 4043 erant,
3382 3994 3481 4050 pe-

1907 4070 2063 4125 rinde
2089 4084 2152 4123 ac
2172 4069 2216 4124 si
2239 4068 2506 4131 adessem,
2534 4068 2736 4137 majore
2761 4069 2941 4123 studio
2958 4071 3281 4140 congregavi
3310 4072 3361 4125 in
3389 4087 3481 4126 ec-

1906 4161 2161 4227 clesiam;
2196 4160 2623 4228 abscnsquidem
2641 4173 2887 4227 corpore,
2911 4161 3098 4231 utjam
3130 4161 3267 4227 dixi,
3298 4162 3480 4217 animo

1905 4262 2084 4307 autem
2120 4265 2377 4323 praesens.
2400 4251 2553 4319 Apud
2578 4250 2791 4319 Cephro
2820 4267 2950 4306 vero
2975 4252 3257 4307 nobiscum
3286 4270 3479 4323 magna

1907 4346 2146 4400 ﬁdelium
2179 4343 2354 4398 adfuit
2406 4342 2713 4407 multitudo,
2768 4344 2966 4413 partim
3035 4360 3223 4400 eorum
3281 4347 3371 4414 qui
3410 4348 3479 4400 ab

1906 4436 2043 4490 urbe
2082 4450 2183 4489 nos
2212 4433 2384 4488 secuti
2412 4432 2650 4497 fuerant,
2682 4433 2876 4502 partim
2908 4432 3134 4487 aliorum
3164 4433 3253 4502 qui
3286 4448 3351 4487 ex
3392 4448 3482 4485 re-

260 4521 465 4594 εσπάρη.
494 4527 601 4578 Καὶ
640 4526 827 4599 ὥσπερ
858 4528 1044 4581 τούτου
1086 4526 1270 4581 ἕνεκεν
1303 4528 1607 4599 ἀπαγαγὼν
1652 4533 1802 4602 ἡμᾶς

1908 4528 2055 4597 liqua
2084 4526 2321 4603 Egypto
2343 4523 2703 4582 conﬂuebant.
2728 4524 2803 4581 lbi
2832 4541 3047 4596 quoque
3068 4526 3289 4593 januam
3324 4523 3480 4578 nobis

262 4612 376 4681 πρὸς
422 4617 608 4681 αὐτοὺς
655 4619 685 4671 ὁ
741 4619 893 4684 Θεὸς,
949 4622 1072 4673 ἐπεὶ
1121 4621 1218 4695 τὴν
1273 4622 1548 4677 διακονίαν
1596 4622 1799 4695 ταύτην

264 4700 641 4780 ἐπληρώσαμεν,
677 4711 835 4764 πάλιν
864 4713 1197 4784 άπαγήοχεν.
1254 4714 1313 4768 '0
1349 4714 1458 4787 γὰρ
1486 4716 1800 4787 Αἰμιλιανὸς

325 4880 422 4949 (33)
461 4888 791 4956 Πραότητος
832 4888 949 4943 τῶν
990 4892 1322 4948 σεϐαστῶν.
1352 4892 1519 4947 Codd.
1571 4894 1708 4949 Med.
1743 4904 1798 4949 ct

266 4944 596 5035 Mai-aldina
624 4944 798 5035 ήμῷν,
828 4962 1027 5035 quibus
1060 4944 1331 5035 cotisentit
1360 4944 1525 5017 colles

332 5021 860 5145 (34?.Koqni'tﬁpta:
913 5028 1089 5085 Latini
1144 5049 1297 5085 areas
1362 5039 1669 5099 vocabant,
1725 5035 1795 5088 ita

332 5094 593 5145 ‘rlttltanus
651 5105 701 5145 in
755 5103 891 5145 Iihrn
935 5102 1003 5145 ar!
1044 5101 1324 5145 Smnulnm
1414 5114 1466 5145 ρι
1512 5105 1564 5145 in
1615 5105 1795 5145 Caelia

270 5084 594 5175 :l‘t‘rtttilianus
612 5084 702 5175 _in
722 5084 891 5175 ﬁlibro
935 5102 1003 5175 ad
1040 5084 1380 5175 Scapulam,

272 5168 572 5245 illtrgationis
603 5170 874 5245 Cgeci‘liani
903 5168 1280 5245 :_Num_cives
1325 5174 1381 5226 in
1431 5191 1553 5227 area
1601 5186 1801 5245 marty-

275 5241 372 5310 ξμηι
413 5233 607 5310 Iugum
642 5241 852 5293 inclusi.
903 5241 971 5294 Et
1014 5244 1065 5295 in
1094 5239 1263 5296 Gestis
1306 5245 1642 5310 purgationis
1694 5233 1800 5299 Fe-

276 5293 378 5382 !lCiS
411 5293 618 5382 ΞξΓοέἰιᾳι
658 5312 849 5382 aliquis
1308 5293 1640 5381 rati—eant,—
1674 5293 1799 5371 0-21;-

277 5374 430 5457 ttolnfg‘
440 5375 621 5442 facilia.

338 5442 435 5517 (55)
470 5448 645 5503 Ποίαν
694 5448 811 5507 οὖν
850 5453 956 5507 ἔτι.
1004 5452 1379 5508 Accusabatnr
1426 5455 1633 5510 scilicet
1678 5456 1803 5511 Dio-

283 5520 441 5590 !‘Y§||I_s
481 5533 508 5568 a
540 5518 821 5585 Germano,
864 5523 1005 5590 quod
1062 5535 1355 5579 conventus
1404 5525 1635 5580 fratrum
1691 5544 1797 5581 non

285 5574 526 5667 [lirl'lllltsset
568 5602 687 5645 ante
738 5574 983 5647 exortam
1021 5597 1486 5667 persecutionem,
1532 5599 1624 5649 sed
1675 5597 1799 5667 fuga

285 5648 418 5735 saluti
464 5671 565 5735 sua:
620 5648 1273 5735 pt‘OSpCXlSSel.'QlltlltCS
1322 5648 1486 5717 enim,
1519 5648 1799 5733 ingruebat

290 5727 570 5802 lmtsecnliu,
614 5727 853 5787 Solebant
901 5733 1051 5796 prius
1076 5727 1319 5801 episcopi
1370 5727 1618 5802 populum
1669 5754 1799 5792 ('on-

293 5800 497 5861 Negare,
538 5810 592 5854 nt
621 5818 737 5860 cum
773 5805 839 5858 ad
890 5800 1223 5861 retinendam
1263 5800 1460 5862 Christi
1501 5809 1658 5863 (idem
1705 5825 1795 5864 cx-

1906 4620 2164 4689 patefecit
2190 4619 2330 4673 Deus
2360 4620 2427 4673 ad
2468 4618 2907 4686 praedicationem
2942 4620 3089 4673 verbi
3135 4620 3241 4673 sui.
3277 4620 3343 4674 Et
3374 4620 3477 4672 ini-

1904 4715 1981 4769 tio
2009 4715 2228 4785 quidem
2258 4711 2692 4783 persecutionem
2721 4711 2867 4783 passi
2917 4724 2973 4767 et
3006 4710 3274 4780 lapidibus
3308 4712 3481 4781 impe-

1904 4896 2275 4950 hortarentur.
2347 4893 2551 4948 Deinde
2630 4892 2862 4946 infantes
2924 4901 2977 4945 et
3055 4895 3480 4947 catechumenos

1904 4966 2270 5033 baptizabant,
2306 4981 2371 5017 ne
2416 4966 2534 5017 sine
2580 4965 2848 5031 baptismo
2887 4978 2953 5017 ex
2995 4964 3097 5018 hac
3132 4964 3239 5016 vita
3276 4962 3479 5032 migra-

1906 5047 2066 5101 rent;
2108 5045 2161 5088 et
2210 5035 2610 5089 Eucltaristiam
2662 5034 2907 5087 tidelibus
2957 5035 3310 5099 dividebant,
3357 5049 3480 5088 cum

1910 5108 2176 5160 incertqu
2208 5116 2347 5159 esset
2400 5104 2632 5169 quandin
2662 5104 2921 5157 duratura
2958 5115 3105 5159 esset
3148 5104 3474 5172 persecutio.

1909 5176 2077 5241 Quem
2130 5192 2333 5229 morem
2369 5175 2550 5228 docuit
2594 5190 2692 5227 nos
2740 5172 2940 5227 factum
2991 5176 3243 5230 Dorotliei
3300 5173 3482 5242 cujus-

1910 5251 2029 5299 dam
2087 5245 2586 5301 Thessalonicensis
2649 5244 2928 5312 episcopi,
2984 5248 3319 5315 temporibus
3367 5246 3471 5299 Ju-

1908 5318 2058 5379 stini,
2095 5317 2234 5385 quod
2273 5318 2509 5369 refertur
2544 5316 2594 5367 in
2648 5316 2993 5384 suggestione
3038 5316 3326 5381 Germani,
3376 5316 3480 5371 Fe-

1909 5386 2027 5441 licis
2070 5400 2125 5440 et
2173 5387 2450 5452 Dioscuri,
2494 5386 2660 5439 missa
2706 5389 2773 5439 ad
2820 5385 3165 5442 ﬂormisdam
3197 5385 3302 5439 PP.
3336 5404 3480 5441 anno

1908 5457 2105 5512 Christi
2145 5457 2270 5512 519.

1978 5526 2090 5597 (56)
2144 5525 2500 5597 Ἀπὼνίμὲν
2535 5524 2616 5589 τῷ
2664 5524 2915 5595 σώματι,
2937 5527 3017 5593 ὡς
3049 5523 3259 5597 εἰπεῖν.
3291 5525 3381 5581 Sic
3425 5527 3479 5581 in

1905 5594 2238 5653 codelllaz.
2272 5607 2334 5668 et
2358 5596 2502 5650 Med.
2536 5594 2811 5668 scribitur.
2853 5598 3007 5668 Vulg.
3039 5594 3211 5650 εἷπον.
3247 5598 3304 5651 In
3341 5597 3475 5653 Fuk.

1906 5681 1960 5721 et
2007 5670 2173 5721 δίη-Η.
2206 5664 2465 5734 scriptum
2517 5668 2694 5719 inveni
2736 5667 2811 5730 ὡς
2866 5664 3017 5721 εἶπεν
3070 5671 3098 5722 ὀ
3136 5669 3475 5733 Ἀπόστολος.

1907 5740 2065 5793 Cerle
2097 5737 2283 5811 alludit
2313 5738 2606 5806 Dionysius
2635 5738 2701 5793 ad
2729 5738 2904 5794 locum
2936 5741 3176 5809 Apostoli
3208 5741 3259 5794 in
3297 5742 3479 5811 priore

1906 5812 1971 5863 uti
2007 5810 2255 5866 Corinth.
2293 5824 2410 5877 cap.
2446 5823 2493 5862 γ.
