3928 6252
360 272 463 327 667

1065 271 1337 328 EUSEBII
1370 271 1842 331 CASSARIENSIS
1880 275 2030 332 ()PP.
2073 276 2251 333 PARS
2289 277 2329 331 l.
2370 310 2438 319 —
2480 274 2866 333 HISTORICA.

3500 272 3603 327 663

364 394 441 448 liti
464 406 668 446 sumus.
700 389 1044 447 Posmiodum
1070 407 1199 446 vero
1228 408 1332 447 non
1354 394 1508 463 pauci
1536 409 1600 449 ex
1624 396 1911 465 gentilibus

2039 399 2118 461 εἰς
2151 399 2513 471 τραχυτέρους
2550 397 2669 467 μὲν,
2705 396 2779 459 ὼς
2814 394 3007 457 ἐδόκει,
3057 392 3148 446 καὶ
3193 391 3603 463 Λιϐυκωτέρους

360 486 567 540 relictis
596 485 924 548 simulacris,
953 485 1018 538 ad
1078 484 1245 538 Deum
1280 486 1529 540 conversi
1588 495 1732 541 sunt.
1783 487 1934 544 Tunc

359 578 504 632 enim
532 579 762 647 primum
788 579 928 646 apud
965 577 1082 630 illos
1110 576 1263 631 verbi
1298 577 1465 631 divini
1498 593 1593 648 per
1619 594 1718 634 nos
1746 595 1933 649 sparsa

359 678 488 725 sunt
510 670 740 734 semina,
788 683 910 723 cum
973 668 1112 722 illud
1170 677 1329 723 antea
1387 684 1491 723 non
1545 673 1928 740 suscepissent.

358 761 439 817 Ac
501 776 726 830 prorsus
774 761 931 832 quasi
987 762 1126 815 Deus
1149 761 1265 830 ejus
1291 764 1367 817 rei
1396 778 1560 818 causa
1587 778 1687 818 nos
1716 764 1782 818 ad
1814 765 1932 819 illos

357 852 724 923 perduxisset,
779 862 1065 924 postquam
1111 854 1241 908 illud
1284 855 1644 909 ministerium
1688 855 1933 922 implevi-

361 962 500 1009 mus,
534 947 729 1001 iterum
762 962 863 1001 nos
891 947 1001 1001 alio
1024 948 1323 1003 transtulit.
1359 948 1567 1002 Etenim
1603 946 1932 1003 Emilianus

357 1039 411 1092 in
467 1041 743 1106 asperiora
788 1040 1030 1107 qumdam
1063 1038 1201 1106 loca,
1253 1049 1309 1094 et
1363 1048 1423 1093 ut
1462 1040 1715 1094 credebat
1764 1039 1932 1105 magis

356 1128 579 1200 Libyca,
636 1144 734 1184 nos
789 1138 1168 1199 transportare
1220 1130 1526 1185 constituit.
1598 1130 1677 1185 Et,
1721 1130 1932 1185 cunctis

356 1220 716 1292 undecunque
758 1223 825 1277 ad
875 1222 1222 1278 Mareoticam
1255 1222 1631 1293 prazfecturam
1648 1221 1922 1277 conﬂuere

351 1313 535 1383 jussis,
567 1317 716 1370 vicos
747 1330 843 1384 per
871 1315 1148 1385 regionem
1195 1315 1343 1369 illam
1389 1314 1668 1383 dispersos
1704 1312 1930 1382 singulis

356 1408 654 1478 assignavit
680 1426 694 1462 :
722 1422 818 1463 nos
834 1424 962 1463 vero
978 1409 1146 1478 magis
1166 1408 1234 1462 ad
1255 1408 1393 1461 viam
1418 1406 1710 1475 publicam,
1742 1414 1799 1460 ut
1816 1407 1930 1477 pri-

355 1500 428 1555 mi
462 1501 1065 1569 comprehenderemur,
1090 1500 1392 1554 collocavit.
1423 1500 1477 1554 ld
1503 1500 1646 1554 enim
1665 1499 1931 1569 praecipue

355 1596 551 1661 agebat
585 1610 647 1649 ac
679 1594 1023 1661 moliebatur,
1079 1604 1138 1648 ut
1172 1593 1609 1662 quandocunque
1650 1592 1926 1657 voluisset,

353 1701 545 1741 omnes
579 1686 725 1741 nullo
755 1687 969 1757 negotio
992 1687 1110 1755 capi
1162 1700 1479 1754 possemus.
1509 1685 1619 1755 Ego
1648 1699 1776 1739 vero
1803 1698 1925 1738 cum

2033 492 2180 561 ἡμᾶς
2210 491 2773 561 μεταστῆσαι·τόπους
2807 486 3071 557 ἐϐουλήθη
3097 504 3111 517 ·
3140 488 3234 539 καὶ
3255 488 3382 549 τοὺς
3413 502 3606 538 παντα-

2032 582 2156 652 χόσε
2202 583 2281 645 εἰς
2337 582 2426 634 τὸν
2475 580 2774 653 Μαρεώτην
2827 579 3077 632 ἐκέλευσε
3123 580 3362 648 συρρεῖν,
3414 575 3602 645 κώμας

2034 674 2282 735 ἑκάστοις
2313 673 2420 726 τῶν
2465 674 2605 726 κατά
2652 672 2833 743 χώραν
2873 671 3155 742 ἀφορίσας,
3201 671 3349 741 ἡμᾶς
3377 670 3434 722 δὲ
3473 668 3604 738 μᾶλα

2032 767 2120 820 λον
2157 769 2214 820 ὲν
2245 765 2347 837 ὁδῷ
2375 767 2468 819 καὶ
2499 764 2746 836 πρώτους
2777 762 3359 833 καταληφθησομένους
3391 759 3602 825 ἔταξεν.

2045 859 2323 931 ’ῼκονόμει
2354 858 2462 929 γὰρ
2496 857 2738 928 δηλονότι
2767 858 2859 909 κα)⁵
2899 853 3326 926 παρεσκεύαζεν,
3362 854 3448 906 ἵνα
3479 851 3604 905 ὁπό-

2031 971 2129 1008 ταν
2183 953 2468 1024 βουληθείη
2518 951 2821 1015 συλλαϐεῖν,
2867 951 3072 1012 πάντας
3119 946 3421 1010 εὐαλώτους
3470 945 3601 1015 ἔχοι.

2044 1043 2184 1113 Ἐγὼ
2213 1044 2268 1096 δὲ
2300 1045 2387 1097 ὅτε
2426 1043 2522 1113 μὲν
2551 1044 2630 1105 εἰς
2662 1039 2899 1112 Κεφρὼν
2927 1038 3297 1109 κεκελεύσμην
3328 1037 3600 1100 ἀπελθεῖν,

2032 1137 2127 1189 καὶ
2165 1135 2255 1190 τὸν
2289 1136 2450 1189 τόπον
2480 1135 2706 1205 ἠγνόουν
2746 1135 2869 1186 ὅποι
2916 1133 3046 1185 ποτὲ
3087 1127 3239 1195 οὗτός
3280 1135 3446 1195 ἐστιν,
3483 1130 3602 1183 οὐδὲ

2031 1228 2090 1281 τὸ
2121 1227 2288 1299 ὄνομα
2321 1227 2505 1297 σχεδὸν
2534 1226 2797 1298 πρότερον
2826 1223 3076 1294 ἀκηκοώς
3094 1241 3108 1253 ε
3140 1224 3231 1277 καὶ
3257 1225 3407 1294 ὅμως
3446 1222 3603 1275 eses—

2035 1337 2150 1390 μως
2183 1320 2275 1373 καὶ
2308 1321 2594 1392 ἀταράχως
2628 1320 2842 1391 ἀπῄειν.
2894 1317 3045 1371 Ἐπεὶ
3074 1317 3130 1369 δὲ
3167 1314 3604 1388 μετασκηνώσειν

2031 1415 2110 1476 εἰς
2141 1414 2208 1466 τὰ
2247 1413 2644 1477 Κολλουθίωνος
2674 1413 2782 1484 (57)
2834 1411 3119 1483 ἀπηγγέλη
3174 1427 3284 1481 μοι,
3329 1408 3507 1462 ἴσασιν
3555 1408 3604 1460 οἱ

2031 1506 2294 1576 παρόντες
2327 1506 2474 1568 ὅπως
2507 1503 2776 1575 διετέθηνσ
2815 1503 3047 1556 ἐνταῦθα
3075 1502 3182 1572 γὰρ
3206 1501 3441 1571 ἐμαυτοῦ
3476 1517 3605 1552 κατ-

2030 1600 2312 1670 ηγορήσω.
2355 1599 2426 1651 Τὸ
2470 1598 2567 1669 μὲν
2619 1597 2831 1669 πρῶτον
2875 1587 3144 1667 ἠχθέσθην
3186 1595 3281 1647 καὶ
3317 1594 3437 1646 λίαν
3481 1594 3606 1662 ἐχα-

2031 1689 2268 1762 λέπηνα·
2306 1691 2400 1743 καὶ
2431 1690 2539 1765 γὰρ
2575 1691 2625 1742 εἰ
2661 1688 3069 1762 γνωριμώτεροι
3101 1687 3196 1741 καὶ
3225 1685 3601 1757 συνηθέστεροι

353 1775 569 1845 Cepbro
608 1779 841 1847 primum
876 1776 1235 1845 abirejussus
1264 1792 1404 1843 sum,
1459 1778 1669 1833 tametsi
1704 1778 1916 1832 ubinam

2028 1782 2322 1853 ἐτύγχανον
2365 1784 2496 1854 ἡμῖν
2533 1783 2582 1835 οἱ
2611 1782 2783 1846 τόποι,
2825 1781 2937 1834 ἀλλ’
2983 1780 3188 1851 ἔρημον
3233 1780 3329 1849 μὲν
3359 1775 3602 1846 ἀδελφῶν

353 1870 506 1924 locus
532 1869 622 1926 ille
647 1870 785 1923 situs
822 1879 989 1934 esset,
1011 1870 1350 1939 ignorabam,
1381 1872 1579 1941 quippe
1604 1870 1699 1940 qui
1735 1885 1801 1923 ne
1829 1884 1924 1924 no-

357 1978 478 2017 men
511 1962 728 2031 quidem
769 1961 913 2017 illius
956 1971 1114 2018 antea
1164 1962 1279 2018 fere
1312 1964 1680 2030 audivissem;
1720 1961 1922 2017 nihilo-

354 2056 536 2109 minus
567 2054 732 2109 alacri
765 2053 1143 2123 constantique
1179 2055 1361 2108 animo
1404 2053 1647 2123 perrexi.
1699 2051 1924 2107 Postea-

354 2162 517 2216 quam
552 2162 689 2201 vero
724 2146 854 2200 mibi
884 2147 1257 2202 renuntiatum
1303 2156 1386 2201 est
1415 2155 1471 2199 ut
1522 2148 1588 2199 ad
1627 2144 1924 2200 Colluthio-

352 2242 437 2294 nis
473 2242 749 2310 regionem
778 2243 1092 2309 migrarent,
1126 2250 1328 2294 norunt
1365 2240 1398 2293 ii
1425 2239 1515 2309 qui
1551 2247 1661 2293 tum
1690 2253 1923 2307 prasen-

352 2339 432 2385 tes
454 2331 681 2385 aderant
709 2334 980 2401 quomodo
1033 2331 1257 2387 aﬂ'ectus
1308 2332 1489 2386 animo
1545 2331 1764 2386 fuerim.
1825 2329 1924 2384 Hie

350 2423 494 2477 enim
534 2424 908 2492 memetipsum
927 2424 1217 2480 accusabo.
1248 2424 1522 2494 Principio
1540 2424 1758 2494 quidem
1779 2438 1923 2493 azgre

347 2515 638 2570 admodum
671 2530 734 2570 ac
762 2516 988 2570 moleste
1025 2516 1143 2572 tuli.
1188 2516 1300 2570 Etsi
1333 2516 1479 2571 enim
1509 2517 1659 2587 regio
1692 2516 1780 2570 illa
1825 2532 1923 2570 nu-

349 2609 457 2664 tior
484 2611 636 2663 nobis
665 2611 948 2679 magisque
995 2608 1282 2663 familiaris
1314 2619 1434 2664 erat
1477 2624 1638 2678 quam
1682 2607 1917 2677 Cephro,

348 2711 526 2756 tamen
563 2700 824 2756 fratribus
851 2716 913 2755 ac
937 2701 1123 2771 probis
1164 2702 1296 2757 viris
1349 2717 1555 2756 vacuus
1595 2715 1714 2755 esse
1770 2700 1920 2755 locus

350 2793 655 2856 dicebatur,
682 2802 737 2846 et
774 2793 1044 2845 viatorum
1083 2793 1256 2846 turbis
1308 2792 1695 2862 latronumque
1734 2790 1918 2844 incur-

348 2883 594 2938 sionibus
616 2884 905 2937 obnoxius.
941 2880 1047 2935 Sed
1082 2881 1308 2934 multum
1358 2882 1488 2936 mibi
1533 2876 1919 2939 consolationis

347 2973 551 3038 attulit,
579 2975 720 3043 quod
756 2974 951 3028 fratres
979 2988 1066 3027 me
1097 2975 1513 3035 admonuerunt,
1549 2973 1725 3026 locum
1766 2969 1915 3023 illum

2028 1874 2121 1927 καὶ
2160 1874 2461 1927 σπουδαίων
2492 1872 2792 1945 ἀνθρώπων
2822 1872 3057 1942 ἔφασκον
3093 1866 3231 1923 εἶναι
3270 1868 3329 1922 τὸ
3383 1868 3601 1938 χωρίον,

2025 1968 2142 2028 ταῖς
2189 1966 2248 2018 δὲ
2279 1965 2389 2019 τῶν
2434 1964 2855 2035 ὁδοιπορούντων
2897 1962 3211 2033 ὲνοχλήσεσι
3259 1960 3353 2013 καὶ
3394 1957 3605 2030 λῃστῶν

2026 2058 2392 2131 καταδρομαῖς
2443 2058 2762 2128 ἐγκείμενον
2803 2054 2937 2125 (58).
2986 2055 3213 2124 Ἔτυχον
3254 2052 3309 2105 δὲ
3357 2050 3602 2121 παραθυ-

2029 2152 2176 2222 μίας,
2227 2149 2656 2220 ὑπομνησάντων
2706 2164 2772 2218 με
2809 2146 2917 2200 τῶν
2951 2144 3228 2214 ἀδελφῶν,
3268 2144 3349 2197 ὅτι
3395 2144 3603 2213 γειτνιᾷ

2029 2242 2229 2314 μᾶλλον
2266 2244 2331 2313 τῇ
2378 2237 2552 2295 πόλει.
2602 2239 2712 2292 Καὶ⁸
2754 2239 2788 2309 ἡ
2826 2237 2923 2308 μὲν
2963 2236 3198 2307 Κεφρὼν
3243 2234 3442 2304 πολλὴν
3474 2235 3603 2305 ἡμῖν

2022 2330 2157 2405 ἦγεν
2199 2330 2442 2402 ἀδελφῶν
2484 2329 2590 2383 τῶν
2633 2330 2727 2383 ἀπ’
2765 2328 3040 2397 Αἰγύπτου
3074 2327 3172 2399 τὴν
3205 2325 3486 2397 ἐπιμιξίαν
3528 2325 3603 2387 ὡς

2025 2424 2357 2496 πλατύτερον
2407 2421 2785 2493 ἐκκλησιάζειν
2836 2419 3093 2475 δύνασθαι
3118 2437 3132 2449 ’
3191 2421 3307 2471 ἐκεῖ
3352 2417 3408 2471 δὲ
3465 2416 3605 2486 πλη-

2026 2517 2294 2588 σιαίτερον
2333 2515 2498 2586 οὔσης
2541 2514 2643 2584 τῆς
2674 2513 2899 2576 πόλεως,
2950 2511 3337 2582 συνεχέστερον
3367 2510 3469 2579 τῆς
3495 2508 3613 2561 τῶν

2022 2611 2189 2675 ὅντως
2246 2607 2546 2679 ἀγαπητῶν
2604 2609 2697 2661 καὶ⁵
2759 2606 3104 2660 οἰκειοτάτων
3167 2605 3263 2658 καὶ
3333 2603 3605 2673 φιλτάτων

2021 2702 2195 2772 ὅψεως
2242 2677 2640 2769 ἀπολαύσομεν.
2701 2696 3005 2767 Ἀφίξονται
3051 2696 3159 2766 γὰρ
3214 2697 3307 2747 mi.
3358 2693 3606 2748 ἀναπαύ-

2024 2811 2224 2858 σονται,
2273 2793 2367 2847 καὶ
2418 2792 2494 2855 ώς
2535 2794 2593 2845 ὲν
2652 2789 2990 2862 προαστείοις
3042 2787 3375 2861 πορρωτέρω
3416 2785 3609 2854 κειμέ-

2020 2905 2152 2952 νοις,
2213 2885 2353 2940 κατά
2438 2884 2598 2956 μέρος
2652 2882 2862 2936 ἔσονται
2921 2880 3228 2949 συναγωγαί
3306 2880 3437 2948 (59).
3495 2876 3607 2930 Καὶ

2019 2980 2190 3043 οὕτως
2264 2979 2496 3046 ἐγένετο.
2583 2996 2600 3027 ι
2680 2975 2789 3029 Καὶ
2865 2974 2981 3046 μεθ’
3051 2973 3242 3042 ἕτερα,
3310 2971 3439 3042 περὶ
3497 2970 3607 3021 τῶν

346 3086 376 3122 a
402 3068 623 3123 civitate
656 3068 878 3137 propius
910 3068 1123 3121 abesse.
1176 3066 1362 3130 Itaque
1410 3065 1657 3133 quamvis
1699 3059 1915 3130 Cephro

2023 3071 2439 3143 συμϐεϐηκότων
2489 3068 2640 3140 αὐτῷ
2686 3064 2842 3131 αὖθις
2890 3065 3062 3120 ταῦτα
3108 3066 3339 3138 γράψει’
3402 3084 3419 3114 ι
3476 3062 3606 3115 Πολ-

345 3161 637 3214 maximam
671 3160 826 3214 nobis
869 3159 1263 3216 multitudinem
1296 3162 1524 3215 fratrum
1572 3170 1638 3210 ex
1679 3152 1915 3224 Egypto

347 3249 725 3305 conﬂuentium
759 3252 1090 3317 adduxisset,
1126 3251 1262 3308 adeo
1310 3261 1369 3304 ut
1399 3249 1579 3304 laxius
1626 3248 1737 3319 iam
1788 3259 1918 3299 con-

345 3352 540 3397 ventus
562 3356 724 3410 agere
753 3357 1035 3413 possemus
1064 3361 1078 3397 ε
1115 3342 1225 3397 illic
1258 3349 1435 3395 tamen
1469 3343 1538 3397 ob
1582 3340 1916 3394 vicinitatem

346 3434 520 3502 urbis,
545 3434 994 3489 eharissimormn
1023 3444 1079 3489 et
1130 3434 1695 3501 conjunctissimorum
1737 3429 1916 3487 homi-

345 3539 472 3578 num
502 3537 725 3595 aspectu
755 3524 997 3580 crebrius
1029 3540 1126 3581 nos
1170 3527 1391 3581 aiebant
1415 3539 1536 3581 esse
1583 3525 1746 3597 260
1777 3524 1913 3580 frui-

394 3640 663 3714 Δ(57)]’ὰ
727 3643 1198 3709 Κολλουθίωνος.
1266 3644 1629 3714 Supplendnm
1699 3645 1912 3699 videtur

349 3712 644 3786 μερη.“8ι(;
683 3728 839 3780 supra
887 3715 1021 3786 dixit
1054 3712 1443 3786 Dionysius-rit
1478 3715 1617 3786 μέρη
1659 3718 1762 3786 τῆς
1812 3719 1910 3770 Λι-

345 3782 499 3854 δύης.
532 3782 659 3837 Erat.
684 3794 862 3854 autem
886 3785 972 3837 hic
1000 3785 1147 3838 locus
1175 3782 1224 3838 in
1251 3782 1908 3853 Mareotica'jtrtefecutra.

347 3852 643 3928 etiam
694 3854 761 3907 τὰ
817 3853 1344 3928 βουκόλουγλιτξιοιιις
1403 3852 1623 3921 quidam
1688 3855 1909 3928 Egypti

346 3924 648 3996 dicebatur,
693 3941 721 3976 a
774 3925 989 3978 nomine
1036 3926 1243 3979 scilicet
1303 3928 1643 3979 dominorum
1705 3924 1909 3996 quivea

345 3992 462 4064 loca
509 3994 634 4047 olim
689 3996 1061 4063 possederant.
1109 3998 1259 4063 Apud
1304 3995 1663 4064 Nicephorum
1710 3992 1913 4052 Κολουο

347 4062 478 4118 θίων
514 4062 773 4118 hicloéus
813 4066 1009 4118 dicitur
1035 4081 1156 4118 cum
1182 4062 1702 4136 simplicilamlnla;
1749 4084 1909 4136 quam

343 4136 665 4203 Scripturatn
699 4136 980 4189 t'ectiOrent
1005 4147 1151 4203 puto.
1181 4134 1312 4188 Nam
1347 4136 1687 4189 Κολλουθίων
1714 4134 1908 4191 nomen

344 4214 428 4257 est
458 4202 737 4277 deflexum
776 4221 804 4255 a
842 4204 1091 4277 colutho,
1134 4208 1222 4270 qui
1269 4221 1463 4260 nomen
1513 4206 1611 4259 fuit
1654 4208 1908 4277 frequens

345 4277 487 4346 apud
527 4274 1027 4346 .Egyptios.7€erte
1063 4278 1132 4328 ita
1176 4277 1353 4330 dictus
1389 4287 1472 4330 est
1501 4286 1653 4344 poeta
1686 4274 1905 4346 quidam

343 4345 571 4399 celebris
617 4345 963 4413 temporibus
1006 4346 1313 4410 Anastasii,
1356 4348 1618 4401 oriundus
1661 4362 1725 4400 ex
1772 4346 1911 4402 The-

341 4414 520 4478 baide,
570 4427 629 4468 ut
679 4424 907 4468 testatur
941 4415 1154 4469 Snidas.
1204 4414 1328 4469 Fuit
1377 4427 1432 4470 et
1480 4417 1618 4469 alter
1651 4418 1910 4473 Colutbus

342 4484 726 4556 si-hisrnaticus
751 4485 800 4537 in
829 4484 1064 4554 [Egypto
1097 4487 1426 4552 temporibus
1457 4489 1635 4556 magni
1674 4490 1910 4541 Anasta-

341 4555 405 4626 sii
428 4593 443 4615 ,
466 4556 642 4626 cujus
684 4556 874 4609 crebra
909 4556 962 4608 lit
994 4558 1193 4609 mentio
1227 4559 1275 4608 in
1313 4558 1429 4625 ejus
1461 4555 1735 4626 Apologia.
1778 4560 1908 4613 Eum

342 4625 656 4678 Acolutlmm
708 4635 864 4679 voeat
918 4626 1212 4696 Gregorius
1278 4627 1553 4697 Nysseuus
1603 4625 1655 4681 in
1720 4630 1815 4684 lib.
1857 4646 1910 4683 ιι

340 4707 519 4748 contra
554 4697 888 4751 Eunomittm.

341 4836 367 4887 ὲ
411 4765 523 4886 (ὖὲἷ)
565 4766 970 4836 Κίιταδρομαῖς
991 4765 1356 4836 ἐγκείμενον.
1383 4769 1735 4823 Scribeutlum
1780 4780 1911 4839 pulo

373 4851 471 4887 κκε
502 4855 675 4887 μενον.
1004 4850 1007 4859 ‘

373 4851 471 4888 κκε
480 4850 492 4886 ι
502 4855 675 4889 μενον.
1004 4850 1007 4859 ”

414 4855 725 4980 ῗὲθΐυιεέτὰ
748 4907 995 4976 μέρος...
1021 4910 1380 4980 συναγωγαί.
1410 4908 1629 4976 Quoties
1654 4911 1910 4965 suburbia

342 4976 502 5049 paulo
534 4979 822 5049 remotiora
850 4990 1004 5033 erant
1051 4980 1119 5034 ab
1162 4976 1313 5046 urbe,
1348 4982 1381 5033 ii
1415 4983 1504 5049 qui
1547 4982 1599 5034 in
1636 4982 1911 5034 suburbiis

342 5047 448 5099 illis
482 5048 787 5111 manebant,
816 5064 918 5120 non
953 5053 1287 5120 cogebantur
1324 5052 1389 5103 ad
1419 5047 1639 5120 majoris
1664 5051 1910 5105 ecclesiae

342 5127 639 5188 conventus
685 5118 979 5184 accedere,
1022 5118 1113 5175 sed
1168 5123 1219 5174 in
1255 5136 1320 5175 eo
1354 5118 1614 5174 subnrbio
1678 5122 1911 5188 partien—

344 5186 485 5260 lares
534 5187 731 5260 fiebant
778 5201 1077 5244 conventus
1114 5193 1164 5245 in
1219 5192 1397 5260 aliqua
1433 5186 1691 5252 basilica,
1721 5203 1815 5244 aut
1854 5191 1905 5244 in

342 5255 461 5331 loco
502 5258 568 5310 ad
614 5258 714 5331 hoc
758 5262 1023 5329 agendum
1063 5262 1275 5316 idoneo.
1312 5255 1370 5315 id
1421 5278 1486 5315 ex
1521 5263 1623 5314 hoc
1668 5261 1906 5331 Dionysii

343 5326 465 5401 loco
508 5326 1113 5401 manifeste-colligitur,
1160 5346 1318 5401 quem
1367 5347 1465 5386 nec
1501 5330 1773 5384 Masculus
1804 5326 1906 5386 nec

342 5399 863 5466 (lhristophorsmius
896 5399 1292 5469 intellexerunt,
1322 5403 1413 5454 sed
1456 5404 1635 5455 omnia
1683 5403 1910 5454 miscue-

339 5476 487 5532 runt,
522 5470 656 5540 adeo
696 5482 751 5523 ut
798 5486 859 5524 ex
895 5487 1081 5524 eorum
1133 5473 1581 5540 interpretatione
1619 5470 1748 5523 nihil
1786 5474 1905 5525 sani

339 5540 513 5606 possis
551 5539 765 5595 elicere.
816 5542 981 5595 Porro
1014 5539 1313 5606 προάστεια
1351 5541 1535 5596 Graeci
1576 5542 1762 5595 dicunt
1800 5558 1905 5595 non

341 5608 510 5681 solum
539 5610 816 5681 suburbia,
844 5627 963 5680 qum
993 5608 1107 5666 urbi
1138 5612 1421 5681 conjuncta
1449 5621 1592 5674 Sunt,
1620 5612 1711 5664 sed
1741 5614 1906 5667 etiam

340 5679 489 5748 ‘fcos
530 5679 663 5732 satis
711 5679 873 5748 longo
918 5682 1197 5736 intervallo
1240 5679 1308 5735 ab
1358 5684 1490 5736 urbe
1539 5683 1778 5735 dissitas.
1816 5685 1906 5736 Sic

339 5745 594 5817 Cauepus
623 5745 943 5804 duodecimo
976 5751 1150 5820 lapide
1184 5753 1387 5808 distans
1415 5755 1479 5807 ab
1513 5754 1649 5806 urbe
1676 5754 1903 5807 Alexan-

2016 3165 2136 3228 λαϊς
2203 3181 2267 3233 γε
2321 3166 2440 3226 ταῖς
2516 3160 2826 3232 ὁμολογίαις
2886 3158 2997 3230 (40)
3062 3157 3338 3228 Γερμανὸς
3392 3154 3607 3226 ’σεμνύ-

2017 3270 2186 3308 νεται.
2227 3251 2404 3305 Πολλά
2436 3269 2500 3320 γε
2540 3253 2714 3304 εἰπεῖν
2749 3249 2860 3321 ἔχει
2912 3249 3033 3303 καθ’
3072 3247 3265 3302 ἑαυτοῦ
3312 3247 3601 3318 γενόμενα.

2022 3348 2193 3410 Ὅσας
2239 3345 2542 3417 ἀριθμῆσαι
2592 3343 2818 3397 δύναται
2875 3342 3002 3414 περὶ
3053 3339 3212 3412 ἡμῶν
3266 3340 3601 3408 ἀποφάσεις,

2018 3437 2329 3510 δημεύσεις,
2365 3435 2708 3507 προγραφὰς,
2744 3433 3096 3505 ὑπαρχόντων
3132 3431 3407 3502 ἁρπαγὰς,
3437 3428 3602 3495 ἀξιω-

2028 3532 2210 3603 μάτων
2261 3528 2546 3591 ἀποθέσεις
2580 3527 2713 3599 (41),
2759 3526 2916 3596 δόξης
2967 3524 3237 3596 κοσμικῆς
3284 3523 3625 3605 ὀλιγωρίας,

2018 3649 2171 3713 dria,
2222 3647 2543 3719 προάστειον
2598 3643 2914 3719 (ἰῑοίιιιιζλοι)
2962 3642 3255 3719 Athanasio
3289 3641 3362 3719 λιι
3420 3640 3605 3719 libello

2017 3710 2179 3783 quem
2250 3710 2443 3773 obtulit
2490 3717 2718 3769 concilio
2774 3714 3230 3769 Chalcedonensi.
3287 3710 3381 3766 Sic
3431 3712 3598 3783 etiam

2024 3780 2262 3855 Daphne,
2308 3788 2676 3841 suburbanum
2724 3786 3044 3849 Antiochiae,
3079 3784 3365 3855 Achyroua
3428 3780 3600 3836 Nico-

2020 3852 2228 3922 mediae,
2250 3852 2320 3913 vet
2354 3860 2650 3925 Septimum
2685 3856 2881 3911 dicitur
2911 3852 3281 3925 suburbanum
3323 3852 3596 3925 constan—

2016 3929 2298 3991 tinopolis,
2355 3924 2477 3981 licet
2526 3927 2727 3994 aliquot
2772 3941 3027 3995 passuum
3061 3924 3297 3995 millibus
3341 3924 3599 3995 abessent

2017 4002 2085 4052 ah
2117 3990 2221 4052 illis
2260 3990 2594 4052 civitatibus.
2620 3990 3124 4051 Vide-Glossarium
3156 3993 3354 4047 Pitlttei
3390 3993 3443 4044 in
3484 3990 3602 4043 Νο-

2015 4070 2175 4123 vellus
2213 4069 2418 4122 Julinni
2468 4069 2845 4129 Antecessoris,
2896 4080 3028 4120 voce
3067 4063 3392 4117 Proustium.
3428 4063 3603 4116 Porro

2016 4156 2079 4192 cx
2123 4137 2693 4214 boc__locn_eolligit_n_r
2724 4148 2896 4214 aetate
2929 4136 3167 4214 quiderm
3199 4132 3437 4214 Dionysii
3473 4134 3601 4186 uni-

2017 4225 2136 4263 cam
2170 4209 2345 4263 adhuc
2396 4205 2572 4262 fuisse
2606 4208 2947 4262 Alexandria:
2977 4205 3281 4265 ecclesiam,
3327 4205 3379 4256 in
3426 4217 3596 4272 quam

2017 4295 2209 4334 omnes
2261 4280 2407 4333 urbis
2464 4278 2606 4334 illius
2661 4278 2844 4332 lideles
2881 4275 3149 4332 orationis
3191 4288 3350 4328 causa
3392 4288 3598 4327 conve-

2018 4351 2262 4405 niebant.
2311 4349 2657 4404 Postmodum
2707 4363 2838 4402 vero
2898 4347 3229 4413 temporibus
3270 4344 3596 4407 Athanasii,

2017 4435 2140 4474 cum
2199 4421 2377 4487 plures
2436 4430 2621 4472 essent
2674 4417 2915 4473 ecclesiae
2963 4434 2991 4470 a
3040 4415 3278 4487 diversis,
3326 4415 3601 4482 episcopis

2018 4485 2354 4544 Alexandriae
2400 4489 2695 4550 aediﬁcatae,
2747 4490 2892 4542 cives
2925 4485 3282 4540 Alexandrini
3346 4499 3596 4537 seorsum

2017 4561 2075 4613 in
2109 4561 2336 4613 diversis
2378 4558 2622 4614 ecclesiis
2663 4557 3078 4627 colligebantnr,
3109 4555 3251 4609 κατὰ
3293 4553 3466 4627 μέροςΔ
3497 4554 3598 4608 καὶ

2013 4630 2399 4702 διῃρημένως,
2448 4639 2506 4682 ttt
2558 4623 2815 4702 quuiturv
2858 4628 3197 4702 Athanasius
3232 4623 3303 4680 in
3334 4623 3597 4702 Apologia

2013 4695 2192 4768 prima
2242 4702 2307 4752 ad
2365 4695 2777 4763 Constantium,
2827 4699 2927 4752 nisi
2983 4699 3125 4766 quod
3186 4697 3238 4749 in
3291 4695 3593 4768 majoribus

2014 4765 2203 4835 festis,
2244 4770 2461 4826 Pascite
2510 4770 2716 4824 scilicet
2760 4777 2855 4823 aut
2894 4765 3279 4829 Pentecosles,
3325 4781 3431 4818 non
3489 4765 3592 4818 lie-

2013 4842 2146 4895 bant
2175 4842 2528 4909 particulares
2556 4850 2868 4904 conventus,
2914 4839 3006 4892 sed
3043 4838 3277 4909 universi
3315 4835 3366 4888 in
3419 4836 3597 4900 majo-

2014 4927 2124 4965 rem
2169 4907 2451 4965 ecclesiam
2490 4912 2931 4981 cenveniebant,
2984 4919 3045 4962 ut
3098 4907 3299 4961 ibidem
3359 4914 3595 4959 testatur

2010 4983 2357 5035 Athanasius.

2081 5052 2193 5121 (40)
2233 5051 2500 5118 Πολλαῖς
2542 5069 2608 5122 γε
2646 5049 2774 5116 ταῖς
2818 5049 3177 5121 ὁμολογίαις.
3228 5046 3354 5122 [Lee
3403 5055 3475 5122 et
3503 5060 3595 5122 se-

2010 5117 2231 5190 quentia
2284 5117 2488 5176 ironice
2535 5117 2788 5177 dicuntur
2821 5117 2862 5174 av
2898 5117 3171 5190 Dionysio.
3219 5119 3348 5190 Quae
3393 5117 3591 5190 deinde

2009 5188 2328 5263 sequuntur.
2369 5195 2448 5246 sic
2485 5193 2598 5263 lego
2626 5203 2680 5244 et
2712 5188 3073 5263 interpungoi:
3112 5189 3289 5263 [ξολλά
3315 5204 3387 5263 γε
3408 5188 3592 5263 εἰπεῖν

2009 5257 2122 5332 ἔχει
2168 5262 2289 5333 καθῗ
2318 5262 2511 5317 ἑαυτοῦ
2536 5257 2991 5333 ⁷γενόμεναζὸσοί
3033 5260 3332 5333 ἀριθμῆσαι
3363 5257 3591 5333 δύναται

2009 5328 2138 5404 περὶ
2175 5332 2348 5404 ἡμῶν.
2389 5334 2550 5404 Certe
2576 5328 2630 5387 in
2659 5328 3029 5404 vetustissimo,
3066 5328 3259 5404 codice
3283 5328 3588 5391 Mazarino,

2008 5402 2126 5471 post
2157 5402 2340 5457 vocem
2374 5403 2531 5474 ήμῶν
2567 5404 2811 5472 apposita
2853 5412 2939 5456 est
2983 5402 3212 5474 virgula,
3241 5411 3295 5454 et
3332 5410 3590 5474 aute_v_o-

2007 5466 2124 5526 cem
2151 5476 2279 5538 ὅσας
2318 5466 2534 5542 ponitur
2577 5466 2976 5528 subdistinctio.
3008 5466 3189 5526 codex
3230 5483 3409 5524 autern
3441 5466 3583 5522 Fuk.

2007 5546 2370 5597 emendationi
2408 5556 2604 5597 nostrae
2639 5544 2798 5612 plane
2826 5543 3141 5612 subscribit.

2079 5613 2190 5682 (4|)
2242 5605 3000 5683 Ἀξιιομάτων’ἁποθέσεις.
3065 5611 3199 5666 Hinc
3250 5618 3401 5679 patet
3456 5605 3591 5660 Dio-

2006 5685 2717 5755 nysium“Alexandrinum
2783 5683 3337 5755 splendidongenerc
3405 5688 3588 5755 ortum

2007 5753 2192 5811 fuisse.
2226 5753 2356 5813 Nam
2392 5755 2623 5826 dignitas
2650 5770 2711 5811 ex
2751 5754 2966 5826 generis
2997 5753 3279 5810 nobilitate
3309 5753 3592 5821 praecipue
