3928 6252
330 415 391 470 73
1263 418 1611 476 HISTORIA".
1651 423 2208 487 ECCLESIASTICE
2262 433 2389 489 LIB.
2434 435 2550 492 Vll.
3427 457 3534 515 674

291 548 391 584 ται.
427 532 666 596 Φαῦστος
708 534 764 588 δὲ
814 537 911 590 σὺν
953 536 1100 607 αύτῷ
1144 540 1397 610 τηνικάδε
1446 543 1752 616 διαπρέψας

1905 556 2069 611 tnon
2134 557 2253 609 sine
2308 557 2504 626 capitis
2560 559 2642 614 sui
2699 562 2943 630 periculo
2977 568 3249 638 sepeliret.
3291 573 3428 632 Nam
3476 578 3533 635 in

286 626 345 693 τῇ
375 625 651 698 ὁμολογίᾳ,
701 627 861 698 μέχρι
911 629 1004 681 τοῦ
1047 629 1169 683 καθ’
1195 633 1342 702 ἡμᾶς
1379 634 1619 706 διωγμοῦ
1658 640 1792 708 φυλα

286 715 390 739 Π-ὶ-
465 719 689 739 -..----.ὶ-
744 736 840 739 --κη
879 720 932 739 ῼὟ
1001 738 1004 739 ,
1067 721 1082 739 \
1187 721 1242 739 κο
1425 726 1436 739 ο
1569 725 1593 738 «ι

1966 642 2110 698 hunc
2139 662 2307 714 usque
2333 650 2473 704 diem
2515 666 2619 706 non
2645 665 2827 710 cessat
2854 658 3146 725 praefectus
3177 678 3395 723 nostros
3437 671 3532 739 qui

285 715 408 779 θεὶς,
463 719 691 789 γηραιὸς
742 720 935 790 κομιδῆ
995 721 1090 774 καὶ
1147 721 1360 795 πλήρης
1413 725 1671 798 ἡμερῶν,
1732 747 1792 782 κο

1961 739 2266 802 praesentia:
2320 740 2491 810 ipsius
2554 744 2906 814 exhibentur,
2974 754 3174 823 partim
3225 715 3532 818 interficere

284 807 422 876 ἡμᾶς
469 808 667 872 αὐτοὺς
728 811 1010 883 μαρτυρίῳ
1069 813 1168 884 τὴν
1223 814 1462 887 κεφαλὴν
1515 817 1792 890 ἀποτμηθε

284 893 566 922 --“ι-...π-...
635 898 795 922 9ΔἿἻΙ,
848 901 912 922 -ι-
969 903 1042 922 -.ιγ
1126 921 1132 922 ,
1213 905 1243 922 νο
1313 908 1323 922 φ
1402 909 1423 922 ς.
1697 910 1723 920 ...

1958 827 2357 900 crudelissime,
2404 836 2603 907 partim
2659 842 2948 898 tormentis
3006 845 3290 916 dilaniare,
3328 854 3526 922 partim

281 893 591 950 τελειοῦται.
635 898 797 954 Ἀλλὰ
844 901 913 955 τὰ
964 903 1062 972 μὲν
1121 905 1243 957 κατ’
1307 908 1482 961 ἐκεῖνο
1531 910 1724 981 καιροῦ
1771 931 1792 966 τ

2344 893 2354 900 ,
2404 893 2419 902 .
2558 904 2561 907 ,
3010 893 3290 916 -.--...-.-,
3330 893 3526 922 μην...

1955 919 2207 986 squalore
2233 925 2476 980 carceris
2501 937 2554 981 et
2584 928 2818 988 vinculis
2847 949 3157 1003 macerare,
3195 941 3528 1004 interdicens

278 987 526 1058 Διονυσίῳ
558 990 859 1060 συμϐάντα,
889 993 1132 1050 τοιαῦτα.

282 1081 682 1104 f__-A-.!,.I----___.
722 1101 837 1104 __A_
867 1089 878 1104 I
1059 1091 1100 1104 τ’
1268 1102 1276 1104 μ
1512 1093 1548 1104 οι

1954 1022 2022 1061 ne
2052 1011 2176 1077 quis
2211 1013 2277 1068 ad
2308 1029 2403 1070 eos
2459 1017 2684 1074 accedat
2734 1034 2788 1077 et
2841 1037 3194 1094 perscrutans
3235 1048 3359 1086 num
3403 1035 3526 1104 quis

281 1081 410 1135 forte
433 1083 685 1138 videatur
717 1089 997 1145 accedere.
1059 1091 1444 1148 Verumtamen
1512 1093 1653 1151 Deus
1697 1113 1760 1152 ex
1804 1098 2087 1157 alacritate
2141 1121 2205 1162 ac
2264 1108 2606 1181 benignitate
2656 1117 2923 1186 fratrum,
2980 1123 3234 1179 solatium
3308 1081 3523 1186 assidue

277 1181 482 1241 praestat
531 1172 813 1231 aﬂlictis.»
871 1177 994 1234 llaec
1047 1181 1336 1252 Dionysius
1382 1185 1434 1238 in
1483 1185 1571 1240 illa
1629 1189 1847 1258 scripsit
1897 1191 2148 1260 epistola.
2191 1172 2486 1256 Sciendum
2535 1217 2705 1273 porro
2761 1172 3238 1276 est,'Eusebium
3298 1221 3517 1288 quidem

273 1284 420 1336 quem
479 1272 772 1342 Dionysius
817 1275 1103 1331 diaconum
1150 1279 1415 1350 appellat,
1471 1281 1618 1337 brevi
1667 1294 1854 1354 postea
1908 1286 2193 1346 Laodiceae
2243 1295 2298 1349 in
2361 1297 2874 1372 Syriaepiscopum
2923 1321 3043 1362 esse
3121 1272 3514 1386 constitutum;

276 1362 552 1386 ,,___,w_¢_
799 1385 804 1386 ν
866 1372 877 1382 .
998 1372 1056 1386 η.
1208 1377 1218 1386 .
1441 1380 1453 1386 -
1685 1379 1756 1386 .-

272 1362 557 1420 Maximum
593 1383 746 1434 vero,
787 1372 879 1439 qui
923 1386 952 1425 a
998 1372 1257 1446 Dionysio
1311 1380 1601 1450 presbyter
1646 1379 1868 1450 dicitur,
1911 1395 2034 1455 post
2093 1389 2302 1446 obitum
2339 1393 2512 1462 ipsius
2553 1397 2795 1468 Dionysii
2832 1401 3357 1466 administrationem
3387 1362 3512 1468 Aie:

269 1461 537 1517 xandrinae
594 1463 854 1522 Ecclesiae
887 1471 1229 1538 suscepisse;
1292 1472 1552 1529 Faustum
1601 1475 1835 1545 denique
1873 1481 1963 1550 qui
2006 1490 2141 1537 tunc
2184 1489 2442 1556 temporis
2503 1492 2866 1550 confessionis
2895 1496 3050 1552 titulo
3080 1516 3183 1556 una
3213 1519 3336 1559 cum
3388 1507 3514 1563 Dio-

269 1555 409 1624 nysio
433 1555 732 1624 inclaruit,
768 1562 836 1616 ad
865 1566 1039 1619 nostri
1085 1581 1254 1637 usque
1310 1569 1573 1641 temporis
1631 1575 2064 1641 persecutionem
2108 1593 2470 1646 reservatum,
2528 1591 2884 1658 grandaevum
2912 1596 3026 1665 jam
3056 1614 3119 1654 ac
3149 1615 3286 1669 pene
3323 1603 3511 1659 decre-

267 1652 420 1719 pitum
474 1662 662 1710 nostra
723 1667 883 1712 aetate
953 1661 1129 1731 capite
1184 1675 1462 1734 amputato
1519 1669 1838 1739 martyrium
1877 1685 2306 1732 consummasse.
2366 1677 2566 1737 Verum
2620 1683 2688 1742 de
2775 1688 2844 1745 iis
2899 1706 3020 1762 quae
3073 1652 3331 1766 Dionysio

267 1745 508 1812 temporis
528 1749 870 1817 acciderunt,
904 1753 1194 1810 hactenus.

777 1847 1170 1904 ΚΕΦΑΛΑΙΟΝ
1209 1853 1304 1906 IB'.
1855 1868 1898 1922 B

261 1930 388 1999 Περὶ
418 1930 534 1987 τῶν
564 1935 640 1988 ἐν
666 1941 1578 2020 Καισαρεία-τῆςῆηαλαιστίνης
1603 1965 1826 2020 μαρτυ-

3379 1709 3508 1756 tunc

2529 1868 2753 1926 CAPUT
2802 1871 2914 1928 XII.

1926 1954 2004 2011 De
2029 1957 2095 2011 iis
2133 1958 2224 2028 qui
2253 1960 2397 2028 apud
2432 1958 2727 2045 Cestri-eam
2764 1964 3066 2024 Palwstinw
3100 1975 3353 2044 martyrio
3385 1992 3503 2045 per-

573 2007 904 2075 ρησάντων
931 2007 1183 2081 (ΝἱοζΠ.
1216 2017 1367 2076 E.vt.
1401 2018 1514 2085 ll).

320 2094 469 2148 Κατὰ
509 2097 568 2150 δὲ
611 2098 704 2153 τὸν
766 2101 1093 2175 δηλούμενον
1156 2107 1514 2180 Οὑαλεριανοῦ
1560 2111 1818 2184 διωγμὸν,

256 2189 392 2256 τρεῖς
412 2189 468 2241 ἐν
493 2191 807 2266 Καισαρείᾳ
836 2195 936 2266 τῆς
972 2196 1344 2276 ῌαλαιστίνης
1390 2205 1457 2273 τῇ
1493 2203 1635 2257 κατὰ
1681 2207 1819 2278 Χρι-

256 2280 366 2334 στὸν
393 2281 810 2354 διαλάμψαντες
842 2286 1122 2360 ὁμολογίᾳ,
1155 2289 1284 2359 θείῳ
1329 2295 1819 2367 κατεκοσμήθησαν

257 2376 547 2447 μαρτυρίῳ,
600 2375 809 2449 Θηρίων
856 2381 1136 2451 γενόμενοι
1182 2381 1334 2454 βορά.
1380 2378 1597 2439 Τούτων
1627 2389 1656 2441 ὁ
1722 2387 1822 2458 μὲν

252 2470 472 2542 Πρίσκος
493 2471 763 2535 ἐκαλεῖτο,
798 2475 825 2525 ὁ
851 2473 907 2527 δὲ
975 2474 1212 2547 Μάλχος,
1242 2477 1320 2547 τῷ
1347 2477 1403 2531 δὲ
1441 2479 1608 2551 τρίτῳ
1665 2482 1814 2536 Ἀλέ-

252 2561 454 2633 ξανδρος
477 2562 653 2634 ὄνομα
681 2559 768 2636 ἦν.
801 2564 1035 2630 Τούτους
1068 2567 1202 2637 φασὶ
1239 2571 1362 2623 κατ’
1405 2570 1571 2644 ἀγρὸν
1600 2571 1814 2625 οίκοῦν-

247 2673 351 2722 τας,
378 2658 643 2730 πρότερον
680 2661 780 2730 μὲν
806 2661 1032 2725 ἑαυτοὺς
1051 2661 1126 2726 ὡς
1156 2663 1378 2734 ἀμελεῖς
1408 2667 1501 2720 καὶ
1536 2666 1812 2739 ῥᾳθύμους

247 2754 472 2817 κακίσαι,
527 2756 615 2808 ὅτι
670 2756 732 2828 δὴ
777 2755 1046 2829 βραϐείων
1099 2758 1191 2812 τοῦ
1235 2759 1426 2834 καιροῦ
1481 2766 1595 2828 τοῖς
1645 2763 1811 2818 πόθου

245 2839 564 2911 γλιχομένοις
589 2842 847 2914 οὐρανίου
897 2846 1256 2916 διανέμοντος,
1296 2851 1606 2924 ὀλιγωροῖεν
1634 2855 1807 2921 αὐτοὶ,

247 2931 312 3003 μὴ
351 2933 466 3003 οὐχὶ
507 2936 958 3007 προαρπάζοντες
999 2937 1092 2994 τὸν
1138 2941 1231 2994 τοῦ
1265 2945 1564 3016 μαρτυρίου
1607 2945 1808 3016 στέφα-

244 3040 341 3091 νον,
370 3026 535 3080 ταῦτα
567 3027 630 3080 δὲ
662 3027 1138 3100 βουλευσαμένους,
1160 3035 1398 3106 ὁρμῆσαι
1427 3038 1519 3092 ἐπὶ
1546 3038 1644 3110 τὴν
1671 3041 1810 3094 Και-

243 3113 468 3184 σάρειαν,
519 3118 693 3188 ὁμόσε
734 3134 811 3194 τε,
838 3121 1081 3195 χωρῆσαι
1127 3125 1220 3177 ἐπὶ
1262 3125 1352 3179 τὸν
1393 3126 1678 3203 δικαστὴν,
1715 3133 1808 3188 καὶ

2538 2033 2706 2100 [uncti
2756 2047 2899 2090 sunt.

1995 2116 2164 2172 Porro
2216 2119 2268 2172 in
2322 2120 2422 2175 hac
2473 2119 2747 2179 Valeriani
2782 2132 3190 2199 persecutione,
3230 2145 3342 2190 tres
3397 2136 3497 2191 viri

1921 2218 2043 2274 post
2079 2209 2341 2278 insignem
2363 2211 2564 2266 Christi
2595 2214 2992 2274 confessionem
3025 2224 3164 2292 apud
3193 2223 3493 2282 Caesaream

1919 2299 2220 2356 Palaestina:
2283 2302 2348 2358 ad
2405 2303 2606 2360 bestias
2666 2307 2932 2378 damnati,
2988 2314 3172 2369 divino
3230 2322 3492 2390 martyrio

1919 2394 2164 2449 coronati
2189 2403 2334 2449 sunt.
2365 2394 2569 2450 Horum
2605 2412 2748 2452 unus
2774 2399 3060 2458 dicebatur
3083 2404 3326 2472 Priscus,
3355 2410 3493 2465 alter

1918 2482 2184 2554 Malchus,
2224 2488 2424 2542 tertius
2454 2498 2634 2545 autem
2665 2490 2992 2550 Alexander.
3030 2498 3192 2570 262
3233 2499 3335 2567 Qui
3366 2518 3488 2557 cum

1917 2576 1972 2630 in
2005 2592 2137 2648 agro
2165 2580 2460 2649 degerent,
2503 2583 2738 2651 primum
2769 2585 2990 2656 quidem
3017 2594 3230 2661 seipsos
3264 2593 3488 2649 insimu-

1917 2667 2061 2724 lasse
2084 2671 2337 2725 dicuntur
2381 2684 2638 2742 tanquam
2680 2676 2905 2744 ignavos
2936 2696 3000 2736 ac
3034 2683 3284 2750 desides;
3343 2685 3486 2754 quod

1914 2773 2037 2813 cum
2066 2760 2282 2816 occasio
2313 2763 2424 2832 ipsa
2446 2764 2656 2819 caelesti
2684 2781 2868 2824 amore
2885 2768 3241 2841 ﬂagrantibus
3261 2779 3483 2845 praemia

1913 2852 2282 2924 distribueret,
2311 2856 2409 2925 ipsi
2448 2870 2759 2928 cessarent,
2798 2879 2900 2918 nec
2930 2879 3187 2920 coronam
3235 2872 3484 2942 martyrii

1912 2946 2286 3016 praeriperent.
2327 2947 2468 3005 Inito
2501 2952 2697 3007 deinde
2734 2953 2878 3010 inter
2907 2971 2968 3012 se
3005 2960 3255 3027 consilio,
3299 2961 3483 3017 (la-sa-

1911 3053 2058 3094 ream
2092 3041 2342 3112 profecti,
2361 3043 2597 3112 iudicem
2640 3048 2815 3118 ipsum
2844 3051 3022 3105 adorti
3066 3064 3212 3120 sunt,
3249 3070 3482 3126 eamque

1910 3145 2073 3201 quam
2105 3133 2342 3191 diximus
2372 3139 2700 3193 sententiam
2736 3154 3088 3212 exceperunt.
3140 3143 3344 3200 Praeter
3382 3148 3482 3202 hos

239 3212 404 3278 τυχεῖν
431 3211 523 3265 τοῦ
545 3213 1030 3287 προδεδηλωμένου
1055 3218 1258 3284 τέλους.
1294 3222 1414 3274 Ἔτι
1443 3221 1581 3295 πρὸς
1599 3225 1792 3292 τούτοις

1909 3225 2104 3280 mulier
2158 3228 2408 3295 quaedam
2454 3229 2508 3284 in
2559 3231 2745 3286 eadem
2797 3233 3040 3299 civitate,
3083 3239 3482 3306 persecutionis

242 3299 439 3389 γύναιόν
465 3322 518 3358 τι
543 3306 694 3360 κατὰ
721 3307 812 3360 τὸν
840 3309 1000 3363 αὐτὸν
1019 3311 1254 3383 διωγμὸν
1273 3314 1332 3366 ὲν
1360 3317 1426 3386 τῇ
1458 3317 1594 3389 αὐτῇ
1626 3318 1800 3387 πόλει,

237 3383 318 3436 τὸν
353 3388 533 3459 ὅμοιον
581 3393 888 3464 ἱστοροῦσιν
942 3398 1126 3465 ἀγῶνα
1172 3383 1539 3472 διηθληκέναι.
1567 3383 1696 3477 ἾΓῆς

237 3478 542 3552 Μαρκίωνος
566 3485 743 3558 αὐτὴν
781 3489 1045 3560 αἱρέσεως
1076 3493 1325 3560 γενέσθαι
1363 3497 1583 3570 κατέχει
1621 3499 1797 3570 λόγος.

752 3580 1148 3636 ΚΕΦΑΛΑΙΟΝ
1180 3579 1276 3638 II".

427 3670 563 3738 Περὶ
595 3669 882 3750 τῆς-,μετὰ
909 3676 1257 3750 ξαοῖελιηνὸν
1282 3679 1542 3750 εἰρήνης.

713 3743 854 3812 (Nic.
896 3744 967 3796 Η.
1002 3745 1067 3797 Ε.
1097 3743 1172 3808 vt,
1208 3749 1319 3813 1‘2).

307 3829 434 3884 Ἀλλ’
461 3833 561 3887 οὐκ
607 3832 691 3898 εις
736 3836 942 3907 μακρὸν
979 3837 1218 3894 δουλείαν
1261 3843 1360 3914 τὴν
1405 3844 1557 3916 παρὰ
1590 3846 1796 3920 βαρϐά-

236 3936 336 3989 ροις
360 3924 749 3995 ὑπομείναντος
779 3928 1158 4001 Ούαλεριανοῦ,
1207 3937 1552 4007 μοναρχήσας
1579 3941 1607 3993 ὁ
1646 3945 1793 4008 παῖς,

235 4017 656 4089 σωφρονέστερον
721 4021 849 4092 περὶ
902 4021 1000 4093 τὴν
1061 4024 1234 4096 ἀρχὴν
1290 4027 1588 4083 διατίθεται
1648 4033 1792 4104 (49),

232 4100 396 4173 ἀνίησί
429 4124 485 4159 τε
510 4107 714 4162 αὐτίκα
738 4110 824 4164 διὰ
861 4115 1307 4186 προγραμμάτων
1348 4117 1439 4172 τὸν
1482 4121 1602 4175 καθ’
1639 4123 1794 4194 ἡμῶν

229 4191 466 4265 διωγμὸν,
493 4199 582 4252 ἐπ’
618 4200 923 4273 ἐλευθερίας
951 4207 1063 4268 τοῖς
1085 4206 1178 4259 τοῦ
1203 4207 1360 4276 λόγου
1386 4213 1691 4282 προεστῶσι
1720 4215 1788 4270 τὰ

231 4282 282 4349 ἐξ
312 4286 459 4352 ἔθους
486 4291 756 4345 ἐπιτελεῖν
793 4294 858 4346 δι’
898 4297 1235 4370 ἀντιγραφῆς
1285 4303 1626 4372 προστάξας,
1672 4308 1793 4378 ἥτις

227 4375 398 4431 τοῦτον
419 4379 529 4451 ἔχει
557 4381 652 4436 τὸν
686 4383 883 4455 τρόπον
906 4402 918 4414 ·
954 4405 973 4438 t
1002 4389 1364 4462 Αὐτοκράτωρ
1399 4393 1616 4466 Καῖσαρ
1653 4375 1792 4451 Πού-

230 4465 369 4529 πλιος
418 4470 660 4535 Λικίνιος
706 4473 1015 4545 Γαλλιηνὸς,
1064 4478 1328 4550 Εὐσεϐὴς,
1374 4465 1640 4554 Εύτυχὴίς,
1698 4487 1793 4538 Σε-

227 4554 426 4627 ϐαστὸς,
451 4563 712 4635 Διονυσίῳ
744 4566 837 4618 καὶ
885 4568 1052 4640 Πίννᾳ
1093 4569 1186 4622 καὶ
1213 4573 1512 4650 ,Δημητρίῳ
1553 4575 1647 4628 καὶ
1677 4579 1790 4641 τοῖς

227 4645 411 4714 λοιποῖς
435 4653 754 4720 ἐπισκόποις
772 4673 786 4686 ·
816 4657 915 4723 τὴν
939 4645 1254 4728 εὐεργεσίαν
1284 4663 1385 4732 τῆς
1412 4664 1551 4735 ἐμῆς
1579 4666 1786 4737 δωρεᾶς

225 4740 303 4796 διὰ
357 4748 550 4811 παντὸς
607 4748 698 4802 τοῦ
749 4751 949 4822 κόσμου
1002 4752 1389 4826 ἐκϐιϐασθῆναι
1441 4759 1780 4830 προσέταξα·

225 4832 358 4900 ὅπως
387 4841 491 4893 ἀπὸ
532 4842 716 4896 τόπων
752 4843 859 4898 τῶν
891 4844 1308 4918 θρησκευσίμων
1357 4850 1780 4922 ἀποχωρήσωσι.

225 4927 323 4983 Καὶ
351 4930 434 4986 διὰ
453 4933 610 4990 τοῦτο
630 4936 722 4990 καὶ
746 4937 901 5008 ὑμεῖς
927 4938 1028 5010 τῆς
1058 4939 1398 5012 ἀντιγραφῆς
1416 4944 1514 5014 τῆς
1539 4944 1680 5014 ἐμῆς
1706 4943 1785 5016 τῷ

223 5021 362 5092 τύπῳ
412 5027 520 5099 (50)
578 5029 808 5101 χρῆσθαι
863 5031 1122 5097 δύνασθε,
1184 5033 1324 5088 ὥστε
1391 5035 1593 5107 μηδένα
1654 5038 1784 5108 ὑμῖν

289 5143 390 5212 (49)
413 5146 551 5215 Περὶ
581 5147 932 5225 τὴν-’ἀρχὴν
955 5150 1290 5225 διατίθεται.
1321 5151 1435 5208 Vox
1482 5155 1611 5225 περί
1655 5171 1786 5223 sup—

224 5212 387 5292 pletur
410 5212 662 5292 ex'codd‘.
682 5212 920 5292 gleill'et
950 5221 1130 5292 Μαι,
1184 5224 1380 5292 quibus
1439 5212 1601 5279 etiam
1653 5212 1786 5280 con-

226 5285 447 5340 sentiunt
474 5289 632 5342 codd.
682 5289 816 5346 Fuk.
847 5302 903 5347 et
939 5291 1100 5347 Savil.
1132 5285 1301 5348 Porro
1355 5298 1653 5350 monendus
1699 5303 1784 5351 est

227 5351 402 5428 lector,
425 5359 658 5428 capitum
682 5362 927 5416 ordinem
957 5363 1046 5417 hic
1071 5380 1100 5416 a
1135 5364 1329 5418 Ruﬁno
1360 5377 1771 5420 commutatum.

225 5419 636 5484 llzecenim'duo
675 5435 848 5500 capita
874 5435 940 5488 l5
985 5445 1040 5488 et
1090 5435 1155 5487 M
1205 5419 1434 5490 Rufinus
1482 5419 1774 5491 collocavit

223 5507 334 5571 post
365 5508 522 5567 caput
555 5501 641 5566 l9,
671 5506 812 5571 quod
835 5515 917 5558 est
951 5505 1018 5557 de
1042 5507 1300 5559 cathedra
1345 5505 1554 5560 Jacobi.
1597 5507 1654 5560 ln
1689 5508 1772 5560 in-

359 5565 530 5644 tamen
563 5565 943 5644 capiiuloruu't,
973 5590 1132 5644 quem
1187 5576 1326 5629 idem
1389 5577 1611 5630 Rufinus
1642 5578 1770 5644 huic

227 5632 647 5714 Inlbroptzeiixiﬁ
677 5643 818 5697 idem
870 5632 954 5698 est
989 5632 1128 5701 ordo
1174 5647 1530 5714 capitulorum
1561 5643 1654 5714 qui
1713 5648 1766 5700 in

224 5702 412 5782 Graecis
432 5702 651 5765 Eusebii
689 5715 1108 5782 exemplaribus.
1145 5702 1259 5769 Cur-
1302 5729 1482 5771 autem
1538 5702 1765 5771 ﬂinﬁnus

224 5777 708 5851 ordinemcapitum
741 5777 1050 5848 mutaverit,
1081 5801 1299 5840 causam
1324 5802 1429 5841 non
1460 5786 1630 5851 video,
1659 5787 1763 5841 nisi

228 5840 353 5898 forte
384 5850 505 5916 quia
525 5840 871 5922 commodius
893 5870 1012 5910 esse
1034 5840 1264 5922 censuit,
1288 5840 1476 5910 Marini
1515 5868 1567 5911 et
1606 5840 1767 5909 Astu-

228 5927 284 5965 rn
317 5921 570 5991 niartyria
593 5925 910 5981 Subucuere
971 5926 1206 5995 passioni
1253 5921 1550 5999 martyrum
1596 5927 1766 5982 Cit-sa-

1904 3317 2066 3389 hujus
2095 3328 2360 3390 tempore,
2385 3323 2547 3378 simili
2574 3328 2872 3382 certamine
2912 3328 3201 3397 perfuncta
3227 3346 3346 3388 esse
3369 3348 3482 3388 me-

1905 3418 2170 3466 moratur.
2212 3412 2382 3480 Quam
2416 3416 2632 3485 quidem
2656 3433 2721 3474 ex
2768 3418 3062 3476 Marcionis
3099 3432 3247 3478 secta
3290 3421 3478 3490 fuisse,

1901 3509 2162 3557 constans
2188 3500 2333 3557 fama
2362 3513 2469 3559 est.

2483 3595 2710 3652 CAPUT
2749 3598 2884 3654 Xlll.

2251 3683 2329 3740 De
2352 3703 2478 3754 pace
2511 3703 2544 3741 (ι
2577 3685 2818 3744 Gallieno
2849 3692 3081 3748 reddita.

1968 3837 2169 3894 Verum
2232 3841 2522 3897 Valeriano
2577 3858 2684 3897 non
2736 3845 2907 3901 multo
2962 3857 3086 3917 post
3141 3864 3171 3903 a
3223 3850 3472 3908 barbaris

1897 3945 2056 4004 capto
2085 3943 2140 3988 et
2163 3934 2216 3988 in
2247 3934 2562 3990 servitutem
2595 3938 2836 4002 redacto,
2870 3939 3012 3996 filius
3046 3941 3161 4010 ejus
3189 3942 3472 3999 Gallienus

1895 4027 2042 4081 solus
2087 4025 2374 4097 imperium
2421 4028 2695 4096 obtinens,
2750 4032 3084 4088 moderatius
3129 4049 3188 4089 se
3247 4038 3465 4104 gessit:

1896 4116 2188 4185 missisque
2213 4117 2409 4172 edictis
2432 4158 2447 4184 ,
2478 4121 2914 4189 persecutionem
2951 4123 3212 4180 adversus
3251 4137 3468 4182 nostros

1893 4219 2221 4264 commotam
2267 4211 2516 4276 sedavit;
2577 4221 2741 4282 utque
2773 4214 3053 4284 religionis
3080 4229 3278 4272 nostra:
3328 4219 3470 4272 anti-

1893 4300 2052 4355 stites
2079 4315 2272 4356 secure
2301 4301 2561 4374 deinceps
2594 4319 2791 4360 munus
2824 4321 2985 4360 suum
3012 4307 3248 4375 obirent,
3277 4308 3467 4378 hujus-

1894 4393 2040 4446 modi
2070 4393 2336 4462 rescripto
2361 4395 2615 4464 praecepit
2641 4413 2656 4447 :
2693 4413 2712 4446 ι
2741 4395 3040 4466 Imperator
3066 4396 3250 4452 Caesar
3283 4397 3342 4451 P.
3377 4396 3469 4452 Li-

1893 4483 2068 4538 cinius
2105 4481 2409 4548 Gallienus,
2441 4483 2588 4549 Pius,
2619 4483 2807 4550 Felix,
2839 4487 3148 4558 Augustus,
3191 4487 3465 4558 Dionysio,

1896 4569 2106 4638 Pinntr,
2148 4571 2438 4637 Demetrio,
2482 4583 2535 4627 et
2575 4573 2804 4644 reliquis
2851 4577 3144 4645 episcopis.
3178 4577 3466 4648 Indulgen-

1896 4662 2026 4715 tiam
2061 4661 2309 4717 benelicii
2335 4664 2505 4718 nostri
2540 4679 2634 4730 per
2665 4665 2977 4720 universum
3013 4666 3202 4720 orbem
3240 4666 3463 4722 dill'undi

1893 4754 2277 4824 praecepimus,
2309 4766 2367 4810 ut
2397 4759 2576 4811 cuncti
2612 4771 2642 4810 a
2683 4755 2952 4826 religiosis
2979 4756 3111 4812 locis
3145 4759 3461 4812 abscedant.

1892 4847 2162 4914 Quocirca
2189 4858 2243 4902 et
2271 4863 2366 4902 vos
2396 4849 2650 4918 rescripti
2685 4849 2855 4904 nostri
2893 4849 3067 4904 forma
3101 4851 3174 4902 uti
3214 4851 3458 4918 potestis,

1892 4950 1950 4996 ut
1980 4940 2161 4996 nullus
2193 4941 2346 4996 vobis
2361 4941 2618 5009 deinceps
2651 4941 2950 4996 molestiam
2994 4941 3245 4995 facessat.
3286 4940 3461 5010 Atque

1891 5035 1945 5090 id
1979 5034 2120 5103 quod
2151 5032 2305 5087 vobis
2336 5033 2554 5101 exsequi
2588 5031 2734 5098 licet,
2766 5033 2882 5101 jam
2917 5033 3123 5087 dudum
3149 5047 3177 5084 a
3208 5048 3293 5087 me
3326 5048 3460 5089 cou-

1889 5151 2176 5207 riensium.
2208 5151 2310 5205 Sed
2343 5152 2776 5204 animadvertere
2805 5149 3068 5204 debuerat
3095 5149 3323 5203 diversis
3346 5149 3460 5204 lucc

1892 5222 2227 5299 temporibus
2273 5221 2583 5299 contigisse.
2643 5219 2776 5299 Nam
2825 5220 3190 5299 Ctesarietiscs
3223 5219 3456 5299 quidem

1887 5294 1960 5348 illi
1989 5289 2135 5361 passi
2159 5301 2282 5345 sunt
2334 5291 2387 5343 in
2447 5291 2822 5361 persecutione
2872 5289 3163 5361 Valeriani,
3223 5289 3458 5344 Marinus

1882 5359 2062 5418 autém
2116 5373 2173 5416 et
2206 5359 2456 5414 Asturius
2510 5363 2610 5415 sub
2659 5359 2926 5414 Gallieno.
2974 5359 3152 5412 liulini
3209 5375 3452 5413 errorem

1880 5432 2163 5490 Usuardus
2186 5443 2240 5485 et
2278 5433 2396 5485 Ado
2428 5446 2490 5486 ac
2523 5431 2719 5509 reliqui
2735 5432 2986 5509 deinceps
3021 5430 3215 5509 secuti,
3249 5439 3454 5501 marty-

1879 5506 2017 5558 rium
2050 5502 2243 5556 Marini
2281 5510 2457 5580 atque
2519 5501 2720 5580 Asturii
2759 5501 2829 5580 in
2885 5499 3156 5580 Valeriani
3189 5499 3452 5580 _teiiipora

1877 5573 2246 5630 contulerunt.
2281 5569 2390 5624 Sed
2413 5585 2506 5624 eos
2535 5571 2733 5624 refellit
2758 5570 3042 5634 Eusebius,
3074 5580 3131 5622 ut
3169 5570 3305 5623 dixi.

1945 5645 2057 5715 (50)
2091 5639 2566 5715 Ἀντιγιοειεγίιῆς...Ϊ
2591 5639 2671 5704 τῷ
2703 5641 2908 5715 attingis
2929 5639 3180 5715 Formam
3205 5639 3452 5715 rescripti

1875 5711 2266 5790 interpretatus
2289 5729 2430 5774 sum,
2470 5721 2526 5762 ut
2551 5712 2740 5790 Latini
2765 5713 2909 5790 loqui
2946 5714 3145 5764 solent.
3201 5711 3290 5788 Sic
3318 5713 3449 5790 ᾼιιι-

1873 5779 2111 5842 brosiits,
2148 5793 2201 5835 et
2233 5784 2588 5851 imperatores
2620 5782 2669 5832 in
2702 5779 2922 5851 Codice,
2952 5793 3008 5834 ut
3053 5781 3237 5835 notavi
3269 5781 3336 5834 ad
3384 5780 3449 5832 li-

1875 5855 2028 5908 brum
2062 5870 2149 5908 ιιν
2183 5854 2359 5912 Amm.
2399 5852 2712 5904 Marcellini.
