3928 6252
421 353 525 411 675

1116 339 1385 398 EUSEBII
1422 336 1900 395 CAESARIENSIS
1938 336 2093 394 OPP.
2134 337 2317 394 PARS
2355 338 2398 394 Ι.
2442 368 2510 377 -
2549 336 2942 394 HISTORICA.

3544 344 3644 399 676

422 481 634 524 ccssum
654 474 757 521 est.
796 462 1025 518 Proinde
1053 457 1301 513 Aurelius
1344 454 1612 525 Cyreuins
1660 465 1981 523 procurator

2098 455 2337 525 ἐνοχλεῖν.
2373 455 2482 508 Καὶ
2516 455 2673 509 τοῦτο
2702 457 2839 527 ὅπερ
2871 455 3011 510 κατὰ
3047 455 3107 510 τὸ
3149 452 3267 521 ἐξὸν
3306 456 3525 514 δύναται
3560 461 3644 533 ὑφ’

423 574 648 616 summae
688 556 792 620 rei,
839 555 950 609 dati
993 568 1023 607 a
1067 550 1227 606 nobis
1257 549 1505 616 rescripti
1535 546 1763 601 formam
1791 561 1978 617 seque-

427 660 533 705 tur.
561 666 579 699 ι
629 644 756 701 Hinc
784 659 850 699 ex
879 642 1072 698 Latino
1112 641 1167 695 in
1209 638 1461 694 Graecum
1520 652 1825 693 sermonem
1874 652 1983 707 quo

425 739 626 792 clarius
655 734 1108 805 intelligerentur,
1142 730 1423 795 translata,
1456 730 1606 798 operi
1636 731 1986 784 nostroinse—

428 825 656 877 ruimus.
689 821 786 876 Est
819 831 872 876 et
895 821 1000 875 alia
1027 819 1270 888 ejusdem
1296 817 1644 886 imperatoris
1671 817 1986 873 constitutio

425 918 494 970 ad
516 916 649 969 alios
675 914 963 985 episcopos
988 913 1135 980 data,
1166 927 1272 981 qua
1302 914 1368 967 iis
1413 911 1664 982 permisit
1702 920 1761 965 ut
1786 923 1987 966 creme-

428 1008 681 1062 teriorum
713 1020 933 1061 suorum
961 1006 1077 1060 loca
1101 1013 1513 1075 recuperarent.

2085 546 2239 618 ὑμῶν
2291 547 2750 620 ἀναπληροῦσθαι,
2813 550 2917 619 ἤδη
2968 549 3074 621 πρὸ
3136 547 3327 611 πολλοῦ
3377 551 3467 603 ὑπ’
3519 553 3644 622 ὲμοῦ

2089 637 2520 710 συγκεχώρηται.
2557 640 2667 692 Καὶ
2709 639 2797 693 διὰ
2833 639 2988 693 τοῦτο
3020 639 3284 711 Αὐρήλιος
3331 641 3597 713 Κυρήνιος
3620 645 3647 697 6

2088 729 2181 782 τοῦ
2208 730 2464 800 μεγίστου
2509 731 2833 801 πράγματος
2863 731 3241 802 προστατεύων
3273 730 3403 803 (51),
3443 733 3533 787 τὸν
3556 737 3648 790 τύ-

2090 837 2189 874 πον
2226 822 2314 875 τὸν
2357 823 2448 876 ὑπ’
2477 821 2611 894 ἐμοῦ
2650 822 2870 876 δοθέντα
2919 822 3249 892 διαφυλάξει.
3288 843 3307 876 ι
3346 826 3529 880 Ταῦτα
3565 830 3651 881 ἐπὶ

2090 911 2151 965 τὸ
2212 914 2539 986 σαφέστερον
2612 916 2675 968 ἐκ
2734 914 2834 986 τῆς
2901 914 3183 986 Ῥωμαίων
3259 916 3650 988 ἑρμηνευθέντα

2089 1002 2332 1076 γλώττης
2360 1006 2644 1074 ὲγκείσθω.
2680 1008 2789 1060 Καὶ⁴
2816 1007 2947 1079 ἄλλη
2985 1007 3042 1061 δὲ
3081 1006 3175 1061 τοῦ
3210 1009 3372 1063 αὐτοῦ
3420 1010 3652 1076 διάταξις

423 1102 667 1174 φέρεται,
704 1101 772 1171 ἢν
814 1099 950 1172 πρὸς
978 1099 1195 1171 ἐτέρους
1247 1100 1577 1163 ἐπισκόπους
1622 1097 1934 1169 πεποίηται,
1968 1101 2040 1153 τὰ
2078 1098 2186 1152 τῶν
2217 1100 2560 1173 καλουμένων
2608 1103 2978 1174 κοιμητηρίων
3007 1102 3409 1175 ἀπολαμϐάνειν
3442 1105 3649 1177 ἐπιτρέ-

423 1212 540 1250 πων
566 1195 757 1267 χωρία.

1002 1283 1228 1340 CAPUT
1261 1284 1400 1341 XIV.

496 1375 726 1441 Quinam
770 1375 955 1430 iisdem
997 1374 1313 1445 temporibus
1343 1377 1634 1445 ﬂoruerunt
1667 1374 1920 1447 episcopi.

495 1530 696 1585 Eadem
760 1537 1083 1599 tempestate
1146 1529 1404 1585 Romanae
1455 1533 1674 1602 quidem
1726 1531 1988 1590 Ecclesiae

422 1624 599 1678 adhuc
663 1633 893 1692 praeerat
939 1622 1187 1692 Xystus;
1238 1622 1637 1679 Antiochenam
1680 1640 1807 1680 vero
1862 1634 1987 1694 post

421 1726 661 1771 mortem.
696 1714 845 1770 Fabii
890 1715 1049 1787 263
1095 1715 1469 1770 Demetrianus
1522 1718 1777 1785 regebat;
1843 1717 1983 1786 apud

419 1808 719 1863 Cmsaream
744 1806 1097 1876 Cappadocia:
1122 1806 1510 1874 Fit-milianns;
1555 1810 1606 1862 in
1649 1808 1822 1864 Ponto
1848 1809 1983 1865 Gre-

430 1900 614 1971 gorius
649 1897 921 1967 fraterque
947 1896 1063 1969 ejus
1102 1899 1507 1966 Athenodorus,
1551 1902 1713 1955 ambo
1736 1900 1987 1969 Origenis

421 1989 693 2060 discipuli,
736 1989 1011 2044 Ecclesias
1067 1990 1462 2058 gubernabant.
1501 1991 1659 2061 Apud
1685 1991 1983 2047 Cmsaream

420 2091 600 2137 autem
643 2081 946 2136 Palaestinae
988 2091 1203 2137 mortuo
1251 2082 1568 2138 Theoctisto
1618 2082 1983 2138 sacerdotium

421 2175 658 2244 suscepit
688 2173 943 2227 Domnus.
982 2172 1099 2240 Quo
1140 2189 1247 2229 non
1285 2175 1454 2229 multo
1498 2182 1622 2247 post
1660 2192 1723 2231 ex
1751 2177 1851 2232 bac
1874 2177 1983 2230 vita

421 2265 652 2329 sublato,
686 2264 1033 2320 Theotccnus
1066 2265 1158 2334 qui
1183 2266 1249 2321 ad
1293 2279 1538 2323 nostram
1566 2284 1737 2338 usque
1771 2278 1984 2324 aetatem

422 2357 708 2428 superfuit,
733 2358 786 2412 in
823 2357 940 2426 ejus
963 2359 1145 2415 locum
1178 2363 1501 2432 subrogatus
1520 2371 1621 2416 est.
1656 2361 1753 2415 ilic
1776 2376 1989 2433 quoque

420 2447 664 2519 Origenis
689 2448 905 2504 auditor
943 2449 1110 2506 fuisse
1150 2450 1366 2507 dicitur.
1429 2450 1819 2522 Hierosolymis
1860 2467 1989 2506 vero

421 2549 544 2609 post
575 2536 885 2594 Mazabanis
907 2539 1137 2605 obitum,
1159 2541 1524 2611 episcOpalem
1547 2543 1726 2596 sedem
1753 2541 1992 2595 obtinuit

423 2631 769 2703 Hymenaeus,
798 2631 889 2701 qui
914 2642 1102 2688 nostra
1127 2632 1291 2687 etiam
1321 2642 1479 2687 aztate
1493 2632 1744 2704 plurimis
1776 2632 1990 2689 laudum

425 2724 597 2779 titulis
621 2723 892 2780 inclaruit.

927 2815 929 2818 ⁴
1008 2812 1239 2872 CAPUT
1276 2814 1392 2871 XV.

512 2904 781 2972 Quomodo
816 2904 1058 2962 Marinus
1089 2908 1244 2982 ‘apud
1298 2906 1595 2963 Cwsaream
1645 2913 1900 2982 martyrio

983 2977 1293 3046 perfunctus
1337 2989 1433 3032 est.

491 3066 697 3122 Interea
715 3083 848 3138 pace
872 3072 1087 3125 cunctis
1103 3057 1304 3141 ubique
1324 3070 1586 3127 Ecclesiis
1604 3073 1833 3137 reddita,
1853 3074 1991 3144 apud

2608 1274 3009 1330 ΚΕΦΑΛΑΙΟΝ
3038 1276 3134 1332 IA'.

2239 1372 2303 1424 Οἱ
2331 1362 2456 1424 κατ’
2486 1366 2680 1439 ἐκεῖνο
2716 1370 3173 1439 σννηκμαπότες
3199 1362 3520 1426 ἐπίσκοποι

2579 1438 2720 1509 (Nic.
2747 1438 2819 1492 Η.
2946 1454 3017 1506 rt,
3070 1441 3185 1509 54').

2179 1531 2264 1585 Ἐν
2301 1528 2473 1601 τούτῳ
2512 1528 2571 1582 δὲ
2600 1528 2702 1598 τῆς
2743 1528 2840 1599 μὲν
2883 1527 3167 1599 Ῥωμαίων
3205 1526 3527 1601 Ἐκκλησίας
3550 1531 3653 1586 είσ-

2093 1623 2177 1677 έτι
2222 1620 2344 1676 τότε
2390 1619 2683 1691 καθηγεῖτο
2730 1618 2933 1682 Ξύστος
2971 1619 3106 1690 (52),
3157 1619 3254 1691 τῆς
3299 1620 3356 1673 δὲ
3400 1621 3486 1675 ἐπ’
3544 1622 3657 1675 Ἀνά

2089 1714 2322 1783 τιοχείας
2353 1712 2488 1782 μετὰ
2525 1711 2740 1775 Φάϐιον,
2791 1710 3192 1782 Δημητριανός’
3230 1711 3581 1782 Φιρμιλιανὸς
3604 1713 3659 1768 δὲ

2089 1802 2424 1873 Καισαρείας
2488 1801 2588 1872 τῆς
2640 1798 3046 1854 Καππαδοκῶν.
3122 1801 3233 1854 Καὶ⁴
3300 1802 3394 1855 ἐπὶ
3458 1802 3655 1867 τούτοις

2088 1893 2196 1948 τῶν
2225 1892 2367 1946 κατὰ
2398 1893 2595 1946 Πόντον
2635 1891 2939 1963 ἐκκλησιῶν
2972 1892 3274 1965 Γρηγόριος
3295 1894 3393 1947 καὶ
3414 1895 3443 1947 6
3474 1893 3655 1947 τούτου

2091 1984 2317 2054 ἀδελφὸς
2363 1982 2743 2055 Ἀθηνόδωρος,
2804 1984 3109 2057 Ὠριγένους
3154 1982 3442 2059 γνώριμοι.
3477 1987 3587 2056 Τῆς
3613 1986 3654 2039 δ’

2091 2078 2182 2131 ὲπὶ
2233 2068 2588 2147 Παλαιστίνης
2633 2077 2967 2149 Καισαρείας
3019 2075 3344 2130 Θεοκτίστου
3399 2078 3655 2149 μεταλλά-

2092 2167 2297 2232 ξαντος,
2327 2166 2627 2237 διαδέχεται
2657 2166 2758 2238 τὴν
2788 2166 3088 2238 ἐπισκοπὴν
3126 2165 3347 2238 Δόμνος.
3384 2167 3583 2239 Βραχεί
3604 2168 3657 2221 δὲ

2093 2258 2266 2329 χρόνῳ
2291 2255 2477 2310 τούτου
2514 2255 2914 2326 διαγενομένου,
2953 2254 3242 2320 Θεότεκνος
3283 2259 3312 2310 6
3342 2256 3466 2311 καθ’
3498 2258 3654 2329 ἡμᾶς,

2094 2349 2332 2420 διάδοχος
2379 2347 2723 2403 καθίσταται.
2772 2345 2884 2416 Τῆς
2924 2345 2967 2399 δ’
3022 2347 3329 2419 Ὧριγένους
3382 2348 3659 2421 διατριϐῆς

2096 2445 2191 2497 καὶ
2214 2438 2369 2504 οἶτος
2400 2435 2486 2511 ἦν.
2529 2438 2687 2491 Ἀλλὰ
2718 2438 2811 2491 καὶ
2836 2439 2891 2491 ὲν
2934 2431 3319 2510 Ἰεροσολόμοις
3349 2442 3658 2495 ἀναπαυσα-

2101 2538 2259 2608 μένου
2289 2535 2635 2601 Μαζαὸάνου,
2671 2535 2760 2589 τὸν
2792 2533 2978 2605 θρόνον
3022 2534 3326 2606 Ὑμέναιος,
3368 2537 3398 2589 6
3432 2537 3526 2590 καί
3564 2536 3657 2589 αὗ-

2094 2630 2185 2693 ro;
2205 2631 2297 2683 ἐπὶ
2319 2628 2590 2693 πλείστοις
2615 2631 2726 2694 τοῖς
2742 2629 2862 2686 καθ’
2891 2630 3035 2701 ὑμᾶς
3055 2628 3359 2701 διαπρέψας
3383 2629 3659 2696 ἔτεσι,διε-

2092 2718 2301 2786 δέξατο.
2736 2754 2739 2757 ν

2606 2812 2999 2867 ΚΕΦΑΛΑῙΟΝ
3029 2812 3132 2866 IE'.

2130 2903 2316 2973 Ὅπως
2344 2904 2494 2959 κατὰ
2535 2904 2894 2973 Καισάρειαν
2929 2904 3189 2973 Μαρῖνος
3221 2903 3629 2973 ἐμαρτύρησεν

2292 2995 2297 3001 τ
2591 2976 2729 3046 (Nic.
2757 2975 2828 3030 Η.
2852 2973 2921 3030 Ε.
2949 2989 3024 3038 γι,
3057 2975 3170 3048 15).

2162 3068 2321 3123 Κατὰ
2353 3068 2574 3132 τούτους
2607 3069 2830 3140 εἰρήνης
2869 3067 3183 3139 ἁπανταχοῦ
3216 3067 3324 3123 τῶν
3362 3068 3660 3139 ἐκκλησιῶν

420 3158 718 3215 Caesaream
744 3160 1047 3216 Palaestinae
1063 3162 1304 3220 Marinus
1328 3164 1546 3233 quidam
1577 3165 1794 3219 militari
1817 3167 1987 3234 digni-

2098 3159 2277 3233 οῦσης,
2315 3164 2372 3216 ὲν
2402 3164 2712 3235 Καισαρείᾳ
2754 3164 2855 3233 τῆς
2900 3163 3263 3235 Παλαιστίνης
3294 3164 3538 3236 Μαρῑνος
3560 3160 3664 3215 τῶν

420 3260 534 3306 tate
562 3251 868 3318 decoratus,
901 3253 967 3307 ad
993 3253 1108 3308 hac
1130 3254 1419 3323 splendore
1440 3257 1656 3325 generis
1688 3264 1852 3325 atque
1872 3258 1990 3327 opi-

418 3345 522 3399 bus
548 3344 745 3411 clarus,
771 3344 840 3399 ob
854 3344 1248 3400 confessionem
1267 3347 1466 3402 Christi
1495 3346 1673 3417 capite
1702 3356 1989 3404 truncatus

418 3446 504 3490 est
552 3438 655 3490 bac
692 3435 758 3491 de
796 3450 981 3491 causa.
1037 3435 1224 3492 Honor
1272 3438 1493 3507 quidam
1546 3447 1631 3493 est
1677 3438 1804 3492 vitis
1847 3440 1987 3509 apud

420 3524 715 3591 Romanos,
734 3542 896 3596 quam
927 3528 1016 3597 qui
1044 3528 1223 3598 adepti
1255 3538 1404 3593 sunt,
1431 3530 1779 3584 centuriones
1801 3530 1989 3584 dicun-

422 3628 531 3675 tur.
558 3619 659 3676 Hic
690 3620 840 3676 locus
870 3636 990 3676 cum
1026 3630 1264 3687 vacaret,
1300 3620 1542 3675 Marinus
1568 3621 1759 3676 ordine
1788 3621 1987 3691 gradus

419 3714 505 3770 sui
536 3713 606 3768 ad
651 3729 769 3768 eam
823 3714 1219 3784 promotionem
1263 3714 1584 3768 vocabatur.
1626 3712 1825 3768 Verum
1863 3729 1987 3769 cum

419 3806 628 3862 honore
656 3805 987 3875 illojamjam
1022 3807 1294 3875 potiturus
1327 3814 1494 3871 esset,
1520 3805 1738 3873 quidam
1777 3807 1843 3859 ad
1889 3805 1989 3860 tri-

418 3896 583 3952 bunal
611 3898 874 3953 accedens
904 3897 1171 3952 Marinum
1221 3912 1477 3952 accusare
1516 3897 1705 3967 cmpit,
1734 3912 1988 3955 asserens

418 3987 500 4042 illi
529 3990 743 4058 quidem
777 4000 960 4059 utpote
989 3990 1300 4045 Christiano
1331 3986 1560 4053 homini,
1603 3997 1658 4042 et
1693 3989 1988 4058 imperato-

418 4080 570 4136 ribus
594 4081 901 4138 sacrilieare
922 4082 1196 4146 reuuenti,
1220 4080 1526 4136 Romanam
1552 4081 1871 4151 dignitatem
1899 4098 1990 4138 ca-

489 4237 602 4311 (5l)
634 4238 749 4312 Τοῦ
794 4239 1079 4310 μεγιστου
1132 4242 1476 4312 πράγματος
1543 4242 1982 4309 προστατεύων.

419 4309 591 4365 Hune
633 4309 805 4364 locum
869 4313 976 4377 jam
1031 4312 1229 4364 dudum
1263 4309 1546 4379 explicavi
1601 4314 1650 4365 in
1720 4313 1862 4365 notis
1917 4313 1983 4367 ad

424 4392 681 4452 excerpta
712 4395 791 4452 ex_
813 4380 982 4434 Dione
1003 4381 1320 4452 Cocceiano,
1363 4398 1484 4452 pag.
1551 4381 1676 4435 112.
1735 4382 1985 4449 Cujacius

419 4451 474 4505 in
501 4448 712 4521 IibIVtu
755 4448 1047 4513 0bservat.,
1078 4465 1197 4521 cap.
1224 4451 1313 4513 52,
1352 4448 1497 4506 rec'te
1528 4453 1742 4520 quidem
1764 4448 1992 4516 monuit,

2093 3257 2151 3309 ὲν
2184 3253 2493 3325 στρατείαις
2529 3255 2638 3326 (55)
2677 3253 2949 3326 ἀξιώμασι
2989 3255 3393 3326 τετιμημένων,
3429 3253 3575 3323 γένει
3603 3269 3660 3305 τε

2092 3346 2187 3400 καὶ
2220 3346 2433 3418 πλούτῳ
2463 3347 2769 3420 περιφανὴς
2798 3346 2954 3418 ἀνὴρ,
2989 3347 3075 3401 διὰ
3117 3346 3215 3419 τὴν
3247 3345 3488 3418 Χριστοῦ
3525 3360 3659 3417 μαρ-

2090 3432 2280 3507 τυρίαν
2330 3433 2422 3506 τὴν
2469 3435 2712 3506 κεφαλὴν
2774 3436 3153 3506 ἀποτέμνεται,
3215 3435 3434 3489 τοιᾶσδε
3483 3434 3658 3488 ’ἐνεκεν

2091 3529 2287 3593 αἰτίας.
2330 3529 2476 3599 Τιμή
2526 3546 2612 3592 τις
2656 3529 2773 3581 ἐστὶ
2817 3527 2966 3600 παρά
3022 3528 3311 3600 Ῥωμαίοις
3355 3529 3418 3583 τὸ
3461 3528 3658 3598 κλῆμα,

2090 3616 2152 3676 οὗ
2180 3625 2304 3686 τοὺς
2324 3622 2582 3692 τυχόντας
2610 3622 2773 3691 φασιν
2806 3622 3239 3694 ἑκατοντάρχους
3265 3621 3532 3691 γίνεσθαι.
3566 3620 3660 3674 Τό-

2095 3731 2197 3768 που
2232 3712 2580 3783 σχολάζοντος
2619 3713 2728 3784 (54)
2773 3714 2867 3768 ἐπὶ
2898 3714 3056 3768 τοῦτο
3099 3710 3384 3786 προκοπῆς
3416 3714 3508 3767 τὸν
3549 3715 3662 3767 Μα-

2098 3810 2240 3879 ρϊνον
2275 3808 2309 3877 ή
2335 3804 2430 3859 τοῦ
2467 3803 2675 3876 βαθμοῦ
2708 3804 2861 3871 τάξις
2894 3806 3098 3862 ἐκάλει.
3131 3806 3270 3880 ’Ἤδη
3307 3822 3367 3860 τε
3410 3805 3663 3878 μέλλοντα

2094 3899 2195 3970 τῆς
2224 3899 2391 3970 τιμῆς
2428 3897 2665 3969 ἔχεσθαι,
2714 3899 3000 3972 παρελθὼν
3032 3900 3187 3965 ἄλλος
3214 3900 3319 3972 πρὸ
3350 3900 3447 3952 τοῦ
3498 3899 3663 3970 βήμα-

2094 4007 2206 4054 τος,
2246 3990 2318 4062 μὴ
2350 3989 2551 4057 ἐξεῖναι
2588 3990 2687 4060 μὲν
2724 3991 2917 4062 ἐκείνῳ
2948 3992 3046 4063 τῆς
3094 3992 3378 4064 Ῥωμαίων
3425 3992 3663 4063 μετέχειν

2096 4086 2252 4153 ἀξίας
2302 4083 2442 4138 κατὰ
2486 4084 2613 4148 τοὺς
2664 4081 2925 4149 παλαιοὺς
2981 4084 3197 4157 νόμους,
3243 4086 3554 4158 Χριστιανῷ
3604 4103 3661 4153 γε

2091 4245 2247 4311 bant,
2281 4245 2346 4300 de
2366 4245 2631 4317 castrensi
2662 4244 2856 4300 militia
2903 4252 3064 4300 erant
3116 4254 3347 4317 sumpta,
3399 4257 3459 4302 ut
3512 4257 3658 4303 notat

2094 4317 2364 4370 Asconius
2391 4313 2683 4369 Pedianus.
2828 4340 2831 4341 ν

2167 4386 2280 4454 (54)
2317 4385 2850 4457 ἙκατοντάρχουςΑ
2880 4384 3168 4457 γίνεσθαι.
3219 4388 3409 4441 Τόπου
3442 4386 3667 4457 σχολάο

2091 4452 2315 4522 ζοντοζι.
2337 4454 2472 4510 Cod.
2502 4452 2919 4525 Ηθεξργἰνεσθαι
2951 4455 3138 4519 τόπου,
3163 4457 3276 4510 sine
3297 4452 3661 4519 distinctione,

422 4520 739 4594 rationalem
763 4535 985 4575 summa;
1014 4520 1091 4575 rei
1144 4522 1229 4575 his
1266 4523 1465 4594 _ver_bis
1527 4522 1987 4594 de_s_ignari.__$ed
2025 4526 2067 4581 ι)
2096 4520 2326 4594 eamque
2383 4520 2875 4591 interpu'nct'ionem
2954 4535 3134 4582 tuetur
3214 4526 3572 4581 Casaubonus
3614 4529 3661 4581 in

418 4591 549 4659 quid
577 4599 722 4645 esset
743 4606 953 4644 summa
980 4606 1086 4653 res,
1117 4606 1226 4644 non
1262 4591 1549 4648 intellexit.
1583 4590 1691 4646 Nos
1738 4594 1804 4644 ad
1843 4592 1989 4645 illum

424 4661 609 4716 Dionis
643 4662 838 4723 locum,
863 4663 1199 4717 ostendimus
1233 4677 1499 4714 summam
1536 4676 1649 4714 rem
1689 4661 1829 4717 idem
1868 4677 1992 4719 esse

420 4746 483 4787 ac
514 4746 778 4786 summam
806 4731 1109 4799 pecuniam,
1140 4731 1231 4784 τὸν
1252 4730 1480 4785 καθόλου
1510 4730 1690 4798 λόγον.

493 4827 605 4899 (52)
642 4830 891 4900 ξιῖστος.
951 4834 1060 4884 lmo
1116 4828 1321 4900 Xystus
1382 4830 1705 4900 jampridem
1759 4830 1987 4884 obierat.

421 4897 630 4967 Quippe
666 4897 867 4969 Xystus
921 4900 974 4952 in
1043 4897 1417 4970 persecutione
1462 4898 1739 4954 Valeriani
1791 4901 1991 4970 insigni

420 4970 683 5037 martyrio
722 4980 1010 5023 coronatus
1039 4980 1122 5024 est
1165 4969 1340 5023 Tusco
1390 4981 1445 5024 et
1495 4970 1662 5024 Basso
1719 4969 1988 5036 coss.,vu

421 5038 542 5091 Idus
567 5040 814 5109 Augusti,
847 5049 903 5109 ut
931 5049 1142 5092 constat
1172 5051 1284 5094 tum
1330 5055 1394 5095 ex
1451 5041 1681 5109 epistola
1714 5040 1990 5109 Cypriani,

422 5117 535 5160 tum
564 5122 628 5159 ex
658 5105 817 5160 Libro‘
839 5105 1164 5177 Pontiﬁcali.

491 5218 601 5289 (53)
630 5218 842 5273 Τῶνέν
875 5223 1231 5289 στρατείαις.
1277 5223 1581 5277 Cohortalis
1642 5223 1835 5277 militia
1900 5225 1991 5280 hic

420 5289 632 5361 videtur
658 5291 914 5359 intelligi,
943 5305 999 5345 ut
1043 5308 1108 5345 ex
1141 5294 1492 5361 sequentibus
1525 5295 1648 5348 licet
1708 5294 1989 5360 colligere.

418 5360 504 5414 Fit
524 5362 666 5414 enim
703 5364 901 5416 mentio
928 5360 1526 5429 Α(·1];εἱ]ιιι1ἰ‹ῑίε,ει1ὀνί
1558 5379 1619 5418 ac
1639 5364 1986 5432 judiciorum,

418 5446 536 5500 qua:
565 5434 631 5486 de
654 5444 862 5485 armata
894 5444 948 5486 et
970 5434 1228 5503 castrensi
1253 5435 1438 5486 militia
1465 5435 1567 5489 dici
1603 5450 1707 5489 non
1738 5447 1987 5503 possunt.

420 5504 577 5556 Certe
612 5503 654 5556 si
682 5503 745 5556 de
767 5512 975 5556 armata
1000 5502 1191 5556 militia
1223 5504 1312 5557 hic
1349 5519 1527 5559 sermo
1556 5516 1721 5567 esset,
1740 5502 1990 5560 Marinus

420 5586 599 5641 coram
651 5572 787 5641 duce
835 5585 930 5625 aut
980 5588 1164 5626 coram
1234 5573 1417 5641 legato
1483 5575 1717 5629 Caesaris
1765 5588 1988 5630 causam

421 5640 666 5695 uixisset.
703 5639 982 5695 llabebant
1013 5653 1194 5695 autem
1247 5639 1505 5697 ordinarii
1558 5645 1770 5707 jndices
1824 5644 1987 5698 etiam

421 5710 767 5761 centuriones
789 5725 918 5763 suos
940 5721 992 5764 et
1018 5712 1409 5765 cornicularios
1440 5715 1490 5765 in
1515 5714 1691 5768 ollicio
1726 5731 1842 5769 suo.
1882 5713 1987 5768 Sed

419 5792 471 5830 et
498 5788 691 5833 cuncta
719 5778 830 5833 fere
870 5783 1085 5835 nomina
1117 5781 1421 5837 ollicialium
1458 5787 1548 5852 qui
1588 5786 1719 5853 ipsis
1757 5800 1988 5856 appare-

2097 4596 2241 4650 notis
2271 4596 2336 4647 ad
2366 4594 2735 4663 Spartianum,
2772 4611 2895 4664 pag.
2918 4597 3011 4650 2|.
3044 4595 3135 4651 Sic
3170 4597 3314 4650 enim
3341 4609 3531 4652 censet
3560 4597 3663 4652 Ca-

2097 4664 2763 4732 saubonus,vitemfuisse
2797 4666 3006 4733 insigne
3033 4682 3139 4735 quo
3183 4667 3345 4721 futuri
3392 4670 3665 4722 centurio.

2095 4749 2192 4789 nes
2248 4736 2692 4805 designabantur,
2738 4737 3173 4790 centurionatum
3224 4737 3398 4805 ipsum
3435 4739 3661 4804 gesturi,

2096 4821 2216 4859 cum
2247 4804 2394 4859 locus
2423 4805 2618 4874 aliquis
2647 4821 2848 4860 vacuus
2878 4806 3088 4860 fuisset.
3132 4804 3253 4861 Sed
3287 4805 3588 4861 Salmasius
3612 4810 3661 4861 in

2096 4877 2240 4930 notis
2265 4875 2331 4946 ad
2370 4877 2618 4946 eumdem
2651 4877 3024 4945 Spartianuiu,
3074 4881 3213 4930 hanc
3256 4877 3664 4946 interpretatio-

2096 4960 2235 5017 nem,
2271 4944 2827 5017 Casauboniﬂmerito
2876 4947 3271 5014 reprehendit,
3328 4944 3532 5017 quippe
3578 4948 3663 5014 qui

2095 5016 2239 5068 aliud
2269 5030 2394 5070 esse
2421 5015 2739 5071 credidisset
2768 5018 2933 5070 vitem
2958 5031 3146 5085 gerere
3165 5057 3179 5079 ,
3213 5015 3358 5070 aliud
3389 5015 3665 5071 centurio-

2096 5101 2217 5137 nem
2246 5100 2389 5140 esse.
2421 5086 2606 5153 Itaque
2658 5087 2960 5141 Salmasius
3015 5086 3228 5142 Eusebii
3277 5088 3455 5142 locum
3507 5088 3666 5140 aliter

2095 5154 2445 5225 interpungit,
2481 5166 2536 5225 et
2567 5168 2684 5224 post
2713 5172 2899 5211 vocem
2923 5155 3166 5225 γίνεσθαι
3211 5157 3373 5220 finale
3407 5168 3663 5224 punctum

2094 5226 2336 5295 apponit,
2360 5224 2431 5277 ’ut
2482 5224 2661 5282 fecere
2688 5224 2962 5281 Masculus
3007 5237 3063 5283 et
3118 5229 3662 5295 Christophorsonus.

2094 5294 2254 5349 Certe
2306 5297 2358 5348 in
2417 5297 2801 5352 vetustissimis
2844 5297 3000 5350 codd.
3063 5294 3378 5363 Mazarino’,
3434 5297 3577 5350 Fuk.
3613 5307 3666 5349 et

2093 5363 2347 5419 Medicam
2380 5375 2502 5433 post
2527 5381 2714 5420 vocem
2758 5366 3003 5435 γίνεσθαι
3031 5369 3408 5423 subdistinctio
3434 5368 3665 5422 ascribi-

2097 5444 2202 5506 tur.
2235 5435 2339 5506 Sed
2367 5435 2416 5486 in
2445 5435 2634 5489 iisdem
2664 5438 2972 5502 codicibus,
3007 5449 3126 5506 post
3152 5454 3311 5504 voces
3341 5440 3451 5491 illas
3496 5435 3664 5490 τόπου

2095 5504 2443 5575 σχολάζοντος
2460 5516 2730 5577 punctum
2757 5508 2808 5560 in
2841 5504 3052 5561 summo
3080 5510 3387 5577 apponitur.
3443 5505 3525 5561 Ex
3559 5521 3665 5570 quo

2092 5585 2334 5644 apparet,
2368 5576 2599 5643 scriptos
2626 5592 2813 5631 omnes
2837 5577 3051 5631 codices
3074 5579 3128 5632 in
3155 5576 3315 5643 hujus
3344 5577 3439 5632 loci
3469 5578 3664 5629 distiu-

2093 5647 2272 5698 ctione
2308 5648 2636 5700 consentire.
2670 5645 2780 5701 Nec
2807 5647 2961 5701 valde
2999 5648 3165 5702 refert
3192 5659 3312 5702 utro
3354 5646 3513 5701 modo
3546 5647 3665 5699 dis-

2095 5717 2326 5784 tinguas,
2373 5730 2495 5768 cum
2524 5731 2738 5783 semper
2772 5718 2910 5772 idem
2944 5734 3133 5774 sensus
3185 5720 3411 5773 exsistat
3445 5730 3664 5785 quoquo

2095 5788 2254 5841 modo
2293 5787 2717 5854 interpunxeris.
