3928 6252
313 404 417 457 677

1305 412 1654 470 HISTORIA?
1693 412 2249 475 ECCLESIASTICAE
2291 419 2421 476 LIB.
2464 420 2581 476 VII.

3464 433 3570 491 678

308 523 425 576 ὄντι
462 524 556 577 καὶ
581 526 695 590 τοῖς
720 526 995 597 βασιλεῦσι
1030 529 1103 601 μὴ
1140 529 1340 598 θύοντι,
1374 535 1667 606 κατηγόρει
1689 549 1702 567 ⁴
1740 537 1858 591 αὐτὶ

1993 552 2207 607 pessere
2239 538 2449 609 legibus
2477 552 2583 592 non
2623 535 2820 605 licere;
2866 535 2969 593 sibi
3001 553 3131 595 vero
3159 543 3383 611 gradum
3419 546 3566 604 illum

307 618 364 671 δὲ
390 620 706 677 ἐπιϐάλλειν
742 621 830 676 τὸν
860 624 1081 695 κλῆρον.
1125 626 1239 695 Ἐφ’
1275 621 1320 696 ᾧ
1363 627 1653 699 κινηθέντα
1684 628 1776 681 τὸν
1809 628 1887 681 δι-

307 712 543 783 καστὴν,
590 713 805 783 Ἀχαιὶς
827 710 979 780 οὗτος
1009 712 1245 789 ἦν’(ὅὸ),
1281 719 1495 791 πρῶτον
1530 720 1626 791 μὲν
1665 720 1884 792 ἐρέσθαι

306 801 468 865 ποίας
514 803 543 854 ὁ
594 806 836 876 Μαρίνος
876 805 1098 877 γνώμης
1144 808 1248 881 εἴη.
1311 810 1397 873 Ὠς
1435 810 1480 863 δ’
1521 811 1885 882 ὁμολογοῦντα

303 893 634 963 Χριστιανὸν
683 897 957 967 ὲπιμόνως
1005 900 1167 972 ἑώρα,
1206 902 1372 974 τριῶν
1409 903 1567 975 ὡρῶν
1610 903 1882 957 ἐπιδοῦναι

302 984 456 1056 αὐτῷ
487 988 571 1050 είς
603 988 888 1059 ἐπίσκεψιν
927 989 1216 1062 διάστημα.
1267 994 1453 1057 Ἑκτὸς
1483 994 1616 1066 δῆτα
1659 997 1883 1067 γενόμε-

301 1093 390 1128 νον
443 1078 613 1130 αὐτὸν
658 1080 752 1132 τοῦ
798 1080 1168 1152 δικαστηρίου,
1216 1083 1508 1149 Θεότεκνος
1538 1087 1565 1138 ὁ
1596 1087 1720 1158 τῇδε
1764 1088 1882 1141 ἐπί-

302 1184 508 1234 σκοπος
555 1168 788 1235 ἀφέλκει
840 1175 1151 1246 προσελθὼν
1207 1177 1274 1230 δι’
1333 1178 1568 1249 ὁμιλίας,
1630 1181 1723 1233 καὶ
1781 1180 1880 1250 τῆς

300 1259 484 1330 χειρὸς
517 1260 719 1326 λαϐὼν,
760 1264 853 1317 ἐπὶ
877 1265 975 1336 τὴν
1025 1266 1320 1338 ἐκκλησίαν
1356 1268 1607 1339 προάγει.
1643 1268 1789 1322 Εἴσω
1818 1287 1878 1323 τε

300 1350 436 1421 πρὸς
464 1351 619 1423 αὐτῷ
654 1355 857 1425 στήσας
897 1354 974 1425 τῷ
1015 1356 1336 1427 ἁγιάσματι,
1382 1358 1577 1429 μικρόν
1608 1374 1668 1410 τε
1704 1374 1878 1428 παρα-

305 1441 584 1505 Ιμαστείλας
617 1443 779 1496 αὑτοῦ
811 1443 909 1514 τῆς
953 1443 1221 1515 χλαμύδος
1263 1444 1372 1516 (56)
1412 1444 1506 1498 καὶ
1536 1444 1597 1498 τὸ
1631 1461 1877 1516 προσηρ-

293 1532 529 1603 τημένον
583 1533 733 1605 αὐτῷ
785 1534 936 1603 ξίφος
967 1535 1256 1602 ἐπιδείξας,
1324 1536 1439 1607 ἅμα
1484 1553 1542 1590 τε
1585 1537 1877 1607 ἁντιπαρα-
1920 1566 1925 1569 -

293 1624 472 1695 τίθησι
517 1625 889 1697 προσαγαγὼν
933 1626 1082 1699 αὐτῷ
1124 1628 1222 1699 τὴν
1263 1628 1371 1683 τῶν
1422 1628 1582 1683 θείων
1625 1629 1872 1698 Εὐαγγε-

290 1715 415 1770 λίων
448 1718 698 1791 γραφὴν,
742 1719 1006 1785 κελεύσας
1043 1720 1152 1774 τῶν
1201 1721 1342 1774 δυεῖν
1384 1720 1597 1775 ἑλέσθαι
1629 1720 1692 1774 τὸ
1734 1723 1875 1776 κατὰ

290 1808 534 1880 γνώμην.
590 1811 677 1872 Ὠς
707 1810 753 1864 δ’
781 1811 1044 1882 ἀμελλητὶ
1069 1812 1169 1884 τὴν
1196 1811 1377 1879 δεξιὰν
1417 1813 1724 1884 προτείνας,
1769 1813 1877 1867 ἐδέ-

1993 641 2317 700 competere.
2354 629 2427 684 Ea
2456 645 2511 685 rc
2537 640 2842 686 commotus
2862 631 3298 699 judex,Achaeus
3326 640 3562 705 nomine,

1990 724 2227 792 primum
2260 724 2474 792 quidem
2498 724 2767 781 Marinum
2797 725 3153 795 interrogavit
3180 728 3565 798 eujusnames-

1990 824 2072 869 set
2093 817 2396 871 sentcntizc.
2429 815 2661 885 Cognito
2694 817 2891 871 deinde
2925 820 3071 887 quod
3101 819 3472 877 Christianum
3500 840 3564 881 se

1989 918 2111 959 esse
2154 905 2593 961 constantissime
2637 908 3020 975 proﬁteretur,
3084 910 3248 965 trium
3304 914 3559 970 horarum

1988 998 2221 1064 spatium
2254 998 2318 1050 ad
2355 998 2762 1054 deliberandum
2789 1000 2838 1054 ei
2863 1004 3153 1059 concessit.
3180 1004 3413 1061 Proinde
3438 1024 3558 1062 cum

1987 1102 2055 1142 ex
2106 1090 2362 1157 praetorio
2420 1106 2676 1160 egressus
2729 1104 2897 1164 esset,
2930 1094 3270 1152 Tbeotecnns
3323 1101 3559 1158 civitatis

1986 1181 2270 1250 cpiscopus
2293 1182 2359 1237 ad
2394 1183 2543 1237 illum
2585 1184 2870 1255 accedens,
2912 1197 2967 1243 et
2997 1190 3412 1246 sertnocinando
3444 1194 3563 1247 Ion-

1985 1272 2104 1343 gius
2136 1288 2258 1327 eum
2291 1275 2635 1342 abstrahens,
2676 1278 2947 1347 prehensa
2978 1296 3137 1335 manu
3172 1285 3239 1337 ad
3269 1285 3554 1340 ecclesiam

1983 1366 2251 1435 perducit.
2275 1365 2521 1437 Cumque
2545 1370 2776 1425 interius
2804 1374 2871 1426 ad
2902 1371 3075 1442 ipsum
3100 1374 3270 1429 altare
3292 1391 3414 1430 eum
3445 1388 3557 1432 sta—

1985 1457 2194 1522 tuisset,
2233 1460 2453 1514 reducta
2503 1461 2769 1531 tantisper
2810 1465 2927 1534 ejus
2968 1466 3274 1539 chlamyde,
3315 1471 3552 1536 gladium

1984 1547 2057 1601 illi
2091 1565 2198 1618 quo
2228 1552 2556 1622 prrecinctus
2609 1562 2728 1608 erat
2772 1557 3085 1622 ostendens,
3118 1575 3241 1614 mox
3273 1577 3551 1617 sacrorum

1982 1639 2401 1713 Evangeliorum
2440 1645 2685 1701 codicem
2718 1663 2787 1702 ex
2816 1649 3048 1707 adverso
3080 1651 3246 1718 locat,
3268 1655 3464 1721 jubens
3494 1667 3552 1710 ut

1980 1746 2042 1787 ex
2104 1733 2314 1790 duobus
2362 1744 2546 1791 utrum
2600 1738 2787 1796 mallet
2832 1740 3076 1812 eligeret.
3117 1743 3378 1811 Marinus,
3418 1749 3550 1803 nihil

1984 1834 2287 1891 cunctatus,
2318 1836 2572 1895 protensa
2606 1831 2796 1885 dextra
2830 1834 3070 1889 codicem
3102 1850 3220 1890 cum
3251 1841 3554 1908 apprehen-

289 1898 411 1965 ξατο
439 1900 539 1972 τὴν
580 1899 728 1954 θείαν
750 1902 1164 1975 Γραφὴν,Ἔχου
1178 1903 1377 1967 τοίνυν,
1406 1901 1550 1973 ἔχου,
1576 1904 1708 1975 φησι
1739 1902 1858 1974 πρὸς

1978 1914 2168 1979 disset,
2226 1914 2312 1969 his
2358 1930 2481 1970 eum
2532 1919 2715 1974 verbis
2771 1918 3113 1977 'l‘heotccnus
3165 1898 3546 1993 compellavit:

288 1991 445 2044 αὐτὸν
485 1994 515 2045 ὀ
561 1992 870 2059 Θεότεκνος,
901 1993 994 2048 τοῦ
1043 1994 1199 2059 Θεοῦ,
1235 1995 1329 2049 καὶ
1371 1995 1556 2066 τύχοις
1601 1988 1675 2050 ὧν
1708 1993 1872 2063 εἵλου,

286 2083 418 2156 προς
450 2084 626 2139 αὐτοῦ
666 2086 1089 2159 δυναμούμενος,
1134 2088 1226 2141 καὶ
1260 2087 1443 2159 βάδιζε
1480 2088 1596 2159 μετ’
1628 2089 1869 2161 εἰρήνης.

286 2177 458 2241 Εύθὺς
478 2176 698 2231 ἐκεῖθεν
724 2178 1086 2233 ἐπανελθόντα
1113 2180 1299 2245 αὐτὸν,
1329 2178 1505 2252 κήρυξ
1536 2179 1663 2234 ἐϐόα
1691 2180 1872 2236 καλῶν

288 2268 389 2339 πρὸ
424 2267 522 2322 τοῦ
577 2269 972 2343 δικαστηρίουο
1021 2271 1115 2325 καὶ
1163 2271 1273 2343 γὰρ
1326 2272 1429 2344 ἤδη
1472 2270 1543 2325 τὰ
1588 2271 1687 2344 τῆς
1740 2289 1873 2343 προ-

288 2360 512 2431 θεσμίας
558 2361 658 2415 τοῦ
710 2364 902 2436 χρόνου
950 2364 1295 2437 πεπλήρωτο.
1332 2364 1443 2418 Καὶ
1477 2362 1540 2437 δὴ
1587 2363 1872 2436 παραστὰς

286 2448 361 2519 τῷ
386 2451 748 2523 δικαστηρίῳ,
798 2454 891 2507 καὶ
947 2452 1169 2526 μείζονα
1200 2454 1300 2526 τῆς
1343 2452 1575 2518 πίστεως
1604 2454 1704 2525 τὴν
1736 2471 1871 2526 προ-

288 2541 479 2614 θυμίαν
506 2545 808 2610 ἐπιδείξας,
842 2545 1007 2611 εὐθὺς
1037 2546 1270 2612 ἐκεῖθεν,
1301 2545 1378 2610 ὡς
1410 2540 1579 2617 εῖχεν,
1603 2547 1871 2619 ἀπαχθεὶς

285 2638 377 2709 τὴν
410 2639 501 2691 ἐπὶ
532 2637 776 2711 θανάτῳ,
808 2639 1108 2697 τελειοῦται
1142 2640 1275 2711 (57).

804 2733 1199 2787 ΚΕΦΑΛΑΙΟΝ
1229 2734 1313 2800 ις
1312 2738 1345 2785 ⁷.

320 2820 379 2875 Ἠ
416 2823 570 2875 κατὰ
620 2823 925 2891 Ἀστύριον
958 2825 1190 2893 ἱστορία
1224 2823 1363 2891 (Nic.
1403 2822 1475 2878 Η.
1502 2820 1571 2879 Ε.
1599 2839 1674 2889 γι,
1718 2823 1831 2892 14).

350 2914 518 2967 Ἔνθα
552 2916 653 2969 καὶ
715 2916 994 2988 Ἀστύριος
1042 2919 1136 2972 ἐπὶ
1181 2920 1246 2989 τῇ
1303 2915 1541 2987 θεοφιλεῖ
1584 2915 1865 2989 παρρησίᾳ

285 3006 700 3076 μνημονεύεται,
754 3008 894 3079 ἀνὴρ
932 3007 1039 3060 τῶν
1085 3007 1179 3060 ἐπὶ
1223 3006 1441 3079 Ῥώμης
1486 3006 1865 3079 συγκλητικῶν

283 3098 583 3169 γενόμενος,
632 3098 908 3169 βασιλεῦσί
952 3115 1012 3151 τε
1049 3097 1374 3170 προσφιλὴς,
1425 3099 1519 3152 καὶ
1558 3100 1692 3153 πᾶσι
1724 3096 1865 3167 γνώ-

283 3207 434 3261 ριμος
460 3191 749 3260 εὐγενείας
777 3209 837 3245 τε
873 3192 1031 3246 ἕνεκα
1059 3192 1153 3244 καὶ
1190 3192 1509 3265 περιουσίας
1528 3208 1541 3223 ⁸
1586 3192 1647 3256 ὃς
1673 3190 1862 3265 παρὼν

280 3285 523 3353 τηνικάδε
578 3284 939 3356 τελειουμένῳ
984 3283 1063 3356 τῷ
1098 3285 1355 3358 μάρτυρι,
1404 3286 1497 3339 τὸν
1544 3278 1694 3356 ὦμον
1726 3285 1861 3339 ὁπο-
1888 3267 1932 3325 C

282 3374 406 3439 051;,
439 3378 531 3430 ἐπὶ
571 3377 839 3448 λαμπρᾶς
878 3393 938 3430 τε
980 3376 1074 3430 καὶ
1108 3375 1431 3441 πολυτελοῦς
1463 3376 1691 3449 ἐσθῆτος
1722 3375 1861 3449 ἄρας

280 3465 337 3519 τὸ
368 3468 560 3538 σκῆνος
586 3467 929 3539 ἐπιφέρεται,
965 3466 1310 3538 περιστείλας
1341 3484 1401 3520 τε
1433 3462 1493 3520 εὗ
1529 3466 1673 3538 μάλα
1692 3465 1855 3519 πλου-

282 3556 421 3621 σίως,
454 3561 520 3631 τῇ
558 3560 915 3632 προσηκούσῃ
958 3559 1103 3630 ταφῇ
1147 3558 1501 3630 παραδίδωσι.
1530 3558 1731 3612 Τούτου
1764 3577 1855 3631 μυ-

284 3649 366 3720 ρία
393 3650 492 3723 μὲν
521 3651 624 3705 καὶ
656 3651 791 3706 ἄλλα
827 3651 1254 3723 μνημονεύουσιν
1298 3652 1349 3705 oi.
1381 3650 1606 3724 τάνδρὸς
1645 3650 1742 3706 καί⁹
1773 3652 1854 3716 εἰς

279 3743 416 3811 ἡμᾶς
450 3742 827 3815 διαμείναντες
852 3742 1136 3815 γνώριμοι.

795 3952 1190 4007 ΚΕΦΑΛΑΙΟΝ
1221 3951 1318 4006 IZ'.

281 4041 409 4109 Περὶ
441 4041 559 4095 τῶν
589 4042 741 4096 κατὰ
777 4039 1050 4097 Πανεάδα
1091 4043 1359 4112 σημείων
1396 4040 1504 4111 τῆς
1534 4040 1641 4095 τοῦ
1666 4038 1850 4108 Σωτῆ-

673 4132 783 4181 ρος
810 4113 978 4182 ἡμῶν
990 4113 1444 4182 μεγαλουργίας.

350 4202 511 4274 Ἀτάρ
547 4205 647 4257 καὶ
676 4205 979 4275 παραδόξου
1010 4203 1274 4257 τοιούτου.
1301 4203 1423 4256 Ἐπὶ
1457 4204 1553 4274 τῆς
1580 4202 1847 4256 Φιλίππου

281 4295 605 4369 Καισαρείας
647 4298 711 4368 ἢν
736 4296 979 4351 Πανεάδα
1008 4296 1253 4360 Φοίνικες
1412 4294 1851 4369 προσαγορεύου-

345 4471 452 4544 (55)
492 4473 730 4544 Ἀχαιὸς
796 4469 973 4541 οὗτος
1014 4469 1115 4544 ἦν.
1177 4472 1706 4541 Christophorsonus
1758 4472 1834 4525 A-

266 4541 473 4595 chivum
506 4541 692 4614 genere
728 4545 912 4611 vertit,
970 4541 1058 4599 cui
1106 4559 1210 4599 non
1271 4545 1561 4599 assentior.
1607 4545 1840 4599 Achaeus
1874 4553 1916 4606 D
1947 4541 2380 4614 summabantur,
2404 4551 2458 4597 et
2492 4543 2697 4614 ﬁebant
2731 4543 2924 4596 τέλειοι

280 4613 414 4664 enim
448 4613 645 4684 nomen
675 4617 953 4684 proprium
988 4625 1103 4678 est;
1141 4614 1408 4682 quomodo
1463 4625 1683 4668 vocatus
1711 4616 1839 4668 olim

280 4691 357 4752 est
385 4684 489 4736 dux
519 4683 905 4738 celeberrimus
927 4686 1018 4752 qui
1062 4684 1319 4740 adversus
1377 4686 1703 4738 Antioclmm
1760 4701 1846 4739 re-

282 4750 508 4825 bellavit,
541 4764 604 4808 ιιι
629 4756 822 4809 scribit
854 4750 1134 4825 Polybius.
1165 4753 1261 4810 llic
1288 4769 1452 4823 porro
1499 4755 1727 4809 Achaeus
1779 4755 1846 4809 de

282 4833 379 4894 quo
407 4821 647 4891 loquitur
677 4821 965 4891 Eusebius,
1004 4840 1202 4894 praeses
1256 4821 1376 4879 erat
1409 4825 1728 4889 Palaestinae,
1787 4833 1844 4880 et

284 4889 332 4940 in
358 4889 784 4967 urbecmsarea,
821 4889 1129 4967 qutecaput
1158 4904 1277 4950 erat
1313 4895 1475 4950 totius
1526 4895 1841 4965 provinciae,

284 4961 452 5014 sedem
484 4963 733 5017 habebat.

350 5030 454 5105 (ὄρ)
485 5032 604 5105 Τῆς
640 5034 967 5104 χλαμύδος.
1015 5034 1107 5089 Sic
1161 5034 1279 5103 lego
1317 5050 1415 5103 pro
1466 5034 1610 5103 vulg.
1659 5034 1844 5105 χλανί-

285 5097 383 5162 δος.
402 5097 821 5175 (Ιιιιιιιιιγῖθιιῇιι
858 5097 1140 5159 ρι’ὺτιιιειις
1159 5097 1837 5175 erant-insigniainuitan-

287 5173 663 5245 num,‘utr'ex
698 5176 995 5229 innumeris
1049 5175 1182 5229 locis
1242 5173 1467 5229 Joannis
1518 5177 1841 5245 Chrysosto-

286 5241 373 5299 mi,
399 5243 622 5309 Libanii,
652 5254 706 5298 et
730 5246 958 5300 aliorum
987 5246 1203 5314 probari
1250 5257 1447 5314 potest.
1514 5241 1842 5314 Plerumque

289 5318 454 5386 εειιιειι
482 5327 577 5386 pro
607 5315 888 5386 chlamyde
910 5315 1093 5385 χλανίς
1123 5320 1341 5385 passivo
1354 5331 1541 5370 errore
1556 5316 1838 5386 scribitur.

290 5377 501 5456 yulgata
538 5383 700 5439 lectio
723 5377 1309 5456 fefellit-Nicephorum
1344 5427 1358 5452 ,
1389 5388 1478 5455 qui
1526 5400 1620 5456 pro
1651 5384 1840 5456 χλανί-

284 5445 482 5527 ᾆοςξίιιο
507 5456 785 5527 substituit
814 5445 1152 5527 χιτωνίσκον.
1215 5445 1543 5527 ϐιεέοιῖίιιεί
1568 5445 1840 5527 NysSenus

289 5517 338 5570 in
363 5521 499 5607 I'l’b.‘l
528 5524 721 5607 contra
739 5517 1078 5607 ίίιέὶιυηιὶαςη,
1099 5541 1223 5607 ιιξιςΣ
1240 5517 1393 5607 ξθῑῖἱ
1407 5526 1561 5580 Μετὰ
1586 5517 1642 5577 δέ
1667 5526 1840 5607 ταῦτα

286 5592 404 5667 οξερῖ
433 5592 646 5663 χλανίδα
676 5597 769 5667 καλ
795 5595 967 5667 ζώνην
993 5592 1332 5667 ἀσχοληθεὶς,
1360 5596 1436 5660 ὥς
1464 5612 1659 5667 φασινῤ
1688 5600 1840 5650 ἐπει-

287 5656 575 5731 δὴπᾶιντα,
605 5677 711 5720 etc.
740 5656 1111 5732 Quetn'locum
1139 5656 1375 5736 pessime
1415 5656 1587 5721 Vvértit
1620 5666 1841 5725 Gt'etse-

289 5741 390 5784 l'llS.

355 5800 458 5872 (57)
488 5802 850 5875 Τελειοῦται.
891 5806 945 5861 Id
994 5817 1098 5871 est,
1138 5808 1391 5875 martyrio
1446 5816 1840 5862 consummatus

290 5881 379 5935 est,
400 5885 455 5943 ut
484 5874 775 5944 loquuntur
802 5877 1158 5947 Hieronymus
1188 5888 1240 5933 et
1269 5874 1515 5934 Buliuus.
1545 5876 1679 5932 Nam
1701 5894 1836 5934 cou-

1975 1993 2207 2063 Adha’re
2255 2008 2439 2079 igitur,
2480 2011 2694 2068 adhaere
2734 2013 2899 2087 265,
2927 2014 3057 2079 Deo,
3083 2016 3308 2085 ejusque
3352 2018 3550 2073 virtute

1975 2099 2288 2168 roboratus,
2319 2116 2658 2174 consequere
2685 2108 2828 2175 quod
2856 2107 3091 2177 elegisti.
3122 2106 3269 2163 Vade
3302 2110 3355 2164 in
3388 2126 3541 2179 pace.

1974 2197 2104 2255 Post
2129 2200 2247 2255 hmc
2275 2202 2674 2271 regredientem
2703 2203 2853 2257 illum
2883 2205 2951 2257 ab
2972 2204 3220 2270 ecclesia,
3247 2221 3423 2275 praeco
3446 2222 3543 2275 pro

1972 2289 2181 2346 foribus
2203 2293 2441 2358 praetorii
2475 2308 2704 2349 evocare
2737 2297 2921 2367 cmpit.
2961 2295 3080 2351 Jam
3108 2298 3251 2351 enim
3272 2299 3545 2368 praestitu-

1972 2389 2087 2435 tum
2138 2392 2354 2452 tempus
2394 2382 2698 2440 ellluxerat.
2736 2388 2999 2444 Admotus
3047 2389 3210 2458 igitur
3263 2390 3541 2459 tribunali,

1971 2486 2094 2527 cum
2130 2472 2390 2542 majorem
2432 2491 2595 2546 quam
2643 2489 2805 2534 antea
2832 2480 3171 2536 alacritatem
3207 2482 3328 2537 ﬁdei
3355 2492 3541 2539 osten-

1970 2565 2160 2631 disset,
2194 2567 2376 2623 statim
2418 2568 2564 2637 inde,
2598 2568 2672 2624 ita
2707 2580 2767 2626 ut
2804 2581 2943 2641 erat,
2978 2575 3045 2629 ad
3089 2574 3409 2643 supplicium
3440 2577 3539 2631 ab-

1973 2654 2189 2722 ductus,
2228 2658 2491 2729 martyrio
2523 2670 2817 2717 coronatus
2846 2672 2949 2718 est.

2558 2750 2784 2809 CAPUT
2815 2753 2951 2809 XVI.

2440 2843 2695 2902 Narratio
2739 2846 2802 2901 de
2819 2879 2826 2885 -
2847 2847 3076 2918 Astyrio.

2035 2930 2189 2989 Tunc
2212 2940 2265 2988 et
2288 2934 2544 3007 Astyrius
2571 2939 2641 2993 ob
2662 2936 2967 3008 religiosam
3000 2938 3249 2993 ﬁduciam
3282 2952 3348 2994 ac
3376 2939 3543 2996 liber-

1965 3033 2132 3080 mem
2162 3026 2574 3084 celeberrimum
2606 3046 2803 3087 nomen
2832 3039 2919 3086 εει
2944 3043 3274 3087 consecutus
3302 3049 3318 3089 ζ
3353 3034 3439 3087 vir
3468 3049 3536 3092 ει

1963 3117 2221 3176 Romana:
2237 3122 2390 3178 urbis
2410 3124 2772 3193 senatoribus,
2795 3128 3214 3192 imperatoribus
3230 3128 3390 3183 unice
3409 3130 3540 3182 cha-

1965 3225 2060 3267 rus
2089 3229 2102 3266 :
2134 3222 2335 3268 etcum
2369 3215 2438 3270 ob
2487 3216 2830 3286 splendorem
2880 3219 3117 3290 generis,
3172 3229 3284 3274 tum
3318 3229 3541 3290 propter

1967 3304 2184 3361 divitias
2209 3308 2461 3385 omnibus
2483 3320 2660 3366 notus.
2681 3310 2782 3378 Qui
2804 3327 2927 3368 cum
2948 3312 3248 3382 supradicti
3279 3313 3538 3382 martyris

1966 3396 2231 3467 supplicio
2260 3400 2565 3468 interesset,
2603 3403 2844 3458 humeris
2881 3405 2993 3459 suis
3024 3405 3336 3474 impositum
3369 3407 3536 3460 cada-

1963 3504 2060 3544 ver
2091 3492 2318 3547 candida
2356 3510 2420 3550 ac
2452 3497 2688 3565 pretiosa
2716 3498 2947 3552 amictus
2990 3510 3137 3553 veste
3171 3497 3457 3568 bajulavit,
3484 3507 3538 3553 et
3622 3508 3627 3519 '

1962 3584 2254 3654 magniﬁco
2280 3586 2426 3641 cultu
2445 3598 2718 3651 ornatum,
2742 3589 2953 3644 decenti
2975 3590 3197 3645 tradidit
3221 3591 3534 3660 sepulturae.

1960 3675 2037 3731 De
2070 3676 2175 3731 hoc
2205 3678 2322 3731 viro
2375 3680 2659 3735 inmuuera
2711 3689 2928 3750 quoque
2956 3680 3060 3734 alia
3109 3679 3421 3735 referuntur
3466 3683 3536 3735 ab

1961 3768 2201 3837 ejusdem
2231 3768 2610 3837 iamiliaribus,
2641 3771 2730 3840 qui
2754 3771 2820 3825 ad
2852 3781 3094 3826 nostram
3119 3787 3294 3842 usque
3320 3780 3533 3827 aetatem

1955 3862 2282 3929 superstites
2317 3863 2597 3916 vixerunt.

2523 3952 2750 4009 CAPUT
2792 3951 2950 4006 XVII.

2023 4043 2103 4099 De
2128 4045 2400 4100 miraculis
2432 4045 2733 4102 Servatoris
2763 4048 2928 4100 nostri
2952 4045 3093 4115 apud
3125 4044 3452 4103 Paneadem.

1980 4258 2004 4282 κ
2026 4198 2170 4254 Inter
2200 4214 2320 4269 qua:
2344 4200 2650 4271 huiusmodi
2680 4211 2765 4259 est
2792 4202 3137 4258 miraculum.
3167 4203 3320 4273 Apud
3350 4202 3528 4257 Caesa-

1956 4302 2108 4344 ream
2155 4288 2385 4362 Philippi
2418 4308 2577 4363 quam
2619 4293 2908 4348 Phoenices
2940 4292 3188 4348 Paneada
3224 4294 3526 4368 nominant,

1945 4473 2180 4550 fessione
2201 4470 2426 4542 quidem
2452 4471 2809 4550 inﬂitiabantur
2847 4480 3140 4550 martyres,
3178 4479 3353 4524 morte
3380 4484 3517 4550 con.-

3018 4542 3274 4610 άρτυρες,
3341 4550 3397 4593 ιιι
3446 4542 3522 4593 ait

1947 4559 2380 4608 summanantur,
2404 4559 2458 4597 et
2492 4559 2697 4597 neuant
2731 4559 2924 4596 τελειοι
3018 4559 3274 4612 αρτυρες,
3341 4559 3397 4593 ιιι
3446 4559 3519 4593 au

1947 4614 2235 4685 Dionysius
2262 4611 2665 4685 Alexandrinus
2688 4614 2936 4685 suprain
2974 4559 3076 4685 line
3123 4613 3260 4664 libro
3283 4626 3401 4685 cap.
3430 4611 3519 4672 ll,

1946 4687 2045 4740 sub
2072 4682 2253 4737 linem.
2282 4683 2456 4737 Aliam
2484 4682 2769 4737 rationem
2793 4683 2947 4736 aﬁ‘ert
2981 4682 3230 4734 Clemens
3283 4683 3522 4735 Alexan~

1945 4756 2136 4810 drinus
2164 4755 2218 4807 in
2258 4752 2351 4808 lib.
2389 4768 2443 4807 tv
2477 4751 2788 4823 Stiromatei,
2822 4770 2947 4823 pag.
2984 4750 3112 4813 206,
3169 4766 3267 4803 cur
3317 4762 3521 4823 marty-

1946 4828 2084 4880 rium
2128 4832 2351 4878 vocetur
2405 4822 2706 4886 τελείωσις,
2765 4821 2835 4877 ob
2883 4821 3261 4876 excellentiam
3312 4821 3524 4873 scilicet

1945 4890 2477 4952 charitatiszAt’irixa
2498 4893 2777 4964 τελείωσιν
2800 4893 2860 4946 τὸ
2902 4891 3199 4964 μαρτύριον
3229 4889 3521 4964 καλοῦμεν,

1943 4970 2041 5036 οὐχ
2069 4969 2331 5036 ὀτιλτέλος
2356 4966 2449 5036 τοῦ
2488 4963 2603 5036 βίου
2632 4966 2660 5016 ὁ
2689 4961 3301 5036 ἄνθρωπος’ἐλαᾷεν-ὼς
3332 4962 3380 5013 οἱ
3411 4962 3521 5013 λοι-

1946 5024 2543 5112 πόῖεωάλλς-ὂτέτέλειον
2580 5032 2739 5112 ἔργον
2763 5024 2984 5112 ἆγάπξης
3015 5024 3335 5112 ἐνεδείξατο.
3407 5101 3437 5112 η
3478 5101 3490 5112 _

2015 5106 2126 5174 (58)
2160 5107 2267 5174 Ἢν
2284 5103 2563 5161 Πανεάδα
2584 5101 2881 5172 Φοίνικες.
2910 5101 3199 5157 Phoenices
3246 5104 3336 5174 hic
3388 5101 3520 5155 dicit

1942 5171 2209 5230 Eusebius
2241 5173 2459 5229 Gnaeos
2486 5176 2575 5230 aui
2606 5175 2919 5229 Phtnnicem
2945 5175 3270 5229 incolebant.
3313 5171 3523 5226 Paucas

1944 5249 2089 5300 enim
2119 5261 2312 5299 nomen
2360 5254 2443 5300 est
2490 5242 2739 5299 Graecum
2783 5261 2798 5297 :
2840 5245 2964 5313 Syri
3021 5259 3152 5299 vero
3202 5243 3283 5297 vel
3339 5242 3521 5311 potius

1945 5316 2406 5388 Symphojatices,
2462 5330 2581 5388 eam
2632 5322 2835 5388 urbem,
2881 5316 3003 5388 Dan
3050 5314 3406 5388 appellabant,
3460 5322 3523 5366 ut

1942 5383 2135 5442 scribit
2163 5386 2528 5457 Hieronymus
2547 5386 2612 5457 in
2637 5384 3045 5457 Quwstiouibus
3078 5383 3154 5457 in,
3176 5383 3435 5457 Genesint,
3463 5391 3521 5437 et

1941 5458 1999 5512 in
2024 5458 2163 5512 libro
2190 5456 2263 5509 De
2291 5454 2421 5510 locis
2455 5454 2751 5522 Hebraicis,
2775 5467 2832 5510 et
2881 5458 2932 5508 in
2966 5454 3195 5524 cpistola
3249 5458 3315 5507 ad
3380 5454 3521 5507 Eva-

1942 5529 2142 5597 grium.
2175 5527 2317 5580 Idem
2340 5527 2527 5597 scribit
2565 5525 2963 5594 Philostorgius
3003 5526 3054 5579 in
3089 5526 3184 5579 lib.
3239 5538 3329 5597 vui,
3380 5539 3431 5597 _c.
3458 5524 3515 5578 5.

1941 5594 2120 5667 Locus
2144 5598 2455 5667 Hieronymi
2492 5596 2565 5667 De
2614 5597 2992 5666 quwstionibus
3052 5597 3135 5667 ita
3192 5609 3251 5649 se
3304 5594 3513 5667 habet:

1940 5667 2063 5723 Dan
2091 5664 2364 5721 Pltwnices
2387 5664 2654 5734 oppidum,
2694 5671 2831 5735 quod
2860 5682 2996 5719 nunc
3043 5664 3249 5735 Paucas
3298 5666 3513 5735 dicitur.

1943 5738 2064 5791 Dan
2093 5746 2266 5790 autem
2296 5753 2427 5789 unus
2455 5733 2482 5787 ε
2530 5733 2763 5804 fontibus
2803 5735 3081 5790 Iordanis.
3110 5733 3251 5789 Nam
3290 5744 3341 5788 et
3377 5734 3518 5787 alter

1942 5820 2155 5881 uocatur
2179 5806 2295 5881 lor,
2317 5808 2453 5875 quod
2486 5807 2860 5881 interpretatur
2889 5805 3121 5881 ῥεῖθρον.
3144 5805 3359 5881 Duobus
3390 5817 3514 5881 ergo

1943 5879 2173 5947 fontibus
2207 5878 2295 5949 qui
2318 5881 2461 5931 haud
2489 5880 2674 5950 procul
2704 5894 2734 5930 a
2783 5894 2839 5933 se
2882 5878 3105 5945 distant,
3136 5879 3190 5931 in
3232 5891 3391 5930 unum
3438 5878 3516 5926 ri-
