3928 6252
373 366 477 424 679
1073 361 1340 421 EUSEBII
1372 361 1849 420 C/ESARIENSIS
1885 360 2035 419 OPP.
2076 359 2256 415 PARS
2292 356 2335 418 I.
2377 391 2445 401 —-
2485 354 2878 416 HISTORICA.
3519 363 3622 419 680

372 489 443 545 ad
481 486 647 558 pedes
668 483 820 541 Panii
859 483 1077 549 montis,
1106 483 1287 538 fontes
1319 484 1593 548 visuntur,
1633 498 1697 538 ex
1742 482 1938 553 quibus

2043 497 2116 545 σι,
2134 480 2266 549 φασὶ
2295 480 2448 553 παρὰ
2474 483 2592 544 ταῖς
2622 477 2810 533 αὐτόθι
2827 478 3204 550 δεικνυμέναις
3238 482 3295 535 ὲν
3325 485 3449 548 ταῖς
3484 482 3623 539 ὐπω-

373 577 589 649 proﬂuit
610 575 878 632 Jordanis.
908 575 963 629 In
993 575 1089 628 hos
1120 572 1258 630 festo
1279 574 1516 643 quodam
1541 574 1629 629 die
1658 574 1938 628 victimam

2046 574 2219 647 ρείαις
2262 574 2355 629 τοῦ
2397 573 2731 646 καλουμένου
2768 571 2962 626 Πανίου
2999 574 3154 645 ὅρους
3199 580 3424 646 πηγαῖς,
3460 580 3522 644 ἐξ
3548 571 3620 636 ὧν

373 668 567 739 conjici
601 660 812 724 solita‘m
863 679 985 721 esse
1029 666 1199 733 aiunt,
1246 679 1371 735 qua:
1422 663 1659 718 mirabili
1707 663 1940 733 quadam

373 762 631 817 daemonis
657 758 971 829 Operatione
1013 772 1278 827 nusquam
1329 767 1515 827 postea
1550 764 1938 826 compareret:

373 865 599 921 eamque
634 865 748 910 rem
780 866 810 904 a
862 850 1237 919 Spectantibus
1284 863 1387 920 pro
1431 847 1630 903 illustri
1676 846 1942 902 miraculo

372 941 561 997 haberi
613 941 980 996 consuevisse.
1030 940 1276 1008 Quodam
1318 940 1485 1011 igitur
1529 949 1773 1009 tempore
1817 953 1939 993 eum

371 1034 503 1089 Astu
512 1033 622 1088 rius
648 1033 734 1089 his
751 1032 893 1088 forte
909 1033 1253 1090 caeremoniis
1277 1033 1587 1097 interesset,
1604 1040 1943 1099 cunctosque

371 1124 726 1201 admiratione
774 1124 853 1180 rei
888 1123 1167 1195 perculsos
1197 1124 1428 1191 videret,
1455 1123 1689 1192 primum
1722 1122 1939 1192 quidem

370 1221 669 1278 ctecitatem
693 1219 836 1289 vulgi
861 1219 1156 1275 miseratus
1183 1227 1286 1273 est.
1308 1216 1516 1272 Deinde
1548 1216 1723 1271 oculis
1750 1217 1803 1269 in
1826 1228 1939 1269 cte-

371 1313 480 1368 lum
513 1312 760 1378 sublatis,
792 1325 1107 1382 supremum
1149 1312 1390 1365 omnium
1423 1310 1594 1365 Deum
1627 1324 1722 1378 per
1755 1307 1940 1364 Jesum

370 1404 644 1462 Christum
675 1405 976 1460 obtestatus
1004 1416 1109 1469 est,
1136 1413 1197 1458 ut
1226 1403 1529 1457 daemonem
1579 1400 1730 1456 illum
1758 1398 1939 1470 populi

369 1499 709 1557 seductorem
739 1497 1185 1568 constringeret,
1211 1502 1268 1552 et
1295 1510 1325 1549 a
1357 1493 1689 1563 decipiendis
1715 1491 1941 1562 posthac

370 1589 690 1645 mortalibus
724 1589 1005 1645 abstinere
1043 1604 1164 1644 eum
1202 1588 1443 1659 juberet.
1486 1585 1714 1641 Peracta
1746 1598 1938 1655 preca-

369 1682 537 1746 tione,
557 1689 776 1752 repeute
796 1680 1071 1735 victimam
1091 1679 1333 1735 fontibus
1354 1688 1742 1749 supernatasse
1762 1677 1934 1743 aiunt;

366 1780 531 1842 atque
560 1771 633 1826 ita
654 1771 973 1827 miraculum
1002 1771 1136 1843 ipsis
1156 1785 1381 1841 prorsus
1408 1769 1771 1839 intercidisse,
1791 1767 1939 1825 nullo

368 1862 792 1934 deinceps_circa
812 1863 954 1918 hunc
981 1862 1157 1916 locum
1190 1861 1440 1932 prodigio
1471 1861 1606 1916 viso.

824 1954 984 2027 265
1022 1953 1249 2010 CAPUT
1281 1954 1465 2010 XVIII.

297 2095 303 2101 .
368 2046 443 2102 De
474 2059 651 2103 statua
672 2065 831 2119 quam
863 2049 1054 2102 mulier
1078 2049 1354 2129 sanguinis
1376 2048 1528 2117 ﬂuam
1559 2045 1811 2101 laborans
1839 2062 1936 2117 po-

1090 2128 1219 2173 autt.

447 2209 555 2266 Sed
597 2208 1033 2280 quandoquidem
1089 2209 1251 2278 hujus
1293 2207 1444 2265 urbis
1486 2209 1811 2266 mentionem
1864 2208 1942 2266 fe-

365 2306 571 2368 cimus,
611 2318 715 2358 non
749 2303 1106 2371 incongruum
1154 2299 1318 2354 fuerit
1354 2314 1470 2355 rem
1499 2303 1793 2370 quamdam
1822 2316 1939 2356 me-

365 2396 541 2452 moria
588 2394 854 2465 imprimis
896 2392 1115 2465 dignam
1162 2393 1399 2463 posteris
1441 2394 1677 2448 tradere.
1726 2391 1938 2448 Etenim

364 2488 648 2546 mulierem
692 2486 839 2541 illam
893 2484 1177 2555 sanguinis
1238 2484 1503 2554 proﬂuvio
1565 2484 1936 2549 laborantem,

364 2596 527 2651 quam
574 2594 643 2635 ex
688 2578 861 2635 sacris
918 2576 1228 2648 Evangeliis
1283 2577 1542 2631 discimus
1576 2589 1609 2630 a
1649 2574 1940 2631 Servatore

363 2682 552 2729 nostro
609 2682 855 2728 curatam
910 2669 1100 2738 fuisse,
1148 2682 1217 2724 ex
1262 2669 1365 2724 hac
1406 2668 1628 2723 civitate
1673 2666 1937 2737 originem

366 2766 598 2822 traxisse
641 2763 844 2831 ferunt,
900 2764 1230 2834 domumque
1269 2763 1387 2834 ejus
1420 2761 1621 2818 ibidem
1660 2760 1935 2831 conspici;

364 2866 423 2913 et
464 2855 651 2914 collati
686 2857 742 2912 in
788 2871 906 2912 eam
945 2871 976 2911 a
1017 2855 1308 2911 Servature
1352 2862 1539 2910 nostro
1589 2852 1840 2910 beneﬁcii
1875 2852 1941 2907 il-

364 2949 557 3007 lustria
591 2960 811 3007 exstare
852 2958 1226 3005 monumenta.
1268 2946 1478 3018 Quippe
1521 2946 1676 3018 juxta
1715 2945 1940 3017 januam

362 3045 558 3102 domus
602 3044 782 3110 illius,
824 3059 976 3100 aenea
1018 3043 1264 3099 mulieris
1309 3040 1514 3110 eﬂigies
1560 3051 1708 3097 stare
1740 3040 1941 3098 dicitur

2042 667 2137 721 καὶ
2169 667 2260 721 τὸν
2283 667 2553 739 Ἰορδάνην
2579 665 2917 739 προχεῖσθαι,
2951 666 3089 720 κατά
3112 684 3231 721 τινα
3263 670 3462 741 ἑορτῆς
3487 673 3611 744 ήμέο

2044 774 2144 831 ραν
2200 759 2427 829 σφάγιόν
2468 776 2522 813 τι
2551 756 2984 814 καταϐάλλεσθαι
3017 757 3161 829 (59)·
3216 761 3309 813 καὶ
3341 762 3505 816 τοῦτο
3551 769 3618 838 τῇ

2040 848 2134 903 τοῦ
2171 850 2423 922 δαίμονος
2461 851 2686 921 δυνάμει
2733 850 2935 920 ἀφανὲς
2978 849 3222 919 γίνεσθαι
3272 854 3617 925 παραδόξως,

2042 941 2227 1014 θαῦμά
2265 960 2324 996 τε
2362 938 2501 997 εἶναι
2538 942 2858 1016 περιϐόητον
2898 943 3011 1005 τοῖς
3042 943 3276 1014 παροῦσι
3308 944 3369 998 τὸ
3397 948 3620 1018 νινόμεε

2041 1052 2150 1090 νον.
2200 1036 2450 1109 Παρόντα
2502 1037 2548 1091 δ’
2598 1032 2692 1091 οὖν
2737 1050 2865 1090 ποτε
2903 1040 3015 1101 τοῖς
3075 1038 3471 1109 πραττομένοις
3530 1042 3620 1095 τὸν

2041 1126 2344 1201 ’Δστύριον,
2378 1129 2471 1182 καὶ
2512 1128 2573 1183 τὸ
2600 1130 2833 1201 πρᾶγμα
2859 1129 3403 1200 καταπληττομένους
3442 1130 3617 1188 ἰδόντα

2041 1222 2165 1284 τοὺς
2179 1219 2425 1285 πολλοὺς,
2452 1222 2718 1292 οἰκτεῖραι
2746 1221 2847 1292 τῆς
2868 1220 3094 1293 πλάνης,
3127 1223 3361 1278 κᾶπειτα
3387 1226 3617 1281 άνανεύδ

2042 1329 2211 1367 σαντα
2251 1314 2330 1379 εἰς
2375 1313 2621 1385 οὐρανὸν,
2662 1314 2936 1369 ἱκετεῦσαι
2982 1315 3071 1370 διὰ
3115 1316 3354 1390 Χριστοῦ
3406 1316 3500 1372 τὸν
3525 1318 3616 1373 ἐπὶ

2039 1403 2258 1457 πάντων
2281 1398 2433 1469 θεὸν,
2466 1402 2527 1457 τὸ
2551 1404 2846 1460 λαοπλάνον
2878 1406 3149 1479 δαιμόνιον
3182 1408 3484 1478 άπελέγξαι
3524 1411 3616 1465 καὶ

2039 1496 2245 1550 παῦσαι
2277 1494 2379 1567 τῆς
2407 1494 2518 1549 τῶν
2543 1495 2844 1568 ἀνθρώπων
2876 1498 3109 1572 ἀπάτης.
3140 1499 3326 1556 Ταῦτα
3355 1501 3416 1555 δέ
3454 1517 3616 1571 φασιν

2038 1585 2354 1658 εὐξαμένου,
2402 1586 2613 1659 ἀθρόως
2659 1587 2720 1641 τὸ
2758 1588 2951 1659 ἱερεῖον
2983 1590 3309 1645 ἐπιπολάσαι
3349 1594 3476 1655 ταῖς
3514 1609 3616 1663 πη-

2037 1683 2181 1749 γαῖς.
2212 1678 2368 1735 Οὐτω
2394 1699 2456 1735 τε
2487 1681 2668 1747 αὐτοῖς
2708 1681 2769 1736 τὸ
2808 1683 3108 1755 παράδοξον
3135 1685 3404 1757 οἴχεσθαι,
3456 1684 3617 1757 μηδε-

2039 1773 2128 1838 νὸς
2150 1774 2346 1846 μηκέτι
2368 1773 2644 1846 θαύματος
2677 1776 2803 1848 περὶ
2829 1775 2919 1831 τὸν
2952 1777 3117 1832 τόπον
3140 1778 3436 1850 γενομένω
3464 1823 3477 1838 .

2549 1961 2870 2018 ΚΕΦΑΛΑΙ(
2881 1964 2946 2017 »Ν
2974 1964 3080 2018 IH'.

2176 2052 2319 2124 Περὶ
2352 2051 2470 2125 τοῦ
2486 2052 2837 2123 ἀνδριάντος
2880 2046 2953 2110 οὗ
3000 2057 3039 2125 {ri
3072 2046 3481 2125 αἰμοῤῥοοῦσα

2362 2123 2704 2193 ἀνέστησεν
2721 2124 2857 2195 (Nic.
2890 2125 2959 2179 ll.
2993 2123 3061 2181 E.
3101 2123 3173 2194 vi,
3197 2123 3310 2190 15).

2110 2217 2251 2271 Ἀλλ’
2280 2216 2467 2289 ἐπειδὴ
2496 2217 2656 2288 τῆσδε
2693 2220 2792 2290 τῆς
2819 2214 3026 2282 πόλεως
3053 2220 3134 2284 εἰς
3168 2220 3392 2293 μνήμην
3425 2219 3615 2292 ἐλήλυ-

2040 2308 2129 2375 θα,
2167 2310 2267 2363 οὐκ
2293 2308 2444 2391 ἄξιον
2477 2308 2715 2381 ἡγοῦμαι
2759 2308 3046 2382 παρελθεῖν
3083 2311 3335 2384 διήγησιν
3372 2313 3474 2367 καὶ
3509 2317 3619 2379 τοῖς

2044 2402 2161 2474 μεθ’
2194 2404 2343 2474 ἡμᾶς
2383 2395 2814 2475 μνημονεύεσθαι
2858 2402 3031 2467 ἀξίαν.
3071 2396 3181 2476 Τὴν
3214 2404 3324 2478 γὰρ
3353 2407 3619 2479 αἰμοῤῥο-

2039 2487 2203 2548 οῦσαν
2230 2492 2340 2564 (60)
2366 2494 2433 2565 ἢν
2477 2494 2543 2547 ὲκ
2586 2491 2695 2546 τῶν
2742 2491 2904 2565 ἱερῶν
2944 2490 3482 2567 Εὐαγγελίωνπρὸς
3527 2494 3619 2551 τοῦ

2042 2584 2292 2656 Σωτῆρος
2318 2582 2473 2656 ἡμῶν
2506 2582 2596 2636 τοῦ
2626 2581 2835 2647 πάθους
2858 2582 3181 2656 ἀπαλλαγὴν
3209 2583 3479 2657 εὕρασθαι
3522 2602 3616 2657 με·-

2044 2673 2388 2747 μαθήκαμεν,
2439 2673 2647 2729 ἐνθένδε
2692 2673 2874 2743 ἔλεγον
2911 2674 3204 2747 ὁρμᾶσθαι,
3258 2675 3349 2730 τόν
3383 2693 3449 2729 τε
3476 2671 3618 2731 οἷκον

2040 2768 2209 2839 αὐτῆς
2234 2766 2327 2819 ἐπὶ
2351 2769 2449 2843 τῆς
2477 2765 2684 2830 πόλεως
2709 2765 3036 2831 δείκνυσθαι,
3087 2767 3183 2822 καὶ
3229 2771 3329 2840 τῆς
3376 2769 3491 2823 ὑπὸ
3528 2768 3617 2823 τοῦ

2041 2858 2293 2930 Σωτῆρος
2319 2859 2400 2921 εἰς
2427 2855 2596 2928 αὐτὴν
2616 2857 2932 2929 εὐεργεσίας
2949 2857 3239 2929 θαυμαστὰ
3258 2858 3501 2932 τρόπαια
3520 2880 3617 2917 πα-

2041 2952 2318 3027 ραμένειν.
2360 2949 2610 3003 Ἐστάναι
2654 2949 2762 3023 γὰρ
2793 2952 2879 3019 ἐφ’
2911 2949 3116 3023 ὑψηλοῦ
3161 2949 3309 3005 λίθου
3353 2949 3496 3025 πρὸς
3524 2952 3617 3024 μὲν

2039 3048 2161 3110 ταῖς
2210 3043 2405 3107 πύλαις
2443 3040 2537 3095 τοῦ
2580 3041 2749 3113 αὐτῆς
2786 3040 2957 3107 οἴκου,
3001 3043 3257 3112 γυναικὸς
3313 3043 3618 3115 ὲκτύπωμα

364 3137 632 3193 columnae
666 3136 893 3207 lapideae
937 3136 1221 3207 imposita,
1265 3134 1497 3206 genibus
1529 3131 1687 3189 ﬂexis
1720 3143 1938 3204 proten-

2043 3135 2267 3209 χάλκεον
2293 3135 2386 3191 ὲπί
2419 3135 2553 3204 γόνυ
2581 3134 2919 3207 κεκλιμένον,
2962 3135 3055 3189 καὶ
3083 3135 3409 3207 τεταμέναις
3437 3137 3531 3191 ἐπὶ
3559 3135 3618 3189 τὸ

363 3231 551 3300 sisque
604 3229 855 3285 manibus
913 3229 1086 3285 instar
1138 3226 1511 3297 supplicantis.
1567 3225 1648 3281 Ex
1710 3227 1940 3281 adverso

365 3329 545 3375 autem
596 3318 805 3390 eﬂigies
853 3319 957 3374 viri
1014 3333 1084 3375 ex
1143 3318 1334 3374 eodem
1388 3317 1606 3373 metallo
1666 3316 1937 3383 conﬂata,

291 3426 301 3439 ί
364 3409 560 3465 stantis
628 3424 694 3464 ac
748 3408 986 3480 diploide
1037 3410 1295 3465 decenter
1331 3408 1548 3474 induti,
1607 3419 1940 3478 manumque

366 3499 582 3555 mulieri
628 3500 976 3572 porrigentis.
1027 3500 1108 3555 Ad
1153 3497 1309 3568 cuius
1352 3500 1518 3570 pedes
1562 3499 1617 3554 in
1663 3499 1779 3570 ipsa
1820 3498 1940 3554 basi

367 3593 551 3664 ignota
581 3595 824 3664 quaedam
865 3593 1016 3648 nasci
1058 3594 1259 3649 dicitur
1297 3591 1523 3664 planta:
1551 3607 1672 3662 quae
1709 3591 1778 3647 ad
1818 3591 1942 3646 lim-

368 3685 543 3742 briam
587 3700 760 3756 usque
800 3700 964 3740 aenea:
995 3684 1250 3756 diploidis
1287 3699 1576 3755 assurgens
1609 3682 1940 3755 depellendis

367 3779 546 3836 omnis
588 3779 802 3850 generis
846 3778 1050 3833 morbis
1101 3778 1584 3848 praesentissimum
1634 3776 1934 3831 remedium

363 3880 467 3927 est.
529 3866 679 3923 Hauc
725 3877 959 3924 statuam
1006 3865 1134 3924 Jesn
1188 3867 1394 3924 Christi
1435 3868 1670 3938 speciem
1731 3866 1938 3923 referre

363 3962 601 4016 aiebant.
641 3959 838 4014 Mansit
885 3973 1048 4029 porro
1091 3958 1157 4012 ad
1208 3969 1394 4014 nostra
1446 3973 1616 4029 usque
1652 3967 1933 4028 tempora:

362 4067 571 4122 nosque
599 4053 735 4107 adeo
765 4053 953 4109 urbem
998 4047 1143 4104 illam
1180 4051 1411 4120 ingressi
1439 4090 1456 4115 ,
1503 4050 1679 4119 ipsam
1710 4066 1937 4122 conspe-

363 4144 562 4199 ximus.
601 4142 711 4198 Nec
745 4158 872 4197 vero
921 4142 1229 4197 mirandum
1275 4151 1395 4209 est,
1424 4142 1651 4213 gentiles
1677 4156 1708 4196 a
1735 4142 1939 4198 Serva-

365 4240 484 4286 tore
511 4240 699 4286 nostro
729 4230 1006 4286 beneﬂciis
1033 4230 1259 4287 aﬂ'ectos
1298 4232 1414 4287 bazc
1448 4233 1787 4302 praestitisse,
1813 4247 1934 4286 cum

365 4333 419 4379 et
451 4325 817 4394 apostolorum
863 4322 1012 4379 Petri
1063 4337 1130 4378 ac
1172 4322 1360 4389 Pauli,
1408 4324 1720 4394 Christique
1763 4325 1936 4394 ipsius

366 4415 538 4484 pictas
568 4416 853 4486 imagines,
881 4417 949 4469 ad
971 4425 1217 4470 noStram
1259 4427 1433 4484 usque
1466 4415 1783 4470 memoriam
1818 4429 1937 4470 ser-

2041 3226 2276 3301 πρόσθεν
2320 3229 2442 3291 ταῖς
2486 3227 2696 3297 χερσὶν,
2739 3223 3054 3298 ίκετευούσῃ
3082 3225 3279 3289 ἐοικός.
3322 3225 3532 3279 Τούτου
3564 3224 3617 3279 δὲ

2038 3322 2299 3394 ἄντικρυς
2324 3319 2451 3375 ἄλλο
2476 3319 2576 3391 τῆς
2606 3319 2775 3389 αὐτῆς
2794 3315 2929 3389 ὕλης
2958 3317 3151 3391 ἀνδρὸς
3179 3318 3361 3390 ὄρθιον
3415 3320 3616 3391 σχῆμα,

2037 3411 2278 3467 διπλοΐδα
2306 3409 2548 3480 κοσμίως
2591 3407 3069 3480 περιϐεϐλημένον,
3109 3409 3203 3462 καὶ
3226 3407 3327 3479 τὴν
3351 3411 3514 3481 χεῖρα
3551 3412 3618 3479 τῇ

2037 3503 2256 3574 γυναικὶ
2286 3501 2582 3573 προτεῖνον,
2617 3491 2679 3552 οὗ
2713 3497 2864 3570 παρὰ
2897 3501 3010 3562 τοῖς
3051 3498 3209 3552 ποσὶν
3235 3496 3330 3552 ἐπὶ
3361 3499 3467 3567 τῆς
3497 3499 3618 3569 στήα

2037 3597 2135 3669 λης
2177 3598 2368 3667 αὐτῆς,
2412 3594 2562 3663 ξένον
2600 3612 2652 3647 τι
2700 3591 2929 3665 βοτάνης
2972 3587 3110 3656 εἶδος
3162 3591 3338 3661 φύειν,
3383 3591 3416 3645 ὃ
3464 3591 3618 3663 μέχρι

2037 3691 2131 3746 τοῦ
2165 3689 2473 3763 κρασπέδου
2516 3689 2616 3759 τῆς
2645 3685 2740 3741 τοῦ
2774 3684 2976 3757 χαλκοῦ
2996 3684 3261 3749 διπλοΐδος
3299 3679 3456 3738 άνιδν
3484 3683 3614 3753 (61),

2036 3778 2477 3853 ἀλεξιφάρμακόν
2514 3796 2567 3831 τι
2616 3776 2884 3832 παντοίων
2941 3776 3260 3849 νοσημάτων
3303 3776 3614 3846 τυγχάνειν.

2038 3873 2239 3929 Τοῦτον
2288 3872 2345 3926 δὲ
2391 3870 2481 3925 τὸν
2523 3868 2817 3942 ἀνδριάντα
2852 3867 3037 3922 εἰκόνα
3078 3865 3172 3921 τοῦ
3214 3866 3390 3938 Ἰησοῦ
3437 3865 3618 3940 φέρειν

2037 3963 2241 4031 ἔλεγον.
2268 3962 2489 4033 Ἔμεινε
2513 3959 2569 4012 δὲ
2591 3958 2685 4013 καὶ
2710 3960 2790 4023 εἰς
2816 3959 2981 4030 ἡμᾶς,
3009 3957 3085 4022 ὡς
3108 3958 3202 4012 καὶ
3224 3957 3344 4028 ὄψει
3371 3956 3618 4030 παραλαει

2039 4055 2152 4109 δεῖν
2179 4052 2621 4124 ἐπιδημήσαντας
2642 4050 2840 4114 αὐτοὺς
2861 4052 2927 4121 τῇ
2950 4049 3122 4105 πόλει.
3162 4047 3274 4103 Καὶ
3304 4047 3617 4121 θαυμαστὸν

2037 4145 2186 4200 οὐδὲν
2226 4145 2351 4208 τοὺς
2384 4141 2552 4197 πάλαι
2583 4139 2645 4205 ἐξ
2677 4137 2847 4192 ἐθνῶν
2870 4138 3323 4212 εὐεργετηθέντας
3356 4138 3499 4211 πρὸς
3525 4132 3614 4191 τοῦ

2037 4239 2287 4309 Σωτῆρος
2309 4234 2487 4306 ἡμῶν,
2514 4233 2685 4290 ταῦτα
2708 4232 3082 4304 πεποιηκέναι,
3111 4231 3199 4284 ὅτε
3223 4229 3318 4284 καὶ
3346 4229 3461 4284 τῶν
3489 4231 3615 4283 ἀπο-

2039 4318 2240 4384 στόλων
2285 4326 2449 4382 αὐτοῦ
2487 4326 2587 4391 τὰς
2625 4326 2838 4390 εἰκόνας
2869 4323 3081 4378 Παύλου
3117 4322 3212 4376 καὶ
3258 4322 3494 4394 Πέτρου,
3526 4317 3617 4372 καὶ

2038 4415 2204 4469 αὐτοῦ
2254 4415 2318 4486 δὴ
2343 4400 2463 4467 ’τοῦ
2512 4413 2769 4485 Χριστοῦ,
2818 4412 2906 4466 διὰ
2932 4410 3238 4485 χρωμάτων
3285 4413 3344 4463 ὲν
3377 4412 3614 4483 γραφαῖς

367 4517 519 4564 vatas
557 4508 610 4563 in
645 4508 844 4564 tabulis
881 4507 1197 4563 viderimus.
1233 4506 1438 4578 Quippe
1465 4506 1629 4578 prisci
1670 4506 1781 4575 illi,
1810 4508 1937 4564 abs-

2047 4506 2359 4579 σωζομένας
2411 4509 2794 4580 ἱστορήσαμεν,
2855 4505 2931 4568 ὡς
2989 4502 3137 4566 εἰκὸς
3203 4499 3313 4555 τῶν
3368 4499 3613 4554 παλαιῶν

367 4616 472 4672 que
513 4601 623 4657 ullo
667 4599 980 4657 discrimine
1023 4607 1249 4656 cunctos
1288 4598 1356 4654 de
1400 4612 1460 4654 se
1520 4600 1659 4653 bene
1710 4599 1932 4654 meritos

2043 4596 2471 4672 ἀπαραλλάκτως
2512 4595 2621 4669 (62)
2679 4589 2766 4648 οἷα
2819 4596 3066 4665 σωτῆρας
3113 4590 3298 4660 ἐθνικῇ
3359 4586 3615 4660 συνηθείᾳ

369 4688 555 4757 gentili
592 4689 825 4757 quadam
874 4687 1268 4743 consuetudine
1319 4695 1575 4755 tanquam
1628 4695 1934 4742 servatores

2043 4687 2166 4759 παρ’
2195 4686 2405 4747 ἑαυτοῖς
2437 4683 2622 4735 τοίτον
2653 4681 2817 4750 τιμᾷν
2836 4677 3101 4730 εἰωθότων
3128 4673 3216 4727 τὸν
3239 4672 3466 4743 τρόπον.

371 4781 545 4834 colere
583 4780 897 4850 hujusmodi
934 4781 1234 4836 honoribus
1270 4788 1680 4834 consueverant.

367 4891 541 4964 mlum
562 4891 844 4961 faderatis,
867 4894 1123 4951 Jordanis
1149 4895 1387 4964 deinceps
1409 4895 1727 4964 appellatur.
1755 4895 1927 4952 Porro
2034 4896 2251 4952 demum
2287 4892 2475 4964 eﬂlcax
2505 4890 2571 4947 ad
2605 4877 3281 4964 sanandos'mprbosesse
3303 4891 3609 4964 iur-mpera,

369 4963 422 5037 in
449 4959 837 5037 manuscriptis
859 4967 1135 5022 codicibus
1171 4959 1337 5037 Mam,
1361 4959 1499 5020 Med.
1534 4981 1598 5021 ac
1643 4966 1777 5021 Fuk.
1814 4968 1928 5021 Παι
2034 4975 2319 5037 postquam
2359 4964 2424 5037 a_d
2452 4963 2720 5018 ﬁtttbriam
2744 4976 2919 5032 usque
2948 4960 3274 5037 Dominicg
3300 4959 3491 5037 Vestis
3517 4973 3611 5011 ex-

366 5032 485 5108 vlou
510 5033 670 5108 ὅρους
701 5026 978 5108 scribitur,
1019 5054 1126 5093 non
1178 5050 1275 5106 per
1305 5026 1722 5108 diphthongum,
1779 5050 1835 5092 ιιι
1875 5040 1928 5093 in
2036 5026 2324 5092 crevisset.
2360 5034 2788 5108 Qttem__sens_u_m
2820 5026 3044 5108 secutus
3083 5026 3607 5108 est_Christuphor-

369 5100 557 5173 (milia?
586 5102 772 5173 “9330-
964 5100 973 5103 ⁷
1178 5100 1196 5106 ’
1363 5100 1380 5108 ’
1576 5100 1601 5106 ⁷
1709 5100 1718 5105 ⁷
2037 5120 2224 5168 sonus,
2256 5113 2310 5158 et
2339 5114 2467 5158 aute
2515 5103 2663 5157 illmn
2695 5103 3051 5170 Nicephorus.
3088 5100 3195 5155 Sed
3263 5110 3447 5173 tamen
3480 5111 3605 5173 eum

440 5167 836 5245 (59)Σφὶὶγιόν
857 5192 913 5229 τι
941 5179 1437 5233 καταϐάλλεσθαι.
1480 5175 1737 5231 Solebant
1757 5176 1931 5245 genti-

2043 5177 2092 5232 id
2123 5175 2386 5230 Eusebius
2416 5186 2604 5245 aperte
2634 5190 2738 5245 non
2770 5167 2939 5245 dicat,
2972 5174 3201 5245 quisque
3243 5184 3340 5245 pro
3370 5167 3606 5245 arbitrio

369 5236 726 5318 les'in'l‘ontes'
748 5263 811 5318 ac
833 5259 1021 5317 puteos
1054 5265 1189 5318 quos
1209 5248 1481 5310 colebant,
1511 5236 1932 5318 viclimasujace-
2038 5261 2140 5318 suo
2163 5253 2382 5318 statuet.
2420 5236 2553 5318 Mihi
2604 5243 2939 5318 probabilius
2989 5236 3257 5318 videtur,’
3280 5240 3486 5318 idci_rct_)
3541 5236 3607 5318 ab

371 5307 907 5391 {QLHiIt0__Publicola
936 5307 1605 5391 inter-rogatAugustinum
1630 5317 1684 5371 in
1711 5307 1934 5391 epistola
2037 5316 2273 5391 Eusebio
2296 5307 2616 5391 nominatim
2649 5317 2749 5391 hoc
2774 5312 3014 5391 additum
3051 5311 3237 5391 fuisse,
3257 5308 3396 5374 quod
3427 5307 3605 5376 planta

372 5381 507 5457 155,
532 5385 732 5457 silicet
755 5388 823 5442 de
856 5388 1001 5442 fonte
1025 5381 1238 5452 bibere,
1277 5381 1364 5442 vel
1392 5390 1457 5443 de
1496 5396 1683 5457 puteo,
1727 5381 1815 5441 tibi
1869 5391 1936 5443 de
2036 5386 2126 5441 illa
2152 5399 2315 5454 supra
2360 5384 2631 5457 ﬁmbriam
2668 5383 2965 5457 Dominicte
2996 5382 3298 5457 vestisnou
3353 5390 3606 5457 assurge-

373 5455 640 5525 Sacrilicio
668 5458 866 5525 aliquid
900 5458 1122 5511 missum
1157 5448 1261 5511 est.
1496 5448 1514 5457 ’
1669 5448 1677 5451 ⁷
1716 5524 1747 5525 ,ν
2037 5469 2122 5511 ret
2154 5495 2170 5521 ,
2218 5448 2373 5524 quasi
2437 5454 2581 5525 hanc
2635 5451 3329 5525 reverentiamexhibens
3361 5448 3602 5501 Dmuiuo.

441 5522 557 5597 (60)
589 5525 707 5594 Τὴν
731 5519 842 5597 γὰρ
862 5528 1321 5597 αλμορῤοοῦσιιν.
1350 5527 1563 5581 Citatur
1591 5525 1677 5578 hic
1714 5524 1929 5597 Eusebii

2043 5519 2211 5597 Atque
2236 5519 2309 5580 ita
2343 5528 2485 5597 hunc
2510 5523 2923 5597 locumaccepit
2957 5523 3122 5575 etiam
3145 5519 3511 5589 Nicephorus,
3546 5525 3605 5567 ut

372 5588 599 5671 [pausia
637 5588 866 5664 septima
890 5588 1114 5671 ξῇτιιρἶίο,
1138 5603 1352 5671 actione
1379 5606 1594 5671 quarta,
1637 5610 1759 5665 pag.
1781 5596 1928 5671 _508.
2033 5588 2216 5671 videre
2244 5606 2326 5671 est
2361 5595 2413 5648 in
2455 5608 2572 5671 cap.
2590 5594 2674 5671 _15
2696 5594 2806 5671 lib._
2824 5588 2899 5646 vi.

371 5656 517 5741 Vide
540 5678 658 5741 qua;
686 5656 1285 5741 narratP'hilostorgius
1318 5669 1370 5722 in
1395 5656 1487 5721 lib.
1524 5656 1759 5734 νικὶςιβ.
1781 5666 1837 5733 5,
1873 5679 1928 5723 et

373 5741 439 5783 ex
458 5732 555 5801 illo
585 5731 935 5801 Nicephorus.
1164 5731 1192 5740 ⁷
1706 5731 1719 5734 ’
1823 5731 1828 5733 ’
2031 5747 2087 5791 et

444 5797 780 5873 (61)Μέχρι
833 5805 937 5857 τοῦ
971 5803 1404 5871 κρασπέδου....
1452 5805 1643 5858 ἁνιόν.
1701 5804 1929 5861 Ruﬁnus

2043 5797 2199 5859 vertit
2227 5804 2609 5874 indifferenter.
2639 5802 2838 5874 Quod,
2862 5797 3083 5874 __ittqttit,
3128 5801 3259 5854 mihi
3294 5801 3602 5874 videturne;

376 5863 735 5928 huitc'locuu't'
789 5875 866 5927 ita
918 5863 1205 5938 intellexit,
1252 5877 1405 5935 quasi
1442 5877 1622 5926 t‘lattla
1654 5875 1742 5927 illa
1801 5887 1933 5931 tunc
2030 5875 2291 5934 qentilitia
2325 5863 2697 5927 consuetudine
2723 5863 3087 5935 indifferenter
3130 5863 3601 5927 usurpatumJﬁgo

2103 5666 2216 5736 (62)
2258 5650 2845 5736 'Azzapaxhdxmqmg
2873 5661 3029 5716 codd.
3058 5657 3436 5736 negio,'ataz_._.
3464 5650 3600 5736 fuit.

2139 5727 2419 5790 Salvi-haud
2487 5727 2748 5788 scribitur
2822 5727 3339 5802 duapacpula’ix-cmc.
3372 5727 3604 5802 Ilulinus
