3928 6252
330 389 433 444 683

1312 379 1656 442 ΠΙΞΤΟΜᾹΞ
1697 374 2246 439 ΕΕΕΕΕΞῘΑΞΤΙΟΕ
2287 373 2413 431 LIB.
2453 374 2564 429 VII.

3430 374 3532 429 686

327 502 520 571 όμενος
563 500 590 550 6
637 494 847 567 Ἰσραὴλ
883 494 1053 559 οὕτως
1099 495 1364 565 ἐδίψησεν,
1411 496 1484 559 ὡς
1517 495 1748 548 Μωῦσοῦ
1789 495 1873 564 μὲι

1989 507 2074 557 ne,
2099 507 2194 562 per
2226 505 2386 560 quam
2417 489 2520 543 iter
2539 487 2801 544 facientes
2827 489 3080 544 Israelita:
3116 497 3261 544 tanta
3289 494 3532 561 Oppressi

327 586 616 656 καταὸοᾷν,
649 587 836 655 ῥυῆναι
880 585 923 637 δ’
957 585 1136 647 αὐτοῖς
1164 585 1311 656 παρὰ
1339 585 1430 638 τοῦ
1462 586 1733 654 θαυμάσια
1769 603 1883 637 ποι-

324 678 507 740 οὖντος
545 678 704 748 μόνου
743 679 805 729 ἐκ
834 675 1031 746 πέτρας
1077 676 1375 746 ἀκροτόμου
1419 677 1574 730 ποτόν
1599 694 1612 707 ·
1668 678 1794 730 ποτὲ
1826 677 1881 729 δὲ

321 769 574 823 τοσοῦτον
605 769 954 840 ἐπλήμμυρεν
986 768 1117 838 (72),
1149 769 1226 831 ὼς
1249 770 1422 822 πᾶσαν
1443 769 1537 838 τὴν
1561 769 1879 840 περίχωρον,

320 862 418 924 τάς
446 878 507 913 τε
537 861 683 924 ὁδοὺς
731 861 822 913 καλ⁹
858 861 982 922 τοὺς
1024 859 1224 929 ἀγροὺς
1256 859 1632 923 ἐπικλύσαντα,
1663 863 1760 930 τῆς
1792 861 1882 912 ἐπὶ

319 952 442 1004 Νῶε
464 951 760 1022 γενομένης
785 950 877 1003 τοῦ
907 950 1094 1014 ὓδατος
1121 952 1290 1021 φορᾶς
1313 951 1606 1019 ἐπαγαγεῖν
1634 951 1878 1021 ἀπειλήν·

318 1044 403 1096 ἀεὶ
433 1043 491 1096 δὲ
518 1044 708 1113 αἵματι
728 1042 820 1095 καὶ
855 1043 1052 1110 φόνοις,
1077 1043 1170 1095 καὶ
1203 1046 1650 1112 καταποντισμοῖς
1675 1044 1884 1096 κάτεισι

319 1135 710 1205 μεμιασμένος,
760 1133 868 1198 οἷος
918 1135 1021 1188 ὑπὸ
1051 1137 1271 1189 Μωῦσεῖ
1307 1136 1492 1206 γέγονε
1547 1135 1624 1206 τῷ
1665 1135 1880 1206 Φαραὼ.

317 1223 636 1294 μεταϐαλὼν
681 1227 759 1288 είς
787 1220 923 1295 αἷμα
949 1227 1040 1278 καὶ
1063 1227 1338 1290 ἐποζέσας.
1375 1229 1482 1281 Καὶ
1514 1232 1660 1282 ποῖον
1691 1229 1881 1297 γένοιτ’

317 1315 381 1367 ἂν
411 1315 503 1366 τοῦ
539 1315 716 1369 πάντα
751 1316 1102 1388 καθαίροντος
1132 1317 1318 1381 ὕδατος
1347 1317 1488 1389 ὕδωρ
1526 1319 1650 1373 ἄλλο
1679 1319 1882 1390 καθάρ-

316 1421 424 1456 σιον
449 1423 463 1469 ;
485 1405 608 1469 Πῶς
630 1405 694 1458 ἂν
715 1408 742 1459 ὁ
760 1405 923 1469 πολὺς
947 1407 1039 1459 καὶ
1057 1408 1356 1478 ἀπέραντος
1377 1409 1680 1482 ἀνθρώποις
1708 1410 1885 1464 Ὠκεα.

314 1497 399 1560 νὺς
420 1496 722 1566 ἐπιχυθεὶς,
759 1497 854 1569 τὴν
885 1498 1085 1569 πικρὰν
1115 1499 1314 1570 ταύτην
1339 1502 1647 1571 ἁποσμήξαι
1683 1500 1881 1554 θάλασ-

317 1605 444 1652 σαν;
471 1588 504 1658 ἢ
528 1589 647 1652 πῶς
674 1589 740 1642 ἂν
767 1591 794 1640 6
823 1589 994 1658 μέγας
1033 1592 1272 1661 ποταμὸς
1310 1596 1338 1646 ὁ
1359 1593 1785 1664 ἐκπορευόμενος
1824 1592 1880 1658 ἐξ

327 1677 504 1746 Ἐδέμ,
537 1677 637 1739 τὰς
661 1677 926 1748 τέσσαρας
973 1679 1146 1750 ἀρχὰς
1176 1683 1253 1744 εἰς
1293 1681 1358 1744 ἃς
1391 1681 1700 1754 ἀφορίζεται
1753 1698 1880 1751 μετ-

312 1769 607 1837 οχετεύσας
636 1771 714 1832 είς
736 1769 859 1839 μίαν
883 1769 975 1822 τοῦ
1001 1770 1171 1839 Γηὼν,
1201 1771 1501 1826 ἀποπλύναι
1520 1771 1578 1825 τὸ
1597 1772 1813 1842 λύθρονς
1847 1770 1878 1842 ἢ

1986 593 2111 637 sunt
2142 581 2255 644 siti,
2285 591 2341 631 ut
2375 578 2633 632 adversus
2659 577 2856 632 Mosem
2886 579 3168 633 vociferari
3197 595 3299 632 non
3327 581 3533 633 desiue~

1986 681 2124 737 rcnt,
2159 672 2334 740 quoad
2371 670 2569 722 virtute
2615 668 2757 722 illius
2783 669 2872 737 qui
2899 669 3044 724 solus
3078 671 3348 724 mirabilia
3383 670 3530 733 facit,

1983 777 2048 816 ex
2077 771 2346 830 praerupta
2387 773 2517 828 rupe
2540 774 2676 827 aqua
2710 759 2840 826 ipsis
2872 759 2935 812 ad
2977 769 3158 825 potum
3190 758 3416 815 efﬂuxit.
3444 759 3534 813 ln-

1985 856 2191 908 terdum
2237 868 2363 907 vero
2405 860 2686 919 tantopere
2735 853 3065 915 exundavit,
3109 860 3165 904 ut
3211 853 3536 907 circumsita:

1986 949 2189 1020 regioni
2217 948 2425 1014 viisque
2452 954 2504 998 et
2537 944 2680 1012 agris
2706 943 2956 996 omnibus
2981 943 3296 1011 superfusus
3319 983 3333 1008 ,
3370 959 3536 1012 aqua-

1983 1057 2101 1095 rqu
2133 1039 2392 1094 diluvium
2441 1029 2739 1102 cuiusmodi
2785 1035 3114 1101 temporibus
3153 1032 3268 1088 Noe
3317 1034 3528 1094 accidit,

1985 1130 2176 1184 minari
2210 1128 2506 1182 videretur.
2547 1126 2807 1178 Caeterum
2847 1122 3078 1176 cmdibus
3128 1132 3185 1176 et
3227 1137 3435 1187 cruore,
3481 1131 3534 1176 et

1987 1219 2449 1276 submersionibus
2531 1218 2807 1271 hominum
2881 1217 3150 1269 continuis
3224 1215 3534 1284 inquinatus

1982 1313 2265 1373 evolvitur,
2291 1311 2469 1379 qualis
2491 1309 2616 1363 olim
2645 1325 2672 1361 a
2709 1308 2855 1362 Mose
2887 1308 3158 1376 praestitus
3189 1316 3272 1362 est
3301 1307 3536 1361 Pharao.

1981 1408 2056 1471 ni,
2102 1406 2152 1460 in
2203 1403 2517 1473 sanguinem
2571 1415 2864 1455 conversus
2896 1414 2958 1452 ac
3012 1398 3229 1452 fetidus.
3277 1398 3533 1465 Quaenam

1983 1498 2145 1565 igitur
2171 1495 2309 1561 unda
2351 1495 2584 1546 lustrare
2615 1491 2809 1560 poterit
2837 1505 3026 1557 aquam
3067 1504 3170 1558 qua
3203 1489 3381 1543 omnia
3406 1503 3534 1559 pur-

1981 1585 2208 1658 gantur?
2255 1583 2533 1650 Quomodo
2576 1591 2759 1636 vastus
2801 1580 2888 1634 ille
2932 1595 3028 1634 nec
3069 1580 3373 1634 hominibus
3412 1595 3534 1650 per-

1981 1676 2228 1731 meabilis
2265 1675 2550 1738 Oceanus,
2607 1675 2709 1726 hoc
2749 1688 2991 1726 amarum
3033 1671 3254 1741 pelagus
3298 1686 3532 1740 unquam

1983 1766 2328 1822 absterserit?
2353 1766 2458 1818 Aut
2485 1762 2751 1833 quomodo
2793 1763 2979 1832 ingens
3020 1761 3106 1815 ille
3129 1759 3320 1816 ﬂuvius
3345 1762 3434 1830 qui
3467 1775 3531 1814 cx

317 1864 441 1916 πότε
488 1866 516 1917 6
558 1862 924 1935 τεθολωμένος
971 1865 1073 1918 ὑπὸ
1115 1866 1221 1918 τῶν
1261 1867 1506 1936 πονηρῶν
1552 1863 1873 1933 πανταχόθεν

1981 1859 2126 1914 Eden
2154 1858 2390 1926 proﬂuit,
2423 1856 2634 1912 etiamsi
2658 1865 2888 1924 quatuor
2922 1853 3038 1907 illos
3074 1855 3125 1907 in
3167 1869 3303 1924 quos
3341 1854 3534 1937 dividi-

315 1954 727 2024 ἀναθυμιάσεων
752 1955 879 2026 ἀὴρ,
917 1955 1207 2028 εἰλικρινὴς
1233 1955 1472 2023 γένοιτο;
1508 1954 1743 2008 Τοιοῦτοι
1770 1954 1876 2025 γὰρ

315 2044 418 2097 ἀπὸ
449 2046 550 2114 τῆς
577 2046 681 2114 γῆς
714 2045 895 2114 ἀτμοὶ,
930 2045 1025 2097 καὶ
1057 2046 1162 2099 ἀπὸ
1186 2045 1456 2115 θαλάσσης
1483 2045 1692 2114 ἄνεμοι,
1721 2061 1878 2097 ποτα-

318 2135 426 2205 μῶν
446 2153 504 2188 τε
535 2132 700 2205 αὖραι
729 2137 822 2189 καὶ⁴
849 2136 1080 2208 λιμένων
1100 2138 1381 2208 ἀνιμήσεις
1409 2136 1782 2199 ἀποπνέουσιν,
1804 2135 1876 2198 ὡς

317 2227 640 2296 σηπομένων
677 2228 735 2280 ἐν
775 2230 906 2280 πᾶσι
932 2231 1041 2292 τοῖς
1072 2229 1446 2298 ὑποκειμένοις
1485 2227 1763 2296 στοιχείοις
1792 2244 1877 2280 νε-

317 2317 458 2389 κρῶν
484 2317 690 2389 ἰχῶρας
714 2314 850 2372 εἶναι
878 2317 974 2382 τὰς
997 2319 1234 2389 δρόσους.
1271 2314 1402 2371 Εἶτα
1433 2317 1764 2388 θαυμάζουσι
1784 2317 1876 2370 καὶ

315 2407 647 2479 διαποροῦσι,
695 2408 854 2462 πόθεν
898 2409 946 2461 οἱ
988 2411 1226 2478 συνεχεῖς
1263 2408 1436 2477 λοιμοὶ
1467 2407 1599 2478 (73),
1626 2408 1788 2461 πόθεν
1821 2407 1876 2459 αἱ

316 2499 546 2569 χαλεπαὶ¹
567 2500 735 2563 νόσοι,
774 2498 935 2552 πόθεν
966 2502 1018 2553 αἱ
1050 2500 1382 2554 παντοδαπαὶ
1414 2500 1626 2571 φθοραὶ,
1662 2499 1821 2552 πόθεν
1849 2501 1877 2551 6

287 2591 552 2662 ,ποικίλος
600 2593 695 2645 καὶ
728 2592 892 2654 πολὺς
923 2590 1029 2644 τῶν
1058 2590 1354 2662 ἀνθρώπων
1407 2591 1656 2663 ὅλεθρος·
1708 2591 1793 2643 διὰ
1825 2589 1875 2643 τί

320 2683 506 2754 μηκέτι
545 2682 801 2736 τοσοῦτον
826 2683 1024 2754 πλῆθος
1063 2685 1417 2757 οίκητόρωνὴ
1452 2683 1680 2754 μεγίστη
1725 2682 1877 2745 πόλις

315 2777 368 2827 ἐν
412 2777 547 2848 αὐτῇ
583 2776 760 2848 φέρει,
801 2775 909 2829 ἀπὸ
933 2777 1138 2848 νηπίων
1171 2775 1447 2848 ἀρξαμένη
1481 2776 1683 2828 παίδων
1719 2773 1876 2845 μέχρι

313 2868 414 2921 τῶν
443 2870 521 2932 εἰς
552 2870 723 2940 ἄκρον
750 2869 1149 2937 γεγηρακότων,
1178 2870 1332 2930 ὅσους
1365 2866 1742 2937 ὠμογέροντας
1766 2855 1874 2936 (Τό)

314 2958 401 3022 οὓς
432 2960 622 3013 ἐκάλει
649 2961 911 3034 πρότερον
933 2960 1089 3023 ὄντας
1113 2959 1333 3031 ἔτρεφεν
1357 2975 1370 2988 ⁸
1406 2957 1520 3012 ἀλλ’
1553 2959 1601 3010 οἱ
1621 2974 1877 3027 τεσσαρα-

314 3053 592 3106 κοντοῦται
638 3055 732 3106 καὶ
767 3054 927 3125 μέχρι
972 3052 1078 3106 τῶν
1110 3052 1471 3122 ἐϐδομήκοντα
1511 3049 1668 3114 ἐτῶν,
1695 3046 1878 3103 τοσοῦ-

314 3161 398 3196 τον
426 3145 673 3208 πλείονες
703 3145 845 3211 τότε,
889 3146 1025 3199 ὥστε
1075 3143 1147 3214 μὴ
1183 3143 1620 3216 συμπληροῦσθαι
1661 3141 1754 3194 νῦν
1785 3141 1873 3196 τὸν

314 3228 535 3300 ἀριθμὸν
581 3231 762 3283 αὐτῶν
787 3231 1305 3302 προσεγγραφέντων
1329 3234 1420 3284 καὶ
1455 3229 1873 3299 συγκαταλεγέν-

315 3333 416 3372 των
451 3323 530 3385 εἰς
556 3321 622 3374 τὸ
655 3323 907 3394 δημόσιον
950 3324 1270 3394 σιτηρέσιον,
1315 3323 1422 3377 τῶν
1451 3324 1556 3377 ἀπὸ
1586 3340 1875 3394 τεσσαρεσ-

315 3410 530 3464 καίδεκα
570 3411 708 3464 ἐτῶν
740 3413 898 3484 μέχρι
929 3413 1034 3467 τῶν
1058 3414 1412 3486 ὀγδοήκοντα·
1466 3414 1558 3467 καὶ⁵
1592 3416 1872 3482 γεγόνασιν

315 3497 417 3555 οἷον
445 3503 732 3575 ἡλικιῶται
769 3505 875 3558 τῶν
919 3505 1085 3559 πάλαι
1128 3508 1481 3577 γεραιτάτων,
1530 3508 1577 3558 οἱ
1607 3507 1724 3576 ὄψει
1747 3505 1877 3558 νεώ-

315 3607 475 3646 τατοι.
524 3593 640 3646 Καὶ
681 3593 824 3647 οὕτω
859 3593 1172 3665 μειούμενον
1217 3594 1301 3648 ἀεὶ
1351 3595 1445 3648 καὶ
1495 3593 1874 3665 δαπανώμενον

313 3682 538 3753 ὁρῶντες
577 3682 640 3735 τὸ
679 3683 770 3736 ἐπὶ
798 3686 900 3754 γῆς
927 3681 1223 3750 ἀνθρώπων
1261 3683 1433 3752 γένος,
1469 3683 1528 3735 οὐ
1563 3682 1870 3752 τρέμουσιν,

317 3774 608 3845 αὐξομένου
655 3774 750 3828 καὶ
792 3773 1184 3845 προκόπτοντος
1238 3774 1332 3827 τοῦ
1381 3771 1672 3835 παντελοῦς
1699 3771 1873 3825 αὐτῶν

317 3858 640 3937 ἀφανισμοῦ.
671 3884 689 3916 ι

1978 1961 2064 2003 tur
2109 1949 2312 2014 alveos,
2368 1949 2422 2002 in
2467 1962 2628 2001 unum
2673 1945 2871 2002 Geonis
2921 1946 3128 2001 alveum
3175 1945 3531 2007 transfundat,

1979 2049 2182 2096 tantam
2215 2042 2355 2094 hanc
2395 2038 2573 2093 abluet
2612 2038 2860 2092 saniem?
2897 2038 3189 2107 Ecquando
3212 2037 3532 2093 scelestissi-

1977 2133 2078 2186 mis
2118 2131 2473 2202 undecunque
2511 2131 2798 2200 vaporibus
2840 2130 3186 2186 obnubilatus
3227 2147 3340 2197 aer,
3366 2146 3533 2201 purus

1977 2222 2190 2275 tandem
2219 2235 2551 2289 serenusque
2577 2221 2862 2275 reddetur?
2881 2220 3194 2290 llujusmodi
3227 2223 3370 2277 enim
3397 2221 3533 2276 hali-

1980 2323 2063 2367 tus
2095 2326 2160 2366 ex
2194 2322 2374 2378 terra;
2405 2327 2470 2366 ex
2517 2313 2651 2364 mari
2698 2312 2876 2377 venti;
2924 2327 2990 2366 ex
3020 2313 3328 2367 fluminibus
3362 2327 3531 2377 aurae,

1977 2419 2040 2457 ex
2071 2406 2334 2473 portubus
2378 2405 2633 2474 fuligines
2674 2405 2903 2475 spirant,
2946 2415 3006 2460 ut
3045 2405 3434 2462 tabcscentium
3479 2407 3530 2459 in

1975 2495 2228 2550 onmibus
2260 2495 2671 2561 subjacentibus
2694 2495 2977 2550 elementis
3001 2496 3324 2550 cadaverum
3354 2495 3533 2550 sanies

1975 2601 2074 2654 pro
2123 2601 2245 2641 rore
2279 2587 2370 2640 sit.
2416 2586 2480 2640 Et
2525 2596 2645 2656 post
2687 2588 2800 2642 haec
2839 2588 3107 2642 mirantur
3157 2597 3212 2642 et
3253 2587 3531 2657 ambigunt

1977 2678 2243 2742 homines,
2280 2679 2546 2732 undenam
2575 2680 2842 2733 continua}
2875 2689 3071 2749 pestes,
3108 2679 3375 2734 undenam
3408 2695 3532 2749 gra-

1977 2781 2068 2820 ves
2097 2767 2266 2820 morbi
2311 2768 2596 2838 omnisque
2644 2770 2857 2838 generis
2897 2770 3066 2834 labes,
3111 2779 3165 2825 et
3206 2772 3533 2840 multiplices

1975 2859 2220 2927 variique
2267 2859 2542 2913 hominum
2589 2861 2839 2916 interitus
2871 2881 2882 2914 :
2919 2861 3046 2930 quid
3091 2876 3270 2916 causa!
3301 2865 3400 2926 sit,
3436 2880 3534 2918 cur

1978 2949 2108 3004 urbs
2136 2950 2365 3004 maxima
2401 2960 2606 3005 tantum
2638 2953 2835 3007 civium
2861 2969 3143 3024 numerum
3170 2956 3397 3024 amplius
3427 2972 3532 3010 non

1977 3040 2136 3106 ferat,
2171 3042 2383 3096 etiamsi
2424 3043 2491 3095 ab
2524 3043 2654 3111 ipsis
2687 3043 2981 3100 infantibus
3019 3047 3084 3098 ad
3117 3046 3415 3115 decrepitos
3447 3063 3536 3100 us-

1977 3149 2081 3202 que
2103 3147 2261 3187 senes
2295 3141 2666 3199 numerentur,
2697 3147 2826 3204 quot
2853 3143 3010 3190 antea
3037 3137 3235 3191 crudos
3263 3150 3432 3196 ,senes
3457 3136 3536 3190 sic

1982 3234 2200 3278 vocatos
2246 3225 2397 3278 aluit.
2438 3224 2638 3280 Verum
2692 3236 2816 3280 tunc
2866 3230 3124 3297 temporis
3172 3230 3307 3282 adeo
3353 3227 3535 3298 plures

1980 3325 2136 3370 erant
2167 3317 2606 3387 quadragenarii,
2637 3308 2692 3371 et
2717 3333 2877 3387 supra
2910 3319 3009 3374 hos
3042 3334 3210 3388 usque
3233 3319 3297 3373 ad
3322 3330 3536 3390 septua-

1977 3407 2236 3477 gesimum
2261 3409 2436 3462 aetatis
2467 3425 2668 3462 annum
2706 3412 3008 3479 progressi,
3041 3421 3100 3465 ut
3143 3428 3402 3468 numerus
3441 3429 3536 3469 eo-

1977 3514 2095 3553 rum
2129 3515 2271 3555 nunc
2296 3501 2496 3568 expleri
2528 3518 2630 3556 non
2657 3504 2827 3572 possit
2855 3503 3106 3571 ascriptis
3133 3502 3258 3557 licet
3284 3513 3338 3558 et
3368 3505 3416 3558 in
3451 3504 3533 3558 al-

1975 3589 2100 3642 bum
2126 3588 2308 3645 relatis
2335 3590 2399 3643 ad
2423 3605 2691 3644 annonam
2719 3606 2780 3644 ex
2811 3590 3024 3659 publico
3047 3591 3414 3660 accipiendam
3445 3592 3529 3648 his

1973 3681 2062 3748 qui
2089 3681 2495 3750 quatuordecim
2534 3697 2705 3736 annos
2751 3683 2859 3736 nati
2891 3693 3043 3746 sunt,
3081 3697 3255 3752 usque
3283 3685 3348 3737 ad
3377 3696 3532 3738 octo—

1973 3771 2243 3847 genarios.
2299 3771 2362 3825 Et
2409 3775 2498 3841 qui
2541 3774 2720 3842 specie
2777 3775 2887 3842 ipsa
2939 3775 3326 3828 adolescentuli
3370 3775 3534 3847 263

1973 3846 2119 3927 sunt,
2152 3864 2388 3932 aequales
2414 3865 2812 3933 quodammodo
2840 3882 2983 3921 nunc
3014 3865 3142 3920 facti
3184 3879 3310 3922 sunt
3346 3846 3530 3923 eorum

315 3959 400 4025 qui
437 3959 564 4013 olim
601 3974 757 4014 senes
811 3969 988 4015 erant.
1015 3959 1255 4029 Cumque
1292 3960 1344 4013 in
1389 3959 1554 4013 terris
1596 3958 1887 4012 humanum
1928 3971 2098 4028 genus
2150 3967 2429 4027 tantopere
2505 3960 2850 4015 imminutum
2895 3971 2950 4015 et
2999 3970 3375 4033 consumptum
3447 3964 3531 4020 vi-

316 4049 494 4118 deant,
542 4061 869 4122 augescente
918 4052 972 4106 in
1023 4052 1139 4106 dies
1162 4059 1216 4105 et
1268 4059 1542 4106 crescente
1591 4049 1828 4119 ipsorum
1870 4050 2109 4104 exscidio
2145 4066 2248 4105 non
2283 4051 2682 4107 iutremiseunt.
2721 4072 2738 4105 ι

807 4185 1200 4237 ΚΕΦΑΛΑΙΟΝ
1232 4185 1359 4237 ΚΒ’.

315 4294 447 4364 Περὶ
486 4295 598 4366 τῆς
635 4297 1049 4367 ὲπισκεψάσης
1075 4299 1262 4352 νόσου
1303 4294 1440 4366 (Nic.
1469 4293 1539 4348 Η.
1568 4293 1631 4348 Ε.
1657 4311 1728 4358 vt,
1754 4293 1866 4363 20).

380 4410 529 4464 Μετά
549 4411 722 4464 ταῦτα
746 4411 994 4483 λοιμικῆς
1021 4411 1108 4464 τὸν
1141 4410 1373 4481 πόλεμον
1401 4409 1756 4478 διαλαϐούσης
1785 4408 1868 4460 νό-

319 4516 424 4565 σου,
456 4507 551 4574 τῆς
583 4522 640 4558 τε
673 4505 863 4575 ἑορτῆς
896 4502 1311 4572 πλησιαζούσης,
1345 4497 1498 4564 αὖθις
1529 4499 1616 4553 διὰ
1656 4499 1867 4570 γραφῆς

316 4595 420 4656 τοῖς
445 4595 687 4664 ἀδελφοῖς
709 4595 903 4666 ὁμιλεῖ,
934 4593 1004 4646 τὰ
1025 4594 1124 4664 τῆς
1147 4595 1424 4664 συμφορᾶς
1453 4592 1868 4663 ἐπισημαινόμε-

385 4807 490 4879 (72)
531 4807 824 4861 Τοσοῦτον
853 4807 1252 4879 ἐπλήμμυρεν.
1285 4807 1546 4879 Τοσοζδτος
1576 4810 1692 4879 cod.
1725 4805 1856 4874 Reg.

318 4875 439 4942 Quae
473 4875 636 4932 lectio
673 4894 775 4933 non
811 4879 1030 4932 omnino
1052 4875 1372 4944 'rejicienda.
1421 4876 1630 4944 Reliqui
1683 4885 1860 4928 tamen

320 4947 524 5001 codices
546 4947 682 5000 Maz.
712 4963 774 5001 ac
799 4947 967 5012 Med.,
993 4963 1112 5002 cum
1148 4945 1282 5001 Fuk.
1307 4956 1361 5000 et
1385 4946 1577 5012 Savil.,
1602 4947 1862 5013 scriptum

325 5013 512 5068 habent
535 5016 802 5072 τοσοῦτον.

389 5085 494 5204 Ψῦ)
523 5089 585 5137 Ol
618 5086 895 5154 συνεχεῖς
915 5089 1130 5156 λοιμοί.
1175 5086 1291 5140 Jam
1323 5085 1444 5140 inde
1475 5101 1502 5138 a
1538 5083 1865 5152 temporibus

389 5174 393 5204 |
420 5155 450 5204 Ii
472 5165 526 5204 el
551 5155 842 5204 Volusiaui-
871 5158 984 5204 lues
1009 5167 1174 5204 totum
1199 5171 1329 5204 nene
1357 5157 1540 5204 orbem
1566 5154 1862 5204 Romanum

324 5150 450 5207 Galli
472 5150 526 5208 et
551 5150 843 5222 Volusiaiii,
871 5150 984 5209 lues
1009 5150 1174 5209 totum
1199 5171 1329 5224 pene
1357 5157 1540 5208 orbem
1566 5150 1862 5224 Romanum

323 5226 562 5293 vastavit.
592 5226 749 5280 Certe
791 5227 1078 5292 Eutmpius
1122 5223 1476 5293 principatum
1513 5224 1648 5276 Galli
1677 5232 1730 5276 et
1764 5223 1868 5276 Vo-

326 5287 505 5362 lusiani
559 5295 667 5348 sola
713 5287 1015 5362 pestilentia
1057 5287 1237 5348 notum
1290 5287 1456 5349 fuisse
1507 5294 1654 5346 dicit.
1703 5293 1866 5346 Addit

327 5358 568 5416 Aurelius
599 5358 802 5427 Victor,
825 5364 974 5418 Gallo
1001 5365 1393 5432 Volusianoque
1427 5364 1664 5416 favorem
1700 5377 1767 5416 ex
1801 5376 1866 5416 eo

327 5432 596 5502 quaesitum
642 5433 824 5495 fuisse,
870 5435 1010 5502 quod
1063 5435 1360 5487 tenuissimi
1408 5432 1668 5499 cujusque
1716 5447 1867 5486 exse-

329 5499 474 5564 quias
493 5501 720 5556 sollicite
741 5499 1093 5557 curavissent.
1123 5504 1197 5556 De
1220 5506 1317 5557 hac
1343 5515 1488 5572 peste
1513 5502 1704 5555 llieron
1752 5517 1868 5555 mus

330 5565 378 5617 in
430 5569 681 5624 Chronico
737 5574 806 5624 ita
863 5575 1049 5626 scribit
1094 5588 1236 5626 anno
1279 5578 1450 5626 primo
1501 5573 1632 5626 imn.
1683 5517 1862 5626 galli:

330 5569 378 5640 i_n
430 5569 681 5640 Chronico
737 5574 806 5624 ita
863 5575 1049 5626 scribit
1094 5588 1236 5627 anno
1279 5569 1450 5640 primo
1501 5573 1632 5638 imp.
1683 5569 1862 5626 Galli:

329 5633 574 5709 Pestilens
603 5641 813 5693 morbus
842 5642 1028 5694 multas
1059 5644 1217 5695 totius
1239 5633 1376 5695 orbi:
1399 5633 1689 5709 provincias
1713 5656 1866 5692 occu-

330 5707 484 5782 pavit,
535 5714 857 5782 maximeque
907 5713 1278 5782 Alexandriam
1334 5707 1751 5782 et'Ai'gyptum;
1814 5719 1869 5761 ut

332 5778 496 5829 scribit
528 5776 830 5848 Dionysius,
855 5791 900 5833 et
929 5781 1177 5850 Cypriani
1203 5785 1266 5833 de
1289 5776 1607 5837 mortalitate
1635 5782 1774 5834 testis
1796 5790 1868 5832 cst

2507 4183 2736 4240 CAPUT
2787 4184 2949 4240 XXII.

2136 4295 2212 4349 De
2231 4296 2406 4349 morbo
2435 4303 2526 4366 qui
2553 4308 2671 4351 tunc
2700 4300 2945 4367 temporis
2967 4313 3236 4370 grassatus
3272 4311 3368 4356 est.

2045 4408 2242 4463 Secuta
2269 4409 2463 4466 dehinc
2497 4424 2618 4480 post
2646 4413 2838 4466 bellum
2867 4423 3016 4482 peste
3037 4453 3052 4480 ,
3097 4429 3219 4469 cum
3269 4416 3534 4485 paschalis

1975 4501 2289 4558 solemnitas
2323 4501 2652 4570 immineret,
2678 4505 2875 4557 iterum
2907 4506 3190 4576 Dionysius
3217 4506 3414 4562 fratres
3439 4523 3534 4578 per

1972 4591 2178 4648 litteras
2201 4594 2459 4649 allocutus
2480 4605 2584 4659 est,
2614 4596 2664 4647 in
2684 4595 2880 4664 quibus
2904 4595 3226 4651 calamitatis
3249 4597 3390 4652 illius
3418 4613 3532 4653 ma-

1968 4804 2116 4858 liber.
2147 4803 2336 4876 Postea
2369 4801 2598 4876 Gallieni
2624 4803 2952 4876 temporibus
2998 4803 3115 4856 lues
3144 4804 3336 4876 iteru_m
3373 4821 3524 4876 gras-

1969 4885 2084 4927 sata
2112 4882 2196 4927 est
2230 4871 2413 4926 Romae
2447 4882 2500 4926 et
2540 4873 2591 4926 in
2628 4874 2940 4938 provinciis,
2971 4883 3028 4926 ut
3057 4875 3247 4928 scribit
3271 4871 3440 4929 Pollio
3471 4878 3522 4930 in

1969 4943 2228 5003 Gallieno,
2253 4952 2303 4994 et
2325 4942 2572 4996 Aurelius
2606 4943 2808 4997 Victor.

2039 5013 2149 5084 (74)
2187 5011 2624 5084 Ὡμογέροντας,
2659 5011 2996 5066 Alexandria:
3049 5012 3419 5084 ὠμογέροντες
3449 5015 3530 5068 di—

1966 5083 2226 5154 cebanth
2252 5099 2282 5135 a
2306 5083 2723 5150 quadragesimo
2747 5097 2885 5154 anno
2908 5098 3078 5152 usque
3103 5083 3170 5136 ad
3195 5083 3531 5154 septuagesi-

1970 5169 2137 5207 mum.
2164 5152 2362 5205 Eorum
2396 5155 2611 5206 nomina
2663 5154 2713 5204 in
2764 5153 2883 5205 albo
2939 5155 3206 5223 descripta
3243 5152 3420 5212 erant.
3468 5169 3532 5208 eo

1970 5225 2110 5289 quod
2173 5236 2442 5275 annonam
2495 5223 2763 5290 publicam
2813 5223 3147 5290 acciperent,
3195 5231 3256 5275 ut
3303 5233 3537 5276 testatur

1975 5290 2423 5362 Dionysiusallis
2463 5300 2730 5359 prmerant
2768 5291 3196 5362 archigergntes,
3245 5293 3310 5345 de
3338 5293 3534 5362 quibus

1975 5364 2033 5414 fit
2065 5359 2265 5413 mentio
2300 5361 2351 5412 in
2398 5361 2513 5429 lege
2562 5363 2732 5428 prima
2782 5362 2976 5414 Codice
3026 5359 3399 5415 Theodosiano
3457 5360 3534 5413 De

1974 5429 2310 5482 Alexandria:
2337 5429 2498 5496 plebis
2527 5430 2854 5491 primatibus.
2884 5429 2999 5483 Huc
3028 5431 3190 5484 etiam
3225 5430 3412 5483 referri
3438 5443 3534 5497 po-

1977 5509 2080 5553 test
2100 5499 2240 5566 quod
2262 5499 2450 5552 scribit
2469 5499 2762 5568 Gregorius
2788 5500 2922 5554 Naz.
2967 5501 3019 5552 in
3048 5500 3294 5553 oratione
3322 5500 3413 5564 2-1,
3454 5498 3534 5552 De

1975 5569 2033 5622 S.
2073 5569 2380 5634 Athanasio,
2416 5569 2807 5624 Alexandrinos
2845 5586 2941 5639 per
2971 5585 3128 5624 sexus
3163 5578 3219 5639 et
3243 5579 3449 5634 aetates,
3479 5577 3534 5620 et

1976 5649 2122 5692 artes
2171 5639 2358 5709 solitos
2402 5654 2521 5692 esse
2569 5638 3078 5709 distribui,’quoties
3127 5638 3287 5695 alicui
3317 5641 3531 5694 obviam

1976 5710 2115 5762 irent
2146 5708 2364 5762 honoris
2390 5723 2570 5762 causa.
