3928 6252
314 276 409 332 689

1275 273 1618 330 HISTORIA?
1659 272 2214 331 ECCLESIASTICIE
2249 273 2378 330 LIB.
2415 270 2528 328 ΥΠ.

3414 269 3518 327 690

303 387 762 460 ἀναπιμπλάμενοι
801 391 1024 456 πάθους,
1059 392 1156 446 καὶ
1195 391 1294 462 τὴν
1323 392 1475 446 νόσον
1516 393 1597 460 ἐφ’
1633 393 1849 457 έαυτοὶς

1960 409 2023 448 ac
2053 403 2271 449 caetera.
2312 391 2498 464 Neque
2528 391 2671 447 enim
2708 405 2737 444 a
2769 390 2924 446 nobis
2976 390 3238 447 abstinuit
3265 390 3380 446 lues
3408 392 3517 458 illa,

301 486 533 548 ἕλκοντες
559 485 665 538 ἀπὸ
687 485 790 538 τῶν
819 485 1083 558 πλησίων,
1105 486 1199 538 καὶ
1228 485 1442 550 ἑκόντες
1469 486 1853 558 ἀναμασσόμε-

301 595 373 631 voc
417 575 511 639 τὰς
549 576 841 648 ἀλγηδόνας
868 577 998 648 (81).
1032 578 1141 630 Καὶ
1172 578 1356 631 πολλοὶ
1397 579 1856 650 νοσοκομήσαντες

302 668 387 722 καὶ
417 666 678 740 ῥώσαντες
712 669 950 741 ἐτέρους,
987 669 1338 741 ἐτελεύτησαν
1377 671 1549 735 αὐτοὶ,
1591 669 1682 724 τὸν
1711 672 1854 724 ἐκεί-

301 778 397 814 νων
425 760 644 814 θάνατον
673 763 752 826 είς
778 764 1002 826 ἑαυτοὺς
1035 764 1522 835 μεταστησάμενοι,
1555 765 1648 818 καὶ
1675 763 1735 817 τὸ
1765 764 1857 836 δη-

303 853 462 926 μῶδες
489 853 633 924 ῥῆμα
662 855 828 926 μόνης
860 855 946 908 ἀεὶ
967 855 1154 908 δοκοῦν
1185 856 1580 927 φιλοφροσύνης
1598 856 1705 927 (8‘2)
1737 856 1855 927 ἔχε-

301 944 433 1007 σθαι,
462 944 604 1017 ἔργῳ
625 946 686 1019 δὴ
706 947 825 1000 τότε
864 947 1217 1019 πληροῦντες,
1249 949 1498 1012 ἀπιόντες
1526 950 1702 1003 αὐτῶν
1724 950 1857 1004 πάν-

299 1053 395 1090 των
424 1037 705 1110 περίψημα
737 1038 865 1110 (85).
907 1041 970 1092 Οἱ
1009 1039 1138 1108 γοῦν
1177 1041 1387 1112 ἄριστοι
1421 1041 1527 1094 τῶν
1569 1043 1696 1114 παρ’
1727 1044 1855 1113 ἡμῖν

297 1129 522 1198 ἀδελφῶν
570 1129 756 1184 τοῦτον
803 1133 893 1184 τὸν
937 1133 1135 1204 τρόπον
1175 1133 1516 1205 ἐξεχώρησαν
1565 1133 1656 1186 τοῦ
1718 1133 1854 1203 βίου,

298 1221 641 1292 πρεσϐύτεροί
671 1239 730 1274 τε
756 1224 899 1287 τινὲς
953 1225 1045 1277 καὶ
1085 1224 1340 1290 διάκονοι,
1365 1226 1458 1279 καὶ
1486 1225 1591 1278 τῶν
1627 1225 1734 1280 ἀπὸ
1762 1225 1854 1278 τοῦ

296 1309 415 1364 λαοῦ
434 1311 549 1364 λίαν
579 1313 990 1384 ἐπαινούμενοι·
1024 1314 1099 1378 ὡς
1129 1317 1222 1368 καὶ
1246 1316 1340 1369 τοῦ
1363 1316 1594 1370 θανάτου
1623 1315 1779 1370 τοῦτο
1797 1317 1857 1371 τὸ

296 1397 424 1466 εἶδος
448 1401 532 1455 διὰ
557 1403 756 1480 πολλὴν
778 1404 1055 1458 εὐσέϐειαν
1076 1407 1168 1459 καὶ
1188 1406 1366 1460 πίστιν
1393 1408 1618 1479 ἰσχυρὰν
1639 1408 1856 1478 γινόμε-

297 1508 392 1556 νον,
429 1490 589 1562 μηδὲν
619 1493 834 1546 ἀποδεῖν
866 1495 1164 1566 μαρτυρίου
1190 1495 1384 1549 δοκεῖν.
1417 1497 1527 1550 Καὶ
1569 1496 1637 1550 τὰ
1669 1497 1855 1567 σώμα-

294 1602 356 1640 τα
398 1585 451 1639 δὲ
499 1587 608 1638 τῶν
668 1588 838 1657 ἁγίων
868 1589 1086 1653 ὑπτίαις
1140 1591 1295 1663 χερσὶ
1335 1592 1428 1645 καὶ
1467 1591 1686 1655 κόλποις
1721 1593 1854 1646 ὑπο-

292 1678 664 1750 λαμϐάνοντες,
713 1679 1099 1754 καθαιροῦντές
1137 1699 1196 1735 τε
1234 1686 1359 1746 τοὺς
1396 1683 1723 1756 ὀφθαλμοὺς,
1764 1685 1857 1738 καὶ

1957 483 2081 540 licet
2131 483 2420 553 plurimum
2482 484 2533 536 in
2584 481 2813 552 gentiles
2860 490 3101 550 grassata
3148 481 3242 536 sit.
3284 499 3302 533 ι
3353 482 3520 536 Addit

1955 575 2182 631 deinde:
2233 595 2252 628 ι
2293 574 2518 629 Plurimi
2557 574 2775 644 quidem
2810 587 2878 627 ex
2924 571 3190 633 fratribus
3215 573 3416 627 nostris
3450 577 3520 627 ob

1955 669 2174 723 nimiam
2203 669 2548 731 cliaritatem,
2577 683 2761 722 curam
2817 683 3031 724 omnem
3077 668 3305 737 pr0pria:
3330 666 3520 721 salutis

1954 763 2270 832 abjicientes
2312 762 2526 831 sibique
2609 771 2796 816 mutuo
2857 763 3325 827 adbaarescentes;
3389 762 3518 815 dum

1955 869 2124 923 aegros
2155 869 2341 908 secure
2367 862 2528 922 atque
2570 853 2835 921 audacter
2887 855 3150 917 invisum,
3211 853 3398 922 eisque
3437 870 3521 906 as-

1955 947 2108 1001 sidue
2153 945 2485 1012 ministrant,
2519 956 2576 999 et
2622 946 2958 1000 curationem
2995 947 3256 1000 adhibent
3291 946 3343 999 in
3369 945 3522 998 Cbri-

1954 1049 2061 1102 sto,
2089 1055 2190 1092 una
2228 1053 2348 1092 cum
2381 1039 2486 1093 illis
2535 1039 2730 1091 mortui
2793 1049 2958 1102 sunt;
3031 1038 3262 1090 aliorum
3297 1037 3521 1105 aegritu-

1955 1131 2080 1186 dine
2140 1130 2493 1185 libentissime
2533 1144 2653 1185 sese
2700 1129 3006 1199 implentes,
3057 1140 3106 1181 et
3154 1130 3519 1199 proximorum

1957 1223 2202 1277 morbum
2262 1222 2317 1277 in
2362 1223 2682 1292 semetipsos
2738 1206 3137 1292 quodammodo
3167 1220 3520 1280 attrahentes,

1955 1315 2274 1385 doloresque
2333 1329 2523 1369 eorum
2582 1322 2770 1384 sponte
2812 1328 2908 1369 sua
2957 1313 3325 1382 exprimentes
3361 1320 3523 1380 atque

1955 1417 2314 1477 extergentes.
2378 1406 2640 1474 Multique
2693 1407 2827 1460 adeo
2861 1405 2957 1475 qui
3016 1404 3150 1458 alios
3193 1411 3524 1472 mgrotantcs

1957 1505 2284 1550 curaverant
2320 1505 2377 1550 et
2426 1495 2477 1549 in
2523 1495 2810 1564 pristinam
2865 1493 3227 1547 valetudinem
3264 1493 3523 1547 restitue-

1959 1594 2100 1650 rant,
2132 1585 2230 1654 ipsi
2289 1586 2634 1650 interierunt,
2693 1593 2922 1638 mortem
2965 1583 3176 1636 illorum
3226 1583 3278 1636 in
3315 1583 3525 1650 seipsos

1960 1681 2336 1745 traducentes;
2379 1679 2712 1748 verbumque
2768 1678 2897 1732 illud
2949 1678 3171 1744 vulgare
3228 1680 3369 1745 quod
3413 1676 3527 1730 olli-

296 1772 517 1841 στόματα
534 1773 929 1842 συγκλείοντες,
960 1774 1374 1847 ὠμοφοροῦντές
1389 1794 1447 1830 τε
1465 1778 1557 1830 καὶ
1585 1777 1843 1831 διατιθέν-

1961 1769 2121 1824 ciosa:
2177 1773 2440 1824 duntaxat
2472 1770 2744 1825 comitatis
2791 1769 3058 1824 hactenus
3108 1771 3283 1822 visum
3327 1767 3522 1828 fuerat.

291 1879 374 1926 τες
401 1863 528 1935 (84),
557 1865 1052 1937 προσ-κολλώμενοι,
1099 1868 1554 1939 συμπλεκόμενοι,
1610 1868 1851 1940 λουτροῖς

290 1969 344 2005 τε
370 1955 456 2006 καὶ
485 1955 828 2026 περιστολαῖς
846 1957 955 2029 (85)
980 1958 1467 2029 κατακοσμοῦντες,
1494 1959 1627 2028 μετὰ
1661 1960 1852 2031 μικρὸν

292 2042 566 2114 ἐτύγχανον
594 2046 703 2098 τῶν
735 2047 885 2110 ἴσων,
913 2047 998 2100 ἀεὶ
1039 2047 1146 2101 τῶν
1175 2048 1614 2120 ὑπολειπομένων
1652 2052 1852 2119 ἐφεπο-

293 2136 453 2204 μένων
485 2140 597 2200 τοῖς
633 2138 737 2210 πρὸ
766 2139 963 2195 αὐτῶν.
996 2139 1078 2193 Τὰ
1121 2140 1179 2193 δέ
1229 2158 1292 2210 γε
1337 2140 1460 2214 ἔθνη
1493 2144 1600 2194 πᾶν
1634 2142 1854 2195 τούναν-

288 2226 414 2280 τίον·
445 2229 536 2281 καὶ
564 2233 743 2282 νοσεῖν
774 2232 1106 2303 ἀρχομένους
1145 2232 1464 2296 ἀποθοῦντο,
1500 2234 1594 2286 καὶ
1616 2234 1854 2301 ἀπέφευ-

288 2333 373 2385 γον
398 2321 517 2383 τοὺς
544 2321 853 2388 φιλτάτους,
911 2324 1014 2377 κάν
1051 2328 1168 2386 ταῖς
1212 2326 1350 2388 ὁδοῖς
1388 2324 1679 2396 ἐρρίπτουν
1722 2327 1851 2396 ἡμι-

287 2406 489 2478 θνῆτας,
533 2411 633 2464 καὶ
680 2413 906 2484 νεκροὺς
933 2415 1170 2482 ἀτάφους
1201 2414 1712 2482 ὰπεσκυϐαλίζοντο,
1754 2416 1852 2487 τὴν

285 2498 371 2552 τοῦ
399 2499 630 2554 Θανάτου
652 2503 884 2558 διάδοσιν
923 2507 1014 2558 καὶ
1034 2507 1316 2561 κοινωνίαν
1345 2509 1756 2579 ἐκτρεπόμενοι,
1788 2509 1853 2578 ἣν

285 2589 378 2644 οὐκ
412 2587 475 2663 ἦν
515 2594 614 2646 καὶ
659 2594 829 2648 πολλά
878 2597 1274 2669 μηχανομένοις
1316 2599 1556 2651 ἐκκλῖναι
1599 2598 1796 2669 ῥᾴδιον.
1831 2617 1848 2648 ι

286 2683 427 2740 Μετὰ
463 2686 521 2738 δὲ
562 2687 774 2759 ταύτην
811 2688 909 2760 τὴν
940 2689 1248 2760 ἐπιστολὴν,
1279 2689 1705 2763 εἰρηνευσάντων
1746 2689 1854 2743 τῶν

285 2774 414 2828 κατὰ
453 2777 550 2848 τὴν
594 2779 775 2844 πόλιν,
812 2783 925 2844 τοῖς
970 2784 1089 2835 κατ’
1130 2783 1401 2850 Αἴγυπτον
1439 2782 1682 2852 ἀδελφοῖς
1738 2784 1857 2855 ἐορ-

284 2869 526 2938 ταστικὴν
552 2867 717 2934 αὖθις
748 2872 1048 2927 ἐπιστέλλει
1075 2861 1314 2946 γραφὴν,
1337 2875 1430 2928 καὶ
1461 2876 1552 2928 ἐπί
1572 2875 1744 2948 ταύτῃ
1772 2875 1858 2928 άλ-

284 2954 371 3021 λας
401 2959 694 3034 διαφόρους
722 2964 882 3017 πάλιν
898 2964 1007 3036 (86)
1027 2965 1399 3020 διατυποῦται.
1432 2967 1657 3037 Φέρεται
1685 2967 1741 3020 δέ
1772 2985 1854 3032 τις

282 3049 434 3103 αὐτοῦ
462 3053 553 3105 καὶ
585 3055 720 3125 περὶ
749 3055 1024 3109 Σαὸϐἀτου
1044 3073 1057 3086 ·
1092 3059 1185 3110 καὶ
1210 3056 1344 3128 ἄλλη
1375 3059 1502 3130 περὶ
1528 3061 1850 3130 γυμνασίου.

1959 1863 2132 1930 reipsa
2159 1862 2534 1931 adimplentes,
2567 1879 2689 1916 cum
2725 1861 2954 1915 aliorum
3003 1863 3307 1931 peripsema
3348 1858 3526 1913 eli'ecti

1956 1968 2019 2006 ex
2051 1953 2151 2006 hac
2170 1954 2278 2006 vita
2315 1953 2634 2022 migrarent.
2665 1953 2724 2007 Et
2762 1953 2866 2007 ltoc
2897 1953 3113 2022 quidem
3146 1961 3304 2017 pacto
3337 1949 3526 2020 optimi

1960 2046 2163 2114 quique
2193 2061 2258 2098 ex
2289 2045 2551 2100 fratribus
2593 2047 2818 2110 nostris,
2871 2062 3098 2115 quorum
3131 2044 3370 2099 nonnulli
3403 2058 3526 2114 pre-

1954 2136 2155 2207 sbyteri
2193 2148 2346 2190 erant
2379 2151 2442 2191 ac
2467 2135 2680 2191 diaconi
2705 2176 2719 2200 ,
2774 2146 2825 2190 et
2859 2153 2924 2191 ex
2989 2137 3184 2205 populo
3213 2136 3526 2190 laudatissi-

1955 2228 2321 2297 mnsquisque
2364 2235 2593 2284 mortem
2647 2228 3012 2297 oppetierunt,
3055 2229 3189 2282 adeo
3246 2237 3298 2281 ut
3352 2243 3520 2296 genus

1956 2323 2054 2376 lioc
2099 2321 2285 2375 mortis
2319 2321 2389 2375 ob
2446 2320 2696 2389 pietatem
2758 2319 2988 2389 fideique
3019 2321 3384 2375 constantiam
3424 2335 3520 2374 ne—

1954 2430 2223 2485 quaquam
2284 2413 2514 2469 inferius
2569 2414 2831 2484 martyrio
2892 2423 3205 2468 censeatur.
3271 2412 3337 2466 Hi
3394 2426 3523 2483 ergo

1955 2514 2264 2561 sanctorum
2328 2521 2554 2575 corpora
2613 2506 2818 2574 supinis
2907 2505 3154 2560 manibus
3212 2506 3525 2573 gremioque

1955 2597 2304 2666 excipientes,
2371 2597 2555 2652 oculos
2616 2597 2724 2651 illis
2753 2605 2805 2652 et
2827 2613 2922 2653 ora
2983 2598 3320 2663 claudentes,
3373 2597 3524 2664 baiu-

1956 2689 2130 2744 lantes
2171 2689 2359 2743 eadem
2424 2687 2666 2744 humeris
2720 2690 2860 2754 suis,
2887 2697 3278 2753 componentes
3300 2729 3315 2752 ,
3342 2688 3528 2741 adlue-

1959 2791 2230 2836 rescentes
2285 2780 2413 2846 illis,
2471 2779 2934 2849 complectentes,
2969 2779 3187 2833 lavacro
3245 2787 3300 2831 et
3361 2778 3525 2832 veSti-

1959 2873 2153 2928 mentis
2179 2880 2455 2935 ornantes,
2498 2869 2660 2939 paulo
2718 2877 2838 2937 post
2879 2868 3065 2922 eadem
3110 2867 3282 2921 cilicia
3313 2867 3378 2919 ab
3409 2864 3527 2919 aliis

1957 2965 2236 3019 consecuti
2272 2971 2430 3028 sunt;
2455 2977 2577 3016 cum
2609 2960 2930 3030 superstites
2973 2974 3186 3026 semper
3214 2973 3401 3012 eorum
3431 2958 3524 3028 qui

1959 3064 2349 3126 praecesserant
2399 3055 2645 3124 vestigiis
2709 3053 3044 3107 insisterent.
3105 3050 3349 3106 Gentiles
3397 3063 3525 3104 vero

293 3138 649 3213 Ἐρμάμμωνι
697 3144 752 3198 δὲ
792 3146 950 3199 πάλιν
994 3149 1087 3200 καὶ
1117 3151 1230 3213 τοῖς
1255 3151 1373 3202 κατ’
1403 3149 1674 3218 Αἴγυπτον
1705 3151 1849 3205 ἀδελ-

1958 3165 2182 3218 prorsus
2232 3150 2507 3206 contraria
2573 3149 2658 3204 his
2715 3155 2962 3217 egerunt.
3013 3143 3147 3198 Nam
3195 3153 3250 3198 et
3296 3157 3388 3198 eos
3433 3142 3523 3212 qui

283 3235 390 3301 φοῖς
431 3235 497 3287 δι’
537 3238 829 3308 ἐπιστολῆς
860 3239 1081 3310 ὁμιλῶν,
1116 3241 1285 3295 πολλά
1323 3259 1382 3294 τε
1422 3241 1557 3297 ἄλλα
1601 3244 1726 3314 περὶ
1752 3244 1848 3315 τῆς

280 3324 455 3378 Δεκίου
509 3329 605 3382 κει)⁹
668 3329 776 3385 τῶν
840 3333 955 3402 μετ’
1014 3331 1175 3389 αὐτὸν
1239 3331 1520 3399 διεξελθὼν
1585 3353 1848 3408 κακοτρο-

285 3545 334 3625 in
356 3551 534 3625 codice
556 3552 815 3625 Regioget
846 3555 898 3608 in
923 3555 1162 3609 editione
1187 3555 1321 3609 Rob.
1349 3553 1609 3624 Stephani
1639 3555 1848 3625 apposi-

285 3623 332 3692 ta
349 3630 427 3673 est
449 3622 680 3692 virgula.
715 3623 910 3677 Verum
939 3627 991 3678 in
1019 3627 1190 3679 tribus
1219 3626 1416 3680 nostris
1445 3622 1846 3692 exemplaribus

286 3686 435 3753 Maz.,
486 3686 629 3748 MEd.
685 3703 740 3747 et
784 3694 1080 3748 Fnketiano
1117 3694 1216 3746 alia
1266 3706 1348 3748 est
1383 3686 1677 3750 distinctio.
1711 3695 1844 3748 Nam

287 3769 395 3840 post
423 3777 606 3816 vocem
648 3765 1035 3840 ἀσμενέστατα
1061 3765 1302 3840 apposita
1336 3775 1420 3819 est
1449 3767 1620 3840 media
1654 3766 1847 3818 distin-

285 3836 496 3911 ctioseu
527 3837 878 3911 ntora._Quod
910 3838 1125 3911 quidem
1157 3836 1355 3911 idcirco
1380 3837 1701 3911 unonendum
1729 3849 1848 3890 esse

285 3899 427 3979 duxi,
459 3918 525 3956 ne
553 3905 674 3970 quis
713 3899 852 3959 forte
891 3899 1238 3979 sitspieetur,_
1267 3905 1532 3979 vulgatam
1571 3906 1848 3972 interpun-

284 3974 504 4047 ctionem
542 3984 750 4047 temere
791 3991 855 4029 ac
884 3976 1359 4047 sineanctoritate
1405 3974 1727 4043 scriptorum
1757 3991 1848 4030 eo-

287 4039 452 4093 dicum
476 4058 503 4094 a
532 4043 693 4097 nobis
725 4055 982 4098 mutatam
1009 4045 1195 4098 fuisse.

350 4108 456 4189 (ξι)
483 4110 1000 4189 ’ᾼνίιμασσόμενοι
1019 4114 1126 4181 τὰς
1160 4113 1522 4189 ἀλγηδόνας.
1554 4113 1768 4189 Langus
1797 4124 1852 4168 et

284 4175 803 4254 Cltristoplior'sonns
832 4175 1119 4240 verterunt
1138 4175 1460 4253 mitigantes,
1481 4175 1648 4254 quam
1671 4175 1847 4238 inter-

287 4252 634 4324 pretationem
661 4255 909 4324 equidem
933 4257 1160 4321 probare
1186 4252 1289 4308 non
1310 4252 1546 4324 possum.
1574 4253 1707 4306 Nam
1730 4254 1854 4306 ἀνα-

289 4317 504 4386 μάσσειν
551 4323 671 4376 sive
708 4317 1003 4395 ἐκμάσσειν
1033 4326 1195 4395 idem
1228 4317 1325 4377 est.
1358 4325 1500 4395 quod
1540 4325 1847 4388 exprimere.

284 4398 562 4457 extergere.
623 4395 713 4446 Ait
764 4394 927 4464 igitur
984 4394 1290 4464 Dionysius,
1347 4394 1688 4449 Christianos
1757 4395 1849 4462 Qui

1955 3251 2221 3315 aegrotare
2271 3241 2586 3312 inceperant
2648 3241 3124 3306 exturbabant,et
3177 3237 3525 3293 cbarissimos

1947 3334 2330 3407 refugiebant;
2369 3349 2570 3406 eosque
2649 3335 2703 3389 in
2751 3334 2853 3390 viis
2913 3334 3211 3389 semineces
3260 3332 3526 3388 desulue-

1951 3556 2130 3627 ψημα,
2176 3554 2227 3609 id
2276 3564 2359 3611 est
2399 3564 2740 3626 purgamenta
2769 3555 2970 3619 saeculi,
3017 3554 3158 3622 quod
3195 3555 3366 3624 magis
3406 3553 3520 3622 pla-

1954 3639 2058 3680 CCI.

2027 3696 2138 3762 (85)
2166 3695 2372 3750 Αὐτῶν
2417 3695 2659 3750 πάντων
2707 3697 3030 3766 περίψημα.
3073 3696 3253 3749 Codex
3302 3695 3437 3748 Med.
3473 3705 3527 3747 et

1957 3766 2091 3819 Maz.
2126 3781 2254 3819 voce
2283 3767 2518 3826 πάντων,
2557 3783 2676 3833 quae
2710 3771 2760 3836 in
2783 3769 3022 3836 vulgatis
3054 3766 3225 3836 deest,
3251 3766 3523 3818 auctiores

1955 3846 2104 3891 snnt.
2137 3843 2407 3902 quomodo
2432 3837 2595 3889 etiam
2632 3835 2832 3889 inFnk.
2857 3835 3118 3904 scriptum
3147 3835 3346 3891 inveni.

2029 3905 2138 3976 (84)
2175 3908 2284 3960 Καὶ
2321 3905 2701 3973 διατιθέντες.
2760 3907 3288 3974 Cbrist0pborsonus
3341 3904 3519 3976 vertit,

1955 3974 2195 4029 decenter
2223 3989 2488 4039 amantes,
2538 3978 2694 4030 male.
2732 3976 2866 4030 Nam
2899 3979 2963 4029 de
2992 3985 3182 4030 ornatu
3223 3989 3350 4026 mox
3389 3974 3520 4025 sub-

1945 4047 2123 4116 jungit
2165 4048 2470 4117 Dionysius.
2510 4047 2728 4117 Rectius
2777 4047 2938 4117 igitur
2972 4046 3108 4100 verti
3137 4055 3524 4112 componentes,

1951 4117 2220 4186 quomodo
2246 4116 2537 4188 loquuntur
2565 4116 2761 4170 Latini.
2788 4117 2877 4170 Sic
2900 4116 3116 4188 Persius
3151 4130 3164 4167 :

2313 4184 2328 4240 ξ
2370 4225 2385 4240 .
2431 4224 2446 4240 .
2490 4225 2502 4238 .
2546 4190 2856 4256 tandemque
2886 4185 3123 4240 beatulus
3150 4184 3258 4237 alto

2058 4255 2384 4326 Compositus
2411 4257 2561 4318 lecto,
2593 4267 2699 4310 etc.

1954 4325 2310 4397 Hieronymus
2346 4327 2436 4381 lib.
2477 4344 2488 4380 I
2518 4326 2583 4380 In
2614 4327 2952 4381 Jorinianum
2986 4341 3004 4380 :
3038 4325 3434 4395 Compositoque
3459 4341 3524 4380 ea:

1955 4414 2094 4450 more
2121 4399 2360 4451 cadaveri
2388 4398 2556 4462 seipsa
2587 4399 2887 4466 superjecit.
2923 4397 3058 4450 Hinc
3078 4397 3390 4466 compositus
3425 4411 3520 4464 pro

283 4472 449 4522 aegros
485 4464 760 4530 pestilenti
808 4465 996 4520 morbo
1049 4465 1354 4519 laborantes
1405 4465 1726 4530 invisebant,
1754 4482 1848 4518 ex-
1882 4467 1922 4520 ι)
1953 4468 2149 4526 sepulto
2204 4469 2340 4535 ame
2385 4464 2660 4535 Virgilium
2715 4464 2766 4520 et
2819 4466 3118 4520 Horatium.
3161 4465 3433 4518 Possidius
3465 4467 3516 4517 in

285 4542 493 4603 pressos
519 4537 931 4603 aigrotantium
970 4536 1184 4589 dolores
1232 4535 1283 4587 in
1320 4536 1637 4602 semetipsos
1677 4545 1852 4588 trans-

287 4599 484 4680 tulisse.
514 4602 578 4680 ld.
591 4599 736 4657 enim
767 4605 1038 4680 signiﬁcat
1061 4621 1162 4659 vox
1191 4599 1653 4680 ἀναμασσόμξενοι,
1687 4605 1736 4680 i_d
1768 4612 1851 4660 est

286 4673 523 4744 escipere
567 4673 620 4726 in
659 4688 720 4728 se
756 4687 808 4729 et
824 4673 989 4744 quasi
1023 4673 1541 4744 cxsugerejalterins
1576 4674 1845 4728 morbum.

284 4735 420 4816 Ideni
447 4752 536 4816 est
570 4744 734 4816 igitur
757 4735 898 4816 quod
924 4753 1078 4800 antea
1109 4735 1247 4799 diiit
1278 4743 1584 4816 Dionysius,
1624 4745 1718 4797 καὶ
1749 4745 1849 4815 τὴν

284 4807 432 4862 νόσον
455 4811 539 4881 ἐφ’
574 4807 802 4879 ἐάυτοὺς
823 4815 1088 4879 ἕλκοντες.

350 4881 457 4960 ςῆὲ)
511 4884 724 4960 litari”
777 4887 1252 4960 φιλοφροσύνης.
1321 4886 1444 4960 Non
1501 4894 1669 4960 recte,
1728 4899 1848 4938 meo

285 4951 511 5024 quidem
555 4951 797 5022 judicio,
864 4951 1136 5010 Masculus
1186 4951 1257 5010 'et
1319 4957 1846 5024 Cbristopliorsonus

283 5023 903 5102 ueram-beneuolentiam
949 5027 1395 5102 interpretantur,
1426 5023 1552 5081 cum
1590 5025 1846 5102 φιλοφρο-

285 5095 410 5161 σύνη
440 5095 510 5145 sit
533 5095 714 5162 potius
739 5096 1112 5149 benevolentia
1140 5097 1193 5148 in
1218 5112 1469 5152 sermone
1497 5105 1551 5150 et
1570 5096 1847 5148 ati‘abibta-

287 5166 334 5238 te
363 5163 580 5241 "posita,
640 5179 758 5233 quae
796 5168 1019 5241 comitas
1079 5166 1275 5219 dicitur
1320 5182 1348 5220 a
1381 5167 1604 5241 liminis.
1642 5166 1846 5220 Gallice

283 5230 464 5304 givilité
523 5241 581 5287 et
638 5230 962 5304 c’ontpliment
1045 5251 1320 5290 vocamus.
1379 5238 1604 5293 Videtur
1661 5246 1841 5289 autem

283 5295 391 5377 haec
421 5316 524 5377 vo;
556 5295 841 5377 περίψημα
883 5321 1005 5374 quae
1059 5307 1111 5359 in
1143 5307 1386 5374 epistolis
1441 5307 1591 5361 Pauli
1623 5306 1841 5377 legitur,

282 5372 436 5445 Vulgo
493 5372 666 5428 fuisse
699 5372 706 5374 ἡ
735 5372 802 5429 ab
854 5372 1232 5432 Alexandrinis
1281 5387 1562 5445 usurpata,
1627 5372 1842 5445 quoties

282 5454 338 5493 se
365 5443 413 5494 in
446 5445 864 5500 Salutationibus
890 5457 1076 5500 mutuo
1104 5443 1507 5514 compellat-ent,
1541 5456 1595 5500 et
1620 5443 1837 5514 operam

284 5514 802 5590 atquenobsequiunr
827 5518 1207 5590 sponderent:
1246 5517 1383 5586 Ἐγώ
1412 5520 1524 5587 εἰμι
1557 5516 1842 5590 περίψημά

283 5595 396 5658 gen,
421 5582 574 5658 Quod
608 5582 771 5658 certe,
793 5582 877 5640 hic
908 5587 1146 5658 Dionysii
1172 5582 1324 5642 locus
1348 5582 1557 5642 videtur
1592 5582 1835 5643 inlinere.

286 5648 391 5730 Etsi
423 5648 608 5721 potius
633 5656 1010 5730 intelligamus.
1041 5648 1382 5730 Christianos
1405 5658 1567 5730 vulgo
1599 5675 1626 5712 a
1661 5660 1838 5730 genti-

287 5717 442 5779 libus'
477 5735 700 5783 vocatos
763 5717 927 5784 fuisse
983 5717 1085 5784 boc
1142 5717 1378 5798 nemine,
1406 5717 1621 5786 πάνῖτων
1661 5717 1838 5802 "nept-

1963 4535 2080 4590 Vita
2102 4537 2168 4594 Β.
2193 4538 2470 4606 Augustini
2499 4554 2516 4591 :
2545 4537 2831 4605 Confestim
2862 4554 2981 4590 vero
3012 4553 3103 4600 pro
3123 4537 3236 4606 ejus
3260 4551 3521 4588 commen-

1951 4607 2127 4660 danda
2174 4609 2407 4676 corporis
2439 4607 2758 4673 depositione
2789 4607 3021 4659 oblatum
3054 4619 3167 4669 est;
3214 4615 3520 4673 peractoque

1951 4677 2248 4730 solemniter
2280 4679 2644 4746 exsequiarum
2691 4678 2980 4730 ministerio
3017 4677 3291 4746 insigniter
3320 4691 3524 4743 compo-

1949 4745 2419 4814 situs,deportatus
2463 4764 2524 4800 ac
2569 4749 2800 4814 sepultus
2830 4760 2924 4801 est.
2959 4746 3036 4800 lla
3070 4747 3213 4800 enim
3248 4745 3442 4815 legitur
3467 4747 3518 4798 in

1950 4816 2138 4871 eodiee
2163 4818 2534 4873 Moseiacensi.

2021 4886 2133 4958 (85)
2158 4889 2268 4941 Kal
2304 4887 2707 4955 περιστολαῖς.
2736 4886 2846 4942 Nec
2870 4889 3011 4942 hanc
3040 4903 3228 4942 vocem
3253 4885 3523 4958 intellexit

1948 4956 2474 5028 gltiris'topltorsonus
2512 4960 2607 5027 'qui
2645 4959 2827 5022 vertit,
2876 4960 3033 5012 linteo
3071 4959 3276 5028 funebri
3303 4957 3519 5010 volvere.

1949 5025 2206 5082 Solebant
2238 5030 2382 5082 enim
2421 5025 2647 5082 Romani
2679 5039 2802 5082 tunc
2838 5025 3096 5097 temporis
3135 5031 3397 5083 cadavera
3431 5041 3524 5078 vc-

1948 5100 2120 5151 stibns
2147 5099 2388 5152 amicire.
2422 5103 2500 5153 Ac
2533 5099 2598 5152 de
2625 5099 2914 5169 gentilibus
2942 5101 3156 5168 quidem
3188 5113 3279 5154 res
3316 5097 3518 5164 protri-

1949 5175 2002 5240 ta
2035 5179 2145 5240 est,
2192 5169 2457 5240 adeunt
2487 5171 2749 5236 exemplis
2812 5186 2917 5222 non
2970 5180 3143 5240 egeat.
3196 5169 3345 5237 Ipsos
3394 5181 3522 5240 vero

1946 5238 2287 5292 Christianos
2337 5237 2572 5291 ﬁdelium
2625 5235 2891 5293 cadavera
2945 5235 3240 5307 splendidis
3285 5235 3526 5307 vestibus

1945 5310 2242 5367 obtexisse.
2269 5310 2426 5361 docet
2454 5310 2758 5376 exemplum
2793 5305 2994 5362 Asmrii
3032 5311 3082 5363 in
3111 5324 3230 5375 cap.
3261 5310 3326 5360 lb’
3359 5305 3521 5374 hujus

1944 5376 2088 5430 libri.
2134 5379 2492 5448 Hieronymus
2536 5379 2586 5430 in
2621 5379 2900 5447 lt'pitapltio
2935 5380 3121 5432 Paulae
3173 5396 3191 5434 :
3239 5378 3365 5442 Quis
3405 5378 3518 5448 ino:

1943 5463 2064 5516 pum
2124 5443 2352 5500 moriens
2395 5463 2499 5501 non
2540 5443 2683 5502 illius
2735 5443 3047 5503 vestimentis
3098 5451 3367 5502 obvolutus
3406 5443 3520 5498 est?

1943 5517 2051 5571 Nec
2079 5519 2234 5570 aliter
2263 5516 2643 5585 intelligendus
2670 5530 2752 5574 est
2781 5521 2932 5575 locus
2956 5519 3211 5583 Possidii,
3237 5531 3394 5586 quem
3423 5531 3520 5569 an-

1945 5598 2026 5642 tea
2066 5588 2252 5642 citavi.

2011 5659 2123 5728 (86)
2157 5659 2376 5725 ’Ἀλλας
2399 5657 2721 5731 διαφόρους
2744 5660 2948 5715 πάλιν.
2975 5661 3084 5716 Vox
3113 5658 3398 5731 διαφόρους
3426 5657 3519 5712 τηις

1943 5730 2088 5784 ditur
2117 5741 2183 5783 ex
2214 5731 2401 5786 codice
2435 5729 2574 5786 Med.
2605 5741 2660 5786 et
2691 5732 2952 5786 Mazarin;
