3928 6252
471 334 566 390 691

1188 331 1457 388 EUSEBII
1495 331 1965 389 CESARIENSIS
1996 332 2145 389 OPP.
2186 334 2363 389 PARS
2398 335 2455 391 l.‘
2478 365 2549 375 —
2583 311 2973 392 HISTORICA.
3567 339 3655 397 692

468 458 644 508 bant:
696 461 788 505 aut
825 461 1067 506 mortuos
1114 451 1410 520 insepultos
1458 452 1840 523 projiciebant,
1871 467 2014 507 aver‘

2140 456 2287 517 πίας,
2339 457 2457 526 τῆς
2488 454 2625 509 κατὰ
2668 456 2759 510 τὸν
2804 455 3090 527 Γαλλιηνὸν
3130 454 3346 527 εἰρήνης
3385 456 3651 534 ὑπομιμνή-

461 553 652 598 Sanies
674 541 863 598 mortis
886 543 1357 612 participationem
1386 559 1450 599 ac
1480 545 1829 610 societatem;
1862 558 2021 613 quam

2133 562 2337 600 σκεται.

466 644 643 689 tamen
698 634 824 691 licet
872 635 1155 705 multiplici
1212 637 1455 693 adhibita
1516 640 1767 696 cautione
1824 653 1887 693 ac
1937 640 2235 709 diligentia,
2290 640 2494 694 evitare
2582 655 2688 695 non
2746 648 3016 711 poterant.
3049 658 3069 692 ι
3130 637 3257 694 Post
3305 638 3439 694 hanc
3477 641 3653 709 episto-

458 727 594 791 lam,
621 743 742 783 cum
770 743 860 784 res
893 729 946 783 in
970 728 1103 784 urbe
1130 728 1461 786 Alexandria
1487 741 1692 801 pacatae
1752 740 1959 799 essent,
2008 733 2074 785 ad
2115 731 2312 802 fratres
2349 745 2443 800 per
2503 729 2795 802 Egyptum
2850 733 3172 787 constitutos
3209 728 3510 785 Pascbalem
3558 747 3657 785 rur-

461 832 556 873 sus
579 819 864 888 epistolam
887 812 1441 893 Dionysius'scripsit,
1495 825 1738 896 aliasque
1802 835 1922 896 post
1969 826 2107 880 banc
2133 800 2386 894 deinceps
2422 800 2687 879 exaravit.
2724 825 2913 880 Exstat
2963 825 3126 879 etiam
3183 820 3402 890 epistola
3453 826 3558 889 ejus
3597 823 3650 877 de

463 908 701 966 Sabbato
752 927 769 965 :

824 922 878 969 et
936 914 1040 970 alia
1091 916 1157 971 de
1195 918 1607 976 exercitatione.
1677 920 1946 976 Praeterea
1999 920 2064 975 ad
2124 918 2598 975 llermammonem
2668 919 2972 989 fratresque
3028 919 3082 972 in
3143 917 3375 988 Egypto
3435 915 3655 984 degentes

461 1006 743 1071 epistolam
777 1006 940 1078 27o
972 1011 1238 1077 scribens,
1291 1024 1572 1083 postquam
1618 1015 1686 1072 de
1737 1017 1870 1087 imp.
1932 1015 2085 1071 Decii
2145 1022 2195 1070 et
2260 1026 2632 1069 successorum
2697 1011 2839 1066 illius
2889 1010 3234 1079 improbitate
3283 1009 3539 1074 disseruit,
3582 1024 3657 1077 pa-

463 1101 542 1155 cis
586 1115 707 1169 quzc
771 1101 942 1173 viguit
997 1103 1298 1173 principatu
1354 1104 1617 1171 Gallieni,
1667 1107 1996 1162 mentionem
2025 1102 2177 1158 facit.

1021 1192 1246 1249 CAPUT
1273 1193 1460 1249 ΧΧΙΙΙ.

952 1282 1029 1337 De
1049 1285 1265 1353 imperio
1289 1285 1537 1343 Gallieni.

533 1372 637 1428 Sed
664 1373 775 1442 ipsa
802 1374 924 1446 ejus
959 1377 1123 1431 verba
1149 1378 1320 1432 satius
1363 1377 1530 1434 fuerit
1558 1379 1775 1445 audire,
1800 1395 1919 1450 qua:
1946 1379 2023 1436 sic

462 1466 662 1521 habent
689 1480 704 1521 :
738 1485 757 1518 ι
786 1467 851 1522 Ει
877 1467 966 1522 ille
987 1469 1204 1538 quidem
1234 1485 1356 1525 cum
1382 1471 1770 1540 imperatorum
1800 1488 2021 1527 suorum

460 1557 691 1613 alterum
719 1558 1069 1629 prodidisset.
1104 1560 1258 1616 alteri
1292 1561 1491 1617 bellum
1548 1563 1839 1627 intulisset,
1871 1562 2022 1618 brevi

379 1716 383 1721 h
461 1664 582 1704 cum
624 1649 877 1705 universa
924 1649 1126 1705 familia
1189 1653 1434 1722 stirpitus
1463 1654 1692 1710 interiit.
1747 1652 2022 1710 Gallienus

458 1752 589 1794 vero
617 1739 960 1795 renuntiatus
983 1750 1038 1796 et
1072 1744 1344 1798 communi
1368 1744 1605 1798 omnium
1640 1758 1903 1799 consensu
1928 1759 2022 1812 ap-

2658 1190 3051 1244 ΚΕΦΛΛΑΙΟΝ
3076 1190 3166 1243 ΚΓ
3168 1196 3199 1242 ’.

2124 1286 2264 1355 Περὶ
2287 1284 2395 1354 τῆς
2419 1283 2761 1351 Γαλλιηνοῦ
2784 1281 3103 1348 βασιλείας
3132 1280 3267 1352 (Nic.
3298 1277 3368 1334 Il.
3397 1278 3456 1332 E.
3474 1296 3540 1343 γι,
3560 1278 3654 1349 21).

2197 1376 2361 1430 Οὐδὲν
2408 1376 2465 1430 δὲ
2513 1370 2645 1439 οἷον,
2701 1374 2762 1427 τὸ
2813 1373 2906 1428 καὶ
2952 1374 3155 1427 τούτων
3189 1364 3293 1427 ὧδέ
3324 1389 3436 1434 πως
3460 1371 3659 1442 ἐχόντων

2125 1467 2353 1522 ἀκοῦσαι
2378 1485 2391 1497 ·
2431 1485 2449 1519 r
2489 1468 2724 1530 Ἐκεῖνος
2744 1466 2841 1537 μὲν
2860 1461 2952 1519 οὖν
2984 1464 3092 1535 (87)
3123 1464 3230 1517 τῶν
3260 1463 3363 1535 πρὸ
3389 1462 3539 1515 αὐτοῦ
3578 1461 3657 1533 βα-

2130 1559 2318 1614 σιλέων
2365 1559 2453 1613 τὸν
2490 1558 2589 1631 μὲν
2620 1559 2939 1631 προέμενος,
2982 1556 3058 1628 τῷ
3085 1556 3141 1610 δὲ
3168 1554 3497 1626 ἐπιθέμενος,
3537 1570 3659 1621 παγ-

2127 1650 2259 1721 γενῆ
2279 1651 2486 1721 ταχέως
2506 1651 2598 1704 καὶ
2626 1648 2917 1721 πρόρριζος
2937 1645 3264 1719 ἐξηφανίσθη
3287 1663 3299 1676 ’
3332 1644 3586 1716 ἀνεδείχθη
3612 1645 3659 1699 δὲ

2127 1744 2218 1797 καὶ
2267 1741 2746 1812 συνανωμολογήθη
2777 1740 2929 1812 παρὰ
2954 1740 3169 1794 πάντων
3198 1741 3226 1792 ὁ
3254 1737 3547 1808 Γαλλιηνὸς,
3574 1754 3661 1790 πα-

458 1829 718 1898 probatus
775 1842 905 1889 est:
959 1845 1116 1890 vetus
1163 1834 1327 1889 simul
1376 1836 1671 1904 imperator
1727 1850 1791 1890 ac
1820 1849 2014 1901 novus,

2125 1835 2271 1898 λαιὸς
2328 1834 2441 1906 ἅμα
2490 1833 2741 1904 βασιλεὺς
2778 1831 2873 1886 καὶ
2903 1831 3041 1894 νέος,
3078 1829 3292 1901 πρῶτος
3331 1827 3403 1881 ὢν
3441 1829 3528 1881 καὶ
3562 1830 3659 1899 μετ’

458 1921 612 1989 prior
644 1921 772 1988 illis,
823 1938 887 1979 ac
938 1933 1059 1994 post
1108 1924 1229 1979 illos
1250 1926 1410 1979 etiam
1440 1934 1748 1993 superstes:
1786 1924 1939 1994 juxta
1967 1924 2020 1978 id

455 2012 597 2083 quod
622 2012 822 2069 dictum
848 2023 931 2071 est
967 2014 1115 2071 Isaiae
1151 2017 1423 2084 prophetae
1451 2030 1467 2067 :
1497 2034 1516 2068 ι
1548 2015 1678 2083 Quae
1704 2032 1732 2070 a
1760 2017 2021 2087 principio

454 2102 607 2159 fuere
638 2118 764 2160 ecce
792 2117 1079 2173 venerunt,
1113 2119 1167 2164 et
1192 2123 1329 2162 nova
1347 2118 1474 2163 sunt
1505 2123 1625 2178 quae
1653 2124 1798 2162 nunc
1831 2112 2018 2164 orien-

455 2203 562 2253 tur.
606 2214 625 2248 ι
653 2195 788 2251 Nam
816 2200 1268 2268 quemadmodum
1302 2203 1472 2257 nubes
1514 2201 1643 2257 solis
1680 2201 1862 2256 radios
1895 2201 2019 2257 sub-

448 2287 602 2355 .iens,
633 2289 752 2359 ejus
805 2291 1142 2360 splendorem
1171 2293 1325 2348 brevi
1355 2303 1596 2364 tempore
1626 2296 1904 2360 obscurat,
1932 2294 2022 2349 in-

451 2391 558 2446 que
586 2378 704 2446 ejus
753 2378 928 2435 locum
961 2383 1252 2436 substituta
1307 2383 1676 2451 conspicitur:
1735 2399 1798 2438 ea
1828 2384 2020 2439 deinde

452 2478 840 2542 prtetergressa
890 2482 983 2527 aut
1036 2472 1348 2543 liquefacta,
1399 2473 1482 2528 sol
1533 2474 1623 2543 qui
1653 2485 1813 2529 antea
1867 2484 2019 2530 ortus

453 2558 649 2626 fuerat,
698 2578 916 2618 rursum
964 2565 1117 2633 quasi
1171 2579 1342 2619 novus
1389 2565 1588 2620 exoriri
1645 2567 1858 2620 videtur
1892 2582 1907 2618 :
1943 2565 2015 2619 ita

451 2650 759 2707 Macrianus
821 2653 912 2721 qui
967 2654 1204 2723 seipsum
1253 2665 1621 2723 prazposuerat
1654 2666 1707 2708 et
1746 2656 1813 2708 ad
1841 2654 2016 2723 ipsum

448 2741 679 2797 Gallieni
705 2743 988 2811 imperium
1019 2743 1264 2813 proxime
1295 2745 1633 2810 admoverat;
1659 2745 1774 2812 ipse
1799 2746 2016 2815 quidem

448 2835 555 2901 iam
588 2849 692 2888 non
720 2844 824 2900 est,
874 2837 1071 2904 quippe
1094 2838 1186 2906 qui
1224 2852 1325 2892 nec
1365 2848 1524 2891 antea
1547 2845 1701 2891 erat:
1737 2836 2015 2891 Gallienus

449 2933 579 2976 vero
603 2921 684 2977 sui
711 2922 908 2977 similis
936 2923 1186 2993 idemque
1215 2925 1309 2995 qui
1338 2925 1488 2995 prius
1536 2935 1738 2980 manet.
1772 2925 1891 2996 Ipse
1920 2927 2016 2980 de-

448 3013 614 3083 nique
640 3011 999 3084 principatus,
1026 3016 1172 3070 velut
1193 3028 1469 3073 senectute
1493 3018 1764 3087 deposita,
1815 3029 1869 3072 et
1902 3019 2014 3088 pri—

448 3103 607 3158 slinte
660 3103 1024 3173 improbitatis
1077 3108 1327 3162 sordibus
1364 3118 1712 3177 repurgatus,
1754 3123 1897 3161 nunc
1921 3106 2015 3163 llo-

2126 1927 2365 1990 ὲκείνους
2396 1925 2609 1998 παρών,
2640 1922 2796 1978 Κατὰ
2835 1922 2944 1994 γὰρ
2972 1922 3033 1976 τὸ
3065 1921 3225 1993 ῥηθὲν
3272 1921 3404 1993 πρὸς
3438 1921 3520 1974 τὸν
3546 1937 3658 1992 προ-

2126 2018 2301 2088 φήτην
2327 2017 2567 2071 Ἡσαΐαν
2591 2036 2609 2067 ‹
2634 2015 2713 2069 Τὰ
2740 2016 2832 2068 ἀπ’
2862 2015 3033 2087 ἀρχῆς
3064 2013 3169 2067 ἰδοὺ
3198 2013 3383 2083 ἥκασι,
3413 2013 3500 2065 καὶ
3525 2010 3660 2065 καινὰ

2124 2109 2269 2164 ἂνῦν
2298 2109 2559 2164 ἀνατελεῖ.
2575 2129 2594 2162 ι
2629 2110 2835 2180 ’Ὠσπερ
2852 2106 2960 2179 γὰρ
2980 2106 3138 2177 νέφος
3157 2105 3254 2167 τὰς
3285 2104 3503 2175 ἡλιακὰς
3529 2105 3659 2156 ἀκτῖ-

2125 2218 2221 2264 νας
2249 2199 2555 2271 ὑποδραμὸν
2594 2198 2686 2251 καὶ
2716 2196 2851 2269 πρὸς
2878 2195 3054 2263 ὀλίγον
3101 2194 3448 2264 ὲπηλυγάσαν
3466 2234 3478 2253 ,
3500 2191 3658 2243 ἐσκία-

2126 2309 2216 2346 σεν
2244 2292 2403 2345 αὐτὸν
2431 2290 2525 2344 καὶ
2544 2290 2654 2342 ἀντ’
2677 2288 2837 2342 αὑτοῦ
2859 2286 3159 2359 προεφάνη,
3191 2281 3311 2338 εἶτα
3338 2282 3659 2355 παρελθόντος

2123 2384 2157 2455 ἦ
2188 2382 2530 2446 διατακέντος
2556 2380 2649 2434 τοῦ
2692 2380 2905 2448 νέφους,
2937 2377 3169 2448 ἐξεφάνη
3215 2376 3375 2431 πάλιν
3406 2372 3656 2428 ἐπανατεί-

2122 2475 2221 2539 λας
2247 2477 2276 2528 ὁ
2304 2475 2452 2545 ἥλιος
2477 2475 2505 2526 ὁ
2541 2470 2946 2544 προανατείλας,
2970 2468 3111 2522 οὕτω
3135 2467 3375 2539 προστὰς
3398 2467 3487 2520 καὶ
3513 2480 3656 2536 προσ-

2122 2566 2360 2628 πελάσας
2400 2563 2509 2635 (88)
2565 2564 2753 2616 ἑαυτὸν
2807 2565 2834 2617 ὁ
2869 2560 3180 2632 Μακριανδς
3239 2562 3340 2630 τῆς
3381 2555 3657 2626 ἐφεστώσης

2120 2657 2411 2729 Γαλλιηνοῦ
2447 2656 2738 2726 βασιλείας,
2770 2656 2797 2708 ὁ
2828 2656 2925 2724 μὲν
2952 2654 3051 2707 οὐκ
3080 2653 3246 2716 ἐστιν,
3279 2651 3405 2704 ἐπεὶ
3435 2648 3557 2720 μηδὲ
3581 2642 3656 2718 ἦν’

2120 2750 2149 2802 ὁ
2173 2749 2231 2803 δέ
2256 2751 2402 2802 ἐστιν
2425 2748 2623 2819 ὁμοίως
2647 2746 2833 2817 ὥσπερ
2857 2742 2943 2818 ἧν.
2986 2745 3096 2799 Καὶ
3138 2739 3246 2796 οἷον
3283 2740 3575 2812 ἀποθεμένη
3608 2735 3661 2790 τὸ

2119 2840 2294 2912 γῆρας
2318 2842 2351 2910 ἡ
2378 2839 2644 2910 βασιλεία,
2678 2838 2772 2891 καὶ
2803 2836 2899 2908 τὴν
2928 2835 3196 2907 προοῦσαν
3231 2829 3659 2902 ἀνακαθηραμένη

2120 2932 2337 2997 κακίαν,
2381 2930 2743 3001 ἀκμαιότερον
2787 2928 2881 2982 νῦν
2924 2927 3159 2991 ἐπανθεῖ,
3207 2926 3306 2980 καὶ
3348 2921 3660 3001 πορρώτερον

2119 3026 2310 3098 ὁρᾶται
2361 3024 2454 3079 καὶ
2482 3021 2757 3083 ἀκούεται,
2794 3022 2886 3074 καὶ
2909 3021 3158 3090 διαφοιτᾷ
3183 3016 3474 3089 πανταχοῦ.
3509 3034 3525 3066 ι
3562 2998 3666 3064 Εἶθ’

2120 3112 2247 3186 ἑξῆς
2284 3115 2378 3167 καὶ
2423 3111 2512 3165 τὸν
2555 3110 2742 3182 χρόνον
2779 3108 2899 3163 καθ’
2931 3108 2987 3161 ὃν
3021 3108 3166 3161 ταῦτ’
3191 3106 3416 3179 ἔγραψε,
3456 3103 3535 3157 διὰ
3557 3099 3660 3154 τού-

448 3195 659 3250 reutius
692 3169 834 3265 viget
864 3214 877 3251 :
913 3205 969 3251 et
998 3197 1208 3267 longius
1236 3169 1480 3251 cernitur
1505 3169 1667 3266 atque
1693 3169 1930 3263 auditur,
1961 3206 2014 3250 et

2120 3169 2312 3275 tu»;ch
2323 3203 2500 3275 μαίνει
2518 3220 2530 3233 ·
2556 3169 2720 3255 ἰ’Καί
2747 3219 2834 3273 μοι
2857 3199 3015 3254 πάλιν
3041 3199 3140 3262 τὰς
3160 3169 3375 3270 ἡμέρας
3404 3169 3505 3249 τῶν
3533 3193 3661 3263 βασι-

447 3300 778 3355 quocunque
806 3287 1141 3343 dillunditur.
1177 3308 1195 3340 ι
1232 3287 1434 3343 Deinde
1463 3298 1678 3356 tempus
1709 3288 1880 3357 ipsum
1905 3303 2013 3358 quo

447 3377 563 3433 haec
594 3379 891 3443 scribebat,
920 3380 1164 3449 designat
1194 3382 1280 3436 bis
1308 3380 1487 3435 verbis
1513 3397 1526 3434 :
1570 3398 1588 3431 ι
1624 3381 1700 3435 Ac
1731 3380 1861 3433 mihi
1893 3395 2014 3434 rur-

448 3483 541 3525 sus
591 3471 938 3542 imperatoris
982 3474 1166 3528 nostri
1216 3488 1389 3528 annos
1436 3472 1790 3540 contemplari
1845 3473 2010 3526 subit.

447 3557 617 3618 ‘lideo
655 3562 800 3618 enim
852 3563 1206 3633 impiissimus
1268 3565 1387 3620 illos
1435 3564 1526 3633 qui
1583 3564 1721 3618 adeo
1772 3564 2016 3619 celebres

450 3657 577 3712 olim
611 3658 956 3723 exstiterunt,
998 3658 1146 3711 brevi
1193 3668 1377 3727 postea
1414 3656 1831 3713 obscurissimos
1876 3670 2007 3711 eva-

2120 3292 2284 3348 λικῶν
2304 3293 2439 3346 ὲτῶν
2455 3291 2630 3345 ἔπεισι
2648 3293 2888 3345 σκοπεῖν.
2919 3288 3057 3361 Ὁρῶ
3071 3289 3179 3361 γὰρ
3202 3289 3279 3351 ὡς
3304 3283 3661 3357 ὀνομασθέντες

2123 3383 2220 3454 μὲν
2250 3383 2299 3435 οἱ
2331 3381 2701 3443 ἀσεϐέστατοι,
2753 3381 2867 3451 μετ’
2896 3380 2956 3432 οὺ
3003 3379 3136 3433 πολὺ
3167 3379 3452 3447 γεγόνασιν
3485 3371 3660 3426 ἀνώνυ-

2123 3490 2213 3543 μοι
2234 3490 2248 3503 ο
2288 3475 2316 3526 ὁ
2342 3472 2398 3526 δὲ
2423 3470 2708 3543 ὁσιώτερος
2749 3472 2841 3523 καὶ
2881 3469 3267 3540 φιλοθεὼτερος
3314 3464 3548 3538 ὑπερϐὰς
3578 3461 3660 3530 τὴν

2120 3563 2498 3636 ὲπταετηρίδα,
2528 3561 2621 3616 νῦν
2648 3560 2890 3615 ἐνιαυτὸν
2917 3560 3101 3615 ἔνατον
3122 3560 3349 3626 διανύει,
3375 3560 3431 3611 ὲν
3457 3552 3498 3625 ᾧ
3522 3553 3661 3625 ἡμεῖς

2115 3657 2477 3727 ἑορτάσωμεν.
2518 3673 2536 3706 ι

447 3749 608 3803 sisse.
665 3747 1126 3817 Religiosissimus
1171 3764 1302 3803 vero
1335 3750 1536 3818 Deique
1583 3747 1984 3802 amantissimus
2045 3748 2341 3815 imperator
2398 3743 2767 3814 septennalem
2809 3743 3069 3798 circulum
3106 3743 3217 3814 jam
3261 3753 3527 3802 emensus,
3579 3752 3661 3790 no—

446 3858 576 3903 num
608 3842 820 3913 imperii
844 3857 1046 3897 annum
1078 3842 1246 3912 degit,
1268 3857 1373 3910 quo
1402 3856 1499 3897 nos
1526 3840 1662 3896 festa
1688 3837 2015 3896 celebraturi
2051 3851 2255 3892 sumus.
2297 3855 2316 3888 ι

1003 3936 1232 3993 CAPUT
1263 3936 1448 3993 XXIV.

798 4030 872 4084 De
900 4027 1099 4100 Nepote
1127 4038 1174 4082 et
1214 4030 1328 4098 ejus
1362 4029 1660 4082 schismate.

525 4184 604 4241 Ad
634 4185 748 4239 haec
774 4184 909 4239 duos
926 4183 1091 4237 libros
1116 4182 1188 4236 De
1210 4181 1644 4249 promissionibus
1685 4184 2008 4250 composuit.

449 4276 675 4330 Causam
730 4274 1001 4331 scribendi
1035 4273 1263 4343 praebuit
1312 4270 1492 4341 Nepos
1521 4273 1764 4340 quidam,
1792 4273 2010 4343 episco-

443 4384 542 4437 pus
564 4365 810 4438 ASgypti,
848 4365 942 4436 qui
999 4365 1387 4433 promissiones
1451 4365 1657 4420 sanctis
1703 4365 2012 4421 hominibus

443 4462 619 4516 factas
650 4462 703 4515 in
727 4459 926 4515 divinis
972 4456 1604 4522 voluminibus,Judaico
1652 4472 1817 4512 sensu
1857 4457 2013 4512 exbi-

440 4554 649 4610 beudas
681 4553 929 4615 docebat,
955 4562 1009 4605 et
1037 4553 1219 4607 nescio
1261 4555 1404 4622 quod
1435 4553 1581 4607 mille
1603 4566 1869 4606 annorum
1891 4565 2014 4619 spa-

444 4647 576 4700 tium
621 4646 995 4715 corporalibus
1030 4644 1286 4699 refertum
1340 4644 1552 4698 deliciis
1612 4642 1664 4697 in
1715 4643 1817 4697 hac
1867 4653 2010 4696 terra

439 4736 556 4793 fore
608 4737 1139 4813 2717aflit-mabat.
1174 4737 1416 4806 Cumque
1464 4752 1534 4792 ex
1581 4734 1813 4792 Joannis
1846 4734 2013 4789 Reve-

440 4830 638 4889 Iatione
693 4831 999 4903 opinionem
1054 4847 1210 4889 suam
1265 4830 1513 4886 stabilire
1551 4843 1610 4885 se
1639 4842 1797 4899 posse
1819 4826 2010 4882 existi-

511 4977 626 5059 (ετ)
690 4977 966 5059 ’Exei’yoc
984 4975 1260 5059 perper.
1286 4960 1456 5059 Recte
1483 4977 2007 5059 Cbrristopborsouus
2038 4977 2082 5032 D

443 5045 773 5108 Macrianum
806 5049 893 5103 hic
933 5045 1174 5115 intelligi
1223 5048 1625 5110 animadvertit,
1679 5045 1835 5112 cujus
1881 5060 2005 5112 pro-

436 5119 642 5176 ditione
675 5117 997 5173 Valerianus
1031 5121 1081 5173 in
1114 5120 1403 5173 Persarum
1465 5124 1784 5186 potestatem
1836 5116 2001 5186 venit.

443 5188 785 5244 Valerianum
816 5198 967 5243 certe
998 5190 1193 5244 ducum
1225 5184 1533 5258 proditione
1584 5186 1819 5258 in__i||am
1851 5184 2003 5258 cala-

438 5262 687 5315 mitatem
725 5258 1001 5327 incidisse,
1028 5254 1303 5314 testantur
1332 5257 1586 5312 Aurelius
1638 5255 1841 5327 Victor,
1866 5254 2003 5327 Syn-

323 5337 330 5345 '
432 5331 604 5386 celius
646 5341 701 5385 et
732 5329 843 5383 alii.
874 5325 1044 5385 Porro
1086 5332 1201 5384 hac
1232 5328 1473 5398 Dionysii
1518 5327 1679 5398 verba
1725 5325 2003 5395 iungenda

429 5410 553 5454 sunt
589 5416 711 5471 cum
748 5400 853 5471 illis
885 5415 1005 5471 qua
1037 5414 1199 5469 supra
1238 5397 1422 5452 retulit
1454 5397 1716 5471 Eusebius
1745 5398 1796 5449 in
1820 5409 1944 5471 cap.
1973 5411 2002 5447 χ

430 5471 589 5537 hujus
623 5470 766 5526 libri.
803 5465 944 5524 Sunt
967 5465 1117 5526 enim
1148 5484 1211 5522 ex
1246 5471 1435 5523 eadem
1473 5468 1716 5538 Dionysii
1771 5465 1835 5520 ad
1869 5465 2005 5538 Her-

430 5555 795 5595 matnmonem
832 5540 1093 5610 Epistula.
1125 5540 1203 5593 Ac
1240 5553 1308 5610 ne
1338 5554 1501 5610 unum
1533 5537 1750 5605 quidem
1780 5537 2002 5610 verbum

431 5610 573 5665 inter
612 5611 727 5666 haec
759 5605 1200 5680 duo'fragmcnta
1263 5605 1907 5680 interjectumcrat._Setl
1947 5607 2001 5680 in

430 5695 549 5748 t'np.
593 5680 802 5751 libujus
859 5675 1011 5750 libri;
1057 5675 1418 5751 fragmentum
1467 5676 1706 5748 ejusdem
1755 5675 2005 5748 Epistulae

437 5752 597 5806 ηοω-ι
632 5750 913 5807 Eusebius.

2619 3931 3014 3984 ΚΕΦΑΛΛῘΟΝ
3052 3933 3174 3984 KA'.
3265 3905 3269 3908 ’

2192 4023 2328 4092 Περὶ
2359 4022 2632 4089 Νέπωτος
2665 4024 2762 4077 καὶ
2785 4022 2890 4076 τοῦ
2919 4023 3043 4076 κατ’
3068 4020 3251 4092 αὑτὸν
3280 4020 3600 4089 σχίσματος

2624 4093 2763 4164 (Nic.
2794 4092 2867 4147 Η.
2896 4093 2962 4149 Ε.
2992 4107 3064 4155 v1,
3094 4091 3202 4161 2|).

2198 4185 2320 4239 Ἐπὶ
2344 4185 2550 4248 τούτοις
2579 4185 2749 4237 ἆπασι
2778 4181 3130 4247 σπουδάζεται
3159 4180 3308 4252 αὑτῴ
3340 4179 3435 4234 καὶ
3460 4176 3523 4231 τὰ
3544 4172 3665 4240 Περὶ

2116 4275 2482 4348 ἐπαγγελιῶν
2527 4276 2621 4330 δύο
2649 4277 3070 4347 συγγράμματα.
3103 4275 3166 4326 Ἡ
3189 4274 3231 4325 δ’
3256 4272 3509 4332 ὑπόθεσις
3534 4262 3663 4333 αὐτῷ

2068 4357 2084 4375 ’
2117 4370 2313 4432 Νέπως
2339 4364 2406 4439 ἦν
2435 4368 2730 4432 ἐπίσκοπος
2759 4367 2865 4422 τῶν
2891 4368 3010 4421 κατ’
3034 4366 3329 4434 Αἴγυπτον,
3387 4354 3663 4416 Ἰουδαῖκὼ-

2117 4478 2272 4531 τερον
2310 4460 2409 4524 τὰς
2454 4459 2869 4532 ἐπηγγελμένας
2916 4461 3026 4522 τοῖς
3071 4458 3246 4526 ἁγίοις
3288 4459 3345 4509 ὲν
3373 4457 3490 4517 ταῖς
3514 4450 3663 4509 θείαις

2118 4555 2359 4624 Γραφαῖς
2405 4551 2732 4623 ἐπαγγελίας
2772 4549 3197 4618 ἀποδοθήσεσθαι
3250 4548 3542 4608 διδάσκων,
3585 4539 3665 4593 καί

2116 4662 2236 4699 τινα
2266 4644 2477 4715 χιλιάδα
2503 4644 2641 4697 ἐτῶν
2674 4642 2884 4713 τρυφῆς
2917 4641 3230 4712 σωματικῆς
3260 4640 3353 4692 ἐπὶ
3380 4640 3477 4708 τῆς
3517 4631 3664 4703 ξηρᾶς

2115 4734 2315 4805 ταύτης
2343 4733 2558 4789 ἔσεσθαι
2602 4734 3005 4804 ὑποτιθέμενος.
3049 4732 3216 4796 Δόξας
3256 4728 3390 4799 γοῦν
3428 4720 3574 4788 οὗτος
3610 4723 3665 4775 ἐκ

2114 4826 2211 4897 τῆς
2264 4823 2679 4894 Ἀποκαλύψεως
2738 4822 2981 4878 Ἰωάννου
3042 4820 3140 4892 τὴν
3208 4820 3346 4873 ἰδίαν
3400 4814 3663 4890 κρατύνειν

2184 4971 2294 5042 (88)
2325 4970 2788 5039 Προσπελάσας.
2823 4971 2916 5024 Sic
2946 4971 2997 5024 in
3036 4970 3210 5042 tribus
3230 4966 3443 5042 nostris
3472 4961 3664 5042 codici-

2114 5029 2214 5097 bus
2241 5029 2437 5111 legitur
2463 5043 2659 5111 quibus
2688 5029 2957 5096 consentit
2985 5042 3147 5093 etiam
3182 5039 3536 5111 biceplmrus.
3564 5029 3660 5083 Nec

2114 5105 2319 5167 dubito'
2348 5105 2495 5179 quin'
2538 5113 2881 5166 scribendum
2931 5111 3091 5164 etiam
3123 5111 3193 5162 sit
3219 5105 3516 5179 προσστὰς,
3547 5115 3655 5155 cum

2114 5183 2312 5250 duplici
2353 5177 2543 5250 sigma.
2592 5182 2948 5235 Scribendum
2997 5194 3210 5250 quoque
3245 5177 3329 5250 est
3362 5180 3392 5250 ο
3424 5177 3659 5240 Μακριασ

2112 5247 2222 5316 νός,
2256 5261 2311 5305 ιιι
2337 5247 2612 5321 legituritt
2647 5250 2760 5303 Mal
2794 5290 2808 5315 ,
2842 5250 2981 5303 Med.
3013 5247 3077 5321 ac
3100 5247 3232 5321 Fuk.
3267 5249 3472 5301 Idcirco
3492 5253 3659 5321 autem

2116 5315 2415 5392 Dionysius
2434 5323 2499 5375 de
2523 5320 2781 5392 Macriani
2811 5321 3035 5389 imperio
3066 5318 3323 5392 loquitur.
3363 5315 3506 5392 quod
3549 5322 3660 5367 eum

2115 5385 2503 5461 imperatorem
2537 5389 2805 5460 IEpyptus
2836 5385 2958 5443 cum
2991 5385 3239 5442 universo
3279 5385 3504 5461 Qriente
3529 5392 3663 5461 msus-

2115 5450 2355 5532 ceperat.
2393 5462 2555 5516 Docet
2587 5450 2908 5515 id'vetustus
2943 5473 3194 5513 nunnnus
3222 5472 3249 5510 a
3285 5456 3496 5509 Joanne
3529 5450 3664 5503 Tris‘

2117 5541 2243 5586 lano
2277 5531 2336 5585 V.
2364 5532 2425 5586 C.
2465 5532 2666 5589 editus.
2726 5530 2776 5581 in
2811 5529 2965 5598 cujus
2994 5532 3215 5581 adversa
3247 5519 3665 5598 |Iﬁl‘l.t}_l_l;8_cnl‘|:'

2118 5584 2274 5656 betur
2302 5584 2581 5669 inscriptio
2609 5618 2622 5653 ε
2650 5584 2807 5654 Arr.
2825 5584 2895 5652 KZ
2922 5599 2994 5651 M.
3020 5598 3217 5652 ψοΥΑ.
3247 5584 3644 5650 ΜΛΚΡΙΑΝΟΣ

2120 5673 2173 5727 ln
2202 5672 2372 5728 altera
2402 5682 2554 5743 parte
2582 5670 3071 5725 AAEEANAPEIA.
