3928 6252
458 295 560 353 ωε

1163 295 1433 354 EUSEBII
1467 296 1938 357 CrESARIENSIS
1970 299 2121 358 OPP.
2160 299 2343 357 PARS
2376 302 2421 356 Ι.
2458 331 2529 341 -
2562 298 2956 358 HlSTORICA.

3595 295 3698 356 696

454 413 677 484 gatione
703 422 760 469 et
785 413 1176 471 assimilatione
1208 418 1412 473 sentire
1459 418 1770 488 patiantur;
1819 420 1914 476 sed
1944 421 2010 475 le-

2127 421 2347 486 Τούτοις
2394 420 2511 492 μεθ’
2554 420 2717 492 ἔτερα
2757 418 3006 490 ἐπιφέρει
3046 416 3258 487 λέγων·
3300 434 3320 468 ι
3364 415 3454 470 Ἑν
3483 415 3583 487 μὲν
3605 411 3700 470 οὖν

453 504 541 558 via
563 505 810 574 qnmdam
866 521 930 563 ac
962 507 1229 571 mortalia,
1268 519 1322 562 et
1355 509 1537 579 qualia
1597 527 1742 567 nunc
1778 512 2024 569 homines

451 616 680 669 sperare
724 602 901 658 solent
954 603 1006 658 in
1037 618 1204 675 regno
1228 603 1319 659 Dei
1342 605 1584 675 cogitare
1611 608 1878 673 jubeant;
1930 624 2024 664 ne-

450 704 609 745 cesse
668 701 752 746 est
799 701 858 745 ut
911 692 1169 748 adversus
1231 688 1456 750 fratrem
1523 712 1704 751 incum
1761 697 2021 768 Nepotem

450 781 608 850 quasi
633 789 979 851 prasentcm,
1005 784 1422 853 disputationem
1485 785 1788 842 instituam.
1828 809 1846 841 ι
1883 789 2023 844 Pau-

448 870 529 925 cis
567 871 760 927 deinde
783 872 1256 943 interpositisdimc
1273 876 1577 949 subjungit:
1617 898 1635 930 ι
1660 880 1793 934 Cum
1819 896 2017 944 essem,

445 963 650 1033 inquit,
703 963 760 1019 in
795 964 1118 1020 Arsinnitica
1164 967 1506 1036 praefectura,
1562 969 1614 1023 in
1647 985 1752 1040 qua
1790 971 2019 1041 jampri-

447 1055 592 1123 dem,
636 1068 695 1110 ut
740 1057 906 1123 nosti,
941 1056 1104 1127 272
1161 1059 1464 1113 increbruit
1512 1060 1627 1116 hmo
1658 1061 1862 1132 opinio,
1888 1066 2019 1118 adeo

445 1158 508 1204 ut
558 1149 851 1204 schismata
900 1158 953 1204 et
982 1149 1314 1217 integrarum
1359 1149 1725 1207 Ecclesiarunt
1756 1154 2016 1210 defectio-

444 1256 544 1296 nes
593 1239 808 1307 ﬁerent;
852 1241 1166 1296 convocatis
1219 1242 1550 1313 presbyteris
1582 1260 1646 1298 ac
1700 1246 2018 1302 doctoribus

443 1334 536 1405 qui
566 1348 661 1403 per
693 1332 936 1403 singulos
969 1334 1120 1389 vicos
1159 1333 1422 1390 fratribus
1450 1337 1842 1408 praedicabant,
1874 1356 2017 1410 prae-

444 1424 693 1479 sentibus
721 1424 848 1479 item
890 1422 1152 1479 fratribus
1194 1424 1286 1495 qui
1316 1426 1508 1480 adesse
1548 1426 1852 1495 voluerant,
1885 1430 2015 1484 hor-

442 1523 590 1571 tatus
640 1530 756 1570 sum
809 1514 933 1570 illos
970 1525 1028 1568 ut
1071 1530 1135 1569 ea
1166 1516 1413 1571 doctrina
1463 1516 1640 1586 palam
1674 1518 1725 1572 in
1755 1521 2014 1577 concione

440 1605 870 1661 examinat-etut.
908 1603 1153 1674 Cumque
1186 1605 1330 1660 hunc
1383 1605 1581 1661 librum
1613 1620 1870 1679 tanquam
1897 1626 2015 1667 scu-

443 1707 555 1752 tum
582 1698 851 1766 quoddam
880 1712 1204 1767 murumque
1246 1698 1718 1768 inexpugnabilem
1757 1702 1886 1757 mihi
1914 1720 2012 1775 0p-

2125 514 2203 585 τῷ
2243 514 2581 586 Ἀρσενοείτῃ
2609 512 2719 582 (94)
2754 513 3062 582 γενόμενος,
3093 509 3220 563 ἔνθα
3246 548 3260 572 ,
3286 508 3361 573 ὡς
3389 505 3558 572 οἶδας,
3593 507 3700 580 πρὸ

2124 602 2319 657 πολλοῦ
2342 603 2500 656 τοῦτο
2524 600 2823 666 ἐπεπόλαζε
2854 601 2915 654 τὸ
2943 600 3119 671 δόγμα
3151 598 3284 669 (95),
3316 598 3392 663 ὡς
3436 598 3533 651 καὶ
3580 599 3696 669 σχί-

2125 713 2308 768 σματα
2356 697 2449 749 καὶ
2496 694 2830 757 ἀποστασίας
2855 692 2990 747 ὅλων
3033 689 3368 761 Ἐκκλησιῶν
3391 688 3694 759 γεγονέναι,

2124 787 2462 857 συγκαλέσας
2487 789 2613 851 τοὺς
2651 784 3049 857 πρεσϐυτέρους
3088 783 3182 843 καὶ
3212 781 3567 845 διδασκάλους
3589 781 3698 835 τῶν

2122 883 2180 934 ἐν
2211 882 2331 942 ταῖς
2375 877 2589 951 κώμαις
2622 877 2864 947 ἀδελφῶν
2885 918 2898 940 ,
2929 876 3210 948 παρόντων
3237 875 3330 929 καὶ
3362 874 3471 927 τῶν
3507 868 3692 942 βουλο-

2124 971 2297 1042 μένων
2321 969 2584 1039 ἀδελφῶν,
2599 969 2831 1041 δημοσίᾳ
2851 968 2949 1040 τὴν
2977 967 3219 1034 ἐξέτασιν
3244 964 3573 1037 ποιήσασθαι
3597 963 3694 1019 τοῦ

2119 1063 2277 1131 λόγου
2311 1062 2748 1134 προετρεψάμην.
2775 1061 2884 1114 Καὶ
2914 1058 3072 1113 τοῦτό
3100 1076 3188 1130 μοι
3224 1058 3609 1128 προσαγόντων
3630 1054 3698 1111 τὸ

2121 1154 2321 1225 βιϐλίον
2361 1154 2436 1218 ῶς
2469 1172 2520 1208 τι
2557 1154 2719 1207 ὅπλον
2748 1154 2841 1207 καὶ
2866 1155 3042 1223 τεῖχος
3102 1153 3527 1223 ἀκαταμάχητον
3559 1148 3691 1220 (96).

2120 1243 2507 1314 συγκαθεσθεὶς
2533 1244 2715 1307 αὐτοῖς
2734 1241 2898 1315 τριῶν
2921 1241 3048 1312 ἑξῆς
3070 1241 3291 1313 ἡμερῶν
3313 1239 3372 1307 ἐξ
3392 1239 3471 1293 ἒω
3499 1239 3695 1310 μέχρις

2118 1339 2375 1408 ἑσπέρας,
2398 1336 2689 1391 διευθύνειν
2709 1335 3002 1407 ἐπειράθην
3024 1334 3092 1387 τά
3119 1333 3494 1405 γεγραμμένα.
3523 1331 3693 1385 Ἔνθα

2117 1430 2211 1484 καὶ
2239 1430 2300 1483 τὸ
2331 1428 2587 1492 εὐσταθὲς
2618 1427 2713 1481 καὶ
2743 1427 2804 1480 τὸ
2837 1425 3145 1496 φιλάληθες,
3172 1425 3264 1477 καὶ
3288 1423 3350 1476 τὸ
3379 1424 3693 1493 εὐπαρακο-

2115 1522 2372 1593 λούθητον
2395 1521 2503 1593 (97)
2523 1521 2617 1575 καὶ
2642 1520 2856 1575 συνετὸν
2885 1516 3271 1591 ὑπερηγάσθην
3292 1515 3399 1570 τῶν
3425 1513 3692 1586 ἀδελφῶν,

2114 1613 2190 1677 ὡς
2220 1615 2277 1667 ἐν
2322 1612 2471 1677 τάξει
2503 1614 2596 1666 καὶ
2632 1613 2759 1683 μετγ
2792 1610 3088 1674 ἐπιεικείας
3132 1609 3230 1672 τὰς
3273 1609 3569 1682 ἐρωτήσεις
3602 1607 3699 1686 καὶ

2112 1707 2212 1770 τὰς
2242 1707 2627 1778 ἐπαπορήσεις,
2648 1705 2740 1759 καὶ
2768 1703 2866 1769 τὰς
2893 1702 3311 1772 συγκαταθέσεις
3340 1699 3692 1770 ἐποιούμεθα,

439 1790 770 1860 posuissent,
797 1798 911 1845 tres
937 1791 1223 1846 continuos
1274 1791 1390 1846 dies
1416 1806 1444 1845 a
1475 1792 1651 1862 prima
1701 1794 2010 1867 luceusque

2116 1798 2176 1851 τὸ
2211 1799 2308 1870 μὲν
2342 1800 2407 1851 ὲκ
2439 1797 2637 1860 παντὸς
2674 1798 2876 1868 τρόπου
2912 1796 3005 1849 καὶ
3048 1792 3364 1864 φιλονείκως
3405 1792 3514 1846 τῶν
3545 1790 3695 1856 ἅπαξ

382 1950 386 1955 Δ
440 1881 510 1935 ad
542 1895 825 1949 vesperam
867 1894 989 1936 cum
1025 1880 1156 1951 ipsis
1185 1881 1402 1947 sedens,
1455 1895 1793 1954 quaecunque
1843 1885 1898 1939 in
1950 1902 2015 1941 eo

438 1969 579 2025 libro
600 1972 805 2041 scripta
837 1981 1014 2037 erant,
1067 1972 1347 2028 discutere
1387 1987 1676 2041 aggressus
1709 1991 1852 2032 sum.
1876 1976 2013 2034 Tum

434 2076 571 2117 vero
625 2063 856 2118 fratrum
892 2064 1282 2130 constantiam,
1346 2073 1401 2119 et
1449 2064 1890 2123 ardentissimum
1921 2086 2014 2126 co-

437 2158 760 2228 gnoscenda:
806 2158 1057 2214 veritatis
1089 2160 1348 2225 Studium,
1408 2171 1463 2217 et
1488 2163 1821 2220 docilitatem
1851 2177 2014 2237 atque

434 2249 846 2318 intelligentiam
899 2266 1227 2321 magnOpere
1298 2267 1416 2307 sum
1491 2256 1811 2312 admiratus.
1862 2258 2011 2315 Adeo

435 2342 719 2397 moderate
784 2352 839 2398 et
892 2344 1086 2399 ordine
1140 2344 1601 2417 interrogationes
1662 2349 2011 2422 rationesque

434 2435 741 2503 dubitandi,
794 2444 849 2491 et
893 2438 1241 2494 assensiones
1272 2454 1300 2492 a
1331 2438 1486 2494 nobis
1539 2440 1760 2495 fiebant.
1791 2440 2008 2499 Aestu—

433 2527 585 2583 diose
609 2527 827 2596 quidem
889 2530 1234 2596 cavebamus,
1291 2546 1358 2585 ne
1388 2547 1452 2587 ea
1482 2547 1601 2601 qua:
1655 2534 1818 2588 semel
1855 2535 2009 2591 nobis

429 2617 784 2688 placuissent,
830 2619 1046 2674 tametsi
1080 2619 1215 2675 falsa
1270 2634 1396 2676 esse
1450 2623 2005 2690 deprehenderentur,

432 2709 792 2779 pertinaciter
811 2708 1225 2766 defenderemus
1257 2729 1272 2767 :
1311 2726 1413 2767 nec
1465 2710 1699 2767 aliorum
1730 2712 2002 2782 objectio-

430 2815 527 2856 nes
560 2800 1109 2872 subterfugiebamus.
1154 2802 1262 2858 Sed
1286 2803 1460 2872 quoad
1501 2802 1618 2858 fieri
1658 2815 1887 2876 poterat,
1938 2806 2004 2860 ad

430 2907 495 2946 ea
527 2893 594 2947 de
637 2893 836 2962 quibus
876 2894 1120 2949 instituta
1151 2904 1270 2950 erat
1306 2895 1603 2966 disputatio
1651 2898 1803 2965 eniti,
1834 2914 2005 2968 caque

430 2983 675 3039 atabilire
738 2984 1109 3042 conabamur:
1159 2986 1243 3041 sin
1286 2996 1469 3043 autem
1528 2988 1831 3046 rationibus
1875 3006 2003 3045 con-

431 3077 557 3132 victi
587 3092 854 3145 essemus,
878 3094 986 3134 non
1015 3079 1250 3148 pudebat
1284 3095 1382 3134 nos
1415 3089 1629 3139 mutare
1653 3083 1996 3150 sententiam,

430 3177 485 3223 et
537 3168 659 3226 aliis
706 3171 980 3225 assentiri.
1028 3170 1170 3239 Quin
1220 3172 1396 3241 potius
1467 3187 1589 3226 cum
1657 3176 1792 3229 bona
1836 3174 2003 3229 animi

430 3260 792 3327 conscientia,
826 3262 1031 3332 absque
1065 3261 1169 3315 ulla
1221 3261 1594 3329 simulatione,
1626 3265 1879 3334 expansis
1932 3265 2000 3319 ad

432 3349 602 3406 Deum
632 3352 911 3420 cordibus,
933 3368 1272 3425 quaecunque
1321 3356 1645 3414 certissimis
1671 3355 2007 3427 argumentis

2115 1890 2379 1955 δοξάντων
2434 1889 2813 1963 περιέχεσθαι,
2858 1890 2907 1941 εί
2948 1888 3042 1943 καὶ
3091 1886 3164 1958 μὴ
3202 1885 3471 1956 φαίνοιντο
3514 1882 3693 1957 ὀρθῶς

2116 1983 2327 2053 ἔχοντα,
2348 1982 2838 2054 παραιτησάμενοι,
2860 1981 2997 2052 μήτε
3025 1979 3081 2033 δὲ
3104 1979 3202 2042 τὰς
3230 1976 3536 2046 ἀντιλογίας
3558 1977 3693 2029 ὑπο-

2117 2072 2476 2144 στελλόμενοι,
2522 2071 2633 2127 ἀλλ’
2665 2073 2722 2136 ἐς
2767 2072 2888 2125 ὅσον
2928 2067 3038 2124 οἷόν
3068 2086 3127 2123 τε
3172 2068 3281 2122 τῶν
3310 2066 3692 2139 προκειμένων

2113 2153 2452 2216 ἐπιϐατεύειν
2472 2161 2581 2233 (98)
2599 2162 2692 2216 καὶ
2712 2160 2999 2233 κρατύνειν
3020 2159 3160 2214 αὐτὰ
3178 2158 3526 2230 πειρώμενοι,
3554 2157 3693 2228 μήτε

2111 2257 2161 2308 εί
2211 2254 2368 2323 λόγος
2397 2256 2561 2326 αἱρεῖ,
2599 2252 3020 2326 μεταπείθεσθαι
3055 2253 3149 2306 καὶ
3192 2249 3569 2322 συνομολογεῖν
3608 2250 3693 2302 αί-

2110 2345 2379 2417 δούμενοι,
2424 2346 2540 2400 ἀλλ’
2591 2345 2982 2417 εὐσυνειδήτως
3022 2345 3117 2397 καὶ
3157 2342 3551 2413 ἀνυποκρίτως,
3599 2339 3693 2395 καὶ

2108 2440 2229 2503 ταῖς
2274 2438 2524 2509 καρδίαις
2570 2438 2707 2509 πρὸς
2743 2438 2834 2490 τὸν
2877 2436 3010 2489 Θεὸν
3051 2435 3398 2507 ἡπλωμέναις
3444 2432 3591 2499 (99),
3621 2431 3694 2489 τὰ

2107 2533 2227 2593 ταῖς
2266 2529 2567 2596 ἀποδείξεσι
2598 2530 2691 2582 καὶ
2734 2528 3100 2593 διδασκαλίαις
3129 2527 3236 2581 τῶν
3262 2527 3432 2595 ἁγίων
3458 2523 3696 2595 Γραφῶν

2109 2621 2537 2691 συνιστανόμενα
2566 2621 3005 2693 καταδεχόμενοι.
3041 2621 3152 2674 Καὶ
3174 2619 3326 2682 τέλος
3347 2620 3375 2673 ὃ
3398 2635 3458 2672 τε
3484 2618 3586 2688 τῆς
3611 2616 3690 2671 δι-

2104 2712 2272 2783 δαχῆς
2304 2712 2508 2783 ταύτης
2544 2713 2784 2784 ἀρχηγὸς
2831 2715 2924 2767 καὶ
2966 2712 3260 2783 εἰσηγητὴς
3302 2714 3329 2765 ὁ
3359 2709 3689 2780 καλούμενος

2105 2805 2413 2877 Κορακίων,
2436 2805 2493 2857 ὲν
2522 2805 2742 2877 ἐπηκόῳ
2773 2806 2988 2859 πάντων
3009 2804 3116 2859 τῶν
3146 2803 3427 2875 παρόντων
3448 2799 3689 2870 ἀδελφῶν

2104 2895 2418 2967 ὡμολόγησε
2438 2898 2530 2950 καὶ
2550 2896 2941 2968 διεμαρτύρατο
2962 2898 3112 2968 ἡμῖν,
3134 2893 3510 2968 μηκέτιτούτῳ
3525 2907 3691 2963 προσ-

2106 2987 2280 3051 έξειν,
2319 2987 2452 3059 μηδὲ
2480 2986 2818 3053 διαλέξασθαι
2858 2988 2986 3060 περὶ
3030 2987 3242 3050 τούτου,
3299 2984 3432 3057 μηδὲ
3481 2983 3689 3055 μεμνῆ-

2109 3079 2251 3143 σθαι,
2288 3079 2421 3151 μηδὲ
2446 3078 2674 3146 διδάξειν
2694 3119 2708 3142 ,
2736 3079 2810 3142 ὡς
2847 3078 3044 3142 ἱκανῶς
3076 3077 3181 3131 ὑπὸ
3216 3075 3324 3130 τῶν
3352 3073 3688 3144 ἀντιλεχθέν-

2109 3186 2217 3225 των
2251 3171 2525 3243 ᾑρημένος
2546 3188 2560 3201 ·
2600 3171 2709 3224 τῶν
2748 3188 2807 3224 τε
2845 3169 3020 3224 ἀλλων
3054 3166 3296 3238 ἀδελφῶν
3338 3168 3387 3220 oi
3425 3166 3685 3237 παρόντες

2110 3261 2327 3333 ἔχαιρον
2359 3262 2450 3315 ἐπὶ
2491 3264 2556 3333 τῇ
2591 3259 2891 3332 κοινολογίᾳ
2924 3261 3018 3313 καὶ
3053 3261 3120 3331 τῇ
3153 3258 3288 3330 πρὸς
3318 3257 3525 3319 πάντας
3555 3270 3680 3323 συγ-

2111 3353 2410 3411 κατασάσει
2443 3352 2520 3426 (1)
2548 3354 2642 3408 καὶ
2668 3352 3022 3407 συνδιαθέσει.
3067 3370 3085 3404 ι

430 3452 489 3500 et
521 3446 842 3501 aucioritate
883 3462 1052 3502 sacrae
1082 3446 1382 3516 Scripturae
1412 3446 1735 3505 confirmata
1765 3457 1969 3512 essent,
2005 3445 2455 3514 suscipiebamus.
2492 3442 2731 3499 Tandem
2761 3444 2994 3513 denique
3019 3440 3266 3505 Coracio,
3292 3438 3384 3510 qui
3408 3436 3568 3505 hujus
3593 3434 3685 3489 do-

431 3540 623 3598 ctrina:
677 3550 872 3595 auctor
918 3549 973 3596 et
1048 3541 1272 3612 signifer
1332 3540 1547 3607 fuerat,
1588 3540 1935 3597 audientibus
1982 3539 2196 3596 cunctis
2225 3538 2316 3609 qui
2345 3539 2573 3594 aderant
2600 3535 2881 3602 fratribus,
2912 3534 3182 3606 pollicitus
3208 3533 3363 3588 nobis
3412 3543 3467 3587 et
3498 3538 3683 3585 conte-

431 3643 609 3690 status
630 3642 736 3699 est,
768 3648 826 3689 se
850 3634 1184 3704 inposterum
1213 3635 1351 3690 hanc
1376 3632 1687 3705 opinionem
1721 3632 2101 3705 amplexurum
2158 3650 2264 3688 non
2322 3647 2464 3703 esse,
2491 3646 2591 3690 nec
2642 3630 2709 3687 de
2743 3645 2806 3685 ea
2857 3628 3282 3698 disttutaturum,
3331 3639 3433 3679 nec
3477 3623 3683 3677 locutu-

434 3741 579 3792 rum,
607 3740 708 3782 nec
737 3726 933 3797 populo
973 3725 1390 3797 prmdicaturum
1416 3741 1431 3792 ;
1472 3725 1670 3795 quippe
1702 3724 1793 3795 qui
1825 3723 2156 3792 argumentis
2185 3724 2448 3794 oppositis
2470 3723 2604 3779 satis
2622 3735 2895 3792 superque
2924 3720 3207 3775 convictus
3231 3715 3446 3771 fuisset.
3474 3710 3680 3768 Fratri-

433 3822 533 3877 bus
554 3831 734 3878 autem
757 3820 848 3891 qui
874 3821 1125 3886 aderant,
1159 3820 1275 3876 haec
1297 3820 1591 3892 disputatio
1622 3831 1678 3875 et
1724 3818 1968 3875 omnium
2011 3820 2152 3876 inter
2176 3834 2235 3876 se
2263 3817 2633 3875 reconciliatio
2667 3827 2829 3887 atque
2878 3814 3163 3872 consensio
3197 3827 3303 3868 non
3356 3809 3680 3866 mediocrem

432 3915 615 3973 attulit
641 3915 987 3985 voluptatem.
1018 3934 1038 3966 ι

1004 4008 1232 4065 CAPUT
1260 4008 1426 4067 XXV.

874 4098 951 4155 De
982 4100 1206 4155 Joannis
1235 4100 1572 4170 Apocalypsi.

2619 4000 2919 4053 ΚΕΦΑΛΑΙ
2925 3998 3015 4052 ΟΝ
3053 4000 3181 4053 ΚΕ’.

2035 4172 2085 4231 D
2141 4094 2282 4164 Περὶ
2328 4092 2440 4163 τῆς
2483 4090 2761 4147 Ἰωάννου
2800 4089 3262 4230 Ἀἐέοκὲἤύψεως
3295 4084 3435 4158 (Nic.
3468 4086 3539 4138 Η.
3586 4080 3652 4140 Ε.

2741 4177 2815 4220 v1.
2925 4201 2938 4224 ,
3013 4176 3088 4213 ο.

2741 4177 2815 4220 v1.
2850 4176 2938 4224 εκ,
2974 4176 3088 4224 zo).

504 4258 710 4315 Deinde
757 4259 1036 4330 aliquanto
1090 4269 1213 4330 post
1291 4261 1359 4314 de
1427 4258 1778 4331 Revelatione
1826 4256 1997 4314 Joan-

2175 4250 2289 4311 Εἷθ’
2323 4254 2450 4326 ἑξῆς
2475 4252 2682 4316 ὑποϐὰς
2715 4251 2843 4322 περὶ
2867 4251 2967 4322 τῆς
2990 4248 3407 4319 Ἀποκαλύψεως
3441 4249 3678 4305 Ἰωάννου

506 4445 619 4518 (ει)
659 4448 755 4502 Ἐν
780 4445 899 4521 μὲν
917 4442 1031 4521 οὖις
1063 4446 1143 4521 τῷ
1183 4447 1591 4521 Ἀρσενοεζτῃ,
1622 4448 1817 4505 Mirum
1841 4461 1927 4506 est
1957 4452 2010 4507 in

2191 4447 2320 4521 (98)_
2349 4446 2477 4502 Τῶν
2526 4441 2929 4521 προκειμένων
2959 4440 3364 4521 ἐπιϐατεύειν.
3414 4439 3679 4521 Musonius

433 4511 611 4590 tribus
663 4511 866 4590 nostris
911 4511 1188 4590 codicibus
1232 4511 1289 4573 et
1341 4519 1481 4586 apud
1528 4511 1897 4590 Nicephorum
1943 4537 2010 4577 ac
2113 4511 2507 4590 vertit,instare
2527 4511 2819 4590 proposito,
2863 4511 3032 4590 ιιιιιιιο
3068 4511 3269 4565 rectius
3299 4511 3678 4590 qttant_t3ltris-

435 4589 791 4659 Ptnlemaaum
824 4589 898 4659 ita
937 4588 1063 4658 legi,
1090 4603 1211 4643 cum
1244 4579 1457 4643 constet
1485 4579 1834 4645 scribendum
1886 4606 2011 4647 esse
2114 4579 2501 4659 tophorsonns.
2527 4579 2633 4654 qui
2654 4585 2855 4639 vertit:
2888 4579 2968 4638 Ea
2989 4597 3107 4647 qua:
3134 4591 3285 4634 erant
3319 4580 3385 4633 ab
3412 4579 3535 4636 aliis
3561 4599 3679 4646 pro-

445 4657 811 4731 ’Apetvos£c'q._
840 4658 933 4714 Sic
980 4657 1125 4714 enim
1153 4659 1297 4714 dicta
1326 4668 1414 4715 est
1437 4660 1555 4714 haec
1586 4660 1910 4731 praefectura
1940 4663 2008 4718 ab

2111 4657 2306 4731 posita,
2346 4657 2573 4731 munire.

430 4720 913 4801 Arsigtoe_[e§iti:i.
986 4797 1014 4801 __
1121 4798 1129 4801 Α
1179 4797 1239 4801 μ
1403 4798 1423 4801 _
1586 4720 1606 4731 ’

2111 4720 2120 4730 ’
2181 4720 2303 4801 (99)
2344 4724 2768 4801 Ἠπλωμέναις.
2805 4722 2930 4801 [Ι-ἰο.
2953 4735 3171 4801 quoque
3208 4720 3480 4801 Musculns
3512 4722 3677 4775 multn

505 4798 617 4870 (95)
677 4791 1032 4859 Ἐπεπόλιιζε
1073 4798 1138 4851 τὸ
1167 4797 1376 4870 δόγμα.
1402 4798 1617 4870 Langus
1645 4810 1701 4855 et
1734 4801 2008 4858 Musculus

2111 4791 2326 4870 rectius
2352 4791 2551 4870 vertit;
2593 4809 2757 4865 quam
2802 4791 3333 4870 Christophorsonus
3365 4792 3674 4870 ct’Langus.

430 4862 891 4936 interpretantur,
934 4871 1165 4921 entersit.
1241 4862 1772 4935 Christoph'orsonus
1825 4880 2006 4927 autem
2107 4868 2243 4924 Nam
2272 4862 2797 4932 Christophorsnnns
2834 4862 3015 4936 vertit,
3053 4862 3218 4936 puris
3248 4879 3374 4929 erga
3418 4864 3678 4936 Deumuac

430 4929 601 4993 vertit
672 4929 957 5008 prodiit’in
999 4938 1188 4994 lucem.
1238 4939 1350 5008 Ego
1398 4929 1525 4992 vero
1578 4940 1742 4995 tnalui
1779 4949 2006 5005 vertere,
2108 4937 2435 5005 sintplicibus
2466 4929 2681 5008 animis.
2730 4938 2906 5001 Atque
2938 4934 3009 4985 ita
3048 4930 3165 4985 fere
3200 4929 3432 5008 L‘angus.
3470 4936 3556 5008 AL
3572 4931 3678 4984 Mu-

432 4999 753 5071 increbruit,
790 5021 897 5073 quo
932 5022 1092 5062 sensu
1125 4999 1393 5064 Eusebius
1435 5011 1577 5064 hanc
1630 5024 1815 5066 vocem
1849 4999 2007 5065 usur-l
2106 4999 2293 5065 scuius
2335 5017 2483 5061 reete
2531 4999 2918 5072 interpretatus
2959 4999 3361 5073 est,__cordilms
3408 5005 3477 5073 ad
3518 5001 3675 5054 Deum

430 5076 611 5150 potin
638 5070 754 5150 cap.
792 5070 862 5130 99
896 5077 1054 5150 hujus
1087 5078 1282 5150 libri.__
1329 5148 1337 5150 _
1495 5149 1499 5150 ν
2105 5078 2376 5150 expansis.
2433 5076 2539 5150 sed
2585 5086 2640 5129 et
2679 5070 2840 5135 longe
2878 5082 3004 5126 ante
3065 5070 3362 5150 Musonium
3428 5071 3672 5150 Rufinus,

506 5144 619 5218 (96)
669 5141 1180 5220 ᾎκᾳζαμὰλητον.
1239 5146 1418 5220 Ἴως..
1471 5149 1701 5220 ἄμαχον.
1761 5150 2007 5217 Scriptu-

2111 5141 2261 5220 [οδω
2307 5149 2451 5201 hunc
2479 5146 2655 5200 locum
2702 5151 3055 5214 exposuerat,
3097 5141 3380 5211 patefactis
3434 5142 3675 5196 cordibus

432 5236 551 5275 rant
582 5214 741 5273 codd.
785 5214 930 5291 Med.
962 5214 1014 5272 et
1041 5219 1177 5272 Μαι.
1215 5214 1537 5291 admisimus
1579 5214 1637 5291 at
1675 5221 1855 5291 longe
1887 5214 2005 5274 rec-
2105 5218 2245 5291 Deo.
2332 5290 2339 5291 ί
2590 5284 2643 5291 __
2800 5283 2839 5291 __
2945 5284 2955 5291 _
3315 5281 3370 5291 __
3634 5280 3646 5291 ι

436 5291 634 5345 tiuretn
682 5305 699 5357 ;
760 5288 844 5343 sic
891 5292 1060 5343 etiam
1121 5288 1383 5344 scribitur
1439 5288 1499 5343 in
1543 5290 1700 5345 codd.
1763 5288 1900 5345 Fuk.
1949 5298 2006 5346 et

2179 5288 2254 5358 (l)
2294 5284 2763 5358 Συγκαταϐάσει.
2785 5283 2913 5358 Hoc
2943 5284 3065 5358 ioco
3088 5281 3498 5358 συγκατάὄρισις
3529 5281 3676 5358 pon_i-_-

433 5360 606 5416 Savil.
683 5349 696 5357 ⁷

2111 5349 2195 5413 iur
2227 5349 2334 5411 non
2367 5349 2464 5424 pro
2499 5354 2925 5423 dispensatione,
2972 5356 3068 5408 sed
3111 5349 3209 5422 pro
3241 5350 3590 5423 συμϐιδάσει,
3623 5349 3672 5403 id

2104 5441 2213 5485 est.
2245 5428 2514 5483 unitione.
2542 5436 2601 5478 ut
2626 5426 2704 5479 sie
2739 5426 2940 5488 dicam,
2982 5435 3036 5478 et
3072 5424 3543 5478 I‘CCOIH'iltalillllﬂ.
3572 5437 3671 5486 qua

2103 5512 2238 5560 voce
2264 5496 2435 5567 utitur
2464 5496 2749 5567 Dionysius
2768 5493 2934 5567 paulo
2965 5510 3144 5567 supra,
3185 5495 3280 5547 καὶ
3310 5489 3673 5567 συμόιᾷάζου-

2105 5584 2173 5620 σα
2202 5566 2328 5628 τοὺς
2377 5560 2924 5637 ἀντιδιατιθεμένους.
2955 5560 3153 5620 Eodem
3176 5580 3345 5637 sensu
3383 5560 3589 5618 Paulus
3622 5560 3670 5613 in

2107 5637 2280 5708 Epist.
2326 5637 2397 5708 ad
2440 5632 2739 5693 Calamus.
2779 5651 2898 5708 cap.
2950 5652 3009 5703 ιι,
3052 5632 3413 5706 συμΰιῦάξειν
3452 5644 3504 5689 et
3538 5646 3670 5702 συμ-

2106 5704 2368 5778 ϐιὸασμῦν
2397 5707 2551 5763 dixit.

504 5430 617 5502 (97)
652 5429 1298 5502 Εὐπαρακολούθητοις.
1366 5428 1624 5502 Feliciter
1689 5428 1819 5502 mihi
1875 5443 2004 5483 ver-

432 5499 565 5556 tisSe
598 5499 789 5574 videor
827 5500 1177 5574 docilitatem.
1228 5499 1359 5574 Nam
1395 5500 1823 5574 παρακολουθεῖν
1875 5515 2003 5568 pro-

432 5574 556 5641 prie
582 5572 842 5641 dicuntur
872 5570 1293 5641 anditores,qui
1322 5570 1548 5626 sensum
1598 5573 1885 5626 verborum
1915 5585 2003 5623 as-

432 5639 764 5713 sequuntur.
803 5640 940 5713 Male
975 5655 1109 5708 ergo
1149 5639 1420 5713 Masculus
1466 5653 1522 5698 et
1560 5641 2004 5713 ChristOphorso-

435 5710 539 5768 uus
563 5712 868 5781 obsequium
903 5710 1242 5779 interpretati
1268 5723 1414 5766 sunt.
