  <div class='ocr_page' id='page_1' title='image "/cluster/home/n/w/nwhite01/storage/ocr_20150623/20/mdp.39015008802764/354.png"; bbox 0 0 3928 6252; ppageno 0'>
   <div class='ocr_carea' id='block_1_1' title="bbox 298 287 412 346">
    <p class='ocr_par' dir='ltr' id='par_1_1' title="bbox 298 287 412 346">
     <span class='ocr_line' id='line_1_1' title="bbox 298 287 412 346; baseline -0.053 1"><span class='ocrx_word' id='word_1_1' title='bbox 298 287 412 346; x_wconf 75' lang='grc'><strong>697</strong></span> 
     </span>
    </p>
   </div>
   <div class='ocr_carea' id='block_1_2' title="bbox 1303 280 2571 339">
    <p class='ocr_par' dir='ltr' id='par_1_2' title="bbox 1303 280 2571 339">
     <span class='ocr_line' id='line_1_2' title="bbox 1303 280 2571 339; baseline 0.001 -3"><span class='ocrx_word' id='word_1_2' title='bbox 1303 280 1650 339; x_wconf 57' lang='lat' dir='ltr'><strong>HISTORIA}</strong></span> <span class='ocrx_word' id='word_1_3' title='bbox 1691 280 2248 338; x_wconf 74' lang='lat' dir='ltr'><strong>ECCLESIASTICE</strong></span> <span class='ocrx_word' id='word_1_4' title='bbox 2285 281 2416 337; x_wconf 83' lang='lat' dir='ltr'><strong>LIB.</strong></span> <span class='ocrx_word' id='word_1_5' title='bbox 2457 280 2571 338; x_wconf 78' lang='lat' dir='ltr'><strong>VII.</strong></span> 
     </span>
    </p>
   </div>
   <div class='ocr_carea' id='block_1_3' title="bbox 3433 279 3535 344">
    <p class='ocr_par' dir='ltr' id='par_1_3' title="bbox 3433 279 3535 344">
     <span class='ocr_line' id='line_1_3' title="bbox 3433 279 3535 344; baseline 0.108 -12"><span class='ocrx_word' id='word_1_6' title='bbox 3433 279 3535 344; x_wconf 85' lang='lat'><strong>698</strong></span> 
     </span>
    </p>
   </div>
   <div class='ocr_carea' id='block_1_4' title="bbox 295 394 1864 474">
    <p class='ocr_par' dir='ltr' id='par_1_4' title="bbox 295 394 1864 474">
     <span class='ocr_line' id='line_1_4' title="bbox 295 394 1864 474; baseline -0.006 -12"><span class='ocrx_word' id='word_1_7' title='bbox 295 403 476 463; x_wconf 71' lang='grc' dir='ltr'>ταῦτά</span> <span class='ocrx_word' id='word_1_8' title='bbox 500 419 635 474; x_wconf 82' lang='grc' dir='ltr'>φησι</span> <span class='ocrx_word' id='word_1_9' title='bbox 659 418 676 433; x_wconf 88' lang='grc'><strong>·</strong></span> <span class='ocrx_word' id='word_1_10' title='bbox 713 420 732 455; x_wconf 77' lang='lat' dir='ltr'><strong>r</strong></span> <span class='ocrx_word' id='word_1_11' title='bbox 773 401 929 465; x_wconf 80' lang='grc' dir='ltr'>Τινὲς</span> <span class='ocrx_word' id='word_1_12' title='bbox 961 400 1058 472; x_wconf 74' lang='grc' dir='ltr'><strong>μὲν</strong></span> <span class='ocrx_word' id='word_1_13' title='bbox 1091 394 1185 455; x_wconf 82' lang='grc' dir='ltr'><strong>οῦν</strong></span> <span class='ocrx_word' id='word_1_14' title='bbox 1213 400 1320 454; x_wconf 83' lang='grc' dir='ltr'>τῶν</span> <span class='ocrx_word' id='word_1_15' title='bbox 1354 402 1460 471; x_wconf 84' lang='grc' dir='ltr'><strong>πρὸ</strong></span> <span class='ocrx_word' id='word_1_16' title='bbox 1496 402 1650 472; x_wconf 83' lang='grc' dir='ltr'>ἡμῶν</span> <span class='ocrx_word' id='word_1_17' title='bbox 1686 400 1864 472; x_wconf 76' lang='grc' dir='ltr'>ἡθέτη·</span> 
     </span>
    </p>
   </div>
   <div class='ocr_carea' id='block_1_5' title="bbox 1967 394 3548 474">
    <p class='ocr_par' dir='ltr' id='par_1_5' title="bbox 1985 397 3548 474">
     <span class='ocr_line' id='line_1_5' title="bbox 1985 397 3548 474; baseline 0 -18"><span class='ocrx_word' id='word_1_18' title='bbox 1985 401 2066 457; x_wconf 93' lang='lat' dir='ltr'><strong>nis</strong></span> <span class='ocrx_word' id='word_1_19' title='bbox 2123 402 2198 456; x_wconf 88' lang='lat' dir='ltr'><strong>ita</strong></span> <span class='ocrx_word' id='word_1_20' title='bbox 2281 400 2520 456; x_wconf 81' lang='lat' dir='ltr'><strong>scribit:</strong></span> <span class='ocrx_word' id='word_1_21' title='bbox 2573 417 2594 452; x_wconf 72' lang='grc' dir='ltr'><strong>ι</strong></span> <span class='ocrx_word' id='word_1_22' title='bbox 2654 397 2907 455; x_wconf 82' lang='lat' dir='ltr'><strong>Nonnulli</strong></span> <span class='ocrx_word' id='word_1_23' title='bbox 2963 399 3180 470; x_wconf 85' lang='lat' dir='ltr'><strong>quidem</strong></span> <span class='ocrx_word' id='word_1_24' title='bbox 3231 409 3302 458; x_wconf 69' lang='lat' dir='ltr'><strong>ex</strong></span> <span class='ocrx_word' id='word_1_25' title='bbox 3343 399 3423 457; x_wconf 72' lang='grc' dir='ltr'><strong>ῐῐε⁸</strong></span> <span class='ocrx_word' id='word_1_26' title='bbox 3451 399 3548 474; x_wconf 80' lang='lat' dir='ltr'><strong>qui</strong></span> 
     </span>
    </p>
   </div>
   <div class='ocr_carea' id='block_1_6' title="bbox 301 489 1879 562">
    <p class='ocr_par' dir='ltr' id='par_1_6' title="bbox 301 489 1879 562">
     <span class='ocr_line' id='line_1_6' title="bbox 301 489 1879 562; baseline -0.004 -10"><span class='ocrx_word' id='word_1_27' title='bbox 301 515 402 552; x_wconf 85' lang='grc' dir='ltr'><strong>σαν</strong></span> <span class='ocrx_word' id='word_1_28' title='bbox 425 495 520 550; x_wconf 73' lang='grc' dir='ltr'>καὶ</span> <span class='ocrx_word' id='word_1_29' title='bbox 547 493 918 549; x_wconf 74' lang='grc' dir='ltr'><strong>ἀνεσκεύασαν</strong></span> <span class='ocrx_word' id='word_1_30' title='bbox 947 492 1120 562; x_wconf 86' lang='grc' dir='ltr'>πάντη</span> <span class='ocrx_word' id='word_1_31' title='bbox 1145 491 1206 543; x_wconf 82' lang='grc' dir='ltr'>τὸ</span> <span class='ocrx_word' id='word_1_32' title='bbox 1237 490 1460 561; x_wconf 86' lang='grc' dir='ltr'>βι6λίον,</span> <span class='ocrx_word' id='word_1_33' title='bbox 1498 489 1620 544; x_wconf 88' lang='grc' dir='ltr'>καθ’</span> <span class='ocrx_word' id='word_1_34' title='bbox 1651 491 1879 545; x_wconf 74' lang='grc' dir='ltr'>ἕκαστον</span> 
     </span>
    </p>
   </div>
   <div class='ocr_carea' id='block_1_7' title="bbox 298 581 1878 658">
    <p class='ocr_par' dir='ltr' id='par_1_7' title="bbox 298 581 1878 658">
     <span class='ocr_line' id='line_1_7' title="bbox 298 581 1878 658; baseline -0.006 -15"><span class='ocrx_word' id='word_1_35' title='bbox 298 587 592 658; x_wconf 74' lang='grc' dir='ltr'>κεφάλαιον</span> <span class='ocrx_word' id='word_1_36' title='bbox 610 583 996 648; x_wconf 89' lang='grc' dir='ltr'>διευθύνοντες,</span> <span class='ocrx_word' id='word_1_37' title='bbox 1010 582 1284 650; x_wconf 80' lang='grc' dir='ltr'>ἄγνωστόν</span> <span class='ocrx_word' id='word_1_38' title='bbox 1305 599 1362 635; x_wconf 88' lang='grc' dir='ltr'><strong>τε</strong></span> <span class='ocrx_word' id='word_1_39' title='bbox 1385 583 1478 635; x_wconf 73' lang='grc' dir='ltr'><strong>καὶ</strong></span> <span class='ocrx_word' id='word_1_40' title='bbox 1500 581 1878 649; x_wconf 86' lang='grc' dir='ltr'>ἀσυλλόγιστον</span> 
     </span>
    </p>
   </div>
   <div class='ocr_carea' id='block_1_8' title="bbox 297 669 1876 747">
    <p class='ocr_par' dir='ltr' id='par_1_8' title="bbox 297 669 1876 747">
     <span class='ocr_line' id='line_1_8' title="bbox 297 669 1876 747; baseline -0.006 -14"><span class='ocrx_word' id='word_1_41' title='bbox 297 679 719 747; x_wconf 75' lang='grc' dir='ltr'>ἀποφαίνοντες·</span> <span class='ocrx_word' id='word_1_42' title='bbox 752 673 1039 744; x_wconf 72' lang='grc' dir='ltr'>ψεύδεσθαί</span> <span class='ocrx_word' id='word_1_43' title='bbox 1059 690 1117 726; x_wconf 90' lang='grc' dir='ltr'><strong>τε</strong></span> <span class='ocrx_word' id='word_1_44' title='bbox 1141 673 1238 743; x_wconf 79' lang='grc' dir='ltr'><strong>τὴν</strong></span> <span class='ocrx_word' id='word_1_45' title='bbox 1267 671 1595 742; x_wconf 77' lang='grc' dir='ltr'>ἐπιγραφήν.</span> <span class='ocrx_word' id='word_1_46' title='bbox 1633 669 1876 724; x_wconf 80' lang='grc' dir='ltr'><strong>Ἰωάννου</strong></span> 
     </span>
    </p>
   </div>
   <div class='ocr_carea' id='block_1_9' title="bbox 296 756 1875 846">
    <p class='ocr_par' dir='ltr' id='par_1_9' title="bbox 296 756 1875 846">
     <span class='ocr_line' id='line_1_9' title="bbox 296 756 1875 846; baseline -0.006 -23"><span class='ocrx_word' id='word_1_47' title='bbox 296 770 409 846; x_wconf 81' lang='grc' dir='ltr'>γὰρ</span> <span class='ocrx_word' id='word_1_48' title='bbox 435 770 536 822; x_wconf 71' lang='grc' dir='ltr'><strong>οὐκ</strong></span> <span class='ocrx_word' id='word_1_49' title='bbox 567 765 708 821; x_wconf 73' lang='grc' dir='ltr'>εἶναι</span> <span class='ocrx_word' id='word_1_50' title='bbox 748 766 992 834; x_wconf 88' lang='grc' dir='ltr'>λέγουσιν</span> <span class='ocrx_word' id='word_1_51' title='bbox 1019 782 1032 795; x_wconf 80' lang='grc'><em>’</em></span> <span class='ocrx_word' id='word_1_52' title='bbox 1065 763 1177 818; x_wconf 86' lang='grc' dir='ltr'>ἀλλ’</span> <span class='ocrx_word' id='word_1_53' title='bbox 1206 763 1313 818; x_wconf 81' lang='grc' dir='ltr'>οὐδ’</span> <span class='ocrx_word' id='word_1_54' title='bbox 1347 761 1686 832; x_wconf 72' lang='grc' dir='ltr'>ἀποκάλυψιν</span> <span class='ocrx_word' id='word_1_55' title='bbox 1718 756 1875 826; x_wconf 76' lang='grc' dir='ltr'>εἶναι,</span> 
     </span>
    </p>
   </div>
   <div class='ocr_carea' id='block_1_10' title="bbox 294 853 1878 931">
    <p class='ocr_par' dir='ltr' id='par_1_10' title="bbox 294 853 1878 931">
     <span class='ocr_line' id='line_1_10' title="bbox 294 853 1878 931; baseline -0.004 -18"><span class='ocrx_word' id='word_1_56' title='bbox 294 861 396 931; x_wconf 76' lang='grc' dir='ltr'>τὴν</span> <span class='ocrx_word' id='word_1_57' title='bbox 431 857 644 930; x_wconf 70' lang='grc' dir='ltr'>σφοδρῷ</span> <span class='ocrx_word' id='word_1_58' title='bbox 667 856 762 910; x_wconf 73' lang='grc' dir='ltr'>καὶ</span> <span class='ocrx_word' id='word_1_59' title='bbox 796 858 959 925; x_wconf 86' lang='grc' dir='ltr'>παχεῖ</span> <span class='ocrx_word' id='word_1_60' title='bbox 979 853 1398 926; x_wconf 89' lang='grc' dir='ltr'>κεκαλυμμένην</span> <span class='ocrx_word' id='word_1_61' title='bbox 1423 853 1501 924; x_wconf 83' lang='grc' dir='ltr'>τῷ</span> <span class='ocrx_word' id='word_1_62' title='bbox 1528 854 1627 924; x_wconf 87' lang='grc' dir='ltr'><strong>τῆς</strong></span> <span class='ocrx_word' id='word_1_63' title='bbox 1659 853 1878 921; x_wconf 76' lang='grc' dir='ltr'><strong>ἀγνοίας</strong></span> 
     </span>
    </p>
   </div>
   <div class='ocr_carea' id='block_1_11' title="bbox 297 945 1878 1021">
    <p class='ocr_par' dir='ltr' id='par_1_11' title="bbox 297 945 1878 1021">
     <span class='ocr_line' id='line_1_11' title="bbox 297 945 1878 1021; baseline -0.003 -17"><span class='ocrx_word' id='word_1_64' title='bbox 297 950 760 1021; x_wconf 75' lang='grc' dir='ltr'><strong>παραπετάσματι</strong></span> <span class='ocrx_word' id='word_1_65' title='bbox 792 946 889 1017; x_wconf 73' lang='grc'>(2)’</span> <span class='ocrx_word' id='word_1_66' title='bbox 911 947 1004 1000; x_wconf 65' lang='grc' dir='ltr'><strong>καὶ⁵</strong></span> <span class='ocrx_word' id='word_1_67' title='bbox 1030 947 1126 1017; x_wconf 84' lang='grc' dir='ltr'>οὐχ</span> <span class='ocrx_word' id='word_1_68' title='bbox 1156 947 1303 1009; x_wconf 86' lang='grc' dir='ltr'>ὃπως</span> <span class='ocrx_word' id='word_1_69' title='bbox 1326 945 1434 1000; x_wconf 83' lang='grc' dir='ltr'>τῶν</span> <span class='ocrx_word' id='word_1_70' title='bbox 1467 945 1775 999; x_wconf 76' lang='grc' dir='ltr'>ἀποστόλων</span> <span class='ocrx_word' id='word_1_71' title='bbox 1798 965 1878 1000; x_wconf 86' lang='grc' dir='ltr'>τι-</span> 
     </span>
    </p>
   </div>
   <div class='ocr_carea' id='block_1_12' title="bbox 295 1037 1876 1110">
    <p class='ocr_par' dir='ltr' id='par_1_12' title="bbox 295 1037 1876 1110">
     <span class='ocr_line' id='line_1_12' title="bbox 295 1037 1876 1110; baseline -0.004 -14"><span class='ocrx_word' id='word_1_72' title='bbox 295 1043 387 1106; x_wconf 83' lang='grc' dir='ltr'><strong>νά,</strong></span> <span class='ocrx_word' id='word_1_73' title='bbox 423 1042 538 1096; x_wconf 88' lang='grc' dir='ltr'>ἀλλ’</span> <span class='ocrx_word' id='word_1_74' title='bbox 568 1041 676 1094; x_wconf 66' lang='grc' dir='ltr'>οὐδ’</span> <span class='ocrx_word' id='word_1_75' title='bbox 706 1040 841 1103; x_wconf 83' lang='grc' dir='ltr'>ὅλως</span> <span class='ocrx_word' id='word_1_76' title='bbox 868 1038 974 1092; x_wconf 82' lang='grc' dir='ltr'><strong>τῶν</strong></span> <span class='ocrx_word' id='word_1_77' title='bbox 996 1037 1164 1106; x_wconf 81' lang='grc' dir='ltr'>ἁγίων</span> <span class='ocrx_word' id='word_1_78' title='bbox 1191 1039 1224 1109; x_wconf 84' lang='grc' dir='ltr'>ἢ</span> <span class='ocrx_word' id='word_1_79' title='bbox 1255 1037 1362 1090; x_wconf 83' lang='grc' dir='ltr'>τῶν</span> <span class='ocrx_word' id='word_1_80' title='bbox 1393 1038 1500 1091; x_wconf 87' lang='grc' dir='ltr'><strong>ἀπὸ</strong></span> <span class='ocrx_word' id='word_1_81' title='bbox 1525 1038 1624 1108; x_wconf 77' lang='grc' dir='ltr'><strong>τῆς</strong></span> <span class='ocrx_word' id='word_1_82' title='bbox 1652 1037 1876 1110; x_wconf 85' lang='grc' dir='ltr'>Ἐκκλη-</span> 
     </span>
    </p>
   </div>
   <div class='ocr_carea' id='block_1_13' title="bbox 297 1130 1870 1203">
    <p class='ocr_par' dir='ltr' id='par_1_13' title="bbox 297 1130 1870 1203">
     <span class='ocr_line' id='line_1_13' title="bbox 297 1130 1870 1203; baseline -0.001 -14"><span class='ocrx_word' id='word_1_83' title='bbox 297 1136 422 1199; x_wconf 87' lang='grc' dir='ltr'>σίας</span> <span class='ocrx_word' id='word_1_84' title='bbox 461 1136 646 1189; x_wconf 85' lang='grc' dir='ltr'>τούτου</span> <span class='ocrx_word' id='word_1_85' title='bbox 695 1132 973 1202; x_wconf 77' lang='grc' dir='ltr'>γεγονέναι</span> <span class='ocrx_word' id='word_1_86' title='bbox 1019 1130 1244 1202; x_wconf 82' lang='grc' dir='ltr'>ποιητὴν</span> <span class='ocrx_word' id='word_1_87' title='bbox 1287 1130 1378 1184; x_wconf 84' lang='grc' dir='ltr'><strong>τοῦ</strong></span> <span class='ocrx_word' id='word_1_88' title='bbox 1426 1133 1870 1203; x_wconf 85' lang='grc' dir='ltr'>συγγράμματος.</span> 
     </span>
    </p>
   </div>
   <div class='ocr_carea' id='block_1_14' title="bbox 295 1215 1874 1298">
    <p class='ocr_par' dir='ltr' id='par_1_14' title="bbox 295 1215 1874 1298">
     <span class='ocr_line' id='line_1_14' title="bbox 295 1215 1874 1298; baseline -0.001 -19"><span class='ocrx_word' id='word_1_89' title='bbox 295 1226 570 1298; x_wconf 78' lang='grc' dir='ltr'>Κήρινθον</span> <span class='ocrx_word' id='word_1_90' title='bbox 614 1225 669 1278; x_wconf 77' lang='grc' dir='ltr'>δὲ</span> <span class='ocrx_word' id='word_1_91' title='bbox 701 1225 792 1278; x_wconf 85' lang='grc' dir='ltr'><strong>τὸν</strong></span> <span class='ocrx_word' id='word_1_92' title='bbox 837 1215 1068 1278; x_wconf 65' lang='grc' dir='ltr'>καῖ’ἀπ’</span> <span class='ocrx_word' id='word_1_93' title='bbox 1108 1223 1315 1276; x_wconf 73' lang='grc' dir='ltr'>ἐκείνου</span> <span class='ocrx_word' id='word_1_94' title='bbox 1349 1223 1637 1294; x_wconf 80' lang='grc' dir='ltr'>κληθεῖσαν</span> <span class='ocrx_word' id='word_1_95' title='bbox 1669 1225 1874 1296; x_wconf 86' lang='grc' dir='ltr'>Κηριν-</span> 
     </span>
    </p>
   </div>
   <div class='ocr_carea' id='block_1_15' title="bbox 295 1313 1875 1388">
    <p class='ocr_par' dir='ltr' id='par_1_15' title="bbox 295 1313 1875 1388">
     <span class='ocr_line' id='line_1_15' title="bbox 295 1313 1875 1388; baseline -0.002 -17"><span class='ocrx_word' id='word_1_96' title='bbox 295 1317 489 1388; x_wconf 73' lang='grc' dir='ltr'>θιανὴν</span> <span class='ocrx_word' id='word_1_97' title='bbox 515 1317 920 1387; x_wconf 76' lang='grc' dir='ltr'>συστησάμενον</span> <span class='ocrx_word' id='word_1_98' title='bbox 949 1317 1180 1386; x_wconf 79' lang='grc' dir='ltr'>αἵρεσιν,</span> <span class='ocrx_word' id='word_1_99' title='bbox 1204 1313 1513 1380; x_wconf 81' lang='grc' dir='ltr'>ἀξιόπιστον</span> <span class='ocrx_word' id='word_1_100' title='bbox 1547 1315 1875 1386; x_wconf 77' lang='grc' dir='ltr'><strong>ἐπιφημίσαι</strong></span> 
     </span>
    </p>
   </div>
   <div class='ocr_carea' id='block_1_16' title="bbox 294 1400 1876 1480">
    <p class='ocr_par' dir='ltr' id='par_1_16' title="bbox 294 1400 1876 1480">
     <span class='ocr_line' id='line_1_16' title="bbox 294 1400 1876 1480; baseline -0.002 -18"><span class='ocrx_word' id='word_1_101' title='bbox 294 1409 597 1480; x_wconf 82' lang='grc' dir='ltr'>θελήσαντα</span> <span class='ocrx_word' id='word_1_102' title='bbox 622 1407 698 1479; x_wconf 83' lang='grc' dir='ltr'>τῷ</span> <span class='ocrx_word' id='word_1_103' title='bbox 723 1406 915 1461; x_wconf 79' lang='grc' dir='ltr'>ἑαυτοῦ</span> <span class='ocrx_word' id='word_1_104' title='bbox 943 1400 1218 1477; x_wconf 85' lang='grc' dir='ltr'>πλάσματι</span> <span class='ocrx_word' id='word_1_105' title='bbox 1250 1407 1438 1478; x_wconf 75' lang='grc' dir='ltr'>ὄνομα.</span> <span class='ocrx_word' id='word_1_106' title='bbox 1468 1406 1634 1460; x_wconf 86' lang='grc' dir='ltr'>Τοῦτο</span> <span class='ocrx_word' id='word_1_107' title='bbox 1665 1407 1771 1479; x_wconf 80' lang='grc' dir='ltr'><strong>γὰρ</strong></span> <span class='ocrx_word' id='word_1_108' title='bbox 1805 1402 1876 1460; x_wconf 80' lang='grc' dir='ltr'><strong>εἶ-</strong></span> 
     </span>
    </p>
   </div>
   <div class='ocr_carea' id='block_1_17' title="bbox 290 1498 1873 1570">
    <p class='ocr_par' dir='ltr' id='par_1_17' title="bbox 290 1498 1873 1570">
     <span class='ocr_line' id='line_1_17' title="bbox 290 1498 1873 1570; baseline -0.001 -16"><span class='ocrx_word' id='word_1_109' title='bbox 290 1518 379 1554; x_wconf 83' lang='grc' dir='ltr'><strong>ναι</strong></span> <span class='ocrx_word' id='word_1_110' title='bbox 405 1499 507 1570; x_wconf 87' lang='grc' dir='ltr'><strong>τῆς</strong></span> <span class='ocrx_word' id='word_1_111' title='bbox 531 1500 872 1562; x_wconf 78' lang='grc' dir='ltr'><strong>διδασκαλίας</strong></span> <span class='ocrx_word' id='word_1_112' title='bbox 901 1498 1065 1552; x_wconf 79' lang='grc' dir='ltr'>αὐτοῦ</span> <span class='ocrx_word' id='word_1_113' title='bbox 1093 1499 1153 1552; x_wconf 83' lang='grc' dir='ltr'><strong>τὸ</strong></span> <span class='ocrx_word' id='word_1_114' title='bbox 1179 1499 1376 1569; x_wconf 80' lang='grc' dir='ltr'><strong>δόγμα,</strong></span> <span class='ocrx_word' id='word_1_115' title='bbox 1395 1500 1632 1568; x_wconf 79' lang='grc' dir='ltr'>ἐπίγειον</span> <span class='ocrx_word' id='word_1_116' title='bbox 1656 1500 1873 1554; x_wconf 77' lang='grc' dir='ltr'>ἔσεσθαι</span> 
     </span>
    </p>
   </div>
   <div class='ocr_carea' id='block_1_18' title="bbox 291 1583 1875 1663">
    <p class='ocr_par' dir='ltr' id='par_1_18' title="bbox 291 1583 1875 1663">
     <span class='ocr_line' id='line_1_18' title="bbox 291 1583 1875 1663; baseline 0.001 -20"><span class='ocrx_word' id='word_1_117' title='bbox 291 1589 391 1660; x_wconf 79' lang='grc' dir='ltr'><strong>τὴν</strong></span> <span class='ocrx_word' id='word_1_118' title='bbox 420 1589 514 1644; x_wconf 85' lang='grc' dir='ltr'><strong>τοῦ</strong></span> <span class='ocrx_word' id='word_1_119' title='bbox 539 1590 774 1661; x_wconf 82' lang='grc' dir='ltr'>Χριστοῦ</span> <span class='ocrx_word' id='word_1_120' title='bbox 793 1589 1084 1660; x_wconf 84' lang='grc' dir='ltr'>βασιλείαν,</span> <span class='ocrx_word' id='word_1_121' title='bbox 1109 1590 1201 1642; x_wconf 75' lang='grc' dir='ltr'><strong>καὶ</strong></span> <span class='ocrx_word' id='word_1_122' title='bbox 1221 1583 1294 1644; x_wconf 80' lang='grc' dir='ltr'>ὧν</span> <span class='ocrx_word' id='word_1_123' title='bbox 1309 1591 1468 1655; x_wconf 76' lang='grc' dir='ltr'>αὐτὸς</span> <span class='ocrx_word' id='word_1_124' title='bbox 1479 1591 1718 1663; x_wconf 83' lang='grc' dir='ltr'>ὠρέγετο</span> <span class='ocrx_word' id='word_1_125' title='bbox 1730 1591 1875 1662; x_wconf 75' lang='grc' dir='ltr'>φιλο-</span> 
     </span>
    </p>
   </div>
   <div class='ocr_carea' id='block_1_19' title="bbox 291 1679 1871 1756">
    <p class='ocr_par' dir='ltr' id='par_1_19' title="bbox 291 1679 1871 1756">
     <span class='ocr_line' id='line_1_19' title="bbox 291 1679 1871 1756; baseline 0.003 -23"><span class='ocrx_word' id='word_1_126' title='bbox 291 1680 546 1751; x_wconf 85' lang='grc' dir='ltr'>σώματος</span> <span class='ocrx_word' id='word_1_127' title='bbox 578 1679 652 1736; x_wconf 85' lang='grc' dir='ltr'>ὣν</span> <span class='ocrx_word' id='word_1_128' title='bbox 684 1682 776 1734; x_wconf 76' lang='grc' dir='ltr'><strong>καὶ</strong></span> <span class='ocrx_word' id='word_1_129' title='bbox 799 1681 938 1736; x_wconf 90' lang='grc' dir='ltr'>πάνυ</span> <span class='ocrx_word' id='word_1_130' title='bbox 959 1683 1234 1753; x_wconf 80' lang='grc' dir='ltr'>σαρκικὸς,</span> <span class='ocrx_word' id='word_1_131' title='bbox 1271 1684 1327 1735; x_wconf 80' lang='grc' dir='ltr'>ὲν</span> <span class='ocrx_word' id='word_1_132' title='bbox 1355 1683 1562 1748; x_wconf 83' lang='grc' dir='ltr'>τούτοις</span> <span class='ocrx_word' id='word_1_133' title='bbox 1592 1685 1871 1756; x_wconf 82' lang='grc' dir='ltr'>ὀνειροπο-</span> 
     </span>
    </p>
   </div>
   <div class='ocr_carea' id='block_1_20' title="bbox 1979 491 3548 565">
    <p class='ocr_par' dir='ltr' id='par_1_20' title="bbox 1979 491 3548 565">
     <span class='ocr_line' id='line_1_20' title="bbox 1979 491 3548 565; baseline 0.001 -17"><span class='ocrx_word' id='word_1_134' title='bbox 1979 508 2080 548; x_wconf 89' lang='lat' dir='ltr'><strong>nos</strong></span> <span class='ocrx_word' id='word_1_135' title='bbox 2124 501 2520 564; x_wconf 62' lang='lat' dir='ltr'><strong>praecesserunt</strong></span> <span class='ocrx_word' id='word_1_136' title='bbox 2547 532 2563 558; x_wconf 92' lang='lat'><strong>,</strong></span> <span class='ocrx_word' id='word_1_137' title='bbox 2617 491 2817 548; x_wconf 89' lang='lat' dir='ltr'><strong>librum</strong></span> <span class='ocrx_word' id='word_1_138' title='bbox 2866 493 3012 547; x_wconf 85' lang='lat' dir='ltr'><strong>hunc</strong></span> <span class='ocrx_word' id='word_1_139' title='bbox 3056 493 3410 562; x_wconf 90' lang='lat' dir='ltr'><strong>repudiarunt</strong></span> <span class='ocrx_word' id='word_1_140' title='bbox 3454 511 3548 565; x_wconf 86' lang='lat' dir='ltr'><strong>pe-</strong></span> 
     </span>
    </p>
   </div>
   <div class='ocr_carea' id='block_1_21' title="bbox 1979 584 3545 657">
    <p class='ocr_par' dir='ltr' id='par_1_21' title="bbox 1979 584 3545 657">
     <span class='ocr_line' id='line_1_21' title="bbox 1979 584 3545 657; baseline -0.003 -17"><span class='ocrx_word' id='word_1_141' title='bbox 1979 585 2128 640; x_wconf 89' lang='lat' dir='ltr'><strong>nitus</strong></span> <span class='ocrx_word' id='word_1_142' title='bbox 2207 598 2272 640; x_wconf 88' lang='lat' dir='ltr'><strong>ac</strong></span> <span class='ocrx_word' id='word_1_143' title='bbox 2339 584 2677 649; x_wconf 78' lang='lat' dir='ltr'><strong>refutarunt,</strong></span> <span class='ocrx_word' id='word_1_144' title='bbox 2750 586 2960 654; x_wconf 78' lang='lat' dir='ltr'><strong>singula</strong></span> <span class='ocrx_word' id='word_1_145' title='bbox 3039 584 3156 655; x_wconf 89' lang='lat' dir='ltr'><strong>ejus</strong></span> <span class='ocrx_word' id='word_1_146' title='bbox 3214 587 3391 657; x_wconf 78' lang='lat' dir='ltr'><strong>capita</strong></span> <span class='ocrx_word' id='word_1_147' title='bbox 3457 602 3545 644; x_wconf 87' lang='lat' dir='ltr'><strong>re-</strong></span> 
     </span>
    </p>
   </div>
   <div class='ocr_carea' id='block_1_22' title="bbox 1979 674 3548 746">
    <p class='ocr_par' dir='ltr' id='par_1_22' title="bbox 1979 674 3548 746">
     <span class='ocr_line' id='line_1_22' title="bbox 1979 674 3548 746; baseline 0.002 -17"><span class='ocrx_word' id='word_1_148' title='bbox 1979 675 2272 741; x_wconf 79' lang='lat' dir='ltr'><strong>lelleutes,</strong></span> <span class='ocrx_word' id='word_1_149' title='bbox 2337 690 2572 745; x_wconf 76' lang='lat' dir='ltr'><strong>euntque</strong></span> <span class='ocrx_word' id='word_1_150' title='bbox 2621 674 2825 746; x_wconf 84' lang='lat' dir='ltr'><strong>absque</strong></span> <span class='ocrx_word' id='word_1_151' title='bbox 2881 675 2988 730; x_wconf 89' lang='lat' dir='ltr'><strong>ullo</strong></span> <span class='ocrx_word' id='word_1_152' title='bbox 3043 692 3204 732; x_wconf 90' lang='lat' dir='ltr'><strong>sensu</strong></span> <span class='ocrx_word' id='word_1_153' title='bbox 3265 688 3320 733; x_wconf 89' lang='lat' dir='ltr'><strong>et</strong></span> <span class='ocrx_word' id='word_1_154' title='bbox 3380 678 3548 732; x_wconf 86' lang='lat' dir='ltr'><strong>ratio-</strong></span> 
     </span>
    </p>
   </div>
   <div class='ocr_carea' id='block_1_23' title="bbox 1977 767 3543 836">
    <p class='ocr_par' dir='ltr' id='par_1_23' title="bbox 1977 767 3543 836">
     <span class='ocr_line' id='line_1_23' title="bbox 1977 767 3543 836; baseline 0.003 -15"><span class='ocrx_word' id='word_1_155' title='bbox 1977 767 2250 821; x_wconf 88' lang='lat' dir='ltr'><strong>cinatione</strong></span> <span class='ocrx_word' id='word_1_156' title='bbox 2311 767 2570 836; x_wconf 87' lang='lat' dir='ltr'><strong>scriptum</strong></span> <span class='ocrx_word' id='word_1_157' title='bbox 2640 783 2761 823; x_wconf 86' lang='lat' dir='ltr'><strong>esse</strong></span> <span class='ocrx_word' id='word_1_158' title='bbox 2847 778 3232 824; x_wconf 75' lang='lat' dir='ltr'><strong>monstrantes.</strong></span> <span class='ocrx_word' id='word_1_159' title='bbox 3289 770 3370 824; x_wconf 88' lang='lat' dir='ltr'><strong>Ad</strong></span> <span class='ocrx_word' id='word_1_160' title='bbox 3426 772 3543 826; x_wconf 75' lang='lat' dir='ltr'><strong>haec</strong></span> 
     </span>
    </p>
   </div>
   <div class='ocr_carea' id='block_1_24' title="bbox 1979 857 3543 931">
    <p class='ocr_par' dir='ltr' id='par_1_24' title="bbox 1979 857 3543 931">
     <span class='ocr_line' id='line_1_24' title="bbox 1979 857 3543 931; baseline 0.003 -21"><span class='ocrx_word' id='word_1_161' title='bbox 1979 857 2147 928; x_wconf 76' lang='lat'><strong>273</strong></span> <span class='ocrx_word' id='word_1_162' title='bbox 2176 858 2579 928; x_wconf 89' lang='lat' dir='ltr'><strong>inscriptionem</strong></span> <span class='ocrx_word' id='word_1_163' title='bbox 2608 859 2730 915; x_wconf 87' lang='lat' dir='ltr'><strong>libri</strong></span> <span class='ocrx_word' id='word_1_164' title='bbox 2767 858 2955 914; x_wconf 79' lang='lat' dir='ltr'><strong>falsam</strong></span> <span class='ocrx_word' id='word_1_165' title='bbox 2981 876 3098 915; x_wconf 86' lang='lat' dir='ltr'><strong>esse</strong></span> <span class='ocrx_word' id='word_1_166' title='bbox 3129 862 3334 915; x_wconf 89' lang='lat' dir='ltr'><strong>dicunt.</strong></span> <span class='ocrx_word' id='word_1_167' title='bbox 3360 862 3543 931; x_wconf 77' lang='lat' dir='ltr'><strong>Neque</strong></span> 
     </span>
    </p>
   </div>
   <div class='ocr_carea' id='block_1_25' title="bbox 1977 951 3539 1022">
    <p class='ocr_par' dir='ltr' id='par_1_25' title="bbox 1977 951 3539 1022">
     <span class='ocr_line' id='line_1_25' title="bbox 1977 951 3539 1022; baseline 0.003 -20"><span class='ocrx_word' id='word_1_168' title='bbox 1977 951 2118 1002; x_wconf 91' lang='lat' dir='ltr'><strong>enim</strong></span> <span class='ocrx_word' id='word_1_169' title='bbox 2147 960 2424 1004; x_wconf 88' lang='lat' dir='ltr'><strong>auctorem</strong></span> <span class='ocrx_word' id='word_1_170' title='bbox 2457 951 2573 1021; x_wconf 87' lang='lat' dir='ltr'><strong>ejus</strong></span> <span class='ocrx_word' id='word_1_171' title='bbox 2608 965 2730 1006; x_wconf 91' lang='lat' dir='ltr'><strong>esse</strong></span> <span class='ocrx_word' id='word_1_172' title='bbox 2759 951 3042 1006; x_wconf 85' lang='lat' dir='ltr'><strong>Joannem.</strong></span> <span class='ocrx_word' id='word_1_173' title='bbox 3076 952 3181 1006; x_wconf 86' lang='lat' dir='ltr'><strong>Sed</strong></span> <span class='ocrx_word' id='word_1_174' title='bbox 3209 968 3380 1022; x_wconf 85' lang='lat' dir='ltr'><strong>neque</strong></span> <span class='ocrx_word' id='word_1_175' title='bbox 3420 968 3539 1006; x_wconf 86' lang='lat' dir='ltr'><strong>eam</strong></span> 
     </span>
    </p>
   </div>
   <div class='ocr_carea' id='block_1_26' title="bbox 1977 1041 3541 1114">
    <p class='ocr_par' dir='ltr' id='par_1_26' title="bbox 1977 1041 3541 1114">
     <span class='ocr_line' id='line_1_26' title="bbox 1977 1041 3541 1114; baseline 0.003 -20"><span class='ocrx_word' id='word_1_176' title='bbox 1977 1041 2385 1097; x_wconf 69' lang='lat' dir='ltr'><strong>lievelationem</strong></span> <span class='ocrx_word' id='word_1_177' title='bbox 2418 1057 2558 1107; x_wconf 86' lang='lat' dir='ltr'><strong>esse,</strong></span> <span class='ocrx_word' id='word_1_178' title='bbox 2595 1045 2792 1113; x_wconf 86' lang='lat' dir='ltr'><strong>quippe</strong></span> <span class='ocrx_word' id='word_1_179' title='bbox 2822 1061 2944 1114; x_wconf 73' lang='lat' dir='ltr'><strong>qua:</strong></span> <span class='ocrx_word' id='word_1_180' title='bbox 2977 1054 3082 1098; x_wconf 87' lang='lat' dir='ltr'><strong>tam</strong></span> <span class='ocrx_word' id='word_1_181' title='bbox 3112 1059 3300 1099; x_wconf 89' lang='lat' dir='ltr'><strong>crasso</strong></span> <span class='ocrx_word' id='word_1_182' title='bbox 3325 1054 3541 1112; x_wconf 85' lang='lat' dir='ltr'><strong>tamque</strong></span> 
     </span>
    </p>
   </div>
   <div class='ocr_carea' id='block_1_27' title="bbox 1975 1131 3541 1199">
    <p class='ocr_par' dir='ltr' id='par_1_27' title="bbox 1975 1131 3541 1199">
     <span class='ocr_line' id='line_1_27' title="bbox 1975 1131 3541 1199; baseline 0.003 -16"><span class='ocrx_word' id='word_1_183' title='bbox 1975 1144 2147 1199; x_wconf 89' lang='lat' dir='ltr'><strong>opaco</strong></span> <span class='ocrx_word' id='word_1_184' title='bbox 2197 1131 2519 1199; x_wconf 75' lang='lat' dir='ltr'><strong>ignorantiae</strong></span> <span class='ocrx_word' id='word_1_185' title='bbox 2570 1135 2802 1187; x_wconf 75' lang='lat' dir='ltr'><strong>obducta</strong></span> <span class='ocrx_word' id='word_1_186' title='bbox 2855 1135 2924 1190; x_wconf 91' lang='lat' dir='ltr'><strong>sit</strong></span> <span class='ocrx_word' id='word_1_187' title='bbox 2954 1135 3090 1190; x_wconf 84' lang='lat' dir='ltr'><strong>velo.</strong></span> <span class='ocrx_word' id='word_1_188' title='bbox 3120 1134 3196 1197; x_wconf 43' lang='lat' dir='ltr'><strong>.Et</strong></span> <span class='ocrx_word' id='word_1_189' title='bbox 3243 1151 3346 1189; x_wconf 90' lang='lat' dir='ltr'><strong>non</strong></span> <span class='ocrx_word' id='word_1_190' title='bbox 3382 1135 3541 1188; x_wconf 85' lang='lat' dir='ltr'><strong>modo</strong></span> 
     </span>
    </p>
   </div>
   <div class='ocr_carea' id='block_1_28' title="bbox 1975 1215 3545 1290">
    <p class='ocr_par' dir='ltr' id='par_1_28' title="bbox 1975 1215 3545 1290">
     <span class='ocr_line' id='line_1_28' title="bbox 1975 1215 3545 1290; baseline 0.004 -23"><span class='ocrx_word' id='word_1_191' title='bbox 1975 1215 2340 1284; x_wconf 78' lang='lat' dir='ltr'><strong>apostolorum</strong></span> <span class='ocrx_word' id='word_1_192' title='bbox 2370 1219 2664 1282; x_wconf 86' lang='lat' dir='ltr'><strong>neminem,</strong></span> <span class='ocrx_word' id='word_1_193' title='bbox 2691 1222 2783 1274; x_wconf 91' lang='lat' dir='ltr'><strong>sed</strong></span> <span class='ocrx_word' id='word_1_194' title='bbox 2817 1237 2884 1277; x_wconf 92' lang='lat' dir='ltr'><strong>ne</strong></span> <span class='ocrx_word' id='word_1_195' title='bbox 2913 1223 3077 1276; x_wconf 83' lang='lat' dir='ltr'><strong>ullum</strong></span> <span class='ocrx_word' id='word_1_196' title='bbox 3112 1222 3327 1290; x_wconf 81' lang='lat' dir='ltr'><strong>quidem</strong></span> <span class='ocrx_word' id='word_1_197' title='bbox 3350 1238 3380 1277; x_wconf 92' lang='lat' dir='ltr'><strong>e</strong></span> <span class='ocrx_word' id='word_1_198' title='bbox 3414 1237 3545 1278; x_wconf 87' lang='lat' dir='ltr'><strong>san-</strong></span> 
     </span>
    </p>
   </div>
   <div class='ocr_carea' id='block_1_29' title="bbox 1973 1308 3538 1380">
    <p class='ocr_par' dir='ltr' id='par_1_29' title="bbox 1973 1308 3538 1380">
     <span class='ocr_line' id='line_1_29' title="bbox 1973 1308 3538 1380; baseline 0.004 -19"><span class='ocrx_word' id='word_1_199' title='bbox 1973 1308 2076 1361; x_wconf 91' lang='lat' dir='ltr'><strong>ctis</strong></span> <span class='ocrx_word' id='word_1_200' title='bbox 2102 1319 2155 1362; x_wconf 88' lang='lat' dir='ltr'><strong>et</strong></span> <span class='ocrx_word' id='word_1_201' title='bbox 2185 1309 2578 1366; x_wconf 85' lang='lat' dir='ltr'><strong>ecclesiasticis</strong></span> <span class='ocrx_word' id='word_1_202' title='bbox 2624 1313 2756 1367; x_wconf 89' lang='lat' dir='ltr'><strong>viris</strong></span> <span class='ocrx_word' id='word_1_203' title='bbox 2791 1313 2946 1380; x_wconf 85' lang='lat' dir='ltr'><strong>hujus</strong></span> <span class='ocrx_word' id='word_1_204' title='bbox 2983 1313 3148 1368; x_wconf 77' lang='lat' dir='ltr'><strong>libelli</strong></span> <span class='ocrx_word' id='word_1_205' title='bbox 3201 1314 3538 1369; x_wconf 83' lang='lat' dir='ltr'><strong>conditorem</strong></span> 
     </span>
    </p>
   </div>
   <div class='ocr_carea' id='block_1_30' title="bbox 1973 1399 3540 1476">
    <p class='ocr_par' dir='ltr' id='par_1_30' title="bbox 1973 1399 3540 1476">
     <span class='ocr_line' id='line_1_30' title="bbox 1973 1399 3540 1476; baseline 0.007 -24"><span class='ocrx_word' id='word_1_206' title='bbox 1973 1399 2140 1456; x_wconf 83' lang='lat' dir='ltr'><strong>luisse</strong></span> <span class='ocrx_word' id='word_1_207' title='bbox 2179 1400 2471 1459; x_wconf 78' lang='lat' dir='ltr'><strong>allirmant.</strong></span> <span class='ocrx_word' id='word_1_208' title='bbox 2499 1403 2817 1459; x_wconf 88' lang='lat' dir='ltr'><strong>Ceriutbum</strong></span> <span class='ocrx_word' id='word_1_209' title='bbox 2862 1407 3027 1471; x_wconf 87' lang='lat' dir='ltr'><strong>enim,</strong></span> <span class='ocrx_word' id='word_1_210' title='bbox 3056 1408 3146 1476; x_wconf 87' lang='lat' dir='ltr'><strong>qui</strong></span> <span class='ocrx_word' id='word_1_211' title='bbox 3192 1408 3426 1462; x_wconf 81' lang='lat' dir='ltr'><strong>numinis</strong></span> <span class='ocrx_word' id='word_1_212' title='bbox 3455 1408 3540 1463; x_wconf 88' lang='lat' dir='ltr'><strong>sui</strong></span> 
     </span>
    </p>
   </div>
   <div class='ocr_carea' id='block_1_31' title="bbox 1974 1492 3540 1567">
    <p class='ocr_par' dir='ltr' id='par_1_31' title="bbox 1974 1492 3540 1567">
     <span class='ocr_line' id='line_1_31' title="bbox 1974 1492 3540 1567; baseline 0.007 -21"><span class='ocrx_word' id='word_1_213' title='bbox 1974 1501 2177 1546; x_wconf 89' lang='lat' dir='ltr'><strong>sectam</strong></span> <span class='ocrx_word' id='word_1_214' title='bbox 2213 1492 2502 1562; x_wconf 82' lang='lat' dir='ltr'><strong>conﬂavit,</strong></span> <span class='ocrx_word' id='word_1_215' title='bbox 2550 1512 2671 1550; x_wconf 85' lang='lat' dir='ltr'><strong>cum</strong></span> <span class='ocrx_word' id='word_1_216' title='bbox 2714 1512 2921 1567; x_wconf 75' lang='lat' dir='ltr'><strong>magna:</strong></span> <span class='ocrx_word' id='word_1_217' title='bbox 2971 1499 3311 1554; x_wconf 84' lang='lat' dir='ltr'><strong>auctoritatis</strong></span> <span class='ocrx_word' id='word_1_218' title='bbox 3345 1516 3540 1557; x_wconf 88' lang='lat' dir='ltr'><strong>nomen</strong></span> 
     </span>
    </p>
   </div>
   <div class='ocr_carea' id='block_1_32' title="bbox 1972 1583 3544 1663">
    <p class='ocr_par' dir='ltr' id='par_1_32' title="bbox 1972 1583 3544 1663">
     <span class='ocr_line' id='line_1_32' title="bbox 1972 1583 3544 1663; baseline 0.008 -28"><span class='ocrx_word' id='word_1_219' title='bbox 1972 1584 2040 1637; x_wconf 89' lang='lat' dir='ltr'><strong>ad</strong></span> <span class='ocrx_word' id='word_1_220' title='bbox 2071 1583 2371 1640; x_wconf 84' lang='lat' dir='ltr'><strong>faciendam</strong></span> <span class='ocrx_word' id='word_1_221' title='bbox 2402 1587 2558 1641; x_wconf 77' lang='lat' dir='ltr'><strong>[idem</strong></span> <span class='ocrx_word' id='word_1_222' title='bbox 2605 1589 2926 1645; x_wconf 81' lang='lat' dir='ltr'><strong>commentis</strong></span> <span class='ocrx_word' id='word_1_223' title='bbox 2959 1591 3072 1644; x_wconf 82' lang='lat' dir='ltr'><strong>suis</strong></span> <span class='ocrx_word' id='word_1_224' title='bbox 3110 1591 3273 1645; x_wconf 88' lang='lat' dir='ltr'><strong>vellet</strong></span> <span class='ocrx_word' id='word_1_225' title='bbox 3301 1592 3544 1663; x_wconf 62' lang='lat' dir='ltr'><strong>praelige-</strong></span> 
     </span>
    </p>
   </div>
   <div class='ocr_carea' id='block_1_33' title="bbox 1974 1673 3543 1753">
    <p class='ocr_par' dir='ltr' id='par_1_33' title="bbox 1974 1673 3543 1753">
     <span class='ocr_line' id='line_1_33' title="bbox 1974 1673 3543 1753; baseline 0.007 -27"><span class='ocrx_word' id='word_1_226' title='bbox 1974 1689 2052 1739; x_wconf 83' lang='lat' dir='ltr'><strong>re,</strong></span> <span class='ocrx_word' id='word_1_227' title='bbox 2070 1673 2295 1732; x_wconf 87' lang='lat' dir='ltr'><strong>Joannis</strong></span> <span class='ocrx_word' id='word_1_228' title='bbox 2322 1677 2530 1732; x_wconf 88' lang='lat' dir='ltr'><strong>titulum</strong></span> <span class='ocrx_word' id='word_1_229' title='bbox 2555 1679 2705 1748; x_wconf 90' lang='lat' dir='ltr'><strong>operi</strong></span> <span class='ocrx_word' id='word_1_230' title='bbox 2737 1694 2837 1734; x_wconf 88' lang='lat' dir='ltr'><strong>suo</strong></span> <span class='ocrx_word' id='word_1_231' title='bbox 2864 1681 3143 1737; x_wconf 85' lang='lat' dir='ltr'><strong>indidisse.</strong></span> <span class='ocrx_word' id='word_1_232' title='bbox 3167 1681 3378 1753; x_wconf 84' lang='lat' dir='ltr'><strong>Quippe</strong></span> <span class='ocrx_word' id='word_1_233' title='bbox 3401 1683 3543 1738; x_wconf 85' lang='lat' dir='ltr'><strong>hanc</strong></span> 
     </span>
    </p>
   </div>
   <div class='ocr_carea' id='block_1_34' title="bbox 288 1749 1864 1848">
    <p class='ocr_par' dir='ltr' id='par_1_34' title="bbox 288 1749 1864 1848">
     <span class='ocr_line' id='line_1_34' title="bbox 288 1749 1864 1848; baseline 0.003 -24"><span class='ocrx_word' id='word_1_234' title='bbox 288 1749 538 1842; x_wconf 69' lang='grc' dir='ltr'>λεῖν(2⁹),</span> <span class='ocrx_word' id='word_1_235' title='bbox 556 1770 796 1836; x_wconf 78' lang='grc' dir='ltr'>ἔσεσθαι,</span> <span class='ocrx_word' id='word_1_236' title='bbox 815 1749 1050 1844; x_wconf 82' lang='grc' dir='ltr'>γαστρὸς</span> <span class='ocrx_word' id='word_1_237' title='bbox 1073 1774 1165 1826; x_wconf 68' lang='grc' dir='ltr'>καὶ</span> <span class='ocrx_word' id='word_1_238' title='bbox 1193 1773 1301 1827; x_wconf 87' lang='grc' dir='ltr'><strong>τῶν</strong></span> <span class='ocrx_word' id='word_1_239' title='bbox 1331 1774 1435 1827; x_wconf 84' lang='grc' dir='ltr'>ὑπὸ</span> <span class='ocrx_word' id='word_1_240' title='bbox 1462 1749 1716 1846; x_wconf 41' lang='grc' dir='ltr'>γαστέρα.</span> <span class='ocrx_word' id='word_1_241' title='bbox 1733 1774 1864 1848; x_wconf 88' lang='grc' dir='ltr'>πλη-</span> 
     </span>
    </p>
   </div>
   <div class='ocr_carea' id='block_1_35' title="bbox 1967 1749 3542 1848">
    <p class='ocr_par' dir='ltr' id='par_1_35' title="bbox 1971 1749 3542 1842">
     <span class='ocr_line' id='line_1_35' title="bbox 1971 1749 3542 1842; baseline 0.004 -23"><span class='ocrx_word' id='word_1_242' title='bbox 1971 1765 2212 1822; x_wconf 83' lang='lat' dir='ltr'><strong>Cerintlii</strong></span> <span class='ocrx_word' id='word_1_243' title='bbox 2259 1768 2565 1838; x_wconf 82' lang='lat' dir='ltr'><strong>Opinionem</strong></span> <span class='ocrx_word' id='word_1_244' title='bbox 2603 1768 2814 1836; x_wconf 81' lang='lat' dir='ltr'><strong>fuisse,</strong></span> <span class='ocrx_word' id='word_1_245' title='bbox 2860 1786 3082 1842; x_wconf 81' lang='lat' dir='ltr'><strong>regnum</strong></span> <span class='ocrx_word' id='word_1_246' title='bbox 3128 1749 3330 1826; x_wconf 78' lang='lat' dir='ltr'><strong>Christi</strong></span> <span class='ocrx_word' id='word_1_247' title='bbox 3367 1782 3542 1827; x_wconf 83' lang='lat' dir='ltr'><strong>terre-</strong></span> 
     </span>
    </p>
   </div>
   <div class='ocr_carea' id='block_1_36' title="bbox 291 1864 1872 1939">
    <p class='ocr_par' dir='ltr' id='par_1_36' title="bbox 291 1864 1872 1939">
     <span class='ocr_line' id='line_1_36' title="bbox 291 1864 1872 1939; baseline 0.005 -24"><span class='ocrx_word' id='word_1_248' title='bbox 291 1865 538 1933; x_wconf 85' lang='grc' dir='ltr'>σμοναίς,</span> <span class='ocrx_word' id='word_1_249' title='bbox 565 1864 810 1919; x_wconf 83' lang='grc' dir='ltr'>τουτέστι</span> <span class='ocrx_word' id='word_1_250' title='bbox 830 1865 1016 1929; x_wconf 84' lang='grc' dir='ltr'>σιτίοις</span> <span class='ocrx_word' id='word_1_251' title='bbox 1045 1865 1139 1918; x_wconf 83' lang='grc' dir='ltr'><strong>καὶ</strong></span> <span class='ocrx_word' id='word_1_252' title='bbox 1167 1868 1370 1933; x_wconf 88' lang='grc' dir='ltr'>ποτοῖς,</span> <span class='ocrx_word' id='word_1_253' title='bbox 1401 1867 1495 1926; x_wconf 61' lang='grc' dir='ltr'><strong>καὶ¹</strong></span> <span class='ocrx_word' id='word_1_254' title='bbox 1515 1867 1742 1939; x_wconf 82' lang='grc' dir='ltr'>γάμοις,</span> <span class='ocrx_word' id='word_1_255' title='bbox 1776 1870 1872 1923; x_wconf 76' lang='grc' dir='ltr'><strong>καὶ</strong></span> 
     </span>
    </p>
   </div>
   <div class='ocr_carea' id='block_1_37' title="bbox 285 1948 1870 2032">
    <p class='ocr_par' dir='ltr' id='par_1_37' title="bbox 285 1948 1870 2032">
     <span class='ocr_line' id='line_1_37' title="bbox 285 1948 1870 2032; baseline 0.004 -25"><span class='ocrx_word' id='word_1_256' title='bbox 285 1953 354 2007; x_wconf 89' lang='grc' dir='ltr'>δι’</span> <span class='ocrx_word' id='word_1_257' title='bbox 382 1948 457 2008; x_wconf 81' lang='grc' dir='ltr'>ὧν</span> <span class='ocrx_word' id='word_1_258' title='bbox 494 1955 866 2028; x_wconf 76' lang='grc' dir='ltr'>εὐφημότερον</span> <span class='ocrx_word' id='word_1_259' title='bbox 897 1956 1072 2011; x_wconf 84' lang='grc' dir='ltr'>ταῦτα</span> <span class='ocrx_word' id='word_1_260' title='bbox 1107 1957 1258 2029; x_wconf 83' lang='grc' dir='ltr'>ᾠήθη</span> <span class='ocrx_word' id='word_1_261' title='bbox 1290 1959 1623 2032; x_wconf 86' lang='grc' dir='ltr'>ποριεῖσθαι,</span> <span class='ocrx_word' id='word_1_262' title='bbox 1659 1963 1870 2032; x_wconf 78' lang='grc' dir='ltr'>ἑορταῖς</span> 
     </span>
    </p>
   </div>
   <div class='ocr_carea' id='block_1_38' title="bbox 285 2029 1869 2122">
    <p class='ocr_par' dir='ltr' id='par_1_38' title="bbox 285 2029 1869 2122">
     <span class='ocr_line' id='line_1_38' title="bbox 285 2029 1869 2122; baseline 0.005 -24"><span class='ocrx_word' id='word_1_263' title='bbox 285 2046 382 2098; x_wconf 75' lang='grc' dir='ltr'><strong>καὶ</strong></span> <span class='ocrx_word' id='word_1_264' title='bbox 419 2045 652 2112; x_wconf 83' lang='grc' dir='ltr'>θυσίαις,</span> <span class='ocrx_word' id='word_1_265' title='bbox 683 2049 776 2100; x_wconf 72' lang='grc' dir='ltr'><strong>καὶ</strong></span> <span class='ocrx_word' id='word_1_266' title='bbox 811 2048 1018 2119; x_wconf 80' lang='grc' dir='ltr'>ἱερείων</span> <span class='ocrx_word' id='word_1_267' title='bbox 1046 2029 1315 2118; x_wconf 42' lang='grc' dir='ltr'>σφαγαῖς..</span> <span class='ocrx_word' id='word_1_268' title='bbox 1345 2049 1484 2118; x_wconf 87' lang='grc' dir='ltr'>Ἐγὼ</span> <span class='ocrx_word' id='word_1_269' title='bbox 1510 2051 1567 2104; x_wconf 84' lang='grc' dir='ltr'>δὲ</span> <span class='ocrx_word' id='word_1_270' title='bbox 1609 2029 1869 2122; x_wconf 77' lang='grc' dir='ltr'>ἀθετῆσαι</span> 
     </span>
    </p>
   </div>
   <div class='ocr_carea' id='block_1_39' title="bbox 291 2136 1869 2211">
    <p class='ocr_par' dir='ltr' id='par_1_39' title="bbox 291 2136 1869 2211">
     <span class='ocr_line' id='line_1_39' title="bbox 291 2136 1869 2211; baseline 0.005 -22"><span class='ocrx_word' id='word_1_271' title='bbox 291 2136 394 2207; x_wconf 75' lang='grc' dir='ltr'><strong>μὲν</strong></span> <span class='ocrx_word' id='word_1_272' title='bbox 425 2139 526 2191; x_wconf 84' lang='grc' dir='ltr'><strong>οὐκ</strong></span> <span class='ocrx_word' id='word_1_273' title='bbox 556 2138 622 2192; x_wconf 81' lang='grc' dir='ltr'><strong>ἂν</strong></span> <span class='ocrx_word' id='word_1_274' title='bbox 648 2138 980 2211; x_wconf 81' lang='grc' dir='ltr'>τολμήσαιμι</span> <span class='ocrx_word' id='word_1_275' title='bbox 1023 2141 1083 2193; x_wconf 82' lang='grc' dir='ltr'><strong>τὸ</strong></span> <span class='ocrx_word' id='word_1_276' title='bbox 1116 2140 1318 2211; x_wconf 77' lang='grc' dir='ltr'>βιϐλίον</span> <span class='ocrx_word' id='word_1_277' title='bbox 1338 2182 1352 2209; x_wconf 93' lang='grc'><strong>,</strong></span> <span class='ocrx_word' id='word_1_278' title='bbox 1386 2142 1593 2195; x_wconf 81' lang='grc' dir='ltr'>πολλῶν</span> <span class='ocrx_word' id='word_1_279' title='bbox 1627 2144 1757 2196; x_wconf 85' lang='grc' dir='ltr'>αὐτὸ</span> <span class='ocrx_word' id='word_1_280' title='bbox 1783 2143 1869 2198; x_wconf 79' lang='grc' dir='ltr'>διὰ</span> 
     </span>
    </p>
   </div>
   <div class='ocr_carea' id='block_1_40' title="bbox 288 2230 1866 2306">
    <p class='ocr_par' dir='ltr' id='par_1_40' title="bbox 288 2230 1866 2306">
     <span class='ocr_line' id='line_1_40' title="bbox 288 2230 1866 2306; baseline 0.004 -25"><span class='ocrx_word' id='word_1_281' title='bbox 288 2230 529 2301; x_wconf 82' lang='grc' dir='ltr'>σπουδῆς</span> <span class='ocrx_word' id='word_1_282' title='bbox 578 2231 809 2301; x_wconf 80' lang='grc' dir='ltr'>ἐχόντων</span> <span class='ocrx_word' id='word_1_283' title='bbox 838 2231 1111 2302; x_wconf 75' lang='grc' dir='ltr'>ἀδελφῶν,</span> <span class='ocrx_word' id='word_1_284' title='bbox 1147 2233 1368 2304; x_wconf 77' lang='grc' dir='ltr'>μείζονα</span> <span class='ocrx_word' id='word_1_285' title='bbox 1416 2233 1472 2287; x_wconf 81' lang='grc' dir='ltr'>δὲ</span> <span class='ocrx_word' id='word_1_286' title='bbox 1511 2236 1609 2306; x_wconf 87' lang='grc' dir='ltr'><strong>τῆς</strong></span> <span class='ocrx_word' id='word_1_287' title='bbox 1633 2234 1866 2306; x_wconf 77' lang='grc' dir='ltr'>ἐμαυτοῦ</span> 
     </span>
    </p>
   </div>
   <div class='ocr_carea' id='block_1_41' title="bbox 285 2322 1865 2398">
    <p class='ocr_par' dir='ltr' id='par_1_41' title="bbox 285 2322 1865 2398">
     <span class='ocr_line' id='line_1_41' title="bbox 285 2322 1865 2398; baseline 0.004 -24"><span class='ocrx_word' id='word_1_288' title='bbox 285 2323 605 2394; x_wconf 80' lang='grc' dir='ltr'>φρονήσεως</span> <span class='ocrx_word' id='word_1_289' title='bbox 627 2322 726 2394; x_wconf 77' lang='grc' dir='ltr'><strong>τὴν</strong></span> <span class='ocrx_word' id='word_1_290' title='bbox 761 2323 1026 2394; x_wconf 68' lang='grc' dir='ltr'>ὑπόληψιν</span> <span class='ocrx_word' id='word_1_291' title='bbox 1062 2325 1158 2397; x_wconf 80' lang='grc' dir='ltr'><strong>τὴν</strong></span> <span class='ocrx_word' id='word_1_292' title='bbox 1189 2327 1318 2398; x_wconf 77' lang='grc' dir='ltr'>περὶ</span> <span class='ocrx_word' id='word_1_293' title='bbox 1359 2327 1522 2380; x_wconf 77' lang='grc' dir='ltr'>αὑτοῦ</span> <span class='ocrx_word' id='word_1_294' title='bbox 1553 2327 1865 2398; x_wconf 77' lang='grc' dir='ltr'>λαμϐάνων,</span> 
     </span>
    </p>
   </div>
   <div class='ocr_carea' id='block_1_42' title="bbox 284 2411 1866 2491">
    <p class='ocr_par' dir='ltr' id='par_1_42' title="bbox 284 2411 1866 2491">
     <span class='ocr_line' id='line_1_42' title="bbox 284 2411 1866 2491; baseline 0.003 -23"><span class='ocrx_word' id='word_1_295' title='bbox 284 2415 677 2486; x_wconf 84' lang='grc' dir='ltr'>κεκρυμμένην</span> <span class='ocrx_word' id='word_1_296' title='bbox 711 2411 849 2472; x_wconf 86' lang='grc' dir='ltr'>εἷναί</span> <span class='ocrx_word' id='word_1_297' title='bbox 875 2433 995 2469; x_wconf 89' lang='grc' dir='ltr'>τινα</span> <span class='ocrx_word' id='word_1_298' title='bbox 1024 2419 1117 2471; x_wconf 75' lang='grc' dir='ltr'>καὶ</span> <span class='ocrx_word' id='word_1_299' title='bbox 1145 2417 1592 2491; x_wconf 82' lang='grc' dir='ltr'>θαυμασιωτέραν</span> <span class='ocrx_word' id='word_1_300' title='bbox 1621 2420 1718 2491; x_wconf 80' lang='grc' dir='ltr'>τὴν</span> <span class='ocrx_word' id='word_1_301' title='bbox 1745 2420 1866 2473; x_wconf 87' lang='grc' dir='ltr'>καθ’</span> 
     </span>
    </p>
   </div>
   <div class='ocr_carea' id='block_1_43' title="bbox 284 2507 1864 2583">
    <p class='ocr_par' dir='ltr' id='par_1_43' title="bbox 284 2507 1864 2583">
     <span class='ocr_line' id='line_1_43' title="bbox 284 2507 1864 2583; baseline 0.003 -23"><span class='ocrx_word' id='word_1_302' title='bbox 284 2507 516 2561; x_wconf 73' lang='grc' dir='ltr'>ἕκαστον</span> <span class='ocrx_word' id='word_1_303' title='bbox 541 2507 767 2581; x_wconf 79' lang='grc' dir='ltr'>ἐκδοχὴν</span> <span class='ocrx_word' id='word_1_304' title='bbox 790 2508 1175 2580; x_wconf 77' lang='grc' dir='ltr'>ὑπολαμϐάνω.</span> <span class='ocrx_word' id='word_1_305' title='bbox 1195 2510 1303 2562; x_wconf 77' lang='grc' dir='ltr'>Καὶ</span> <span class='ocrx_word' id='word_1_306' title='bbox 1324 2511 1432 2582; x_wconf 80' lang='grc' dir='ltr'>γὰρ</span> <span class='ocrx_word' id='word_1_307' title='bbox 1457 2513 1503 2563; x_wconf 84' lang='grc' dir='ltr'><strong>εί</strong></span> <span class='ocrx_word' id='word_1_308' title='bbox 1525 2512 1598 2582; x_wconf 81' lang='grc' dir='ltr'>μὴ</span> <span class='ocrx_word' id='word_1_309' title='bbox 1623 2513 1864 2583; x_wconf 83' lang='grc' dir='ltr'>συνίημι,</span> 
     </span>
    </p>
   </div>
   <div class='ocr_carea' id='block_1_44' title="bbox 283 2593 1867 2670">
    <p class='ocr_par' dir='ltr' id='par_1_44' title="bbox 283 2593 1867 2670">
     <span class='ocr_line' id='line_1_44' title="bbox 283 2593 1867 2670; baseline 0.004 -22"><span class='ocrx_word' id='word_1_310' title='bbox 283 2593 399 2648; x_wconf 85' lang='grc' dir='ltr'>ἀλλ’</span> <span class='ocrx_word' id='word_1_311' title='bbox 448 2595 660 2652; x_wconf 82' lang='grc' dir='ltr'>ὑπονοῶ</span> <span class='ocrx_word' id='word_1_312' title='bbox 689 2613 752 2665; x_wconf 86' lang='grc' dir='ltr'><strong>γε</strong></span> <span class='ocrx_word' id='word_1_313' title='bbox 783 2595 905 2651; x_wconf 89' lang='grc' dir='ltr'>νοῦν</span> <span class='ocrx_word' id='word_1_314' title='bbox 946 2615 1065 2650; x_wconf 89' lang='grc' dir='ltr'>τινα</span> <span class='ocrx_word' id='word_1_315' title='bbox 1107 2598 1400 2670; x_wconf 82' lang='grc' dir='ltr'>βαθύτερον</span> <span class='ocrx_word' id='word_1_316' title='bbox 1446 2601 1723 2670; x_wconf 75' lang='grc' dir='ltr'>ἐγκεῖσθαι</span> <span class='ocrx_word' id='word_1_317' title='bbox 1756 2605 1867 2666; x_wconf 83' lang='grc' dir='ltr'>τοῖς</span> 
     </span>
    </p>
   </div>
   <div class='ocr_carea' id='block_1_45' title="bbox 286 2687 1864 2766">
    <p class='ocr_par' dir='ltr' id='par_1_45' title="bbox 286 2687 1864 2766">
     <span class='ocr_line' id='line_1_45' title="bbox 286 2687 1864 2766; baseline 0.006 -28"><span class='ocrx_word' id='word_1_318' title='bbox 286 2687 353 2762; x_wconf 60' lang='lat' dir='ltr'><strong>pf;</strong></span> <span class='ocrx_word' id='word_1_319' title='bbox 363 2703 548 2756; x_wconf 83' lang='grc' dir='ltr'>μασιν.</span> <span class='ocrx_word' id='word_1_320' title='bbox 574 2689 686 2747; x_wconf 70' lang='grc' dir='ltr'>Οὐκ</span> <span class='ocrx_word' id='word_1_321' title='bbox 706 2688 818 2760; x_wconf 76' lang='grc' dir='ltr'>ἰδίῳ</span> <span class='ocrx_word' id='word_1_322' title='bbox 834 2689 1004 2743; x_wconf 86' lang='grc' dir='ltr'>ταῦτα</span> <span class='ocrx_word' id='word_1_323' title='bbox 1030 2690 1241 2762; x_wconf 84' lang='grc' dir='ltr'>μετρῶν</span> <span class='ocrx_word' id='word_1_324' title='bbox 1265 2692 1357 2745; x_wconf 72' lang='grc' dir='ltr'><strong>καὶ</strong></span> <span class='ocrx_word' id='word_1_325' title='bbox 1381 2692 1578 2763; x_wconf 79' lang='grc' dir='ltr'>κρίνων</span> <span class='ocrx_word' id='word_1_326' title='bbox 1601 2693 1864 2766; x_wconf 80' lang='grc' dir='ltr'>λογισμῷ,</span> 
     </span>
    </p>
   </div>
   <div class='ocr_carea' id='block_1_46' title="bbox 285 2779 1862 2858">
    <p class='ocr_par' dir='ltr' id='par_1_46' title="bbox 285 2779 1862 2858">
     <span class='ocr_line' id='line_1_46' title="bbox 285 2779 1862 2858; baseline 0.008 -27"><span class='ocrx_word' id='word_1_327' title='bbox 285 2779 467 2833; x_wconf 80' lang='grc' dir='ltr'>πίστει</span> <span class='ocrx_word' id='word_1_328' title='bbox 494 2781 552 2836; x_wconf 77' lang='grc' dir='ltr'>δὲ</span> <span class='ocrx_word' id='word_1_329' title='bbox 582 2781 741 2835; x_wconf 86' lang='grc' dir='ltr'>πλέον</span> <span class='ocrx_word' id='word_1_330' title='bbox 766 2782 977 2854; x_wconf 80' lang='grc' dir='ltr'>νέμων,</span> <span class='ocrx_word' id='word_1_331' title='bbox 1013 2784 1316 2856; x_wconf 69' lang='grc' dir='ltr'>ὑψηλότερα</span> <span class='ocrx_word' id='word_1_332' title='bbox 1342 2787 1374 2857; x_wconf 81' lang='grc' dir='ltr'>ἢ</span> <span class='ocrx_word' id='word_1_333' title='bbox 1407 2787 1497 2839; x_wconf 82' lang='grc' dir='ltr'>ὑπ’</span> <span class='ocrx_word' id='word_1_334' title='bbox 1531 2787 1665 2858; x_wconf 77' lang='grc' dir='ltr'>ἐμοῦ</span> <span class='ocrx_word' id='word_1_335' title='bbox 1694 2806 1862 2842; x_wconf 75' lang='grc' dir='ltr'>καταο</span> 
     </span>
    </p>
   </div>
   <div class='ocr_carea' id='block_1_47' title="bbox 282 2870 1866 2948">
    <p class='ocr_par' dir='ltr' id='par_1_47' title="bbox 282 2870 1866 2948">
     <span class='ocr_line' id='line_1_47' title="bbox 282 2870 1866 2948; baseline 0.007 -24"><span class='ocrx_word' id='word_1_336' title='bbox 282 2870 557 2944; x_wconf 75' lang='grc' dir='ltr'>ληφθῆναι</span> <span class='ocrx_word' id='word_1_337' title='bbox 599 2873 889 2946; x_wconf 72' lang='grc' dir='ltr'>νενόμικα*</span> <span class='ocrx_word' id='word_1_338' title='bbox 933 2879 1024 2930; x_wconf 77' lang='grc' dir='ltr'><strong>καὶ</strong></span> <span class='ocrx_word' id='word_1_339' title='bbox 1064 2878 1162 2930; x_wconf 76' lang='grc' dir='ltr'><strong>οὐκ</strong></span> <span class='ocrx_word' id='word_1_340' title='bbox 1207 2877 1592 2948; x_wconf 80' lang='grc' dir='ltr'>ἀποδοκιμάζω</span> <span class='ocrx_word' id='word_1_341' title='bbox 1623 2880 1796 2934; x_wconf 87' lang='grc' dir='ltr'>ταῦτα</span> <span class='ocrx_word' id='word_1_342' title='bbox 1830 2881 1866 2935; x_wconf 76' lang='grc' dir='ltr'>ἃ</span> 
     </span>
    </p>
   </div>
   <div class='ocr_carea' id='block_1_48' title="bbox 289 2965 1858 3044">
    <p class='ocr_par' dir='ltr' id='par_1_48' title="bbox 289 2965 1858 3044">
     <span class='ocr_line' id='line_1_48' title="bbox 289 2965 1858 3044; baseline 0.004 -25"><span class='ocrx_word' id='word_1_343' title='bbox 289 2965 363 3037; x_wconf 70' lang='grc' dir='ltr'><strong>μὴ</strong></span> <span class='ocrx_word' id='word_1_344' title='bbox 391 2965 732 3039; x_wconf 82' lang='grc' dir='ltr'>συνεώρακα,</span> <span class='ocrx_word' id='word_1_345' title='bbox 755 2968 1017 3039; x_wconf 77' lang='grc' dir='ltr'>θαυμάζω</span> <span class='ocrx_word' id='word_1_346' title='bbox 1036 2970 1092 3023; x_wconf 84' lang='grc' dir='ltr'>δὲ</span> <span class='ocrx_word' id='word_1_347' title='bbox 1118 2969 1319 3040; x_wconf 81' lang='grc' dir='ltr'>μᾶλλον</span> <span class='ocrx_word' id='word_1_348' title='bbox 1335 2972 1414 3024; x_wconf 85' lang='grc' dir='ltr'>ὅτι</span> <span class='ocrx_word' id='word_1_349' title='bbox 1439 2971 1512 3044; x_wconf 78' lang='grc' dir='ltr'>μὴ</span> <span class='ocrx_word' id='word_1_350' title='bbox 1529 2975 1622 3026; x_wconf 77' lang='grc' dir='ltr'><strong>καὶ</strong></span> <span class='ocrx_word' id='word_1_351' title='bbox 1650 2969 1807 3027; x_wconf 83' lang='grc' dir='ltr'>εἶδον.</span> <span class='ocrx_word' id='word_1_352' title='bbox 1839 2994 1858 3026; x_wconf 83' lang='grc'>›</span> 
     </span>
    </p>
   </div>
   <div class='ocr_carea' id='block_1_49' title="bbox 1972 1859 3542 1935">
    <p class='ocr_par' dir='ltr' id='par_1_49' title="bbox 1972 1859 3542 1935">
     <span class='ocr_line' id='line_1_49' title="bbox 1972 1859 3542 1935; baseline 0.003 -21"><span class='ocrx_word' id='word_1_353' title='bbox 1972 1875 2099 1914; x_wconf 90' lang='lat' dir='ltr'><strong>num</strong></span> <span class='ocrx_word' id='word_1_354' title='bbox 2141 1859 2380 1914; x_wconf 79' lang='lat' dir='ltr'><strong>futurum</strong></span> <span class='ocrx_word' id='word_1_355' title='bbox 2415 1880 2429 1915; x_wconf 88' lang='lat'><strong>:</strong></span> <span class='ocrx_word' id='word_1_356' title='bbox 2465 1871 2522 1917; x_wconf 90' lang='lat' dir='ltr'><strong>et</strong></span> <span class='ocrx_word' id='word_1_357' title='bbox 2567 1863 2621 1917; x_wconf 93' lang='lat' dir='ltr'><strong>in</strong></span> <span class='ocrx_word' id='word_1_358' title='bbox 2670 1864 2736 1919; x_wconf 90' lang='lat' dir='ltr'><strong>iis</strong></span> <span class='ocrx_word' id='word_1_359' title='bbox 2782 1865 3022 1918; x_wconf 80' lang='lat' dir='ltr'><strong>maxime</strong></span> <span class='ocrx_word' id='word_1_360' title='bbox 3057 1864 3222 1920; x_wconf 88' lang='lat' dir='ltr'><strong>rebus</strong></span> <span class='ocrx_word' id='word_1_361' title='bbox 3255 1880 3388 1935; x_wconf 89' lang='lat' dir='ltr'><strong>quas</strong></span> <span class='ocrx_word' id='word_1_362' title='bbox 3425 1866 3542 1935; x_wconf 87' lang='lat' dir='ltr'><strong>ipse</strong></span> 
     </span>
    </p>
   </div>
   <div class='ocr_carea' id='block_1_50' title="bbox 1971 1950 3542 2024">
    <p class='ocr_par' dir='ltr' id='par_1_50' title="bbox 1971 1950 3542 2024">
     <span class='ocr_line' id='line_1_50' title="bbox 1971 1950 3542 2024; baseline 0.004 -22"><span class='ocrx_word' id='word_1_363' title='bbox 1971 1958 2156 2020; x_wconf 89' lang='lat' dir='ltr'><strong>utpote</strong></span> <span class='ocrx_word' id='word_1_364' title='bbox 2214 1950 2474 2016; x_wconf 82' lang='lat' dir='ltr'><strong>carnalis,</strong></span> <span class='ocrx_word' id='word_1_365' title='bbox 2501 1963 2557 2006; x_wconf 87' lang='lat' dir='ltr'><strong>et</strong></span> <span class='ocrx_word' id='word_1_366' title='bbox 2603 1952 2966 2023; x_wconf 79' lang='lat' dir='ltr'><strong>voluptatibus</strong></span> <span class='ocrx_word' id='word_1_367' title='bbox 3023 1954 3270 2024; x_wconf 85' lang='lat' dir='ltr'><strong>corporis</strong></span> <span class='ocrx_word' id='word_1_368' title='bbox 3323 1953 3542 2010; x_wconf 86' lang='lat' dir='ltr'><strong>deditus</strong></span> 
     </span>
    </p>
   </div>
   <div class='ocr_carea' id='block_1_51' title="bbox 1969 2043 3545 2114">
    <p class='ocr_par' dir='ltr' id='par_1_51' title="bbox 1969 2043 3545 2114">
     <span class='ocr_line' id='line_1_51' title="bbox 1969 2043 3545 2114; baseline 0.004 -19"><span class='ocrx_word' id='word_1_369' title='bbox 1969 2043 2239 2113; x_wconf 72' lang='lat' dir='ltr'><strong>praecipue</strong></span> <span class='ocrx_word' id='word_1_370' title='bbox 2263 2045 2676 2114; x_wconf 82' lang='lat' dir='ltr'><strong>concupiscebat</strong></span> <span class='ocrx_word' id='word_1_371' title='bbox 2699 2086 2714 2110; x_wconf 88' lang='lat'><strong>,</strong></span> <span class='ocrx_word' id='word_1_372' title='bbox 2752 2048 3068 2102; x_wconf 67' lang='lat' dir='ltr'><strong>lia-surum:</strong></span> <span class='ocrx_word' id='word_1_373' title='bbox 3107 2048 3160 2101; x_wconf 93' lang='lat' dir='ltr'><strong>in</strong></span> <span class='ocrx_word' id='word_1_374' title='bbox 3205 2049 3413 2102; x_wconf 86' lang='lat' dir='ltr'><strong>ventris</strong></span> <span class='ocrx_word' id='word_1_375' title='bbox 3433 2048 3545 2103; x_wconf 85' lang='lat' dir='ltr'><strong>sci-</strong></span> 
     </span>
    </p>
   </div>
   <div class='ocr_carea' id='block_1_52' title="bbox 1970 2134 3542 2208">
    <p class='ocr_par' dir='ltr' id='par_1_52' title="bbox 1970 2134 3542 2208">
     <span class='ocr_line' id='line_1_52' title="bbox 1970 2134 3542 2208; baseline 0.005 -20"><span class='ocrx_word' id='word_1_376' title='bbox 1970 2134 2100 2189; x_wconf 84' lang='lat' dir='ltr'><strong>licet</strong></span> <span class='ocrx_word' id='word_1_377' title='bbox 2135 2146 2193 2189; x_wconf 91' lang='lat' dir='ltr'><strong>et</strong></span> <span class='ocrx_word' id='word_1_378' title='bbox 2229 2150 2415 2190; x_wconf 86' lang='lat' dir='ltr'><strong>eorum</strong></span> <span class='ocrx_word' id='word_1_379' title='bbox 2448 2152 2571 2205; x_wconf 72' lang='lat' dir='ltr'><strong>qua:</strong></span> <span class='ocrx_word' id='word_1_380' title='bbox 2599 2137 2702 2191; x_wconf 87' lang='lat' dir='ltr'><strong>sub</strong></span> <span class='ocrx_word' id='word_1_381' title='bbox 2738 2150 2930 2192; x_wconf 89' lang='lat' dir='ltr'><strong>ventre</strong></span> <span class='ocrx_word' id='word_1_382' title='bbox 2977 2150 3107 2193; x_wconf 89' lang='lat' dir='ltr'><strong>sunt</strong></span> <span class='ocrx_word' id='word_1_383' title='bbox 3152 2140 3446 2208; x_wconf 84' lang='lat' dir='ltr'><strong>satietate,</strong></span> <span class='ocrx_word' id='word_1_384' title='bbox 3487 2140 3542 2196; x_wconf 87' lang='lat' dir='ltr'><strong>id</strong></span> 
     </span>
    </p>
   </div>
   <div class='ocr_carea' id='block_1_53' title="bbox 1969 2227 3543 2301">
    <p class='ocr_par' dir='ltr' id='par_1_53' title="bbox 1969 2227 3543 2301">
     <span class='ocr_line' id='line_1_53' title="bbox 1969 2227 3543 2301; baseline 0.004 -21"><span class='ocrx_word' id='word_1_385' title='bbox 1969 2235 2071 2293; x_wconf 89' lang='lat' dir='ltr'><strong>est,</strong></span> <span class='ocrx_word' id='word_1_386' title='bbox 2112 2227 2165 2280; x_wconf 89' lang='lat' dir='ltr'><strong>itt</strong></span> <span class='ocrx_word' id='word_1_387' title='bbox 2201 2227 2336 2282; x_wconf 85' lang='lat' dir='ltr'><strong>cibis</strong></span> <span class='ocrx_word' id='word_1_388' title='bbox 2369 2243 2433 2281; x_wconf 87' lang='lat' dir='ltr'><strong>ac</strong></span> <span class='ocrx_word' id='word_1_389' title='bbox 2471 2228 2681 2297; x_wconf 87' lang='lat' dir='ltr'><strong>poculis</strong></span> <span class='ocrx_word' id='word_1_390' title='bbox 2704 2269 2719 2293; x_wconf 98' lang='lat'><strong>,</strong></span> <span class='ocrx_word' id='word_1_391' title='bbox 2758 2229 2808 2282; x_wconf 90' lang='lat' dir='ltr'><strong>in</strong></span> <span class='ocrx_word' id='word_1_392' title='bbox 2847 2231 3052 2299; x_wconf 84' lang='lat' dir='ltr'><strong>nuptiis</strong></span> <span class='ocrx_word' id='word_1_393' title='bbox 3077 2240 3130 2285; x_wconf 89' lang='lat' dir='ltr'><strong>et</strong></span> <span class='ocrx_word' id='word_1_394' title='bbox 3160 2230 3213 2284; x_wconf 88' lang='lat' dir='ltr'><strong>iti</strong></span> <span class='ocrx_word' id='word_1_395' title='bbox 3247 2232 3314 2286; x_wconf 87' lang='lat' dir='ltr'><strong>iis</strong></span> <span class='ocrx_word' id='word_1_396' title='bbox 3344 2233 3543 2301; x_wconf 87' lang='lat' dir='ltr'><strong>quibus</strong></span> 
     </span>
    </p>
   </div>
   <div class='ocr_carea' id='block_1_54' title="bbox 1971 2315 3542 2387">
    <p class='ocr_par' dir='ltr' id='par_1_54' title="bbox 1971 2315 3542 2387">
     <span class='ocr_line' id='line_1_54' title="bbox 1971 2315 3542 2387; baseline 0.004 -19"><span class='ocrx_word' id='word_1_397' title='bbox 1971 2315 2070 2369; x_wconf 86' lang='lat' dir='ltr'><strong>ista</strong></span> <span class='ocrx_word' id='word_1_398' title='bbox 2121 2315 2398 2371; x_wconf 81' lang='lat' dir='ltr'><strong>honestius</strong></span> <span class='ocrx_word' id='word_1_399' title='bbox 2429 2317 2610 2385; x_wconf 89' lang='lat' dir='ltr'><strong>parari</strong></span> <span class='ocrx_word' id='word_1_400' title='bbox 2661 2333 2821 2387; x_wconf 90' lang='lat' dir='ltr'><strong>posse</strong></span> <span class='ocrx_word' id='word_1_401' title='bbox 2853 2319 3202 2374; x_wconf 80' lang='lat' dir='ltr'><strong>existimabat</strong></span> <span class='ocrx_word' id='word_1_402' title='bbox 3226 2361 3241 2385; x_wconf 92' lang='lat'><strong>,</strong></span> <span class='ocrx_word' id='word_1_403' title='bbox 3279 2319 3431 2375; x_wconf 80' lang='lat' dir='ltr'><strong>festis</strong></span> <span class='ocrx_word' id='word_1_404' title='bbox 3459 2321 3542 2375; x_wconf 58' lang='lat' dir='ltr'><strong>nia</strong></span> 
     </span>
    </p>
   </div>
   <div class='ocr_carea' id='block_1_55' title="bbox 1969 2409 3538 2475">
    <p class='ocr_par' dir='ltr' id='par_1_55' title="bbox 1969 2409 3538 2475">
     <span class='ocr_line' id='line_1_55' title="bbox 1969 2409 3538 2475; baseline 0.007 -14"><span class='ocrx_word' id='word_1_405' title='bbox 1969 2409 2164 2462; x_wconf 89' lang='lat' dir='ltr'><strong>tnirntn</strong></span> <span class='ocrx_word' id='word_1_406' title='bbox 2210 2420 2266 2464; x_wconf 86' lang='lat' dir='ltr'><strong>et</strong></span> <span class='ocrx_word' id='word_1_407' title='bbox 2294 2411 2580 2465; x_wconf 87' lang='lat' dir='ltr'><strong>sacriliciis</strong></span> <span class='ocrx_word' id='word_1_408' title='bbox 2611 2450 2628 2475; x_wconf 91' lang='lat'><strong>,</strong></span> <span class='ocrx_word' id='word_1_409' title='bbox 2670 2421 2724 2464; x_wconf 90' lang='lat' dir='ltr'><strong>et</strong></span> <span class='ocrx_word' id='word_1_410' title='bbox 2770 2412 3066 2465; x_wconf 82' lang='lat' dir='ltr'><strong>bestiarum</strong></span> <span class='ocrx_word' id='word_1_411' title='bbox 3100 2415 3538 2472; x_wconf 69' lang='lat' dir='ltr'><strong>mactatiouibus.</strong></span> 
     </span>
    </p>
   </div>
   <div class='ocr_carea' id='block_1_56' title="bbox 1971 2500 3536 2572">
    <p class='ocr_par' dir='ltr' id='par_1_56' title="bbox 1971 2500 3536 2572">
     <span class='ocr_line' id='line_1_56' title="bbox 1971 2500 3536 2572; baseline 0.003 -18"><span class='ocrx_word' id='word_1_412' title='bbox 1971 2500 2080 2568; x_wconf 85' lang='lat' dir='ltr'><strong>Ego</strong></span> <span class='ocrx_word' id='word_1_413' title='bbox 2110 2516 2236 2555; x_wconf 89' lang='lat' dir='ltr'><strong>vero</strong></span> <span class='ocrx_word' id='word_1_414' title='bbox 2265 2501 2464 2556; x_wconf 89' lang='lat' dir='ltr'><strong>librum</strong></span> <span class='ocrx_word' id='word_1_415' title='bbox 2491 2503 2644 2557; x_wconf 88' lang='lat' dir='ltr'><strong>illum</strong></span> <span class='ocrx_word' id='word_1_416' title='bbox 2693 2505 2916 2572; x_wconf 83' lang='lat' dir='ltr'><strong>rejicere</strong></span> <span class='ocrx_word' id='word_1_417' title='bbox 2952 2505 3175 2559; x_wconf 84' lang='lat' dir='ltr'><strong>omnino</strong></span> <span class='ocrx_word' id='word_1_418' title='bbox 3204 2521 3309 2560; x_wconf 88' lang='lat' dir='ltr'><strong>non</strong></span> <span class='ocrx_word' id='word_1_419' title='bbox 3341 2507 3536 2571; x_wconf 87' lang='lat' dir='ltr'><strong>ausim,</strong></span> 
     </span>
    </p>
   </div>
   <div class='ocr_carea' id='block_1_57' title="bbox 1967 2595 3540 2666">
    <p class='ocr_par' dir='ltr' id='par_1_57' title="bbox 1967 2595 3540 2666">
     <span class='ocr_line' id='line_1_57' title="bbox 1967 2595 3540 2666; baseline 0.004 -20"><span class='ocrx_word' id='word_1_420' title='bbox 1967 2595 2270 2664; x_wconf 63' lang='lat' dir='ltr'><strong>praesertim</strong></span> <span class='ocrx_word' id='word_1_421' title='bbox 2306 2611 2428 2649; x_wconf 89' lang='lat' dir='ltr'><strong>cum</strong></span> <span class='ocrx_word' id='word_1_422' title='bbox 2479 2596 2634 2650; x_wconf 88' lang='lat' dir='ltr'><strong>multi</strong></span> <span class='ocrx_word' id='word_1_423' title='bbox 2684 2612 2749 2652; x_wconf 78' lang='lat' dir='ltr'><strong>ex</strong></span> <span class='ocrx_word' id='word_1_424' title='bbox 2783 2599 3043 2651; x_wconf 76' lang='lat' dir='ltr'><strong>fratribus</strong></span> <span class='ocrx_word' id='word_1_425' title='bbox 3087 2614 3208 2650; x_wconf 86' lang='lat' dir='ltr'><strong>cum</strong></span> <span class='ocrx_word' id='word_1_426' title='bbox 3243 2598 3418 2666; x_wconf 73' lang='lat' dir='ltr'><strong>magni</strong></span> <span class='ocrx_word' id='word_1_427' title='bbox 3457 2597 3540 2652; x_wconf 80' lang='lat' dir='ltr'><strong>la-</strong></span> 
     </span>
    </p>
   </div>
   <div class='ocr_carea' id='block_1_58' title="bbox 1967 2684 3540 2758">
    <p class='ocr_par' dir='ltr' id='par_1_58' title="bbox 1967 2684 3540 2758">
     <span class='ocr_line' id='line_1_58' title="bbox 1967 2684 3540 2758; baseline 0.004 -21"><span class='ocrx_word' id='word_1_428' title='bbox 1967 2686 2132 2739; x_wconf 86' lang='lat' dir='ltr'><strong>ciant.</strong></span> <span class='ocrx_word' id='word_1_429' title='bbox 2163 2684 2272 2738; x_wconf 87' lang='lat' dir='ltr'><strong>Sed</strong></span> <span class='ocrx_word' id='word_1_430' title='bbox 2302 2685 2611 2755; x_wconf 88' lang='lat' dir='ltr'><strong>hujusmodi</strong></span> <span class='ocrx_word' id='word_1_431' title='bbox 2645 2688 2711 2742; x_wconf 90' lang='lat' dir='ltr'><strong>de</strong></span> <span class='ocrx_word' id='word_1_432' title='bbox 2754 2687 2848 2742; x_wconf 92' lang='lat' dir='ltr'><strong>illo</strong></span> <span class='ocrx_word' id='word_1_433' title='bbox 2891 2689 3200 2756; x_wconf 86' lang='lat' dir='ltr'><strong>opinionem</strong></span> <span class='ocrx_word' id='word_1_434' title='bbox 3227 2689 3540 2758; x_wconf 80' lang='lat' dir='ltr'><strong>concipiens</strong></span> 
     </span>
    </p>
   </div>
   <div class='ocr_carea' id='block_1_59' title="bbox 1967 2777 3538 2849">
    <p class='ocr_par' dir='ltr' id='par_1_59' title="bbox 1967 2777 3538 2849">
     <span class='ocr_line' id='line_1_59' title="bbox 1967 2777 3538 2849; baseline 0.004 -21"><span class='ocrx_word' id='word_1_435' title='bbox 1967 2777 2122 2846; x_wconf 88' lang='lat' dir='ltr'><strong>quasi</strong></span> <span class='ocrx_word' id='word_1_436' title='bbox 2147 2792 2338 2832; x_wconf 85' lang='lat' dir='ltr'><strong>sensus</strong></span> <span class='ocrx_word' id='word_1_437' title='bbox 2367 2777 2472 2832; x_wconf 90' lang='lat' dir='ltr'><strong>mei</strong></span> <span class='ocrx_word' id='word_1_438' title='bbox 2507 2780 2722 2832; x_wconf 88' lang='lat' dir='ltr'><strong>modum</strong></span> <span class='ocrx_word' id='word_1_439' title='bbox 2751 2782 2980 2834; x_wconf 76' lang='lat' dir='ltr'><strong>excedat</strong></span> <span class='ocrx_word' id='word_1_440' title='bbox 3006 2820 3022 2846; x_wconf 92' lang='lat'><strong>,</strong></span> <span class='ocrx_word' id='word_1_441' title='bbox 3056 2795 3312 2834; x_wconf 87' lang='lat' dir='ltr'><strong>arcanam</strong></span> <span class='ocrx_word' id='word_1_442' title='bbox 3343 2796 3538 2849; x_wconf 83' lang='lat' dir='ltr'><strong>quam--</strong></span> 
     </span>
    </p>
   </div>
   <div class='ocr_carea' id='block_1_60' title="bbox 1966 2868 3539 2939">
    <p class='ocr_par' dir='ltr' id='par_1_60' title="bbox 1966 2868 3539 2939">
     <span class='ocr_line' id='line_1_60' title="bbox 1966 2868 3539 2939; baseline 0.004 -19"><span class='ocrx_word' id='word_1_443' title='bbox 1966 2869 2087 2920; x_wconf 89' lang='lat' dir='ltr'><strong>dam</strong></span> <span class='ocrx_word' id='word_1_444' title='bbox 2123 2868 2387 2937; x_wconf 85' lang='lat' dir='ltr'><strong>planeque</strong></span> <span class='ocrx_word' id='word_1_445' title='bbox 2429 2868 2806 2923; x_wconf 87' lang='lat' dir='ltr'><strong>admirabilem</strong></span> <span class='ocrx_word' id='word_1_446' title='bbox 2859 2870 3190 2939; x_wconf 80' lang='lat' dir='ltr'><strong>singularum</strong></span> <span class='ocrx_word' id='word_1_447' title='bbox 3234 2887 3416 2926; x_wconf 89' lang='lat' dir='ltr'><strong>rerum</strong></span> <span class='ocrx_word' id='word_1_448' title='bbox 3457 2872 3539 2926; x_wconf 85' lang='lat' dir='ltr'><strong>in-</strong></span> 
     </span>
    </p>
   </div>
   <div class='ocr_carea' id='block_1_61' title="bbox 1968 2958 3536 3032">
    <p class='ocr_par' dir='ltr' id='par_1_61' title="bbox 1968 2958 3536 3032">
     <span class='ocr_line' id='line_1_61' title="bbox 1968 2958 3536 3032; baseline 0.003 -20"><span class='ocrx_word' id='word_1_449' title='bbox 1968 2958 2320 3028; x_wconf 80' lang='lat' dir='ltr'><strong>telligentiam</strong></span> <span class='ocrx_word' id='word_1_450' title='bbox 2357 2959 2534 3015; x_wconf 88' lang='lat' dir='ltr'><strong>latere</strong></span> <span class='ocrx_word' id='word_1_451' title='bbox 2563 2961 2840 3016; x_wconf 84' lang='lat' dir='ltr'><strong>existimo.</strong></span> <span class='ocrx_word' id='word_1_452' title='bbox 2869 2960 3002 3014; x_wconf 87' lang='lat' dir='ltr'><strong>Nam</strong></span> <span class='ocrx_word' id='word_1_453' title='bbox 3028 2964 3129 3018; x_wconf 88' lang='lat' dir='ltr'><strong>etsi</strong></span> <span class='ocrx_word' id='word_1_454' title='bbox 3160 2964 3276 3032; x_wconf 86' lang='lat' dir='ltr'><strong>ipse</strong></span> <span class='ocrx_word' id='word_1_455' title='bbox 3315 2980 3422 3018; x_wconf 89' lang='lat' dir='ltr'><strong>non</strong></span> <span class='ocrx_word' id='word_1_456' title='bbox 3451 2963 3536 3017; x_wconf 88' lang='lat' dir='ltr'><strong>in-</strong></span> 
     </span>
    </p>
   </div>
   <div class='ocr_carea' id='block_1_62' title="bbox 302 3050 1864 3151">
    <p class='ocr_par' dir='ltr' id='par_1_62' title="bbox 302 3055 1863 3143">
     <span class='ocr_line' id='line_1_62' title="bbox 302 3055 1863 3143; baseline 0.006 -35"><span class='ocrx_word' id='word_1_457' title='bbox 302 3057 421 3109; x_wconf 73' lang='grc' dir='ltr'>Ἐπὶ</span> <span class='ocrx_word' id='word_1_458' title='bbox 446 3055 656 3119; x_wconf 83' lang='grc' dir='ltr'>τούτοις</span> <span class='ocrx_word' id='word_1_459' title='bbox 682 3058 782 3128; x_wconf 83' lang='grc' dir='ltr'>τὴν</span> <span class='ocrx_word' id='word_1_460' title='bbox 807 3057 934 3127; x_wconf 87' lang='grc' dir='ltr'>ὃλην</span> <span class='ocrx_word' id='word_1_461' title='bbox 969 3060 1067 3130; x_wconf 88' lang='grc' dir='ltr'><strong>τῆς</strong></span> <span class='ocrx_word' id='word_1_462' title='bbox 1110 3059 1529 3143; x_wconf 66' lang='grc' dir='ltr'>Ἀποκαλύψεως</span> <span class='ocrx_word' id='word_1_463' title='bbox 1572 3061 1863 3131; x_wconf 83' lang='grc' dir='ltr'>βασανίσας</span> 
     </span>
    </p>
   </div>
   <div class='ocr_carea' id='block_1_63' title="bbox 1967 3050 3536 3151">
    <p class='ocr_par' dir='ltr' id='par_1_63' title="bbox 1970 3050 3536 3122">
     <span class='ocr_line' id='line_1_63' title="bbox 1970 3050 3536 3122; baseline 0.004 -19"><span class='ocrx_word' id='word_1_464' title='bbox 1970 3050 2154 3120; x_wconf 77' lang='lat' dir='ltr'><strong>telligo</strong></span> <span class='ocrx_word' id='word_1_465' title='bbox 2181 3091 2196 3116; x_wconf 92' lang='lat'><strong>,</strong></span> <span class='ocrx_word' id='word_1_466' title='bbox 2229 3053 2476 3120; x_wconf 90' lang='lat' dir='ltr'><strong>suspicor</strong></span> <span class='ocrx_word' id='word_1_467' title='bbox 2507 3063 2685 3106; x_wconf 89' lang='lat' dir='ltr'><strong>tamen</strong></span> <span class='ocrx_word' id='word_1_468' title='bbox 2718 3053 2968 3107; x_wconf 88' lang='lat' dir='ltr'><strong>altiorem</strong></span> <span class='ocrx_word' id='word_1_469' title='bbox 2999 3054 3284 3122; x_wconf 88' lang='lat' dir='ltr'><strong>quemdam</strong></span> <span class='ocrx_word' id='word_1_470' title='bbox 3317 3070 3536 3109; x_wconf 82' lang='lat' dir='ltr'><strong>sensum</strong></span> 
     </span>
    </p>
   </div>
   <div class='ocr_carea' id='block_1_64' title="bbox 288 3148 1865 3224">
    <p class='ocr_par' dir='ltr' id='par_1_64' title="bbox 288 3148 1865 3224">
     <span class='ocr_line' id='line_1_64' title="bbox 288 3148 1865 3224; baseline 0.004 -22"><span class='ocrx_word' id='word_1_471' title='bbox 288 3150 504 3219; x_wconf 76' lang='grc' dir='ltr'>γραφὴν</span> <span class='ocrx_word' id='word_1_472' title='bbox 524 3189 538 3212; x_wconf 96' lang='grc'><strong>,</strong></span> <span class='ocrx_word' id='word_1_473' title='bbox 574 3148 833 3203; x_wconf 87' lang='grc' dir='ltr'>ἀδύνατον</span> <span class='ocrx_word' id='word_1_474' title='bbox 883 3149 939 3202; x_wconf 85' lang='grc' dir='ltr'>δὲ</span> <span class='ocrx_word' id='word_1_475' title='bbox 967 3150 1134 3221; x_wconf 78' lang='grc' dir='ltr'>αὐτὴν</span> <span class='ocrx_word' id='word_1_476' title='bbox 1158 3151 1301 3204; x_wconf 81' lang='grc' dir='ltr'>κατὰ</span> <span class='ocrx_word' id='word_1_477' title='bbox 1315 3152 1410 3222; x_wconf 78' lang='grc' dir='ltr'>τὴν</span> <span class='ocrx_word' id='word_1_478' title='bbox 1434 3153 1718 3224; x_wconf 80' lang='grc' dir='ltr'>πρόχειρον</span> <span class='ocrx_word' id='word_1_479' title='bbox 1740 3155 1865 3208; x_wconf 83' lang='grc' dir='ltr'>ἀπο-</span> 
     </span>
    </p>
   </div>
   <div class='ocr_carea' id='block_1_65' title="bbox 285 3239 1865 3314">
    <p class='ocr_par' dir='ltr' id='par_1_65' title="bbox 285 3239 1865 3314">
     <span class='ocr_line' id='line_1_65' title="bbox 285 3239 1865 3314; baseline 0.004 -22"><span class='ocrx_word' id='word_1_480' title='bbox 285 3239 464 3304; x_wconf 75' lang='grc' dir='ltr'>δείξας</span> <span class='ocrx_word' id='word_1_481' title='bbox 491 3239 728 3295; x_wconf 86' lang='grc' dir='ltr'>νοεῖσθαι</span> <span class='ocrx_word' id='word_1_482' title='bbox 753 3241 1010 3307; x_wconf 87' lang='grc' dir='ltr'>διάνοιαν,</span> <span class='ocrx_word' id='word_1_483' title='bbox 1043 3243 1293 3314; x_wconf 76' lang='grc' dir='ltr'>ἐπιφέρει</span> <span class='ocrx_word' id='word_1_484' title='bbox 1321 3242 1495 3310; x_wconf 84' lang='grc' dir='ltr'>λέγων</span> <span class='ocrx_word' id='word_1_485' title='bbox 1516 3261 1528 3272; x_wconf 91' lang='grc'><strong>·</strong></span> <span class='ocrx_word' id='word_1_486' title='bbox 1557 3263 1575 3295; x_wconf 86' lang='lat' dir='ltr'><strong>t</strong></span> <span class='ocrx_word' id='word_1_487' title='bbox 1611 3245 1865 3298; x_wconf 83' lang='grc' dir='ltr'>Συντελέ-</span> 
     </span>
    </p>
   </div>
   <div class='ocr_carea' id='block_1_66' title="bbox 289 3332 1861 3411">
    <p class='ocr_par' dir='ltr' id='par_1_66' title="bbox 289 3332 1861 3411">
     <span class='ocr_line' id='line_1_66' title="bbox 289 3332 1861 3411; baseline 0.004 -27"><span class='ocrx_word' id='word_1_488' title='bbox 289 3348 386 3395; x_wconf 81' lang='grc' dir='ltr'><strong>σας</strong></span> <span class='ocrx_word' id='word_1_489' title='bbox 412 3332 477 3402; x_wconf 83' lang='grc' dir='ltr'><strong>δὴ</strong></span> <span class='ocrx_word' id='word_1_490' title='bbox 506 3334 704 3400; x_wconf 80' lang='grc' dir='ltr'>πᾶσαν,</span> <span class='ocrx_word' id='word_1_491' title='bbox 727 3334 801 3396; x_wconf 83' lang='grc' dir='ltr'>ὡς</span> <span class='ocrx_word' id='word_1_492' title='bbox 827 3337 1020 3399; x_wconf 82' lang='grc' dir='ltr'>είπεῖν,</span> <span class='ocrx_word' id='word_1_493' title='bbox 1049 3335 1148 3406; x_wconf 75' lang='grc' dir='ltr'>τὴν</span> <span class='ocrx_word' id='word_1_494' title='bbox 1182 3337 1541 3406; x_wconf 75' lang='grc' dir='ltr'>προφητείαν,</span> <span class='ocrx_word' id='word_1_495' title='bbox 1571 3337 1861 3411; x_wconf 77' lang='grc' dir='ltr'>μακαρίζει</span> 
     </span>
    </p>
   </div>
   <div class='ocr_carea' id='block_1_67' title="bbox 283 3422 1862 3497">
    <p class='ocr_par' dir='ltr' id='par_1_67' title="bbox 283 3422 1862 3497">
     <span class='ocr_line' id='line_1_67' title="bbox 283 3422 1862 3497; baseline 0.004 -24"><span class='ocrx_word' id='word_1_496' title='bbox 283 3422 311 3473; x_wconf 81' lang='grc' dir='ltr'>ὁ</span> <span class='ocrx_word' id='word_1_497' title='bbox 339 3425 626 3494; x_wconf 80' lang='grc' dir='ltr'>προφήτης</span> <span class='ocrx_word' id='word_1_498' title='bbox 651 3423 774 3486; x_wconf 87' lang='grc' dir='ltr'>τούς</span> <span class='ocrx_word' id='word_1_499' title='bbox 810 3441 870 3476; x_wconf 87' lang='grc' dir='ltr'><strong>τε</strong></span> <span class='ocrx_word' id='word_1_500' title='bbox 909 3424 1276 3494; x_wconf 85' lang='grc' dir='ltr'>φυλάσσοντας</span> <span class='ocrx_word' id='word_1_501' title='bbox 1311 3424 1510 3496; x_wconf 76' lang='grc' dir='ltr'>αὐτὴν,</span> <span class='ocrx_word' id='word_1_502' title='bbox 1547 3427 1638 3478; x_wconf 69' lang='grc' dir='ltr'>καὶ</span> <span class='ocrx_word' id='word_1_503' title='bbox 1665 3426 1728 3497; x_wconf 80' lang='grc' dir='ltr'><strong>δὴ</strong></span> <span class='ocrx_word' id='word_1_504' title='bbox 1770 3427 1862 3479; x_wconf 77' lang='grc' dir='ltr'>καὶ</span> 
     </span>
    </p>
   </div>
   <div class='ocr_carea' id='block_1_68' title="bbox 284 3515 1861 3588">
    <p class='ocr_par' dir='ltr' id='par_1_68' title="bbox 284 3515 1861 3588">
     <span class='ocr_line' id='line_1_68' title="bbox 284 3515 1861 3588; baseline 0.001 -22"><span class='ocrx_word' id='word_1_505' title='bbox 284 3515 492 3567; x_wconf 78' lang='grc' dir='ltr'>ἑαυτόν.</span> <span class='ocrx_word' id='word_1_506' title='bbox 516 3534 534 3566; x_wconf 78' lang='lat' dir='ltr'><strong>t</strong></span> <span class='ocrx_word' id='word_1_507' title='bbox 549 3515 832 3588; x_wconf 80' lang='grc' dir='ltr'>Μακάριος</span> <span class='ocrx_word' id='word_1_508' title='bbox 844 3515 972 3587; x_wconf 79' lang='grc' dir='ltr'>γὰρ,</span> <span class='ocrx_word' id='word_1_509' title='bbox 991 3533 1063 3587; x_wconf 78' lang='grc' dir='ltr'><strong>φη</strong></span> <span class='ocrx_word' id='word_1_510' title='bbox 1073 3515 1176 3580; x_wconf 65' lang='grc' dir='ltr'>σίν,</span> <span class='ocrx_word' id='word_1_511' title='bbox 1191 3517 1219 3568; x_wconf 89' lang='grc' dir='ltr'><strong>ό</strong></span> <span class='ocrx_word' id='word_1_512' title='bbox 1236 3517 1414 3588; x_wconf 85' lang='grc' dir='ltr'>τηρῶν</span> <span class='ocrx_word' id='word_1_513' title='bbox 1427 3517 1552 3580; x_wconf 73' lang='grc' dir='ltr'>τοὺς</span> <span class='ocrx_word' id='word_1_514' title='bbox 1564 3515 1750 3584; x_wconf 85' lang='grc' dir='ltr'>λόγους</span> <span class='ocrx_word' id='word_1_515' title='bbox 1760 3516 1861 3586; x_wconf 89' lang='grc' dir='ltr'><strong>τῆς</strong></span> 
     </span>
    </p>
   </div>
   <div class='ocr_carea' id='block_1_69' title="bbox 282 3587 1861 3676">
    <p class='ocr_par' dir='ltr' id='par_1_69' title="bbox 282 3587 1861 3676">
     <span class='ocr_line' id='line_1_69' title="bbox 282 3587 1861 3676; baseline 0.003 -20"><span class='ocrx_word' id='word_1_516' title='bbox 282 3587 739 3676; x_wconf 55' lang='grc' dir='ltr'>προσητείαςτοῦ</span> <span class='ocrx_word' id='word_1_517' title='bbox 773 3605 974 3674; x_wconf 77' lang='grc' dir='ltr'>βιϐλίου</span> <span class='ocrx_word' id='word_1_518' title='bbox 1007 3606 1198 3660; x_wconf 83' lang='grc' dir='ltr'>τούτου</span> <span class='ocrx_word' id='word_1_519' title='bbox 1226 3624 1238 3638; x_wconf 71' lang='grc' dir='ltr'><strong>ν</strong></span> <span class='ocrx_word' id='word_1_520' title='bbox 1281 3627 1298 3658; x_wconf 84' lang='grc'><strong>›</strong></span> <span class='ocrx_word' id='word_1_521' title='bbox 1341 3605 1496 3675; x_wconf 85' lang='grc' dir='ltr'>κάγὼ</span> <span class='ocrx_word' id='word_1_522' title='bbox 1543 3607 1792 3676; x_wconf 82' lang='grc' dir='ltr'>Ἰωάννης</span> <span class='ocrx_word' id='word_1_523' title='bbox 1833 3609 1861 3660; x_wconf 76' lang='grc' dir='ltr'><strong>ό</strong></span> 
     </span>
    </p>
   </div>
   <div class='ocr_carea' id='block_1_70' title="bbox 285 3693 1859 3769">
    <p class='ocr_par' dir='ltr' id='par_1_70' title="bbox 285 3693 1859 3769">
     <span class='ocr_line' id='line_1_70' title="bbox 285 3693 1859 3769; baseline 0.001 -23"><span class='ocrx_word' id='word_1_524' title='bbox 285 3695 493 3768; x_wconf 85' lang='grc' dir='ltr'>βλέπων</span> <span class='ocrx_word' id='word_1_525' title='bbox 526 3697 621 3749; x_wconf 72' lang='grc' dir='ltr'><strong>καὶ</strong></span> <span class='ocrx_word' id='word_1_526' title='bbox 645 3698 858 3751; x_wconf 85' lang='grc' dir='ltr'>ἀκούων</span> <span class='ocrx_word' id='word_1_527' title='bbox 881 3697 1074 3752; x_wconf 86' lang='grc' dir='ltr'>ταῦτα.</span> <span class='ocrx_word' id='word_1_528' title='bbox 1107 3696 1403 3751; x_wconf 84' lang='grc' dir='ltr'>Καλεῖσθαι</span> <span class='ocrx_word' id='word_1_529' title='bbox 1449 3697 1547 3769; x_wconf 76' lang='grc' dir='ltr'><strong>μὲν</strong></span> <span class='ocrx_word' id='word_1_530' title='bbox 1573 3693 1665 3750; x_wconf 81' lang='grc' dir='ltr'>οὖν</span> <span class='ocrx_word' id='word_1_531' title='bbox 1700 3697 1859 3749; x_wconf 81' lang='grc' dir='ltr'>αὑτὸν</span> 
     </span>
    </p>
   </div>
   <div class='ocr_carea' id='block_1_71' title="bbox 293 3786 1859 3863">
    <p class='ocr_par' dir='ltr' id='par_1_71' title="bbox 293 3786 1859 3863">
     <span class='ocr_line' id='line_1_71' title="bbox 293 3786 1859 3863; baseline 0.001 -21"><span class='ocrx_word' id='word_1_532' title='bbox 293 3789 565 3859; x_wconf 81' lang='grc' dir='ltr'>Ἰωάννην,</span> <span class='ocrx_word' id='word_1_533' title='bbox 599 3791 694 3844; x_wconf 76' lang='grc' dir='ltr'><strong>καὶ</strong></span> <span class='ocrx_word' id='word_1_534' title='bbox 715 3786 852 3843; x_wconf 70' lang='grc' dir='ltr'>εἶναι</span> <span class='ocrx_word' id='word_1_535' title='bbox 876 3791 975 3862; x_wconf 77' lang='grc' dir='ltr'><strong>τὴν</strong></span> <span class='ocrx_word' id='word_1_536' title='bbox 1004 3791 1219 3863; x_wconf 67' lang='grc' dir='ltr'>γραφὴν</span> <span class='ocrx_word' id='word_1_537' title='bbox 1243 3792 1488 3844; x_wconf 86' lang='grc' dir='ltr'>Ἰωάννου</span> <span class='ocrx_word' id='word_1_538' title='bbox 1517 3790 1739 3862; x_wconf 85' lang='grc' dir='ltr'>ταύτην,</span> <span class='ocrx_word' id='word_1_539' title='bbox 1762 3792 1859 3843; x_wconf 77' lang='grc' dir='ltr'><strong>οὐκ</strong></span> 
     </span>
    </p>
   </div>
   <div class='ocr_carea' id='block_1_72' title="bbox 281 3878 1858 3953">
    <p class='ocr_par' dir='ltr' id='par_1_72' title="bbox 281 3878 1858 3953">
     <span class='ocr_line' id='line_1_72' title="bbox 281 3878 1858 3953; baseline 0.002 -21"><span class='ocrx_word' id='word_1_540' title='bbox 281 3880 511 3951; x_wconf 87' lang='grc' dir='ltr'>ἀντερῶ.</span> <span class='ocrx_word' id='word_1_541' title='bbox 558 3883 737 3950; x_wconf 78' lang='grc' dir='ltr'>Ἅγίου</span> <span class='ocrx_word' id='word_1_542' title='bbox 776 3882 874 3953; x_wconf 80' lang='grc' dir='ltr'><strong>μὲν</strong></span> <span class='ocrx_word' id='word_1_543' title='bbox 903 3882 1010 3952; x_wconf 82' lang='grc' dir='ltr'>γὰρ</span> <span class='ocrx_word' id='word_1_544' title='bbox 1038 3878 1175 3936; x_wconf 78' lang='grc' dir='ltr'>εἶναί</span> <span class='ocrx_word' id='word_1_545' title='bbox 1203 3898 1347 3944; x_wconf 86' lang='grc' dir='ltr'>τινος</span> <span class='ocrx_word' id='word_1_546' title='bbox 1382 3883 1477 3936; x_wconf 79' lang='grc' dir='ltr'>καὶ</span> <span class='ocrx_word' id='word_1_547' title='bbox 1503 3881 1858 3935; x_wconf 83' lang='grc' dir='ltr'>θεοπνεύστου</span> 
     </span>
    </p>
   </div>
   <div class='ocr_carea' id='block_1_73' title="bbox 284 3970 1859 4047">
    <p class='ocr_par' dir='ltr' id='par_1_73' title="bbox 284 3970 1859 4047">
     <span class='ocr_line' id='line_1_73' title="bbox 284 3970 1859 4047; baseline 0.002 -23"><span class='ocrx_word' id='word_1_548' title='bbox 284 3971 540 4027; x_wconf 86' lang='grc' dir='ltr'>συναινῶ.</span> <span class='ocrx_word' id='word_1_549' title='bbox 576 3974 651 4027; x_wconf 83' lang='grc' dir='ltr'>Ού</span> <span class='ocrx_word' id='word_1_550' title='bbox 696 3975 801 4047; x_wconf 84' lang='grc' dir='ltr'><strong>μὴν</strong></span> <span class='ocrx_word' id='word_1_551' title='bbox 837 3975 1033 4046; x_wconf 75' lang='grc' dir='ltr'>ῥᾳδίως</span> <span class='ocrx_word' id='word_1_552' title='bbox 1073 3975 1139 4030; x_wconf 82' lang='grc' dir='ltr'><strong>ἂν</strong></span> <span class='ocrx_word' id='word_1_553' title='bbox 1182 3975 1473 4046; x_wconf 90' lang='grc' dir='ltr'>συνθείμην</span> <span class='ocrx_word' id='word_1_554' title='bbox 1500 3973 1688 4027; x_wconf 86' lang='grc' dir='ltr'>τοῦτον</span> <span class='ocrx_word' id='word_1_555' title='bbox 1722 3970 1859 4028; x_wconf 75' lang='grc' dir='ltr'>εἶναι</span> 
     </span>
    </p>
   </div>
   <div class='ocr_carea' id='block_1_74' title="bbox 278 4065 1861 4136">
    <p class='ocr_par' dir='ltr' id='par_1_74' title="bbox 278 4065 1861 4136">
     <span class='ocr_line' id='line_1_74' title="bbox 278 4065 1861 4136; baseline 0.003 -20"><span class='ocrx_word' id='word_1_556' title='bbox 278 4065 370 4118; x_wconf 73' lang='grc' dir='ltr'><strong>τὸν</strong></span> <span class='ocrx_word' id='word_1_557' title='bbox 408 4066 724 4132; x_wconf 84' lang='grc' dir='ltr'>ἀπόστολον,</span> <span class='ocrx_word' id='word_1_558' title='bbox 750 4066 841 4121; x_wconf 84' lang='grc' dir='ltr'><strong>τὸν</strong></span> <span class='ocrx_word' id='word_1_559' title='bbox 875 4068 987 4120; x_wconf 86' lang='grc' dir='ltr'>υἱὸν</span> <span class='ocrx_word' id='word_1_560' title='bbox 1027 4067 1333 4132; x_wconf 78' lang='grc' dir='ltr'>Ζεϐεδαίου,</span> <span class='ocrx_word' id='word_1_561' title='bbox 1363 4067 1452 4120; x_wconf 81' lang='grc' dir='ltr'><strong>τὸν</strong></span> <span class='ocrx_word' id='word_1_562' title='bbox 1497 4066 1723 4136; x_wconf 75' lang='grc' dir='ltr'>ἀδελφὸν</span> <span class='ocrx_word' id='word_1_563' title='bbox 1765 4069 1861 4120; x_wconf 83' lang='grc' dir='ltr'>Ἰα-</span> 
     </span>
    </p>
   </div>
   <div class='ocr_carea' id='block_1_75' title="bbox 281 4151 1860 4229">
    <p class='ocr_par' dir='ltr' id='par_1_75' title="bbox 281 4151 1860 4229">
     <span class='ocr_line' id='line_1_75' title="bbox 281 4151 1860 4229; baseline 0.001 -19"><span class='ocrx_word' id='word_1_564' title='bbox 281 4155 460 4210; x_wconf 78' lang='grc' dir='ltr'>κώὸου</span> <span class='ocrx_word' id='word_1_565' title='bbox 483 4197 498 4219; x_wconf 90' lang='grc'><strong>,</strong></span> <span class='ocrx_word' id='word_1_566' title='bbox 534 4151 594 4212; x_wconf 80' lang='grc' dir='ltr'><strong>οῦ</strong></span> <span class='ocrx_word' id='word_1_567' title='bbox 631 4159 692 4211; x_wconf 85' lang='grc' dir='ltr'><strong>τὸ</strong></span> <span class='ocrx_word' id='word_1_568' title='bbox 720 4159 1048 4227; x_wconf 84' lang='grc' dir='ltr'>Εὑαγγέλιον</span> <span class='ocrx_word' id='word_1_569' title='bbox 1093 4161 1154 4211; x_wconf 86' lang='grc' dir='ltr'><strong>τὸ</strong></span> <span class='ocrx_word' id='word_1_570' title='bbox 1193 4159 1332 4212; x_wconf 88' lang='grc' dir='ltr'><strong>κατά</strong></span> <span class='ocrx_word' id='word_1_571' title='bbox 1375 4159 1624 4229; x_wconf 87' lang='grc' dir='ltr'>Ἰωάννην</span> <span class='ocrx_word' id='word_1_572' title='bbox 1677 4160 1860 4227; x_wconf 76' lang='grc' dir='ltr'>ἐπιγε-</span> 
     </span>
    </p>
   </div>
   <div class='ocr_carea' id='block_1_76' title="bbox 279 4249 1858 4323">
    <p class='ocr_par' dir='ltr' id='par_1_76' title="bbox 279 4249 1858 4323">
     <span class='ocr_line' id='line_1_76' title="bbox 279 4249 1858 4323; baseline 0.004 -24"><span class='ocrx_word' id='word_1_573' title='bbox 279 4249 618 4319; x_wconf 87' lang='grc' dir='ltr'>γραμμένον,</span> <span class='ocrx_word' id='word_1_574' title='bbox 639 4251 734 4304; x_wconf 72' lang='grc' dir='ltr'>καὶ</span> <span class='ocrx_word' id='word_1_575' title='bbox 759 4251 1091 4322; x_wconf 82' lang='grc' dir='ltr'>ὴἘπιστολὴ</span> <span class='ocrx_word' id='word_1_576' title='bbox 1109 4253 1141 4321; x_wconf 88' lang='grc' dir='ltr'>ή</span> <span class='ocrx_word' id='word_1_577' title='bbox 1160 4250 1452 4322; x_wconf 85' lang='grc' dir='ltr'>Καθολική.</span> <span class='ocrx_word' id='word_1_578' title='bbox 1479 4251 1858 4323; x_wconf 85' lang='grc' dir='ltr'>Τεκμαίρομαι</span> 
     </span>
    </p>
   </div>
   <div class='ocr_carea' id='block_1_77' title="bbox 279 4339 1855 4415">
    <p class='ocr_par' dir='ltr' id='par_1_77' title="bbox 279 4339 1855 4415">
     <span class='ocr_line' id='line_1_77' title="bbox 279 4339 1855 4415; baseline 0.003 -23"><span class='ocrx_word' id='word_1_579' title='bbox 279 4339 388 4410; x_wconf 76' lang='grc' dir='ltr'><strong>γὰρ</strong></span> <span class='ocrx_word' id='word_1_580' title='bbox 423 4339 487 4393; x_wconf 77' lang='grc' dir='ltr'>ἐκ</span> <span class='ocrx_word' id='word_1_581' title='bbox 514 4358 573 4394; x_wconf 90' lang='grc' dir='ltr'><strong>τε</strong></span> <span class='ocrx_word' id='word_1_582' title='bbox 614 4341 706 4394; x_wconf 92' lang='grc' dir='ltr'><strong>τοῦ</strong></span> <span class='ocrx_word' id='word_1_583' title='bbox 743 4341 895 4406; x_wconf 78' lang='grc' dir='ltr'>ἔθους</span> <span class='ocrx_word' id='word_1_584' title='bbox 946 4343 1241 4415; x_wconf 79' lang='grc' dir='ltr'>ἑκατέρων,</span> <span class='ocrx_word' id='word_1_585' title='bbox 1280 4342 1373 4396; x_wconf 75' lang='grc' dir='ltr'><strong>καὶ</strong></span> <span class='ocrx_word' id='word_1_586' title='bbox 1406 4341 1498 4394; x_wconf 87' lang='grc' dir='ltr'><strong>τοῦ</strong></span> <span class='ocrx_word' id='word_1_587' title='bbox 1533 4342 1640 4396; x_wconf 79' lang='grc' dir='ltr'><strong>τῶν</strong></span> <span class='ocrx_word' id='word_1_588' title='bbox 1685 4343 1855 4412; x_wconf 89' lang='grc' dir='ltr'>λόγων</span> 
     </span>
    </p>
   </div>
   <div class='ocr_carea' id='block_1_78' title="bbox 1967 3144 3540 3215">
    <p class='ocr_par' dir='ltr' id='par_1_78' title="bbox 1967 3144 3540 3215">
     <span class='ocr_line' id='line_1_78' title="bbox 1967 3144 3540 3215; baseline 0.003 -19"><span class='ocrx_word' id='word_1_589' title='bbox 1967 3144 2144 3197; x_wconf 88' lang='lat' dir='ltr'><strong>verbis</strong></span> <span class='ocrx_word' id='word_1_590' title='bbox 2173 3144 2417 3200; x_wconf 89' lang='lat' dir='ltr'><strong>subesse.</strong></span> <span class='ocrx_word' id='word_1_591' title='bbox 2450 3145 2637 3215; x_wconf 89' lang='lat' dir='ltr'><strong>anue</strong></span> <span class='ocrx_word' id='word_1_592' title='bbox 2681 3161 2789 3199; x_wconf 90' lang='lat' dir='ltr'><strong>non</strong></span> <span class='ocrx_word' id='word_1_593' title='bbox 2828 3161 2945 3199; x_wconf 90' lang='lat' dir='ltr'><strong>meo</strong></span> <span class='ocrx_word' id='word_1_594' title='bbox 2987 3146 3156 3212; x_wconf 88' lang='lat' dir='ltr'><strong>ipsius</strong></span> <span class='ocrx_word' id='word_1_595' title='bbox 3190 3144 3397 3214; x_wconf 86' lang='lat' dir='ltr'><strong>judicio</strong></span> <span class='ocrx_word' id='word_1_596' title='bbox 3427 3163 3540 3202; x_wconf 85' lang='lat' dir='ltr'><strong>me-</strong></span> 
     </span>
    </p>
   </div>
   <div class='ocr_carea' id='block_1_79' title="bbox 1968 3233 3541 3305">
    <p class='ocr_par' dir='ltr' id='par_1_79' title="bbox 1968 3233 3541 3305">
     <span class='ocr_line' id='line_1_79' title="bbox 1968 3233 3541 3305; baseline 0.006 -20"><span class='ocrx_word' id='word_1_597' title='bbox 1968 3233 2070 3286; x_wconf 82' lang='lat' dir='ltr'><strong>tt‘or</strong></span> <span class='ocrx_word' id='word_1_598' title='bbox 2105 3248 2269 3303; x_wconf 88' lang='lat' dir='ltr'><strong>atque</strong></span> <span class='ocrx_word' id='word_1_599' title='bbox 2305 3236 2514 3290; x_wconf 67' lang='lat' dir='ltr'><strong>aastimo</strong></span> <span class='ocrx_word' id='word_1_600' title='bbox 2547 3257 2560 3290; x_wconf 90' lang='lat'><strong>:</strong></span> <span class='ocrx_word' id='word_1_601' title='bbox 2598 3238 2693 3290; x_wconf 92' lang='lat' dir='ltr'><strong>sed</strong></span> <span class='ocrx_word' id='word_1_602' title='bbox 2729 3235 2852 3305; x_wconf 91' lang='lat' dir='ltr'><strong>plus</strong></span> <span class='ocrx_word' id='word_1_603' title='bbox 2897 3237 3020 3290; x_wconf 88' lang='lat' dir='ltr'><strong>lidei</strong></span> <span class='ocrx_word' id='word_1_604' title='bbox 3066 3239 3331 3304; x_wconf 88' lang='lat' dir='ltr'><strong>tribuens,</strong></span> <span class='ocrx_word' id='word_1_605' title='bbox 3371 3239 3541 3295; x_wconf 81' lang='lat' dir='ltr'><strong>subli-</strong></span> 
     </span>
    </p>
   </div>
   <div class='ocr_carea' id='block_1_80' title="bbox 1964 3327 3539 3401">
    <p class='ocr_par' dir='ltr' id='par_1_80' title="bbox 1964 3327 3539 3401">
     <span class='ocr_line' id='line_1_80' title="bbox 1964 3327 3539 3401; baseline 0.004 -21"><span class='ocrx_word' id='word_1_606' title='bbox 1964 3327 2134 3381; x_wconf 88' lang='lat' dir='ltr'><strong>miora</strong></span> <span class='ocrx_word' id='word_1_607' title='bbox 2168 3342 2286 3383; x_wconf 90' lang='lat' dir='ltr'><strong>esse</strong></span> <span class='ocrx_word' id='word_1_608' title='bbox 2316 3343 2514 3383; x_wconf 89' lang='lat' dir='ltr'><strong>censeo</strong></span> <span class='ocrx_word' id='word_1_609' title='bbox 2535 3344 2698 3398; x_wconf 87' lang='lat' dir='ltr'><strong>quam</strong></span> <span class='ocrx_word' id='word_1_610' title='bbox 2734 3340 2791 3382; x_wconf 92' lang='lat' dir='ltr'><strong>ut</strong></span> <span class='ocrx_word' id='word_1_611' title='bbox 2821 3345 2850 3382; x_wconf 86' lang='lat' dir='ltr'><strong>a</strong></span> <span class='ocrx_word' id='word_1_612' title='bbox 2885 3345 2973 3384; x_wconf 88' lang='lat' dir='ltr'><strong>me</strong></span> <span class='ocrx_word' id='word_1_613' title='bbox 3004 3332 3392 3401; x_wconf 87' lang='lat' dir='ltr'><strong>percipiantur.</strong></span> <span class='ocrx_word' id='word_1_614' title='bbox 3429 3331 3539 3387; x_wconf 81' lang='lat' dir='ltr'><strong>Nec</strong></span> 
     </span>
    </p>
   </div>
   <div class='ocr_carea' id='block_1_81' title="bbox 1962 3419 3538 3492">
    <p class='ocr_par' dir='ltr' id='par_1_81' title="bbox 1962 3419 3538 3492">
     <span class='ocr_line' id='line_1_81' title="bbox 1962 3419 3538 3492; baseline 0.003 -20"><span class='ocrx_word' id='word_1_615' title='bbox 1962 3432 2028 3473; x_wconf 89' lang='lat' dir='ltr'><strong>ea</strong></span> <span class='ocrx_word' id='word_1_616' title='bbox 2079 3423 2386 3476; x_wconf 88' lang='lat' dir='ltr'><strong>condemno</strong></span> <span class='ocrx_word' id='word_1_617' title='bbox 2424 3435 2547 3490; x_wconf 67' lang='lat' dir='ltr'><strong>quae</strong></span> <span class='ocrx_word' id='word_1_618' title='bbox 2599 3419 2910 3490; x_wconf 73' lang='lat' dir='ltr'><strong>intelligere</strong></span> <span class='ocrx_word' id='word_1_619' title='bbox 2958 3437 3065 3476; x_wconf 91' lang='lat' dir='ltr'><strong>non</strong></span> <span class='ocrx_word' id='word_1_620' title='bbox 3118 3423 3303 3492; x_wconf 87' lang='lat' dir='ltr'><strong>potui,</strong></span> <span class='ocrx_word' id='word_1_621' title='bbox 3349 3440 3538 3480; x_wconf 86' lang='lat' dir='ltr'><strong>verum</strong></span> 
     </span>
    </p>
   </div>
   <div class='ocr_carea' id='block_1_82' title="bbox 1963 3513 3533 3591">
    <p class='ocr_par' dir='ltr' id='par_1_82' title="bbox 1963 3513 3533 3591">
     <span class='ocr_line' id='line_1_82' title="bbox 1963 3513 3533 3591; baseline 0.005 -25"><span class='ocrx_word' id='word_1_622' title='bbox 1963 3513 2089 3567; x_wconf 90' lang='lat' dir='ltr'><strong>inde</strong></span> <span class='ocrx_word' id='word_1_623' title='bbox 2130 3515 2376 3570; x_wconf 89' lang='lat' dir='ltr'><strong>admiror</strong></span> <span class='ocrx_word' id='word_1_624' title='bbox 2409 3516 2586 3585; x_wconf 69' lang='lat' dir='ltr'><strong>magis</strong></span> <span class='ocrx_word' id='word_1_625' title='bbox 2622 3517 2766 3586; x_wconf 92' lang='lat' dir='ltr'><strong>quod</strong></span> <span class='ocrx_word' id='word_1_626' title='bbox 2813 3531 3013 3586; x_wconf 89' lang='lat' dir='ltr'><strong>capere</strong></span> <span class='ocrx_word' id='word_1_627' title='bbox 3063 3535 3166 3574; x_wconf 88' lang='lat' dir='ltr'><strong>non</strong></span> <span class='ocrx_word' id='word_1_628' title='bbox 3217 3535 3457 3591; x_wconf 84' lang='lat' dir='ltr'><strong>possunt.</strong></span> <span class='ocrx_word' id='word_1_629' title='bbox 3512 3539 3533 3574; x_wconf 70' lang='grc' dir='ltr'><strong>ι</strong></span> 
     </span>
    </p>
   </div>
   <div class='ocr_carea' id='block_1_83' title="bbox 1961 3604 3537 3677">
    <p class='ocr_par' dir='ltr' id='par_1_83' title="bbox 1961 3604 3537 3677">
     <span class='ocr_line' id='line_1_83' title="bbox 1961 3604 3537 3677; baseline 0.006 -19"><span class='ocrx_word' id='word_1_630' title='bbox 1961 3604 2090 3660; x_wconf 88' lang='lat' dir='ltr'><strong>Post</strong></span> <span class='ocrx_word' id='word_1_631' title='bbox 2146 3605 2262 3660; x_wconf 67' lang='lat' dir='ltr'><strong>haec</strong></span> <span class='ocrx_word' id='word_1_632' title='bbox 2319 3607 2532 3676; x_wconf 79' lang='lat' dir='ltr'><strong>integro</strong></span> <span class='ocrx_word' id='word_1_633' title='bbox 2585 3606 2960 3663; x_wconf 76' lang='lat' dir='ltr'><strong>Revelationis</strong></span> <span class='ocrx_word' id='word_1_634' title='bbox 2998 3610 3142 3664; x_wconf 91' lang='lat' dir='ltr'><strong>libro</strong></span> <span class='ocrx_word' id='word_1_635' title='bbox 3185 3617 3492 3667; x_wconf 84' lang='lat' dir='ltr'><strong>examinato</strong></span> <span class='ocrx_word' id='word_1_636' title='bbox 3520 3652 3537 3677; x_wconf 87' lang='lat'><strong>,</strong></span> 
     </span>
    </p>
   </div>
   <div class='ocr_carea' id='block_1_84' title="bbox 1961 3700 3538 3774">
    <p class='ocr_par' dir='ltr' id='par_1_84' title="bbox 1961 3700 3538 3774">
     <span class='ocr_line' id='line_1_84' title="bbox 1961 3700 3538 3774; baseline 0.005 -22"><span class='ocrx_word' id='word_1_637' title='bbox 1961 3707 2249 3767; x_wconf 87' lang='lat' dir='ltr'><strong>postquam</strong></span> <span class='ocrx_word' id='word_1_638' title='bbox 2297 3700 2644 3768; x_wconf 89' lang='lat' dir='ltr'><strong>apertissime</strong></span> <span class='ocrx_word' id='word_1_639' title='bbox 2677 3701 2935 3766; x_wconf 87' lang='lat' dir='ltr'><strong>ostendit,</strong></span> <span class='ocrx_word' id='word_1_640' title='bbox 2977 3717 3100 3756; x_wconf 91' lang='lat' dir='ltr'><strong>eum</strong></span> <span class='ocrx_word' id='word_1_641' title='bbox 3123 3719 3350 3774; x_wconf 89' lang='lat' dir='ltr'><strong>prorsus</strong></span> <span class='ocrx_word' id='word_1_642' title='bbox 3376 3705 3538 3760; x_wconf 87' lang='lat' dir='ltr'><strong>intel-</strong></span> 
     </span>
    </p>
   </div>
   <div class='ocr_carea' id='block_1_85' title="bbox 1961 3791 3539 3862">
    <p class='ocr_par' dir='ltr' id='par_1_85' title="bbox 1961 3791 3539 3862">
     <span class='ocr_line' id='line_1_85' title="bbox 1961 3791 3539 3862; baseline 0.006 -19"><span class='ocrx_word' id='word_1_643' title='bbox 1961 3791 2051 3860; x_wconf 84' lang='lat' dir='ltr'><strong>ligi</strong></span> <span class='ocrx_word' id='word_1_644' title='bbox 2085 3806 2188 3845; x_wconf 93' lang='lat' dir='ltr'><strong>non</strong></span> <span class='ocrx_word' id='word_1_645' title='bbox 2216 3805 2376 3860; x_wconf 89' lang='lat' dir='ltr'><strong>posse</strong></span> <span class='ocrx_word' id='word_1_646' title='bbox 2395 3792 2552 3862; x_wconf 79' lang='lat' dir='ltr'><strong>juxta</strong></span> <span class='ocrx_word' id='word_1_647' title='bbox 2592 3793 2815 3847; x_wconf 91' lang='lat' dir='ltr'><strong>obvium</strong></span> <span class='ocrx_word' id='word_1_648' title='bbox 2843 3795 3132 3848; x_wconf 90' lang='lat' dir='ltr'><strong>verborum</strong></span> <span class='ocrx_word' id='word_1_649' title='bbox 3157 3812 3400 3862; x_wconf 88' lang='lat' dir='ltr'><strong>sensum,</strong></span> <span class='ocrx_word' id='word_1_650' title='bbox 3425 3799 3539 3853; x_wconf 70' lang='lat' dir='ltr'><strong>haec</strong></span> 
     </span>
    </p>
   </div>
   <div class='ocr_carea' id='block_1_86' title="bbox 1960 3883 3539 3956">
    <p class='ocr_par' dir='ltr' id='par_1_86' title="bbox 1960 3883 3539 3956">
     <span class='ocr_line' id='line_1_86' title="bbox 1960 3883 3539 3956; baseline 0.004 -20"><span class='ocrx_word' id='word_1_651' title='bbox 1960 3883 2222 3952; x_wconf 89' lang='lat' dir='ltr'><strong>subjicit:</strong></span> <span class='ocrx_word' id='word_1_652' title='bbox 2263 3901 2281 3934; x_wconf 75' lang='grc' dir='ltr'><strong>ι</strong></span> <span class='ocrx_word' id='word_1_653' title='bbox 2318 3883 2582 3938; x_wconf 88' lang='lat' dir='ltr'><strong>Absoluta</strong></span> <span class='ocrx_word' id='word_1_654' title='bbox 2627 3884 2845 3938; x_wconf 88' lang='lat' dir='ltr'><strong>demum</strong></span> <span class='ocrx_word' id='word_1_655' title='bbox 2881 3886 3134 3939; x_wconf 89' lang='lat' dir='ltr'><strong>universa</strong></span> <span class='ocrx_word' id='word_1_656' title='bbox 3181 3888 3539 3956; x_wconf 79' lang='lat' dir='ltr'><strong>praedictione</strong></span> 
     </span>
    </p>
   </div>
   <div class='ocr_carea' id='block_1_87' title="bbox 1963 3977 3532 4050">
    <p class='ocr_par' dir='ltr' id='par_1_87' title="bbox 1963 3977 3532 4050">
     <span class='ocr_line' id='line_1_87' title="bbox 1963 3977 3532 4050; baseline 0.001 -16"><span class='ocrx_word' id='word_1_657' title='bbox 1963 3993 2060 4034; x_wconf 89' lang='lat' dir='ltr'><strong>sua</strong></span> <span class='ocrx_word' id='word_1_658' title='bbox 2087 4020 2101 4044; x_wconf 87' lang='lat'><strong>,</strong></span> <span class='ocrx_word' id='word_1_659' title='bbox 2129 3978 2396 4047; x_wconf 71' lang='lat' dir='ltr'><strong>propinata</strong></span> <span class='ocrx_word' id='word_1_660' title='bbox 2431 3977 2619 4031; x_wconf 89' lang='lat' dir='ltr'><strong>beatos</strong></span> <span class='ocrx_word' id='word_1_661' title='bbox 2662 3978 2981 4047; x_wconf 87' lang='lat' dir='ltr'><strong>pronuntiat</strong></span> <span class='ocrx_word' id='word_1_662' title='bbox 3027 3988 3140 4032; x_wconf 90' lang='lat' dir='ltr'><strong>tum</strong></span> <span class='ocrx_word' id='word_1_663' title='bbox 3170 3994 3263 4034; x_wconf 92' lang='lat' dir='ltr'><strong>eos</strong></span> <span class='ocrx_word' id='word_1_664' title='bbox 3293 3982 3382 4050; x_wconf 92' lang='lat' dir='ltr'><strong>qui</strong></span> <span class='ocrx_word' id='word_1_665' title='bbox 3414 3999 3532 4038; x_wconf 88' lang='lat' dir='ltr'><strong>eam</strong></span> 
     </span>
    </p>
   </div>
   <div class='ocr_carea' id='block_1_88' title="bbox 1961 4067 3537 4142">
    <p class='ocr_par' dir='ltr' id='par_1_88' title="bbox 1961 4067 3537 4142">
     <span class='ocr_line' id='line_1_88' title="bbox 1961 4067 3537 4142; baseline 0.004 -19"><span class='ocrx_word' id='word_1_666' title='bbox 1961 4069 2315 4135; x_wconf 88' lang='lat' dir='ltr'><strong>servaverint,</strong></span> <span class='ocrx_word' id='word_1_667' title='bbox 2335 4079 2444 4123; x_wconf 89' lang='lat' dir='ltr'><strong>tum</strong></span> <span class='ocrx_word' id='word_1_668' title='bbox 2459 4069 2714 4137; x_wconf 89' lang='lat' dir='ltr'><strong>seipsum.</strong></span> <span class='ocrx_word' id='word_1_669' title='bbox 2741 4085 2761 4122; x_wconf 73' lang='grc' dir='ltr'><strong>ι</strong></span> <span class='ocrx_word' id='word_1_670' title='bbox 2792 4067 3009 4134; x_wconf 85' lang='lat' dir='ltr'><strong>Beatus,</strong></span> <span class='ocrx_word' id='word_1_671' title='bbox 3030 4070 3224 4140; x_wconf 88' lang='lat' dir='ltr'><strong>inquit,</strong></span> <span class='ocrx_word' id='word_1_672' title='bbox 3242 4073 3332 4142; x_wconf 92' lang='lat' dir='ltr'><strong>qui</strong></span> <span class='ocrx_word' id='word_1_673' title='bbox 3356 4085 3537 4130; x_wconf 85' lang='lat' dir='ltr'><strong>servat</strong></span> 
     </span>
    </p>
   </div>
   <div class='ocr_carea' id='block_1_89' title="bbox 1963 4152 3537 4235">
    <p class='ocr_par' dir='ltr' id='par_1_89' title="bbox 1963 4152 3537 4235">
     <span class='ocr_line' id='line_1_89' title="bbox 1963 4152 3537 4235; baseline 0.002 -19"><span class='ocrx_word' id='word_1_674' title='bbox 1963 4152 2126 4220; x_wconf 75' lang='lat' dir='ltr'><strong>verba</strong></span> <span class='ocrx_word' id='word_1_675' title='bbox 2177 4163 2474 4235; x_wconf 65' lang='lat' dir='ltr'><strong>pr0plietire</strong></span> <span class='ocrx_word' id='word_1_676' title='bbox 2513 4161 2636 4217; x_wconf 88' lang='lat' dir='ltr'><strong>libri</strong></span> <span class='ocrx_word' id='word_1_677' title='bbox 2692 4161 2847 4229; x_wconf 86' lang='lat' dir='ltr'><strong>hujus</strong></span> <span class='ocrx_word' id='word_1_678' title='bbox 2878 4180 2893 4217; x_wconf 89' lang='lat'>:</span> <span class='ocrx_word' id='word_1_679' title='bbox 2929 4171 2983 4216; x_wconf 90' lang='lat' dir='ltr'><strong>et</strong></span> <span class='ocrx_word' id='word_1_680' title='bbox 3032 4178 3133 4232; x_wconf 79' lang='lat' dir='ltr'><strong>ego</strong></span> <span class='ocrx_word' id='word_1_681' title='bbox 3163 4165 3276 4234; x_wconf 89' lang='lat' dir='ltr'><strong>ipse</strong></span> <span class='ocrx_word' id='word_1_682' title='bbox 3299 4163 3537 4220; x_wconf 84' lang='lat' dir='ltr'><strong>Joannes</strong></span> 
     </span>
    </p>
   </div>
   <div class='ocr_carea' id='block_1_90' title="bbox 1960 4252 3536 4328">
    <p class='ocr_par' dir='ltr' id='par_1_90' title="bbox 1960 4252 3536 4328">
     <span class='ocr_line' id='line_1_90' title="bbox 1960 4252 3536 4328; baseline -0.001 -16"><span class='ocrx_word' id='word_1_683' title='bbox 1960 4259 2052 4328; x_wconf 90' lang='lat' dir='ltr'><strong>qui</strong></span> <span class='ocrx_word' id='word_1_684' title='bbox 2087 4260 2202 4311; x_wconf 78' lang='lat' dir='ltr'><strong>haec</strong></span> <span class='ocrx_word' id='word_1_685' title='bbox 2237 4257 2345 4310; x_wconf 92' lang='lat' dir='ltr'><strong>vidi</strong></span> <span class='ocrx_word' id='word_1_686' title='bbox 2398 4263 2562 4323; x_wconf 88' lang='lat' dir='ltr'><strong>atque</strong></span> <span class='ocrx_word' id='word_1_687' title='bbox 2605 4254 2809 4308; x_wconf 91' lang='lat' dir='ltr'><strong>audivi.</strong></span> <span class='ocrx_word' id='word_1_688' title='bbox 2852 4271 2872 4306; x_wconf 71' lang='grc' dir='ltr'><strong>ι</strong></span> <span class='ocrx_word' id='word_1_689' title='bbox 2908 4252 3170 4309; x_wconf 88' lang='lat' dir='ltr'><strong>Joannem</strong></span> <span class='ocrx_word' id='word_1_690' title='bbox 3205 4256 3366 4324; x_wconf 80' lang='lat' dir='ltr'><strong>igitur</strong></span> <span class='ocrx_word' id='word_1_691' title='bbox 3393 4257 3536 4311; x_wconf 81' lang='lat' dir='ltr'><strong>hunc</strong></span> 
     </span>
    </p>
   </div>
   <div class='ocr_carea' id='block_1_91' title="bbox 1959 4343 3535 4414">
    <p class='ocr_par' dir='ltr' id='par_1_91' title="bbox 1959 4343 3535 4414">
     <span class='ocr_line' id='line_1_91' title="bbox 1959 4343 3535 4414; baseline -0.003 -10"><span class='ocrx_word' id='word_1_692' title='bbox 1959 4349 2168 4413; x_wconf 87' lang='lat' dir='ltr'><strong>vocari,</strong></span> <span class='ocrx_word' id='word_1_693' title='bbox 2206 4356 2260 4400; x_wconf 89' lang='lat' dir='ltr'><strong>et</strong></span> <span class='ocrx_word' id='word_1_694' title='bbox 2288 4346 2484 4400; x_wconf 90' lang='lat' dir='ltr'><strong>librum</strong></span> <span class='ocrx_word' id='word_1_695' title='bbox 2519 4359 2548 4397; x_wconf 88' lang='lat' dir='ltr'><strong>a</strong></span> <span class='ocrx_word' id='word_1_696' title='bbox 2576 4343 2790 4399; x_wconf 89' lang='lat' dir='ltr'><strong>Joanne</strong></span> <span class='ocrx_word' id='word_1_697' title='bbox 2826 4345 3090 4414; x_wconf 90' lang='lat' dir='ltr'><strong>scriptum</strong></span> <span class='ocrx_word' id='word_1_698' title='bbox 3117 4361 3238 4400; x_wconf 87' lang='lat' dir='ltr'><strong>esse</strong></span> <span class='ocrx_word' id='word_1_699' title='bbox 3262 4386 3277 4410; x_wconf 94' lang='lat'><strong>,</strong></span> <span class='ocrx_word' id='word_1_700' title='bbox 3309 4361 3413 4400; x_wconf 89' lang='lat' dir='ltr'><strong>non</strong></span> <span class='ocrx_word' id='word_1_701' title='bbox 3450 4347 3535 4400; x_wconf 88' lang='lat' dir='ltr'><strong>in-</strong></span> 
     </span>
    </p>
   </div>
   <div class='ocr_carea' id='block_1_92' title="bbox 212 4432 1864 4508">
    <p class='ocr_par' dir='ltr' id='par_1_92' title="bbox 212 4432 1856 4508">
     <span class='ocr_line' id='line_1_92' title="bbox 212 4432 1856 4508; baseline 0.002 -22"><span class='ocrx_word' id='word_1_702' title='bbox 212 4483 233 4496; x_wconf 82' lang='lat'><strong><em>__</em></strong></span> <span class='ocrx_word' id='word_1_703' title='bbox 278 4432 472 4499; x_wconf 80' lang='grc' dir='ltr'>εῖδους,</span> <span class='ocrx_word' id='word_1_704' title='bbox 494 4435 587 4487; x_wconf 75' lang='grc' dir='ltr'>καὶ</span> <span class='ocrx_word' id='word_1_705' title='bbox 612 4436 708 4506; x_wconf 86' lang='grc' dir='ltr'><strong>τῆς</strong></span> <span class='ocrx_word' id='word_1_706' title='bbox 728 4435 821 4488; x_wconf 85' lang='grc' dir='ltr'><strong>τοῦ</strong></span> <span class='ocrx_word' id='word_1_707' title='bbox 844 4435 1049 4506; x_wconf 79' lang='grc' dir='ltr'>βιϐλίου</span> <span class='ocrx_word' id='word_1_708' title='bbox 1077 4435 1414 4506; x_wconf 83' lang='grc' dir='ltr'>διεξαγωγῆς</span> <span class='ocrx_word' id='word_1_709' title='bbox 1439 4435 1738 4506; x_wconf 76' lang='grc' dir='ltr'>λεγομένης</span> <span class='ocrx_word' id='word_1_710' title='bbox 1761 4436 1856 4508; x_wconf 80' lang='grc'><strong>(5),</strong></span> 
     </span>
    </p>
   </div>
   <div class='ocr_carea' id='block_1_93' title="bbox 1967 4432 3538 4508">
    <p class='ocr_par' dir='ltr' id='par_1_93' title="bbox 1967 4435 3538 4508">
     <span class='ocr_line' id='line_1_93' title="bbox 1967 4435 3538 4508; baseline -0.001 -14"><span class='ocrx_word' id='word_1_711' title='bbox 1967 4439 2140 4494; x_wconf 82' lang='lat' dir='ltr'><strong>ﬁeior.</strong></span> <span class='ocrx_word' id='word_1_712' title='bbox 2170 4437 2371 4492; x_wconf 88' lang='lat' dir='ltr'><strong>Fateor</strong></span> <span class='ocrx_word' id='word_1_713' title='bbox 2400 4436 2544 4491; x_wconf 89' lang='lat' dir='ltr'><strong>enim</strong></span> <span class='ocrx_word' id='word_1_714' title='bbox 2579 4436 2756 4490; x_wconf 90' lang='lat' dir='ltr'><strong>sancti</strong></span> <span class='ocrx_word' id='word_1_715' title='bbox 2789 4435 3069 4503; x_wconf 75' lang='lat' dir='ltr'><strong>cujusdam</strong></span> <span class='ocrx_word' id='word_1_716' title='bbox 3100 4446 3154 4490; x_wconf 88' lang='lat' dir='ltr'><strong>et</strong></span> <span class='ocrx_word' id='word_1_717' title='bbox 3187 4437 3373 4493; x_wconf 89' lang='lat' dir='ltr'><strong>divino</strong></span> <span class='ocrx_word' id='word_1_718' title='bbox 3412 4438 3538 4508; x_wconf 86' lang='lat' dir='ltr'><strong>Spi-</strong></span> 
     </span>
    </p>
   </div>
   <div class='ocr_carea' id='block_1_94' title="bbox 283 4523 1860 4600">
    <p class='ocr_par' dir='ltr' id='par_1_94' title="bbox 283 4523 1860 4600">
     <span class='ocr_line' id='line_1_94' title="bbox 283 4523 1860 4600; baseline 0.003 -22"><span class='ocrx_word' id='word_1_719' title='bbox 283 4525 356 4596; x_wconf 83' lang='grc' dir='ltr'>μὴ</span> <span class='ocrx_word' id='word_1_720' title='bbox 388 4526 480 4578; x_wconf 77' lang='grc' dir='ltr'><strong>τὸν</strong></span> <span class='ocrx_word' id='word_1_721' title='bbox 511 4527 672 4582; x_wconf 79' lang='grc' dir='ltr'>αὐτὸν</span> <span class='ocrx_word' id='word_1_722' title='bbox 706 4523 864 4582; x_wconf 76' lang='grc' dir='ltr'>εἶναι.</span> <span class='ocrx_word' id='word_1_723' title='bbox 913 4530 970 4582; x_wconf 91' lang='grc' dir='ltr'>Ὁ</span> <span class='ocrx_word' id='word_1_724' title='bbox 1012 4529 1110 4600; x_wconf 82' lang='grc' dir='ltr'><strong>μὲν</strong></span> <span class='ocrx_word' id='word_1_725' title='bbox 1141 4528 1249 4599; x_wconf 82' lang='grc' dir='ltr'>γὰρ</span> <span class='ocrx_word' id='word_1_726' title='bbox 1283 4527 1672 4600; x_wconf 78' lang='grc' dir='ltr'>εὐαγγελιστὴς</span> <span class='ocrx_word' id='word_1_727' title='bbox 1702 4531 1860 4583; x_wconf 75' lang='grc' dir='ltr'>οὐδα-</span> 
     </span>
    </p>
   </div>
   <div class='ocr_carea' id='block_1_95' title="bbox 282 4617 1861 4694">
    <p class='ocr_par' dir='ltr' id='par_1_95' title="bbox 282 4617 1861 4694">
     <span class='ocr_line' id='line_1_95' title="bbox 282 4617 1861 4694; baseline 0.004 -25"><span class='ocrx_word' id='word_1_728' title='bbox 282 4617 382 4688; x_wconf 89' lang='grc' dir='ltr'><strong>μοῦ</strong></span> <span class='ocrx_word' id='word_1_729' title='bbox 411 4618 473 4671; x_wconf 84' lang='grc' dir='ltr'>τὸ</span> <span class='ocrx_word' id='word_1_730' title='bbox 496 4618 664 4690; x_wconf 75' lang='grc' dir='ltr'>ὄνομα</span> <span class='ocrx_word' id='word_1_731' title='bbox 695 4621 860 4674; x_wconf 81' lang='grc' dir='ltr'>αὑτοῦ</span> <span class='ocrx_word' id='word_1_732' title='bbox 892 4622 1292 4694; x_wconf 81' lang='grc' dir='ltr'>παρεγγράφει,</span> <span class='ocrx_word' id='word_1_733' title='bbox 1311 4620 1430 4673; x_wconf 77' lang='grc' dir='ltr'>οὐδὲ</span> <span class='ocrx_word' id='word_1_734' title='bbox 1451 4621 1714 4693; x_wconf 82' lang='grc' dir='ltr'>κηρύσσει</span> <span class='ocrx_word' id='word_1_735' title='bbox 1735 4624 1861 4676; x_wconf 80' lang='grc' dir='ltr'>ἑαυ-</span> 
     </span>
    </p>
   </div>
   <div class='ocr_carea' id='block_1_96' title="bbox 275 4708 1860 4785">
    <p class='ocr_par' dir='ltr' id='par_1_96' title="bbox 275 4708 1860 4785">
     <span class='ocr_line' id='line_1_96' title="bbox 275 4708 1860 4785; baseline 0.003 -23"><span class='ocrx_word' id='word_1_736' title='bbox 275 4709 366 4762; x_wconf 77' lang='grc' dir='ltr'>τὸν</span> <span class='ocrx_word' id='word_1_737' title='bbox 387 4749 402 4774; x_wconf 93' lang='grc'><strong>,</strong></span> <span class='ocrx_word' id='word_1_738' title='bbox 431 4708 557 4763; x_wconf 78' lang='grc' dir='ltr'>οὔτε</span> <span class='ocrx_word' id='word_1_739' title='bbox 596 4711 684 4766; x_wconf 78' lang='grc' dir='ltr'>διὰ</span> <span class='ocrx_word' id='word_1_740' title='bbox 707 4711 800 4765; x_wconf 91' lang='grc' dir='ltr'><strong>τοῦ</strong></span> <span class='ocrx_word' id='word_1_741' title='bbox 825 4713 1157 4781; x_wconf 83' lang='grc' dir='ltr'>Εὑαγγελίου</span> <span class='ocrx_word' id='word_1_742' title='bbox 1177 4754 1190 4777; x_wconf 94' lang='grc'><strong>,</strong></span> <span class='ocrx_word' id='word_1_743' title='bbox 1221 4713 1343 4767; x_wconf 77' lang='grc' dir='ltr'>οὔτε</span> <span class='ocrx_word' id='word_1_744' title='bbox 1372 4714 1457 4766; x_wconf 85' lang='grc' dir='ltr'>διὰ</span> <span class='ocrx_word' id='word_1_745' title='bbox 1485 4715 1582 4785; x_wconf 85' lang='grc' dir='ltr'><strong>τῆς</strong></span> <span class='ocrx_word' id='word_1_746' title='bbox 1617 4715 1860 4767; x_wconf 87' lang='grc' dir='ltr'>Ἐπιστο-</span> 
     </span>
    </p>
   </div>
   <div class='ocr_carea' id='block_1_97' title="bbox 276 4801 1858 4878">
    <p class='ocr_par' dir='ltr' id='par_1_97' title="bbox 276 4801 1858 4878">
     <span class='ocr_line' id='line_1_97' title="bbox 276 4801 1858 4878; baseline 0.003 -23"><span class='ocrx_word' id='word_1_747' title='bbox 276 4802 394 4873; x_wconf 89' lang='grc' dir='ltr'>λῆς.</span> <span class='ocrx_word' id='word_1_748' title='bbox 444 4823 463 4855; x_wconf 75' lang='grc' dir='ltr'><strong>ι</strong></span> <span class='ocrx_word' id='word_1_749' title='bbox 501 4801 616 4857; x_wconf 82' lang='grc' dir='ltr'><strong>Εἶθ’</strong></span> <span class='ocrx_word' id='word_1_750' title='bbox 645 4806 875 4871; x_wconf 81' lang='grc' dir='ltr'>ὑποϐὰς,</span> <span class='ocrx_word' id='word_1_751' title='bbox 911 4807 1074 4860; x_wconf 87' lang='grc' dir='ltr'>πάλιν</span> <span class='ocrx_word' id='word_1_752' title='bbox 1117 4806 1298 4861; x_wconf 85' lang='grc' dir='ltr'>ταῦτα</span> <span class='ocrx_word' id='word_1_753' title='bbox 1331 4808 1508 4876; x_wconf 85' lang='grc' dir='ltr'>λέγει·</span> <span class='ocrx_word' id='word_1_754' title='bbox 1549 4826 1566 4858; x_wconf 84' lang='lat' dir='ltr'><strong>t</strong></span> <span class='ocrx_word' id='word_1_755' title='bbox 1609 4808 1858 4878; x_wconf 81' lang='grc' dir='ltr'>Ἰωάννης</span> 
     </span>
    </p>
   </div>
   <div class='ocr_carea' id='block_1_98' title="bbox 276 4893 1856 4973">
    <p class='ocr_par' dir='ltr' id='par_1_98' title="bbox 276 4893 1856 4973">
     <span class='ocr_line' id='line_1_98' title="bbox 276 4893 1856 4973; baseline 0.004 -25"><span class='ocrx_word' id='word_1_756' title='bbox 276 4893 331 4948; x_wconf 66' lang='grc' dir='ltr'>δὲ</span> <span class='ocrx_word' id='word_1_757' title='bbox 353 4896 475 4950; x_wconf 77' lang='grc' dir='ltr'>οὐδὲ</span> <span class='ocrx_word' id='word_1_758' title='bbox 499 4896 574 4960; x_wconf 85' lang='grc' dir='ltr'>ὼς</span> <span class='ocrx_word' id='word_1_759' title='bbox 601 4898 726 4969; x_wconf 75' lang='grc' dir='ltr'>περὶ</span> <span class='ocrx_word' id='word_1_760' title='bbox 755 4898 948 4952; x_wconf 78' lang='grc' dir='ltr'>ἑαυτοῦ</span> <span class='ocrx_word' id='word_1_761' title='bbox 974 4900 1094 4952; x_wconf 72' lang='grc' dir='ltr'>οὐδὲ</span> <span class='ocrx_word' id='word_1_762' title='bbox 1121 4901 1197 4964; x_wconf 86' lang='grc' dir='ltr'>ὡς</span> <span class='ocrx_word' id='word_1_763' title='bbox 1221 4902 1348 4973; x_wconf 74' lang='grc' dir='ltr'>περὶ</span> <span class='ocrx_word' id='word_1_764' title='bbox 1378 4901 1564 4973; x_wconf 81' lang='grc' dir='ltr'>ἐτέρου</span> <span class='ocrx_word' id='word_1_765' title='bbox 1583 4918 1594 4930; x_wconf 92' lang='grc'><strong>·</strong></span> <span class='ocrx_word' id='word_1_766' title='bbox 1629 4902 1657 4953; x_wconf 90' lang='grc' dir='ltr'><strong>ὁ</strong></span> <span class='ocrx_word' id='word_1_767' title='bbox 1683 4901 1739 4953; x_wconf 83' lang='grc' dir='ltr'>δὲ</span> <span class='ocrx_word' id='word_1_768' title='bbox 1759 4901 1856 4973; x_wconf 83' lang='grc' dir='ltr'>τὴν</span> 
     </span>
    </p>
   </div>
   <div class='ocr_carea' id='block_1_99' title="bbox 288 4987 1856 5066">
    <p class='ocr_par' dir='ltr' id='par_1_99' title="bbox 288 4987 1856 5066">
     <span class='ocr_line' id='line_1_99' title="bbox 288 4987 1856 5066; baseline 0.004 -26"><span class='ocrx_word' id='word_1_769' title='bbox 288 4987 654 5059; x_wconf 70' lang='grc' dir='ltr'>Ἀποκάλυψιν</span> <span class='ocrx_word' id='word_1_770' title='bbox 681 4991 916 5064; x_wconf 68' lang='grc' dir='ltr'>γράψας,</span> <span class='ocrx_word' id='word_1_771' title='bbox 947 4991 1109 5056; x_wconf 80' lang='grc' dir='ltr'>εὐθύς</span> <span class='ocrx_word' id='word_1_772' title='bbox 1142 5011 1200 5046; x_wconf 86' lang='grc' dir='ltr'><strong>τε</strong></span> <span class='ocrx_word' id='word_1_773' title='bbox 1234 4992 1425 5046; x_wconf 79' lang='grc' dir='ltr'>ἑαυτὸν</span> <span class='ocrx_word' id='word_1_774' title='bbox 1458 4995 1516 5047; x_wconf 85' lang='grc' dir='ltr'>ὲν</span> <span class='ocrx_word' id='word_1_775' title='bbox 1547 4994 1688 5065; x_wconf 80' lang='grc' dir='ltr'>ἀρχῇ</span> <span class='ocrx_word' id='word_1_776' title='bbox 1723 5011 1856 5066; x_wconf 87' lang='grc' dir='ltr'>προ-</span> 
     </span>
    </p>
   </div>
   <div class='ocr_carea' id='block_1_100' title="bbox 280 5103 1859 5230">
    <p class='ocr_par' dir='ltr' id='par_1_100' title="bbox 280 5103 1859 5230">
     <span class='ocr_line' id='line_1_100' title="bbox 280 5103 1859 5230; baseline 0.008 -76"><span class='ocrx_word' id='word_1_777' title='bbox 280 5175 316 5230; x_wconf 66' lang='grc' dir='ltr'>ἀ</span> <span class='ocrx_word' id='word_1_778' title='bbox 347 5103 424 5175; x_wconf 68' lang='grc' dir='ltr'><strong>(Ξ)</strong></span> <span class='ocrx_word' id='word_1_779' title='bbox 474 5105 771 5227; x_wconf 71' lang='grc' dir='ltr'><strong>ίἈγνοιας</strong></span> <span class='ocrx_word' id='word_1_780' title='bbox 821 5111 1333 5181; x_wconf 80' lang='grc' dir='ltr'>παραπετάσματι.</span> <span class='ocrx_word' id='word_1_781' title='bbox 1397 5110 1628 5180; x_wconf 88' lang='lat' dir='ltr'><strong>Nicepb.</strong></span> <span class='ocrx_word' id='word_1_782' title='bbox 1687 5111 1859 5167; x_wconf 85' lang='lat' dir='ltr'><strong>liabet</strong></span> 
     </span>
     <span class='ocr_line' id='line_1_101' title="bbox 317 5191 577 5230; baseline 0.019 -5"><span class='ocrx_word' id='word_1_783' title='bbox 317 5191 468 5230; x_wconf 80' lang='grc' dir='ltr'>γνωσ</span> <span class='ocrx_word' id='word_1_784' title='bbox 492 5195 577 5230; x_wconf 79' lang='grc' dir='ltr'>ας.</span> 
     </span>
    </p>
   </div>
   <div class='ocr_carea' id='block_1_101' title="bbox 317 5191 577 5241">
    <p class='ocr_par' dir='ltr' id='par_1_101' title="bbox 317 5191 577 5241">
     <span class='ocr_line' id='line_1_102' title="bbox 317 5191 577 5241; baseline 0.012 -15"><span class='ocrx_word' id='word_1_785' title='bbox 317 5191 577 5241; x_wconf 80' lang='grc' dir='ltr'>γνωσιας.</span> 
     </span>
    </p>
   </div>
   <div class='ocr_carea' id='block_1_102' title="bbox 321 5195 1862 5322">
    <p class='ocr_par' dir='ltr' id='par_1_102' title="bbox 321 5195 1862 5322">
     <span class='ocr_line' id='line_1_103' title="bbox 321 5195 1862 5322; baseline 0.004 -24"><span class='ocrx_word' id='word_1_786' title='bbox 321 5195 892 5322; x_wconf 42' lang='grc' dir='ltr'><strong>ἷέῧῗῗὸῗυῖελροξτολεῖν.</strong></span> <span class='ocrx_word' id='word_1_787' title='bbox 925 5248 1274 5322; x_wconf 88' lang='lat' dir='ltr'><strong>Scribendum</strong></span> <span class='ocrx_word' id='word_1_788' title='bbox 1301 5252 1508 5306; x_wconf 89' lang='lat' dir='ltr'><strong>videtur</strong></span> <span class='ocrx_word' id='word_1_789' title='bbox 1533 5251 1862 5322; x_wconf 86' lang='grc' dir='ltr'>ὀνειροπολεῖ</span> 
     </span>
    </p>
   </div>
   <div class='ocr_carea' id='block_1_103' title="bbox 277 5316 1856 5392">
    <p class='ocr_par' dir='ltr' id='par_1_103' title="bbox 277 5316 1856 5392">
     <span class='ocr_line' id='line_1_104' title="bbox 277 5316 1856 5392; baseline 0.006 -28"><span class='ocrx_word' id='word_1_790' title='bbox 277 5320 360 5368; x_wconf 82' lang='lat' dir='ltr'><strong>vel</strong></span> <span class='ocrx_word' id='word_1_791' title='bbox 394 5316 764 5392; x_wconf 63' lang='grc' dir='ltr'><strong>ὠνειροπόλειἶ</strong></span> <span class='ocrx_word' id='word_1_792' title='bbox 809 5317 977 5392; x_wconf 56' lang='lat' dir='ltr'><strong>Paulo</strong></span> <span class='ocrx_word' id='word_1_793' title='bbox 997 5329 1128 5392; x_wconf 80' lang='lat' dir='ltr'><strong>pust</strong></span> <span class='ocrx_word' id='word_1_794' title='bbox 1165 5323 1254 5374; x_wconf 91' lang='lat' dir='ltr'><strong>ubi</strong></span> <span class='ocrx_word' id='word_1_795' title='bbox 1305 5322 1582 5392; x_wconf 77' lang='lat' dir='ltr'><strong>legebatur</strong></span> <span class='ocrx_word' id='word_1_796' title='bbox 1624 5316 1856 5392; x_wconf 63' lang='grc' dir='ltr'>εὔθυμό-</span> 
     </span>
    </p>
   </div>
   <div class='ocr_carea' id='block_1_104' title="bbox 273 5388 1854 5460">
    <p class='ocr_par' dir='ltr' id='par_1_104' title="bbox 273 5388 1854 5460">
     <span class='ocr_line' id='line_1_105' title="bbox 273 5388 1854 5460; baseline 0.006 -24"><span class='ocrx_word' id='word_1_797' title='bbox 273 5399 456 5460; x_wconf 57' lang='grc' dir='ltr'>σεερον,</span> <span class='ocrx_word' id='word_1_798' title='bbox 486 5389 765 5460; x_wconf 75' lang='lat' dir='ltr'><strong>emendavi</strong></span> <span class='ocrx_word' id='word_1_799' title='bbox 794 5388 1188 5460; x_wconf 78' lang='grc' dir='ltr'>εὐφημότερον,</span> <span class='ocrx_word' id='word_1_800' title='bbox 1221 5407 1282 5444; x_wconf 79' lang='lat' dir='ltr'><strong>ex</strong></span> <span class='ocrx_word' id='word_1_801' title='bbox 1309 5388 1465 5446; x_wconf 59' lang='lat' dir='ltr'><strong>co&#39;dd.</strong></span> <span class='ocrx_word' id='word_1_802' title='bbox 1497 5392 1656 5456; x_wconf 82' lang='lat' dir='ltr'><strong>Maz.,</strong></span> <span class='ocrx_word' id='word_1_803' title='bbox 1693 5388 1854 5455; x_wconf 61' lang='lat' dir='ltr'><strong>nea,</strong></span> 
     </span>
    </p>
   </div>
   <div class='ocr_carea' id='block_1_105' title="bbox 277 5451 1857 5529">
    <p class='ocr_par' dir='ltr' id='par_1_105' title="bbox 277 5451 1857 5529">
     <span class='ocr_line' id='line_1_106' title="bbox 277 5451 1857 5529; baseline 0.005 -21"><span class='ocrx_word' id='word_1_804' title='bbox 277 5451 414 5509; x_wconf 80' lang='lat' dir='ltr'><strong>Fnk.</strong></span> <span class='ocrx_word' id='word_1_805' title='bbox 457 5466 519 5529; x_wconf 76' lang='lat' dir='ltr'><strong>et</strong></span> <span class='ocrx_word' id='word_1_806' title='bbox 545 5457 737 5529; x_wconf 85' lang='lat' dir='ltr'><strong>Savi|.,</strong></span> <span class='ocrx_word' id='word_1_807' title='bbox 767 5451 965 5529; x_wconf 75' lang='lat' dir='ltr'><strong>quibus</strong></span> <span class='ocrx_word' id='word_1_808' title='bbox 997 5451 1251 5514; x_wconf 63' lang='lat' dir='ltr'><strong>suécribit</strong></span> <span class='ocrx_word' id='word_1_809' title='bbox 1287 5451 1723 5529; x_wconf 34' lang='lat' dir='ltr'><strong>Nicephorum-et</strong></span> <span class='ocrx_word' id='word_1_810' title='bbox 1754 5451 1857 5517; x_wconf 46' lang='lat' dir='ltr'><strong>Eu:-</strong></span> 
     </span>
    </p>
   </div>
   <div class='ocr_carea' id='block_1_106' title="bbox 279 5527 1844 5599">
    <p class='ocr_par' dir='ltr' id='par_1_106' title="bbox 279 5527 1844 5599">
     <span class='ocr_line' id='line_1_107' title="bbox 279 5527 1844 5599; baseline 0.009 -27"><span class='ocrx_word' id='word_1_811' title='bbox 279 5527 622 5599; x_wconf 63' lang='lat' dir='ltr'><strong>sebiusipse</strong></span> <span class='ocrx_word' id='word_1_812' title='bbox 657 5527 987 5599; x_wconf 83' lang='lat' dir='ltr'><strong>inlibroui,</strong></span> <span class='ocrx_word' id='word_1_813' title='bbox 1049 5547 1167 5599; x_wconf 88' lang='lat' dir='ltr'><strong>cap.</strong></span> <span class='ocrx_word' id='word_1_814' title='bbox 1223 5530 1312 5596; x_wconf 78' lang='grc'><strong>27,</strong></span> <span class='ocrx_word' id='word_1_815' title='bbox 1354 5527 1444 5586; x_wconf 82' lang='lat' dir='ltr'><strong>ubi</strong></span> <span class='ocrx_word' id='word_1_816' title='bbox 1494 5534 1638 5586; x_wconf 83' lang='lat' dir='ltr'><strong>hunc</strong></span> <span class='ocrx_word' id='word_1_817' title='bbox 1670 5533 1844 5587; x_wconf 88' lang='lat' dir='ltr'><strong>locum</strong></span> 
     </span>
    </p>
   </div>
   <div class='ocr_carea' id='block_1_107' title="bbox 277 5592 790 5664">
    <p class='ocr_par' dir='ltr' id='par_1_107' title="bbox 277 5592 790 5664">
     <span class='ocr_line' id='line_1_108' title="bbox 277 5592 790 5664; baseline 0.006 -17"><span class='ocrx_word' id='word_1_818' title='bbox 277 5592 523 5664; x_wconf 78' lang='lat' dir='ltr'><strong>Dionysii</strong></span> <span class='ocrx_word' id='word_1_819' title='bbox 553 5597 790 5650; x_wconf 85' lang='lat' dir='ltr'><strong>adducit.</strong></span> 
     </span>
    </p>
   </div>
   <div class='ocr_carea' id='block_1_108' title="bbox 349 5665 1840 5740">
    <p class='ocr_par' dir='ltr' id='par_1_108' title="bbox 349 5665 1840 5740">
     <span class='ocr_line' id='line_1_109' title="bbox 349 5665 1840 5740; baseline 0.005 -22"><span class='ocrx_word' id='word_1_820' title='bbox 349 5666 426 5740; x_wconf 70' lang='lat' dir='ltr'><strong>l5)</strong></span> <span class='ocrx_word' id='word_1_821' title='bbox 459 5665 832 5740; x_wconf 64' lang='grc' dir='ltr'>Διεξαγωτῆς</span> <span class='ocrx_word' id='word_1_822' title='bbox 849 5669 1196 5738; x_wconf 76' lang='grc' dir='ltr'>λεγομένης.</span> <span class='ocrx_word' id='word_1_823' title='bbox 1231 5671 1342 5726; x_wconf 84' lang='lat' dir='ltr'><strong>Hoc</strong></span> <span class='ocrx_word' id='word_1_824' title='bbox 1373 5675 1692 5728; x_wconf 85' lang='lat' dir='ltr'><strong>vocabulum</strong></span> <span class='ocrx_word' id='word_1_825' title='bbox 1714 5677 1840 5740; x_wconf 64' lang='lat' dir='ltr'><strong>‘pro-</strong></span> 
     </span>
    </p>
   </div>
   <div class='ocr_carea' id='block_1_109' title="bbox 281 5735 1844 5817">
    <p class='ocr_par' dir='ltr' id='par_1_109' title="bbox 281 5735 1844 5817">
     <span class='ocr_line' id='line_1_110' title="bbox 281 5735 1844 5817; baseline 0.01 -29"><span class='ocrx_word' id='word_1_826' title='bbox 281 5735 458 5804; x_wconf 72' lang='lat' dir='ltr'><strong>prium</strong></span> <span class='ocrx_word' id='word_1_827' title='bbox 503 5738 604 5793; x_wconf 75' lang='lat' dir='ltr'><strong>fuit</strong></span> <span class='ocrx_word' id='word_1_828' title='bbox 646 5735 1022 5810; x_wconf 63' lang='lat' dir='ltr'><strong>rethorum&#39;,ut</strong></span> <span class='ocrx_word' id='word_1_829' title='bbox 1070 5735 1174 5798; x_wconf 63' lang='lat' dir='ltr'><strong>vox</strong></span> <span class='ocrx_word' id='word_1_830' title='bbox 1206 5742 1298 5799; x_wconf 89' lang='lat' dir='ltr'><strong>illa</strong></span> <span class='ocrx_word' id='word_1_831' title='bbox 1328 5741 1626 5817; x_wconf 79' lang='grc' dir='ltr'>λεγομένης</span> <span class='ocrx_word' id='word_1_832' title='bbox 1656 5761 1684 5800; x_wconf 87' lang='lat' dir='ltr'><strong>a</strong></span> <span class='ocrx_word' id='word_1_833' title='bbox 1719 5735 1844 5803; x_wconf 81' lang='lat' dir='ltr'><strong>Dio-</strong></span> 
     </span>
    </p>
   </div>
   <div class='ocr_carea' id='block_1_110' title="bbox 1968 4527 3535 4597">
    <p class='ocr_par' dir='ltr' id='par_1_110' title="bbox 1968 4527 3535 4597">
     <span class='ocr_line' id='line_1_111' title="bbox 1968 4527 3535 4597; baseline -0.002 -10"><span class='ocrx_word' id='word_1_834' title='bbox 1968 4533 2075 4588; x_wconf 90' lang='lat' dir='ltr'><strong>rilu</strong></span> <span class='ocrx_word' id='word_1_835' title='bbox 2125 4531 2289 4584; x_wconf 85' lang='lat' dir='ltr'><strong>alIlati</strong></span> <span class='ocrx_word' id='word_1_836' title='bbox 2321 4530 2422 4583; x_wconf 85' lang='lat' dir='ltr'><strong>viri</strong></span> <span class='ocrx_word' id='word_1_837' title='bbox 2469 4529 2523 4582; x_wconf 92' lang='lat' dir='ltr'><strong>id</strong></span> <span class='ocrx_word' id='word_1_838' title='bbox 2555 4543 2694 4596; x_wconf 88' lang='lat' dir='ltr'><strong>opus</strong></span> <span class='ocrx_word' id='word_1_839' title='bbox 2719 4543 2856 4582; x_wconf 89' lang='lat' dir='ltr'><strong>esse.</strong></span> <span class='ocrx_word' id='word_1_840' title='bbox 2895 4527 2999 4582; x_wconf 90' lang='lat' dir='ltr'><strong>Sed</strong></span> <span class='ocrx_word' id='word_1_841' title='bbox 3044 4529 3186 4582; x_wconf 90' lang='lat' dir='ltr'><strong>bunc</strong></span> <span class='ocrx_word' id='word_1_842' title='bbox 3216 4529 3389 4597; x_wconf 88' lang='lat' dir='ltr'><strong>ipsum</strong></span> <span class='ocrx_word' id='word_1_843' title='bbox 3414 4545 3535 4584; x_wconf 87' lang='lat' dir='ltr'><strong>esse</strong></span> 
     </span>
    </p>
   </div>
   <div class='ocr_carea' id='block_1_111' title="bbox 1964 4617 3534 4693">
    <p class='ocr_par' dir='ltr' id='par_1_111' title="bbox 1964 4617 3534 4693">
     <span class='ocr_line' id='line_1_112' title="bbox 1964 4617 3534 4693; baseline 0 -16"><span class='ocrx_word' id='word_1_844' title='bbox 1964 4623 2303 4693; x_wconf 81' lang='lat' dir='ltr'><strong>apostolum,</strong></span> <span class='ocrx_word' id='word_1_845' title='bbox 2338 4621 2581 4675; x_wconf 75' lang='lat' dir='ltr'><strong>Zebedaei</strong></span> <span class='ocrx_word' id='word_1_846' title='bbox 2611 4619 2780 4673; x_wconf 79' lang='lat' dir='ltr'><strong>[ilium</strong></span> <span class='ocrx_word' id='word_1_847' title='bbox 2803 4663 2817 4687; x_wconf 89' lang='lat'><strong>,</strong></span> <span class='ocrx_word' id='word_1_848' title='bbox 2849 4617 3036 4674; x_wconf 85' lang='lat' dir='ltr'><strong>Jacobi</strong></span> <span class='ocrx_word' id='word_1_849' title='bbox 3084 4619 3348 4686; x_wconf 82' lang='lat' dir='ltr'><strong>fratrem;</strong></span> <span class='ocrx_word' id='word_1_850' title='bbox 3379 4623 3534 4692; x_wconf 88' lang='lat' dir='ltr'><strong>cujus</strong></span> 
     </span>
    </p>
   </div>
   <div class='ocr_carea' id='block_1_112' title="bbox 1963 4710 3533 4785">
    <p class='ocr_par' dir='ltr' id='par_1_112' title="bbox 1963 4710 3533 4785">
     <span class='ocr_line' id='line_1_113' title="bbox 1963 4710 3533 4785; baseline -0.002 -15"><span class='ocrx_word' id='word_1_851' title='bbox 1963 4725 2047 4770; x_wconf 89' lang='lat' dir='ltr'><strong>est</strong></span> <span class='ocrx_word' id='word_1_852' title='bbox 2077 4715 2430 4785; x_wconf 81' lang='lat' dir='ltr'><strong>Evangelium</strong></span> <span class='ocrx_word' id='word_1_853' title='bbox 2465 4713 2594 4767; x_wconf 91' lang='lat' dir='ltr'><strong>illud</strong></span> <span class='ocrx_word' id='word_1_854' title='bbox 2637 4713 2779 4782; x_wconf 88' lang='lat' dir='ltr'><strong>quod</strong></span> <span class='ocrx_word' id='word_1_855' title='bbox 2820 4712 3122 4767; x_wconf 84' lang='lat' dir='ltr'><strong>secundum</strong></span> <span class='ocrx_word' id='word_1_856' title='bbox 3154 4710 3415 4768; x_wconf 87' lang='lat' dir='ltr'><strong>Joannem</strong></span> <span class='ocrx_word' id='word_1_857' title='bbox 3451 4714 3533 4767; x_wconf 90' lang='lat' dir='ltr'><strong>in-</strong></span> 
     </span>
    </p>
   </div>
   <div class='ocr_carea' id='block_1_113' title="bbox 1963 4803 3534 4875">
    <p class='ocr_par' dir='ltr' id='par_1_113' title="bbox 1963 4803 3534 4875">
     <span class='ocr_line' id='line_1_114' title="bbox 1963 4803 3534 4875; baseline -0.002 -13"><span class='ocrx_word' id='word_1_858' title='bbox 1963 4807 2244 4868; x_wconf 88' lang='lat' dir='ltr'><strong>scribitur,</strong></span> <span class='ocrx_word' id='word_1_859' title='bbox 2279 4815 2334 4860; x_wconf 93' lang='lat' dir='ltr'><strong>et</strong></span> <span class='ocrx_word' id='word_1_860' title='bbox 2365 4805 2607 4875; x_wconf 83' lang='lat' dir='ltr'><strong>Epistula</strong></span> <span class='ocrx_word' id='word_1_861' title='bbox 2642 4804 2930 4868; x_wconf 87' lang='lat' dir='ltr'><strong>catholica,</strong></span> <span class='ocrx_word' id='word_1_862' title='bbox 2958 4805 3100 4858; x_wconf 88' lang='lat' dir='ltr'><strong>haud</strong></span> <span class='ocrx_word' id='word_1_863' title='bbox 3126 4803 3285 4859; x_wconf 82' lang='lat' dir='ltr'><strong>facile</strong></span> <span class='ocrx_word' id='word_1_864' title='bbox 3311 4819 3534 4860; x_wconf 90' lang='lat' dir='ltr'><strong>conces-</strong></span> 
     </span>
    </p>
   </div>
   <div class='ocr_carea' id='block_1_114' title="bbox 1963 4894 3530 4967">
    <p class='ocr_par' dir='ltr' id='par_1_114' title="bbox 1963 4894 3530 4967">
     <span class='ocr_line' id='line_1_115' title="bbox 1963 4894 3530 4967; baseline -0.003 -12"><span class='ocrx_word' id='word_1_865' title='bbox 1963 4899 2150 4955; x_wconf 86' lang='lat' dir='ltr'><strong>serim.</strong></span> <span class='ocrx_word' id='word_1_866' title='bbox 2190 4897 2322 4952; x_wconf 82' lang='lat' dir='ltr'><strong>Nam</strong></span> <span class='ocrx_word' id='word_1_867' title='bbox 2351 4914 2418 4952; x_wconf 82' lang='lat' dir='ltr'><strong>ex</strong></span> <span class='ocrx_word' id='word_1_868' title='bbox 2453 4897 2734 4966; x_wconf 88' lang='lat' dir='ltr'><strong>utriusque</strong></span> <span class='ocrx_word' id='word_1_869' title='bbox 2766 4897 2926 4965; x_wconf 82' lang='lat' dir='ltr'><strong>genio</strong></span> <span class='ocrx_word' id='word_1_870' title='bbox 2953 4904 3008 4950; x_wconf 89' lang='lat' dir='ltr'><strong>et</strong></span> <span class='ocrx_word' id='word_1_871' title='bbox 3050 4894 3223 4950; x_wconf 83' lang='lat' dir='ltr'><strong>forma</strong></span> <span class='ocrx_word' id='word_1_872' title='bbox 3253 4897 3530 4967; x_wconf 86' lang='lat' dir='ltr'><strong>loquendi,</strong></span> 
     </span>
    </p>
   </div>
   <div class='ocr_carea' id='block_1_115' title="bbox 1963 4987 3528 5060">
    <p class='ocr_par' dir='ltr' id='par_1_115' title="bbox 1963 4987 3528 5060">
     <span class='ocr_line' id='line_1_116' title="bbox 1963 4987 3528 5060; baseline -0.001 -13"><span class='ocrx_word' id='word_1_873' title='bbox 1963 5001 2021 5048; x_wconf 89' lang='lat' dir='ltr'><strong>et</strong></span> <span class='ocrx_word' id='word_1_874' title='bbox 2047 5006 2113 5046; x_wconf 80' lang='lat' dir='ltr'><strong>ex</strong></span> <span class='ocrx_word' id='word_1_875' title='bbox 2144 4989 2310 5045; x_wconf 90' lang='lat' dir='ltr'><strong>libelli</strong></span> <span class='ocrx_word' id='word_1_876' title='bbox 2343 4987 2507 5060; x_wconf 66' lang='grc'><strong>274.</strong></span> <span class='ocrx_word' id='word_1_877' title='bbox 2535 4990 2697 5044; x_wconf 86' lang='lat' dir='ltr'><strong>totius</strong></span> <span class='ocrx_word' id='word_1_878' title='bbox 2734 4990 2900 5044; x_wconf 89' lang='lat' dir='ltr'><strong>ductu</strong></span> <span class='ocrx_word' id='word_1_879' title='bbox 2935 5005 2999 5044; x_wconf 89' lang='lat' dir='ltr'><strong>ac</strong></span> <span class='ocrx_word' id='word_1_880' title='bbox 3029 4991 3403 5059; x_wconf 87' lang='lat' dir='ltr'><strong>dispositione,</strong></span> <span class='ocrx_word' id='word_1_881' title='bbox 3423 5007 3528 5046; x_wconf 89' lang='lat' dir='ltr'><strong>non</strong></span> 
     </span>
    </p>
   </div>
   <div class='ocr_carea' id='block_1_116' title="bbox 1968 5105 3524 5184">
    <p class='ocr_par' dir='ltr' id='par_1_116' title="bbox 1968 5105 3524 5184">
     <span class='ocr_line' id='line_1_117' title="bbox 1968 5105 3524 5184; baseline -0.003 -20"><span class='ocrx_word' id='word_1_882' title='bbox 1968 5110 2124 5184; x_wconf 87' lang='lat' dir='ltr'><strong>nysio</strong></span> <span class='ocrx_word' id='word_1_883' title='bbox 2155 5109 2406 5184; x_wconf 74' lang='lat' dir='ltr'><strong>adjuncta</strong></span> <span class='ocrx_word' id='word_1_884' title='bbox 2440 5109 2574 5184; x_wconf 80' lang='lat' dir='ltr'><strong>satis</strong></span> <span class='ocrx_word' id='word_1_885' title='bbox 2623 5109 2847 5162; x_wconf 90' lang='lat' dir='ltr'><strong>indicat.</strong></span> <span class='ocrx_word' id='word_1_886' title='bbox 2890 5107 2959 5184; x_wconf 57' lang='lat' dir='ltr'><strong>Et</strong></span> <span class='ocrx_word' id='word_1_887' title='bbox 2996 5105 3281 5184; x_wconf 81' lang='lat' dir='ltr'><strong>_Musculus</strong></span> <span class='ocrx_word' id='word_1_888' title='bbox 3312 5107 3524 5173; x_wconf 90' lang='lat' dir='ltr'><strong>quidem</strong></span> 
     </span>
    </p>
   </div>
   <div class='ocr_carea' id='block_1_117' title="bbox 1966 5177 3528 5247">
    <p class='ocr_par' dir='ltr' id='par_1_117' title="bbox 1966 5177 3528 5247">
     <span class='ocr_line' id='line_1_118' title="bbox 1966 5177 3528 5247; baseline -0.003 -13"><span class='ocrx_word' id='word_1_889' title='bbox 1966 5177 2252 5234; x_wconf 65' lang='lat' dir='ltr'><strong>lfaclalum</strong></span> <span class='ocrx_word' id='word_1_890' title='bbox 2278 5181 2402 5233; x_wconf 76' lang='lat' dir='ltr'><strong>libri</strong></span> <span class='ocrx_word' id='word_1_891' title='bbox 2439 5179 2848 5247; x_wconf 80' lang='lat' dir='ltr'><strong>interpretatur.</strong></span> <span class='ocrx_word' id='word_1_892' title='bbox 2881 5177 3403 5246; x_wconf 82' lang='lat' dir='ltr'><strong>Cbristopltorsonus</strong></span> <span class='ocrx_word' id='word_1_893' title='bbox 3431 5193 3528 5230; x_wconf 85' lang='lat' dir='ltr'><strong>au-</strong></span> 
     </span>
    </p>
   </div>
   <div class='ocr_carea' id='block_1_118' title="bbox 1971 5248 3521 5319">
    <p class='ocr_par' dir='ltr' id='par_1_118' title="bbox 1971 5248 3521 5319">
     <span class='ocr_line' id='line_1_119' title="bbox 1971 5248 3521 5319; baseline -0.003 -15"><span class='ocrx_word' id='word_1_894' title='bbox 1971 5263 2075 5305; x_wconf 92' lang='lat' dir='ltr'><strong>tem</strong></span> <span class='ocrx_word' id='word_1_895' title='bbox 2109 5252 2423 5303; x_wconf 77' lang='lat' dir='ltr'><strong>discursum.</strong></span> <span class='ocrx_word' id='word_1_896' title='bbox 2482 5248 2591 5317; x_wconf 79' lang='lat' dir='ltr'><strong>Ego</strong></span> <span class='ocrx_word' id='word_1_897' title='bbox 2629 5248 2965 5319; x_wconf 78' lang='grc' dir='ltr'>διεξαγωγὴν</span> <span class='ocrx_word' id='word_1_898' title='bbox 2988 5249 3521 5319; x_wconf 30' lang='lat' dir='ltr'><strong>ideniesseAcenseo,</strong></span> 
     </span>
    </p>
   </div>
   <div class='ocr_carea' id='block_1_119' title="bbox 1965 5315 3523 5397">
    <p class='ocr_par' dir='ltr' id='par_1_119' title="bbox 1965 5315 3523 5397">
     <span class='ocr_line' id='line_1_120' title="bbox 1965 5315 3523 5397; baseline -0.003 -26"><span class='ocrx_word' id='word_1_899' title='bbox 1965 5322 2108 5397; x_wconf 80' lang='lat' dir='ltr'><strong>quod</strong></span> <span class='ocrx_word' id='word_1_900' title='bbox 2142 5315 2551 5397; x_wconf 64' lang='lat' dir='ltr'><strong>dispositionem</strong></span> <span class='ocrx_word' id='word_1_901' title='bbox 2579 5321 2693 5397; x_wconf 73' lang='lat' dir='ltr'><strong>sive</strong></span> <span class='ocrx_word' id='word_1_902' title='bbox 2726 5315 3232 5397; x_wconf 40' lang='grc' dir='ltr'>οἰκονομίανημαιιι</span> <span class='ocrx_word' id='word_1_903' title='bbox 3273 5315 3523 5397; x_wconf 56' lang='grc' dir='ltr'>διεξαγα-</span> 
     </span>
    </p>
   </div>
   <div class='ocr_carea' id='block_1_120' title="bbox 1964 5385 3521 5460">
    <p class='ocr_par' dir='ltr' id='par_1_120' title="bbox 1964 5385 3521 5460">
     <span class='ocr_line' id='line_1_121' title="bbox 1964 5385 3521 5460; baseline -0.003 -16"><span class='ocrx_word' id='word_1_904' title='bbox 1964 5385 2100 5460; x_wconf 78' lang='grc' dir='ltr'>γεῖν,</span> <span class='ocrx_word' id='word_1_905' title='bbox 2141 5385 2277 5443; x_wconf 89' lang='lat' dir='ltr'><strong>idein</strong></span> <span class='ocrx_word' id='word_1_906' title='bbox 2301 5400 2382 5442; x_wconf 89' lang='lat' dir='ltr'><strong>est</strong></span> <span class='ocrx_word' id='word_1_907' title='bbox 2406 5404 2470 5443; x_wconf 88' lang='lat' dir='ltr'><strong>ac</strong></span> <span class='ocrx_word' id='word_1_908' title='bbox 2503 5387 2743 5450; x_wconf 86' lang='grc' dir='ltr'>διοικεῖν.</span> <span class='ocrx_word' id='word_1_909' title='bbox 2771 5401 2824 5443; x_wconf 84' lang='lat' dir='ltr'><strong>ut</strong></span> <span class='ocrx_word' id='word_1_910' title='bbox 2857 5385 3047 5460; x_wconf 78' lang='lat' dir='ltr'><strong>scribit</strong></span> <span class='ocrx_word' id='word_1_911' title='bbox 3073 5389 3292 5442; x_wconf 84' lang='lat' dir='ltr'><strong>Suidas.</strong></span> <span class='ocrx_word' id='word_1_912' title='bbox 3337 5385 3521 5460; x_wconf 55' lang='lat' dir='ltr'><strong>Possis</strong></span> 
     </span>
    </p>
   </div>
   <div class='ocr_carea' id='block_1_121' title="bbox 1962 5456 3518 5524">
    <p class='ocr_par' dir='ltr' id='par_1_121' title="bbox 1962 5456 3518 5524">
     <span class='ocr_line' id='line_1_122' title="bbox 1962 5456 3518 5524; baseline -0.003 -10"><span class='ocrx_word' id='word_1_913' title='bbox 1962 5456 2124 5515; x_wconf 77' lang='lat' dir='ltr'><strong>etiam</strong></span> <span class='ocrx_word' id='word_1_914' title='bbox 2170 5460 2513 5524; x_wconf 88' lang='lat' dir='ltr'><strong>interpretari</strong></span> <span class='ocrx_word' id='word_1_915' title='bbox 2561 5461 2788 5513; x_wconf 78' lang='lat' dir='ltr'><strong>formam</strong></span> <span class='ocrx_word' id='word_1_916' title='bbox 2829 5470 2884 5514; x_wconf 91' lang='lat' dir='ltr'><strong>et</strong></span> <span class='ocrx_word' id='word_1_917' title='bbox 2933 5459 3199 5511; x_wconf 89' lang='lat' dir='ltr'><strong>rationem</strong></span> <span class='ocrx_word' id='word_1_918' title='bbox 3244 5456 3518 5524; x_wconf 85' lang='lat' dir='ltr'><strong>scribendi</strong></span> 
     </span>
    </p>
   </div>
   <div class='ocr_carea' id='block_1_122' title="bbox 1961 5523 3518 5596">
    <p class='ocr_par' dir='ltr' id='par_1_122' title="bbox 1961 5523 3518 5596">
     <span class='ocr_line' id='line_1_123' title="bbox 1961 5523 3518 5596; baseline -0.004 -10"><span class='ocrx_word' id='word_1_919' title='bbox 1961 5548 2054 5586; x_wconf 90' lang='lat' dir='ltr'><strong>seu</strong></span> <span class='ocrx_word' id='word_1_920' title='bbox 2083 5523 2476 5591; x_wconf 83' lang='lat' dir='ltr'><strong>characterem,</strong></span> <span class='ocrx_word' id='word_1_921' title='bbox 2502 5531 2643 5596; x_wconf 89' lang='lat' dir='ltr'><strong>quod</strong></span> <span class='ocrx_word' id='word_1_922' title='bbox 2672 5532 2964 5584; x_wconf 86' lang='lat' dir='ltr'><strong>conlirmat</strong></span> <span class='ocrx_word' id='word_1_923' title='bbox 2990 5529 3298 5596; x_wconf 83' lang='lat' dir='ltr'><strong>Dionysius.</strong></span> <span class='ocrx_word' id='word_1_924' title='bbox 3335 5523 3518 5580; x_wconf 89' lang='lat' dir='ltr'><strong>Primo</strong></span> 
     </span>
    </p>
   </div>
   <div class='ocr_carea' id='block_1_123' title="bbox 1953 5599 3519 5670">
    <p class='ocr_par' dir='ltr' id='par_1_123' title="bbox 1953 5599 3519 5670">
     <span class='ocr_line' id='line_1_124' title="bbox 1953 5599 3519 5670; baseline -0.003 -16"><span class='ocrx_word' id='word_1_925' title='bbox 1953 5604 2097 5655; x_wconf 88' lang='lat' dir='ltr'><strong>enim</strong></span> <span class='ocrx_word' id='word_1_926' title='bbox 2124 5599 2232 5654; x_wconf 87' lang='grc' dir='ltr'><strong>ἀπὸ</strong></span> <span class='ocrx_word' id='word_1_927' title='bbox 2257 5599 2352 5652; x_wconf 87' lang='grc' dir='ltr'><strong>τοῦ</strong></span> <span class='ocrx_word' id='word_1_928' title='bbox 2383 5599 2546 5670; x_wconf 73' lang='grc' dir='ltr'>ἡθους</span> <span class='ocrx_word' id='word_1_929' title='bbox 2591 5602 2783 5668; x_wconf 89' lang='lat' dir='ltr'><strong>probat</strong></span> <span class='ocrx_word' id='word_1_930' title='bbox 2823 5599 3203 5670; x_wconf 80' lang='lat' dir='ltr'><strong>Apocalypsim</strong></span> <span class='ocrx_word' id='word_1_931' title='bbox 3255 5613 3358 5650; x_wconf 79' lang='lat' dir='ltr'><strong>non</strong></span> <span class='ocrx_word' id='word_1_932' title='bbox 3396 5611 3519 5670; x_wconf 79' lang='lat' dir='ltr'><strong>esse</strong></span> 
     </span>
    </p>
   </div>
   <div class='ocr_carea' id='block_1_124' title="bbox 1952 5667 3516 5749">
    <p class='ocr_par' dir='ltr' id='par_1_124' title="bbox 1952 5667 3516 5749">
     <span class='ocr_line' id='line_1_125' title="bbox 1952 5667 3516 5749; baseline -0.003 -24"><span class='ocrx_word' id='word_1_933' title='bbox 1952 5670 2196 5749; x_wconf 62' lang='lat' dir='ltr'><strong>Joannis</strong></span> <span class='ocrx_word' id='word_1_934' title='bbox 2224 5667 2479 5749; x_wconf 73' lang='lat' dir='ltr'><strong>apostoli.</strong></span> <span class='ocrx_word' id='word_1_935' title='bbox 2522 5667 2734 5749; x_wconf 67' lang='lat' dir='ltr'><strong>Peinde</strong></span> <span class='ocrx_word' id='word_1_936' title='bbox 2770 5685 2836 5724; x_wconf 80' lang='lat' dir='ltr'><strong>ex</strong></span> <span class='ocrx_word' id='word_1_937' title='bbox 2873 5667 3108 5749; x_wconf 57' lang='lat' dir='ltr'><strong>stylo&#39;et</strong></span> <span class='ocrx_word' id='word_1_938' title='bbox 3153 5667 3330 5749; x_wconf 69' lang='lat' dir='ltr'><strong>forma</strong></span> <span class='ocrx_word' id='word_1_939' title='bbox 3375 5667 3516 5726; x_wconf 60' lang='lat' dir='ltr'><strong>scrin</strong></span> 
     </span>
    </p>
   </div>
   <div class='ocr_carea' id='block_1_125' title="bbox 1951 5739 3264 5810">
    <p class='ocr_par' dir='ltr' id='par_1_125' title="bbox 1951 5739 3264 5810">
     <span class='ocr_line' id='line_1_126' title="bbox 1951 5739 3264 5810; baseline -0.005 -10"><span class='ocrx_word' id='word_1_940' title='bbox 1951 5743 2150 5810; x_wconf 87' lang='lat' dir='ltr'><strong>bendi;</strong></span> <span class='ocrx_word' id='word_1_941' title='bbox 2182 5741 2236 5800; x_wconf 87' lang='lat' dir='ltr'><strong>id</strong></span> <span class='ocrx_word' id='word_1_942' title='bbox 2267 5739 2376 5810; x_wconf 88' lang='lat' dir='ltr'><strong>est,</strong></span> <span class='ocrx_word' id='word_1_943' title='bbox 2401 5754 2471 5796; x_wconf 77' lang='lat' dir='ltr'><strong>ex</strong></span> <span class='ocrx_word' id='word_1_944' title='bbox 2503 5739 2737 5798; x_wconf 89' lang='lat' dir='ltr'><strong>dictione</strong></span> <span class='ocrx_word' id='word_1_945' title='bbox 2771 5751 2936 5810; x_wconf 85' lang='lat' dir='ltr'><strong>atque</strong></span> <span class='ocrx_word' id='word_1_946' title='bbox 2961 5739 3264 5798; x_wconf 83' lang='lat' dir='ltr'><strong>sententiis.</strong></span> 
     </span>
    </p>
   </div>
  </div>
