3928 6252
470 200 575 259 699

1180 197 1455 255 EUSEBII
1493 196 1958 256 CAESARIENSIS
1994 199 2144 259 OPP.
2187 203 2366 264 PARS
2401 208 2445 266 1.
2485 243 2558 253 -
2592 206 2983 269 HISTORICA.

3629 212 3730 267 700

464 333 637 377 unum
671 317 1033 389 eamdemque
1054 318 1379 388 scriptorem
1418 335 1537 376 esse
1571 320 1820 391 coniicio.
1843 322 1990 394 Quip]

2094 330 2120 387 λ
2147 325 2365 378 τάσσειο
2400 327 2762 396 Ἀποκάλυψις
2794 327 2965 400 Ἰησοῦ
2997 330 3229 399 Χριστοῦ
3257 332 3321 399 ἢν
3349 329 3550 384 ἔδωκεν
3580 332 3729 401 αὖτῴ

464 409 802 481 evangelista
849 410 1067 481 quidem
1117 410 1310 466 nullibi
1354 426 1551 470 nomen
1590 428 1745 468 suum
1786 415 2031 477 ascribit,

464 520 568 561 nec
609 505 937 576 semetipse,
975 514 1069 560 aut
1109 506 1165 561 in
1200 506 1494 577 Evangelia
1519 546 1536 573 ,
1567 518 1660 563 aut
1707 509 1759 562 in
1796 508 2033 578 Epistola

463 597 749 667 praedicat.
806 616 826 650 ι
872 597 939 651 Ει
978 598 1142 668 paulo
1176 608 1300 668 post
1324 600 1548 654 subdit:
1586 619 1605 652 (
1637 599 1875 656 Joannes
1905 618 2033 657 vero

461 700 763 755 nusquam,
797 701 896 740 nec
927 695 1180 755 tanquam
1216 688 1282 743 de
1317 690 1498 759 seipso
1533 705 1633 745 nec
1673 700 1933 762 tanquam
1966 694 2032 748 de

457 777 652 833 altero.
683 781 754 833 At
779 778 868 833 ille
911 779 1002 849 qui
1054 778 1465 837 Revelati-mem
1507 783 1764 853 scripsit,
1804 786 1857 840 in
1914 788 2030 856 ipso

457 868 643 924 statim
696 870 920 927 exordio
973 886 1170 927 nomen
1222 888 1378 928 suum
1429 877 1653 946 praeﬁgit
1717 892 1839 932 cum
1887 881 1964 933 ait
2011 898 2025 934 :

462 978 485 1013 ι
521 960 800 1017 Revelatio
827 961 953 1018 Jesu
980 963 1183 1020 Christi
1214 981 1378 1035 quam
1425 968 1571 1025 dedit
1604 969 1705 1039 ipsi
1752 980 1811 1025 ut
1848 971 2026 1042 palam

452 1049 663 1107 faceret
703 1053 875 1107 servis
944 1055 1058 1110 suis
1102 1055 1371 1121 celeriter,
1422 1067 1478 1113 et
1530 1059 1855 1135 signiﬁcavit
1903 1063 2029 1119 mit-

455 1152 573 1198 tens
633 1159 729 1214 per
781 1145 1031 1215 angelum
1102 1164 1259 1203 suum
1305 1148 1500 1205 Joanni
1549 1167 1710 1208 servo
1750 1166 1890 1219 suo,
1933 1155 2024 1224 qui

453 1236 781 1293 testiﬁcatus
838 1240 933 1309 est|
980 1238 1208 1295 Verbum
1246 1241 1343 1296 Dei
1390 1252 1445 1298 et
1480 1246 1852 1301 testimonium
1910 1247 2025 1316 ejus

447 1337 786 1395 quaecunque
834 1328 986 1383 vidit.
1028 1346 1047 1380 ι
1124 1329 1206 1382 Ad
1275 1333 1388 1386 hare
1445 1331 1742 1402 Epistolam
1790 1338 2018 1394 scribit:

456 1432 480 1470 ‹
515 1414 790 1484 Joannes,
818 1419 1028 1490 inquit,
1074 1434 1277 1493 septem
1337 1426 1595 1484 Ecclesiis
1638 1444 1760 1499 qua:
1795 1442 1918 1487 sunt
1966 1433 2018 1489 in

442 1506 596 1567 Asia.
654 1509 841 1566 Gratia
887 1513 1038 1569 vobis
1079 1523 1135 1568 et
1163 1532 1287 1585 pax.
1327 1537 1350 1572 ›
1384 1518 1752 1592 Evangelistes
1779 1538 1905 1579 vero
1951 1540 2020 1581 ne

444 1600 726 1659 catholicas
769 1605 986 1675 quidem
1017 1607 1271 1676 Epistulae
1310 1626 1508 1668 nomen
1550 1631 1709 1671 suum
1757 1618 2013 1688 praeﬁxit,

2136 415 2304 482 δεῖξαι
2335 420 2444 482 τοῖς
2469 418 2672 483 δούλοις
2700 419 2862 473 αὑτοῦ
2889 422 2944 473 ἐν
2970 421 3144 493 τάχει.
3162 424 3267 476 Καὶ
3289 424 3569 494 ἐσήμανεν
3594 426 3728 477 ἀπο-

2138 509 2348 574 στείλας
2393 512 2482 566 διὰ
2511 511 2604 565 τοῦ
2636 513 2866 581 ἀγγέλου
2902 515 3063 568 αὐτοῦ
3091 514 3168 586 τῷ
3192 515 3364 586 δούλῳ
3396 518 3563 570 αὐτοῦ
3612 519 3698 573 Ἱω

2134 596 2268 669 άννῃ
2295 637 2309 659 ,
2358 596 2417 662 ὃς
2461 598 2808 671 ἐμαρτύρησε
2849 600 2940 654 τὸν
2989 603 3158 671 Λόγον
3197 604 3291 657 τοῦ
3328 603 3464 659 Θεοῦ
3496 608 3592 660 καὶ
3623 608 3720 678 τὴν

2135 688 2436 760 μαρτυρίαν
2465 689 2629 742 αὑτοῦ
2659 692 2757 745 ὅσα
2779 688 2936 747 εἶδεν.
2950 713 2969 745 ι
2987 690 3118 748 Εἶτα
3139 696 3566 769 καὶἙπιστολὴν
3584 702 3721 770 γράυ

2131 794 2239 846 φει·
2260 797 2279 830 t
2302 780 2549 851 Ἰωάννης
2571 784 2688 846 ταῖς
2712 783 2850 838 ἑπτὰ
2881 784 3225 855 Ἐκκλησίαις
3243 789 3362 850 ταῖς
3377 789 3435 839 ἐν
3455 790 3521 858 τῇ
3540 790 3714 860 Ἀσίᾳ,

2130 870 2286 951 γάρις
2319 870 2445 941 ὑμῖν
2475 873 2569 925 καὶ
2601 874 2814 945 εἰρήνη.
2851 895 2868 926 ι
2890 875 2947 928 '0
2974 875 3030 928 δέ
3061 892 3122 945 γε
3149 878 3561 951 εὐαγγελιστὴς,
3590 883 3713 935 οὐδὲ

2127 948 2528 1039 τῆςκαθολικῆς
2544 970 2830 1041 ἐπιστολῆς
2851 971 3198 1045 ιπροέγραψεν
3220 973 3413 1027 ἑαυτοῦ
3435 948 3709 1047 τὸνδνομα,

2125 1058 2261 1112 ἀλλά
2289 1060 2594 1131 ἀπερίττως
2628 1061 2724 1114 ἀπ’
2756 1063 2919 1116 αὐτοῦ
2952 1063 3044 1118 τοῦ
3084 1067 3382 1137 μυστηρίου
3420 1068 3521 1140 τῆς
3559 1069 3710 1135 θείας

2138 1150 2545 1221 Ἀποκαλύψεως
2588 1153 2805 1224 ἤρξατο·
2838 1175 2857 1207 ‹
2890 1157 2954 1209 Ὃ
2996 1152 3064 1227 ἦν
3090 1159 3185 1223 ἀπ’
3219 1159 3412 1230 ἀρχῆς,
3434 1159 3462 1212 ὂ
3504 1162 3708 1232 ἀκηκό-

2123 1259 2156 1295 α
2165 1260 2281 1313 μεν,
2302 1243 2329 1295 ὂ
2344 1244 2664 1314 ἑωράκαμεν
2696 1249 2808 1310 τοῖς
2824 1247 3119 1318 ὀφθαλμοῖς
3141 1252 3172 1321 ἠ
3185 1249 3318 1320 μῶν.
3332 1269 3351 1302 ι
3387 1251 3511 1305 Ἐπὶ
3533 1254 3706 1327 ταύτῃ

2122 1334 2228 1405 γὰρ
2246 1338 2310 1406 τῇ
2353 1335 2714 1407 Ἀποκαλύψει
2747 1340 2841 1393 καὶ
2871 1342 2899 1392 6
2926 1339 3129 1412 Κύριος
3154 1342 3244 1393 τὸν
3259 1342 3468 1415 Πέτρον
3492 1346 3706 1415 ἐμακά-

2124 1442 2270 1496 ρισεν
2316 1427 2504 1482 εἰπών·
2540 1449 2559 1482 ι
2586 1431 2870 1503 Μακάριος
2921 1427 2990 1496 εἴ,
3032 1433 3215 1504 Σίμων
3267 1434 3371 1507 βὰρ
3415 1437 3592 1501 Ἰωνᾶ,
3620 1440 3702 1492 ὅτι

2122 1519 2257 1591 σάρξ
2284 1523 2377 1574 καὶ
2403 1516 2540 1594 αἷμα
2565 1523 2665 1576 οὐκ
2690 1523 3006 1594 ἀποκάλυψέ
3037 1542 3141 1589 σοι,
3175 1525 3290 1579 ἀλλ’
3313 1530 3341 1581 6
3368 1528 3559 1601 Πατήρ
3596 1547 3700 1601 μου

2117 1612 2145 1663 6
2173 1613 2437 1685 οὐράνιος.
2464 1635 2482 1667 ι
2504 1616 2645 1669 Ἀλλ’
2670 1617 2788 1671 οὐδὲ
2817 1619 2875 1670 ὲν
2889 1620 2955 1690 τῇ
2980 1617 3208 1692 δευτέρᾳ
3224 1621 3499 1695 φερομένῃ
3528 1624 3702 1679 Ἰωάν-

444 1695 539 1748 sed
571 1695 780 1764 absque
828 1698 934 1753 ulla
966 1702 1256 1757 verborum
1300 1706 1530 1776 ambage
1556 1709 1624 1762 ab
1670 1680 1786 1779 ipso
1818 1711 1990 1766 divina

2118 1724 2207 1759 νου
2229 1680 2321 1761 διαὶ
2348 1708 2525 1781 τρίτῃ,
2553 1711 2726 1764 καίτοι
2754 1680 3033 1782 βραχείαις
3062 1680 3250 1777 οὔσαις
3286 1680 3647 1780 Ἐπιστολαῖς,
3669 1717 3699 1770 6

442 1782 810 1843 Revelationis
834 1794 1093 1860 mysterio
1114 1809 1340 1850 exorsus
1360 1806 1445 1852 est
1475 1815 1490 1852 :
1522 1817 1541 1850 ι
1572 1797 1724 1866 Quod
1754 1800 1855 1857 fuit
1880 1841 1898 1869 ,
1930 1804 2014 1858 in-

442 1876 586 1945 quit,
645 1880 715 1933 ab
776 1878 976 1937 initio:
1014 1886 1156 1951 quod
1207 1887 1514 1944 audivimus
1539 1930 1555 1957 ,
1598 1893 1742 1960 quod
1781 1894 2012 1951 vidimus

435 1969 616 2026 oculis
670 1973 890 2029 nostris.
933 1995 952 2028 ι
1005 1978 1083 2032 0b
1146 1980 1454 2048 huiusmodi
1509 1983 1652 2040 enim
1699 1986 2007 2044 Revelatio-

441 2076 561 2117 nem
595 2062 813 2121 Petrum
846 2068 1106 2128 Dominus
1155 2073 1375 2130 beatum
1408 2078 1729 2147 prtedicavit
1760 2083 1846 2138 his
1885 2099 2008 2140 vcr-

435 2153 520 2209 bis
555 2173 569 2210 :
602 2174 622 2209 c
658 2156 858 2215 Beatus
891 2177 949 2217 es
977 2202 993 2227 ,
1046 2164 1231 2220 Simon
1279 2169 1350 2223 [ili
1394 2168 1545 2226 Jonas
1571 2212 1588 2237 ,
1620 2174 1744 2242 quia
1787 2189 1915 2230 caro
1953 2186 2006 2232 et

431 2247 650 2315 sanguis
698 2265 806 2306 non
860 2255 1126 2311 revelavit
1180 2258 1297 2325 tibi,
1328 2263 1424 2316 sed
1459 2262 1622 2318 Pater
1650 2280 1802 2322 meus
1825 2269 1918 2337 qui
1946 2269 2000 2324 in

430 2337 582 2393 cmlis
624 2349 726 2395 est.
759 2361 780 2393 ι
832 2340 937 2398 Sed
983 2361 1157 2416 neque
1201 2349 1253 2403 in
1302 2353 1539 2409 secunda
1579 2368 1641 2409 ac
1666 2357 1848 2423 tertia,
1882 2373 2004 2427 quae

425 2425 621 2484 Joauni
665 2434 824 2503 vulgo
866 2437 1237 2505 ascribuntur,
1284 2441 1563 2515 Epistolis,
1597 2449 1848 2517 quamvis
1877 2425 2001 2505 bre-

428 2520 688 2588 vissimis,
714 2521 943 2582 Joannis
962 2532 1280 2586 vocabulum
1312 2545 1546 2603 prostat,
1582 2554 1769 2594 verum
1794 2543 1999 2611 absque

425 2611 538 2667 ullo
594 2615 816 2672 nomine
864 2616 1058 2675 Senior
1096 2624 1437 2682 inscribitur.
1482 2629 1636 2685 Alter
1680 2642 1861 2688 autem
1905 2635 1998 2692 ille

423 2718 533 2758 non
566 2707 703 2762 satis
734 2707 926 2765 habuit
956 2716 1174 2770 nomine
1219 2731 1319 2772 suo
1348 2720 1520 2775 semel
1549 2722 1697 2779 edito
1724 2732 1997 2784 narratio-

424 2807 549 2846 nem
586 2795 838 2867 deinceps
869 2805 1120 2874 prosequi
1154 2822 1167 2858 :
1197 2806 1292 2861 sed
1328 2807 1520 2863 iterum
1553 2814 1751 2880 repetit
1781 2835 1794 2869 :
1832 2836 1850 2869 ι
1881 2819 1994 2891 Ego

420 2881 688 2952 Joannes,
742 2884 914 2946 fiater
955 2903 1009 2949 et
1044 2911 1267 2952 consors
1317 2910 1495 2955 vester
1546 2904 1602 2958 in
1646 2881 1993 2967 tribulatione

2133 1796 2383 1869 Ἰωάννης
2410 1799 2667 1871 ὀνομαστὶ
2690 1801 2996 1872 πρόκειται,
3022 1800 3157 1856 ἀλλὰ
3193 1802 3476 1876 ἀνώνυμος
3507 1808 3535 1859 6
3555 1810 3698 1875 Πρε-

2118 1892 2408 1959 σϐύτερος
2434 1889 2764 1965 γέγραπται.
2796 1885 2963 1957 Οὗτος
2985 1893 3041 1947 δέ
3069 1910 3133 1963 γε
3160 1895 3277 1949 οὐδὲ
3294 1893 3566 1968 αὔταρκες
3586 1897 3697 1951 ὲνό-

2118 2000 2272 2054 μισεν
2299 1985 2528 2050 εἰσάπαξ
2554 1987 2742 2040 ἑαυτὸν
2779 1988 3082 2058 ὀνομάσας,
3111 1984 3415 2060 διηγεῖσθαι
3445 1988 3516 2043 τὰ
3546 1990 3694 2060 έξῆς,

2112 2077 2246 2156 ἀλλὰ
2288 2079 2447 2133 πάλιν
2473 2079 2858 2152 ἀναλαμϐάνει·
2889 2101 2908 2135 ε
2951 2082 3089 2152 Ἐγὼ
3135 2083 3383 2156 Ἰωάννης
3409 2085 3439 2136 ὀ
3465 2085 3692 2155 ἀδελφὸς

2111 2153 2283 2240 ὗμῶν,
2317 2171 2412 2224 καὶ
2439 2172 2794 2241 συγκοινωνὸς
2819 2176 2957 2247 ὲντῇ
2978 2174 3150 2246 θλίψει
3181 2176 3274 2230 καὶ
3300 2153 3571 2248 βασιλείᾳ,
3600 2153 3691 2231 παὶ

2111 2263 2168 2315 ὲν
2197 2262 2436 2335 ὑπομονῇ
2475 2265 2668 2335 Ἰησοῦ,
2700 2266 2962 2339 ἐγενόμην
3006 2268 3064 2321 ὲν
3104 2270 3168 2339 τῇ
3201 2271 3347 2340 νήσῳ
3377 2271 3443 2340 τῇ
3492 2268 3687 2323 καλου-

2110 2355 2244 2428 μένῃ
2279 2356 2504 2429 Πάτμῳ,
2527 2358 2615 2412 διὰ
2642 2358 2732 2413 τὸν
2756 2360 2924 2428 Λόγον
2954 2360 3047 2413 τοῦ
3073 2359 3207 2413 Θεοῦ
3237 2362 3331 2413 καὶ
3350 2361 3453 2431 τὴν
3488 2378 3689 2433 μαρτυ-

2109 2447 2227 2518 ρίαν
2267 2448 2459 2521 Ἰησοῦ.
2483 2469 2501 2502 ι
2537 2451 2647 2504 Καὶ
2674 2451 2739 2523 δὴ
2771 2453 2865 2506 καὶ
2894 2452 3027 2524 πρὸς
3051 2451 3128 2523 τῷ
3150 2452 3293 2506 τέλει
3319 2453 3495 2506 ταῦτα
3541 2449 3681 2506 είπε’

2110 2558 2128 2590 ‹
2149 2540 2432 2613 Μακάριος
2459 2544 2487 2595 6
2508 2541 2688 2614 τηρῶν
2719 2545 2844 2607 τοὺς
2869 2544 3060 2613 λόγους
3082 2542 3183 2614 τῆς
3218 2545 3560 2617 προφητείας
3592 2544 3683 2599 τοῦ

2104 2630 2309 2701 βιϐλίου
2342 2633 2550 2691 τούτου.
2571 2634 2742 2704 Κάγὼ
2781 2635 3031 2708 Ἰωάννης
3055 2639 3083 2690 6
3110 2636 3320 2707 βλέπων
3346 2639 3441 2691 καὶ
3468 2638 3682 2692 ἀκούων

2099 2721 2288 2777 ταῦτα.
2314 2743 2331 2775 ι
2356 2724 2475 2778 Ὅτι
2494 2725 2591 2796 μὲν
2611 2721 2702 2780 οὖν
2727 2727 2979 2799 Ἰωάννης
3008 2728 3152 2782 ἐστὶν
3174 2731 3202 2783 6
3227 2727 3397 2783 ταῦτα
3426 2729 3678 2802 γράφων,

2099 2813 2247 2885 αὑτῷ
2272 2815 2478 2883 λέγοντι
2510 2817 2825 2871 πιστευτέον
2845 2835 2858 2848 ο
2892 2821 3040 2883 ποῖος
3068 2819 3125 2873 δὲ
3152 2814 3324 2886 οὗτος,
3359 2822 3581 2893 ἄδηλον.
3608 2824 3676 2876 Οὐ

2098 2906 2205 2979 γὰρ
2237 2905 2388 2962 εἶπεν
2419 2896 2609 2963 ἑαυτὸν
2646 2906 2804 2973 εἶναι,
2836 2910 2911 2975 ὼς
2935 2913 2991 2963 ὲν
3018 2911 3097 2983 τῷ
3129 2913 3445 2985 Εὐαγγελίῳ
3481 2914 3679 2969 πολλα-

412 2984 474 3029 et
507 2991 671 3047 regno
704 2988 760 3034 et
791 2982 843 3035 in
903 2986 1163 3053 patientia
1199 2987 1364 3058 Jesu;
1413 2993 1488 3049 fui
1540 2995 1593 3049 in
1640 2999 1816 3055 insula
1873 3018 1990 3072 qua:

676 3084 679 3086 ς
813 3084 821 3086 _
1223 3080 1268 3086 _-
1337 3083 1345 3086 _

2097 2999 2212 3070 χοῦ,
2242 3000 2330 3054 τὸν
2359 3002 2714 3075 ἠγαπημένον
2752 3003 2857 3057 ὑπὸ
2879 3002 2973 3057 τοῦ
3008 2982 3211 3077 κυρίου
3250 2982 3518 3079 μαθητὴν,
3555 3008 3676 3061 οὐδὲ

417 3065 636 3124 Patmos
672 3084 916 3141 vocatur,
952 3088 1174 3149 propter
1223 3080 1459 3138 Verbum
1510 3087 1602 3141 Dei
1637 3098 1693 3144 et
1746 3065 1993 3149 testimo-

415 3158 565 3212 nium
616 3158 764 3217 Jesu.
806 3184 825 3216 ι
866 3164 936 3220 Ει
1001 3167 1100 3222 sub
1154 3168 1315 3224 linem
1366 3171 1494 3229 libri
1527 3192 1716 3235 rursus
1745 3165 1859 3238 haec
1893 3186 1990 3240 ad-

416 3251 496 3305 dit
528 3269 543 3306 :
575 3270 599 3305 ς
638 3253 837 3313 Beatus
867 3259 958 3328 qui
983 3269 1165 3316 servat
1208 3262 1369 3318 verba
1412 3269 1709 3338 prophetia:
1734 3274 1857 3331 libri
1889 3278 1987 3333 hu-

404 3338 541 3409 jus,
607 3354 662 3399 et
707 3362 807 3417 ego
850 3347 1090 3408 Joannes
1138 3353 1232 3422 qui
1281 3354 1397 3411 haec
1462 3359 1571 3415 vidi
1619 3372 1677 3418 et
1726 3368 1926 3427 audivi.
1962 3388 1983 3423 ι

410 3431 670 3489 Joannem
701 3437 869 3508 igitur
896 3456 1019 3497 esse
1062 3458 1344 3503 auctorem
1397 3450 1557 3520 hujus
1600 3454 1762 3523 libri,
1797 3459 1901 3529 ipsi
1933 3460 1987 3515 id

412 3523 699 3581 aﬂirmanti
732 3530 1062 3587 credendum
1113 3547 1218 3592 est.
1262 3539 1368 3596 Sed
1405 3544 1659 3612 quisnam
1692 3548 1783 3603 ille
1816 3523 1986 3607 inerit

407 3613 666 3684 Joannes,
700 3621 994 3682 incertum.
1020 3627 1207 3697 Neque
1233 3633 1375 3688 enim
1406 3638 1643 3708 seipsum
1674 3656 1795 3697 esse
1827 3644 1977 3710 dicit,

407 3706 551 3763 sicut
589 3710 642 3765 in
673 3711 966 3785 Evangelia
996 3720 1190 3789 saepius
1219 3724 1440 3793 dicitur,
1468 3706 1796 3801 discipulum
1828 3706 1980 3791 illum

406 3811 567 3865 quem
609 3802 801 3859 dilexit
850 3806 1131 3876 Dominus,
1168 3824 1262 3868 aut
1294 3815 1440 3871 illum
1476 3820 1566 3889 qui
1596 3837 1759 3892 supra
1789 3837 1980 3894 pectus

406 3890 623 3948 Domini
657 3900 923 3966 recubuit,
955 3913 1042 3956 aut
1074 3905 1298 3961 lratrem
1328 3908 1512 3966 Jacobi
1546 3931 1560 3967 :
1592 3890 1684 3969 aut
1716 3890 1862 3970 illum
1886 3921 1979 3972 de-

404 3984 570 4052 nique
604 3989 697 4055 qui
742 3989 1032 4047 Dominum
1082 3996 1217 4050 vidit
1268 4010 1432 4069 atque
1481 4004 1712 4061 audivit.
1756 4008 1976 4077 Aliquid

402 4076 773 4135 ettitn<ltorum
805 4097 926 4150 qua:
960 4101 1259 4143 memorata
1296 4103 1422 4147 sunt
1446 4108 1597 4150 certe
1644 4076 1896 4163 dixisset,
1929 4101 1975 4154 si

402 4166 639 4236 seipsunt
694 4170 898 4241 liquido
948 4177 1209 4234 voluisset
1265 4187 1573 4241 oswndere.
1624 4188 1731 4244 Sed
1784 4191 1973 4246 horum

400 4258 619 4327 quidem
654 4263 787 4319 nihil
814 4268 998 4335 posuit
1031 4284 1047 4323 :
1085 4270 1302 4327 fratrem
1327 4290 1455 4331 vero
1481 4279 1740 4336 duntaxat
1769 4291 1824 4338 et
1852 4298 1975 4339 con-

2094 3092 2185 3145 τὸν
2207 3092 2432 3162 ἀδελφὸν
2472 3093 2751 3159 Ἰακώϐου,
2780 3096 2900 3150 οὐδὲ
2932 3097 3022 3151 τὸν
3064 3098 3339 3169 αὐτόπτην
3379 3101 3475 3154 καὶ
3506 3101 3675 3173 αὐτή-

2093 3201 2218 3237 κοον
2245 3184 2338 3237 τοῦ
2378 3186 2581 3258 Κυρίου
2617 3188 2924 3259 γενόμενον.
2963 3185 3097 3243 Εἶπε
3130 3189 3239 3263 γὰρ
3274 3191 3339 3245 ἄν
3381 3209 3433 3244 τι
3467 3192 3673 3247 τούτων

2093 3279 2197 3333 τῶν
2230 3277 2739 3351 προδεδηλωμένων,
2771 3280 2957 3350 σαφῶς
2983 3282 3172 3335 ἑαυτὸν
3215 3284 3515 3354 ἐμφανίσαι
3547 3284 3667 3355 βουο

2089 3368 2330 3441 λόμενος.
2379 3370 2536 3424 Ἀλλά
2564 3371 2768 3425 τούτων
2798 3373 2896 3443 μὲν
2922 3373 3094 3428 οὐδέν.
3143 3374 3391 3444 Ἀδελφὸν
3420 3375 3475 3429 δὲ
3507 3376 3667 3447 ἡμῶν

2088 3462 2183 3515 καὶ
2217 3463 2575 3531 συγκοινωνὺν
2608 3459 2727 3517 εἷπε
2772 3464 2865 3518 καὶ
2914 3465 3164 3538 μάρτυρα
3201 3466 3398 3539 Ἰησοῦ,
3432 3470 3526 3522 καὶ
3567 3486 3670 3540 μα-

2086 3554 2278 3626 κάριον
2306 3556 2396 3608 ἐπὶ
2424 3558 2489 3626 τῇ
2523 3555 2623 3627 θέᾳ
2660 3556 2755 3609 καὶ
2780 3559 2914 3630 ἀκοῇ
2944 3558 3051 3612 τῶν
3080 3559 3496 3630 ἀποκαλύψεων.
3529 3561 3667 3615 Πολ-

2084 3643 2209 3708 λοὺς
2232 3643 2288 3696 δὲ
2315 3644 2636 3715 ὁμωνύμους
2674 3646 2891 3718 Ἰωάννη
2918 3646 2992 3717 τῷ
3018 3648 3297 3721 ἀποστόλῳ
3334 3649 3541 3721 νομίζω
3577 3670 3665 3720 γε·

2081 3736 2315 3805 γονέναι,
2346 3737 2394 3789 οἶ
2423 3736 2509 3790 διὰ
2540 3736 2633 3808 τὴν
2657 3738 2793 3809 πρὸς
2825 3740 3028 3792 ἐκεῖνον
3054 3740 3291 3812 ἀγάπην,
3318 3744 3412 3796 καὶ
3442 3743 3501 3795 τὸ
3534 3743 3662 3796 θαυ-

2083 3828 2275 3898 μάζειν
2310 3831 2403 3882 καὶ
2430 3827 2644 3900 ζηλοῦν,
2673 3830 3022 3901 ἁγαπηθῆναί
3052 3849 3110 3885 τε
3143 3834 3343 3903 ὁμοίως
3370 3834 3519 3906 αὐτῷ
3546 3834 3658 3905 βού-

2078 3920 2265 3972 λεσθαι
2291 3921 2394 3972 ὑπὸ
2427 3919 2520 3972 τοῦ
2558 3920 2761 3992 Κυρίου
2789 3961 2802 3985 ,
2831 3922 2927 3974 καὶ
2967 3922 3064 3993 τὴν
3093 3923 3407 3995 ἐπωνυμίαν
3437 3925 3533 3996 τὴν
3562 3928 3654 3979 αὑ·-

2076 4009 2174 4079 τὴν
2207 4010 2544 4079 ἠσπάσαντο.
2585 4011 2796 4083 Ὥσπερ
2825 4013 2921 4065 καὶ
2948 4014 2975 4065 ὁ
3011 4012 3221 4076 Παῦλος
3264 4015 3430 4080 πολὺς
3473 4018 3565 4070 καὶ
3591 4016 3651 4089 δὴ

2076 4106 2169 4156 καὶ
2193 4104 2220 4155 6
2259 4102 2463 4173 Πέτρος
2510 4105 2567 4156 ἐν
2612 4105 2724 4167 τοῖς
2771 4103 2879 4155 τῶν
2925 4105 3128 4158 πιστῶν
3172 4107 3358 4160 παισὶν
3390 4109 3646 4179 ὀνομάζε-

2073 4212 2162 4247 ται
2197 4194 2291 4265 (ί).
2328 4195 2482 4247 Ἔστι
2528 4194 2624 4265 μὲν
2664 4194 2755 4248 οὖν
2797 4195 2891 4249 καὶ
2923 4196 3106 4268 ἕτερος
3146 4198 3398 4270 Ἰωάννης
3440 4203 3495 4253 ἐν
3526 4205 3645 4265 ταῖς

2075 4289 2311 4363 Πράξεσι
2356 4289 2464 4343 τῶν
2507 4290 2818 4344 ἀποστόλων
2853 4294 2882 4344 6
2933 4293 3250 4365 ἐπικληθεὶς
3289 4297 3541 4368 Μάρκος*
3589 4298 3644 4352 εν

400 4360 600 4408 sortem
623 4354 787 4426 275
815 4367 1059 4414 nostrum
1089 4377 1209 4419 sese
1236 4367 1543 4435 appellavit,
1574 4381 1629 4426 et
1660 4382 1849 4430 testem
1878 4374 1969 4430 Je-

2094 4354 2356 4456 ἶάρνάὸας
2400 4384 2495 4436 καὶ
2535 4382 2745 4446 Παῦλος
2782 4384 2993 4445 ἑαυτοῖς
3039 4354 3461 4459 συμπα-ρέλαέον
3481 4354 3643 4461 ,τπερὶ

400 4454 500 4552 su];
528 4440 741 4502 beatum
777 4449 1012 4521 denique
1044 4456 1115 4510 ob
1148 4457 1316 4512 visam
1349 4470 1513 4531 atque
1559 4467 1802 4523 auditam
1859 4470 1965 4525 Re-

2153 4440 2166 4456 ο
2335 4440 2351 4446 ν
2730 4440 2741 4446 -
2972 4440 2987 4445 -
3113 4440 3124 4456 ι
3239 4440 3251 4459 ι
3338 4440 3347 4441 ί
3413 4440 3449 4441 έν
3482 4440 3495 4454 ν
3531 4440 3636 4461 "’r‘

2094 4467 2128 4527 ιῦ
2150 4475 2243 4528 καὶ
2261 4473 2417 4528 πάλιν
2441 4473 2605 4543 λέγει⁸
2619 4492 2638 4525 ‹
2662 4470 2820 4545 Εἶχον
2841 4475 2898 4528 δὲ
2922 4478 3016 4530 καὶ
3047 4477 3299 4551 Ἰωάννην
3316 4481 3597 4552 ὑπηρέτην
3617 4503 3636 4534 ι

396 4528 737 4631 velalionem.
795 4541 876 4596 Ac
942 4544 1208 4615 plurimus
1272 4553 1488 4621 quidem
1550 4555 1721 4614 fuisse
1770 4562 1965 4631 opinor

388 4618 584 4682 Joanni
630 4630 877 4697 apostolo
922 4618 1306 4706 cognomines,
1338 4631 1687 4717 qui'propter
1721 4618 1962 4724 singula-

389 4728 504 4769 rem
534 4731 663 4787 erga
697 4720 845 4777 illum
888 4726 1321 4788 benevolentiam
1345 4773 1361 4798 ,
1412 4748 1466 4791 et
1499 4742 1643 4807 quod
1687 4720 1959 4800 hominem

387 4804 719 4866 mirarentur
745 4828 810 4870 ac
833 4818 1174 4887 suspicerent
1200 4863 1215 4888 ,
1246 4832 1301 4878 et
1328 4804 1555 4894 perinde
1583 4846 1647 4885 ac
1678 4832 1765 4887 ille
1792 4849 1822 4888 a
1857 4834 1961 4891 Do-

383 4896 534 4952 mino
569 4901 719 4971 diligi
758 4907 1048 4983 ambirent,
1076 4913 1175 4969 hoc
1209 4930 1624 4985 cognomentum
1661 4912 1975 4982 adamare?

383 4987 990 5060 rintzquemadmodum
1015 5019 1080 5057 ex
1102 5006 1339 5062 ﬁdelium
1357 5009 1547 5066 liberis
1576 5014 1772 5069 multos
1801 5015 1950 5073 Pauli

456 5101 709 5200 wn}:
725 5109 880 5200 ..τοῖς
929 5115 1052 5200 .τὸξῄ
1099 5122 1607 5200 πιστῶν-,παισὶν
1656 5130 1949 5200 ὀνομάζε-

380 5173 819 5272 ξηῗίξςρίὲῗξίπῑίὲυε
855 5173 946 5239 εει
1002 5189 1089 5272 his
1128 5173 1386 5272 ρ’ίοηγείῑ
1420 5173 1952 5272 Αοειιεέιωῶίᾱῦει

380 5241 831 5339 gliristiauoruui
859 5241 1386 5339 consuetudine-ﬁmi

382 5312 994 5410 alioruirimsanctorum
1045 5312 1280 5410 nomina:
1314 5312 1506 5410 iiberis
1555 5339 1669 5393 suis
1711 5312 1954 5410 impun;-

381 5379 538 5473 εἱειειιέ
564 5390 925 5473 tumnhonoris
952 5413 1017 5473 ac
1052 5379 1676 5473 benevoleni’igicaiisa:

381 5450 539 5542 liberi
564 5459 648 5512 sui
672 5460 963 5542 Deonchari
990 5450 1715 5542 άοὲιέβζῇηῖιὲ“ὲ’ἑξθιῖι,”ἶῖὄη

379 5537 543 5619 quam
577 5532 755 5619 sancti
784 5532 1141 5619 illiofuerant.’
1165 5532 1302 5619 ili-nc
1341 5532 1588 5619 estquod
1617 5532 1948 5619 chiyéo‘éiél

382 5608 505 5688 nius
531 5604 593 5688 inI
615 5604 991 5688 tomoprimo,
1020 5607 1075 5664 in
1127 5604 1681 5688 orationede'sancto
1706 5604 1942 5688 hieletio,

380 5664 748 5725 Autiochenos
771 5664 919 5731 tanta
942 5664 1942 5765 benevolentia'itéiétiiEEBﬁiﬁiEIJé

2067 4566 2130 4619 Εί
2163 4565 2218 4617 δὲ
2241 4559 2394 4638 οὗτος
2420 4566 2449 4618 6
2469 4563 2686 4636 γράψας
2712 4565 2857 4617 ἐστὶν
2879 4605 2893 4628 ,
2921 4566 3019 4618 οὐκ
3057 4565 3123 4619 ἂν
3155 4569 3319 4640 φαίην
3344 4587 3357 4599 ⁶
3386 4571 3507 4624 οὐδὲ
3536 4566 3640 4642 γάρ
3683 4569 3686 4572 ’

2045 4655 2289 4728 ,ἀφῖχθαι
2318 4658 2412 4711 σὺν
2446 4658 2627 4720 αὐτοῖς
2656 4658 2735 4720 είς
2762 4656 2858 4728 τὴν
2887 4658 3065 4711 Ἀσίαν
3093 4658 3420 4732 γέγραπται.
3446 4682 3464 4715 ‹
3488 4664 3640 4718 Ἀλλά

2065 4749 2387 4819 ἀναχθέντες
2421 4748 2538 4819 μὲν,
2566 4751 2747 4820 φησὶν,
2781 4749 2888 4802 ἀπὸ
2918 4752 3015 4821 τῆς
3038 4751 3225 4822 Πάφου
3253 4757 3302 4808 οί
3338 4757 3464 4827 περὶ
3497 4756 3637 4810 Παῦ-

2060 4840 2168 4903 λον,
2203 4836 2365 4911 ἧλθον
2410 4842 2488 4904 είς
2516 4841 2733 4911 Πέργην
2759 4840 2859 4911 τῆς
2903 4842 3245 4913 Παμφυλίας.
3291 4847 3542 4919 Ἰωάννης
3582 4848 3635 4901 δὲ

2056 4932 2418 5005 ἀποχωρήσας
2440 4933 2532 4987 ἀπ’
2559 4932 2756 4997 αὐτῶν,
2774 4932 3108 5005 ὑπέστρεψεν
3130 4938 3209 4999 εὶς
3241 4937 3628 5010 Ἰεροσόλυμα.»

2061 5019 2249 5074 νΛλλον
2292 5021 2350 5073 δέ
2388 5038 2507 5074 τινα
2534 5018 2689 5092 οἶμαι
2714 5021 2822 5075 τῶν
2865 5024 2923 5076 ὲν
2965 5024 3119 5096 Ἀσίᾳ
3144 5028 3483 5098 γενομένωνο
3514 5031 3630 5083 ἐπεὶ

2059 5150 2182 5190 esse
2211 5138 2430 5203 scribit,
2481 5146 2538 5190 ut
2589 5147 2846 5206 parentes
2893 5139 3079 5193 liberis
3113 5141 3227 5194 suis
3259 5158 3454 5198 nomen
3492 5145 3626 5199 illius

2059 5207 2422 5280 imponerent,
2472 5209 2842 5280 quohdomum
2880 5224 3034 5263 suam
3069 5210 3186 5278 ejus
3221 5216 3503 5280 praesentia
3536 5231 3625 5269 ex-

2057 5286 2336 5331 Oruarenl.
2367 5277 2509 5332 Idem
2557 5278 3005 5347 Chrysostomus,
3054 5277 3277 5336 humilia
3324 5285 3386 5338 ‘21
3443 5286 3496 5339 in
3535 5284 3627 5339 Ge-

2058 5348 2255 5422 nest'm,
2289 5348 2721 5422 auditores_suos_
2755 5351 3031 5414 hortatur,
3065 5360 3124 5404 ut
3157 5367 3265 5407 non
3299 5357 3506 5422 quaevis
3537 5373 3624 5409 no-

2058 5417 2202 5470 miua
2237 5429 2439 5495 temere
2464 5419 2806 5495 ac_fortui_to,
2844 5435 2944 5475 nec
2978 5436 3205 5495 avorum
3253 5417 3349 5478 aut
3400 5441 3621 5495 proavo-

2057 5503 2198 5565 rum,
2231 5497 2324 5540 aut
2352 5488 2644 5565 illustrium
2678 5490 2948 5565 virorum,
2981 5492 3073 5565 sed
3101 5488 3419 5565 sanctorum
3448 5496 3618 5565 potius

2054 5556 2335 5630 hominum
2390 5559 2483 5627 qui
2514 5559 2825 5630 Avirtutihus
2859 5561 3212 5630 refulserunt,
3270 5556 3460 5621 liberis
3512 5565 3618 5621 suis

2055 5628 2336 5705 imponant
2370 5628 2786 5705 appellationes,
2818 5641 2876 5686 ut
2904 5645 3094 5687 eorum
3127 5628 3381 5705 exemplo
3417 5639 3483 5692 ad
3523 5637 3619 5690 vir-

2056 5707 2219 5752 tutem
2249 5697 2629 5755 incendantur.
