3928 6252
462 279 569 338 70?-

1163 279 1433 338 EUSEBII
1469 279 1948 336 CESARIENSIS
1984 277 2135 338 OPP.
2175 276 2354 332 PARS
2389 275 2432 332 Ι.
2471 304 2543 316 -
2578 270 2970 329 HISTORICA.

3604 264 3714 320 704

467 399 706 456 nationis
731 399 962 472 elogium
1004 400 1262 457 adversus
1307 401 1568 456 mundum
1595 443 1609 466 ,
1647 403 1920 457 diabolum
1970 409 2025 457 et

2137 400 2294 472 ροράν
2313 401 2427 452 ὲστι
2453 393 2825 468 τεκμήρασθαι
2841 391 2934 445 τοῦ
2958 387 3284 458 Εὐαγγελίου
3315 385 3530 457 καὶτῆς
3555 386 3713 439 Ἐπι-

464 491 899 563 Antichristum,
936 491 1226 565 promissio
1272 494 1446 547 sancti
1493 491 1729 560 Spiritus
1757 532 1772 557 ,
1808 493 2026 560 adoptio

465 577 704 634 ﬁliorum
733 581 864 644 Dei,
909 582 1040 636 lides
1066 581 1119 634 in
1151 581 1404 634 omnibus
1433 595 1462 634 a
1491 581 1644 634 nobis
1675 581 1974 648 praestanda
2008 598 2022 634 :

465 669 630 726 Pater
649 680 703 726 et
724 671 894 727 Filius
922 671 1129 742 ubique
1163 671 1454 737 nominati,
1490 673 1544 726 in
1573 681 1799 742 utroque
1828 672 2025 740 passim

465 770 781 817 occurrunt.
822 762 1062 831 Denique
1097 762 1150 815 in
1180 762 1458 827 omnibus,
1488 762 1531 816 si
1564 772 1710 816 recte
1749 762 2025 816 examina-

465 850 610 904 veris
633 891 648 915 ,
679 866 816 904 unus
846 851 1098 920 idemque
1138 851 1415 921 utriusque
1444 851 1757 917 scriptionis
1791 852 1982 920 genius
2009 889 2025 917 ,

465 937 742 1008 Evangelii
787 939 1040 992 nimirum
1073 948 1125 992 el
1160 939 1414 1007 Epistola:
1438 977 1452 1001 ,
1485 939 1762 992 evidenter
1786 947 2025 1006 apparet.

464 1030 818 1101 Apocalypsis
850 1045 978 1085 vero
1007 1031 1076 1086 ab
1122 1031 1205 1085 his
1251 1046 1472 1100 prorsus
1506 1031 1681 1085 aliena
1727 1040 1808 1084 est
1835 1040 1889 1083 et
1931 1046 2026 1083 ex-

467 1131 652 1175 tranea
679 1162 694 1183 ,
737 1122 880 1176 nulla
929 1123 1332 1178 necessitudine
1383 1132 1475 1176 aut
1506 1124 1784 1177 vicinitate
1813 1123 2028 1177 coutin-

464 1227 594 1279 gens
630 1213 923 1281 quidquam
956 1229 1020 1268 ex
1053 1213 1399 1282 supradictis,
1429 1230 1492 1268 ac
1525 1229 1590 1267 ne
1621 1213 1881 1283 syllabam
1910 1213 2031 1282 qui-

464 1304 586 1359 dem
617 1322 779 1361 unam
811 1321 933 1361 cum
962 1307 1066 1361 illis
1095 1323 1438 1362 communem
1470 1308 1693 1361 habens.
1722 1306 1826 1360 Sed
1858 1320 2031 1375 neque

465 1397 705 1465 Epistolu
745 1396 832 1467 (de
862 1396 1154 1468 Evangelio
1185 1398 1328 1451 enim
1363 1397 1497 1450 nihil
1529 1395 1668 1467 dico)
1698 1397 2027 1450 mentionem

464 1488 629 1547 ullam
663 1499 757 1543 aut
793 1491 1250 1560 signiﬁcationem
1292 1489 1423 1545 facit
1466 1487 1860 1559 Apocalypseos
1885 1529 1898 1552 ,
1931 1501 2030 1540 nec

463 1578 824 1648 Apocalypsis
864 1580 1116 1648 Epistolae
1149 1596 1163 1633 :
1202 1593 1324 1633 cum
1374 1590 1552 1633 tamen
1586 1577 1783 1632 Paulus
1815 1579 1866 1632 in
1907 1577 2031 1646 Epi-

464 1668 620 1722 stolis
651 1670 895 1725 nonnihil
929 1671 994 1724 de
1041 1669 1458 1725 revelationibus
1502 1670 1615 1725 suis
1661 1669 2028 1733 indicaverit,

2129 492 2318 562 στολῆς
2349 491 2487 561 πρὸς
2518 489 2615 560 τὴν
2651 484 3034 552 Ἀποκάλυψιν.
3069 481 3149 535 Τὰ
3183 480 3280 551 μὲν
3313 479 3424 548 γὰρ
3451 478 3513 531 οὺ
3544 478 3708 548 μόνον

2127 581 2437 642 ἀπταίστως
2469 578 2611 632 κατά
2639 577 2735 648 τὴν
2776 576 3039 646 Ἑλλήνων
3076 573 3278 642 φωνὴν,
3314 569 3447 624 ἀλλὰ
3478 571 3573 622 καὶ
3612 567 3692 621 λο-

2125 669 2368 738 γιώτατα
2393 670 2512 731 ταῖς
2543 666 2737 730 λέξεσι,
2779 667 2891 726 τοῖς
2917 661 3292 731 συλλογισμοῖς
3311 701 3324 724 ,
3359 662 3478 722 ταῖς
3511 657 3702 712 συντά-

2128 761 2240 827 ξεσι
2266 761 2365 830 τῆς
2392 759 2685 830 ἑρμηνείας
2713 757 3041 827 γέγραπται.
3068 752 3267 805 Πολλοῦ
3300 769 3361 820 γε
3387 751 3468 804 δεῖ
3499 750 3710 821 βάρεα-

2130 854 2218 926 ρὸν
2244 870 2362 907 τινα
2394 851 2648 920 φθόγγον,
2683 849 2715 919 ἢ
2762 846 3122 916 σολοικισμὸν,
3148 844 3180 914 ἢ
3210 844 3346 906 ὅλως
3393 841 3708 913 ίδιωτισμὸν

2128 949 2184 998 ὲν
2208 945 2386 1006 αὐτοῖς
2420 942 2726 1013 εὑρεθῆναι.
2767 938 3055 1008 Ἑκάτερον
3089 935 3195 1004 γὰρ
3237 931 3398 1004 εἶχεν,
3426 934 3503 997 ὡς
3535 933 3704 995 ἔοικε.

2126 1035 2214 1086 τὸν
2245 1034 2397 1100 λόγον
2431 1033 2534 1102 (9),
2564 1029 2846 1100 ἀμφότερα
2878 1027 3024 1096 αὐτῷ
3052 1024 3419 1098 χαρισαμένου
3451 1023 3546 1077 τοῦ
3593 1025 3708 1076 Κυ-

2133 1125 2266 1195 ρίου,
2291 1125 2380 1177 τόν
2403 1141 2462 1175 τε
2484 1123 2581 1190 τῆς
2609 1119 2877 1190 γνώσεως,
2895 1119 2984 1172 τόν
3010 1135 3067 1171 τε
3095 1118 3194 1187 τῆς
3221 1116 3492 1187 φράσεως.
3515 1113 3707 1184 Τούτῳ

2129 1213 2186 1266 δὲ
2231 1212 2596 1281 Ἀποκάλυψιν
2624 1213 2722 1282 μὲν
2742 1209 3168 1283 ὲωρακέναι,καὶ
3193 1208 3392 1277 γνῶσιν
3419 1205 3705 1275 εἰληφέναι

2129 1306 2222 1357 καὶ
2250 1303 2583 1375 προφητείαν
2603 1344 2617 1366 ,
2648 1303 2747 1354 οὐκ
2773 1301 2983 1372 ἀντερῶ
3001 1341 3016 1364 ,
3061 1298 3334 1353 διάλεκτον
3376 1296 3562 1367 μέντοι
3608 1297 3705 1349 καὶ

2128 1395 2376 1464 γλῶσσαν
2391 1396 2490 1448 οὐκ
2511 1393 2752 1465 ἀκριϐῶς
2775 1393 3149 1462 ἐλληνίζουσαν
3171 1389 3334 1443 αὑτοῦ
3357 1388 3563 1458 βλέπω,
3589 1387 3703 1442 ἀλλ’

2133 1488 2382 1558 ίδιώμασι
2409 1488 2504 1558 μὲν
2535 1487 2885 1558 βαρϐαρικοῖς
2913 1483 3209 1556 χρώμενον,
3232 1483 3324 1537 καί
3353 1499 3454 1534 που
3485 1481 3581 1534 καὶ
3613 1496 3706 1534 σο-

2129 1579 2447 1644 λοικίζοντα.
2499 1579 2676 1648 ’Ἀπερ
2732 1579 2831 1631 οὐκ
2895 1579 3188 1646 ἀναγκαῖον
3249 1575 3343 1628 νῦν
3414 1574 3698 1641 ἐκλέγειν·

2129 1667 2248 1720 οὐδὲ
2292 1668 2399 1740 γὰρ
2451 1667 2850 1731 ἐπισκώπτων,
2892 1669 2964 1738 μή
3018 1685 3100 1731 τις
3145 1666 3336 1736 νομίσῃ
3361 1704 3376 1728 ,
3409 1664 3586 1718 ταῦτα
3628 1660 3703 1716 εἷ-

462 1772 600 1826 quas
623 1760 839 1830 quidem
873 1761 964 1816 ille
988 1760 1042 1815 in
1090 1761 1366 1830 proprium
1394 1759 1644 1814 volumen
1679 1774 1784 1816 non
1818 1760 2022 1813 retulit.

2137 1774 2226 1810 πον
2252 1797 2267 1821 ,
2317 1757 2453 1811 ἀλλὰ
2503 1758 2660 1828 μόνον
2710 1757 2807 1827 τὴν
2854 1756 3210 1828 ἀνομοιότητα
3253 1751 3547 1807 διευθύνων
3595 1751 3701 1805 τῶν

464 1846 733 1903 Praeterea
784 1863 852 1904 ex
881 1851 1118 1906 dictione
1149 1852 1262 1921 ipsa
1291 1849 1484 1917 conjici
1513 1859 1691 1920 potest
1720 1890 1735 1916 ,
1765 1860 2022 1919 quantum
2130 1848 2376 1920 γραφῶν.
2416 1869 2436 1901 ι

465 1936 812 2008 Evangelium
859 1949 913 1995 et
965 1941 1203 2010 Epistula
1256 1940 1506 1995 differant
1559 1941 1628 1994 ab
1671 1939 2017 2011 Apocalypsi.
2079 1938 2211 1993 Νιιιιι
2271 1939 2360 1995 illa
2392 1939 2609 2010 quidem
2662 1955 2766 1994 non
2800 1939 2956 1994 modo
2986 1937 3270 1994 emendate
3291 1935 3434 2005 quod
3457 1934 3525 1987 ad
3553 1933 3700 1988 Grae-

467 2048 588 2088 cum
634 2051 935 2092 sermonem
966 2039 1195 2101 attinet,
1231 2052 1420 2092 verum
1459 2039 1621 2091 etiam
1655 2051 1776 2091 cum
1810 2051 2018 2092 summa
2073 2035 2337 2106 elegantia
2397 2045 2507 2090 tum
2563 2035 2616 2090 in
2648 2035 2830 2090 verbis
2875 2044 2985 2088 tum
3044 2033 3096 2086 iu
3146 2028 3702 2100 argumentationibus

466 2139 524 2183 et
566 2131 622 2185 in
666 2141 771 2186 tota
813 2133 1072 2189 orationis
1106 2133 1492 2202 compositione
1548 2133 1855 2202 perscripta
1904 2141 2052 2190 sunt.
2085 2130 2318 2186 Tantum
2373 2131 2523 2186 abest
2570 2143 2628 2186 ut
2678 2131 3050 2186 barbarismus
3093 2127 3292 2190 aliquis
3338 2131 3436 2178 aut
3482 2123 3699 2179 soloeci-

467 2237 654 2289 smus,
687 2234 782 2280 aut
811 2225 1044 2294 denique
1116 2224 1427 2278 idiotismus
1466 2223 1736 2292 quispiam
1767 2223 1820 2276 in
1857 2223 1961 2278 illis
2011 2223 2475 2294 deprehendatur.
2513 2221 2751 2290 Utroque
2814 2223 2957 2276 enim
3002 2223 3258 2292 pranlitus
3313 2232 3431 2276 erat
3466 2234 3698 2289 evange-

470 2313 644 2382 listes,
674 2329 923 2369 sermone
957 2314 1214 2368 nimirum
1245 2329 1309 2369 ac
1343 2313 1594 2378 scientia,
1623 2329 1744 2368 cum
1779 2315 1890 2370 lucc
1934 2317 2038 2371 duo
2069 2315 2166 2385 ipsi
2203 2314 2461 2370 Dominus
2525 2315 2908 2379 concessisset,
2939 2315 3219 2371 scientiam
3263 2315 3421 2370 simul
3470 2323 3528 2370 et
3587 2313 3697 2368 elo-

465 2407 764 2475 quentiam.
793 2405 942 2460 Illum
974 2420 1102 2460 vero
1131 2404 1533 2462 Revelationem
1560 2406 1779 2476 quidem
1807 2408 2024 2470 vidisse,
2075 2417 2131 2462 et
2185 2409 2467 2464 scientiam
2511 2422 2575 2462 ac
2636 2406 2939 2462 futurorum
2990 2406 3391 2476 praedictionem
3421 2407 3699 2475 accepisse

466 2513 573 2553 non
610 2495 835 2551 inllcior.
866 2493 1064 2549 Verum
1097 2495 1388 2550 dictionem
1432 2495 1546 2564 ejus
1579 2513 1684 2552 non
1727 2497 2016 2553 admodum
2084 2498 2326 2554 Grtccam

2398 2499 2771 2554 animadverto
2798 2538 2813 2562 ,
2853 2500 2948 2554 sed
2993 2498 3346 2553 barbarismis
3403 2507 3571 2567 atque
3619 2497 3699 2551 in-

467 2592 675 2647 terdum
735 2588 1056 2645 soloacismis
1127 2588 1481 2658 inquinatam.
1555 2589 1704 2658 Quos
1747 2590 1959 2658 quidem
2049 2591 2516 2660 inpraesentiarum
2593 2605 2927 2658 excerpere,
2991 2590 3408 2659 haudquaquam
3474 2603 3700 2644 necesse

464 2692 571 2738 eSt.
607 2679 789 2750 Neque
811 2680 955 2733 enim
993 2680 1361 2734 subsannandi
1391 2681 1572 2734 animo
1608 2680 1726 2734 haec
1764 2695 1795 2733 a
1831 2695 1921 2734 me
1950 2679 2090 2734 dicta
2140 2697 2264 2736 esse
2325 2682 2618 2752 quisquam
2659 2681 2958 2748 exi'Stimet,
3022 2681 3116 2736 sed
3161 2681 3339 2750 potius
3393 2696 3459 2736 eo
3517 2681 3698 2736 consi-

466 2774 560 2840 lio,
596 2781 654 2827 ut
697 2775 974 2839 utriusque
1003 2773 1187 2841 scripti
1214 2773 1710 2829 dissimilitudinem
1747 2775 2132 2844 expenderem.
2167 2794 2188 2829 ι

920 2866 1079 2934 277
1119 2865 1345 2922 CAPUT
1377 2866 1563 2922 xxvr.

536 2955 617 3012 De
644 2956 872 3025 epistolis
898 2956 1137 3026 Dionysii
1175 2957 1662 3014 Alexandrinorum
1698 2962 1950 3032 episcopi.

538 3047 746 3103 Pmter
777 3047 874 3102 has
903 3057 1120 3102 exstant
1149 3047 1265 3102 aliae
1290 3049 1598 3119 complures
1622 3051 1861 3123 Dionysii
1906 3053 2025 3124 epi-

468 3139 637 3206 stolae,
672 3140 813 3192 inter
841 3155 977 3210 quas
998 3151 1120 3195 sunt
1150 3141 1250 3195 illa:
1270 3152 1458 3196 contra
1491 3140 1783 3197 Sabellium
1815 3145 2030 3214 scriptae

468 3233 536 3285 ad
567 3233 883 3285 Ammonem
921 3231 1326 3288 Berenicensem
1362 3234 1710 3304 episc0pum,
1767 3235 1870 3290 alia
1903 3237 2031 3290 item

467 3325 535 3377 ad
565 3322 950 3389 Telesphorum
981 3362 996 3386 .
1049 3333 1103 3378 et
1147 3325 1214 3378 ad
1243 3312 1650 3392 Euphranorem
1692 3325 1896 3393 altera;
1929 3327 2034 3382 alia

471 3430 662 3470 rursus
691 3416 755 3468 ad
783 3415 1100 3470 Ammonem
1144 3426 1199 3472 et
1248 3416 1543 3486 Euporum.
1597 3419 1840 3484 Quatuor
1869 3419 2031 3474 etiam

471 3504 643 3561 libros
670 3507 735 3562 de
758 3506 944 3562 eodem
979 3517 1300 3576 argumento
1353 3507 1676 3576 composuit,
1718 3522 1854 3577 quos
1906 3523 2035 3578 gen-

474 3596 552 3650 tili
586 3613 685 3652 suo
713 3597 972 3668 Dionysio
1007 3598 1368 3652 Romanorum
1395 3599 1651 3668 episcopo
1679 3600 2030 3670 nuncupavit.

473 3686 582 3743 Sed
612 3698 666 3745 et
704 3690 821 3745 alite
844 3690 1027 3761 plures
1055 3701 1182 3747 sunt
1205 3691 1349 3762 apud
1382 3705 1480 3746 nos
1508 3692 1648 3748 illius
1674 3693 1935 3762 epistolae,
1976 3703 2031 3750 et

543 3878 619 3950 (A9)
667 3879 777 3933 Τὸν
809 3879 1013 3950 λόγον.
1050 3880 1153 3933 Τὸν
1185 3879 1339 3948 λόγον
1365 3881 1464 3950 τὴν
1498 3879 1698 3948 γνῶσιν
1731 3879 1873 3950 vulg.
1908 3880 2036 3936 Pos-

473 3948 672 4002 teriora
711 3951 816 4001 duo
850 3948 1012 4007 verba
1061 3948 1431 4019 expungenda
1466 3958 1612 4013 sunt,
1660 3948 1861 4019 quippe
1911 3966 2032 4019 qua:

475 4031 695 4072 sensum
717 4020 1052 4086 perturbant,
1089 4035 1187 4074 nec
1218 4017 1270 4073 in
1301 4019 1601 4083 Mazarino,
1635 4017 1945 4073 Fuketiand
1969 4037 2032 4074 ac

470 4086 723 4161 Medicago
790 4089 943 4161 codd.
991 4088 1295 4161 leguntur;
1357 4104 1546 4161 porro
1590 4104 1708 4161 per
1780 4089 2036 4161 ἑκάτερον

469 4156 625 4224 λόγον
675 4157 928 4228 intelligit
989 4158 1273 4228 Dionysius
1322 4156 1412 4212 τὸν
1460 4158 1767 4212 ἐνδιάθετον
1809 4161 1903 4212 καὶ
1945 4156 2040 4213 τὸν

470 4225 804 4295 προφορικὸν
839 4226 1017 4295 λόγον,
1047 4230 1097 4281 id
1127 4225 1232 4292 est,
1281 4229 1547 4282 rationem
1598 4244 1717 4294 qua:
1765 4230 1817 4282 in
1862 4241 2042 4284 mente

474 4297 744 4350 recondita
773 4305 874 4359 est,
913 4307 1110 4365 et-qua:
1143 4313 1394 4352 sermone
1443 4298 1740 4366 profertur.
1781 4297 1893 4352 Iloc
1933 4311 2039 4360 est,

471 4367 614 4438 quod
649 4367 924 4438 subjungit
958 4366 1258 4438 Dionysius,
1289 4367 1482 4438 τόντε
1512 4368 1612 4438 τῆς
1644 4366 1919 4435 γνώσεως,
1951 4369 2042 4422 τόν

470 4452 531 4505 τε
564 4435 661 4505 τῆς
694 4435 962 4505 φράσεως.
990 4435 1265 4490 Ξὶοριιίιιι
1306 4435 1651 4492 scribendum
1683 4448 1763 4490 est
1794 4453 1858 4491 ex
1887 4439 2041 4492 codd.

470 4503 638 4576 Mem,
680 4503 836 4576 Ειιιιη
867 4505 1029 4576 διινὶι.
1054 4516 1107 4559 et
1144 4505 1364 4570 Mazar.,
1397 4524 1499 4560 non
1540 4517 1596 4560 ut
1638 4509 1797 4574 vulgo
1825 4507 2040 4576 legitur,

468 4575 562 4628 τόν
581 4592 640 4627 τε
673 4575 771 4645 τῆς
796 4575 1006 4644 σοφίας,
1035 4577 1124 4628 τόν
1166 4592 1226 4627 τε
1252 4577 1362 4646 τῆς·
1384 4576 1656 4646 γνώσεως,
1687 4575 1898 4647 υὺειιυθί
1935 4578 2043 4632 ullo

471 4659 660 4698 sensu.
1928 4690 1933 4694 .

546 4713 848 4786 (10)]Επὶ
883 4715 1142 4781 ταύταις.
1181 4714 1318 4782 Ergo
1358 4716 1461 4770 duo
1493 4716 1565 4770 illi
1601 4716 1677 4770 De
1726 4717 2041 4786 promissio-

476 4785 887 4857 nilgus_libr_i_ex
931 4786 1128 4853 quibus
1172 4786 1469 4857 superiora
1499 4785 1801 4857 fragmenta
1851 4803 2042 4857 excer-

513 4853 584 4908 sit
618 4853 909 4920 Eusebius,
943 4864 1101 4908 erant
1135 4855 1395 4924 epistolae.
1439 4853 1608 4922 Quod
1627 4857 1792 4911 etiam
1833 4856 2037 4911 indicat

495 4938 631 4994 ocus‘
661 4925 896 4994 quidam
943 4940 1009 4994 ex
1055 4922 1221 4994 initio
1251 4922 1370 4994 libri
1418 4927 1665 4986 secundi,
1706 4941 1867 4994 quem
1907 4929 2042 4981 citat

475 4989 827 5066 Eusebius‘iu
847 5009 892 5066 c_.
919 4993 1024 5066 22,
1056 4993 1142 5046 Ἐν
1171 4993 1271 5066 μὲν
1298 4989 1390 5066 οὖν
1415 4993 1491 5066 τῷ
1523 4989 1858 5066 ’ᾼρσινοείτῃ
1885 4995 2040 5064 γενό-

526 5029 741 5045 ιιουυιυα
777 5029 827 5044 ιιι
847 5029 892 5045 υ.
925 5029 1012 5054 καί,
1072 5029 1141 5046 υν
1171 5029 1269 5065 μεθ’
1298 5029 1388 5046 νυν
1427 5029 1491 5064 up:
1537 5029 1837 5066 ιιγυινυεινιιι
1898 5029 2040 5064 μινυ-

517 5077 656 5135 ενος,
683 5059 832 5135 ἔνθα,
855 5061 930 5125 ὡς
958 5061 1122 5127 οἶδας,
1147 5065 1251 5135 πρὸ
1268 5062 1461 5135 πολλοῦ
1481 5065 1636 5117 τοῦτο
1675 5029 2040 5130 ὲπεπόλαζετο

532 5144 668 5199 γμα.
703 5129 833 5182 Nam
873 5147 1034 5188 voces
1067 5135 1166 5188 illa:
1190 5129 1266 5197 ib;
1289 5129 1456 5198 οἶδας,
1488 5134 1834 5202 epistolarem
1884 5151 2038 5204 pror-

477 5213 914 5271 sus__sermonein
952 5205 1190 5271 sapiunt.
1253 5203 1446 5258 Verum
1483 5204 1734 5270 quoniam
1789 5203 2041 5258 liteDio-

480 5269 619 5342 nys‘ii
646 5269 889 5338 epistola:
921 5269 1191 5342 longiores
1225 5280 1399 5336 erant,
1434 5269 1556 5326 ideo
1584 5273 1705 5342 libri
1745 5274 1907 5342 etiam
1945 5289 2038 5326 vo-

475 5339 589 5412 cari
630 5349 876 5412 possunt.
909 5339 1068 5397 Cerie
1099 5342 1326 5396 Ruliuus
1387 5344 1440 5396 in
1473 5357 1592 5412 cap.
1630 5341 1663 5394 5
1701 5341 1858 5410 hujus
1892 5342 2034 5407 libri,

474 5409 743 5482 epistolas
777 5410 1018 5482 Dionysii
1055 5413 1406 5482 Alexandrini
1447 5412 1513 5466 de
1538 5409 1838 5482 baptismo
1879 5422 2039 5466 vocat

477 5481 663 5536 libros.
698 5477 804 5534 Sed
833 5490 887 5533 et
917 5477 1153 5550 quatuor
1202 5481 1324 5538 libri
1375 5492 1563 5536 contra
1591 5477 1863 5536 Sabellum
1901 5497 2037 5550 quos

479 5550 738 5621 Dionysio
772 5550 1027 5606 Romanae
1058 5551 1206 5606 urbis
1238 5552 1489 5620 episcopo
1518 5553 1867 5621 nuncupavit,
1901 5551 2037 5605 nihil

481 5620 831 5705 aliiu‘d.er_'ant_
865 5636 1057 5705 quam.
1090 5621 1411 5705 prolixiores
1455 5620 1738 5705 epistolaeg
1769 5630 1826 5675 ut
1876 5621 2037 5705 paulo

484 5636 826 5702 innumeram
863 5636 1057 5747 Euam.
1090 5636 1411 5687 proutnores
1455 5636 1738 5705 ePlSl0l&,.
1769 5636 1826 5675 ut
1876 5636 2035 5702 paulo

484 5698 606 5759 post
636 5689 838 5746 ιιιάιοιιι
911 5692 1128 5749 usebius
1178 5701 1382 5758 uoster,
1416 5701 1593 5764 quiet
1645 5692 1880 5764 reliquos
1910 5690 2035 5749 υιο-

2623 2873 3013 2928 ΚΕΦΑΛΑΙΟΝ
3061 2871 3203 2940 K7.

2120 2962 2260 3032 Περὶ
2289 2962 2407 3018 τῶν
2431 2964 2766 3020 ἐπιστολῶν
2792 2965 3105 3019 Aiowo'lov
3131 2963 3266 3033 (Nic.
3296 2963 3365 3017 Η.
3397 2963 3459 3018 Ε.
3489 2979 3565 3027 vI,
3586 2964 3696 3034 2|).

2209 3057 2330 3114 Ἐπὶ
2355 3057 2576 3122 ταύταις
2603 3057 2714 3126 ΗΟ)
2737 3057 2829 3110 τοῦ
2849 3056 3120 3110 Διονυσίου
3151 3054 3403 3126 φέρονται
3427 3057 3522 3109 καὶ
3542 3055 3697 3109 ἄλλαι

2129 3148 2345 3213 πλείους
2392 3150 2706 3203 ἐπιστολαί·
2741 3149 2927 3220 ὥσπερ
2973 3149 3027 3200 αἱ
3074 3147 3210 3201 κατὰ
3236 3147 3520 3200 Σαϐελλίου
3562 3149 3698 3220 πρὸς

2135 3240 2404 3311 ’Ἄμμωνα
2430 3242 2530 3311 τῆς
2558 3241 2698 3296 κατὰ
2726 3241 2984 3312 Βερνίκην
3029 3241 3350 3313 Ἐκκλησίας
3378 3241 3699 3304 ἐπίσκοπον,

2135 3331 2229 3385 καὶ
2255 3334 2286 3403 ἡ
2311 3331 2447 3404 πρὸς
2473 3333 2827 3404 Τελεσφόρον,
2861 3333 2956 3385 καί
2985 3334 3016 3403 ή
3050 3332 3185 3402 πρὸς
3214 3331 3540 3404 Εὐφράνορα
3559 3349 3574 3361 ο
3607 3331 3700 3384 καὶ

2132 3423 2290 3476 πάλιν
2318 3425 2586 3493 Ἀμμωνα
2622 3425 2714 3478 καὶ
2745 3423 3008 3494 Εὕπορον.
3042 3423 3326 3477 Συντάττει
3355 3423 3409 3476 δὲ
3441 3425 3570 3493 περὶ
3602 3423 3700 3493 τῆς

2129 3517 2298 3588 αὐτῆς
2335 3516 2641 3580 ὑποθέσεως
2684 3518 2778 3576 καὶ
2825 3517 2958 3570 ἄλλα
3005 3517 3244 3588 τέσσαρα
3281 3517 3699 3588 ⁷συγγράμματα

2131 3607 2261 3675 (Η),
2281 3607 2316 3661 ἃ
2343 3608 2420 3679 τῷ
2445 3608 2583 3661 κατὰ
2609 3607 2824 3679 Ῥώμην
2858 3609 3130 3679 ὁμωνύμῳ
3156 3609 3411 3678 Διονυσίῳ
3443 3625 3701 3678 προσφω-

2129 3703 2224 3752 ν;ῖ.
2270 3701 2379 3753 Καὶ
2421 3700 2636 3763 πλείους
2676 3700 2732 3752 δὲ
2770 3701 2920 3772 παρὰ
2952 3700 3152 3765 ταύτας
3193 3701 3328 3754 εἰσιν
3369 3699 3535 3754 αὑτοῦ
3568 3701 3696 3771 παρ’

2138 3883 2274 3954 uysii
2312 3881 2478 3935 libros
2529 3880 2804 3954 epistglari
2842 3882 3010 3954 forma
3066 3898 3130 3936 ac
3171 3882 3310 3953 stylo
3358 3881 3697 3954 conscriptos

2139 3951 2304 4006 fuisse
2362 3960 2637 4020 testatur.
2670 3951 2836 4004 Porro
2881 3951 3241 4020 fragmentum
3295 3968 3360 4006 ex
3393 3951 3486 4004 lib.
3526 3953 3694 4006 [Dio-

2140 4024 2276 4093 nysii
2311 4020 2507 4101 Contra
2543 4019 2859 4089 Sabellium,
2889 4019 3025 4075 'cilat
3053 4021 3315 4076 Eusebius
3346 4023 3396 4075 in
3431 4022 3524 4075 lib.
3555 4037 3571 4074 ι
3623 4021 3697 4076 De

2139 4108 2312 4162 pra'pa
2320 4100 2538 4162 ratione.

2213 4162 2342 4234 (ll_)_
2361 4159 2844 4234 Ἂλλλα-τέσοζαρα
2871 4160 3315 4234 συγγράμματα.
3344 4159 3476 4214 Cum
3509 4160 3699 4234 Diony-

2142 4232 2255 4286 sius
2281 4229 2685 4284 Alexaudrinus
2722 4232 2772 4283 iu
2809 4232 3051 4296 epistolis
3095 4229 3228 4297 quas
3273 4242 3461 4284 contra
3507 4229 3696 4285 Sabel-

2145 4301 2271 4354 lium
2322 4299 2634 4367 scripserat,
2698 4299 2764 4353 de
2815 4301 3020 4355 ChriSIi
3063 4301 3344 4353 divinitate
3393 4316 3496 4353 non
3553 4313 3696 4355 recte

2081 4409 2123 4462 Β
2150 4370 2385 4462 amisisse
2419 4368 2714 4462 videretur,
2763 4371 3283 4462 quidam'episcopin
3300 4370 3694 4462 Pentapolitani

2151 4439 2374 4492 Romam
2424 4437 2672 4504 profecui,
2720 4437 2898 4493 coram
2947 4437 3197 4509 Dionysio
3246 4439 3501 4494 Romamn
3551 4440 3697 4495 urbis

2144 4510 2395 4576 episc0po
2422 4523 2542 4560 eum
2575 4519 2916 4562 accusarunt.
2952 4510 3095 4576 Quos
3124 4525 3243 4562 cum
3279 4509 3568 4578 Dionysius
3596 4509 3701 4564 Ro-

2144 4598 2337 4638 manus
2371 4583 2592 4655 collecta
2633 4583 2684 4635 iu
2730 4599 2857 4655 eam
2899 4600 3009 4638 rem
3048 4588 3253 4655 synodo
3303 4591 3618 4655 audivisset,
3652 4599 3706 4644 et

2141 4660 2440 4725 excerptas
2465 4668 2528 4705 ex
2563 4651 2800 4725 Dionysii
2832 4651 3178 4725 Alexandrini
3210 4658 3453 4725 epistolis
3489 4651 3706 4714 senten-

2144 4723 2245 4775 tias
2269 4722 2662 4796 examinasset,
2694 4724 2908 4790 scripsit
2929 4725 2994 4776 ad
3040 4722 3351 4796 Dionysium
3383 4729 3704 4783 Alexandri-

2143 4807 2292 4867 num,
2324 4802 2382 4867 ut
2414 4792 2571 4846 tidem
2613 4807 2767 4845 suam
2803 4803 2962 4867 atque
3003 4792 3318 4867 sententiam
3345 4815 3509 4867 super
3552 4815 3616 4854 ea
3650 4813 3705 4852 re

2140 4861 2446 4916 distinctius
2487 4874 2780 4936 promeret.
2822 4863 3001 4929 Quare
3049 4864 3338 4936 Dignysius
3379 4861 3702 4922 Alexandri-

2139 4948 2244 5007 nus
2272 4933 2602 5007 quatuorad
2642 4931 2943 5007 Romanum
2984 4931 3204 5007 scripsit
3241 4939 3529 5006 epistolas,
3566 4955 3702 5007 quas

2139 5001 2414 5070 inscripsit
2461 5001 2742 5072 Ἐλέγχου
2771 5002 2867 5054 καὶ
2892 5001 3238 5071 (iambi-iac,
3272 5001 3330 5060 ut
3362 5001 3704 5063 ducetA'tha-

2141 5073 2411 5144 nasiusin
2446 5071 2583 5144 libro
2633 5075 2705 5124 Ue
2739 5074 2997 5144 sententia
3043 5077 3280 5144 Dionysii
3326 5079 3698 5141 Alexandrini,

2139 5151 2192 5220 et
2228 5142 2279 5194 in
2308 5141 2445 5195 libro
2475 5141 2570 5220 De
2592 5143 2788 5209 synodo
2823 5143 3050 5220 ᾼιήιιιίνιί
3079 5163 3096 5198 .°
3126 5141 3212 5198 ubi
3249 5147 3550 5220 fragmenta
3579 5164 3702 5220 pro-

2141 5211 2244 5285 llert
2278 5226 2473 5285 eorum
2520 5214 2798 5285 librorum.
2839 5211 3067 5285 Basilius
3108 5211 3411 5285 quoque'iu
3455 5211 3594 5272 libro
3634 5218 3703 5272 De

2143 5279 2346 5346 Spiritu
2377 5292 2558 5354 sancto
2607 5283 2673 5334 ad
2706 5279 3161 5354 Atiipliiloc/iiuiii',
3194 5279 3312 5354 cap.
3351 5287 3562 5346 ultimo.
3595 5288 3702 5341 fra-

2142 5361 2416 5426 gmentum
2445 5353 2678 5426 adducit
2724 5368 2789 5406 ex
2828 5353 3052 5426 epistola
3093 5372 3129 5408 ιι
3172 5353 3408 5426 Dionysii
3436 5357 3696 5413 Alcxaud.

2145 5421 2210 5496 ad
2237 5419 2552 5496 Dionysium
2582 5419 2906 5496 Romanum,
2937 5425 3021 5476 ubi
3061 5427 3220 5496 etiam
3252 5419 3476 5480 testatur
3499 5430 3714 5496 episto-g

2147 5469 3724 5564 iisin_iiiiifii'ii{ébiipi§ﬁ'iiiiéinIQﬁi'éliéﬁZo'étﬁriﬁén‘

2141 5562 2384 5634 ⁴λογίας,
2427 5563 2481 5615 id
2523 5573 2635 5629 est,
2679 5562 2756 5620 De
2815 5563 3129 5634 refutatione
3174 5562 3597 5624 adversariorum
3638 5584 3696 5623 ac

2137 5631 2431 5700 defensione
2461 5649 2577 5688 sua.
