3928 6252
495 347 597 401 707

1191 338 1459 395 EUSEBII
1497 335 1965 392 C/ESARIENSIS
2000 334 2151 391 OPP.
2191 335 2367 391 PARS
2403 335 2447 389 1.
2486 365 2557 377 --
2595 332 2983 391 HISTORICA.

3617 340 3736 395 708

495 463 738 531 regebat,
769 468 821 515 et
843 457 1182 520 Theotecnus
1218 457 1307 525 qui
1347 456 1737 511 Caesariensem
1768 455 1841 509 illi
1880 455 2045 509 tiniti-

2166 453 2211 506 >ύ
2262 453 2368 524 μὴν
2420 451 2553 507 ἀλλὰ
2595 453 2688 505 καὶ
2728 455 2825 523 τῆς
2858 454 2915 505 ἐν
2960 451 3344 524 Ἱεροσολύμοις
3397 451 3734 523 Ἐκκλησίας

484 571 637 627 ‘mam
690 550 1143 608 administrabat:
1185 548 1449 604 Maximus
1507 555 1791 616 praeterea,
1822 546 1911 616 qui
1941 545 2045 598 Bo-

493 656 758 701 strensem
793 641 1090 697 Ecclesiam
1117 656 1325 694 summa
1358 655 1478 694 cum
1504 639 1662 692 laude
1705 639 2046 707 gubernavit.

495 738 791 793 Sescentos
817 747 1031 802 quoque
1060 731 1193 784 alios
1223 731 1315 800 qui
1346 746 1449 782 una
1477 744 1600 783 cum
1629 728 1965 797 presbyteris
1995 737 2050 781 et

493 828 735 883 diaconis
755 839 820 879 eo
843 822 1240 884 conﬂuxerunt,
1270 835 1607 888 nequaquam
1643 818 1861 873 ditlicile
1889 817 2051 871 fuerit

492 933 796 973 recensere.
827 914 1024 967 Verum
1049 913 1100 966 hi
1125 926 1259 980 quos
1284 910 1415 975 dixi,
1442 911 1683 963 illustres
1709 923 1818 976 prie
1839 906 2050 962 caneris

490 1009 847 1065 habebantur.
880 1004 1143 1058 Omnibus
1174 1004 1335 1072 igitur
1372 1001 1523 1055 vario
1560 1009 1798 1067 tempore
1824 998 2051 1052 diversi-

488 1102 649 1155 mode
681 1114 746 1153 ac
787 1110 1160 1165 sa'penumero
1189 1096 1241 1148 in
1278 1108 1442 1148 unum
1496 1092 1842 1153 coeuntibus,
1870 1090 2052 1143 multae

487 1192 879 1260 disputationes
899 1197 952 1243 et
975 1186 1303 1255 quaestiones
1327 1187 1380 1240 in
1409 1200 1518 1239 uno
1549 1198 1765 1252 quoque
1795 1198 2050 1237 consessu

487 1284 703 1354 agitata:
738 1291 888 1348 sunt,
916 1296 1037 1333 cum
1070 1281 1198 1334 hinc
1242 1279 1641 1333 Samosatensis
1698 1276 1891 1331 Patrius
1925 1277 2055 1343 dog-

487 1358 649 1431 matis
673 1376 753 1429 sui
785 1374 1077 1428 novitatem
1115 1371 1388 1426 occultare
1421 1370 1597 1424 adhuc
1648 1371 1932 1430 niteretur,
1989 1368 2054 1422 il-

487 1467 597 1521 linc
624 1467 933 1522 sacerdotes
959 1466 1206 1519 hmresim
1240 1464 1382 1517 illius
1408 1471 1461 1517 et
1489 1463 1745 1516 adversus
1771 1458 2048 1514 Christum

487 1559 873 1630 blasphemiam
909 1559 1181 1613 demutare
1212 1564 1373 1624 atque
1399 1555 1450 1609 in
1488 1553 1722 1607 medium
1756 1554 2053 1619 producere

489 1651 815 1706 laborarent.
848 1649 980 1703 Dum
1015 1650 1128 1701 lure
1154 1656 1409 1717 aguntur,
1433 1644 1723 1714 Dionysius
1749 1654 2049 1697 extremum

490 1744 635 1798 diem
668 1743 821 1808 obiit,
854 1755 996 1794 anno
1022 1740 1353 1809 principatus
1404 1736 1637 1791 Gallieni
1690 1735 2009 1788 duodecimo
2035 1772 2049 1796 ,

490 1849 612 1889 cum
667 1832 1009 1886 Alexandriae
1052 1829 1418 1899 episcopatum
1454 1827 1839 1896 septemdecim
1896 1826 2055 1879 annis

490 1923 830 1977 obtinuisset.
860 1920 913 1974 lu
938 1919 1052 1987 ejus
1091 1920 1265 1974 locum
1298 1919 1623 1986 subrogatus
1645 1926 1725 1970 est
1765 1915 2049 1969 Maximus.

490 2018 561 2070 At
586 2014 860 2071 Gallienus
890 2013 1116 2082 imperio
1163 2025 1257 2079 per
1300 2009 1605 2077 quindecim
1644 2007 1931 2061 continuos
1959 2023 2057 2059 an-

493 2123 593 2163 nos
626 2106 1019 2169 administrato,
1055 2103 1339 2157 Claudium
1390 2114 1760 2154 successorem
1815 2098 2051 2168 reliquit.

494 2199 595 2266 Qui
623 2214 743 2253 cum
766 2197 1037 2252 biennium
1063 2191 1459 2262 imperavisset,
1485 2191 1774 2244 Aureliano
1803 2190 2055 2260 deinceps

495 2290 717 2345 tradidit
744 2289 1130 2359 principatum.

1043 2471 1269 2526 CAPUT
1313 2467 1506 2524 XXIX.

531 2588 779 2655 Qualiter
803 2586 1007 2640 Paulus
1035 2586 1299 2655 convictus
1336 2601 1367 2635 a
1397 2581 1696 2655 Male/rione
1729 2580 2028 2651 presbytero

661 2661 750 2729 qui
790 2660 934 2726 prius
974 2658 1202 2723 sophista
1235 2653 1434 2723 fuerat,
1470 2653 1743 2704 abdicatus
1776 2661 1876 2704 est.

568 2809 735 2878 llnjus
766 2807 1098 2877 temporibus
1126 2812 1393 2873 postrema
1419 2804 1655 2871 synodus
1685 2802 2055 2857 innumerabi-

495 2904 625 2956 lium
676 2901 791 2956 fere
816 2901 1188 2969 episcOporum
1234 2908 1557 2965 congregata
1586 2905 1690 2959 ρει,
1722 2896 1774 2948 in
1827 2910 1929 2963 qua
1961 2910 2058 2949 au-

494 3010 613 3051 ctor
632 2994 731 3063 ille
752 2992 970 3048 nefariae
1000 2990 1139 3061 apud
1165 2989 1510 3043 Antiochiam
1541 2989 1809 3042 hmrescos
1835 2986 2053 3052 Paulus,

495 3086 774 3141 convictus
800 3092 855 3137 et
888 3084 955 3137 ab
994 3081 1245 3136 erunibus
1293 3077 1737 3133 manifestissime
1767 3080 2059 3149 deprehen-

2162 544 2461 614 Ὑμέναιος,
2487 544 2586 615 τῆς
2617 562 2678 597 τε
2708 544 2909 615 ὁμόρου
2934 544 3135 617 ταύτης
3160 545 3503 617 Καισαρείας
3535 545 3738 598 9561's-

2150 652 2305 698 κνος,
2343 635 2589 706 Μάξιμος
2619 636 2694 688 ἔτι
2724 637 2859 709 πρὸς
2894 636 3132 701 τούτοις,
3176 636 3283 690 τῶν
3313 637 3457 692 κατὰ
3482 637 3735 707 Βόστραν

2150 727 2205 780 δὲ
2242 729 2334 781 καὶ
2361 723 2512 791 οὗτος
2543 727 2784 798 ἀδελφῶν
2812 728 3123 801 διαπρεπῶς
3148 731 3331 801 ἠγεῖτο
3356 747 3370 760 ·
3410 729 3639 800 μυρίους
3669 746 3737 783 τε

2150 816 2341 880 ἄλλους
2373 818 2473 870 οὐκ
2512 816 2576 871 ἂν
2623 818 2895 888 ἀπορήσαι
2930 834 3012 880 τις
3059 818 3175 887 ἃμα
3207 816 3600 888 πρεσϐυτέροις
3632 817 3735 870 καὶ

2150 910 2448 972 διακόνοις.
2496 909 2593 979 τῆς
2630 910 2797 980 αὐτῆς
2828 910 3011 963 ἕνεκεν
3052 909 3232 973 αἰτίας
3264 912 3320 964 ἐν
3351 912 3416 981 τῇ
3462 925 3738 979 προειρη-

2156 1000 2287 1071 μένῃ
2327 1000 2477 1053 πόλει
2505 1000 2753 1070 τηνικάδε
2798 1000 3264 1072 συγκροτηθέντας
3302 1001 3737 1072 ἀπαριθμούμε..

2151 1109 2258 1155 νος.
2303 1092 2462 1146 Ἀλλὰ
2482 1092 2684 1146 τούτων
2711 1109 2772 1161 γε
2800 1094 2848 1145 οἱ
2879 1093 3110 1163 μάλιστα
3130 1096 3409 1162 ἐπιφανεῖς
3428 1094 3536 1147 οἵδε
3560 1090 3733 1165 ἦσαν.

2152 1183 2378 1236 Πάντων
2407 1179 2499 1237 οὖν
2526 1183 2663 1236 κατὰ
2681 1184 2903 1254 καιροὺς
2922 1183 3190 1253 διαφόρως
3222 1183 3334 1256 (16)
3355 1185 3447 1238 καὶ
3464 1182 3741 1249 πολλάκις
3826 1212 3831 1215 -

2152 1276 2244 1329 ἐπὶ
2287 1276 2449 1329 ταύτὺ
2489 1276 2806 1341 συνιόντων,
2856 1275 3001 1344 λόγοι
3043 1278 3135 1330 καὶ
3168 1277 3423 1348 ζητήσεις
3452 1276 3571 1331 καθ’
3595 1278 3737 1331 ἐκά-

2155 1383 2285 1438 στην
2328 1365 2670 1421 ἀνεκινοῦντο
2700 1366 2911 1419 σύνοδον
2931 1408 2944 1431 ,
2987 1367 3094 1420 τῶν
3130 1369 3225 1438 μὲν
3259 1368 3400 1438 ἀμφὶ
3425 1367 3517 1420 τὸν
3543 1368 3735 1438 Σαμοο

2156 1460 2319 1513 σατέα
2349 1459 2414 1512 τὰ
2444 1459 2544 1530 τῆς
2576 1459 2906 1531 ἐτεροδοξίας
2932 1459 3287 1529 ἐπικρύπτειν
3317 1460 3396 1513 ἔτι
3422 1461 3518 1515 καὶ
3547 1477 3736 1531 παρα-

2155 1548 2520 1603 καλύπτεσθαι
2565 1550 2950 1621 πειρωμένων,
2984 1550 3095 1602 τῶν
3137 1550 3193 1603 δὲ
3240 1550 3589 1621 ἀπογυμνοῦν
3632 1550 3732 1604 καὶ

2156 1643 2234 1704 εἰς
2263 1640 2493 1713 φανερὸν
2520 1641 2671 1710 ἄγειν
2699 1641 2797 1712 τὴν
2844 1642 3053 1711 αἵρεσιν
3093 1640 3188 1693 καὶ
3229 1641 3326 1712 τὴν
3371 1644 3450 1705 εἰς
3487 1642 3732 1714 Χριστὸν

2159 1732 2502 1803 βλασφημίαν
2558 1731 2752 1796 αὑτοῦ,
2802 1731 2887 1784 διὰ
2941 1732 3173 1803 σπουδῆς
3210 1733 3570 1802 ποιουμένων.
3634 1733 3730 1788 Ἐν

2154 1821 2326 1892 τούτῳ
2351 1822 2407 1873 δὲ
2430 1820 2698 1885 Διονύσιος
2729 1820 2983 1891 τελευτᾷ,
3028 1820 3167 1874 κατὰ
3192 1821 3579 1875 τὺδωδέκατον
3603 1822 3730 1887 ἔτος

2154 1915 2250 1985 τῆς
2276 1912 2566 1985 Γαλλιηνοῦ
2601 1913 2890 1983 βασιλείας,
2927 1913 3165 1985 προστὰς
3196 1913 3296 1983 τῆς
3324 1916 3443 1967 κατ’
3474 1914 3729 1979 Ἀλεξάν-

2154 2004 2335 2076 δρειαν
2368 2008 2669 2076 ἐπισκοπῆς
2696 2005 2869 2058 ἔτεσιν
2902 2007 3266 2059 ἑπτακαίδεκα
3288 2020 3302 2035 ’
3329 2006 3632 2077 διαδέχεται
3669 2007 3727 2059 δὲ

2154 2098 2314 2152 αὑτὸν
2362 2098 2630 2167 Μάξιμος.
2687 2098 2979 2169 Γαλλιηνοῦ
3028 2099 3084 2152 δὲ
3137 2098 3221 2167 ἐφ’
3263 2098 3405 2161 ὅλοις
3457 2100 3732 2163 ἐνιαυτοῖς

2158 2191 2538 2244 πεντεκαίδεκα
2560 2192 2657 2261 τὴν
2673 2189 2841 2262 ἀρχὴν
2865 2190 3282 2261 κεκρατηκότος,
3298 2190 3564 2254 Κλαύδιος
3592 2208 3731 2244 κατα

2156 2282 2286 2352 έστη
2330 2282 2590 2352 διάδοχος.
2626 2281 2884 2354 Δεύτερον
2914 2282 2971 2336 δὲ
3018 2276 3170 2346 οὗτος
3198 2279 3420 2336 διελθὼν
3451 2282 3591 2346 ἔτος.
3620 2283 3733 2337 Αὑ-

2159 2373 2395 2446 ρηλιανῷ
2427 2373 2744 2445 μεταδίδωσι
2774 2373 2870 2444 τὴν
2898 2373 3211 2445 ἡγεμονίαν.

2657 2467 3048 2520 ΚΕΦΑΛΛΙΟΝ
3085 2468 3212 2521 KO'.

2161 2557 2350 2624 Ὅπως
2378 2560 2411 2613 ὀ
2434 2558 2676 2625 Παῦλος
2702 2557 3007 2627 ἐλεγχθεὶς
3035 2558 3153 2612 ὑπὸ
3179 2558 3534 2627 Μίιῖχίωνός
3566 2575 3731 2625 τινι-ς⁸

2226 2649 2675 2787 (ἢτὸΕσοφιέἒιρν
2726 2646 3149 2717 πρεσϐυτέρου,
3179 2647 3554 2717 ἐξεκηρύχθη
3568 2649 3712 2716 (Nic.

2287 2758 2300 2772 .
2394 2758 2407 2772 .
2444 2734 2518 2782 Vl,
2633 2763 2645 2772 .

2287 2758 2300 2772 .
2343 2734 2407 2772 ιι.
2444 2734 2645 2782 ηαδ).

2229 2811 2366 2865 Καθ’
2392 2812 2451 2866 δν
2492 2812 2603 2880 (l7)
2629 2809 2943 2873 τελευταίας
2974 2809 3434 2883 συγκροτηθείσης
3459 2810 3730 2863 πλείστων

2158 2903 2295 2956 ὅσων
2320 2903 2629 2956 ἐπισκόπων
2669 2901 2883 2955 συνόδου
2903 2939 2917 2963 ,
2947 2900 3216 2972 φωραθεὶς
3254 2903 3348 2954 καὶ
3380 2902 3521 2972 πρὸς
3552 2903 3729 2955 ἁπάν-

2158 3010 2267 3046 των
2288 2994 2388 3065 ἦδη
2417 2991 2603 3063 σαφῶς
2629 2989 3032 3060 καταγνωσθεὶς
3058 2990 3387 3062 ἐτεροδοξίαν
3410 2995 3440 3047 ὁ
3463 2995 3567 3062 τῆς
3593 2992 3729 3046 κατὰ

2172 3084 2501 3156 Ἀντιόχειαν
2534 3083 2793 3155 αἱρέσεως
2820 3083 3077 3154 ἀρχηγὸς,
3103 3084 3200 3153 τῆς
3242 3083 3345 3136 ὑπὸ
3374 3083 3469 3137 τὸν
3501 3084 3730 3155 οὐρανὸν

497 3193 591 3232 sus
613 3176 731 3232 falsi
762 3175 1027 3246 dogmatis
1062 3189 1204 3235 rens,
1242 3174 1308 3226 ab
1339 3171 1592 3225 universa
1618 3186 1739 3238 qua:
1784 3173 1884 3225 sub
1916 3172 2057 3228 ccelo

2166 3176 2450 3248 καθολικῆς
2502 3174 2824 3245 Ἐκκλησίας
2882 3174 3331 3245 ἀποκηρύττεται.
3382 3174 3638 3229 Μάλιστα
3683 3175 3727 3228 δ’

497 3280 582 3323 cst
607 3268 846 3323 Ecclesia
870 3266 1134 3321 catholica
1156 3264 1464 3318 eliminatus
1493 3274 1594 3317 est.
1628 3263 1905 3332 Pra-cipue
1931 3278 2061 3319 vero

498 3359 649 3413 illum
677 3357 938 3427 coarguit,
966 3366 1018 3411 et
1048 3358 1215 3410 latere
1249 3354 1553 3423 cupientem
1589 3344 1890 3409 confutavit
1924 3354 2059 3408 Mal-

499 3452 660 3505 chion
690 3451 932 3520 quidam,
962 3451 1045 3503 vir
1072 3448 1460 3503 disertissimus
1480 3488 1495 3512 ,
1532 3447 1727 3517 quippe
1756 3448 1847 3514 qui
1882 3447 2061 3517 snphi-

500 3542 651 3596 sticae
672 3542 810 3610 apud
845 3538 1181 3592 Antiochiam
1213 3536 1412 3591 scholae
1439 3536 1750 3606 praefuerat,
1787 3545 1840 3591 et
1870 3540 1959 3608 qui
1988 3541 2055 3595 ob

501 3659 757 3713 scribitur
787 3659 840 3713 in
864 3673 929 3713 eo
953 3657 1157 3721 codice,
1184 3673 1304 3710 cum
1333 3656 1532 3725 vulgati
1558 3656 1774 3711 codices
1804 3657 2054 3712 Nicoma-

502 3730 663 3783 chum
691 3730 993 3796 praeferant.
1023 3726 1095 3780 Ita
1127 3728 1286 3781 etiam
1317 3730 1574 3792 scriptum
1604 3726 1778 3796 inveni
1807 3730 1855 3780 in
1889 3731 2060 3785 altero

503 3814 609 3852 non
650 3795 875 3853 minoris
917 3797 1260 3866 antiquitatis
1291 3797 1479 3850 codice
1519 3796 1579 3866 (ζ.
1612 3795 1847 3851 Justelli.

574 3867 686 3936 (16)
720 3870 881 3923 Κατὰ
915 3864 1156 3935 καιροὺς
1186 3866 1496 3936 διαφόρως.
1536 3864 1736 3921 Omnes
1766 3869 1934 3922 nostri
1968 3884 2059 3923 co-

503 3935 653 3993 diCcs
680 3954 786 3992 uno
812 3954 1081 4007 consensu
1116 3938 1312 3991 habent
1342 3935 1495 4007 atati
1545 3936 1768 4007 καιρούς
1813 3939 2056 4006 (vulgati,

503 4007 737 4078 καιρόν).
768 4007 951 4078 Itaque
978 4006 1201 4078 libenter
1227 4006 1519 4060 scriberem
1547 4006 1688 4059 κατὰ
1703 4007 1926 4078 καιροὺς
1949 4009 2063 4062 δια-

505 4076 725 4148 φόρους,
763 4076 1060 4148 cujusmodi
1098 4091 1339 4148 errori-iu
1368 4091 1542 4148 supra
1571 4076 1909 4148 notavimus.-
1938 4080 2060 4132 l‘lu-

506 4145 594 4218 res
621 4158 766 4201 certe
810 4146 1013 4218 synodi
1056 4147 1316 4206 adversus
1367 4145 1590 4198 Paulum
1644 4146 2057 4218 Samosatenum

506 4217 738 4271 diversis
769 4216 1100 4284 temporibus
1144 4224 1481 4284 congregata:
1511 4223 1657 4280 sunt,
1703 4226 1761 4268 ut
1791 4216 2060 4272 Eusebius

506 4285 838 4354 Rulinusque
889 4294 1171 4339 testantur.
1219 4287 1370 4351 Quod
1422 4294 1599 4338 autem
1662 4286 1908 4354 sequitur
1966 4286 2059 4341 καὶ

2159 3268 2319 3320 αὑτὸν
2370 3263 2597 3329 εὐθύνας
2660 3266 3125 3336 ἐπικρυπτόμενον
3174 3264 3417 3335 διήλεγξε
3468 3266 3728 3337 Μαλχιων

2162 3359 2272 3430 (18)
2299 3399 2312 3419 ,
2364 3358 2502 3428 ἀνὴρ
2540 3357 2609 3409 τά
2654 3373 2712 3408 τε
2755 3354 2889 3408 ἄλλα
2932 3355 3129 3424 λόγιος,
3176 3356 3269 3409 καὶ
3317 3357 3577 3426 σοφιστοῦ
3624 3356 3728 3411 τῶν

2160 3452 2245 3505 ἐπ’
2292 3448 2615 3519 Ἀντιοχείας
2656 3447 2977 3519 Ἑλληνικῶν
3017 3447 3412 3519 παιδευτηρίων
3449 3450 3731 3521 διατριϐῆς

2164 3541 2458 3614 προεστὼς,
2500 3541 2561 3594 οὐ
2601 3539 2705 3611 μὴν
2739 3539 2875 3593 ἀλλὰ
2919 3540 3012 3593 καὶ
3057 3540 3123 3593 δι’
3149 3540 3598 3611 ὑπερϐάλλουσαν
3636 3544 3732 3614 τῆς

2164 3679 2254 3716 nos
2282 3660 2405 3726 l60,
2432 3661 2496 3712 ab
2530 3659 2832 3713 orthodoxis
2859 3660 3108 3724 episcom’s
3127 3659 3457 3713 anathemate
3484 3662 3730 3715 condem-

2169 3742 2311 3784 nato.
2345 3730 2591 3797 Scriptus
2621 3730 2835 3799 cst_hic
2877 3729 3091 3783 lilwllus
3126 3730 3404 3799 consulatu
3433 3728 3730 3788 Theodosii

2165 3800 2394 3868 Augusti
2450 3796 2548 3854 xm
2605 3807 2659 3852 ct
2718 3796 3076 3869 Yalentiniani
3112 3814 3195 3862 ιιι,
3231 3796 3373 3852 anno
3432 3809 3726 3869 antequam

2164 3871 2403 3941 synodus
2450 3870 2503 3942 in
2550 3869 2683 3942 urbe
2723 3868 2934 3936 Epheso
2962 3878 3388 3942 congregaretur.
3411 3869 3498 3923 Ab
3538 3868 3605 3925 eo
3640 3873 3730 3942 igi-

2170 3937 2258 3993 tur
2289 3937 2566 3993 consulatu
2615 3939 2658 4010 si
2686 3949 2857 4010 retro
2904 3937 3274 4010 numeraveris
3313 3952 3486 4010 annos
3512 3937 3728 4010 celatim

2169 4020 2223 4063 et
2254 4010 2535 4077 sexaginta
2563 4008 2784 4067 solidos.
2815 4008 3022 4062 incides
3054 4008 3108 4077 in
3137 4008 3727 4077 consulat'nanlaudii

2165 4088 2221 4134 et
2265 4075 2503 4138 Paterui,
2539 4080 2630 4146 qui
2685 4085 2769 4130 est
2816 4091 2993 4130 anuus
3047 4076 3246 4131 Christi
3308 4077 3435 4131 270.
3492 4075 3727 4132 Proinde

2166 4149 2407 4220 synodus
2436 4147 2773 4220 Antiochena
2822 4146 2875 4220 in
2925 4161 3030 4216 qua
3078 4147 3366 4200 damnatus
3396 4156 3481 4202 est
3502 4146 3727 4220 Paulus.

2166 4214 2423 4272 convenit
2462 4216 2690 4270 Claudio
2729 4224 2784 4269 et
2833 4214 3064 4270 Paterno
3103 4231 3273 4281 coss.,
3327 4231 3472 4270 anno
3522 4217 3728 4272 Christi

2165 4288 2291 4343 270.
2321 4286 2496 4355 Atque
2529 4286 2603 4340 ita
2631 4288 2783 4355 punit
2823 4284 3096 4339 Marianus
3136 4288 3333 4340 Scotus
3361 4296 3417 4341 et
3463 4285 3732 4342 Hermauo

507 4344 807 4435 πολλάκις
840 4356 891 4409 id
926 4344 1411 4435 minimeotiosmn
1442 4363 1540 4435 .est
1589 4368 1654 4407 ac
1707 4344 2058 4435 superﬂuum.
2093 4380 2137 4435 ι)
2167 4371 2268 4413 nus
2292 4344 2693 4435 Con-tractusiu
2722 4353 3015 4435 (Μενοιτίου-.-
3038 4355 3386 4435 Sednomnem
3421 4357 3729 4435 dubitatio-

510 4424 641 4480 Nam
681 4437 734 4480 et
760 4426 938 4495 plures
962 4425 1196 4495 diversis
1227 4423 1559 4491 temporibus
1591 4426 1824 4495 synodos
1847 4436 2064 4480 coactas

510 4496 679 4549 fuisse
709 4494 784 4549 ait
816 4494 1099 4557 Eusebius,
1134 4505 1184 4548 et
1216 4495 1269 4547 iu
1303 4494 1629 4564 unaquaque
1645 4496 1851 4563 synodo
1883 4496 2065 4564 plures

511 4564 678 4620 fuisse
711 4565 979 4636 sessiones
1010 4566 1123 4618 sive
1151 4565 1415 4636 actiones.
1449 4563 1628 4616 Prima
1654 4563 2064 4636 quidem’syno-

511 4638 613 4688 dus
647 4635 947 4689 Antiochiae
986 4646 1171 4688 contra
1212 4632 1435 4703 Paulum
1464 4643 1785 4703 congregata
1815 4645 1899 4689 est
1928 4632 2068 4688 anno

511 4705 738 4774 Gallieni
766 4719 863 4765 xit,
884 4703 981 4774 cui
1020 4705 1273 4774 prmsedit
1311 4701 1699 4774 Firmilianus}
1731 4704 1795 4757 de
1816 4719 1922 4774 qua
1946 4706 2068 4758 vide

510 4773 799 4829 Barouium
827 4773 892 4825 ad
916 4771 1112 4827 annum
1150 4772 1349 4826 Christi
1381 4771 1489 4825 265
1514 4781 1565 4825 et
1587 4773 1711 4826 266.
1833 4771 1848 4774 '
2003 4789 2008 4795 ·

583 4844 694 4915 (l7)
724 4845 876 4915 Ka0‘_
895 4842 991 4915 ὅν.
1016 4842 1306 4915 Subandiri
1352 4850 1527 4915 potest
1567 4842 1774 4915 καιρόν,
1803 4845 2069 4915 quomodo

513 4912 658 4983 loqui
688 4913 1122 4968 soletEusebius.
1154 4912 1370 4978 Quodsi
1402 4912 1523 4980 quis
1550 4912 1889 4984 Abp‘qltavdv
1920 4913 2070 4984 malit

514 4984 852 5055 intelligere,
908 4984 1156 5055 equidem
1195 4998 1301 5035 non
1355 4983 1681 5055 magnopere
1735 4983 2065 5052 repugnabo.

515 5052 622 5107 Sed
658 5068 724 5106 ex
762 5053 846 5106 his
879 5054 1056 5106 verbis
1089 5054 1139 5105 id
1179 5060 1388 5106 tantum
1440 5052 1632 5106 confici
1678 5062 1871 5121 potest,
1908 5067 2073 5121 syno-

516 5126 640 5176 dum
695 5123 1085 5175 Autibchenam
1130 5123 1353 5176 emrdio
1400 5125 1734 5191 principatus
1788 5123 2066 5175 Aureliani

517 5193 824 5257 contigisse.
854 5191 1079 5244 Proinde
1107 5207 1210 5245 non
1236 5195 1506 5247 assentior
1534 5192 1789 5254 Baronio,
1818 5194 1908 5261 qui
1934 5193 2071 5246 hanc

518 5264 779 5331 synodum
807 5261 968 5314 refert
1000 5278 1141 5314 anno
1172 5278 1207 5315 ιι
1237 5261 1535 5317 Aureliani.
1565 5261 1669 5316 Sed
1702 5262 1917 5315 Baronii
1945 5276 2069 5315 sen-

519 5332 740 5384 tentiam
772 5347 990 5398 prorsus
1025 5336 1221 5384 evertit
1248 5333 1534 5386 concrlium
1569 5331 1915 5399 Ephesiuum,
1944 5346 2063 5399 pag.

515 5400 644 5465 228,
674 5401 760 5454 ubi
798 5401 993 5455 Paulus
1026 5402 1414 5456 Samosatenus
1444 5403 1727 5455 daumatus
1754 5401 1953 5454 dicitur
1982 5418 2074 5453 au-

519 5482 571 5540 te
602 5486 773 5526 annos
803 5480 1018 5524 centum
1048 5481 1101 5525 et
1131 5476 1431 5540 seXaginta.
1483 5470 1574 5524 Sic
1618 5473 1759 5525 enim
1813 5472 1973 5524 habet
2009 5471 2074 5524 li-

521 5538 691 5610 bellus
736 5543 1151 5595 coutestationis
1190 5538 1319 5596 cleri
1344 5540 1930 5610 ConStautiunpulitani
1968 5556 2066 5608 pu-

522 5608 655 5663 blice
691 5613 743 5664 in
778 5612 1018 5666 Ecclesia
1060 5613 1370 5681 propositus
1392 5655 1406 5679 ,
1436 5612 1578 5681 quod
1620 5608 1900 5664 Nestorius
1935 5611 2073 5681 ejus-

519 5682 632 5731 dem
665 5684 936 5735 sententia:
963 5682 1030 5735 sit
1065 5679 1181 5734 eum
1215 5679 1391 5737 Paulo
1417 5679 1780 5745 Samosateno,
1810 5690 1930 5736 ante
1960 5679 2071 5735 Van-

2174 4442 2297 4481 nem
2332 4426 2518 4479 adimit
2556 4424 2779 4494 epistola
2826 4425 3085 4494 synodica
3143 4424 3365 4479 Patrum
3407 4425 3727 4481 Antiocheni

2168 4495 2407 4558 concilii,
2432 4508 2553 4566 quae
2583 4496 2743 4548 missa
2772 4508 2894 4566 esse
2919 4496 3116 4566 dicitur
3144 4496 3209 4547 ad
3267 4495 3585 4566 Dionysium
3626 4496 3732 4550 Ro-

2170 4580 2385 4618 manum
2428 4565 2760 4632 episcOpum.
2793 4563 2925 4618 Cum
2978 4564 3122 4618 enim
3161 4574 3376 4634 constet
3409 4563 3729 4634 Dionysium

2167 4649 2361 4703 papam
2424 4642 2693 4703 mortuum
2735 4648 2855 4688 esse
2891 4635 3175 4689 consulatu
3208 4633 3414 4688 Claudii
3444 4645 3499 4687 et
3542 4633 3729 4689 Pater-

2171 4701 2473 4759 ni‘anal.
2528 4701 2831 4765 Ianuarias.
2861 4704 3151 4759 concilium
3191 4704 3587 4758 Antiochenum
3652 4719 3733 4759 se-

2170 4775 2283 4827 rius
2321 4774 2544 4826 omnino
2601 4775 2918 4842 congregari
2972 4789 3081 4828 non
3116 4775 3309 4841 potuitt
3355 4776 3419 4827 At
3464 4772 3733 4831 Baronins

2169 4844 2257 4908 qui
2294 4844 2583 4897 concilium
2622 4843 3024 4898 Antiochenam
3085 4842 3301 4897 confert
3350 4844 3402 4898 in
3439 4857 3643 4898 annum
3694 4859 3731 4898 ιι

2169 4913 2469 4974 Aureliani,
2504 4926 2727 4966 necesse
2760 4913 2952 4967 habuit
2985 4914 3372 4983 pontiﬁcatum;
3396 4912 3644 4983 Dionysii
3680 4914 3726 4966 in

2169 4999 2289 5034 enim
2322 4998 2489 5050 usque
2520 4997 2719 5035 annum
2766 4981 3079 5048 producere.
3129 4992 3317 5037 contra
3351 4981 3507 5035 fidem
3540 4981 3729 5037 'libro-

2173 5067 2289 5104 rum
2324 5052 2710 5117 pontificalium
2761 5051 2974 5105 Damasi
3002 5062 3057 5105 et
3087 5052 3385 5106 Anastasii.
3417 5051 3557 5116 Quid
3588 5055 3730 5120 quod

2174 5136 2318 5174 anno
2357 5138 2393 5175 ιι
2439 5123 2714 5175 Aureliani
2734 5121 2930 5175 bellum
2958 5123 3008 5174 in
3033 5122 3255 5176 Oriente
3287 5132 3495 5190 gestum
3524 5132 3607 5174 est
3643 5123 3733 5176 ad-

2171 5206 2359 5245 versus
2394 5192 2708 5254 Zenobiam,
2748 5201 2904 5258 capta
2963 5206 3085 5245 cum
3133 5190 3254 5244 aliis
3281 5192 3505 5245 urbibus
3541 5192 3733 5246 Antio—

2172 5263 2317 5324 chia,
2347 5263 2482 5315 adeo
2534 5271 2590 5314 ut
2624 5261 2864 5330 synodus
2913 5262 3290 5331 episcoporum
3327 5276 3393 5315 eo
3423 5276 3567 5314 anno
3611 5276 3734 5315 con-

2172 5333 2379 5402 gregari
2419 5347 2521 5384 non
2558 5331 2814 5402 potuerit.

2242 5403 2351 5470 (t8)
2386 5400 2687 5470 Μαλχίων.
2724 5400 2980 5454 Leontius
3003 5400 3054 5453 in
3093 5400 3233 5454 libro
3261 5397 3501 5454 tContra
3548 5401 3737 5456 Nesto-

2175 5473 2329 5533 rium,
2358 5473 2514 5524 atl‘ert
2541 5474 2840 5539 fragmenta
2858 5471 3100 5538 quicdam
3128 5485 3192 5524 ex
3211 5471 3578 5537 disputatione
3601 5472 3731 5527 Mal-

2173 5542 2385 5594 chionis
2437 5540 2971 5612 adversusl’aulum
3050 5541 3512 5612 Samosateusgm.
3580 5541 3730 5612 Apud

2174 5612 2560 5664 'l‘heodoritum
2615 5610 2667 5663 in
2723 5610 2817 5665 lib.
2846 5626 2882 5664 ll
2932 5611 3321 5664 Hiereticarum
3375 5608 3732 5675 Fabularum,

2172 5679 2457 5752 Μολαχίων
2492 5681 2751 5736 scribitur
2793 5683 3074 5736 mendose.
3117 5681 3216 5735 llic
3263 5696 3328 5736 cx
3360 5681 3732 5737 confutatione
