3928 6252
503 309 606 367 ἸΙΙ

1208 305 1482 364 EUSEBII
1519 303 1998 364 CESARIENSIS
2037 305 2189 362 OPP.
2228 305 2408 363 PARS
2444 305 2489 363 Ῑ.
2522 335 2593 346 -
2629 305 3024 363 HISTORICA.

3667 318 3789 372 ’112

507 443 629 484 rum
659 439 719 484 se
743 424 1067 482 sententiam
1097 425 1454 495 promisisset,
1502 425 1736 480 credens
1779 425 1831 480 ei
1879 423 2051 480 Firmi

2177 425 2238 480 τὸ
2273 429 2506 500 πρᾶγμα
2545 429 2625 491 εἰς
2666 427 2784 481 δέον
2822 427 3298 500 καταστήσεσθαι,
3330 429 3620 486 ἀνεϐάλετο
3662 452 3785 489 παι

505 520 702 584 lianus,
734 535 1061 591 speransque
1100 520 1218 573 sine
1265 519 1376 573 ullo
1405 518 1682 588 religionis
1717 527 1916 573 nostra:
1949 533 2077 587 pro-

505 611 606 668 bro
643 621 806 681 atque
842 611 1125 681 dispendio
1153 627 1266 666 rem
1311 612 1514 681 optime
1566 625 1725 680 posse
1772 612 2023 665 constitui
2055 650 2072 676 ,

505 704 713 760 distulit
739 704 1062 758 sententiam
1113 718 1299 767 suam,
1336 703 1594 773 deceptus
1623 703 1830 758 scilicet
1871 703 1937 756 ab
1972 705 2072 757 ho-

503 796 648 850 mine
675 795 765 864 qui
799 797 964 849 Deum
993 810 1057 849 ac
1087 794 1374 849 Dominum
1414 809 1570 848 suum
1605 795 1862 864 negabat,
1896 803 1949 848 et
1979 794 2070 864 qui

478 889 660 942 ’fidem
691 903 850 957 quam
905 897 1064 941 antea
1119 885 1507 956 profitebatur,
1543 886 1860 940 violaverat.
1920 886 2070 941 Nunc

498 993 711 1048 quoque
733 978 1076 1032 Antiochiam
1113 988 1378 1030 venturus
1407 984 1526 1029 erat
1562 975 1914 1030 Firmilianus
1941 1018 1956 1040 ,
2016 986 2072 1031 et

492 1071 604 1140 jam
649 1069 875 1124 Tarsum
913 1084 1086 1139 usque
1117 1078 1468 1138 pervenerat.
1503 1067 1715 1138 Quippe
1756 1068 2072 1138 improbita-

498 1171 604 1215 tem
634 1161 864 1215 hominis
896 1161 1060 1214 Deum
1098 1160 1343 1229 negantis
1388 1168 1544 1213 antea
1580 1158 1759 1212 fuerat
1787 1169 2064 1226 expertus.

497 1252 602 1308 Sed
627 1268 750 1308 cum
782 1253 1004 1323 nosjam
1037 1255 1498 1315 convenissemus,
1537 1252 1743 1306 interea
1781 1251 1884 1306 loci
1940 1253 2066 1306 dttm

495 1334 1028 1410 illuniaccersimus;
1061 1345 1186 1399 dum
1209 1346 1324 1414 ejus
1350 1345 1635 1399 adventum
1664 1354 2065 1414 exspectamus,

493 1440 630 1494 abiit
661 1455 692 1494 e
725 1440 857 1494 vita.
892 1457 912 1492 ι
944 1438 1148 1494 Deinde
1176 1438 1336 1508 paulo
1365 1446 1511 1508 post,
1543 1436 1850 1506 cujusmodi
1901 1437 2066 1493 fuerit

493 1531 726 1586 hominis
756 1533 886 1596 vita,
915 1540 1201 1600 exponunt
1248 1530 1332 1584 his
1363 1528 1581 1584 verbis:
1618 1545 1638 1579 ι
1676 1527 1784 1583 Sed
1807 1529 2064 1597 quoniam

491 1641 521 1677 a
549 1626 668 1680 fidei
706 1625 887 1696 regula
919 1605 1202 1687 recedens,
1239 1623 1304 1676 ad
1335 1623 1580 1689 spuriam
1608 1629 1662 1676 et
1706 1621 2062 1676 adulterinam

492 1715 792 1770 doctrinam
823 1731 882 1771 se
925 1715 1220 1781 transtulit,
1252 1716 1487 1770 hominis
1515 1715 1581 1770 ab
1631 1713 1871 1768 Ecclesia
1898 1713 2060 1768 alieni

491 1821 648 1866 actus
669 1810 979 1865 examinare
998 1810 1133 1864 nihil
1163 1811 1357 1863 attinet
1387 1826 1400 1862 :
1432 1822 1606 1877 neque
1633 1807 1775 1876 quod
1806 1822 1926 1861 cum
1961 1821 2060 1859 an-

489 1912 573 1957 tea
603 1917 808 1972 pauper
829 1917 893 1958 ac
921 1904 1200 1958 mendicus
1226 1909 1390 1966 esset,
1416 1915 1516 1955 nec
1560 1899 1699 1954 ullas
1725 1898 1951 1952 omnino
1975 1896 2060 1951 [ιι-

487 1995 721 2050 cultates
749 2004 844 2048 aut
876 2009 905 2048 a
967 1994 1286 2063 parentibus
1339 1993 1558 2050 relictas
1609 1991 1932 2059 accepisset,
1967 1999 2060 2043 aut

488 2087 626 2140 artis
662 2087 803 2141 illius
842 2087 1106 2142 exercitio
1132 2086 1233 2141 sibi
1267 2093 1669 2156 comparasset,
1703 2099 1849 2138 nunc
1877 2083 1942 2136 ad
1975 2083 2061 2136 in-

484 2179 797 2235 credibilem
825 2180 1160 2248 opulentiam
1199 2179 1484 2248 pervenit,
1517 2191 1614 2248 per
1640 2175 1848 2232 scelera
1885 2189 1946 2230 ac
1971 2190 2060 2230 sa-

483 2271 728 2340 crilegia,
759 2272 1102 2340 fratrumque
1126 2270 1514 2327 concussiones
1541 2290 1555 2324 :
1591 2269 1715 2324 dum
1750 2267 1949 2337 injuria
1978 2266 2060 2320 af-

481 2360 911 2431 fectos‘deccpit,
944 2363 1272 2431 promittens
1300 2363 1518 2431 quidem
1549 2375 1668 2416 sese
1695 2359 1800 2414 illis
1835 2368 2056 2429 accepta

478 2454 730 2508 mercede
752 2469 908 2523 opem
945 2453 1174 2508 laturum
1207 2476 1218 2509 :
1264 2452 1457 2508 fallens
1493 2463 1673 2507 autem
1702 2452 1868 2522 ipsos,
1905 2461 1959 2505 et
1988 2467 2055 2506 ex

480 2543 747 2598 facilitate
800 2543 1167 2611 litigantium,
1220 2544 1311 2613 qui
1364 2555 1422 2597 ut
1480 2543 1696 2612 negotio
1757 2543 2058 2602 liberentur

478 2635 692 2706 quidvis
719 2635 849 2690 dare
881 2636 1059 2704 parati
1090 2646 1240 2698 sunt,
1280 2634 1490 2688 lucrum
1527 2635 1763 2688 inaniter
1788 2644 2014 2702 captans
2036 2676 2051 2698 ,

479 2735 537 2782 et
564 2729 822 2797 pietatem
855 2736 1127 2796 quarstum
1156 2741 1278 2782 esse
1308 2725 1652 2780 existimans.
1700 2723 1885 2794 Neque
1910 2729 2053 2793 quod

481 2819 622 2875 fastu
650 2831 707 2876 et
737 2821 1054 2889 arrogantia
1104 2833 1266 2886 supra
1307 2818 1526 2872 modum
1561 2816 1738 2871 elatus
1765 2816 2054 2872 sreculares

480 2912 621 2982 gerit
658 2912 972 2982 dignitates,
1009 2919 1063 2966 et
1085 2912 1414 2965 ducenarius
1443 2908 1625 2963 vocari
1654 2923 1814 2976 quam
1840 2909 2052 2977 episco-

477 3018 580 3076 pus
601 3003 803 3059 mavult
832 3020 847 3058 :
882 3019 979 3075 per
1009 3003 1183 3057 forum
1207 3001 1494 3074 magnifice
1519 3000 1776 3055 incedens
1796 3038 1813 3065 ,
1858 3001 2054 3072 episto-

2179 517 2532 589 ρακρουσθεὶς
2567 517 2658 570 ὑπ’
2689 517 2853 572 αὑτοῦ
2886 516 2978 571 τοῦ
3023 517 3118 570 καὶ
3154 517 3247 571 τὸν
3274 518 3407 572 Θεὸν
3437 520 3528 573 τὸν
3561 522 3782 576 ἑαυτοῦ

2176 609 2270 683 καὶ
2293 609 2495 680 Κύριον
2520 610 2876 681 ἀρνουμένου,
2913 610 3008 663 καὶ
3035 609 3132 682 τὴν
3165 611 3350 664 πίστιν
3375 613 3440 683 ἢν
3471 616 3566 668 καὶ
3595 616 3783 680 αὑτὸς

2175 700 2437 772 πρότερον
2473 697 2620 772 εἶχε,
2671 702 2744 774 μὴ
2788 701 3142 771 φυλάξαντος.
3180 704 3413 774 Ἔμελλε
3450 704 3507 758 δὲ
3538 706 3636 758 καὶ
3674 706 3783 759 νῦν

2173 791 2202 842 ὁ
2240 791 2587 862 Φιρμιλιανὸς
2633 793 2712 855 είς
2739 793 2838 864 τὴν
2874 792 3201 864 Ἀντιόχειαν
3232 795 3609 867 διαϐήσεσθαι,
3674 798 3782 851 καὶ

2175 883 2336 954 μέχρι
2375 900 2439 952 γε
2468 883 2697 956 Ταρσῶν
2728 880 2891 955 ἧκεν,
2928 885 3024 938 ἆτε
3068 887 3168 956 τῆς
3215 885 3539 957 ἀρνησιθέου
3591 887 3779 943 αὑτοῦ

2171 975 2370 1039 κακίας
2411 978 2606 1047 πεῖραν
2653 975 2888 1046 εἰληφώς
2911 993 2926 1008 ο
2975 975 3112 1030 ἀλλά
3148 977 3257 1048 γὰρ
3291 977 3492 1047 μεταξὺ
3532 981 3784 1052 συνελη-

2169 1067 2404 1121 λυθότων
2425 1068 2581 1139 ἡμῶν
2607 1068 2699 1122 καὶ
2729 1067 3056 1137 καλούντων,
3083 1071 3176 1125 καὶ
3203 1072 3584 1142 ἀναμενόντων
3600 1075 3781 1146 ἄχρις

2169 1156 2234 1210 ἂν
2268 1157 2427 1228 ἔλθῃ,
2471 1159 2620 1222 τέλος
2663 1158 2786 1230 ἔσχε
2815 1159 2909 1212 τοῦ
2940 1159 3075 1230 βίου.
3103 1181 3121 1212 ι
3167 1162 3302 1215 Μεθ’
3334 1164 3499 1235 ἕτερα
3531 1163 3576 1216 δ’
3602 1162 3780 1230 αὖθις

2167 1249 2258 1303 τὸν
2291 1249 2402 1320 βίον
2433 1250 2525 1303 τοῦ
2556 1251 2720 1304 αὑτοῦ
2764 1251 2880 1312 οἵας
2912 1251 3207 1323 ἐτύγχανεν
3246 1255 3490 1326 ἀγωγῆς,
3524 1256 3776 1326 διαγρά-

2169 1359 2357 1411 φουσιν
2387 1345 2446 1396 ὲν
2475 1342 2684 1407 τούτοις
2703 1360 2716 1374 ⁸
2756 1362 2775 1394 ‹
2807 1344 2976 1397 Ὅπου
3021 1345 3077 1398 δὲ
3117 1346 3358 1411 ἀποστὰς
3399 1347 3495 1400 τοῦ
3526 1349 3777 1413 κανόνος

2169 1431 2280 1503 (25)
2325 1433 2416 1487 ἐπὶ
2459 1433 2685 1506 κίϐδηλα
2728 1435 2823 1489 καὶ
2861 1435 2991 1490 νόθα
3027 1437 3332 1508 διδάγματα
3363 1439 3767 1510 μετελήλυθεν,

2164 1524 2316 1578 οὐδὲν
2356 1526 2437 1579 δεῖ
2473 1526 2566 1580 τοῦ
2611 1525 2715 1592 ἔξω
2758 1527 2911 1592 ὄντος
2956 1527 3054 1594 τὰς
3089 1529 3315 1600 πράξεις
3350 1532 3595 1602 κρίνειν·
3633 1533 3771 1586 οὑδέ

2164 1616 2244 1670 ὃτι
2285 1619 2549 1691 πρότερον
2595 1620 2767 1690 πένης
2796 1620 2872 1674 ὢν
2901 1622 2994 1676 καὶ
3025 1623 3258 1693 πτωχὸς.
3295 1623 3390 1676 καὶ
3426 1626 3564 1696 μήτε
3602 1624 3769 1696 παρὰ

2165 1709 2414 1784 πατέρων
2461 1711 2788 1783 παραλαϐὼν
2831 1712 3101 1784 μηδεμίαν
3149 1714 3446 1785 εὐπορίαν,
3497 1716 3644 1786 μήτε
3698 1718 3768 1768 ἐκ

2160 1799 2356 1872 τέχνης
2398 1801 2432 1872 ἦ
2464 1818 2609 1864 τινος
2641 1799 3074 1872 ἐπιτηδεύματος
3113 1802 3487 1874 κτησάμενος,
3536 1803 3640 1857 νῦν
3680 1806 3765 1865 εις

2160 1891 2564 1963 ὑπερϐάλλοντα
2586 1891 2814 1946 πλοῦτον
2836 1892 3116 1962 ἐλήλακεν,
3141 1893 3199 1957 ἐξ
3221 1893 3460 1965 ἀνομιῶν
3490 1896 3586 1948 καὶ¹
3619 1898 3765 1966 ἱερο-

2161 1982 2390 2047 συλιῶν,
2423 1984 2518 2036 καὶ
2546 1977 2620 2036 ὧν
2650 1984 2793 2036 αἰτεῖ
2833 1985 2928 2038 καὶ
2982 1985 3113 2038 σείει
3147 1987 3274 2049 τοὺς
3306 1986 3568 2053 ἀδελφοὺς
3612 1987 3758 2060 (24),

2158 2075 2581 2147 καταϐραϐεύων
2606 2077 2732 2139 τοὺς
2762 2077 3146 2148 ἀδικουμένους
3166 2078 3301 2148 (25),
3332 2081 3425 2132 καὶ
3452 2081 3761 2151 ὑπισχνού-

2162 2184 2320 2238 μενος
2354 2167 2636 2238 βοηθήσειν
2666 2167 2859 2238 μισθοῦ
2881 2210 2895 2234 ,
2931 2169 3260 2241 ψευδόμενος
3290 2171 3348 2224 δὲ
3372 2173 3468 2224 καὶ
3494 2173 3755 2238 τούτους,

2157 2259 2252 2312 καὶ
2278 2259 2451 2330 μάτην
2481 2258 2860 2330 καρπούμενος
2893 2260 3002 2331 (26)
3045 2262 3141 2334 τὴν
3180 2262 3291 2316 τῶν
3324 2264 3381 2316 ἐν
3417 2265 3757 2336 πράγμασιν

2157 2349 2326 2404 ὄντων
2361 2351 2682 2422 ἑτοιμότητα
2718 2351 2854 2421 πρὸς
2895 2351 2957 2404 τὸ
2995 2352 3192 2408 διδόναι
3240 2355 3378 2427 ὑπὲρ
3422 2357 3754 2430 ἀπαλλαγῆς

2156 2441 2265 2496 τῶν
2313 2443 2711 2515 ἐνοχλούντων,
2764 2444 3034 2515 πορισμὸν
3072 2445 3372 2518 ἡγούμενος
3415 2447 3514 2519 τὴν
3558 2449 3753 2503 θεοσέ-

2157 2534 2308 2589 ϐειαν
2337 2536 2449 2605 (27)
2470 2555 2481 2566 ·
2520 2537 2611 2590 καὶ
2641 2537 2763 2592 οὑτε
2788 2539 2864 2602 ὡς
2889 2537 3068 2609 ὑψηλά
3099 2541 3284 2611 φρονεί
3311 2539 3422 2610 (28)
3453 2543 3549 2594 καὶ
3579 2542 3754 2614 ὑπερ-

2153 2627 2317 2697 ἦρται
2370 2627 2608 2698 κοσμικά
2651 2629 2937 2700 ἀξιώματα
2980 2628 3376 2700 ὑποδυόμενος,
3421 2632 3518 2684 καὶ
3547 2631 3755 2702 δουκη-

2155 2717 2341 2790 νάριος
2369 2718 2479 2788 (29)
2503 2721 2702 2791 μᾶλλον
2730 2722 2762 2794 ἦ
2791 2721 3087 2786 ἐπίσκοπος
3114 2721 3282 2776 θέλων
3311 2723 3622 2788 καλεῖσθαι,
3652 2725 3748 2778 καὶ

2156 2809 2330 2862 σοϐῶν
2360 2811 2502 2864 κατά
2528 2812 2628 2876 τὰς
2655 2812 2886 2884 ἀγορὰς,
2915 2814 3007 2866 καὶ
3033 2814 3319 2879 ἐπιστολὰς
3346 2815 3746 2885 ἀναγινώσκων

2153 2903 2248 2956 καὶ
2264 2901 2616 2975 ὑπαγορεύων
2632 2903 2746 2975 ἅμα
2763 2905 2870 2976 ('50)
2891 2904 3120 2974 βαδίζων
3133 2906 3388 2978 δημοσίᾳ,
3404 2909 3501 2962 καὶ
3517 2909 3747 2981 δορυφο-

2157 2993 2436 3066 ρούμενος,
2471 2995 2578 3048 τῶν
2616 2997 2711 3067 μὲν
2750 2998 3260 3068 προπορευομένων,
3299 2999 3405 3052 τῶν
3445 2999 3504 3054 δὲ
3541 3002 3744 3070 ἐφεπο-

477 3094 558 3150 las
587 3094 773 3164 legens
802 3109 867 3150 ac
907 3094 1120 3150 dictans
1153 3094 1295 3149 inter
1337 3092 1721 3148 ambulandum
1757 3091 1933 3161 palam
1985 3107 2051 3147 ac

2161 3086 2333 3158 μένων
2365 3087 2574 3143 πολλῶν
2607 3088 2698 3141 τὸν
2739 3089 2989 3160 ἀριθμὸν,
3025 3088 3101 3154 ὡς
3129 3091 3224 3144 καὶ
3259 3090 3356 3161 τὴν
3387 3091 3575 3146 πίστιν
3615 3093 3744 3163 φθοιι

476 3185 725 3258 publice;
753 3187 1092 3256 stipatusque
1114 3186 1347 3242 maxima
1375 3185 1655 3240 hominum
1686 3183 2049 3250 multitudine,

475 3277 674 3346 partim
705 3277 1090 3346 prmeuntium,
1117 3277 1315 3345 partim
1339 3273 1812 3343 subsequentium,
1835 3275 1972 3328 adeo
1994 3283 2054 3327 ut

475 3385 542 3424 ex
563 3368 860 3424 illiusfastu
876 3369 1254 3440 etarrogantia
1271 3366 1614 3422 incredibilis
1631 3365 1833 3420 invidia
1848 3365 2056 3420 odium-

477 3475 582 3530 que
605 3460 893 3515 multorum
917 3463 1174 3516 adversus
1207 3459 1365 3516 fidem
1386 3467 1626 3514 nostram
1649 3456 1937 3511 conﬂatum
1954 3457 2046 3513 sit.

475 3551 662 3622 Neque
703 3553 829 3608 item
855 3553 1052 3607 attinet
1079 3552 1398 3606 examinare
1441 3545 1786 3604 ambitiosam
1814 3548 2049 3604 hominis

473 3645 767 3701 vanitatem
795 3644 848 3698 in
880 3643 1268 3700 ecclesiasticis
1299 3644 1680 3707 conventibus,
1705 3656 1867 3712 quam
1897 3643 2045 3698 omni

477 3821 615 3880 Male
653 3824 797 3880 hunc
823 3823 1002 3879 locum
1033 3823 1201 3880 vertit
1232 3821 1790 3893 Christophorsmtns,
1819 3823 1910 3892 qui
1937 3823 2049 3877 Ru-

477 3896 642 3948 finum
691 3905 840 3950 recte
899 3905 1212 3949 meeuntem
1270 3894 1428 3962 sequi
1474 3895 1670 3952 noluit.
1699 3893 2044 3949 Vertitenim

477 3965 588 4018 sine
624 3962 735 4018 ulla
793 3909 1068 4018 variorum
1114 3965 1471 4018 contumelia.
1531 3979 1653 4018 cum
1723 3965 2043 4018 vertendum

471 3965 588 4019 sine
624 3962 735 4018 ulla
793 3962 1068 4019 verborum
1114 3965 1471 4029 contumelia,
1531 3979 1653 4018 cum
1723 3965 2043 4019 vertendum

472 4044 622 4089 esset
642 4036 754 4088 sine
783 4036 893 4088 ulla
934 4036 1201 4102 religionis
1245 4044 1438 4087 nostra:
1488 4032 1827 4088 contumelia.

545 4102 657 4176 (25)
705 4105 1002 4172 Ἀποστὰς
1029 4104 1136 4176 τοῦ
1170 4105 1444 4176 κανόνος.
1490 4103 1580 4158 Sic
1611 4115 1808 4158 vocant
1851 4102 2044 4176 Patres

473 4173 718 4245 regulam
753 4177 897 4245 fidei.
930 4177 1002 4229 lta
1037 4175 1304 4245 Eusebius
1331 4175 1382 4225 in
1416 4175 1556 4245 libro
1588 4188 1661 4236 tv,
1693 4173 1942 4245 cap._‘{5,
1975 4175 2042 4245 de

473 4242 732 4315 Dionysio
781 4244 1188 4298 Corinthiorum
1223 4244 1476 4315 episcopo
1509 4243 1740 4314 loquens
1776 4242 1904 4314 ἒΤῷ
1941 4243 2043 4315 τῆς

473 4313 729 4383 ἀληθείας
766 4313 1324 4386 παρίσταταιΑκανόνι.

544 4381 658 4450 (2.4)
689 4381 1014 4452 Σείείτοὺς
1047 4383 1372 4453 ἀδελφούς.
1403 4381 1611 4450 Duplici
1665 4384 1872 4438 ratione
1907 4398 2042 4438 con-

473 4455 743 4510 cnssionis
773 4457 980 4509 crimen
1022 4456 1363 4520 admittitur;
1403 4464 1494 4506 aut
1523 4470 1650 4508 cum
1687 4461 1896 4509 terrore
1945 4469 2041 4523 p0-

472 4527 705 4590 testatis,
740 4526 1088 4595 magistratus
1127 4525 1214 4578 vel
1266 4524 1421 4578 miles
1470 4524 1676 4595 aliquid
1710 4525 1915 4593 exigit;
1946 4533 2039 4577 aut

469 4609 594 4649 cum
629 4610 723 4663 per
756 4594 999 4650 fraudem
1031 4605 1084 4650 et
1117 4595 1466 4658 calumniam,
1497 4594 1736 4664 suffragii
1772 4604 2035 4664 praetextu

473 4666 676 4736 aliquid
708 4681 736 4720 a
781 4668 1032 4736 quopiam
1067 4665 1302 4727 elicitur,
1338 4674 1396 4716 ιιι
1425 4665 1476 4718 ἰιι
1513 4664 1629 4734 lege
1661 4663 1712 4727 l,
1739 4665 1797 4719 D.
1831 4663 1908 4718 De
1943 4679 2037 4717 ca-

473 4735 909 4792 lumniatoribus.
957 4735 1069 4791 lloc
1111 4739 1408 4790 secundum
1447 4749 1617 4802 genus
1667 4737 2038 4788 concussionis

472 4807 783 4875 intelligunt
823 4807 1014 4861 Patres
1075 4806 1292 4861 concilii
1355 4803 1702 4875 Antiocheni.
1761 4805 1836 4859 De
1865 4807 2039 4875 primo

471 4872 672 4950 genere
689 4878 1077 4950 _concussionis
1107 4876 1345 4950 loquitur
1381 4872 1782 4950 Maximinusin
1811 4874 2036 4950 epistola

469 4944 538 5001 ad
572 4946 860 5012 Sabinum,
890 4963 1050 5015 quam
1091 4947 1261 5001 refert
1293 4946 1558 4999 Eusebius
1582 4947 1634 4998 in
1667 4945 1762 4998 lib.
1798 4961 1875 5009 ix,
1905 4960 1955 4997 c.
1982 4944 2034 4999 9.

469 5017 668 5071 Nescio
702 5026 885 5070 autem
929 5031 1028 5070 cur
1066 5027 1344 5085 tantopere
1401 5015 1598 5084 refugit
1653 5015 2040 5082 Christophor—

469 5101 640 5140 sonus
664 5101 853 5139 vocem
885 5095 1160 5141 concutere
1193 5098 1248 5140 et
1281 5085 1661 5148 concussionis,
1694 5100 1814 5138 cum
1854 5094 2037 5138 tamen

469 5156 582 5210 sint
624 5155 852 5218 Latium,
885 5165 939 5210 et
993 5172 1022 5209 a
1077 5156 1349 5211 veteribus
1394 5154 1802 5222 iurisconsultis
1846 5155 2040 5222 crebro

470 5237 762 5296 usurpatae.
796 5226 898 5279 Sed
927 5235 982 5280 et
1013 5228 1065 5279 in
1114 5221 1407 5296 Evangelio
1431 5239 1629 5296 eaivox
1659 5226 1914 5289 habetur,
1947 5221 2037 5296 ubi

457 5293 705 5350 Joannes
737 5296 1000 5350 militibus
1033 5297 1103 5349 ita
1141 5293 1386 5367 pra-cipit
1419 5311 1432 5348 :
1465 5295 1739 5367 Neminem
1772 5295 2039 5367 concutia-

469 5368 537 5420 tis
561 5382 580 5421 :
603 5367 830 5420 contenti
877 5376 1039 5420 estote
1081 5364 1357 5436 stipendiis
1389 5366 1592 5418 vestris.
1643 5369 1794 5433 Apud
1820 5364 2039 5418 ϐτειιεοε

461 5438 886 5507 “antiquissimus
921 5445 1004 5491 est
1033 5452 1160 5491 usus
1193 5437 1346 5491 vocis
1403 5437 1570 5488 σείειν
1615 5449 1681 5487 eo
1725 5448 2039 5507 sensuhpro

477 5503 817 5563 calumniari.
855 5508 949 5561 Sic
1001 5509 1143 5559 enim
1199 5507 1583 5574 Aristophanes
1630 5513 1686 5558 et
1736 5503 2037 5559 Teleclides

457 5570 780 5646 floqunntur,
819 5587 953 5630 teste
983 5577 1147 5629 Suida
1180 5576 1231 5628 io
1263 5570 1398 5646 voce
1411 5579 1613 5646 σεῖσαι.

460 5650 468 5716 ξ
540 5645 654 5715 (25)
688 5648 1155 5715 Καταϐραϐεύων
1184 5645 1326 5712 τοὺς
1355 5645 1805 5714 ἀδικουμένους.
1826 5646 2039 5716 Langus

461 5693 1197 5784 Veilit'p-ratmiaraccipiens,
1225 5693 1329 5770 noit
1372 5717 1531 5769 male.
1561 5693 1878 5774 Utittti‘dta'c
1906 5693 2040 5772 v3ce

470 5787 672 5841 Paulus
707 5789 758 5840 iu
799 5789 968 5856 Epist.
999 5803 1034 5840 ιι
1064 5790 1128 5839 ad
1159 5788 1536 5849 tlolossenses,
1562 5802 1680 5856 cap.
1707 5802 1792 5840 ιιι.

2153 3179 2362 3233 νεῖσθαι
2390 3182 2485 3234 καὶ
2518 3180 2791 3252 μισεῖσθαι
2824 3180 2914 3234 διὰ
2955 3179 3046 3234 τὸν
3091 3181 3253 3250 ὄγκον
3291 3181 3458 3236 αὑτοῦ
3499 3185 3598 3238 καὶ
3641 3185 3739 3255 τὴν

2154 3272 2531 3344 ὑπερηφανίαν
2574 3274 2672 3344 τῆς
2697 3273 2924 3346 καρδίας
2947 3291 2960 3306 ·
2989 3273 3113 3328 οὔτε
3141 3275 3240 3347 τὴν
3274 3279 3331 3330 ἐν
3375 3279 3499 3341 ταῖς
3538 3278 3740 3348 ἐκκλη-

2155 3367 2461 3429 σιαστικαῖς
2513 3363 2747 3428 συνόδοις
2793 3365 3074 3436 τερατείαν
3125 3366 3192 3438 ἢν
3233 3369 3542 3438 μηχανᾶται
3589 3369 3738 3435 δοξον

2154 3456 2339 3510 κοπῶν
2384 3457 2478 3510 καὶ
2519 3457 2965 3527 φαντασιοκοπῶν
2985 3496 3000 3522 ,
3047 3458 3143 3512 καὶ⁹
3184 3459 3282 3522 τὰς
3323 3459 3435 3514 τῶν
3481 3462 3737 3532 ἀκεραιο-

2152 3548 2326 3621 τέρων
2373 3547 2548 3619 ψυχὰς
2593 3551 2704 3614 τοῖς
2747 3550 3008 3613 τοιούτοις
3047 3548 3382 3623 ἐκπλήττων,
3639 3553 3734 3624 μὲν

2151 3641 2248 3694 καὶ
2297 3639 2482 3712 θρόνον
2529 3639 2733 3713 ὑψηλὸν
2769 3642 2883 3714 (51)
2935 3641 3111 3715 ἐαυτῷ
3156 3644 3728 3715 κατασκευασάμενος,

2162 3844 2165 3847 ·
2228 3822 2340 3894 (26)
2369 3822 2578 3900 Μάτην
2609 3824 3041 3900 καρπούμενος.
3077 3823 3187 3900 Vox
3230 3827 3412 3900 μάτην
3437 3827 3723 3884 referenda

2153 3903 2237 3946 est
2271 3895 2476 3966 nonad
2511 3895 2751 3966 Paulum
2790 3895 2962 3966 ipsum
3010 3899 3100 3964 qui
3146 3895 3247 3952 hac
3285 3895 3404 3952 arte
3436 3901 3722 3966 pecuniam

2153 3965 2500 4038 corradebat,
2542 3967 2637 4038 sed
2675 3965 2756 4038 _ad
2793 3965 3067 4034 litigantes
3091 3970 3198 4038 _oui
3248 3965 3537 4038 pecuniam
3574 3984 3722 4022 suam

2151 4047 2310 4100 quam
2368 4035 2538 4108 Paulo
2587 4034 2871 4108 dederant,
2905 4046 2962 4090 nt
3013 4034 3326 4100 sullragitim
3381 4054 3544 4092 suum
3599 4040 3724 4108 ipsis

2151 4105 2544 4174 commodaret.
2578 4105 2877 4174 perdebant
2909 4108 3115 4174 absque
3138 4109 3242 4160 ullo
3273 4108 3474 4161 fructu.

2221 4173 2332 4246 (27)
2365 4173 2669 4244 Πορισμὸν
2695 4173 3037 4246 τἰγούμειζοςί
3060 4179 3175 4242 τὴν
3205 4179 3574 4234 θεοσέϐειαν.
3609 4178 3726 4234 llaec

2151 4245 2628 4368 verbaGdesumpta
2657 4256 2786 4298 sunt
2825 4261 2889 4300 ex
2927 4245 3211 4312 Epistotat
3243 4252 3311 4302 ad
3359 4248 3716 4305 Timorheum.

2151 4327 2268 4368 can.
2344 4352 2357 4367 .

2147 4327 2268 4383 cap.
2304 4327 2357 4368 υ.

2222 4383 2518 4457 (28)-ρῦτε
2579 4384 2919 4457 ὡςᾼύψηλὰ
2960 4389 3184 4457 φρονεῖ.
3227 4388 3284 4442 ln
3357 4389 3720 4443 velustissim.

2151 4453 2321 4530 codd.
2343 4454 2648 4530 Mazarino,
2671 4453 2807 4530 Fuk.
2834 4468 2888 4509 et
2919 4453 3174 4513 Medicam
3211 4459 3405 4530 legitur
3427 4460 3528 4511 καὶ
3556 4459 3722 4522 οὕτως

2069 4510 2115 4567 ι)
2144 4523 2521 4599 ρφηλοφρονετ.
2547 4510 2652 4580 Sed
2679 4528 2882 4599 rectior
2902 4539 2984 4599 ss.
3007 4510 3536 4598 euigilasrs‘stum;
3564 4510 3718 4599 ara;

2142 4595 2586 4668 llegius_’_eodexA
2615 4604 2667 4649 et
2721 4597 3024 4668 Syncellns,
3052 4595 3121 4654 et'
3157 4595 3496 4668 Nicephorns
3530 4595 3722 4654 contir-

2142 4674 2314 4738 mant.
2342 4663 2470 4738 Haec
2502 4664 2644 4738 enim
2675 4663 2835 4724 verba
2861 4671 3096 4737 pendent
3125 4684 3191 4724 cx
3218 4663 3620 4738 superioribus.

2212 4733 2324 4804 (29)
2355 4734 2773 4804 Δουκηνάριος.
2810 4733 2880 4791 De
2913 4733 3362 4808 procuratoribus
3410 4738 3718 4808 ducenariis

2142 4803 2266 4858 vide
2292 4803 2412 4873 Quae
2457 4803 2673 4875 scripsit
2705 4803 3005 4863 Salmasius
3035 4811 3090 4862 in
3133 4809 3273 4864 notis
3312 4809 3377 4862 ad
3417 4807 3714 4862 Historiam

2140 4875 2453 4948 Augustam.
2493 4879 2585 4930 Sic
2611 4877 2928 4948 dicebautur
2944 4891 3345 4948 procuratores,
3371 4881 3464 4945 qui
3484 4879 3717 4934 ducenta

2141 4947 2394 5018 sestertia
2425 4949 2590 5000 annui
2621 4947 2806 5001 salarii
2840 4947 3056 5004 nomine
3082 4951 3436 5018 accipiebant
3456 4964 3483 5018 τι
3515 4949 3715 5018 princi-

2139 5025 2320 5088 petiit
2344 5016 2492 5088 clare
2533 5019 2692 5088 docet
2729 5018 2912 5088 Dioﬁin
2937 5018 3032 5072 lib.
3066 5016 3346 5088 Lttt,’pag.
3379 5016 3506 5071 506.

2215 5084 2326 5156 (50)
2372 5086 2778 5156 Ὑπαγορεύων
2807 5087 2947 5157 ἅμα.
2990 5089 3118 5142 Post
3149 5084 3319 5142 ltaitc'
3340 5103 3535 5140 vocem
3581 5102 3713 5156 pun-

2141 5163 2288 5210 ctum
2314 5157 2385 5226 _i_n
2413 5171 2626 5212 summo
2661 5167 2901 5222 notatur,
2930 5170 3040 5211 tum
3081 5160 3134 5212 in
3161 5159 3351 5212 codice
3381 5157 3576 5226 Regio,
3611 5169 3712 5210 mm

2142 5227 2281 5298 apud
2313 5224 2676 5298 Nicephorum
2709 5236 2764 5280 et
2793 5227 3124 5298 Synccllum.
3158 5229 3263 5282 Sed
3293 5243 3415 5282 cum
3444 5224 3494 5280 in
3533 5231 3716 5281 codice

2142 5295 2395 5350 Medican
2441 5295 2496 5350 et
2550 5295 3002 5352 Mazarino'nulla
3036 5299 3124 5353 hic
3154 5307 3368 5352 notetur
3415 5299 3708 5360 distinctio,

2142 5366 2334 5441 malim
2373 5367 2550 5437 legere
2580 5383 2686 5441 uno
2736 5371 2900 5441 ductu
2935 5369 3286 5441 ὑπαγορεύων
3323 5369 3438 5439 ἅμα
3465 5366 3711 5441 ,βαδίζων

2141 5436 2394 5510 δημοσίᾳ,
2437 5436 2551 5510 etc.
2589 5439 2749 5493 Certe
2783 5437 3016 5494 Rufinus
3059 5436 3203 5494 hunc
3235 5436 3410 5494 locum
3464 5439 3537 5492 ita
3589 5438 3712 5506 legit

2142 5517 2306 5574 atque
2338 5509 2621 5572 intellexit,
2648 5521 2706 5561 ut
2737 5525 2802 5562 ex
2830 5510 2948 5579 ejus
2992 5513 3244 5565 versione
3291 5519 3544 5577 apparet.
3577 5511 3706 5562 Nam

2141 5587 2191 5630 et
2230 5579 2474 5630 incedens
2498 5596 2590 5647 per
2613 5579 2838 5650 plateas,
2881 5581 2976 5632 tali
3006 5586 3238 5650 quadam
3275 5580 3561 5632 ambitione
3603 5589 3708 5650 nte-

2143 5652 2314 5721 batur,
2363 5649 2567 5716 publice
2603 5649 2850 5721 epistolas
2899 5648 3162 5721 relegens,
3204 5661 3353 5718 atque
3413 5651 3468 5702 in
3528 5648 3706 5700 auditu

2142 5719 2376 5770 omnium
2405 5727 2451 5770 et
2492 5719 2657 5772 oculis
2685 5721 2914 5773 dictum.

2215 5786 2327 5856 ('51)
2351 5785 2524 5856 Β-ἦμα
2556 5789 2674 5858 μὲν
2721 5789 2820 5843 καὶ
2851 5790 3066 5859 θρόνον
3096 5792 3362 5860 ὑψηλόν.
3399 5789 3706 5862 Βερτεὶιθοο
