3928 6252
285 292 397 348 ’713

1265 284 1611 340 HISTOBUE
1651 280 2206 338 ECCLESIASTlCzE
2247 280 2373 335 LIB.
2417 273 2528 334 Ἧι.

3403 287 3507 342 7M

282 409 388 477 οὐχ
427 407 502 468 ὡς
531 405 762 477 Χριστοῦ
796 403 1066 475 μαθητὴς,
1101 403 1367 473 σήκρητόν
1403 418 1461 454 τε
1496 401 1604 471 (52)
1629 441 1642 464 ,
1668 401 1854 472 ὥσπερ

1963 402 2137 456 studio
2190 411 2554 463 consectatur,
2603 400 2731 454 nihil
2779 400 2922 452 aliud
2956 415 3116 468 quam
3145 401 3356 454 inanem
3388 405 3504 473 glo-

281 501 332 551 οἱ
392 500 486 551 τοῦ
538 499 738 566 κόσμου
782 498 1075 568 ἄρχοντες,
1129 496 1265 564 ἔχων
1309 511 1368 546 τε
1416 496 1506 546 καὶ
1557 491 1850 562 ὀνομάζων,

287 589 470 642 παίων
503 588 560 639 δέ
604 590 668 658 τῇ
713 589 852 659 χειρὶ
898 588 986 640 τὸν
1019 587 1221 658 μηρὸν,
1266 589 1375 640 καὶ.
1401 587 1460 638 τὸ
1500 585 1646 654 βῆμα
1691 584 1854 654 ἀράτ-

281 698 400 734 των
461 682 573 741 τοῖς
635 679 800 740 ποσὶ,
864 678 956 730 καὶ
1016 682 1127 740 τοῖς
1191 678 1262 749 μὴ
1331 677 1645 739 ἐπαινοῦσι,
1721 676 1852 746 μηδὲ

285 773 484 840 ῶσπερ
513 773 568 824 ἐν
591 773 700 834 τοῖς
731 770 973 841 θεάτροις
996 757 1332 823 κατασείουσι
1353 772 1470 831 ταῖς
1490 768 1696 830 ὀθόναις
1721 768 1853 837 (55),

288 863 421 933 μηδ’
452 859 681 914 ἐκϐοῶσί
702 877 760 912 τε
800 859 892 911 καὶ
922 858 1232 928 ἀναπηδῶσι
1275 857 1416 911 κατά
1448 858 1516 910 τὰ
1560 857 1698 909 αὑτά
1745 856 1854 918 τοῖς

285 955 432 1024 ἀμφ’
493 951 651 1006 αὐτὸν
698 950 1020 1014 στασιώταις
1062 950 1282 1020 ἀνδράσι
1331 967 1390 1002 τε
1447 949 1542 1003 καὶ
1593 950 1851 1017 γυναίοις,

285 1044 552 1114 ἀκόσμως
581 1040 751 1105 οὕτως
783 1041 1168 1113 ἀκροωμένοις,
1197 1042 1309 1102 τοῖς
1337 1039 1379 1091 δ’
1409 1035 1498 1092 οὖν
1531 1040 1605 1102 ὡς
1631 1041 1686 1092 ἐν
1721 1039 1853 1109 οἴκῳ

285 1133 434 1186 Θεοῦ
475 1132 863 1205 σεμνοπρεπῶς
895 1133 987 1186 κα).
1028 1132 1298 1192 εὐτάκτως
1326 1129 1632 1194 ἀκούουσιν,
1679 1131 1852 1182 ἐπιτι-

291 1223 418 1293 μῶν
450 1226 543 1279 καὶ
582 1224 894 1295 ἐνυϐρίζων,
927 1225 1019 1276 καὶ
1051 1225 1128 1287 είς
1159 1225 1282 1287 τοὺς
1313 1222 1642 1285 ἀπελθόντας
1668 1224 1731 1274 ἐκ
1759 1222 1851 1274 τοῦ

289 1311 416 1382 βίου
449 1312 633 1364 τούτου
673 1312 940 1383 παροινῶν
969 1311 1236 1382 ἐξηγητάς
1263 1311 1355 1365 τοῦ
1389 1312 1541 1380 λόγου
1585 1311 1853 1381 φορτικῶς

288 1406 357 1458 ἐν
387 1403 464 1474 τῷ
497 1402 677 1472 κοινῷ,
721 1404 816 1455 καὶ
844 1402 1328 1473 μεγαλορρημονῶν
1357 1405 1483 1474 περὶ
1511 1402 1722 1464 ἑαυτοῦ,
1756 1420 1852 1455 κα-

288 1493 479 1564 θάπερ
527 1494 628 1546 οὐκ
677 1493 992 1561 ἐπίσκοπος,
1051 1493 1184 1548 ἀλλὰ
1239 1495 1496 1564 σοφιστὴς
1540 1493 1634 1546 καὶ
1689 1493 1846 1560 γόης·

284 1585 546 1655 ψαλμοὺς
583 1584 640 1639 δὲ
667 1585 794 1649 τοὺς
839 1586 937 1656 μὲν
974 1589 1051 1650 είς
1093 1587 1182 1639 τὸν
1214 1586 1414 1657 Κύριον
1454 1585 1607 1655 ἡμῶν
1649 1583 1851 1654 Ἰησοῦν

287 1677 534 1747 Χριστὸν
577 1676 822 1741 παύσας,
863 1676 938 1740 ὡς
975 1677 1039 1748 δὴ
1088 1678 1383 1750 νεωτέρους
1437 1678 1530 1729 καὶ
1575 1676 1853 1747 νεωτέρων

280 1766 507 1837 ἀνδρῶν
557 1769 979 1838 συγγράμματα,
1035 1769 1113 1830 εἰς
1165 1749 1352 1820 ἐαυτὸν
1397 1766 1454 1820 δέ
1503 1769 1559 1819 ἐν
1607 1766 1740 1836 μέσῃ
1785 1769 1849 1836 τῇ
1883 1749 1926 1804 Β

305 1857 623 1930 Ἐκκλησία,
654 1862 718 1929 τῇ
765 1858 969 1928 μεγάλῃ
991 1858 1082 1910 τοῦ
1113 1859 1302 1928 Πάσχα
1345 1857 1524 1928 ἡμέρᾳ.
1551 1857 1859 1929 ψαλμῳδείν

289 1950 561 2014 γυναῖκας
591 1948 1039 2018 παρασκευάζων,
1067 1939 1142 2000 ὧν
1169 1949 1262 2002 καὶ
1293 1946 1526 2009 ἀκούσας
1547 1947 1611 2000 ἄν
1638 1965 1721 2010 τις
1745 1945 1862 2020 φρί-

290 2037 473 2105 ξειενο
518 2037 605 2092 οἷα
650 2040 900 2102 καὶτοὺς
943 2037 1284 2101 θωπεύοντας
1333 2036 1492 2091 αὐτὸν
1533 2038 1861 2104 ἐπισκόπους

286 2131 408 2183 τῶν
436 2128 648 2202 ὁμόρων
682 2130 864 2204 ἀγρῶν
894 2131 1002 2200 (54)
1032 2147 1089 2183 τε
1128 2130 1221 2184 καὶ
1261 2129 1482 2194 πόλεων,
1515 2131 1606 2184 κα)⁵
1628 2130 1862 2202 πρεσϐυ-

289 2221 489 2292 τέρους
516 2224 571 2275 ἐν
598 2225 719 2286 ταῖς
745 2222 882 2296 πρὸς
914 2223 1002 2276 τὸν
1029 2222 1154 2275 λαὸν
1184 2221 1422 2292 ὁμιλίαις
1443 2221 1661 2292 καθίησι
1684 2219 1860 2276 διαλέ-

300 2313 521 2380 γεσθαι.
550 2313 652 2367 Τὸν
685 2313 780 2385 μὲν
800 2314 907 2384 γὰρ
930 2313 1054 2366 Υἰὸν
1082 2313 1176 2366 τοῦ
1206 2313 1338 2368 Θεοῦ
1373 2316 1432 2368 οὐ
1459 2314 1702 2383 βούλεται
1738 2330 1862 2366 συν-

287 2404 580 2473 ομολογεῖν
620 2403 678 2471 ἐξ
725 2404 950 2474 οὐρανοῦ
981 2404 1413 2474 κατεληλυθέναι,
1458 2406 1541 2457 ἵνα
1568 2421 1618 2456 τι
1662 2403 1862 2474 προλα-

291 2497 486 2560 6όντες
511 2497 618 2550 τῶν
643 2495 940 2566 μελλόντων
963 2495 1339 2567 γραφήσεσθαι
1365 2495 1560 2565 θῶμεν·
1585 2495 1678 2547 καὶ
1704 2494 1860 2547 τοῦτο

282 2589 359 2641 οὐ
403 2588 546 2658 λόγῳ
597 2586 737 2657 ψιλῷ
790 2587 1100 2658 ῥηθήσεται,
1159 2587 1270 2640 ἀλλ’
1308 2586 1367 2651 ἐξ
1411 2583 1484 2640 ὧν
1539 2586 1860 2657 ἐπέμψαμεν

289 2680 704 2749 ὑπομνημάτων
734 2679 844 2748 (55)
871 2679 1139 2732 δείκνυται
1173 2677 1520 2748 πολλαχόθεν,
1545 2679 1640 2747 οὐχ
1662 2678 1860 2747 ἥκιστα

287 2771 361 2841 δὴ
405 2772 537 2823 ὅπου
585 2769 730 2838 λέγει
775 2770 979 2841 Ἰησοῦν
1013 2771 1246 2842 Χριστὸν
1285 2769 1547 2824 κάτωθεν.
1590 2770 1653 2821 Οἱ
1691 2768 1746 2820 δὲ
1781 2769 1860 2831 είς

290 2864 462 2916 αὐτὸν
484 2863 776 2931 ψάλλοντες
816 2865 908 2916 καὶ
941 2861 1374 2934 ἐγκωμιάζοντες
1400 2864 1456 2914 ἐν
1478 2861 1556 2932 τῷ
1585 2859 1717 2930 λαῷ,
1763 2860 1860 2927 ἄγ-

289 2950 456 3018 γελον
484 2950 573 3003 τὸν
600 2951 770 3021 ἀσεϐῆ
794 2950 1105 3004 διδάσκαλον
1137 2951 1338 3004 ἑαυτῶν
1363 2950 1422 3015 ἐξ
1447 2950 1672 3021 οὐρανοῦ
1697 2965 1858 3003 κατε-

289 3041 584 3112 ληλυθέναι
615 3043 848 3111 λέγουσι.
882 3044 990 3096 Καὶ
1042 3042 1215 3096 ταῦτα
1242 3044 1302 3095 οῦ
1332 3041 1548 3103 κωλύει,
1590 3040 1724 3094 ἀλλά
1765 3042 1859 3096 καὶ

289 3133 610 3203 λεγομένοις
645 3134 904 3205 πάρεστιν
932 3138 958 3187 ὁ
987 3136 1351 3207 ὑπερήφανος.
1388 3135 1497 3199 Τὰς
1532 3135 1588 3189 δὲ
1617 3134 1861 3188 συνεισά-

292 3241 463 3288 κτους
510 3226 618 3296 (56)
665 3225 826 3279 αὐτοῦ
865 3231 1148 3294 γυναῖκας,
1201 3229 1275 3289 ὡς
1332 3227 1619 3298 Ἀντιοχεῖς
1663 3226 1863 3299 ὀνομά⁹

292 3403 432 3456 dunt
478 3403 664 3458 Patres
709 3405 1024 3459 Antiochcni
1057 3404 1265 3458 concilii
1301 3405 1352 3457 in
1393 3402 1561 3458 Paulo
1597 3405 1848 3471 cpisc0po

293 3473 625 3539 Antiochiae,
662 3489 764 3528 non
803 3476 942 3542 quod
968 3477 1218 3528 thronum
1255 3474 1525 3529 habuerit.
1569 3475 1678 3528 lloc
1703 3477 1844 3527 enim

301 3543 518 3612 insigne
545 3553 663 3596 erat
692 3544 1087 3612 episc0porum,
1117 3556 1173 3598 ιιι
1220 3545 1270 3597 in
1306 3544 1502 3596 throno
1544 3549 1638 3596 se'n
1670 3545 1851 3596 eatbe~

299 3617 398 3663 dra
430 3611 702 3682 sederent.
735 3614 833 3679 Qui
861 3614 1098 3679 mosjam
1130 3615 1249 3668 inde
1281 3615 1348 3666 ab
1378 3614 1685 3682 apostolicis
1715 3625 1853 3665 tetu-

297 3681 526 3747 poribus
561 3682 864 3737 invaluerat
895 3685 947 3736 in
979 3683 1233 3737 Ecclesia.
1266 3681 1423 3738 Certe
1456 3682 1638 3737 Jacobi
1671 3682 1853 3736 lratris

300 3749 519 3805 Domini
562 3752 832 3824 thronum,
883 3753 1266 3824 l‘lierOsolymis
1318 3752 1493 3806 adhuc
1547 3763 1854 3824 suaumtate

300 3831 577 3875 servatum
615 3821 780 3878 fuisse
810 3833 1038 3880 testatur
1062 3821 1323 3877 Eusebius
1355 3825 1404 3874 in
1438 3825 1614 3888 capite
1647 3822 1729 3882 18,
1759 3838 1852 3874 stt-

302 3907 422 3960 pra.
456 3891 509 3944 Id
545 3893 708 3961 igitur
735 3896 787 3947 ιιι
829 3895 992 3949 Paulo
1025 3901 1286 3948 damnant
1328 3893 1610 3946 memorati
1643 3891 1852 3954 Patres,

302 3961 447 4027 quod
479 3963 708 4016 tribunal
759 3965 859 4018 sibi
905 3969 1107 4019 exstrui
1155 3974 1396 4018 curasset
1428 3962 1479 4016 in
1515 3961 1772 4025 ecclesia,
1803 3970 1856 4013 et

305 4030 447 4090 ineo
474 4032 721 4086 thronunt
746 4035 1025 4088 sublimem
1049 4036 1148 4089 sibi
1170 4035 1460 4088 statuisset.
1491 4034 1658 4086 Recte
1681 4032 1859 4100 itaque

305 4101 534 4155 ﬂutiuus
566 4103 706 4156 hunc
740 4102 916 4156 locum
949 4105 1019 4157 ita
1046 4104 1237 4157 vertit:
1267 4103 1328 4156 In
1354 4103 1571 4156 ecclesia
1599 4118 1712 4154 vero
1753 4105 1853 4154 tri-

301 4170 466 4222 bona!
502 4171 601 4224 sibi
633 4172 791 4225 multo
821 4174 981 4226 altius
1010 4191 1166 4242 quam
1194 4173 1363 4242 [uerat
1389 4173 1605 4235 exstrui,
1635 4181 1682 4223 et
1713 4173 1857 4224 thro-

302 4254 430 4310 num
475 4244 531 4292 in
577 4242 943 4296 excelsioribus
973 4244 1217 4296 collocari
1243 4241 1410 4310 jubet.
1465 4242 1710 4309 Episcopi
1739 4243 1857 4310 qni-

300 4308 426 4380 dem
457 4311 715 4380 sedebant
747 4312 796 4364 in
829 4311 1084 4367 cathedra
1118 4308 1272 4380 paulo
1305 4308 1706 4380 altiore’quam
1739 4308 1858 4364 reli-

1955 492 2088 542 riam
2114 500 2356 555 captans,
2384 498 2436 543 et
2454 504 2698 558 pontpam
2719 487 2994 553 allectans,
3025 498 3183 558 atque
3201 491 3504 556 ltujusmodi

1955 581 2159 634 artibus
2188 580 2398 636 animos
2429 581 2799 649 imperitorum
2851 582 3318 649 perterrefaciens.
3372 583 3502 638 Nam

1954 679 2007 723 et
2035 672 2267 724 tribunal
2294 681 2346 724 et
2371 671 2651 725 sublimem
2674 672 2950 735 thronum,
2984 686 3087 725 non
3116 683 3174 725 ut
3196 673 3395 728 Christi
3425 677 3507 728 di-

1954 762 2188 830 scipulus
2212 764 2313 818 sibi
2347 764 2457 831 ipse
2475 763 2792 829 construxit,
2811 773 2866 817 et
2889 773 3180 827 secretum,
3202 766 3420 834 perinde
3444 782 3507 820 ac

1954 845 2239 909 saeculares
2259 855 2626 924 magistratus,
2645 855 2714 907 ita
2729 855 3054 923 appellatum
3073 855 3281 909 habuit.
3297 858 3375 910 Ad
3395 857 3504 912 haec

1957 942 2129 996 lentur
2158 959 2316 998 manu
2365 954 2642 1014 percutere
2673 955 2724 998 et
2751 946 2985 999 tribunal
3041 948 3264 1014 pedibus
3296 949 3507 1017 pulsare

1953 1034 2112 1103 281
2143 1035 2351 1089 solitus.
2389 1035 2488 1090 Eos
2507 1049 2635 1090 vero
2661 1036 2756 1104 qui
2782 1052 2886 1090 non
2914 1036 3214 1114 laudarent,
3243 1054 3342 1093 nec
3371 1041 3506 1094 utin

1955 1124 2182 1178 theatris
2228 1124 2344 1178 ﬁeri
2392 1126 2526 1181 solet
2560 1128 2737 1180 oraria
2773 1134 3146 1192 concuterent,
3186 1145 3358 1198 neque
3403 1147 3506 1183 una

1952 1232 2075 1270 cum
2098 1215 2402 1271 fautoribus
2426 1218 2615 1286 ipsius,
2645 1218 2776 1273 viris
2804 1233 2868 1274 ac
2892 1219 3225 1274 mulierculis
3258 1221 3509 1276 indecore

1953 1309 2381 1364 auscultantibus
2431 1309 2801 1365 exclamarent
2841 1319 3005 1380 atque
3063 1312 3359 1375 exsilirent,
3415 1313 3508 1366 scd

1953 1417 2073 1455 cum
2099 1401 2364 1469 gravitate
2397 1417 2461 1456 ac
2496 1403 2759 1458 modestia
2783 1403 2922 1458 sicut
2953 1403 3006 1457 in
3034 1404 3192 1459 domo
3232 1405 3324 1463 Dei
3354 1406 3509 1463 decet

1953 1493 2222 1561 audirent,
2269 1494 2583 1564 increpabat
2624 1503 2678 1549 et
2724 1495 3063 1550 contumeliis
3109 1494 3392 1554 alliciebat.
3445 1501 3510 1554 Et

1953 1583 2087 1637 alios
2116 1585 2329 1652 quidem
2365 1585 2502 1653 legis
2527 1598 2724 1640 nostra:
2749 1587 3125 1658 doctores-iam
3161 1594 3269 1646 vita
3293 1594 3510 1680 {unctos

1955 1675 2260 1742 petulanter
2292 1673 2347 1730 in
2375 1677 2638 1731 concione
2662 1677 2939 1734 lacerabat
2964 1700 2976 1734 :
3013 1680 3079 1736 de
3109 1696 3166 1736 se
3187 1673 3364 1736 autem
3398 1683 3511 1750 ipse

1960 1764 2240 1834 magniﬁce
2265 1765 2607 1836 loquebatur,
2642 1783 2746 1822 non
2786 1781 2846 1824 ut
2868 1787 3172 1840 episcopus,
3202 1775 3297 1827 sed
3339 1783 3396 1826 ut
3425 1791 3512 1826 so-

1959 1856 2133 1923 phista
2167 1857 2384 1925 quidam
2423 1866 2478 1912 et.
2517 1861 2799 1929 imposmr.
2831 1863 2969 1929 Quin
2999 1865 3160 1918 etiam
3200 1866 3432 1934 psalmos
3461 1869 3510 1921 in

1961 1947 2222 2002 honorem
2274 1947 2483 2004 Domini
2538 1949 2664 2006 Jesu
2695 1954 2894 2009 Christi
2942 1955 3062 2009 cani
3112 1956 3320 2019 solitos,
3361 1961 3512 2025 quasi

1959 2037 2199 2092 novellos
2226 2047 2282 2091 et
2325 2053 2356 2091 a
2409 2041 2802 2097 recentioribus
2847 2042 3154 2096 hominibus
3182 2047 3514 2113 compositos

1959 2128 2212 2184 abolevit.
2241 2128 2494 2185 Mulieres
2518 2143 2697 2187 autem
2735 2148 2930 2203 magno
2963 2134 3184 2190 Pascha:
3206 2137 3291 2190 die
3324 2139 3373 2189 in
3405 2154 3517 2190 tne-

1959 2223 2044 2276 dia
2067 2223 2299 2277 ecclesia
2335 2222 2574 2291 psalmos
2607 2227 2866 2295 quosdam
2895 2241 3090 2281 canere
3125 2229 3190 2280 ad
3230 2229 3314 2282 sui
3347 2230 3515 2296 ipsius

1957 2311 2165 2368 laudem
2207 2313 2471 2381 instituit;
2517 2316 2658 2384 quod
2685 2316 2900 2384 quidem
2933 2317 3276 2373 audientibus
3325 2321 3515 2374 horro-

1959 2417 2074 2458 rem
2094 2405 2286 2459 merito
2310 2405 2616 2461 incusserit.
2649 2406 2941 2476 Episcopus
2971 2421 3184 2477 quoque
3211 2409 3516 2463 vicinorum

1959 2509 2215 2564 pagorum
2245 2505 2298 2550 et
2339 2497 2657 2563 civitatum,
2697 2513 2799 2554 nec
2833 2514 2938 2554 non
2971 2509 3024 2554 et
3059 2501 3401 2571 presbyteros
3429 2518 3519 2556 as-

1960 2594 2258 2639 sentatores
2310 2603 2438 2642 suos
2484 2589 2756 2652 submisit,
2788 2590 2881 2658 qui
2915 2590 2967 2642 in
3008 2591 3121 2645 suis
3167 2591 3233 2643 ad
3263 2591 3518 2660 p0pulum

1959 2676 2310 2732 concionibus
2331 2679 2517 2732 eadem
2544 2678 2611 2732 de
2636 2679 2752 2747 ipso
2779 2679 3156 2748 prazdicarent.
3183 2681 3391 2735 Etenim
3426 2681 3518 2735 Fi-

1962 2765 2092 2820 lium
2125 2767 2216 2822 Dei
2249 2783 2281 2822 e
2305 2770 2444 2824 coelo
2477 2771 2823 2825 descendisse
2851 2772 3130 2826 nobiscum
3161 2773 3406 2827 conﬁteri
3437 2791 3518 2826 re-

1961 2859 2097 2922 nuit,
2123 2868 2183 2913 ut
2213 2859 2414 2929 aliquid
2441 2860 2616 2915 obiter
2643 2862 3034 2929 prmmittamus
3057 2877 3121 2916 ex
3149 2863 3213 2917 iis
3238 2879 3354 2933 quae
3379 2863 3518 2918 infra

1961 2949 2180 3005 uberius
2213 2962 2572 3020 exponentur.
2622 2950 2806 3022 Neque
2855 2952 2906 3006 id
2949 2952 3178 3022 simplici
3223 2956 3522 3009 assertione

1963 3049 2171 3109 nostra,
2207 3043 2299 3097 sed
2333 3056 2398 3097 ex
2431 3042 2560 3112 ipsis
2588 3059 2706 3112 quae
2738 3043 2807 3098 ad
2833 3058 2927 3098 vos
2950 3043 3192 3098 misimus
3217 3048 3379 3113 gestis
3411 3063 3519 3101 non

1965 3133 2135 3188 semel
2181 3132 2506 3197 declaratur,
2557 3135 2794 3188 maxime
2843 3149 2971 3188 vero
3029 3135 3118 3188 ubi
3171 3135 3302 3189 dicit
3338 3135 3522 3191 Jesum

1967 3226 2236 3281 Christum
2267 3242 2296 3282 e
2326 3237 2466 3283 terra
2501 3235 2682 3281 ortum
2729 3225 2916 3282 fuisse.
2949 3229 3017 3280 At
3061 3242 3188 3280 vero
3220 3227 3295 3281 illi
3346 3233 3436 3296 qui
3468 3230 3520 3282 in

1958 3419 2104 3457 mum
2145 3405 2384 3457 omnimn
2444 3404 2619 3457 oraria
2669 3403 2880 3458 dedisse
2930 3403 3126 3472 populo
3169 3403 3431 3457 Romano'
3454 3405 3523 3458 ad

1955 3473 2216 3528 favorem.
2241 3473 2562 3527 Aurelianus
2591 3474 2751 3542 igitur
2785 3475 2835 3526 id
2861 3481 3143 3540 acceperat
3165 3475 3233 3527 ab
3263 3475 3514 3527 Orienta-

1960 3543 2120 3608 libus,
2171 3544 2260 3610 qui
2312 3543 2468 3613 longe
2521 3553 2646 3596 ante
2695 3544 2866 3611 ipsum
2916 3545 3111 3613 orariis
3144 3545 3208 3594 ad
3248 3559 3365 3595 eam
3408 3560 3519 3597 rem

1961 3614 2279 3675 utebantur,
2329 3624 2381 3665 ut
2412 3612 2590 3666 docet
2629 3613 2717 3665 hic
2765 3615 2932 3675 locus,
2965 3620 3016 3664 et
3060 3612 3422 3666 Philostratus
3469 3616 3520 3665 in

1959 3697 2079 3747 cap.
2114 3684 2170 3746 5,
2199 3682 2292 3734 lib.
2328 3697 2343 3734 ι
2376 3683 2448 3735 De
2478 3685 2582 3735 vita
2634 3681 2916 3748 Apollonii,
2943 3686 3165 3750 loquens
3190 3683 3255 3736 de
3290 3683 3526 3737 Tarsen-

1961 3751 2130 3811 sibus.
2161 3761 2214 3804 et
2245 3752 2339 3805 Dio
2361 3753 2452 3804 lib.
2483 3767 2572 3804 LXI
2603 3750 2653 3803 in
2693 3751 2817 3803 ﬁne.

2032 3821 2143 3890 (54)
2186 3815 2582 3886 Ἐπισκόπους
2611 3817 2729 3872 τῶν
2771 3819 3000 3890 ὁμόρων
3040 3816 3255 3885 ἀγρῶν.
3283 3889 3286 3890 ν
3315 3821 3519 3874 Chore-

1962 3888 2209 3963 piscop‘os
2246 3891 2559 3963 intelligere
2614 3890 2845 3963 videtur.
2890 3888 3002 3963 tios
3049 3892 3192 3944 cuitu
3241 3889 3523 3963 distinguit

1961 3958 2186 4026 epistola
2210 3959 2278 4030 ab
2311 3959 2585 4030 episcopis
2606 3959 2853 4030 urbium.
2888 3958 2998 4014 llos
3025 3963 3189 4030 igitur
3218 3963 3271 4014 in
3305 3958 3522 4018 concio‘

1965 4030 2124 4084 nibus
2156 4027 2537 4098 adipopulum,
2574 4027 2776 4082 similia
2820 4050 2880 4086 ae
2921 4027 3171 4085 inuberes
3215 4031 3334 4086 illas
3377 4033 3521 4098 psal-

1962 4099 2100 4171 trias
2133 4098 2200 4154 de
2229 4097 2392 4152 Paulo
2419 4098 2898 4171 dixisseasserunt
2935 4100 3142 4165 Patres,
3179 4104 3322 4171 quod
3357 4097 3520 4158 Chri-

1960 4169 2355 4236 stophorsonus
2379 4182 2483 4222 non
2507 4166 2796 4236 intellexit.

2031 4237 2144 4310 (35)
2184 4235 2658 4310 Ὑπομνημάτων.
2709 4240 2862 4306 Quod
2893 4255 3052 4308 supra
3087 4240 3518 4304 observavimus.

1959 4307 2144 4363 errare
2175 4307 2333 4378 vulgo
2364 4309 2689 4377 interpretes
2722 4315 2775 4363 in
2809 4307 2971 4378 hujus
3005 4313 3150 4364 vocis
3201 4310 3520 4378 explicatio-

294 4378 396 4446 qui
448 4379 763 4449 presbyteri,
793 4389 850 4433 ut
880 4375 1131 4436 dicemus
1150 4383 1214 4435 ad
1246 4381 1341 4434 lib.
1381 4396 1410 4432 ιι
1437 4421 1450 4442 ,
1487 4375 1578 4434 sed
1626 4379 1857 4434 tribunal
1889 4375 1934 4429 D
1961 4394 2048 4439 ne,
2081 4379 2132 4432 id
2165 4375 2520 4446 perspicuum
2545 4382 2604 4431 lit
2639 4380 2738 4432 hoc
2772 4375 2910 4434 loco.
2961 4379 3092 4432 Nam
3140 4389 3195 4432 et
3225 4375 3436 4448 Langus
3466 4391 3520 4433 et

297 4461 411 4520 ~non
452 4449 734 4502 habebant.
761 4450 949 4505 Postea
977 4462 1103 4505 vero
1139 4451 1477 4504 invaluerunt
1510 4450 1706 4503 absidae
1737 4468 1861 4520 gra-

303 4518 448 4588 data;
475 4528 528 4570 et
559 4520 831 4582 exhedrtc,
864 4524 928 4574 de
973 4522 1166 4588 quibus
1209 4521 1524 4573 Ambrosius
1567 4518 1861 4588 loquuntur

301 4593 403 4660 et“
422 4587 754 4656 Augustinus
803 4609 814 4643 :
861 4587 1002 4658 qua!
1045 4592 1260 4658 quidem
1296 4604 1326 4643 a
1359 4593 1611 4644 tribunali
1644 4587 1860 4660 parum

297 4651 644 4713 diﬂ'ereliaut.

375 4724 678 4798 (52)_Vulg.
700 4727 1006 4798 σήκρητον
1023 4729 1090 4783 δέ
1113 4739 1165 4783 et
1197 4744 1318 4783 mox
1347 4730 1538 4782 παίων
1564 4747 1645 4782 τε.
1680 4729 1734 4783 ln
1769 4744 1862 4784 co-

303 4788 428 4869 dice
474 4788 647 4869 Maz._,'
667 4788 902 4869 Medje‘t
942 4799 1076 4854 Fuk.
1115 4800 1307 4869 legitur
1331 4800 1600 4869 σήκρητόν
1647 4815 1729 4864 τε,
1774 4814 1860 4851 re-

303 4865 522 4939 ctius_ut
537 4867 742 4939 opinor.
762 4866 865 4921 Sed
889 4886 1009 4924 mox
1030 4865 1307 4939 legendum
1331 4865 1414 4922 est
1433 4865 1603 4920 παίων
1633 4869 1710 4930 δέ,
1734 4883 1860 4932 non,

305 4933 864 5011 invulgoeditu‘mest,
880 4955 960 4991 τε.
981 4933 1129 5011 llutic
1160 4939 1463 5011 locum_non
1489 4939 1865 5011 intelle§erunt

305 5007 628 5070 interpretes
659 5007 929 5062 Masculus
980 5020 1034 5062 et
1087 5007 1634 5075 Christophorsonus.
1669 5007 1863 5062 Secre—

305 5079 420 5150 ιιιιη
455 5076 729 5150 proprium
779 5088 898 5150 erat
931 5081 1345 5150 magistratumn
1380 5087 1434 5130 et
1467 5080 1730 5150 majorum
1769 5077 1860 5150 ju-

302 5141 516 5215 dicum;
553 5141 702 5200 locus
744 5147 951 5200 scilicet
1000 5141 1227 5201 interior
1278 5141 1566 5215 prastoriif
1603 5141 1863 5200 cancellis

303 5211 569 5278 munitus,
603 5231 666 5268 ac
697 5216 828 5270 velis
857 5218 1111 5285 obpansis
1163 5211 1423 5279 inclusus,
1459 5211 1658 5285 inquo
1690 5216 1864 5284 magi-

301 5287 539 5354 stratus”
564 5285 846 5350 sedebant,
893 5291 1016 5341 dum
1049 5302 1263 5341 reorum
1317 5300 1513 5339 causas
1564 5301 1865 5354 cognosce-

301 5351 612 5475 Εἰμὸξὶιιε
637 5369 756 5422 quae
784 5357 964 5412 notavi
997 5359 1064 5410 ad
1105 5358 1284 5411 Amm.
1313 5355 1609 5409 Marcellini
1639 5351 1739 5409 iib.
1773 5369 1862 5418 xv,

301 5433 428 5490 pag.
451 5433 542 5476 δί.

370 5491 504 5566 155)-
520 5493 917 5550 Κάὶασείουσι
944 5495 1073 5562 ταῖς
1098 5495 1352 5560 ὀθόναις.
1377 5495 1628 5548 Solebant
1658 5493 1786 5547 olim
1813 5494 1864 5546 in

305 5558 904 5636 theatrisspectatores
945 5568 996 5620 in
1027 5558 1239 5636 signum
1280 5558 1483 5618 favoris
1515 5567 1701 5636 orat-ia,
1731 5579 1864 5615 t‘ttn-

302 5640 510 5702 catere.
551 5631 690 5702 Vide
725 5650 843 5702 qua:
873 5631 1455 5690 notavit'Casaubonus
1482 5637 1547 5685 ad
1577 5632 1864 5701 VUpiSCtllll

306 5699 357 5754 in
397 5701 718 5757 Aureliano.
742 5699 850 5758 Ι]ὺὶ
885 5703 1147 5774 Vopiscus
1192 5706 1321 5760 dicit
1370 5699 1720 5758 Aurelianum
1759 5706 1868 5771 pri-

587 5791 860 5857 PATROL.
907 5794 1024 5858 Gn.

1960 4449 2234 4503 Musculus
2271 4459 2326 4502 et
2355 4449 2884 4516 Clirist0pltorsonus
2926 4451 3325 4502 commentarios
3349 4451 3520 4503 inter-

1961 4519 2155 4586 pretati
2214 4529 2359 4583 sunt,
2413 4533 2538 4572 cum
2588 4530 2704 4571 acta
2733 4534 2829 4572 seu
2878 4530 3019 4587 gesta
3066 4529 3276 4571 vertere
3314 4519 3521 4572 debuis-

1961 4598 2099 4642 sent.
2167 4589 2298 4643 Acta
2355 4599 2533 4642 autem
2592 4588 2682 4640 illa
2737 4591 2926 4658 synodi
2990 4587 3338 4658 Antiochena:
3387 4590 3517 4641 nihil

1961 4658 2102 4711 aliud
2131 4667 2287 4711 erant
2320 4673 2482 4726 quam
2538 4657 2840 4726 diSputatio
2892 4657 3205 4710 Malchionis
3255 4658 3518 4711 adversus

1962 4728 2184 4781 Paulum
2222 4728 2798 4796 Samosatenum,qu:e
2828 4742 2858 4796 a7
2903 4727 3126 4781 notariis
3156 4736 3379 4796 excepta
3405 4726 3520 4779 lite—

1962 4807 2070 4860 rat,
2093 4806 2150 4850 ut
2176 4812 2334 4866 supra
2363 4799 2500 4852 dixit
2529 4795 2809 4852 Eusebius.
2839 4795 2915 4848 Ex
2942 4798 3006 4848 iis
3032 4797 3180 4866 Actis
3212 4795 3518 4866 testimonia

1962 4869 2201 4936 quaedam
2226 4864 2428 4934 profert
2457 4867 2714 4922 Leontius
2744 4869 3027 4936 Byzantius
3053 4867 3104 4918 in
3137 4865 3232 4922 lib.
3285 4879 3344 4918 ιιι
3380 4864 3519 4936 Con-

1964 4945 2045 4988 tru
2089 4934 2416 5000 Nestorium,
2461 4952 2632 5004 eaque
2677 4934 3006 5004 distinguere
3035 4937 3245 4988 videtur
3277 4948 3306 4986 a
3339 4935 3518 5002 dispu-

1967 5005 2169 5059 tatione
2205 5007 2518 5061 Malchionis
2548 5019 2732 5060 contra
2767 5006 3015 5067 Paulum,
3061 5006 3152 5058 ubi
3200 5005 3364 5058 etiam
3421 5010 3518 5058 do-

1964 5083 2082 5128 ctus
2110 5076 2376 5142 interpres
2410 5078 2810 5130 commentarios
2843 5076 3026 5129 vertit.

2034 5143 2147 5215 (56)
2179 5145 2636 5212 Συνεισάκτους.
2661 5147 2796 5215 Quid
2827 5156 3008 5200 essent
3044 5143 3380 5215 συνείσακτοι
3405 5157 3520 5215 ιιιιι-

1965 5213 2147 5277 lieres,
2170 5215 2282 5283 jam
2308 5216 2514 5283 pridem
2544 5219 2746 5268 notavit
2774 5214 3008 5268 Joannes
3065 5213 3278 5284 Langus
3312 5213 3393 5265 vir
3421 5214 3520 5265 do-

1965 5285 2238 5338 ctissimus
2264 5289 2330 5336 ad
2370 5285 2567 5337 librum
2597 5301 2647 5337 vr
2707 5285 2994 5351 Nirephori
3027 5295 3142 5350 eap.
3179 5284 3267 5346 5t),
3294 5293 3348 5334 et
3389 5293 3521 5351 post

1966 5296 2238 5338 ctissnnus
2264 5296 2330 5336 au
2370 5296 2567 5337 librum
2597 5301 2647 5337 v1
2707 5296 2994 5351 i‘t‘tt‘eplwl‘t
3027 5296 3142 5350 cap.
3180 5296 3267 5346 ou,
3294 5296 3348 5334 et
3436 5296 3519 5333 ost

1966 5355 2113 5406 illum
2154 5353 2348 5407 Beatus
2380 5353 2676 5407 Bhenanus
2701 5356 2766 5407 ad
2795 5355 2991 5406 librum
3032 5369 3101 5405 vu
3131 5351 3330 5404 Ruﬁni.
3369 5296 3519 5415 δίλο-

1967 5435 2086 5476 rnm
2111 5423 2282 5476 doctis
2311 5424 2778 5479 observationibus
2806 5422 2938 5476 nihil
2966 5435 3048 5476 est
3073 5422 3214 5490 quod
3238 5419 3517 5473 addamus.

1968 5493 2286 5561 Huiusmodi
2341 5493 2592 5546 mulieres
2617 5510 2644 5544 a
2681 5494 2892 5547 clericis
2929 5493 3086 5561 vulgo
3122 5503 3337 5561 sorores
3360 5503 3523 5561 vocis

1967 5564 2186 5618 bantur.
2221 5559 2280 5615 ld
2316 5577 2400 5615 me
2441 5563 2622 5615 docuit
2654 5579 2823 5615 canon
2849 5563 2881 5614 5
2934 5557 3144 5614 ουιῖοιιιί
3175 5557 3396 5618 Νἰοιιξιιί,
3429 5559 3520 5626 qui

1970 5633 2022 5684 in
2065 5633 2427 5684 vetustissimo
2463 5635 2650 5685 codice
2694 5632 3006 5685 Corbeiensi
3039 5632 3179 5685 hanc
3234 5631 3397 5681 habet
3441 5632 3524 5679 in-

1971 5701 2315 5770 scriptioucut
2350 5717 2363 5754 :
2394 5700 2471 5757 De
2531 5701 2960 5766 subintroductis,
3013 5702 3062 5754 id
3117 5708 3214 5763 est,
3262 5697 3523 5767 adoptivis

3220 5788 3297 5848 ‘23
