3928 6252
433 310 534 366 719

1133 303 1400 360 EUSEBII
1439 303 1917 361 CESARIENSIS
1954 302 2104 358 OPP.
2146 302 2328 359 PARS
2364 303 2410 360 Ι.
2449 333 2517 345 -
2557 300 2956 360 HISTORICA.

3577 305 3674 362 Μ

431 443 627 498 magna
661 441 782 481 cum
833 423 992 482 laude
1023 425 1268 479 eamdem
1299 426 1436 480 rexit
1465 425 1786 492 Ecclesiam,
1829 427 1991 481 lilium

2102 423 2354 495 βασιλεὺς
2381 423 2683 496 ἐντευχθεὶς
2712 424 3064 496 Αὐρηλιανὸς,
3097 425 3396 481 αἱσιώτατα
3427 426 3560 499 περὶ
3597 429 3658 486 οὗ

430 522 734 585 Domnum;
779 521 952 574 virum
986 519 1239 574 omnibus
1281 534 1401 588 quae
1439 520 1752 588 episcopum
1805 520 2000 576 decent

429 615 646 670 dotibus
669 623 1013 668 exornatum.
1046 611 1200 679 Quod
1233 612 1454 682 quidem
1497 612 1700 667 idcirco
1730 613 1884 667 vobis
1918 614 1996 666 si-

426 705 825 776 gniﬁcavimus,
858 712 917 758 ut
947 713 1002 760 et
1034 706 1100 758 ad
1133 719 1255 758 eum
1281 705 1555 771 scribatis,
1578 716 1633 759 et
1662 704 1730 758 ab
1756 718 1820 759 eo
1847 719 1998 758 com-

429 795 817 850 municatorias
859 795 1072 851 litteras
1101 795 1405 865 accipiatis.
1439 793 1538 850 llic
1569 809 1700 850 vero
1735 795 1801 849 ad
1836 796 1996 850 Arte-

427 901 569 940 mam
599 886 821 954 scribat,
871 888 915 940 si
967 887 1142 954 lubet;
1176 897 1230 943 et
1255 889 1348 957 qui
1383 888 1660 942 Artemam
1689 897 1992 949 sectantur,

425 993 547 1033 cum
585 992 649 1032 eo
691 980 1109 1034 coimuunicent.
1140 979 1206 1033 Et
1243 981 1355 1037 haec
1402 979 1618 1048 quidem
1658 993 1686 1032 a
1721 979 1877 1033 nobis
1910 980 1997 1033 hic

426 1071 600 1127 relata
631 1071 760 1126 sint.
785 1073 953 1142 Igitur
974 1088 1096 1127 cum
1125 1070 1325 1129 Paulus
1356 1089 1386 1127 a
1416 1081 1565 1128 recta
1596 1071 1703 1127 ﬁde
1745 1071 1905 1126 simul
1943 1083 1998 1126 et

423 1166 737 1234 episcopatu
768 1165 1086 1236 excidisset,
1105 1166 1364 1232 Domnus,
1383 1167 1666 1222 utdictum
1694 1173 1795 1231 est,
1827 1163 1998 1219 admi-

422 1258 802 1313 nistrationem
856 1257 1246 1314 Antiochensis
1268 1259 1529 1315 Ecclesia:
1577 1260 1844 1330 suscepit.
1886 1259 1996 1316 Sed

422 1363 544 1402 cum
581 1347 781 1405 Paulus
812 1364 842 1405 e
876 1349 1037 1406 domo
1085 1350 1330 1407 ecclesias
1370 1351 1680 1408 nullatenus
1732 1355 1997 1408 excedere

422 1441 620 1507 vellet,
642 1440 1016 1512 interpellatus
1040 1442 1338 1513 imperator
1352 1443 1677 1498 Aurelianus
1696 1445 1998 1501 rectissime

423 1535 527 1589 hoc
567 1533 838 1605 negotium
870 1531 1212 1602 dijudicavit,
1239 1534 1307 1591 iis
1347 1535 1567 1592 domum
1614 1535 1754 1591 tradi
1800 1536 1994 1605 prteci-

422 1626 598 1694 pieus,
624 1625 820 1696 quibus
847 1625 1015 1683 Italici
1038 1627 1359 1684 Christianae
1393 1627 1676 1699 religionis
1719 1628 1995 1682 antistites

2100 515 2375 590 πρακτέου
2401 515 2665 584 διείληφε,
2694 516 2900 579 τούτοις
2921 519 3102 588 νεῖμαι
3129 519 3481 590 προστάττων
3496 519 3588 575 τὸν
3609 517 3672 575 0T-

2100 625 2210 673 κον,
2230 605 2311 671 οἷς
2331 608 2397 661 ἂν
2417 609 2466 660 οἱ
2494 606 2634 661 κατὰ
2657 607 2754 678 τὴν
2791 608 3018 662 Ἰταλίαν
3041 609 3134 663 καὶ
3153 609 3250 682 τήν
3280 611 3570 683 Ῥωμαίων
3589 611 3675 666 πό-

2097 699 2180 753 λιν
2200 701 2488 754 ἐπίσκοποι
2511 699 2604 753 τοῦ
2621 700 2888 772 δόγματος
2913 701 3298 761 ὲπιστέλλοιεν.
3329 704 3490 758 Οὕτω
3503 705 3635 777 δῆτα
3648 711 3674 762 ὀ

2100 791 2470 864 προδηλωθεὶς
2500 792 2640 865 ἀνὴρ
2685 793 2823 864 μετὰ
2856 795 2954 865 τῆς
2997 794 3233 868 ἐσχάτης
3271 797 3536 870 αἰσχύνης
3574 798 3675 854 ὑπὸ

2097 883 2197 953 τῆς
2245 883 2514 954 κοσμικῆς
2558 883 2732 955 ἀρχῆς
2781 885 3125 952 ἐξελαύνεται
3167 888 3268 960 τῆς
3325 889 3669 961 Ἐκκλησίας.

2098 990 2348 1054 Τοιοῦτος
2393 991 2492 1062 μέν
2525 993 2585 1060 γέ
2611 1009 2692 1056 τις
2721 991 2789 1064 ἦν
2815 994 2875 1047 τὸ
2899 996 3155 1067 τηνικάδε
3183 998 3309 1069 περὶ
3337 999 3484 1070 ἡμᾶς
3512 1001 3542 1054 ὁ
3570 999 3673 1054 Δύο

2099 1082 2348 1154 ρηλιανός
2368 1101 2380 1113 ·
2421 1083 2716 1155 προϊούσης
2745 1085 2790 1138 δ’
2831 1087 2980 1159 αὐτῷ
3011 1089 3109 1161 τῆς
3150 1089 3345 1161 ἀρχῆς,
3379 1091 3592 1146 ἀλλοῖόν
3622 1109 3672 1147 τι

2099 1176 2227 1246 περὶ
2257 1175 2413 1246 ἡμῶν
2447 1180 2742 1250 φρονήσας,
2779 1179 2878 1250 ἥδη
2911 1181 3022 1232 τισὶ
3070 1181 3303 1253 βουλαῖς,
3342 1183 3418 1248 ώς
3458 1183 3525 1238 ἂν
3553 1184 3671 1239 διω-

2097 1266 2234 1338 γμὸν
2270 1269 2391 1321 καθ’
2425 1269 2585 1340 ἡμῶν
2616 1271 2876 1343 ἐγείρειεν
2904 1272 3227 1358 ιξνεκινεῖτοο
3258 1274 3425 1339 πολύς
3452 1293 3513 1330 τε
3541 1272 3609 1348 ἦν
3643 1280 3673 1332 δ

2097 1358 2247 1428 παρὰ
2287 1360 2420 1411 πᾶσι
2447 1360 2577 1430 περὶ
2604 1359 2792 1414 τούτου
2827 1361 3002 1432 λόγος.
3035 1365 3312 1420 Μέλλοντα
3345 1365 3400 1420 δέ
3433 1367 3535 1440 ἢδη
3578 1369 3672 1422 καὶ

2100 1451 2282 1521 σχεδὸν
2312 1454 2486 1505 εἰπεῖν
2511 1455 2621 1518 τοῖς
2648 1453 2768 1508 καθ’
2795 1457 2826 1526 ή
2835 1455 2949 1527 μῶν
2969 1459 3289 1529 γράμμασιν
3314 1460 3674 1532 ὑποσημειώ-

2100 1560 2276 1613 μενον,
2313 1542 2433 1598 θεία
2461 1543 2699 1615 μέτεισιν
2721 1546 2866 1618 δίκη,
2900 1551 3182 1621 μονονουχὶ
3211 1550 3268 1617 ἐξ
3289 1550 3552 1620 ἀγκώνων
3573 1551 3674 1622 τῆς

2095 1635 2462 1706 ἐγχειρήσεως
2502 1635 2664 1690 αὑτὸν
2708 1637 3108 1709 ἀποδεσμοῦσα,
3147 1639 3416 1713 λαμπρῶς
3451 1659 3513 1696 τε
3562 1645 3673 1708 τοῖς

423 1727 478 1772 et
523 1717 798 1776 Romanus
829 1720 1118 1788 episcopus
1162 1721 1484 1775 scriberent.
1535 1718 1649 1774 Hoc
1697 1720 1857 1775 modo
1908 1719 1991 1775 vir

2098 1731 2230 1782 πᾶσι
2285 1731 2517 1802 συνορᾷν
2568 1732 2924 1805 παριστῶσα,
2969 1733 3044 1798 ώς
3099 1732 3296 1790 οὔποτε
3351 1736 3548 1806 γένοιτ’
3608 1736 3674 1792 ἂν

421 1825 583 1878 supra
621 1820 956 1866 memoratus
979 1826 1102 1867 cum
1131 1826 1346 1867 summo
1369 1811 1632 1867 dedecore
1658 1825 1754 1880 per
1768 1810 1991 1866 saicula-

2099 1818 2346 1892 ῥᾳστώνη
2382 1788 2494 1886 rei;
2523 1821 2618 1876 τοῦ
2650 1788 2777 1894 ,βίου
2808 1788 3042 1896 ἄρχουσι
3078 1788 3228 1880 κατὰή
3247 1788 3374 1880 τιῖι3ν⁶

421 1917 538 1956 rem
561 1911 884 1970 potestatem
913 1903 980 1958 ab
1011 1902 1245 1959 ecclesia
1273 1901 1596 1957 exturbatus
1625 1910 1729 1978 est:
1766 1902 1847 1956 Ac
1885 1911 1995 1956 tum

421 1995 641 2064 quidem
673 2011 800 2068 erga
827 2004 1042 2052 nostros
1075 1994 1236 2067 283
1271 1995 1352 2050 sic
1383 1993 1611 2049 affectus
1654 2003 1773 2049 erat
1817 1993 1994 2050 Aure-

420 2086 621 2144 lianus.
650 2086 915 2144 Processu
947 2102 1077 2144 vero
1108 2088 1371 2158 temporis
1401 2086 1559 2142 aliter
1584 2088 1651 2142 de
1679 2086 1837 2143 nobis
1865 2101 1993 2143 sen-

424 2182 584 2246 tiens,
624 2181 982 2252 quorumdam
1009 2181 1254 2236 consiliis
1282 2180 1450 2252 erepit
1481 2180 1684 2250 impelli
1716 2189 1776 2234 ut
1807 2194 1995 2250 perse-

421 2271 696 2328 cutionem
719 2273 978 2328 adversus
999 2281 1218 2328 nostros
1249 2280 1636 2328 commoveret.
1669 2270 1903 2342 Jamque
1928 2285 1992 2325 ea

421 2364 487 2418 de
525 2377 584 2418 re
630 2361 833 2420 inultus
862 2363 1064 2434 ubique
1103 2378 1288 2419 rumor
1311 2364 1693 2435 spargebatur.
1722 2362 1830 2420 Sed
1868 2378 2028 2444 eum,

417 2463 666 2524 paratum
688 2454 823 2525 jam,
847 2465 902 2512 et
919 2455 1233 2525 compositis
1250 2464 1443 2511 contra
1478 2470 1579 2511 nos
1603 2455 1819 2521 edictis,
1839 2465 1898 2510 ut
1919 2458 1990 2511 ita

419 2549 673 2614 dixerim,
687 2549 1141 2614 subscribentem,
1159 2548 1365 2618 ulta;est
1383 2548 1562 2604 divina
1579 2548 1810 2618 iustitia,
1835 2551 1990 2620 quasi

416 2641 714 2697 constricto
749 2641 930 2698 cubito
973 2653 1227 2698 conatum
1266 2641 1382 2712 ejus
1432 2641 1763 2712 reprimens,
1795 2643 1990 2697 simul-

415 2748 523 2801 que
547 2733 798 2789 omnibus
847 2733 1190 2804 apertissime
1218 2732 1532 2801 ostendens,
1567 2733 1701 2788 nihil
1748 2748 1986 2804 unquam

415 2825 575 2893 lmjus
605 2827 792 2881 mundi
832 2827 1171 2897 principibus
1202 2827 1463 2881 adversus
1489 2825 1693 2881 Christi
1722 2824 1991 2883 Ecclesias

414 2915 602 2984 licere,
627 2917 728 2972 nisi
754 2918 1145 2990 propugnatrix
1164 2916 1259 2974 Dei
1285 2919 1507 2974 dextera
1532 2933 1732 2975 arcano
1755 2919 1988 2990 quodam

415 3025 482 3065 ac
528 3011 735 3067 cmlesti
775 3009 982 3080 judicio
1014 3011 1081 3067 ad
1120 3012 1532 3082 castigationem
1574 3020 1629 3067 et
1656 3011 1991 3068 emendatio-

418 3118 541 3158 nem
572 3113 835 3171 nostram,
868 3105 1066 3174 quibus
1105 3105 1208 3175 ipsi
1239 3107 1418 3160 visum
1454 3112 1542 3160 est
1573 3104 1905 3176 temporibus
1937 3106 1990 3161 id

2098 1910 2222 1965 στοῦ
2254 1912 2577 1983 ἐκκλησιῶν,
2614 1915 2688 1986 μὴ
2713 1915 2833 1986 οὐχ).
2859 1917 2958 1992 τῆς
2988 1916 3306 1990 ὑπερμάχου
3337 1917 3522 1990 χειρὸς
3555 1919 3675 1992 θείᾳ

2095 2007 2191 2059 καὶ
2215 2005 2450 2078 οὐρανίῳ
2487 2007 2693 2079 κρίσει,
2719 2007 2970 2073 παιδείας
2999 2008 3162 2064 ἕνεκα
3191 2011 3285 2065 καὶ
3311 2011 3674 2084 ἐπιστροφῆς,

2096 2096 2215 2151 καθ’
2240 2097 2333 2162 οὓς
2359 2097 2425 2152 ἂν
2459 2097 2597 2169 αὑτὴ
2630 2098 2914 2169 δοκιμάζοι
2954 2102 3199 2173 καιροὺς,
3231 2103 3378 2157 τοῦτ’
3404 2103 3674 2157 ἐπιτελεί-

2097 2187 2219 2240 σθαι
2267 2187 2675 2260 συγχωρούσης.
2713 2189 2898 2242 Ἔτεσι
2943 2189 3075 2258 γοῦν
3107 2190 3167 2256 ἒξ
3207 2193 3558 2265 κρατήσαντα
3585 2192 3678 2248 τὸν

2095 2279 2426 2351 Αύρηλιανὸν
2471 2279 2774 2352 διαδέχεται
2822 2279 3062 2352 Προϐος·
3121 2284 3215 2337 καὶ
3259 2283 3446 2338 τοῦτον
3503 2284 3675 2357 δήπου

2095 2373 2205 2436 τοῖς
2257 2370 2392 2436 ἴσοις
2436 2371 2896 2444 ἐπικατασχόντα,
2949 2374 3132 2446 Κάρος
3184 2375 3302 2447 ἅμα
3350 2377 3467 2440 τοῖς
3517 2377 3680 2431 παισὶ

2094 2465 2317 2535 Καρίνῳ
2363 2463 2458 2517 καὶ
2499 2462 2861 2536 Νουμεριανῷ
2907 2463 3210 2536 διαδέχεται
3243 2465 3391 2538 (45)⁶
3429 2466 3599 2522 πάλιν
3628 2468 3678 2522 ἰ’

2093 2553 2158 2610 αὖ
2190 2557 2511 2612 καὶτούτων
2539 2557 2648 2610 οὐδ’
2679 2557 2821 2621 ὅλοις
2853 2557 3028 2628 τρισὶν
3059 2560 3319 2624 ἐνιαυτοῖς
3352 2558 3647 2632 διαγενομέ
3672 2591 3679 2601 -

2092 2664 2217 2712 νων,
2253 2645 2460 2720 μέτεισι
2494 2645 2561 2699 τὰ
2585 2647 2684 2718 τῆς
2711 2647 3006 2718 ήγεμονίας
3047 2649 3127 2714 εἰς
3169 2649 3553 2721 Διοκλητιανὸν
3584 2653 3678 2706 καὶ

2090 2739 2216 2802 τοὺς
2251 2738 2368 2808 μετ’
2404 2739 2564 2793 αὐτὸν
2593 2738 3036 2810 είσποιηθένταςο
3088 2743 3176 2811 ἐφ’
3211 2736 3286 2799 ὧν
3313 2744 3342 2796 ὁ
3373 2745 3496 2798 καθ’
3526 2746 3679 2817 ἡμᾶς

2095 2831 2428 2885 συντελεῖται
2453 2831 2693 2904 διωγμὸς
2729 2833 2862 2905 (46),
2898 2835 2992 2889 καὶ
3021 2835 3054 2908 ή
3084 2837 3205 2890 κατ’
3245 2835 3408 2893 αὐτὸν
3439 2838 3552 2891 τῶν
3587 2839 3678 2892 ἐκ·

2093 2922 2327 2993 κλησιῶν
2363 2923 2700 2996 καθαίρεσις.
2759 2927 2918 2981 Ἀλλὰ
2954 2927 3065 2998 γὰρ
3103 2929 3285 3002 μικρῷ
3317 2930 3512 2985 τούτου
3543 2931 3679 3004 πρό-

2091 3032 2248 3086 τερον
2298 3015 2390 3070 τὸν
2438 3018 2530 3072 ἐπὶ
2583 3019 2799 3091 Ῥώμης
2843 3021 3140 3077 ἐπίσκοπον
3181 3024 3454 3079 Διονύσιον
3495 3025 3682 3079 ἐτεσιν

2093 3109 2247 3164 ἐννέα
2291 3108 2563 3164 διελθόντα
2599 3112 2696 3183 τὴν
2738 3112 3107 3186 λειτουργίαν,
3139 3114 3441 3188 διαδέχεται
3481 3116 3675 3189 Φῆλιξ.

419 3198 536 3251 ﬁeri
591 3199 920 3268 permiserit.
978 3199 1150 3254 Porro
1186 3214 1307 3254 cum
1354 3199 1680 3256 Aurelianus
1723 3201 1990 3259 sexennio
2038 3202 2325 3272 imperium
2378 3205 2667 3271 tenuisset,
2719 3205 2774 3261 in
2798 3205 2912 3276 ejus
2941 3207 3116 3263 locum
3141 3209 3406 3264 successit
3429 3207 3672 3264 Probus.

416 3292 522 3362 Qui
545 3293 770 3348 totidem
803 3294 961 3350 annis
992 3295 1202 3366 imperii
1230 3295 1706 3350 administratione
1735 3295 2080 3366 perfunctus,
2113 3297 2312 3352 Carum
2343 3313 2466 3353 cum
2491 3298 2692 3354 Carino
2717 3309 2773 3355 et
2797 3297 3126 3356 Numeriano
3149 3301 3272 3358 tiliis
3300 3316 3676 3358 successorem

417 3388 660 3457 reliquit.
687 3385 751 3442 lli
784 3404 905 3443 cum
939 3404 1006 3445 ne
1031 3391 1322 3446 triennium
1351 3389 1574 3460 quidem
1640 3403 1695 3445 in
1743 3389 2059 3460 principatu
2090 3391 2424 3462 explessent,
2467 3407 2652 3448 rerum
2709 3408 2917 3450 summa
2957 3393 3136 3450 delata
3176 3404 3260 3450 est
3305 3393 3674 3460 Diocletiano,

416 3487 597 3558 iisque
628 3486 720 3557 qui
748 3497 941 3558 postea
966 3490 1032 3542 ad
1057 3488 1270 3560 imperii
1324 3487 1648 3543 societatem
1693 3487 1850 3541 asciti
1907 3495 2052 3542 sunt.
2107 3487 2348 3554 Quorum
2385 3489 2722 3560 temporibus
2750 3490 2986 3546 maxima
3011 3489 3098 3546 illa
3137 3500 3444 3546 nostrorum
3481 3505 3674 3560 perse-

413 3587 585 3652 cutio,
614 3585 882 3653 simulque
916 3582 1272 3639 ecclesiarum
1325 3581 1545 3638 eversio
1594 3590 1904 3652 perpetrata
1935 3592 2045 3638 est.
2085 3581 2353 3639 Caeterum
2383 3586 2544 3655 paulo
2569 3593 2695 3640 ante
2726 3585 2843 3642 haec
2874 3594 3118 3657 tempora
3150 3595 3367 3642 mortuo
3390 3585 3672 3658 Dionysio,

406 3680 507 3751 qui
538 3694 729 3735 novem
768 3678 924 3733 annis
947 3677 1206 3732 Romana:
1231 3677 1383 3730 urbis
1401 3674 1770 3746 episcOpatum
1809 3673 2238 3744 administrarat,
2275 3675 2424 3730 Felix
2457 3676 2512 3732 in
2552 3675 2669 3746 ejus
2700 3675 2876 3730 locum
2907 3675 3231 3732 substitutus
3259 3687 3362 3732 est.

968 3767 1197 3825 CAPUT
1233 3765 1425 3822 XXXI.

407 3865 494 3920 De
539 3863 949 3919 Manicha’orum
991 3875 1168 3917 errore
1210 3860 1301 3930 qui
1346 3869 1470 3914 tunc
1513 3860 1742 3930 primum
1774 3869 1987 3916 exortus

1151 3942 1246 3985 881.

483 4029 680 4084 iisdem
718 4025 1055 4097 temporibus
1093 4023 1182 4080 ille
1214 4023 1413 4080 merito
1446 4022 1626 4080 dictus
1667 4021 1886 4089 Manes,
1933 4022 1986 4077 id

399 4133 499 4178 -est
541 4122 802 4188 furiosus,
859 4120 953 4190 qui
1010 4119 1398 4175 dzemoniacam
1451 4117 1702 4172 haeresim
1754 4116 1988 4170 nominis

415 4215 500 4269 sui
525 4213 790 4279 condidit,
816 4219 1057 4268 armatus
1086 4212 1320 4277 insania,
1353 4211 1421 4266 ab
1437 4209 1747 4265 adversario
1771 4209 1864 4264 Dei
1888 4206 1987 4262 Sa-

421 4319 544 4362 tana
584 4307 653 4358 ad
686 4305 979 4360 multorum
1022 4303 1305 4360 hominum
1349 4301 1649 4373 perniciem
1693 4299 1986 4370 productus

405 4409 515 4452 est.
547 4396 648 4452 llic
695 4397 746 4450 in
792 4395 1040 4451 universa
1067 4393 1282 4450 vivendi
1328 4393 1540 4448 ratione
1580 4407 1704 4447 cum
1737 4404 1988 4447 sermone

417 4489 534 4556 ipso
559 4498 672 4541 tum
704 4487 946 4542 muribus
969 4485 1260 4549 barbarus,
1291 4493 1347 4539 et
1374 4490 1564 4552 suapte
1589 4492 1784 4537 natura
1816 4481 1987 4536 furio-

405 4595 510 4636 sus
558 4597 620 4636 ac
671 4581 1078 4644 dazuioniacus,
1133 4578 1219 4634 his
1257 4587 1622 4632 consentanea
1672 4590 1984 4647 aggressus,

417 4676 654 4745 seipsum
687 4674 962 4730 Christum
991 4673 1196 4743 ﬁngere
1227 4672 1479 4727 instituit.
1511 4669 1575 4724 Et
1599 4683 1741 4724 nunc
1766 4668 1981 4738 quidem

399 4765 751 4821 .Paracletum
803 4780 884 4829 se,
937 4763 1226 4834 ipsumque
1277 4761 1543 4833 Spiritum
1586 4772 1832 4816 sanctum
1865 4773 1986 4816 esse

396 4856 763 4926 .-pra:dicabat,
786 4861 982 4923 praeter
1009 4853 1274 4908 insaniam
1305 4853 1560 4922 superbia
1585 4851 1752 4907 etiam
1782 4851 1978 4907 elatus.

2602 3768 2998 3823 ΚΕΦΑΛΑΙΟΝ
3034 3769 3159 3828 ΔΑ’.

2091 3856 2232 3930 Περὶ
2259 3855 2515 3930 τῆςντῶν
2544 3858 3265 3930 Μανιχαίωνίρτερρδόξου
3297 3859 3670 3930 διαστροφῆς

2158 3927 2290 3995 ἄρτι
2322 3929 2454 3981 τότε
2485 3927 2826 3998 ἀρξαμένης
2863 3927 3108 3999 (ΝιοζὲΙ.
3139 3930 3204 3985 Ε.
3256 3945 3329 3994 vt,
3363 3927 3593 4003 51,32).

2172 4020 2260 4072 ’Ev
2291 4019 2463 4092 τούτῳ
2494 4021 2588 4075 καὶ
2618 4024 2646 4076 ὁ
2678 4022 2884 4086 Μανεὶς
2915 4022 3014 4086 τὰς
3048 4023 3268 4105 φρένας,
3297 4023 3585 4096 ἐπώνυμός
3606 4041 3670 4082 τι

2087 4109 2187 4184 τῆς
2222 4111 2589 4184 δαιμονιώσης
2639 4113 2901 4184 αἱρέσεως
2947 4113 3078 4186 (47),
3119 4113 3218 4188 τὴν
3259 4113 3353 4168 τοῦ
3405 4114 3668 4188 λογισμοῦ

2037 4233 2044 4242 -
2089 4206 2452 4278 παρατροπὴν
2479 4205 2870 4272 καθωπλίζετο,
2904 4206 2999 4261 τοῦ
3026 4207 3279 4278 δαίμονος
3301 4207 3466 4261 αὑτοῦ
3491 4207 3669 4279 δήπου

2087 4296 2182 4349 τοῦ
2222 4295 2496 4368 θεομάχου
2540 4297 2756 4350 Σατανᾶ
2797 4297 2890 4350 ἐπὶ
2935 4297 3083 4372 λύμῃ
3121 4297 3331 4351 πολλῶν
3372 4299 3462 4351 τὸν
3495 4297 3672 4370 ἄνδρα

2091 4388 2549 4461 προϐεϐλημένου.
2581 4388 2862 4462 Βάρὸαρος
2894 4389 3030 4461 δῆτα
3063 4390 3152 4444 τὸν
3180 4389 3291 4460 βίον
3328 4389 3475 4462 αύτῷ
3521 4389 3670 4464 λόγῳ

2089 4480 2184 4532 καὶ
2209 4480 2424 4550 τρόπῳ,
2453 4481 2554 4552 τήν
2585 4497 2643 4534 τε
2680 4479 2842 4550 φύσιν
2873 4480 3182 4553 δαιμονικός
3213 4499 3297 4546 τις
3325 4481 3400 4535 ὢν
3433 4482 3528 4536 καὶ
3561 4500 3670 4554 μα-

2087 4571 2311 4643 νιώδης,
2342 4573 2608 4626 ἀκόλουθα
2647 4573 2858 4638 τούτοις
2899 4574 3183 4646 ἐγχειρῶν,
3230 4573 3464 4647 Χριστὸν
3500 4575 3668 4630 αὐτὸν

2091 4664 2463 4736 μορφάζεσθαι
2516 4665 2793 4736 ἐπειρᾶτο,
2848 4667 2967 4719 τοτὲ
3017 4667 3115 4737 μὲν
3166 4665 3257 4720 τὸν
3303 4665 3665 4739 Παράκλητον

2086 4757 2181 4811 καὶ
2206 4757 2338 4812 αὐτὸ
2366 4758 2429 4811 τὸ
2474 4757 2698 4829 Πνεῦμα
2741 4759 2803 4812 τὸ
2843 4759 2996 4826 ἅγιον
3029 4759 3190 4822 αὐτὸς
3227 4760 3420 4812 ἑαυτὸν
3453 4760 3664 4831 ἀνακη-

2087 4847 2314 4921 ρύττων,
2351 4853 2444 4905 καὶ
2477 4851 2812 4923 τυφούμενός
2841 4868 2904 4920 γε
2937 4851 3029 4904 ἐπὶ
3068 4853 3134 4923 τῇ
3168 4850 3335 4922 μανίᾳ
3372 4850 3506 4920 (48),
3537 4851 3666 4904 τοτέ

411 4947 565 5002 Nunc
581 4961 731 5010 vero,
750 4946 901 5013 quasi
929 4943 1208 5010 Christus,
1227 4943 1516 4999 duodecim
1543 4943 1844 5014 discipulos
1862 4938 1991 4997 novi

2098 4943 2140 4997 se
2170 4937 2259 4998 οἵα
2287 4943 2541 5012 Χριστὸς,
2577 4942 2822 5016 μαθητὰς
2852 4942 3058 4996 δώδεκα
3096 4945 3382 5007 κοινωνοὺς
3411 4942 3513 5012 τῆς
3543 4960 3666 4996 και-

398 5038 678 5107 dogmatis
699 5044 978 5092 consortes
996 5034 1248 5106 eligebat.
1287 5033 1421 5090 Cum
1449 5033 1613 5105 igitur
1635 5033 1770 5090 falsa
1803 5043 1858 5089 et
1880 5035 1982 5088 im-

2098 5038 2338 5110 δοτομίας
2386 5037 2732 5110 αἱρούμενος.
2783 5037 3039 5109 Δόγματά
3087 5054 3150 5106 γε
3195 5037 3303 5108 μὴν
3352 5036 3524 5108 ψευδῆ
3569 5040 3667 5093 καὶ

481 5222 592 5296 (45)
627 5223 1005 5293 Νουμεριανῷ
1032 5223 1382 5296 διαδέχεται.
1413 5223 1616 5296 Ultima
1640 5239 1742 5296 vox
1773 5223 1920 5278 abest
1949 5241 1978 5277 a

400 5293 584 5350 'lribus
615 5297 812 5348 nostris
844 5295 1120 5350 codicibus
1145 5295 1304 5354 lllaz..
1324 5295 1466 5348 Med.
1499 5305 1550 5348 et
1582 5293 1811 5354 Fuk..et
1837 5305 1985 5349 recte

410 5365 695 5420 subaudiri
751 5375 924 5436 potest
961 5380 1083 5419 cum
1131 5366 1245 5436 jam
1305 5367 1660 5432 prmcesseiit.
1704 5367 1757 5418 In
1796 5366 1986 5436 iisdem

409 5437 711 5502 codicibus,
745 5435 970 5506 perinde
999 5452 1062 5491 ac
1106 5437 1158 5490 in
1195 5435 1472 5506 Saviliano
1506 5439 1776 5506 scriptum
1809 5435 1986 5488 inveni

408 5506 524 5579 ᾇμα
573 5504 758 5579 παισὶν
803 5507 1025 5579 Καρίνῳ
1065 5507 1159 5559 καὶ
1185 5504 1537 5577 Νουμεριανῷ
1579 5508 1694 5559 sine
1739 5505 1989 5562 articulo.

402 5577 624 5657 lteiufé
640 5595 744 5657 που
781 5577 1132 5657 ιιοιιλδήέπου.

481 5649 593 5719 (dii)
640 5648 692 5700 Ὀ
724 5652 853 5703 καθ’
881 5645 1107 5719 ἡμᾶς...
1144 5646 1413 5719 διωγμόςῗ.
1437 5646 1527 5700 Sic
1564 5647 1626 5719 in
1661 5645 1818 5702 codd.
1843 5645 1984 5702 Med.

407 5717 652 5789 et_blaz.
681 5720 874 5789 legitur
897 5717 930 5789 ξ
953 5733 1116 5772 recte.
1164 5718 1444 5789 Quomodo
1505 5718 1665 5789 etiam
1719 5719 1986 5789 scriptum

400 5784 611 5851 habent
634 5784 789 5846 codd.
820 5787 952 5845 Fuit.
975 5801 1026 5845 et
1049 5789 1215 5846 Savil.
1249 5786 1426 5862 Υιειεε,
1453 5785 1632 5858 ήμῶν.

2163 5225 2274 5296 (4⁵1)
2293 5224 2448 5292 Vulg.
2464 5226 2886 5294 δαιμονιώδους
2899 5225 3196 5294 αἱρέσεως.
3218 5224 3274 5279 ln
3293 5224 3477 5296 codice
3494 5222 3663 5296 Regio

2091 5292 2874 5368 scribiturgoatpovtbang,uti
2907 5292 3115 5368 unum;
3159 5301 3321 5368 etiam
3357 5295 3491 5368 Rob.
3535 5292 3662 5368 Ste-

2093 5367 2320 5436 phanus.
2355 5365 2460 5422 Sed
2492 5365 2548 5420 in
2588 5365 2953 5436 vetustissimo
2993 5367 3179 5422 codice
3223 5365 3494 5436 Mazarino
3520 5366 3676 5436 scr_i-

2091 5434 2238 5508 ptum
2267 5437 2446 5508 inveni
2469 5435 3137 5508 δαιμονιώσης,(ιυοιιιοιιο
3171 5437 3334 5492 etiam
3385 5435 3579 5506 legitur
3603 5434 3659 5488 in

2095 5487 2253 5561 Eadd.
2268 5487 2850 5562 'r.*.k"'.;;ssvnsit?
2870 5487 2933 5508 ⁷“
3074 5487 3131 5492 ’⁷
3414 5487 3454 5534 ³

2163 5577 2275 5646 (48)
2323 5578 2696 5647 Τυφούμενός
2728 5595 2791 5649 γε
2812 5577 2909 5631 ἐπὶ
2949 5575 3024 5646 τῇ
3039 5577 3242 5648 μανίᾳ.
3286 5574 3439 5649 Hunc
3477 5573 3656 5629 locum

2091 5663 2198 5701 non
2232 5649 2611 5702 intellexerunt
2644 5648 2987 5718 interpretes.
3021 5649 3248 5702 ltuiinus
3289 5648 3502 5713 quidem
3536 5659 3658 5718 Verg

2092 5718 2157 5771 tit
2180 5728 2229 5771 et
2262 5719 2429 5772 elatus
2461 5719 2688 5773 insania.
2737 5714 2830 5772 Sic
2883 5719 3028 5772 enim
3063 5718 3260 5772 habent
3302 5714 3654 5783 manuscripti

2096 5789 2327 5854 codices.
2359 5787 2467 5852 Nec
2500 5789 2657 5846 aliter
2695 5787 2969 5845 Masculus
3007 5798 3060 5844 et
3108 5787 3650 5856 Christophorsonus.
