3928 6252
245 282 250 286 ’
274 329 386 390 125

1291 339 1637 397 msronm
1677 341 2233 402 ECCLESIASTICE
2272 347 2403 406 LIB.
2444 303 2582 402 vn.‘

3443 349 3546 406 726

267 450 608 522 μαχοῦντος
640 451 852 524 στρατῷ
881 453 1015 523 (56),
1042 455 1215 531 ταύτῃ
1245 475 1304 511 τε
1341 461 1698 532 τυγχάνοντος
1735 464 1860 517 ἀπο·

1976 469 2200 537 provide
2227 469 2577 538 excogitavit.
2607 467 2791 523 Altera
2824 480 2950 528 pars
2980 465 3220 522 civitatis
3243 481 3367 522 cum
3393 481 3547 521 exere.

262 546 612 617 λισρκήτου,
660 547 750 601 τὸν
784 548 1041 604 Εὐσέϐιον
1071 551 1184 622 (ἔτι
1225 553 1332 627 γὰρ
1363 549 1501 610 εἶναι
1540 558 1660 610 τότε
1689 557 1871 612 αὐτόθι

267 637 379 708 πρὸ
413 639 527 710 τῆς
560 642 659 695 ἐπὶ
687 643 889 713 Συρίαν
917 647 1384 720 μεταναστάσεως)
1407 651 1465 705 ἐν
1487 655 1598 716 τοῖς
1622 651 1874 724 ἀπολιορ-

265 727 468 798 κήτοις
492 729 661 795 ὂντα,
695 732 836 802 μέγα
876 751 936 788 τε
967 733 1124 800 κλέος
1165 738 1257 791 καὶ
1277 738 1555 811 διαϐόητον
1586 740 1755 813 ὄνομα
1784 741 1876 812 μέν

267 838 362 893 χρι
388 821 498 874 καὶ
522 822 628 876 τοῦ
661 823 944 896 Ῥωμαίων
966 830 1336 901 στρατηλάτου
1363 849 1528 905 κεκτη
1539 835 1716 905 μένον,
1745 837 1872 909 περὶ

267 910 380 966 τῶν
413 911 576 984 λιμῷ
605 913 1062 988 διαφθειρομένων
1088 919 1228 974 κατὰ
1254 922 1353 993 τὴν
1378 923 1692 996 πολιορκίαν
1730 926 1872 997 πέμ-

267 1005 380 1075 ψας
411 1005 444 1057 ὁ
485 1005 804 1073 ’Δνατόλιος
835 1010 1160 1067 ἐκδιδάσκει.
1205 1014 1262 1067 '0
1286 1015 1342 1068 δὲ
1377 1015 1564 1086 μαθὼν
1597 1020 1870 1090 σωτηρίαν

267 1098 383 1161 τοῖς
405 1096 528 1150 ἀπὸ
563 1098 679 1153 τῶν
712 1100 984 1172 πολεμίων
1008 1103 1324 1176 αὐτομόλοις
1354 1111 1676 1180 παρασχεῖν,
1710 1110 1785 1174 ὡς
1813 1113 1870 1165 ὲν

273 1190 518 1262 μεγίστῃ
557 1191 746 1265 χάριτι
768 1193 976 1266 δωρεᾶς
1008 1197 1099 1251 τὸν
1139 1197 1425 1270 Ῥωμαίων
1458 1203 1762 1274 στρατηγὸν
1787 1206 1870 1258 cti-

269 1283 470 1334 τεῖται.
533 1283 657 1336 Καὶ
705 1287 804 1355 τῆς
844 1285 1121 1354 ἀξιώσεως
1160 1306 1224 1358 γε
1279 1290 1476 1362 τυχὼν,
1518 1294 1758 1364 ἐμφανὲς
1794 1293 1871 1367 τῷ

282 1373 593 1445 Ἀνατολίῳ
628 1374 968 1448 καθίστησιν.
1016 1379 1075 1432 '0
1107 1379 1162 1433 δὲ
1195 1381 1390 1437 αὐτίκα
1412 1383 1510 1455 τὴν
1542 1386 1870 1455 ἐπαγγελίαν

270 1464 601 1535 δεξάμενος,
636 1466 830 1539 βουλὴν
861 1468 972 1523 τῶν
1011 1469 1398 1544 Ἀλεξανδρέων
1432 1476 1772 1546 συναγαγὼν,
1800 1478 1870 1532 τὰ

274 1556 374 1627 μὲν
408 1557 619 1631 πρῶτα
649 1561 856 1624 πάντας
897 1560 1050 1632 ἠξίου
1085 1563 1302 1636 φιλικὴν
1345 1564 1527 1639 δοῦναι
1579 1569 1871 1640 Ῥωμαίοις

272 1647 453 1714 δεξιάν
474 1689 491 1714 ,
523 1650 610 1715 ὡς
644 1651 690 1705 δ’
739 1653 1118 1725 ἀγριαίνοντας
1164 1657 1255 1710 ἐπὶ
1302 1657 1379 1728 τῷ
1421 1659 1564 1732 λόγῳ
1610 1661 1867 1726 συνεῖδεν,

275 1737 388 1791 ἀλλ’
415 1739 479 1792 οὐ
525 1740 712 1813 τούτῳ
743 1759 828 1811 γε,
863 1744 1047 1815 φησὶν,
1097 1744 1392 1812 ἀντιλέξειν
1435 1747 1555 1800 ποθ’
1587 1750 1732 1820 ὑμᾶς
1757 1749 1868 1804 οἴο-

1973 559 2080 613 citu
2114 558 2361 614 Romano
2398 559 2667 616 societate
2717 558 3002 627 conjuncta
3045 570 3184 626 erat,
3217 576 3280 616 ac
3318 563 3546 632 proinde

1973 652 2197 707 minime
2235 652 2480 708 obsessa.
2508 651 2564 706 ln
2602 651 2705 706 hac
2735 652 3054 706 versabatur
3081 650 3350 708 Eusebius
3378 651 3543 724 (non-

1973 743 2101 797 dum
2129 743 2272 798 enim
2301 745 2366 798 ad
2391 752 2573 814 partes
2608 740 2783 813 Syria:
2811 740 3187 810 migraverat),
3219 741 3374 811 cnjns
3401 741 3547 797 cele-

1971 834 2069 890 bre
2092 849 2284 890 nomen
2314 843 2370 890 et
2394 833 2624 905 insignis
2650 833 2818 904 gloria
2848 833 2912 888 ad
2939 847 3099 888 aures
3121 833 3283 887 etiam
3311 832 3542 887 Romani

1972 928 2126 981 ducis
2155 935 2497 997 pervenerat.
2517 925 2672 981 Hunc
2684 924 2972 982 Anatolius
2992 925 3157 981 misso
3177 925 3316 980 clam
3353 925 3543 978 imntio

1971 1019 2259 1073 certiorem
2293 1017 2424 1071 facit
2453 1017 2519 1072 de
2541 1032 2768 1072 numero
2795 1031 2981 1074 eorum
3016 1017 3108 1086 qui
3143 1015 3284 1071 fame
3312 1015 3367 1070 in
3395 1013 3541 1069 obsi-

1972 1112 2133 1168 dione
2166 1112 2471 1167 interirent.
2490 1111 2606 1178 Quo
2632 1121 2908 1181 comperto
2937 1110 3204 1165 Eusebius
3234 1126 3264 1163 a
3292 1109 3546 1164 Romano

1975 1203 2112 1259 duce
2163 1203 2382 1258 maximi
2436 1203 2685 1259 beneficii
2733 1202 2853 1259 loco
2901 1202 3211 1274 postulavit,
3255 1212 3313 1257 ut
3355 1203 3420 1259 iis
3449 1198 3540 1272 qui

1973 1297 2314 1367 transfugere
2341 1295 2408 1350 ab
2440 1295 2688 1350 hostibus
2712 1294 2934 1360 vellent,
2959 1293 3387 1349 incolumitatem
3412 1308 3542 1349 eon-

1972 1388 2210 1443 cederet.
2247 1386 2301 1441 ld
2334 1401 2456 1441 cum
2485 1386 2850 1456 impetrasset,
2886 1387 3069 1441 statim
3118 1384 3370 1452 Anatolio
3401 1384 3539 1439 iudi-

1971 1481 2135 1535 cavit.
2162 1477 2278 1543 llle,
2300 1478 2659 1549 promissione
2689 1479 2846 1534 ducis
2875 1478 3107 1533 libenter
3141 1487 3388 1547 accepta,
3419 1475 3543 1530 Ale-

1971 1570 2298 1626 xandrinum
2334 1578 2600 1626 convocat
2632 1579 2902 1625 senatum.
2934 1572 3015 1624 Ac-
3045 1570 3280 1640 primum
3317 1569 3539 1639 quidem

1970 1662 2200 1716 suadere
2223 1661 2388 1731 cmpit
2414 1663 2690 1726 omnibus,
2713 1670 2772 1715 ut
2791 1674 2914 1715 cum
2942 1659 3199 1713 Romanis
3226 1660 3278 1712 in
3312 1661 3538 1728 gratiam

1973 1754 2236 1808 redirent.
2274 1753 2378 1808 Sed
2421 1767 2542 1806 cum
2573 1752 2694 1807 illos
2741 1751 3050 1820 huiusmodi
3098 1750 3284 1804 verbis
3313 1761 3540 1813 exaspe-

274 1848 392 1903 μαι,
423 1833 474 1886 εἰ
502 1835 646 1898 τοὺς
673 1813 959 1908 περιττοὺς
986 1837 1078 1890 καὶ
1110 1839 1242 1909 ἡμῖν
1275 1839 1458 1903 αὐτοῖς
1485 1813 1692 1912 οὐδαμῆ
1737 1859 1860 1912 χρη-

1972 1855 2119 1900 ratos
2144 1844 2354 1900 videret
2379 1861 2393 1901 :
2418 1843 2488 1897 At
2518 1843 2622 1898 hoc
2649 1853 2820 1910 certe,
2851 1842 3044 1912 inquit,
3069 1855 3408 1912 nequaquam
3444 1855 3540 1894 vos

275 1920 488 1992 σίμους,
518 1917 762 1995 γροίΐδας
791 1927 886 1980 καὶ
918 1929 1088 1999 νήπια
1115 1931 1210 1985 καὶ
1254 1932 1588 2004 πρεσϐύτας,
1620 1934 1868 1990 ἐκδοῦναι

274 2012 455 2068 πυλῶν
492 2014 612 2082 ἔξω
652 2017 889 2088 βαδίζειν
929 2021 1050 2074 ὅποι
1091 2025 1187 2078 καὶ
1216 2023 1487 2096 βούλοιντο
1533 2027 1868 2099 συμϐουλεύ-

276 2129 452 2184 σαιμι.
493 2115 564 2168 Τί
618 2115 728 2189 γὰρ
766 2117 830 2190 δὴ
859 2118 1082 2184 τούτους
1120 2123 1202 2185 είς
1233 2124 1410 2195 μάτην
1447 2125 1570 2179 ὅσον
1600 2124 1752 2180 οὔπω
1779 2144 1867 2180 τε-

275 2203 648 2277 θνηξομένους
691 2212 837 2278 παρ’·
859 2213 1072 2278 ἑαυτοῖς
1102 2214 1354 2286 έχοιμεν;
1393 2217 1448 2272 τί
1482 2218 1538 2272 δὲ
1566 2219 1692 2284 τοὺς
1732 2222 1866 2274 ἁνα-

277 2299 481 2370 πήρους
509 2301 620 2354 καὶ
651 2302 720 2356 τὰ
749 2303 974 2376 σώματα
1010 2305 1441 2379 λελωϐημένους,
1466 2310 1545 2383 τῷ
1584 2310 1726 2383 λιμῷ
1769 2329 1868 2365 κα-

276 2391 650 2464 τατρ-ύχομεν,
672 2396 895 2468 τρέφειν
919 2397 1037 2452 δέον
1063 2401 1254 2471 μόνους
1278 2403 1479 2476 ἄνδρας
1507 2406 1602 2458 καὶ
1627 2407 1864 2470 νεανίας,

273 2483 480 2538 καὶτὸν
513 2487 828 2555 ἀναγκαῖον
871 2490 1042 2563 πυρὸν
1082 2497 1194 2558 τοῖς
1227 2495 1319 2547 ἐπὶ
1361 2495 1577 2568 φυλακῇ
1621 2500 1723 2569 τῆς
1777 2498 1869 2551 πόο

276 2577 404 2640 λεως
460 2579 806 2651 ἐπιτηδείοις
843 2584 1197 2654 ταμιεύεσθαι
1242 2587 1390 2659 (57);
1435 2588 1709 2654 Τοιούτοις
1757 2592 1867 2646 τισί

279 2673 549 2742 λογισμοῖς
580 2672 792 2738 ’πείσας
816 2676 875 2729 τὸ
917 2677 1210 2751 συνέδριον,
1259 2680 1438 2752 ψῆφον
1478 2683 1692 2755 πρῶτος
1735 2686 1866 2740 ἀνα-

280 2761 404 2826 στὰς
457 2764 715 2838 ἐκφέρει,
758 2769 868 2821 πᾶν
914 2770 976 2824 τὸ
1021 2773 1088 2842 τῇ
1133 2772 1390 2844 στρατείᾳ
1441 2773 1516 2845 μὴ
1561 2776 1864 2849 ἐπιτήδειον

284 2853 384 2907 εἴτε
421 2856 640 2928 ἀνδρῶν
681 2860 788 2912 εἴτε
818 2861 1099 2929 γυκαικῶν
1138 2863 1315 2932 γένος,
1349 2865 1603 2919 ἀπολύειν
1642 2871 1741 2939 τῆς
1770 2871 1866 2924 πό-

284 2945 429 3010 λεως,
458 2950 539 3004 ὃτι
569 2950 709 3020 μηδὲ
741 2953 1140 3024 καταμένουσιν
1169 2957 1349 3021 αὐτοῖς
1375 2958 1469 3011 καὶ
1497 2961 1575 3023 είς
1607 2959 1667 3013 τὸ
1693 2961 1865 3032 ἄχρη-

285 3053 400 3092 στον
433 3039 490 3094 ὲν
517 3044 582 3113 τῇ
631 3043 786 3097 πόλει
817 3045 1202 3117 διατρίϐουσιν,
1231 3049 1386 3114 ἐλπὶς
1423 3051 1488 3106 ἂν
1515 3052 1724 3121 γένοιτο
1761 3070 1864 3108 σω-

1970 1936 2212 1991 arbitror
2244 1935 2643 2006 rcpudiaturos,
2667 1933 2716 1988 si
2745 1934 2899 1990 vobis
2930 1947 3151 1987 suasere
3202 1942 3260 1986 ut
3284 1946 3543 2000 superva-

1970 2044 2128 2082 cnam
2168 2036 2332 2098 atque
2369 2027 2613 2082 inutilem
2647 2026 2894 2092 turbam,
2929 2041 3066 2081 anns
3108 2025 3316 2080 scilicet
3360 2034 3414 2079 et
3459 2025 3544 2081 in-

1969 2119 2144 2176 fantes
2181 2135 2247 2176 ac
2274 2135 2453 2184 senes,
2478 2130 2632 2174 extra
2659 2127 2848 2188 portas
2869 2119 3022 2173 abire
3051 2133 3158 2188 quo
3182 2116 3366 2172 volent
3397 2117 3544 2172 sina-

1971 2213 2058 2266 tis.
2089 2211 2228 2278 Quid
2249 2213 2396 2266 enim
2424 2211 2555 2267 istos
2571 2210 2904 2281 iamiamque
2929 2209 3222 2264 morituros
3243 2199 3543 2262 retinemus

1969 2303 2286 2358 nobiscum?
2317 2302 2426 2358 Cur
2451 2316 2547 2358 eos
2587 2300 2684 2371 qui
2711 2300 2991 2374 debilitate
3023 2299 3239 2369 penitus
3279 2315 3343 2352 ac
3368 2296 3542 2350 mnti-

1969 2397 2077 2450 lato
2123 2406 2250 2451 sunt
2289 2409 2538 2465 corpore,
2586 2394 2726 2448 fame
2772 2393 2993 2462 insuper
3031 2392 3372 2454 conficimus,
3414 2405 3539 2443 cum

1967 2490 2112 2545 viros
2151 2490 2419 2548 duntaxat
2451 2501 2512 2542 ac
2539 2486 2770 2558 juvenes
2796 2487 2942 2540 alere
2968 2491 3236 2554 oporteat,
3263 2495 3317 2536 et
3348 2499 3536 2538 neces-

1965 2583 2168 2636 sarium
2200 2579 2528 2636 frumentum
2569 2579 2656 2642 iis,
2679 2578 2767 2646 qui
2798 2577 2864 2632 ad
2904 2575 3053 2630 urbis
3083 2577 3387 2644 custodian;
3423 2575 3540 2628 ido-

1963 2673 2052 2729 nei
2083 2669 2591 2744 suntﬁispeusare?
2623 2667 2940 2735 Huiusmodi
2971 2667 3276 2722 rationibus
3297 2683 3419 2722 cum
3454 2680 3539 2720 sc-

1966 2775 2151 2820 natum
2178 2765 2231 2818 in
2260 2762 2590 2819 sententiam
2615 2775 2770 2817 suam
2802 2759 3177 2829 pertraxisset,
3196 2759 3311 2828 ipse
3334 2761 3540 2827 primus

1965 2871 2264 2927 exsurgens
2307 2862 2516 2920 censet,
2551 2867 2769 2908 onmem
2808 2851 3081 2906 imbellem
3133 2849 3536 2906 multitudinem

1967 2958 2074 3002 tam
2103 2949 2269 3020 286
2291 2947 2460 3002 virilis
2484 2961 2644 3015 quam
2671 2943 2950 2998 muliebris
2967 2958 3132 2999 sexus
3151 2959 3217 2998 ex
3235 2945 3366 2998 urbe
3381 2944 3540 2998 emit-

1967 3042 2182 3096 tendam
2208 3055 2362 3107 esse;
2390 3039 2588 3110 quippe
2618 3052 2742 3093 eum
2772 3037 2838 3090 iis
2862 3037 2908 3091 si
2938 3037 3142 3093 diutius
3164 3044 3535 3101 remanerent,

284 3129 488 3200 τηρίας,
524 3133 669 3204 πρὸς
697 3133 791 3188 τοῦ
821 3135 980 3207 λιμοῦ
1009 3137 1550 3212 διαφθαρησομένοις.
1588 3143 1771 3215 Ταύτῃ
1806 3144 1860 3197 δὲ

1967 3142 2021 3188 et
2066 3132 2393 3188 nullatenus.
2421 3131 2947 3202 reipublicatntiles
2994 3137 3362 3195 morarentur,
3390 3127 3538 3183 nulla

286 3219 387 3274 τῶν
411 3221 618 3277 λοιπῶν
656 3223 910 3280 ἁπάντων
952 3231 1018 3300 τῇ
1055 3228 1216 3301 βουλῇ
1266 3232 1860 3305 συγκατατεθειμένων,

289 3313 475 3386 μικροῦ
522 3315 637 3370 δεῖν
682 3319 808 3382 τοὺς
841 3318 1050 3385 πάντας
1097 3320 1204 3376 τῶν
1253 3324 1724 3396 πολιορκουμένων
1756 3327 1864 3382 διε-

290 3401 522 3483 σώσατο,
559 3408 621 3459 ὲν
662 3409 900 3480 πρώτοις
940 3411 1039 3482 μὲν
1075 3415 1201 3478 τοὺς
1233 3415 1340 3468 ἀπὸ
1368 3419 1466 3487 τῆς
1515 3418 1860 3490 Ἐκκλησίας,

287 3491 468 3550 ἔπειτα
498 3498 555 3552 δὲ
585 3502 683 3554 καὶ
712 3500 818 3554 τῶν
849 3502 1023 3557 ἄλλων
1061 3503 1168 3558 τῶν
1203 3506 1344 3560 κατὰ
1371 3507 1469 3579 τὴν
1502 3509 1655 3563 πόλιν
1681 3512 1863 3565 πᾶσαν

288 3586 946 3665 ήλικίανῖδιαδιδράσκειν
972 3597 1254 3670 προμηθού
1264 3617 1442 3671 μενος,
1473 3603 1531 3655 οὐ
1568 3604 1727 3673 μόνον
1755 3604 1862 3658 τῶν

289 3683 422 3736 κατὰ
446 3683 545 3756 τὴν
585 3685 769 3758 ψῆφον
799 3688 1154 3760 δεδογμένων.
1195 3693 1272 3764 Τῇ
1312 3694 1369 3746 δὲ
1409 3695 1616 3750 τούτων
1652 3698 1863 3769 προφά-

291 3789 389 3839 σει,
429 3779 521 3831 καὶ
561 3780 793 3851 μυρίους
828 3779 1022 3845 ἄλλους
1058 3781 1360 3855 λεληθότως
1389 3787 1706 3855 γυναικείαν
1743 3806 1862 3842 στο-

290 3863 380 3937 λὴν
408 3868 877 3942 ἀμπισχομένους,
925 3873 1140 3947 νύκτωρ
1181 3892 1242 3929 τε
1269 3879 1338 3949 τῇ
1379 3879 1588 3932 ἐκείνου
1621 3881 1859 3952 φροντίδι

291 3955 390 4010 τῶν
433 3961 616 4016 πυλῶν
660 3962 921 4030 ἐξιόντας,
957 3966 1054 4020 καὶ
1092 3967 1185 4020 ἐπὶ
1225 3967 1326 4039 τὴν
1375 3969 1661 4040 Ῥωμαίων
1694 3988 1859 4043 στρα-

291 4045 402 4101 τιὰν
437 4051 745 4122 ὁρμῶντας.
793 4053 966 4109 Ἔνθα
1002 4057 1135 4122 τοὺς,
1158 4057 1365 4123 πάντας
1403 4059 1793 4133 ὑποδεχόμενος
1832 4065 1860 4118 ὁ

291 4136 555 4210 Εὐσέϐιος,
590 4145 800 4218 πατρὸς
848 4148 942 4202 καὶ
987 4149 1172 4221 ίατροῦ
1211 4151 1387 4222 δίκην,
1439 4155 1859 4224 κεκακωμένους

292 4229 349 4284 ἐκ
374 4237 468 4306 τῆς
501 4240 720 4310 μακρᾶς
751 4239 1067 4312 πολιορκίας
1102 4241 1237 4310 (58),
1263 4242 1351 4296 διὰ
1391 4244 1576 4315 πάσης
1605 4246 1858 4318 προνοίας

294 4324 379 4376 καὶ
413 4325 708 4400 θεραπείας
756 4331 1040 4386 ἀνεκτᾶτο.
1092 4334 1360 4389 Τοιούτων
1409 4337 1442 4407 ἡ
1487 4337 1628 4392 κατὰ
1664 4339 1857 4396 Λαοδί⁴

293 4429 432 4472 κειαν
486 4421 781 4494 Ἐκκλησία
824 4425 916 4478 δύο
962 4425 1160 4497 ἐφεξῆς
1192 4427 1336 4481 κατὰ
1369 4427 1617 4500 διαδοχὴν
1645 4429 1850 4504 ἠξιώθη

1965 3242 2091 3297 spes
2127 3226 2321 3281 salutis
2348 3236 2677 3296 superesset,
2696 3224 2838 3279 fame
2861 3225 3050 3294 utique
3074 3220 3359 3292 perituris.
3387 3219 3539 3275 Hanc

1964 3323 2290 3378 sententiam
2316 3336 2438 3376 cum
2463 3335 2665 3374 omnes
2696 3320 2788 3389 qui
2818 3320 2870 3372 in
2890 3327 3085 3372 senatu
3110 3323 3266 3370 erant
3287 3327 3540 3383 compro-

1962 3414 2209 3481 bassent,
2229 3412 2513 3468 universos
2541 3411 2655 3466 fere
2677 3411 2934 3466 obsessus
2962 3406 3247 3462 Anatolius
3273 3405 3535 3460 servavit.

1963 3505 2200 3561 Primum
2227 3507 2368 3561 enim
2396 3519 2616 3574 operam
2635 3504 2778 3558 dedit
2804 3513 2863 3556 ut
2896 3509 3093 3556 nostra:
3111 3498 3387 3567 religionis
3412 3497 3537 3562 viri,

1965 3599 2162 3653 deinde
2185 3607 2244 3652 ut
2273 3598 2363 3651 alii
2397 3597 2562 3652 etiam
2591 3594 2882 3664 cujuslibet
2916 3593 3116 3658 aetatis,
3149 3607 3249 3647 nec
3269 3592 3314 3646 ii
3341 3592 3540 3648 dunta-

1963 3699 2055 3742 xat
2081 3689 2279 3758 quibus
2311 3693 2533 3742 senatus
2563 3686 2842 3741 licentiam
2877 3684 3124 3750 dederat,
3150 3697 3340 3738 verum
3370 3684 3538 3738 etiam

1963 3781 2052 3834 alii
2087 3781 2267 3850 plures
2297 3777 2609 3850 huiusmodi
2635 3779 2862 3833 obtentu
2913 3775 3148 3830 latenter
3186 3775 3535 3844 aufugerent,

1962 3871 2213 3944 muliebri
2245 3881 2395 3926 veste
2431 3871 2625 3934 induti,
2659 3879 2933 3936 noctuque
2955 3878 3111 3921 extra
3144 3867 3386 3922 civitatis
3411 3882 3536 3936 por-

1962 3976 2046 4018 tas
2057 3967 2184 4035 ejus
2198 3978 2363 4033 opera
2385 3962 2649 4028 educti,et
2670 3960 2736 4015 ad
2754 3959 3120 4014 Romanorum
3143 3968 3322 4012 castra
3352 3968 3534 4011 trans-

1963 4054 2158 4126 gressi.
2231 4053 2307 4108 lbi
2362 4050 2635 4107 Eusebius
2682 4058 2906 4104 cunctos
2955 4050 3234 4123 excipiens
3277 4049 3535 4103 diuturna

1958 4147 2246 4203 obsidione
2277 4152 2602 4210 maceratos,
2638 4143 2790 4214 quasi
2827 4143 3046 4213 quidam
3077 4151 3229 4211 pater
3263 4155 3325 4194 ac
3359 4140 3534 4194 medi-

1961 4254 2058 4295 cus
2087 4239 2234 4293 omni
2261 4252 2396 4292 cura
2427 4251 2492 4290 ac
2513 4236 2858 4306 providentia
2890 4234 3179 4289 recreavit.
3209 4232 3533 4302 llujusmodi

1959 4334 2095 4388 duos
2125 4341 2373 4401 pastores
2398 4332 2652 4385 continua
2681 4329 2826 4384 serie
2858 4328 2960 4383 sibi
2990 4329 3372 4393 succedentes,
3395 4325 3534 4379 Lao-

1960 4425 2195 4481 dicensis
2214 4425 2456 4481 Ecclesia
2482 4423 2668 4478 divino
2703 4433 2839 4476 nutu
2873 4423 3063 4476 sortita
3092 4431 3195 4486 est,
3233 4436 3353 4475 cum
3385 4429 3532 4474 uter-

295 4511 571 4580 ποιμένων,
606 4516 702 4568 σὺν
738 4514 859 4586 θείᾳ
884 4515 1194 4588 προμηθείᾳ
1238 4516 1374 4588 μετὰ
1415 4519 1505 4572 τὸν
1543 4499 1852 4592 νδηλωθέντα

1966 4532 2062 4586 que
2084 4531 2273 4576 eorum
2304 4527 2432 4588 post
2452 4515 2751 4584 supradicti
2778 4515 2901 4570 belli
2930 4527 3168 4582 tempora
3197 4531 3266 4569 ex
3296 4513 3533 4569 Alexan-

295 4598 511 4671 πόλεμον
549 4607 614 4660 ὲκ
657 4610 756 4679 τῆς
805 4605 1196 4679 Ἀλεξανδρέων
1242 4609 1449 4675 πόλεως
1494 4613 1584 4664 ἐπὶ
1625 4611 1692 4666 τὰ
1728 4612 1853 4684 τῇδε

298 4691 736 4764 μετεληλυθότων.
769 4699 846 4754 Οὐ
888 4696 1110 4770 μὲνοῦν
1139 4702 1477 4773 ἐσπουδάσθη
1521 4703 1750 4760 πλεῖστα
1775 4705 1852 4777 τῷ

306 4778 576 4860 Ἀνατολίῳ
608 4792 1048 4865 συγγράμματα,
1087 4793 1321 4848 τοσαῦτα
1352 4795 1397 4847 δ’
1427 4797 1508 4858 είς
1550 4797 1701 4867 ἡμᾶς·
1729 4797 1852 4870 ἐλή-

295 4868 440 4942 λυθε,
467 4877 532 4930 δι’
563 4875 636 4937 ὧν
668 4881 832 4935 αὐτοῦ
875 4882 1212 4955 καταμαθεῖν
1253 4883 1474 4937 δυνατὸν
1508 4884 1665 4955 ὁμοῦ,
1692 4884 1753 4938 τό
1791 4868 1850 4938 τε

296 4959 454 5032 λόγιον
485 4974 574 5026 καὶ
608 4974 947 5046 πολυμαθὲς,
986 4979 1044 5031 ὲν
1087 4972 1169 5040 οἷς
1215 4977 1448 5048 μάλιστα
1486 4977 1554 5030 τὰ
1586 4979 1714 5051 περὶ
1753 4978 1846 5034 τοῦ

295 5052 468 5130 Πάσχα
509 5064 732 5131 δόξαντα
765 5068 1108 5140 παρίστησιν.
1155 5071 1278 5139 -Ἀφ’
1319 5063 1396 5124 ὧν
1443 5071 1736 5139 ἀναγκαῖον
1781 5072 1849 5126 ἂν

359 5212 463 5296 (5εῇ
487 5218 570 5296 Τῷ
601 5219 897 5292 Ῥωμαὶκῷ
927 5225 1391 5295 συμμαχοῦντος
1427 5225 1683 5296 στρατῷ.
1712 5227 1845 5296 Dum

299 5277 687 5366 illautlinsiimp.
705 5277 784 5348 'ad
795 5277 990 5349 versus
1003 5277 1072 5350 135
1079 5277 1267 5351 militis
1294 5277 1852 5366 ρἱἓηὶιὲὲίζῐέὶιόιὶιτῇ

298 5357 450 5433 misso
468 5357 647 5433 Zabda
682 5366 817 5417 duce
845 5381 968 5419 cum
1019 5367 1220 5429 ingenti
1265 5357 1497 5420 militum
1531 5357 1712 5433 manu,
1751 5357 1847 5419 ad;

297 5432 498 5507 iuvante
520 5432 676 5486 etiam
697 5433 1002 5507 A'l‘imogene
1031 5435 1313 5506 Egyptio,
1350 5435 1647 5507 Aﬂgyptum
1666 5432 1839 5507 occu-

299 5501 454 5574 RaVEl.
478 5501 1255 5574 el_pr:esidiumiAlexandria:
1302 5501 1581 5574 imposuit.
1641 5506 1839 5560 Verum

301 5559 493 5650 {29%
504 5559 626 5650 fil-1;
636 5559 1074 5650 Δῐῇοιιιειιιιιε,οιι[ιι
1103 5559 1280 5643 copiis
1297 5559 1494 5650 quibus
1515 5559 1837 5650 imperabat,

305 5630 548 5716 ξιξιίυμιοξὶε
584 5644 684 5716 sibi
745 5630 1014 5716 Egypliis
1032 5630 1692 5716 iquot'qnot'Palmyrénis
1736 5630 1838 5699 mi;

306 5706 434 5788 Si"?
468 5706 750 5788 mele
786 5706 981 5788 eéé'ab
1006 5706 1244 5788 Ᾱῖὶιῖρέἓδ
1275 5706 1526 5785 ἀθρυιὶιί
1544 5725 1604 5788 nl
1654 5725 1842 5788 narrat

305 5763 529 5835 lusimus
549 5763 877 5842 erratos;
907 5763 1518 5859 centesimam;
1544 5763 1838 5842 ὗὶ-υέιίίιὶξὶὶ

1955 4611 2114 4664 drina
2149 4609 2280 4664 urbe
2323 4611 2374 4663 in
2409 4608 2624 4682 Syriam
2661 4609 3028 4679 migravisset.
3065 4608 3338 4662 Czcternm
3383 4609 3530 4661 Aiun-

1958 4701 2118 4754 tolius
2144 4714 2250 4753 non
2299 4699 2587 4757 admodum
2616 4699 2817 4754 multos
2850 4699 3155 4768 composuit
3195 4699 3381 4754 libros.
3425 4696 3531 4754 Ve-

1954 4808 2072 4847 rum
2099 4807 2164 4847 es
2201 4794 2267 4848 iis
2295 4795 2386 4862 qui
2419 4793 2484 4848 ad
2511 4809 2609 4849 nos
2637 4800 3024 4863 pervenerunt,
3058 4791 3424 4862 eloquentiam
3451 4793 3529 4846 si-

1953 4885 2086 4938 mul“
2112 4893 2167 4940 et
2209 4886 2568 4956 multiplicem
2602 4886 2724 4956 ejus
2762 4887 3125 4940 eruditionem
3160 4885 3374 4940 abunde
3405 4886 3528 4940 licet

1956 4992 2319 5048 cognoscere;
2351 4979 2621 5048 praecipue
2656 4994 2783 5034 vero
2813 4993 2878 5034 cx
2922 4978 2988 5032 iis
3021 4977 3076 5031 in
3119 4977 3318 5047 quibus
3370 4993 3525 5032 suam

1956 5069 2023 5126 de
2055 5070 2259 5126 Pascha
2287 5073 2614 5127 sententiam
2646 5071 2956 5127 continuat.
3006 5068 3161 5126 Unde
3192 5072 3356 5124 etiam
3389 5087 3526 5125 non-

1946 5231 2078 5285 mihi
2106 5231 2318 5286 videtur
2347 5227 2626 5284 obsessum
2657 5227 2824 5282 fuisse
2851 5243 2879 5282 a
2925 5227 3205 5282 Romanis.

2018 5303 2131 5375 (57)
2175 5299 2579 5375 Ταμεεύεσθαι.
2619 5298 2755 5375 Male
2793 5297 3319 5375 Christophorsonus
3359 5300 3524 5354 vertit

1946 5367 2270 5443 congereren
2293 5367 2818 5443 Nalll_7apt$l3£¢0at
2853 5371 3070 5438 proprie
3103 5379 3205 5430 est,
3241 5383 3361 5419 cum
3398 5385 3523 5443 par-

1948 5439 2182 5498 cim'onia
2210 5439 2457 5494 admetiri
2492 5455 2554 5492 ac
2592 5440 2908 5506 dispensare
2945 5453 3248 5505 annonam;
3275 5441 3419 5505 quod
3469 5440 3519 5492 in

1950 5515 2179 5583 penuria
2210 5511 2324 5565 fieri
2348 5509 2491 5583 solet
2514 5520 2568 5562 et
2605 5509 2657 5583 in
2695 5509 3090 5583 obsidionibus.

2017 5584 2132 5650 (58)
2182 5583 2275 5634 Ἐκ
2300 5579 2411 5645 τῆς
2451 5578 2686 5648 μακρᾶς
2735 5577 3103 5644 πολιορκίας.
3162 5576 3520 5650 Hieronymus

1947 5654 2001 5707 in
2025 5649 2286 5708 Chronico
2315 5653 2496 5716 plures
2526 5665 2624 5717 per
2652 5665 2823 5705 annos
2857 5657 3188 5718 protractam
3233 5663 3354 5703 esse
3384 5649 3520 5702 scri-

1947 5724 2024 5778 bit
2055 5721 2273 5778 Bruchii
2298 5718 2656 5775 obsidionem.
