3928 6252
218 327 327 383 729

1218 333 1566 392 ΗΙΞΤΟΠΙᾸΞ
1607 334 2156 394 ECCLESIASTICAS
2195 339 2322 395 LIB.
2363 340 2477 398 Vll.

3351 350 3454 407 750

222 441 362 516 μετὰ
406 443 698 517 ἰσημερίαν
729 445 968 517 ἐαρινὴν,
999 444 1287 517 μεσοῦντος
1311 446 1406 501 τοῦ
1447 447 1662 520 πρώτου
1693 464 1784 518 μη-

1901 453 2122 508 mensis.
2152 453 2203 507 ld
2237 463 2417 508 autem
2445 456 2711 529 contingit
2737 472 2859 514 cum
2882 459 2962 516 sol
2991 461 3219 529 primam
3246 475 3453 533 partem

217 539 327 599 νός⁶
349 535 516 590 τοῦτο
537 537 591 591 δὲ
612 538 978 608 εὑρίσκεσθαι,
1001 539 1062 592 τὸ
1080 540 1294 612 πρῶτον
1317 543 1508 613 τμῆμα
1531 541 1624 594 τοῦ
1645 541 1797 612 ἡλια-

218 626 337 689 κοῦ,
368 625 517 696 ἧ,ὥς
549 645 691 693 τινες
723 630 902 684 αὐτῶν
940 630 1245 703 ὠνόμασαν,
1279 631 1552 705 ξωοιρόρου
1593 631 1793 686 κύκλου

218 717 514 783 διεξιόντος
561 719 731 792 ἡλίου.
770 721 827 774 '0
872 723 928 775 δὲ
980 724 1381 794 Ἀριστόϐουλος
1420 724 1791 796 προστίθησιν,

219 808 293 873 ὡς
318 809 406 879 εἴη
437 809 747 881 ὲξανάγκης
777 815 845 883 τῇ
876 813 984 864 τῶν
1019 812 1380 886 διαϐατηρίων
1410 813 1566 885 ἑορτῇ
1596 813 1668 884 μὴ
1701 811 1795 882 μό-

219 916 307 952 νον
330 900 427 952 τὸν
473 901 627 971 ἥλιον
662 902 722 954 τὸ
771 904 1080 973 ἰσημερινὸν
1124 902 1536 974 διαπορεύεσθαι
1577 904 1791 973 τμῆμα,

219 992 307 1044 καὶ
330 991 433 1062 τὴν
468 993 703 1064 σελήνην
730 994 806 1048 δέ.
844 995 962 1047 Τῶν
997 995 1104 1066 γὰρ
1141 996 1464 1068 ίσημερινῶν
1492 997 1791 1066 τμημάτων

218 1084 382 1136 ὅντων
409 1083 530 1145 δύο,
563 1083 656 1137 τοῦ
689 1085 785 1154 μὲν
815 1085 1053 1156 ὲαρινοῦ,
1077 1086 1171 1140 τοῦ
1197 1087 1253 1139 δὲ
1283 1086 1671 1157 μετοπωρινοῦ,
1698 1085 1792 1139 καὶ

217 1174 656 1246 διαμετρούντων
692 1175 913 1244 ἄλληλα,
941 1177 1180 1247 δοθείσης
1205 1195 1261 1230 τε
1283 1177 1380 1247 τῆς
1407 1177 1513 1230 τῶν
1534 1177 1790 1248 διαϐατη-

221 1267 347 1337 ρίων
379 1267 603 1336 ἡμέρας
633 1269 699 1337 τῇ
741 1267 1304 1340 τεσσαρεσκαιδεκάτῃ
1346 1266 1438 1319 τοῦ
1473 1267 1638 1337 μηνὸς
1670 1265 1788 1337 μεθ’

219 1357 484 1425 ἑσπέραν,
546 1357 826 1426 ἑστήξεται
876 1357 972 1426 μὲν
1021 1357 1214 1427 σελήνη
1266 1356 1360 1425 τὴν
1405 1357 1650 1411 ἐναντίαν
1699 1357 1792 1410 καὶ

219 1449 506 1520 διάμετρον
538 1447 618 1518 τῷ
662 1449 795 1520 ἡλίῳ
845 1450 1050 1502 στάσιν.
1097 1449 1304 1520 Ὥσπερ
1345 1444 1437 1501 οὖν
1481 1448 1685 1513 ἔξεστιν
1731 1451 1788 1502 ἐν

219 1545 330 1605 ταῖς
380 1541 744 1612 πανσελήνοις
782 1543 944 1612 ὀρᾷν·
992 1541 1202 1595 ἔσονται
1241 1541 1296 1594 δὲ
1328 1544 1356 1595 ὁ
1399 1541 1517 1611 μὲν,
1550 1541 1688 1592 κατὰ
1727 1539 1789 1592 τὸ

223 1633 425 1705 ὲαρινὸν
474 1633 792 1705 ἰσημερινὸν
825 1637 852 1687 ὁ
881 1633 1031 1704 ἥλιος
1062 1633 1275 1704 τμῆμα,
1307 1635 1340 1704 ὴ
1375 1634 1449 1697 δὲ,
1486 1632 1787 1704 ὲξανάγκης

219 1727 351 1780 κατὰ
381 1726 444 1779 τὸ
473 1725 878 1797 φθινοπωρινὸν
939 1724 1250 1796 ἰσημερινὸν
1301 1725 1334 1796 ἠ
1393 1725 1604 1794 σελήνη.
1653 1720 1785 1778 Οἶδα

223 1818 439 1870 πλεῖστα
473 1817 571 1869 καὶ
605 1816 735 1870 ἄλλα
784 1815 920 1886 πρὸς
973 1815 1149 1869 αὐτῶν
1174 1815 1456 1886 λεγόμενα,
1496 1817 1648 1870 τοῦτο
1685 1817 1782 1887 μὲν

220 1908 430 1972 πιθανὰ,
464 1907 629 1961 τοῦτο
666 1907 720 1960 δὲ
758 1905 898 1960 κατὰ
924 1906 1018 1970 τὰς
1048 1907 1312 1978 κυριακὰς
1349 1907 1644 1971 ἀποδείξεις
1668 1907 1776 1978 (66)

222 1998 505 2066 προϊόντα,
547 1996 619 2048 δι’
666 1989 740 2048 ὧν
801 1995 1149 2066 παριστάνειν
1196 1997 1486 2066 πειρῶνται
1531 1997 1626 2068 τὴν
1683 1996 1778 2051 τοῦ

220 2089 400 2159 Πάσχα
445 2089 542 2142 καὶ
593 2088 700 2140 τῶν
746 2088 968 2158 ἀζύμων
1013 2088 1202 2160 ἑορτὴν
1245 2089 1352 2142 δεῖν
1404 2091 1617 2154 πάντως
1664 2091 1777 2162 μετ’

225 2179 496 2249 ἰσημερίαν
540 2178 804 2247 ἄγεσθαιο
852 2177 1087 2249 παρίημι
1128 2178 1184 2232 δὲ
1227 2178 1325 2243 τὰς
1373 2181 1622 2244 τοιαύτας
1672 2181 1778 2234 τῶν

221 2272 534 2338 ἀποδείξεων
580 2273 711 2336 ὔλας
756 2273 1033 2327 ἀπαιτῶν·
1070 2268 1113 2340 ᾧ
1145 2271 1256 2344 (67)
1307 2273 1632 2346 περιῄρηται
1683 2275 1778 2344 μὲν

222 2367 276 2418 τὸ
303 2366 390 2417 ἐπὶ
411 2363 504 2418 τοῦ
531 2366 816 2429 Μωῡσέως
845 2365 992 2436 νόμῳ
1018 2365 1296 2436 κάλυμμα,
1332 2365 1780 2437 ἀνακεκαλυμμέ-

221 2474 289 2526 νῳ
316 2456 368 2509 δὲ
398 2455 474 2526 τῷ
510 2456 792 2527 προσώπῳ
823 2456 1004 2510 λοιπὸν
1029 2457 1127 2528 ἤδη
1157 2458 1387 2529 Χριστὸν
1414 2460 1504 2512 καὶ
1541 2459 1610 2513 τὰ
1643 2461 1776 2528 Χρι-

227 2547 335 2600 στοῦ
358 2549 440 2600 ἀεὶ
469 2546 930 2617 κατοπτρίζεσθαι
955 2547 1250 2620 μαθήματά
1271 2567 1328 2602 τε
1348 2551 1440 2603 καὶ
1461 2551 1774 2622 παθήματα.

223 2639 317 2692 Τοῦ
358 2640 413 2692 δὲ
444 2639 534 2692 τὸν
583 2639 796 2712 πρῶτον
834 2641 963 2711 παρ’
1009 2641 1279 2712 Ἑϐραίοις
1317 2641 1459 2712 μῆνα
1499 2644 1625 2714 περὶ
1661 2646 1780 2712 ἰσηο

228 2729 402 2799 μερίαν
425 2724 594 2795 εἶναι,
630 2731 1007 2800 παραστατικὰ
1033 2731 1126 2783 καὶ
1158 2731 1224 2783 τὰ
1259 2733 1315 2784 ὲν
1348 2731 1430 2802 τῷ
1473 2731 1640 2803 Ἑνὼχ
1665 2733 1777 2802 (68)

228 2819 522 2890 μαθήματα.
550 2839 575 2872 ι
638 2821 748 2873 Καὶ
793 2821 1159 2893 ἀριθμητικὰς
1211 2823 1265 2876 δὲ
1321 2823 1705 2878 καταλέλοιπεν
1752 2827 1779 2877 ὁ

227 2913 371 2976 αὐτὸς
414 2915 467 2965 ὲν
508 2913 658 2976 ὅλοις
698 2912 829 2966 δέκα
863 2914 1285 2985 συγγράμμασιν
1318 2915 1620 2984 εἰσαγωγὰς
1649 2914 1776 2985 (69),

228 3005 308 3058 καὶ
335 3005 462 3059 ἄλλα
492 3005 767 3076 δείγματα
793 3006 891 3076 τῆς
925 3007 1050 3077 περ).
1078 3007 1144 3060 τὰ
1168 3005 1285 3059 θεῖα
1307 3007 1500 3077 σχολῆς
1529 3025 1586 3059 τε
1616 3006 1777 3060 αὐτοῦ

230 3095 310 3147 καὶ
335 3094 707 3167 πολυπειρίας.
734 3096 919 3167 Τούτῳ
964 3096 1176 3167 πρῶτος
1205 3099 1233 3150 ό
1265 3097 1362 3167 τῆς
1409 3097 1777 3152 Παλαιστινῶν

229 3186 537 3258 Καισαρείας
565 3188 860 3252 ἐπίσκοπος
889 3188 1205 3254 Θεότεκνος,
1241 3193 1426 3261 χεῖρας
1451 3191 1529 3254 εἰς
1561 3191 1780 3244 ἐπισκο-

230 3278 325 3346 πὴν
354 3278 684 3343 ὲπιτέθεικε,
719 3279 961 3350 διάδοχον
990 3279 1183 3335 ἑαυτοῦ
1220 3279 1356 3352 μετὰ
1397 3279 1648 3352 τελευτὴν
1680 3298 1778 3335 πο-

234 3370 441 3440 ριεῖσθαι
467 3374 532 3443 τῇ
581 3370 684 3442 ἰδία
718 3372 976 3443 παροικίᾳ
1002 3370 1392 3442 προμνώμενος
1415 3371 1546 3444 (70).
1580 3373 1689 3426 Καὶ
1715 3371 1781 3446 δὴ

233 3461 314 3514 ἐπὶ
339 3463 565 3536 σμικρόν
590 3480 709 3516 τινα
731 3464 918 3534 χρόνον
938 3465 1104 3535 ἄμφω
1128 3464 1226 3534 τῆς
1250 3464 1417 3534 αὐτῆς
1436 3462 1781 3536 προῦστησαν

243 3553 537 3624 Ἐκκλησίας
556 3555 694 3624 (71)·
728 3553 864 3608 ἀλλὰ
912 3554 1020 3623 γὰρ
1059 3554 1149 3608 ἐπὶ
1187 3554 1284 3626 τὴν
1326 3555 1649 3626 Ἀντιόχειαν
1684 3555 1782 3626 τῆς

233 3645 357 3698 κατὰ
385 3647 600 3700 Παύλου
631 3648 846 3708 συνόδου
877 3646 1165 3719 καλούσης,
1195 3648 1293 3718 τὴν
1310 3647 1614 3700 Λαοδικέων
1635 3646 1784 3700 πόλιν

236 3735 422 3807 παριὼν
440 3737 548 3809 (Ἰῖ)
595 3735 733 3808 πρὸς
777 3739 884 3790 τῶν
925 3737 1168 3806 ἀδελφῶν
1203 3736 1388 3792 αὐτόοι
1431 3737 1784 3808 κοιμηθέντος

303 3932 404 4004 (66)
475 3932 775 4003 Κυριακὰς
827 3933 1215 4004 ἀποδείξεις,
1257 3933 1774 4002 Christophorsonus

239 4003 384 4077 vertit
411 4017 571 4077 ratas.
599 4007 727 4077 WSic
764 4005 945 4077 κυρίαι
987 4005 1134 4070 δόξαι
1170 4003 1420 4077 dicuntur
1465 4019 1495 4057 a
1551 4004 1774 4060 Gl‘tBCiS.

239 4071 442 4126 Rufinus
468 4075 814 4128 validissimas
834 4071 1142 4127 assertione:
1175 4075 1358 4127 vertit.

297 4143 397 4213 (67)
434 4144 589 4213 Vulg.
619 4145 770 4210 ὕλας
794 4145 894 4198 ἀπ’
917 4134 1232 4213 αὺτῶνῶν.
1259 4142 1683 4213 Nostriquinque
1700 4159 1784 4196 co-

241 4208 492 4282 dices'uuo
520 4208 788 4268 c'onsensiu
824 4214 1080 4282 scriptun:
1120 4212 1318 4267 habent
1359 4208 1489 4276 ὕλας
1513 4208 1780 4269 ἀπαιτῶν.

243 4280 333 4352 Sed
351 4285 397 4336 in
421 4278 604 4338 codice
635 4283 802 4352 Regio
815 4278 1000 4338 eadem
1026 4298 1182 4335 manu
1206 4282 1514 4352 adnotatur,
1539 4283 1785 4336 scriben-

183 4361 188 4367 '
242 4351 351 4404 dum
390 4367 504 4407 esse
545 4354 645 4406 ἀπ’
699 4351 898 4406 αὐτῶν.
947 4353 1106 4406 Certe
1160 4353 1254 4404 ἀπ’
1291 4351 1469 4404 αὐτῶν
1506 4351 1784 4418 legendum

241 4434 366 4485 esse,
395 4439 456 4492 ex
484 4425 840 4492 sequentibus
875 4432 1118 4488 apparet.
1151 4420 1272 4475 Nisi
1289 4423 1431 4492 enim
1460 4422 1534 4476 ita
1566 4423 1781 4492 legeris,

243 4505 337 4553 quo
355 4483 576 4564 'referes'
595 4508 669 4564 ea
711 4509 828 4559 qua;
864 4483 1164 4564 seqttuntur
1189 4492 1351 4546 verba
1393 4483 1468 4564 ὧν
1521 4483 1786 4564 περῖῄρηὲ

240 4574 336 4619 ται,
367 4573 466 4615 etc.
499 4561 606 4616 Sed
648 4577 814 4625 nunc,
836 4577 893 4615 re
941 4562 1217 4626 attentius
1247 4562 1554 4616 examinata
1581 4561 1604 4626 ,’
1644 4561 1785 4616 scri-

241 4627 451 4702 bendum
485 4647 680 4686 censeo
713 4632 844 4695 ὔλας
883 4631 1158 4685 ἀπαιτῶν·
1183 4625 1227 4699 ᾧ
1259 4630 1627 4702 περιῄρηται,
1679 4643 1784 4687 etc.

244 4694 460 4771 ldqueet
489 4716 683 4771 sensus
713 4712 766 4755 et
794 4694 1089 4771 svntaxeos
1119 4694 1256 4756 ratio
1285 4694 1542 4769 postulat.

303 4768 404 4839 (68)
451 4771 544 4824 Ἐν
565 4770 645 4835 τῷ
687 4768 892 4839 Ἑνώχ.
932 4771 1090 4826 Liber
1124 4768 1306 4826 Enoch
1335 4774 1533 4825 citatur
1566 4785 1595 4824 a
1652 4769 1785 4824 Juda

242 4833 288 4914 in
319 4833 536 4906 Epistola
576 4833 871 4914 canonica:
918 4841 1051 4894 Erat
1091 4842 1232 4914 liber
1259 4841 1639 4909 apocryphus,
1684 4856 1788 4914 nec

245 4910 372 4960 inter
401 4911 686 4976 canonicos
739 4910 1086 4965 Hebraeorum
1142 4911 1310 4965 libros
1356 4919 1625 4977 receptus.
1680 4910 1787 4962 Sed

158 4978 162 4985 '
248 4982 405 5031 tamen
430 4982 677 5047 apostoli,
716 4996 1012 5048 eorumque
1039 4982 1290 5048 exemplo
1324 4980 1532 5048 antiqui
1576 4980 1784 5041 Patres,

249 5048 530 5121 testimonia
563 5065 628 5104 ex
653 5053 980 5120 apocryphis
1006 5054 1248 5121 proferre
1280 5066 1387 5103 non
1434 5050 1784 5121 dubitarunt;

248 5127 300 5166 ea
334 5118 529 5187 scilicet
559 5136 676 5187 qua:
705 5121 768 5172 ad
805 5118 1150 5174 tan—struendam
1185 5121 1465 5172 veritatem
1511 5119 1785 5182 facerent,

248 5195 304 5262 ett
331 5185 391 5240 iis
413 5185 689 5262 eligentes.
723 5191 856 5243 Vide
887 5190 1174 5259 Georgium
1201 5190 1508 5262 Syttcellunt
1544 5191 1594 5241 in
1622 5189 1789 5262 Chro-

249 5257 496 5376 Eico,lubi
538 5259 868 5314 luculentum
907 5257 1271 5330 fragmentum
1322 5257 1478 5312 alicrt
1526 5272 1594 5313 ex
1633 5258 1789 5313 libris

289 5337 436 5376 noct.

289 5337 436 5379 nocti.

253 5456 264 5468 ,
311 5393 826 5468 ίδθλἈριθμὴτικὰς
863 5399 1208 5468 εἰσαγωγάς.
1251 5399 1481 5452 Exstant
1528 5396 1789 5465 hodieque

252 5463 375 5540 inter
412 5463 815 5540 ,θεολογούμεναξ
857 5471 954 5540 τῆς
989 5463 1375 5540 ἀριθμητικῆς,
1431 5479 1683 5535 excerpta
1705 5463 1790 5519 τι

254 5525 636 5612 librisxAnato'lii
670 5525 1085 5612 :Inslt'tutionu'm
1115 5525 1590 5612 irritante-riemanr.

313 5600 415 5675 (70)
454 5606 888 5675 Προμνώμενος.
922 5608 976 5661 In
1011 5610 1166 5664 codd.
1200 5609 1361 5672 Med.,
1407 5605 1566 5671 Fuk.,
1588 5604 1712 5659 Sav.
1737 5612 1790 5660 et

256 5663 588 5748 illamlegi'tur
621 5663 1000 5748 προνούμενος.
1063 5663 1167 5732 Sed
1211 5663 1412 5732 rectior
1452 5663 1787 5748 est'vulgata

257 5731 415 5796 lectio.
452 5731 611 5811 quam
648 5731 1055 5818 c'odett'lteg'ius
1081 5731 1146 5804 et
1202 5731 1537 5816 Nicephorius
1590 5731 1790 5800 coitu.-

1143 6010 1162 6048 ἱ

1895 545 2108 610 solaris,
2134 555 2315 611 aut,ut
2335 549 2554 617 quidam
2585 551 2886 612 nominant,
2905 553 3110 606 zodiaci
3126 554 3311 608 circuli
3341 571 3456 623 per-

1894 637 2085 690 currit.
2112 635 2272 691 Addit
2316 648 2576 708 praeterea
2626 640 2991 707 Aristobulus,
3031 643 3084 697 in
3127 643 3454 701 celebranda

1894 728 2133 796 paschali
2164 727 2460 785 festivitate
2504 731 2814 787 necessario
2848 733 2903 787 id
2953 734 3181 802 requiri,
3230 746 3291 789 ut
3348 752 3452 790 non

1894 820 2053 874 modo
2082 819 2180 882 sol,
2235 819 2325 874 sed
2386 830 2440 876 et
2503 821 2626 876 luna
2683 835 3016 893 segmentum
3076 825 3456 893 aequinoctialo

1891 921 2191 977 percurrat.
2230 908 2362 964 Nam
2390 926 2510 982 cum
2545 914 2648 968 duo
2665 915 2770 968 sint
2811 925 3084 984 segmenta
3118 917 3456 984 aequinoctia-

1892 999 1986 1062 lia,
2017 1000 2244 1056 alterum
2271 1017 2517 1066 vernmn,
2543 1004 2773 1059 alterum
2811 1006 3148 1073 autumnale;
3181 1024 3354 1077 eaque
3384 1025 3450 1065 ex

1891 1092 2153 1146 diametro
2183 1093 2282 1147 sibi
2341 1095 2578 1149 vicissim
2637 1099 2919 1165 opposita:
2969 1114 3200 1169 cumque
3229 1111 3452 1168 quarta-

1890 1183 2095 1238 decima
2123 1185 2237 1241 dies
2261 1187 2462 1242 mensis
2488 1189 2553 1241 ad
2581 1204 2865 1259 vesperum
2898 1192 3136 1260 paschali
3178 1193 3316 1248 festo
3363 1211 3453 1249 εει

1889 1273 2095 1341 signata
2127 1275 2216 1336 sit.
2245 1275 2367 1330 luna
2393 1278 2611 1346 quidem
2650 1294 2714 1333 ex
2753 1280 2980 1336 adverso
3025 1283 3125 1336 soli
3161 1285 3447 1345 consistet.

1889 1365 2338 1431 quemadmodum
2364 1368 2546 1423 videre
2577 1380 2660 1423 est
2689 1371 2740 1423 in
2776 1371 3108 1440 pleniluniis.
3135 1376 3212 1429 Ac
3235 1375 3314 1429 sol
3341 1376 3454 1444 qui-

1890 1457 2009 1511 dem
2060 1473 2283 1512 vernum
2324 1459 2696 1526 aaqninoctiale
2759 1473 3098 1530 segmentum
3154 1467 3448 1527 obtinebit,

1889 1548 2013 1602 luna
2041 1565 2170 1604 vero
2195 1560 2529 1619 segmentum
2559 1554 2881 1609 autumnalis
2920 1556 3228 1624 aequinoctii
3261 1572 3451 1612 neces-

1887 1642 2032 1693 sario
2059 1639 2367 1710 occupabit.
2402 1641 2526 1697 Scio
2565 1652 2618 1696 et
2652 1643 2754 1696 alia
2788 1644 2957 1699 multa
3011 1646 3076 1700 ab
3120 1647 3308 1702 iisdem
3341 1657 3452 1702 tra-

1890 1730 1968 1797 di,
1993 1730 2187 1797 partim
2228 1730 2548 1798 probabilia,
2571 1733 2765 1802 partim
2785 1733 3104 1790 certissimis
3125 1734 3452 1789 demonstra-

1887 1821 2124 1876 tionibus
2151 1822 2428 1888 conclusa,
2449 1823 2645 1894 quibus
2664 1838 2722 1879 se
2749 1833 2936 1892 putant
2965 1825 3248 1880 evidenter
3265 1835 3450 1880 osten-

1882 1913 2030 1975 dere,
2049 1911 2259 1966 Pascha
2279 1921 2330 1966 et
2345 1911 2537 1967 festum
2554 1912 2878 1982 Azymorum
2895 1914 3118 1968 omnino
3133 1923 3252 1983 post
3281 1913 3453 1984 tequi-

1882 2003 2122 2056 noctium
2169 2015 2289 2057 esse
2314 2000 2723 2056 celebrandum.
2764 1999 2960 2055 Verum
2989 2001 3293 2070 hujusmodi
3354 2001 3452 2055 de-

1882 2093 2335 2147 monstrationem
2407 2093 2616 2161 copiam
2686 2093 2908 2160 exigere
2969 2093 3449 2161 praetermittimus,

1878 2185 2073 2252 quibus
2123 2181 2366 2238 velamen
2408 2181 2653 2262 Mosaicae
2713 2183 2849 2252 legis
2897 2184 3132 2238 ablatum
3199 2194 3282 2240 est
3331 2201 3345 2239 :
3395 2194 3450 2240 et

1877 2274 2072 2341 quibus
2095 2274 2330 2329 revelata
2354 2273 2464 2343 jam
2487 2273 2625 2329 facie
2671 2275 2953 2330 Christum
2984 2274 3298 2344 Christique
3345 2278 3443 2330 do-

1880 2366 2110 2419 ctrinam
2149 2373 2199 2419 et
2227 2365 2538 2435 passionem
2576 2375 2832 2436 tanquam
2867 2366 2919 2418 in
2946 2367 3164 2435 speculo
3197 2368 3450 2436 deinceps

1882 2455 2074 2509 intueri
2113 2455 2256 2508 licet.
2297 2455 2558 2509 Caeterum
2611 2457 2840 2524 primum
2877 2470 3116 2511 mensem
3165 2456 3305 2525 apud
3344 2457 3441 2513 lle-

1879 2551 2051 2604 brreos
2099 2549 2244 2604 circa
2291 2549 2670 2617 aequinoctium
2713 2547 2953 2618 incipere
2996 2547 3281 2604 manifeste
3321 2565 3445 2604 con-

1879 2641 2135 2706 vincitur,
2168 2639 2252 2694 vel
2283 2639 2442 2695 exiis
2475 2639 2756 2710 praeceptis
2796 2654 2916 2708 quae
2944 2638 2995 2692 in
3036 2639 3173 2693 libro
3227 2638 3447 2694 Henoch

1881 2733 2152 2803 legttnlur.
2200 2731 2341 2786 Idem
2394 2746 2556 2801 porro
2606 2730 2886 2785 Anatolius
2948 2731 3111 2786 etiam
3154 2731 3336 2785 decem
3381 2732 3451 2786 li-

1881 2829 2006 2880 bros
2053 2824 2442 2878 institutionum
2487 2822 2986 2891 arithmeticarnm,
3034 2823 3200 2877 multa
3239 2829 3469 2894 quoque

1882 2917 1983 2971 alia
2017 2931 2127 2970 sua:
2163 2915 2215 2969 in
2266 2913 2439 2969 sacris
2472 2911 2695 2968 Litteris
2726 2913 3016 2985 diligentia:
3048 2925 3214 2984 atque
3253 2916 3452 2971 doctri-

1883 3025 1964 3064 na:
1996 3007 2162 3078 288
2207 3013 2555 3060 monumenta
2591 3005 2747 3060 nobis
2815 3007 3051 3074 reliquit.
3093 3006 3231 3062 Huic
3276 3008 3450 3062 Theo-

1805 3133 1852 3195 c
1884 3109 2092 3163 tecnus,
2120 3096 2383 3152 Caesarea:
2439 3093 2735 3148 Palaestina
2769 3096 3075 3165 episcopus,
3099 3097 3304 3166 primus
3338 3111 3452 3151 ma-

1884 3208 1986 3248 nus
2012 3190 2286 3260 imposuit,
2332 3202 2563 3258 eumque
2612 3189 2923 3257 episcopum
2975 3188 3248 3242 ordinavit
3281 3208 3296 3244 :
3326 3203 3450 3243 suc-

1885 3296 2156 3340 cessarem
2201 3281 2347 3335 illum
2405 3279 2661 3334 Ecclesiae
2711 3295 2822 3334 suae
2874 3279 3230 3350 despondeas.
3277 3281 3451 3334 Ambo

1885 3386 2036 3431 certe
2084 3372 2483 3443 aliquantisper
2526 3371 2770 3427 eamdem
2813 3370 3100 3426 ecclesiam
3151 3369 3311 3425 simul
3353 3386 3450 3439 gu-

1885 3465 2202 3519 bernarunt.
2236 3462 2431 3518 Postea
2460 3476 2588 3516 vero
2613 3477 2734 3516 cum
2761 3477 2885 3516 eum
2917 3462 3158 3533 synodus
3183 3463 3450 3519 adversus

1885 3554 2110 3610 Paulum
2146 3564 2471 3623 congregata
2507 3553 2847 3607 Antiochiam
2889 3561 3191 3620 evocasset,
3219 3569 3316 3624 per
3353 3569 3448 3608 ur—

1885 3645 2010 3700 bem
2045 3643 2365 3700 Laodiceam
2395 3645 2500 3698 iter
2530 3644 2760 3708 faciens,
2791 3658 2820 3696 a
2853 3643 3119 3700 fratribus
3159 3645 3304 3699 illius
3342 3645 3449 3701 loci

1884 3747 2101 3792 mortuo
2127 3745 2252 3790 tunc
2278 3735 2513 3791 Eusebio
2552 3735 2805 3790 detentus
2833 3745 2936 3790 est.
2964 3735 3227 3794 Defuncto
3255 3737 3450 3793 deinde

1881 3942 2052 3988 mant.
2085 3934 2222 3998 Quin
2257 3932 2420 3987 etiam
2459 3931 2512 3984 in
2548 3931 2732 3985 codice
2767 3931 2934 3999 Regio
2964 3931 3064 3985 hoc
3086 3931 3349 3988 scholium
3379 3935 3444 3988 ad

1884 4009 2181 4072 marginem
2213 4004 2404 4072 legitur
2436 4020 2448 4054 :
2478 3999 2751 4072 προξενῶν
2774 4001 3258 4072 προμνηστεύεται.

1957 4069 2036 4144 (TI
2049 4080 2067 4143 _)
2091 4075 2156 4126 'A
2158 4091 2200 4142 μ
2206 4069 2294 4141 5:0)
2321 4071 2430 4139 τῆς
2447 4069 2636 4138 αὐτῆς
2656 4087 2766 4138 προ
2778 4069 3052 4141 ὕὰτήσὶιν
3067 4072 3447 4144 Ἐκκλησίας.

1885 4142 1942 4196 In
1969 4142 2173 4196 'cotlice
2226 4144 2359 4196 Maz.
2399 4145 2510 4195 haec
2537 4151 2792 4194 notantur
2830 4144 2894 4195 ad
2948 4143 3242 4211 marginem
3282 4160 3295 4196 :
3327 4144 3450 4206 Πῶς

1887 4214 1980 4284 καὶ
2013 4213 2244 4266 ἐνταῦθα
2277 4212 2726 4284 μίαςγὲπισκοπῆς
2754 4211 2848 4284 δύο
2881 4209 3245 4284 προῦστησαν.
3268 4213 3322 4267 ld
3347 4226 3447 4284 est,

1897 4282 2026 4336 Vide
2053 4279 2314 4351 quomodo
2354 4283 2515 4335 etiam
2558 4281 2640 4334 [sic
2673 4279 2764 4335 imi
2793 4279 3044 4336 Ecclesia:
3085 4279 3189 4335 duo
3223 4282 3450 4349 praefue-

1890 4362 2014 4406 runt
2057 4353 2307 4422 episcopi.
2348 4351 2599 4418 lntelligit
2638 4363 2815 4422 autem
2860 4353 3179 4406 sclmliastes
3224 4354 3451 4405 Alexan-

1889 4421 2094 4487 drum,
2142 4423 2234 4491 qui
2301 4437 2404 4475 una
2461 4438 2584 4477 cum
2645 4421 2896 4476 Narcisso
2958 4422 3449 4490 Hierosolymorum

1889 4494 2170 4560 episc0pus
2219 4492 2339 4556 fttit,
2402 4501 2459 4546 ut
2498 4492 2552 4545 in
2591 4491 2729 4546 libro
2761 4507 2813 4546 tv
2879 4503 3108 4549 testatur
3166 4491 3446 4546 Eusebius.

1891 4562 2014 4616 llaec
2072 4572 2199 4615 sunt
2248 4561 2612 4616 vetustissima
2655 4561 2895 4631 exempla
2944 4562 3340 4631 coadjutnrum,
3392 4571 3450 4615 ut

1890 4647 2034 4686 nunc
2057 4640 2278 4695 vocant,
2303 4634 2697 4702 episcoporum.
2745 4630 2845 4697 Qui
2896 4630 3116 4702 cunt-ad
3153 4631 3445 4685 sublevan-

1891 4705 2013 4754 dam
2074 4702 2445 4770 episcoporum
2489 4700 2843 4756 senectutem
2908 4700 3145 4754 instituti
3215 4702 3448 4768 primum

1891 4772 2144 4836 fuissent,
2184 4787 2242 4825 re
2264 4781 2447 4836 postea
2487 4771 2538 4823 in
2589 4771 3036 4824 consuetudinem
3072 4785 3250 4830 versa,
3305 4771 3448 4822 nulla

1889 4843 2222 4894 necessitate
2251 4842 2300 4893 id
2335 4841 2605 4909 exigente,
2639 4855 2736 4908 per
2762 4841 2984 4906 gratiam
3021 4850 3075 4894 et
3101 4839 3450 4894 ambitionem

1889 4911 2064 4964 creari
2092 4925 2326 4976 cmpere,
2357 4913 2442 4964 cui
2478 4909 2638 4974 malo,
2659 4925 2727 4962 ne
2752 4909 2960 4979 longius
2991 4919 3254 4977 serperet,
3278 4925 3452 4964 reme-

1892 4981 2035 5034 dium
2071 4981 2299 5034 attulere
2326 4979 2510 5033 Patres
2540 4980 2754 5033 concilii
2785 4977 3144 5033 Sa'rdicensis.

1961 5049 2070 5121 (7‘2)
2111 5048 2444 5121 Λαοδικέων
2468 5051 2648 5103 πόλιν
2674 5047 2918 5116 παριών.
2952 5049 3095 5103 Idem
3124 5049 3192 5121 de
3221 5048 3451 5121 Eusebio

1889 5118 2255 5173 Alexandrino
2304 5120 2488 5174 retulit
2539 5121 2802 5173 Eusebius
2857 5121 2911 5172 in
2968 5118 3233 5187 principio
3293 5119 3451 5185 hujus

1893 5190 2120 5259 capitis:
2157 5189 2308 5260 illum
2344 5189 2716 5260 scilicettcun}
2758 5190 2822 5242 ad
2861 5190 3121 5260 synodum
3155 5189 3450 5260 Antioche-

1891 5257 2015 5312 nam
2077 5275 2194 5328 quae
2247 5259 2510 5313 adversus
2582 5257 2802 5312 Paulum
2863 5257 3190 5329 congregata
3243 5259 3447 5329 fuerat,

1890 5326 2165 5398 profect—us
2190 5339 2370 5392 esset,
2404 5330 2457 5382 in
2490 5331 2663 5382 reditu
2704 5326 2990 5398 exceptum
3026 5343 3152 5398 esse
3186 5344 3216 5380 a
3248 5326 3446 5398 Laodi-

1892 5395 2166 5463 censibus,
2220 5399 2445 5466 ejusque
2499 5399 2603 5452 loci
2654 5395 2964 5466 episcopum
3017 5396 3239 5466 factum.
3299 5395 3449 5451 Nunc

1893 5484 2022 5522 vero
2052 5471 2194 5523 idem
2222 5465 2412 5522 scribit
2451 5467 2519 5522 de
2553 5465 2805 5521 Anatolio
2830 5465 3010 5534 {quod
3051 5465 3192 5518 nulla
3242 5468 3451 5519 ratione

1892 5539 2106 5592 defendi
2146 5552 2306 5607 posse
2341 5537 2468 5590 mihi
2495 5537 2727 5591 videtur.
2757 5538 2908 5602 Quod
2937 5536 2979 5589 si
3007 5535 3127 5602 quis
3151 5535 3316 5607 dicat,
3344 5537 3447 5588 Eu-

1891 5609 2102 5662 sebium
2125 5603 2308 5676 paucis
2339 5607 2525 5662 diebus
2567 5615 2688 5676 post
2725 5607 3119 5676 ordinationem
3164 5603 3273 5657 fatu
3322 5607 3450 5676 futt-

1893 5686 2038 5730 ctum
2076 5675 2278 5743 fuisse,
2304 5677 2462 5744 eique
2509 5675 2818 5730 Anatolium
2859 5675 3148 5730 succedere
3189 5675 3446 5743 potuisse,

1895 5748 2277 5824 auctoritatem
2296 5745 2608 5816 Hieronymi
2637 5747 2686 5802 ei
2712 5758 3074 5813 opponemus,
3123 5745 3213 5814 qui
3243 5759 3384 5800 anno
3407 5761 3444 5799 tt
