3928 6252
424 362 529 421 ’151

1132 358 1403 416 EUSEBII
1437 358 1912 417 CES‘ARIENSIS
1947 360 1987 416 Ο

2092 398 2097 413 .
2136 357 2320 415 PARS
2353 359 2398 415 ι.
2430 334 2509 402 ’-
2542 358 2928 418 msromes.

3544 358 3669 417 752-

426 474 704 543 Anatolio,
728 481 1031 545 postremus
1061 481 1187 528 ante
1233 473 1661 544 persecutionem
1703 471 1987 541 episcopus

2092 470 2344 524 Εὐσεϐίου
2372 471 2728 543 κεκράτηται,
2757 468 2967 525 καὶτοῦ
3007 434 3303 525 Ἀνατολίου
3335 467 3393 523 δὲ
3419 468 3508 525 τδν
3535 470 3655 542 βίον

427 569 667 638 ejusdem
713 565 956 621 ecclesiae
988 564 1163 619 factus
1185 573 1268 619 est
1302 561 1646 632 Stephanus;
1686 563 1769 616 vir
1816 560 1983 632 philo-

428 660 630 730 sophiae
653 658 868 727 quidem
914 666 967 711 et
994 656 1305 713 Graecarum
1367 654 1768 724 disciplinarum
1820 667 1987 708 causa

428 765 675 821 magnam
704 748 843 818 apud
880 748 1076 802 multos
1122 747 1346 817 gloriam
1397 754 1718 800 consecutus
1752 762 1767 799 :
1804 757 1986 797 verum

425 852 550 910 erga
584 839 742 894 ﬁdem
777 837 982 894 Christi
1032 837 1174 892 haud
1204 836 1426 906 perinde
1481 836 1665 889 animo
1718 833 1985 888 allectus:

426 930 880 1001 quemadmodum
935 930 1256 1000 procedente
1305 928 1703 999 persecutionis
1748 937 1990 997 tempore

427 1019 714 1076 manifeste
744 1019 1071 1074 declaratum
1099 1029 1203 1086 est,
1230 1034 1336 1088 quo
1363 1020 1650 1075 simulator
1678 1021 1879 1089 potius,
1936 1028 1992 1073 et

425 1110 654 1180 ignavus
691 1118 854 1183 atque
906 1111 1158 1176 imbellis,
1212 1127 1371 1181 quam
1421 1127 1584 1166 verus
1639 1111 1990 1180 philosophus

426 1196 695 1272 apparuit.
718 1203 785 1257 At
818 1218 921 1258 non
946 1199 1152 1258 idcirco
1184 1203 1388 1258 ruitura
1418 1214 1536 1257 erat
1563 1203 1822 1259 Ecclesia.
1856 1199 1989 1255 Nam

426 1295 688 1350 continuo
719 1309 839 1351 eam
864 1295 1099 1350 restituit
1124 1304 1285 1364 atque
1317 1295 1646 1372 instauravit
1702 1295 1991 1364 episcopus

427 1385 572 1441 sedis
597 1385 740 1442 illius
771 1387 839 1441 ab
866 1387 985 1457 ipso
1028 1387 1271 1442 omnium
1301 1387 1590 1443 Servatore
1621 1386 1729 1442 Deo
1768 1385 1986 1442 ordina—

430 1485 516 1532 tus
544 1476 896 1533 Theodotus:
925 1479 1014 1549 qui
1050 1479 1289 1533 nominis
1318 1478 1397 1532 sui
1435 1488 1489 1533 et
1525 1477 1845 1548 episcopalis
1884 1476 1994 1531 olli-

427 1566 497 1620 cii
526 1567 810 1622 veritatem
856 1569 1021 1624 rebus
1079 1570 1211 1638 ipsis
1266 1570 1531 1625 exhibuit.
1587 1571 1665 1625 Ac
1713 1568 1993 1624 medicinae

427 1657 644 1727 quidem
675 1673 795 1730 quae
835 1659 887 1714 in
911 1662 1237 1730 corporibus
1280 1662 1536 1715 curandis
1575 1660 1843 1725 consistit,
1875 1675 1992 1716 om-

427 1748 577 1803 nium
602 1748 719 1804 sine
748 1750 1121 1804 controversia
1140 1750 1508 1820 peritissimus
1533 1750 1635 1806 fuit
1663 1766 1678 1804 :
1710 1751 1763 1805 in
1788 1752 1991 1805 anima-

428 1854 549 1893 rum
579 1849 758 1895 autem
797 1841 1114 1905 curatione,
1150 1841 1352 1896 nullum
1409 1842 1513 1897 sibi
1543 1857 1723 1913 parem
1778 1843 1989 1903 habuit.

430 1929 605 1985 Tanta
641 1943 760 1986 erat
805 1931 1040 1986 hominis
1090 1933 1420 1998 humanitas,
1462 1934 1750 1989 sinceritas
1799 1935 1989 2001 animi,

427 2022 708 2078 miseratio
770 2033 829 2078 et
879 2024 1114 2078 studium
1161 2024 1212 2077 in
1266 2022 1584 2093 adjuvandis
1621 2024 1691 2079 iis
1746 2026 1836 2095 qui
1890 2041 1993 2095 ope

428 2112 597 2182 ipsius
629 2112 955 2183 indigerent.
979 2112 1122 2167 ldem
1155 2113 1208 2167 in
1236 2114 1429 2168 divinis
1469 2114 1770 2185 disciplinis
1800 2119 1992 2170 admo-

428 2201 554 2255 dum
590 2203 913 2256 exercitatus
942 2200 1061 2258 fuit.
1090 2202 1155 2257 Et
1197 2203 1503 2272 hujusmodi
1536 2205 1750 2273 quidem
1782 2207 1994 2261 exstitit

428 2293 755 2349 Theodotus.
788 2294 942 2364 Apud
977 2293 1275 2350 Czcsaream
1343 2311 1471 2350 vero
1521 2295 1822 2353 Palaestina).
1873 2307 1994 2369 post

426 2383 630 2438 obitum
660 2384 975 2448 Theotecni,
1008 2386 1096 2455 qui
1133 2385 1422 2440 Ecclesiam
1454 2387 1600 2442 illam
1627 2404 1834 2443 summa
1866 2405 1990 2445 cum

426 2491 555 2530 cura
599 2477 1010 2547 gubernaverat,
1057 2478 1323 2532 successit
1370 2479 1624 2548 Agapius.
1656 2480 1824 2547 Quem
1872 2484 1992 2552 qui-

426 2567 550 2621 dem
577 2568 867 2637 plurimum
899 2570 1061 2622 etiam
1092 2568 1389 2633 laborasse,
1413 2580 1467 2625 et
1493 2573 1673 2642 populi
1709 2573 1794 2626 cui
1823 2588 1993 2643 praee-

429 2667 517 2713 rat
544 2659 843 2715 commodis
880 2660 1109 2729 benigne
1148 2662 1508 2732 consuluisse,
1555 2673 1883 2734 cunctosque
1928 2680 1993 2721 ac

425 2753 728 2824 prtesertim
762 2768 1026 2823 pauperes
1054 2753 1386 2809 liberalitate
1428 2770 1520 2809 sua
1554 2757 1865 2811 sublevasse
1899 2772 1992 2812 no-

426 2843 624 2898 vimus.
656 2842 826 2912 Hujus
849 2856 1088 2912 tempore
1109 2844 1470 2914 Pamphilum,
1494 2847 1667 2900 virum
1698 2849 1995 2903 disertissi-

426 2947 597 2998 mum,
623 2932 841 3002 vitaque
868 2942 923 2986 et
951 2932 1202 3000 operibus
1237 2949 1360 2987 vere
1394 2935 1893 3006 philosophantem,
1935 2938 1988 2991 in

426 3026 615 3079 eadem
649 3026 879 3080 ecclesia
909 3025 1143 3081 vidimus
1183 3026 1485 3096 presbyteri
1535 3028 1736 3082 honore
1766 3029 1990 3084 decora-

2091 562 2535 632 μεταλλάξαντος,
2579 563 2680 634 τῆς
2725 564 2902 617 ἐκεῖσε
2947 562 3236 634 παροικίας
3272 561 3500 627 ὕστατος
3541 563 3656 617 τῶν

2088 651 2195 723 πρὸ
2219 652 2312 706 τοῦ
2349 652 2585 724 διωγμοῦ
2624 654 2944 708 καθίσταται
2983 654 3277 724 Στέφανος·
3327 652 3503 723 λόγων
3551 655 3656 726 μὲν

2089 743 2388 813 φιλοσόφων
2435 744 2530 797 καὶ
2579 745 2677 816 τῆς
2722 743 2889 816 ἄλλης
2939 744 3069 817 παρ’
3110 743 3333 817 Ἕλλησι
3378 743 3655 810 παιδείας,

2089 834 2239 906 παρὰ
2254 838 2365 900 τοῖς
2382 836 2593 900 πολλοῖς
2607 835 2961 906 θαυμασθεὶς,
2979 837 3076 907 οὐχ
3094 834 3292 907 ὁμοίιος
3314 852 3377 905 γε
3411 836 3517 908 μὴν
3535 836 3653 907 (75)

2089 927 2218 1000 περὶ
2259 929 2357 1000 τὴν
2402 928 2552 982 θείαν
2596 927 2775 981 πίστιν
2817 927 3233 998 διατεθειμένος,
3275 925 3351 990 ὡς
3391 926 3657 998 προῖὼνὸ

2088 1020 2182 1074 τοῦ
2214 1020 2450 1091 διωγμοῦ
2501 1021 2690 1090 καιρὸς
2722 1019 3047 1092 ἀπήλεγξεν,
3089 1019 3286 1092 εἴρωνα
3317 1018 3514 1090 μᾶλλον
3544 1019 3656 1072 δει-

2089 1110 2178 1164 λόν
2207 1128 2268 1164 τε
2303 1112 2395 1165 καὶ
2431 1112 2705 1184 ἄνανδρον,
2741 1113 2883 1184 ἥπερ
2911 1110 3085 1183 ἀληθῆ
3121 1109 3403 1181 φιλόσοφον
3437 1109 3658 1164 ἀποδεί-

2092 1201 2187 1268 ξας
2217 1203 2307 1257 τὸν
2339 1204 2524 1276 ἄνδρα.
2560 1206 2635 1258 Οὐ
2681 1203 2785 1276 μὴν
2822 1204 2914 1256 ἐπὶ
2951 1203 3124 1274 τούτῳ
3150 1220 3215 1272 γε
3256 1203 3656 1275 καταστρέφειν

2090 1292 2289 1366 ἤμελλε
2336 1294 2404 1347 τὰ
2455 1295 2559 1364 τῆς
2609 1294 2954 1366 Ἐκκλησίας,
3014 1292 3329 1365 ἀωρθοῦται
3385 1293 3432 1347 δ’
3488 1293 3655 1360 αὐτὰ,

2091 1386 2226 1459 πρὸς
2269 1385 2433 1441 αὑτοῦ
2479 1385 2614 1439 Θεοῦ
2654 1385 2747 1439 τοῦ
2790 1386 3005 1440 πάντων
3049 1384 3298 1455 Σωτῆρος
3319 1383 3429 1455 (74)
3458 1384 3655 1438 αὐτίκα

2088 1480 2186 1551 τῆς
2212 1479 2396 1533 αὐτόθι
2437 1479 2725 1548 παροικίας
2755 1479 3048 1540 ἐπίσκοπος
3082 1476 3433 1547 ἀναδειχθεὶς,
3468 1476 3654 1530 35660-

2089 1586 2201 1634 τος,
2234 1570 2549 1640 πράγμασιν
2573 1570 2754 1632 αὐτοῖς
2781 1569 2919 1641 ἀνὴρ
2947 1569 3041 1622 καὶ
3068 1567 3128 1621 τὸ
3160 1567 3346 1639 κύριον
3367 1569 3537 1641 ὄνομα
3559 1568 3655 1621 καὶ

2088 1660 2180 1713 τὸν
2215 1639 2506 1712 ἐπίσκοπον
2536 1639 2928 1729 ἐπαληθεύσας.
2976 1655 3245 1728 ’ἰατρικῆς
3279 1656 3376 1727 μὲν
3410 1639 3519 1728 ίγὰρ
3546 1672 3647 1708 σω-

2095 1753 2276 1824 μάτων
2314 1752 2617 1824 ἀπεφέρετο
2657 1751 2726 1805 τὰ
2757 1749 2947 1823 πρῶτα
2973 1751 3074 1822 τῆς
3105 1750 3433 1821 ἐπιστήμης,
3468 1749 3654 1820 ψυχῶν

2089 1847 2147 1901 δὲ
2170 1844 2585 1919 θεραπυτικῆς,
2603 1838 2712 1908 οἷος
2732 1843 2851 1897 οὐδὲ
2872 1841 3027 1906 ἄλλος
3046 1841 3344 1914 ἀνθρώπων
3369 1841 3654 1913 ἐτύγχανε,

2092 1938 2522 2008 φιλανθρωπίας,
2564 1936 2944 2007 γνησιότητος,
2989 1932 3363 2004 συμπαθείας,
3418 1931 3656 2002 σπουδῆς

2080 2030 2191 2100 τῆς
2215 2028 2323 2082 τῶν
2354 2032 2478 2100 παρ’
2515 2027 2675 2081 αὐτοῦ
2719 2026 2987 2097 δεομένων
3016 2024 3128 2095 (75)
3155 2023 3420 2093 ὠφελείας
3445 2023 3654 2076 ἕνεκεν.

2090 2119 2231 2172 Πολὺ
2260 2118 2315 2171 δὲ
2340 2114 2406 2190 ἦν
2434 2117 2577 2188 αὐτῷ
2607 2118 2699 2171 κει)⁵
2724 2116 2785 2169 τὸ
2812 2115 2939 2186 περὶ¹
2964 2114 3034 2168 τὰ
3058 2114 3174 2168 θεῖα
3208 2113 3508 2185 μαθήματα
3529 2130 3659 2165 συν-

2090 2209 2413 2280 ησκημένον.
2458 2203 2622 2271 Οὗτος
2666 2209 2762 2278 μὲν
2807 2206 2872 2278 δὴ
2900 2205 3142 2269 τοιοῦτος
3184 2202 3269 2277 ἦν.
3312 2206 3399 2258 Ἐν
3444 2206 3662 2258 Καισα-

2094 2301 2215 2372 ρείᾳ
2243 2301 2298 2353 δὲ
2321 2301 2420 2372 τῆς
2444 2299 2804 2369 Παλαιστίνης
2832 2297 3224 2351 σπουδαιότατα
3247 2296 3538 2349 Θεότεκνον
3557 2296 3659 2368 τὴν

2091 2391 2394 2462 ἐπισκοπὴν
2433 2389 2727 2454 διελθόντα,
2774 2389 3031 2457 Ἀγάπιος
3082 2386 3410 2457 διαδέχεται·
3458 2386 3520 2439 ὃν
3563 2387 3659 2438 καὶ

2091 2481 2259 2536 πολλὰ
2312 2483 2527 2552 καμεῖν,
2582 2481 2954 2551 γνησιωτάτην
3010 2495 3069 2532 τε
3116 2478 3367 2550 πρόνοιαν
3414 2476 3517 2547 τῆς
3559 2476 3663 2530 τοῦ

2089 2570 2217 2627 λαοῦ
2243 2571 2572 2642 προστασίας
2594 2572 2752 2642 ἴσμεν
2774 2570 3158 2641 πεποιημένον,
3185 2569 3409 2640 πλουσίᾳ
3428 2587 3489 2622 τε
3513 2571 3659 2641 χειρὶ⁵

2090 2662 2305 2716 πάντων
2367 2660 2601 2731 μάλιστα
2658 2662 2901 2732 πενήτων
2949 2658 3439 2732 ὲπιμεμελημένον.
3498 2660 3659 2714 Κατὰ

2087 2748 2274 2806 τδῦτον
2299 2750 2726 2821 ὲλλογιμώτατον
2751 2750 2898 2823 αὑτῷ
2922 2769 2980 2805 τε
3013 2751 3112 2823 βίῳ
3138 2751 3425 2821 φιλόσοφον
3455 2750 3655 2821 ἀληθῆ,

2089 2845 2377 2918 πρεσϐείου
2408 2846 2505 2916 τῆς
2535 2843 2720 2897 αὐτόθι
2765 2845 3057 2916 παροικίας
3089 2844 3404 2915 ἠξιωμένον,
3436 2844 3657 2915 Πάμφι-

2088 2942 2178 2995 λον
2210 2940 2450 3011 ἔγνωμεν
2469 2955 2483 2969 ⁶
2514 2937 2571 2991 ὃν
2614 2938 2795 3001 ὁποῖός
2823 2954 2906 3001 τις
2935 2932 3001 3008 ἧν
3034 2938 3125 2990 καὶ¹
3162 2936 3281 2990 ὅθεν
3312 2935 3658 3008 ὁρμώμενος,

2089 3034 2149 3087 οὐ
2183 3032 2419 3104 σμικρᾶς
2447 3029 2510 3084 ἂν
2535 3029 2742 3098 γένοιτο
2772 3028 2962 3100 δηλοῦν
2989 3026 3291 3092 ὑποθέσεως
3314 3045 3327 3057 ·
3359 3028 3568 3081 ἕκαστα
3596 3028 3667 3080 δὲ.

428 3122 565 3170 tum.
603 3115 702 3183 Qui
732 3117 816 3170 vir
848 3118 1022 3187 qualis
1049 3130 1383 3188 quantusque
1411 3121 1700 3187 exstiterit,
1738 3137 1843 3177 non
1875 3123 1987 3176 exi-

2092 3122 2184 3177 τοῦ
2227 3123 2345 3177 κατ’
2391 3120 2554 3175 αὑτὸν
2607 3120 2722 3191 βίου
2769 3120 2863 3173 καὶ
2914 3115 2983 3192 ἧς
3040 3121 3399 3189 συνεστήσατο
3449 3118 3661 3190 διατριο

426 3207 516 3276 gui
553 3206 793 3275 profecto
817 3209 889 3263 sit
920 3212 1101 3277 operis
1153 3225 1441 3280 exponere.
1499 3210 1695 3266 Verum
1743 3230 1840 3269 nos
1882 3215 1993 3268 sin-

428 3296 553 3364 gula
583 3311 704 3367 qua:
727 3300 794 3353 ad
848 3300 996 3354 illius
1035 3302 1201 3354 vitam
1229 3311 1286 3355 et
1329 3303 1395 3356 ad
1423 3303 1661 3358 scholam
1692 3304 1758 3358 ab
1805 3309 1990 3359 eodem

427 3386 729 3440 institutam
786 3390 1101 3457 pertinent;
1140 3391 1288 3443 varia
1327 3406 1541 3461 quoque
1592 3393 1990 3447 confessionum

427 3480 720 3532 certamina
747 3482 1141 3550 persecutionis
1176 3496 1412 3552 tempore
1437 3484 1504 3538 ab
1540 3499 1603 3538 eo
1633 3485 1894 3549 tolerata;
1929 3500 1993 3541 ac

428 3578 699 3639 postremo
730 3573 1050 3645 martyrium
1091 3589 1198 3644 quo
1244 3585 1538 3630 coronatus
1572 3584 1678 3641 est,
1726 3574 1991 3645 peculiari

425 3747 700 3869 ἓὲὶτῶιῐῗιιὶ
766 3749 1299 3807 scribit:Eusebius
1365 3751 1697 3808 Laodicenus
1764 3753 1985 3824 insignis

585 3835 614 3869 ιι
650 3861 666 3869 -

463 3827 774 3960 αῗὲἕίτὸύχ
808 3890 1033 3961 ομοίως
1061 3909 1127 3961 γε
1149 3890 1294 3961 μήν.
1322 3892 1547 3947 Ruﬁnus
1578 3902 1630 3948 et
1654 3892 1990 3961 Nicephorus

426 3954 540 4032 ltatc
564 3954 864 4032 verba-78M
905 3954 1230 4031 intelligunt,
1258 4031 1265 4032 7
1297 3964 1454 4032 quasi
1512 3964 1697 4018 dicere
1750 3954 1988 4018 voluerit

424 4024 708 4109 Eusebius,
757 4024 1107 4109 Slepltattqm-
1129 4024 1272 4109 haud
1309 4024 1643 4109 perinde'ac
1688 4034 1986 4109 praedeces-

424 4109 575 4171 θοι-οε
606 4101 793 4171 ipsius,
821 4114 946 4169 erga
976 4101 1132 4155 (idem
1166 4101 1331 4156 fuisse
1365 4101 1698 4156 animatum.
1722 4104 1831 4171 Ego
1856 4116 1985 4159 vero

425 4166 505 4240 sic
543 4165 802 4240 intelligo,
844 4165 949 4240 non
991 4171 1217 4237 perinde
1245 4186 1371 4240 erga
1411 4173 1569 4226 [idem
1597 4188 1659 4226 ac
1697 4165 1824 4237 erga
1860 4173 1983 4240 phi-

422 4233 805 4358 Rsogpehiam'ct
835 4233 1177 4295 Graecanicas
1207 4233 1515 4310 disciplinas
1549 4241 1698 4296 illum
1726 4233 1983 4297 allec-tum

452 4323 462 4355 l
505 4322 529 4355 5
596 4342 611 4358 ο

648 4374 821 4448 Πρός-
846 4377 1031 4431 αὑτοῦ
1059 4378 1205 4432 Θεοῦ
1245 4377 1351 4432 τοῦ
1394 4377 1633 4433 πάντων
1689 4379 1981 4448 Σωτῆρος.

424 4439 551 4519 Haec
583 4439 742 4519 verba
776 4439 1049 4519 Musonius
1081 4460 1134 4503 et
1174 4449 1698 4519 Cbristophorsonus
1743 4439 1981 4503 malim}:

2091 3215 2190 3286 ϐῆς
2225 3214 2357 3286 (76),
2401 3211 2527 3276 τούς
2568 3229 2628 3265 τε
2676 3210 2814 3264 κατὰ
2854 3208 2945 3263 τὸν
2988 3209 3222 3280 διωγμὸν
3274 3210 3332 3264 ἐν
3380 3208 3653 3280 διαφόροις

2087 3305 2395 3376 ὁμολογίαις
2419 3303 2631 3373 ἀγῶνας
2654 3300 2838 3366 αὑτοῦ,
2860 3301 2955 3354 καὶ
2972 3300 3029 3353 ὃν
3058 3300 3151 3353 ἐπὶ
3174 3301 3338 3354 πᾶσιν
3357 3300 3653 3370 ἀνεδήσατο

2087 3396 2182 3449 τοῦ
2219 3395 2512 3466 μαρτυρίου
2550 3394 2833 3462 στέφανον,
2862 3392 2919 3444 ὲν
2947 3391 3051 3461 ἰδίᾳ
3076 3394 3143 3462 τῇ
3172 3393 3300 3462 περὶ
3324 3390 3491 3445 αὐτοῦ
3524 3391 3652 3444 διει-

2087 3488 2333 3558 λήφαμεν
2373 3484 2622 3538 ὑποθέσει
2660 3483 2793 3556 (77).
2856 3481 2991 3535 Ἀλλ’
3038 3476 3190 3545 οὗτος
3231 3482 3326 3553 μὲν
3366 3481 3475 3535 τῶν
3527 3481 3651 3551 τῇδε

2090 3574 2553 3648 θαυμασιώτατος.
2600 3574 2690 3629 Ἐν
2732 3572 2789 3627 δὲ
2815 3574 2927 3637 τοῖς
2959 3571 3189 3663 μάλιστα
3212 3572 3333 3628 καθ’
3363 3572 3513 3644 ἡμᾶς
3538 3571 3648 3643 (τε)

2164 3746 2427 3825 06)ch
2464 3753 2887 3825 συνεστήσατο
2933 3748 3248 3825 διατριϐῆς.
3286 3750 3433 3825 _llaac
3484 3753 3654 3825 verba

2095 3821 2364 3878 Masculus
2396 3827 2464 3877 ita
2495 3825 2658 3877 vertit
2691 3841 2704 3876 :
2738 3822 2806 3875 In
2834 3838 2936 3892 qua
2968 3824 3144 3875 schola
3174 3822 3444 3892 institutus
3472 3821 3646 3889 fuerit.

2091 3892 2615 3962 Chriswpltorsonus
2643 3907 2791 3956 vero,
2823 3891 3322 3960 Musculivestigiis
3369 3892 3645 3955 insistens,

2092 3964 2254 4018 vertit
2286 3980 2299 4016 :
2335 3962 2451 4028 Qua
2481 3964 2684 4016 ratione
2735 3964 3028 4015 institutus.
3090 3962 3203 4030 Ego
3236 3975 3369 4030 vero
3406 3962 3643 4014 scholam

2101 4030 2412 4087 Caesaream
2443 4029 2725 4100 Pamphilo
2771 4032 3074 4086 institutam
3120 4029 3379 4100 intelligo.
3433 4031 3511 4100 De
3562 4032 3642 4083 bi-

2089 4103 2359 4157 bliotheca
2389 4101 2712 4156 Cmsariensi
2750 4115 2779 4154 a
2810 4100 3093 4169 Pamphilo
3121 4099 3419 4169 compesita
3448 4099 3642 4154 lliero-

2090 4186 2285 4241 nymus
2316 4174 2368 4226 in
2396 4169 2650 4241 Catalogo
2680 4170 2770 4226 ubi
2819 4172 2887 4226 de
2921 4169 3173 4226 Matthteo
3216 4171 3475 4239 loquitur,
3507 4179 3563 4225 et
3590 4171 3642 4223 in

2088 4240 2316 4311 epistola
2345 4242 2413 4295 ad
2440 4240 2782 4311 Marcellam.
2932 4308 2981 4311 __
3022 4310 3030 4311 7
3128 4308 3169 4311 77
3231 4309 3240 4311 7
3376 4310 3383 4311 7
3420 4300 3421 4305 η

2161 4311 2270 4382 (77)
2322 4311 2417 4364 Ἐν
2457 4310 2575 4377 ίδίᾳ
2600 4309 2901 4365 ὑποθέσει.
2932 4308 3069 4382 Male
3091 4308 3649 4382 _Cltt_‘i_stophorsonus

2088 4377 2261 4435 vertit
2310 4382 2364 4433 in
2416 4390 2655 4447 separato
2695 4383 2922 4442 quodam
2957 4380 3152 4434 libello.
3203 4377 3345 4433 Nam
3379 4382 3643 4435 Eusebius

2092 4460 2205 4504 tres
2230 4452 2398 4505 libros
2424 4452 2490 4504 de
2515 4448 2626 4502 Vita
2660 4449 2919 4517 Pamphili
2955 4452 3266 4518 scripserat,
3312 4460 3370 4503 ut
3417 4459 3642 4504 testatur

425 4515 491 4591 ad
516 4515 735 4591 verbum
774 4516 1095 4591 ἀνορθοῦται
1117 4558 1131 4582 ,
1166 4530 1369 4591 etpost
1393 4509 1493 4591 'eas
1516 4534 1685 4591 voces
1710 4529 1984 4591 punctum
2019 4509 2061 4564 D
2091 4520 2450 4591 Hieronymus
2479 4531 2592 4591 tum
2629 4519 2681 4571 in
2712 4509 2847 4591 libro
2877 4518 2956 4572 De
2976 4509 3313 4591 scriptoribus
3329 4520 3641 4574 ecclesiasti-

423 4583 587 4636 lina'le
616 4583 1003 4653 apposuerunt.
1034 4590 1125 4642 Sic
1150 4583 1292 4642 enim
1324 4590 1485 4642 vertit
1516 4583 1788 4642 Masculus
1815 4605 1829 4642 :
1855 4588 1984 4643 Cum

422 4662 594 4724 autem
634 4660 727 4724 su77b
764 4672 823 4709 eo
856 4658 1231 4724 periclitatum:
1264 4669 1429 4712 essent
1463 4674 1544 4711 res
1586 4656 1870 4724 Ecclesiae,
1921 4660 1983 4712 ab

422 4724 536 4789 ipso
559 4721 946 4778 DeoServatore
971 4731 1203 4780 omnium
1231 4738 1534 4782 sustentata:
1567 4741 1711 4783 stmt.
1754 4721 1983 4783 Musiculi

422 4793 726 4848 versionem
761 4806 979 4850 secutus
1009 4809 1093 4851 est
1115 4798 1660 4865 Christophorsonus.
1686 4799 1797 4865 Ego
1828 4814 1979 4861 vero,

422 4865 768 4940 re_atten7tius
797 4868 1123 4933 examinata,
1144 4869 1310 4940 verba
1349 4869 1433 4921 illa
1452 4868 1587 4940 πρὸς
1620 4867 1785 4940 αὐτοῦ
1838 4868 1983 4940 ΑΘεοῦ

423 4930 703 5009 referenda
735 4947 854 5009 esse
892 4930 1194 5009 censeo‘ad
1220 4930 1512 5001 ἐπίσκοπος
1544 4930 1898 5009 ἅναδειχθείς,
1929 4950 1987 5009 ut

421 5014 615 5072 sensus
646 5002 717 5054 sit
758 5005 1019 5072 ejusmodi
1049 5024 1062 5060 :
1089 5007 1220 5060 Nam
1262 5010 1521 5062 continuo
1565 5002 1889 5063 Theodotus
1917 5008 1985 5061 ab

423 5070 539 5148 ipso
564 5069 1114 5148 omniumServatore
1162 5078 1269 5148 Deo
1298 5080 1581 5148 episc_opns
1608 5078 1767 5146 {illius
1798 5079 1984 5133 Eccle-

424 5141 519 5192 siae
549 5139 1108 5216 det-latratt7ts,_cuncta
1140 5139 1394 5201 restituit.
1424 5139 1634 5202 Félelli't
1658 5150 1985 5216 interpretes

420 5209 771 5289 pra7va7ltujus
801 5211 1324 5289 locitnterpunctio,
1350 5230 1469 5289 quate
1495 5218 1729 5289 etiamin
1762 5209 1984 5286 scriptis

421 5277 708 5363 codicibus
747 5284 1048 5363 reperitur;
1079 5277 1146 5363 'et
1176 5300 1275 5340 vox
1297 5277 1641 5358 ἆνόρθοῦται,
1668 5302 1829 5355 quam
1862 5277 1986 5358 pas-

422 5361 536 5401 srve
566 5364 702 5401 sumt
737 5361 1136 5409 existimarunt.

489 5418 602 5496 (775)
644 5418 760 5496 Τῆς
799 5419 918 5496 τῶν
948 5425 1082 5496 παρ’
1136 5425 1320 5480 αὐτοῦ
1357 5424 1671 5496 δεομένων.
1724 5426 1791 5496 ln
1823 5427 1980 5481 codd.

420 5485 688 5566 Medicago,
715 5485 854 5566 _Ft_tlt.
895 5502 949 5566 et
991 5485 1129 5566 M372.
1180 5485 1654 5566 scriptum'reperi
1687 5495 1834 5550 ιτῶν
1882 5497 1984 5566 τῆς

418 5560 547 5630 παρ’
578 5560 1039 5634 αὐτοῦΔδεομένων
1066 5560 1323 5633 ὠφελίας.
1354 5581 1516 5634 quam
1544 5560 1833 5621 lectionem
1864 5560 1983 5621 vui-

417 5625 1011 5701 g:ut':e_antcfereudam
1058 5625 1208 5701 pu'to.
1275 5625 1387 5689 S’ic'
1419 5625 1563 5689 enim
1620 5639 1981 5690 construenda

416 5698 687 5779 sunthaec
712 5702 874 5779 verba
909 5717 926 5760 :
956 5698 1117 5758 ἕνεκα
1147 5704 1255 5760 τῶν
1288 5704 1557 5776 δεομένων
1582 5705 1682 5778 τῆς
1724 5707 1851 5779 παρ’
1886 5707 1983 5762 αὐ-

416 5767 510 5821 τοῦ
530 5767 832 5839 ὠφελείας..

2087 4591 2185 4655 cis,
2217 4588 2325 4655 tum
2360 4591 2413 4642 in
2452 4588 2703 4658 Apologia
2730 4589 2981 4643 adversus
3002 4588 3272 4658 Ruﬁnum.

2156 4660 2267 4730 (78)
2322 4661 2416 4711 Ἐν
2435 4657 2502 4711 δὲ
2521 4657 2642 4722 τοῖς
2653 4658 2921 4728 μάλιστα
2936 4661 3062 4713 καθ’
3086 4656 3263 4728 ἡμᾶς.
3295 4659 3349 4713 ld
3372 4670 3478 4725 est,
3501 4661 3639 4715 inter

2086 4744 2179 4784 eos
2204 4744 2332 4783 vero
2361 4730 2450 4796 qui
2476 4731 2696 4797 prOpius
2729 4731 2793 4781 ad
2831 4740 3064 4785 nostram
3085 4745 3254 4797 usque
3276 4741 3487 4784 aetatem
3517 4744 3639 4797 per-

2085 4809 2369 4854 venerunt.
2395 4796 2579 4866 Neque
2601 4800 2742 4852 enim
2772 4801 3038 4852 assentior
3059 4796 3301 4854 Musculo
3321 4812 3373 4854 et
3397 4796 3640 4855 Christo-

2086 4870 2393 4938 phorsono,
2428 4871 2517 4936 qui
2547 4882 2730 4922 vocem
2772 4867 3027 4938 μάλιστα,
3047 4870 3285 4922 referunt
3309 4871 3374 4923 ad
3402 4886 3638 4923 σπανιω-

2085 4941 2299 5001 τάτους.
2339 4939 2549 5008 Ιξὶετίιιε
2585 4939 2732 4991 enim
2765 4950 2819 4991 et
2846 4938 3087 4991 Melctius
3109 4977 3131 5008 ,7
3174 4938 3241 4992 de
3287 4940 3480 5008 quibus
3514 4954 3637 4993 mox

2086 5008 2327 5078 loquitur
2358 5006 2658 5078 Eusebius,
2694 5010 2759 5061 ad
2800 5007 3136 5078 Constantini
3178 5006 3350 5078 usque
3401 5021 3636 5078 tempora

2083 5076 2357 5148 viserunt.
2389 5077 2473 5148 De
2497 5076 2678 5148 Pierio
2710 5078 2838 5148 vide
2875 5076 3275 5148 llieronymttm'
3296 5089 3350 5133 et
3389 5076 3634 5134 Photium

2084 5149 2140 5203 in
2178 5146 2499 5200 Bibliotheca
2549 5146 2683 5200 Eunt
2725 5145 2951 5202 llulinus
3006 5145 3110 5200 nuit
3159 5146 3396 5202 Pieriam
3458 5159 3632 5213 vocat,

2086 5218 2180 5272 sed
2215 5217 2479 5270 llierium.
2516 5214 2607 5270 Sic
2634 5217 2778 5270 enim
2811 5217 3066 5271 scribitur
3094 5219 3146 5270 in
3171 5232 3302 5272 mss.
3335 5219 3513 5272 Ruﬁni
3537 5258 3552 5282 ,
3584 5229 3637 5272 et

2084 5287 2136 5341 in
2164 5299 2347 5340 vetere
2378 5286 2755 5355 Martyrologio
2786 5285 3018 5340 Romano
3058 5287 3143 5340 die
3184 5302 3238 5340 ιν
3295 5287 3633 5342 Novembris.

2085 5356 2253 5426 Quod_
2261 5356 2478 5426 quidem
2503 5355 2948 5426 Martyrologium
2983 5358 3215 5409 maxima
3253 5358 3402 5426 p'arte
3434 5373 3497 5412 ex
3530 5358 3638 5410 ιιυ-

2085 5422 2175 5480 lini
2209 5422 2576 5480 Ecclesiastica
2594 5422 3158 5496 Itistoria'descriptum
3182 5422 3303 5480 esse
3330 5427 3633 5492 observavi;

2086 5499 2362 5550 translatis
2385 5499 2548 5548 etiam
2576 5496 2627 5548 in
2646 5496 2787 5565 illud
2826 5498 3035 5565 mendis
3070 5510 3189 5565 quae
3213 5497 3351 5560 apud
3381 5496 3634 5550 Rulinnm

2083 5565 2356 5634 leguntur.
2388 5566 2586 5635 itaque
2631 5564 2832 5619 frustra
2863 5564 3183 5620 Rosweidus
3229 5578 3385 5620 vetus
3433 5576 3636 5635 marty-

2085 5637 2348 5704 rotogium
2378 5634 2679 5689 llomanum
2713 5635 2814 5690 hoc
2839 5649 2962 5704 esse
2996 5635 3356 5698 existimavit;
3387 5651 3508 5689 cum
3543 5634 3638 5688 nec

2082 5703 2239 5759 vetus
2263 5705 2352 5770 sit,
2380 5720 2477 5758 nec
2512 5707 2830 5759 Romanum.
2883 5703 3017 5759 Nam
3057 5705 3102 5759 si
3143 5704 3444 5759 [lonnanum
3474 5711 3634 5766 esset,

2085 5774 2229 5829 solos
2271 5785 2535 5844 martyres
2584 5775 2672 5844 qui
2717 5775 2899 5830 Romae
2946 5773 3262 5831 colebantur
3309 5788 3637 5831 commemo-
