3928 6252
216 258 322 316 ἰιι

1183 260 1532 319 HISTORIA?)
1565 260 2126 322 ECCLESIASTlC/E
2168 265 2306 322 LIB.
2349 265 2500 324 VIII.

3384 272 3492 328 ’1η

214 376 392 430 πᾶσιν
423 375 744 447 ἐπιτρόποις
785 379 878 432 καὶ
919 379 1183 451 ἡγεμόσιν
1211 381 1480 453 ἀποδοχῆς
1521 383 1615 436 καὶ
1647 386 1815 458 θεραέ

1921 385 2049 442 ruit.
2076 386 2212 441 Huic
2238 387 2611 457 adjnngendus
2633 397 2717 442 est
2747 387 3132 445 celeberrimus
3166 388 3262 447 ille
3282 389 3492 461 Gorgo-

212 469 387 533 πείας
414 469 508 523 καὶ
535 469 836 537 δεξιώσεως
856 472 916 525 οὐ
945 473 1043 544 τῆς
1072 473 1341 544 τυχούσης
1365 470 1433 546 ἦν
1465 476 1598 548 ὁρᾷν
1630 478 1815 544 ἀξιουο

223 562 427 633 μένους
458 561 594 632 (90).
637 563 762 628 Πῶς
793 563 836 616 δ’
879 563 944 617 ἄν
989 582 1072 629 τις
1101 565 1417 638 διαγράψειε
1452 568 1549 632 τὰς
1585 570 1815 641 μυριάν-

217 655 388 724 δρους
420 653 637 720 ὲκείνας
676 656 1092 726 ἐπισυναγωγάς
1120 658 1229 728 (91)
1266 659 1360 712 καὶ
1387 659 1458 713 τά
1499 660 1677 733 πλήθη
1704 661 1815 716 τῶν

219 751 372 804 κατὰ
395 753 576 804 πᾶσαν
598 751 749 804 πόλιν
771 751 1171 822 ἀθροισμάτων,
1199 755 1298 817 τάς
1329 772 1389 808 τε
1424 758 1729 828 ἐπισήμους
1756 759 1812 812 ὲν

218 846 339 907 τοῖς
371 844 820 915 προσευκτηρίοις
848 844 1149 915 συνδρομάς
1178 862 1192 911 ;
1226 840 1299 901 ὧν
1332 847 1396 918 δὴ
1441 848 1603 902 ἕνεκα
1645 850 1815 920 μηδα-

223 936 347 1008 μῶς
373 935 454 989 ἔτι
481 939 594 1000 τοῖς
619 936 868 1000 παλαιοῖς
901 937 1327 1009 οἰκοδομήμασιν
1353 939 1702 1011 ἀρκούμενοι,
1725 942 1814 995 εύ-

222 1029 385 1101 ρείας
411 1030 489 1092 είς
515 1028 715 1092 πλάτος
758 1029 861 1082 ἀνὰ
893 1030 1072 1092 πάσας
1097 1030 1194 1090 τὰς
1226 1032 1409 1096 πόλεις
1442 1035 1506 1087 ἐκ
1547 1032 1811 1105 θεμελίων

217 1121 464 1175 ἀνίστων
510 1121 850 1190 Ἑκκλησίας.
886 1121 1068 1174 Ταῦτα
1083 1122 1139 1175 δὲ
1165 1126 1277 1186 τοῖς
1304 1125 1517 1196 χρόνοις
1530 1127 1810 1198 προϊόντα,

220 1214 498 1288 ὁσημέραι
531 1231 589 1267 τε
614 1215 695 1275 εἰς
723 1213 948 1282 αὔξησιν
976 1216 1070 1266 καὶ
1106 1214 1334 1285 μέγεθος
1365 1219 1690 1280 ἐπιδιδόντα,
1730 1219 1814 1272 ού-

221 1307 580 1378 δεὶς-ἀνεῖργε
612 1305 824 1375 φθόνος,
851 1306 972 1359 οὐδέ
1004 1324 1086 1372 τις
1121 1308 1328 1379 δαίμων
1356 1312 1591 1383 πονηρὸς
1617 1307 1727 1376 οἷός
1754 1329 1812 1364 τε

221 1393 294 1468 ἦν
323 1397 660 1468 βασκαίνειν,
685 1397 792 1450 οὐδ’
814 1395 1116 1468 ἀνθρώπων
1141 1397 1454 1464 ἐπιϐουλαῖς
1483 1399 1732 1464 κωλύειν,
1753 1402 1812 1464 ἐς

223 1491 350 1545 ὅσον
381 1492 413 1558 ἡ
451 1489 569 1542 θεία
597 1489 690 1541 καὶ
718 1489 965 1560 οὐράνιος
997 1489 1119 1560 χεὶρ
1164 1487 1364 1543 ἕσκεπέ
1407 1508 1465 1544 τε
1496 1491 1591 1546 καὶ
1617 1492 1812 1563 ἐφρού-

226 1599 334 1653 ρει,
361 1577 450 1635 οἶα
478 1581 540 1652 δὴ
571 1581 719 1647 ἄξιον
743 1581 872 1636 ὄντα
899 1582 990 1634 τὸν
1017 1583 1215 1653 ἑαυτῆς
1243 1584 1369 1637 λαόν
1393 1600 1406 1615 ⁸
1439 1585 1515 1648 ὡς
1545 1585 1601 1637 δὲ
1627 1587 1690 1638 ἐκ
1714 1588 1812 1657 τῆς

223 1675 322 1728 ἐπὶ
360 1673 519 1727 πλέον
543 1673 873 1746 ἐλευθερίας,
900 1677 992 1728 ἐπὶ
1019 1677 1322 1747 χαυνότητα
1349 1676 1443 1729 καὶ
1477 1675 1712 1748 νωθρίαν
1743 1677 1811 1731 τὰ

1916 477 2060 543 nius,
2094 487 2149 531 et
2173 479 2485 548 quicunque
2535 477 2628 530 alii
2659 478 2728 534 ob
2761 493 3066 536 sermonem
3096 481 3190 536 Dei
3242 482 3490 536 eamdem

1913 583 2035 622 cum
2066 568 2186 624 istis
2221 569 2446 639 gloriam
2473 581 2600 625 sunt
2647 574 2946 628 consecuti.
2993 572 3256 628 Similiter
3285 586 3341 628 et
3371 575 3489 628 sin-

1915 662 2060 731 gulis
2114 662 2486 718 Ecclesiarum
2539 666 2873 720 antistitibus
2913 680 3179 719 summum
3208 667 3488 729 honorem,

1913 755 2117 810 cultum
2149 770 2214 809 ac
2240 753 2675 810 benevolentiam
2703 749 2770 811 ab
2800 758 3056 812 omnibus
3108 767 3217 810 tam
3266 759 3491 825 privatis

1912 863 2072 918 quam
2095 849 2502 918 provinciarum
2530 850 2836 903 rectoribus
2865 848 3063 904 deferri
3095 849 3342 904 vidisses.
3369 849 3488 904 Jam

1911 955 2041 995 vero
2073 941 2195 1010 quis
2224 940 2672 994 innumerabilem
2717 941 2995 995 hominum
3040 941 3279 1010 quotidie
3311 944 3378 994 ad
3427 941 3491 995 ii-

1912 1032 2033 1086 dem
2064 1031 2269 1086 Christi
2303 1031 2731 1100 confugientium
2772 1031 3008 1098 turbam,
3051 1032 3172 1101 quis
3201 1046 3486 1087 numerum

1911 1124 2262 1178 ecclesiarum
2292 1125 2346 1178 in
2374 1124 2606 1194 singulis
2637 1124 2888 1190 urbibus,
2915 1124 3038 1193 quis
3096 1124 3333 1179 illustres
3394 1139 3490 1194 po-

1891 1215 2160 1285 pulorum
2188 1231 2488 1271 concursus
2516 1218 2568 1270 in
2595 1216 2798 1272 aedibus
2829 1220 3025 1281 sacris,
3056 1218 3330 1272 cumulate
3355 1233 3483 1286 pos-

1911 1307 1982 1359 sit
2011 1305 2364 1361 describere?
2389 1305 2508 1372 Quo
2539 1306 2738 1361 factum
2771 1317 2856 1362 est
2896 1316 2976 1372 nt,
3006 1307 3201 1376 priscis
3245 1305 3490 1364 aediliciis

1909 1397 2018 1466 iam
2051 1412 2156 1452 non
2187 1397 2449 1463 contenti,
2477 1397 2531 1452 in
2568 1398 2798 1469 singulis
2827 1401 3050 1454 urbibus
3105 1401 3374 1470 spatiosas
3419 1402 3489 1457 ab

1913 1492 2044 1560 ipsis
2065 1492 2435 1547 fundamentis
2467 1500 2818 1549 exstruerent
2838 1474 3134 1551 ‘ccclesias.
3164 1498 3340 1566 Atque
3371 1497 3488 1552 haec

1911 1598 2201 1655 progressu
2231 1586 2492 1654 temporis
2519 1587 2901 1654 increscentia,
2941 1597 2996 1642 et
3020 1583 3258 1657 quotidie
3288 1590 3340 1644 in
3367 1604 3487 1642 ma-

1905 1673 1994 1742 jus
2017 1691 2080 1731 ac
2107 1675 2300 1731 melius
2354 1677 2713 1747 proﬁcientia,
2742 1692 2842 1733 nec
2884 1679 3018 1732 livor
3052 1678 3485 1749 ullus‘atterere,

224 1770 352 1823 καθ’
378 1771 527 1840 ἡμᾶς
563 1769 974 1839 μετηλλάττετο,
1003 1769 1176 1822 ἄλλων
1206 1769 1383 1834 ἄλλοις
1422 1770 1811 1843 διαφθονουμὲ-

1923 1785 2025 1824 nec
2051 1768 2353 1838 malignitas
2377 1767 2635 1822 daemonis
2660 1765 2946 1833 fascinare,
2977 1783 3075 1823 nec
3099 1769 3377 1824 hominum
3403 1772 3484 1824 in-

223 1879 336 1916 νων
381 1861 477 1914 καὶ
507 1859 1048 1932 διαλοιδορουμένων,
1081 1861 1173 1913 καὶ
1219 1861 1500 1931 μονονουχὶ
1529 1860 1684 1932 ἡμῶν
1714 1862 1812 1916 αύ-

223 1953 335 2006 τῶν
361 1954 568 2016 ἑαυτοῖς
589 1951 1113 2022 προσπολεμούντων
1142 1951 1346 2016 ὅπλοις,
1383 1955 1432 2006 εἰ
1465 1951 1605 2006 οὕτω
1635 1952 1807 2024 τύχοι,

223 2046 322 2098 καὶ
343 2043 530 2115 δόρασι
558 2046 668 2106 τοῖς
692 2043 779 2096 διά
801 2043 1286 2116 λόγων,ἀρχόντων
1315 2061 1374 2097 τε
1401 2044 1626 2115 ἄρχουσι
1647 2061 1813 2116 προσ-

231 2136 568 2209 ρηγνύντων,
598 2137 692 2190 καὶ
720 2135 862 2190 λαῶν
916 2137 1009 2189 ἐπὶ
1050 2135 1213 2200 λαοὺς
1247 2136 1809 2203 καταστασιαζόντων,

224 2227 332 2297 τῆς
382 2245 442 2281 τε
480 2227 821 2300 ὑποκρίσεως
873 2227 1082 2296 ἀφάτου
1128 2228 1223 2281 καὶ
1265 2229 1364 2297 τῆς
1396 2228 1681 2298 εἰρωνείας
1720 2229 1814 2282 ἐπὶ

225 2319 480 2374 πλεῖστον
507 2321 628 2374 ὅσον
662 2321 861 2384 κακίας
894 2318 1213 2392 προϊούσης,
1239 2321 1272 2390 ἡ
1313 2319 1412 2390 μὲν
1452 2319 1516 2390 δὴ
1544 2318 1663 2373 θεία
1693 2320 1814 2392 κρί-

227 2429 315 2477 σις
349 2409 436 2467 οἷα
475 2413 627 2483 φίλον
668 2413 804 2484 αὐτῇ
838 2412 1252 2484 πεφεισμένως,
1289 2411 1397 2466 τῶν
1430 2411 1814 2484 ἀθροισμάτων

228 2505 310 2560 ἑτι
356 2507 839 2579 συγκροτουμένων
879 2506 1062 2578 ἡρέμα
1106 2506 1200 2560 καὶ
1247 2504 1483 2577 μετρίως
1520 2506 1618 2578 τὴν
1647 2507 1815 2577 αὐτῆς

228 2599 538 2670 ἐπισκοπὴν
566 2597 832 2661 ἀνεκίνει,
865 2599 928 2652 ἐκ
969 2597 1076 2650 τῶν
1119 2597 1177 2650 ὲν
1221 2596 1534 2669 στρατείαις
1571 2597 1816 2668 ἀδελφῶν

228 2689 640 2762 καταρχομένου
689 2688 783 2741 τοῦ
836 2688 1097 2760 διωγμοῦ.
1162 2689 1250 2752 Ὡς
1308 2689 1352 2742 δ’
1400 2688 1816 2759 ἅνεπαισθήτως

230 2781 450 2851 ἔχοντες
471 2820 486 2845 ,
515 2781 612 2850 οὐχ
639 2779 786 2843 ὅπως
803 2779 1034 2850 εὐμενὲς
1063 2780 1158 2833 καὶ
1187 2779 1341 2832 ἵλεων
1366 2777 1809 2850 καταστήσεσθαι

227 2873 292 2926 τὸ
319 2873 473 2927 θεῖον
518 2871 978 2944 προύθυμούμεθα
998 2913 1012 2938 ,
1045 2866 1132 2925 οἶα
1173 2869 1230 2924 δέ
1269 2889 1413 2935 τινες
1441 2871 1589 2925 ἄθεοι
1617 2869 1817 2943 ἀφρόνο

230 2983 393 3018 τιστα
418 2964 513 3018 καὶ
537 2964 877 3020 ἀνεπίσκοπα
899 2965 968 3018 τά
994 2964 1116 3019 καθ’
1143 2964 1292 3035 ἡμᾶς
1316 2962 1628 3034 ἡγούμενοι,
1652 2961 1818 3025 ἄλλας

213 3059 322 3144 ἐπ’
355 3056 544 3121 ἄλλαις
588 3058 979 3130 προσετίθεμεν
1029 3057 1266 3120 κακίας·
1311 3057 1366 3109 οἴ
1419 3073 1478 3110 τε
1534 3056 1816 3120 δοκοῦντες

233 3149 395 3222 ἡμῶν
434 3150 688 3222 ποιμένες
714 3150 806 3203 τὸν
834 3150 931 3220 τῆς
969 3148 1277 3212 θεοσεϐείας
1316 3147 1514 3219 θεσμὸν
1555 3147 1814 3220 παρωσά-

237 3260 414 3316 μενοι,
451 3246 570 3308 ταῖς
611 3243 747 3315 πρὸς
771 3243 1034 3314 ἀλλήλους
1058 3241 1415 3312 ἀνεφλέγοντο
1441 3240 1814 3311 φιλονεικίαις,

232 3336 374 3391 αὐτὰ
405 3335 470 3407 δὴ
500 3336 673 3390 ταῦτα
707 3335 862 3406 μόνα,
884 3333 982 3398 τὰς
1005 3333 1185 3406 ἔριδας
1207 3334 1300 3388 καὶ
1319 3332 1418 3397 τὰς
1449 3332 1697 3397 ἀπειλὰς,
1725 3333 1816 3387 τόν

233 3444 294 3481 τε
328 3427 492 3496 {7qu
533 3427 627 3481 καὶ
659 3426 720 3480 τδ
761 3426 895 3498 πρὸς
939 3425 1203 3496 ἀλλήλους
1236 3425 1391 3496 ἔχθος
1427 3441 1486 3478 τε
1519 3425 1614 3479 καὶ
1660 3426 1816 3496 μῖσος

231 3519 596 3586 -ὲπαύξοντες,
625 3515 714 3573 οἷά
737 3535 797 3572 τε
831 3519 1152 3592 τυραννίδας
1189 3519 1287 3582 τὰς
1317 3517 1608 3590 φιλαρχίας
1655 3517 1820 3571 ἐκθύ-

241 3611 779 3684 μως-διεκδικοῦντες
813 3610 922 3683 (92)
945 3629 960 3642 ·
987 3611 1107 3665 τότε
1132 3609 1195 3682 δὴ
1225 3609 1344 3663 τότε
1379 3610 1524 3663 κατά
1560 3609 1657 3681 τὴν
1686 3609 1824 3680 φάσ-

238 3722 443 3760 κουσαν
470 3703 566 3757 τοῦ
602 3703 864 3775 Ἱερεμίου
899 3701 1101 3775 φωνὴν,
1132 3719 1151 3754 ι
1211 3700 1550 3771 Ἐγνόφωσεν
1589 3703 1646 3755 ὲν
1685 3701 1820 3773 ὀργῇ

237 3795 407 3850 αὐτοῦ
432 3795 636 3866 Κύριος
657 3795 755 3867 τὴν
785 3794 1061 3866 θυγατέρα
1087 3791 1222 3846 Σιὼν
1243 3833 1258 3858 ,
1289 3792 1384 3845 καὶ
1407 3790 1732 3864 κατέρριψεν
1762 3789 1822 3855 ἐξ

231 3887 472 3962 οὐρανοῦ
505 3889 587 3952 είς
617 3887 718 3958 γῆν
755 3885 996 3957 δόξασμα
1041 3885 1289 3958 Ἰσραὴλ,
1336 3885 1438 3938 οὐκ
1485 3882 1728 3954 ἐμνήσθη
1759 3898 1820 3934 τε

237 3979 537 4035 ὑποποδίου
565 3978 740 4033 ποδῶν
764 3977 928 4032 αὐτοῦ
964 3979 1021 4032 ὲν
1050 3977 1233 4048 ἡμέρᾳ
1260 3977 1427 4048 ὀργῆς
1459 3975 1654 4030 αὐτοῦ·
1686 3974 1823 4029 ἀλλά

240 4073 335 4129 καὶ
357 4072 715 4128 κατεπόντισε
735 4070 937 4144 Κύριος
961 4069 1135 4124 πάντα
1157 4067 1227 4122 τὰ
1250 4067 1426 4138 ὡραῖα
1464 4065 1701 4138 Ἰσραὴλ,
1727 4066 1824 4119 καὶ

240 4167 463 4222 καθεῖλε
497 4165 704 4228 πάντας
732 4163 856 4228 τοὺς
887 4163 1171 4234 φραγμοὺς
1196 4158 1383 4213 αὐτοῦ.
1415 4177 1434 4213 ι
1469 4157 1628 4211 Κατά
1654 4175 1714 4211 τε
1755 4156 1824 4210 τὰ

242 4261 302 4313 ὲν
330 4258 585 4328 Ψαλμοῖς
615 4253 1078 4328 προθεσπισθέντα
1097 4292 1112 4319 ,
1147 4271 1166 4305 ι
1199 4249 1551 4322 Κατέστρεψε
1584 4247 1680 4320 τὴν
1707 4249 1824 4303 δια-

242 4351 420 4421 θήκην
443 4347 539 4403 τοῦ
565 4347 752 4402 δούλου
786 4345 970 4412 αὑτοῦ,
1000 4345 1092 4398 καὶ
1125 4341 1463 4414 ὲὸεὸήλωσεν
1492 4343 1572 4404 εἰς
1600 4341 1704 4411 γῆν
1734 4339 1823 4394 διὰ

312 4464 363 4497 ⁵⁸
399 4464 601 4521 Thren.
629 4479 690 4530 tt,
724 4463 776 4517 1.

1923 1859 2075 1914 εἰόἰαξ
2089 1858 2373 1927 prohibere
2394 1871 2630 1926 unquam
2654 1865 2960 1924 potuerunt,
2980 1858 3216 1926 quandin
3241 1861 3484 1930 omnipo-

1921 1949 2082 2005 tentis
2099 1949 2189 2002 Dei
2211 1948 2428 2002 dextera
2447 1948 2700 2016 populum
2726 1963 2906 2010 suum,
2932 1957 3118 2018 utpote
3150 1950 3238 2004 tali
3261 1951 3481 2022 dignum

1926 2041 2198 2111 praesidio,
2224 2040 2356 2093 texit
2379 2049 2537 2104 atque
2559 2040 2832 2093 custodiit.
2861 2037 2963 2094 Sed
2989 2057 3110 2095 cum
3137 2058 3202 2097 ex
3225 2044 3391 2098 nimia
3419 2045 3484 2100 li-

1927 2130 2138 2186 bertate
2178 2130 2231 2183 in
2267 2129 2641 2200 negligentiam
2679 2144 2742 2183 ac
2770 2130 3030 2184 desidiam
3071 2133 3306 2204 prolapsi
3333 2151 3484 2191 esse-

1921 2237 2066 2288 mus,
2099 2237 2222 2277 cum
2254 2223 2389 2275 alter
2423 2221 2576 2275 alteri
2604 2221 2842 2276 invidere
2868 2232 3028 2291 atque
3054 2225 3352 2282 obtrectare
3381 2243 3466 2282 cm

1914 2321 2121 2392 pisset;
2157 2336 2278 2375 cum
2310 2322 2453 2376 inter
2479 2335 2578 2376 nos
2603 2319 2758 2389 quasi
2791 2319 2932 2374 bella
2985 2318 3242 2373 intestina
3277 2329 3494 2387 gerere-

1914 2429 2051 2476 mus,
2076 2415 2258 2468 verbis
2282 2422 2536 2483 tanquam
2562 2412 2730 2465 armis
2749 2410 3073 2480 quibusdam
3092 2409 3368 2476 hastisque
3394 2423 3492 2463 nos

1914 2513 2100 2559 mutuo
2123 2504 2466 2558 vulnerantes
2493 2521 2507 2571 ;
2535 2517 2657 2558 cum
2683 2502 2963 2556 antistites
2997 2501 3256 2556 adversus
3273 2498 3492 2554 antisti-

1917 2605 2020 2662 tes,
2049 2595 2229 2663 populi
2253 2595 2306 2648 in
2339 2593 2568 2665 populos
2590 2593 2792 2660 collisi,
2815 2593 2992 2663 jurgia
3014 2607 3077 2646 ac
3097 2590 3358 2646 tumultus
3377 2588 3494 2660 agi-

1917 2697 2115 2755 tarent,
2143 2687 2379 2757 denique
2407 2702 2528 2741 cum
2555 2685 2705 2742 fraus
2736 2695 2791 2739 et
2814 2685 3088 2739 simulatio
3123 2684 3190 2737 ad
3223 2695 3494 2737 summum

1881 2781 2134 2835 ,malitiae
2179 2779 2392 2835 culmen
2424 2778 2774 2842 adolevisset,
2823 2785 2936 2831 tum
2993 2775 3176 2830 divina
3220 2772 3356 2828 ultio
3390 2771 3494 2826 levi

1915 2871 2163 2936 brachio,
2199 2879 2258 2924 ut
2288 2871 2450 2935 Solet,
2482 2869 2697 2940 integro
2729 2869 2903 2923 adhuc
2935 2866 3193 2922 Ecclesiae
3246 2873 3393 2920 statu
3440 2871 3498 2918 et

1920 2964 2152 3019 ﬁdelium
2203 2965 2378 3018 turbis
2430 2963 2602 3016 libere
2655 2961 3125 3026 convenientibus,
3179 2959 3380 3014 sensim
3432 2971 3498 3012 ac

1917 3056 2196 3110 moderate
2227 3055 2279 3108 in
2332 3069 2432 3109 nos
2462 3053 2628 3123 cmpit
2686 3053 3160 3118 animadvertere;
3210 3064 3334 3106 orsa
3383 3047 3498 3118 pri-

1922 3162 2068 3201 mum
2094 3146 2476 3217 persecutione
2527 3144 2596 3198 ab
2624 3143 2690 3199 iis
2716 3145 2811 3213 qui
2844 3142 3174 3198 militabant.
3204 3142 3340 3196 Cum
3369 3152 3499 3194 vero

1922 3255 2082 3295 sensu
2115 3239 2266 3294 omni
2325 3238 2591 3304 destituti,
2629 3239 2698 3292 de
2735 3236 3001 3308 placando
3030 3234 3124 3290 Dei
3162 3233 3382 3287 numine
3431 3247 3500 3286 ne

1922 3333 2285 3404 cogitaremus
2313 3332 2563 3402 quidem;
2599 3333 2730 3402 quin
2763 3330 2944 3399 potius
2991 3329 3166 3383 instar
3207 3327 3499 3396 impiorum

1921 3428 2279 3496 quorumdam
2309 3440 2398 3480 res
2424 3426 2690 3480 humanas
2718 3423 2863 3478 nulla
2893 3422 3258 3478 sollicitudine
3285 3434 3348 3475 ac
3378 3434 3500 3490 pro-

1921 3518 2160 3573 videntia
2199 3518 2488 3588 gubernari
2519 3519 2656 3581 rati.
2695 3517 2804 3570 alia
2840 3515 3080 3586 quotidie
3119 3513 3345 3568 crimina
3379 3511 3503 3565 aliis

1923 3608 2278 3677 adjiceremus
2307 3626 2320 3662 :
2349 3624 2472 3663 cum
2499 3617 2746 3678 pastores
2789 3606 2984 3669 nostri,
3007 3613 3194 3674 spreta
3222 3602 3502 3675 religionis

1925 3701 2131 3771 regula,
2158 3701 2360 3756 mutuis
2392 3701 2552 3772 293
2589 3702 2731 3754 inter
2758 3713 2816 3753 se
2849 3696 3286 3752 contentionibus
3311 3696 3501 3750 decer—

1925 3796 2128 3858 tarent,
2152 3789 2288 3844 nihil
2321 3789 2466 3843 aliud
2499 3804 2663 3860 quam
2703 3785 2908 3858 jurgia,
2956 3785 3154 3850 minas,
3200 3784 3498 3839 aen'lulatio-

1927 3865 2074 3948 ne'm,
2103 3881 2227 3936 odia
2267 3896 2331 3937 ac
2363 3889 2579 3936 mutuas
2636 3877 2954 3932 inimicitias
3001 3875 3336 3946 ampliﬁcare
3382 3883 3503 3929 stu-

1927 3973 2138 4040 dentes,
2179 3973 2544 4044 principatum
2599 3970 2754 4042 quasi
2805 3967 3154 4039 tyrannidem
3213 3967 3503 4038 quamdam

1927 4065 2336 4119 contentissime
2365 4064 2468 4118 sibi
2502 4062 2849 4117 vindicantes
2880 4077 2895 4113 :
2928 4068 3055 4112 tunc
3105 4057 3320 4113 demum
3350 4056 3504 4124 juxta

1923 4155 2124 4210 dictum
2144 4155 2392 4210 Ieremia:
2407 4154 2453 4186 “
2479 4173 2494 4209 :
2538 4173 2558 4206 ι
2588 4150 2909 4210 Obscuravit
2935 4149 3193 4204 Dominus
3223 4148 3278 4202 in
3306 4148 3385 4201 ira
3406 4160 3506 4201 sua

1925 4247 2089 4303 liliam
2122 4247 2272 4316 Sion,
2301 4258 2356 4305 et
2389 4247 2586 4316 dejecit
2619 4247 2685 4301 de
2725 4243 2865 4299 coelo
2904 4242 3132 4314 gloriam
3161 4240 3326 4296 Israel
3359 4258 3373 4294 :
3405 4253 3506 4294 nec

1927 4341 2244 4398 recordatus
2289 4349 2373 4397 est
2406 4339 2632 4397 scabelli
2677 4337 2874 4407 pedum
2910 4349 3131 4390 suorum
3171 4333 3226 4388 in
3269 4332 3358 4386 die
3407 4329 3507 4385 ira:

319 4582 436 4653 (90)
460 4586 614 4656 Vulg.
654 4583 983 4656 ἀνθρώποις
997 4581 1094 4656 καὶ
1116 4580 1389 4656 ἡγεμόσι.
1411 4577 1469 4633 In
1483 4577 1638 4656 codd.
1655 4576 1770 4656 Med
1780 4617 1818 4640 ..

1931 4570 2374 4656 [nm‘episcoponz'
2391 4543 2782 4656 ἐπιμαρτμρῷν
2813 4563 2888 4656 ὡς
2909 4563 2998 4616 διὰ
3019 4561 3118 4645 τῆς
3143 4559 3308 4656 αυτοῦ
3325 4555 3509 4646 ’σπουό-

247 4649 808 4724 ΡυῘς.,’8ιιν.“ειΜυὶ.
844 4654 1100 4724 scribitur
1125 4649 1471 4724 negantiam
1499 4649 1822 4720 ἐπιτρόποις

245 4734 345 4787 καὶ
374 4719 635 4802 ἡγεμόσιν
683 4725 960 4802 ’ἀποδοχῆς
989 4719 1055 4794 ἦν
1079 4719 1222 4802 δρᾷῆ
1249 4721 1625 4802 ἀξιουμένους,
1680 4733 1827 4800 rese-

245 4805 359 4859 ctis
397 4788 499 4856 's'ei
543 4797 747 4853 voculis
785 4788 1257 4865 quiia'in'vulgatis
1296 4788 1624 4848 editionibus
1668 4805 1723 4844 et
1767 4788 1824 4844 in

246 4874 442 4930 codice
471 4870 640 4935 Regio
672 4869 947 4936 leguntur.

319 4941 436 5016 (9i)
510 4930 1034 5016 Ἐπισυῦατωγςείςη
1072 4931 1356 5016 Masculus
1429 4930 1595 4985 vertit
1643 4945 1826 5016 nurne-

246 5004 427 5069 ros‘aa'
441 5004 877 5082 aggregatiangs;
898 5004 1454 5082 '_Chr_istoph-orsonu_s,
1513 5007 1820 5082 coanventus.

249 5029 406 5069 rosas
441 5028 477 5067 a
512 5028 877 5082 gregatwnes;
909 5028 1454 5074 unrtswpuursuuus,
1513 5028 1820 5054 cuuvcmua.

249 5085 444 5141 Utitur
479 5028 579 5136 gae
611 5093 746 5135 voce
783 5076 979 5130 Paulus
1019 5076 1072 5128 in
1114 5073 1353 5142 Epistula
1389 5073 1437 5126 Il
1468 5073 1563 5142 lad
1594 5069 1826 5142 Thessa-

249 5139 580 5215 lonicenses,
593 5164 713 5222 cap.
737 5164 775 5202 ll
801 5145 1048 5222 1,1330)th
1056 5139 1245 5222 μενδὲμ
1255 5145 1285 5197 ὑ
1293 5145 1419 5222 μᾷ-ς,
1435 5140 1672 5222 ἀδελφοὶ,
1685 5139 1828 5219 ὑπὲρ

248 5225 356 5305 τῆς
392 5213 707 5305 ,παρονσίάς
738 5217 831 5272 τοῦ
883 5213 1098 5305 Ῑὲυίρὲοέν,
1132 5213 1304 5305 ﬁliai?
1343 5214 1418 5305 IIII
1427 5213 1518 5305 τίὝῖ
1549 5213 1824 5305 ,Χρεξῗὲῗν

251 5281 353 5352 atrii.
382 5281 540 5368 ήμῶν
565 5281 988 5368 ἐπισυναγωγῆς
1013 5289 1098 5338 ἐπ’
1129 5281 1309 5368 αὐτόν.
1332 5281 1418 5368 ἸιΓ
1437 5294 1518 5368 est
1549 5299 1561 5335 :
1601 5281 1629 5362 ιζ
1652 5281 1827 5362 [ioga-

256 5384 381 5422 ntus
403 5353 594 5419 autem
629 5377 746 5424 vos,
780 5353 991 5418 fratres,
1031 5372 1126 5426 per
1151 5358 1440 5426 adventum
1482 5353 1692 5406 Domini
1725 5365 1823 5404 no-

255 5437 361 5492 stri
392 5435 523 5492 Jesu
550 5432 776 5495 Christi,
805 5439 878 5500 et,
899 5441 996 5496 per
1023 5424 1261 5500 nostram
1299 5424 1572 5500 ad_ipsum
1601 5434 1825 5500 congre-

258 5508 558 5576 gationem.
583 5521 604 5556 ι
635 5495 1007 5576 Ἐπισυνάγειν
1028 5499 1244 5576 proprie
1259 5504 1343 5550 est
1359 5495 1636 5576 dispersos
1659 5495 1826 5570 variis

259 5562 330 5631 ξι
373 5577 507 5631 locis
545 5574 602 5628 in
644 5587 808 5626 unum
853 5562 1488 5636 colligereIQuosensu
1536 5562 1827 5636 Dionysius

261 5647 679 5703 Corinthiorum
709 5633 1072 5710 episcnpus'in
1111 5635 1348 5710 Epistula
1372 5635 1438 5687 ad
1466 5633 1825 5710 Athenienses

261 5702 383 5774 eam
412 5723 608 5772 vocem
647 5702 904 5783 usurpat.
927 5711 992 5767 de
1017 5702 1294 5776 Quadrato
1325 5705 1553 5776 loquens
1582 5702 1824 5758 Athena-

1927 4645 2023 4709 δῆς
2050 4631 2539 4709 ἐπισυναχθέντων,
2557 4631 2658 4709 καὶ
2675 4631 2787 4706 ’τῆς
2816 4635 3052 4709 πίστεως
3070 4631 3341 4709 ,ἀναζωπύ
3350 4647 3508 4703 ρησιν

1930 4703 2622 4784 εἰληχότωνχρυιιιᾼνειιὺο
2659 4703 2842 4784 _r'_elert
2883 4704 3154 4784 Eusebius
3198 4704 3250 4784 in
3289 4703 3401 4784 liba
3429 4717 3505 4766 tv,

1933 4770 2086 4853 cap'."
2113 4783 2204 4837 25.
2246 4770 2388 4853 Male
2438 4779 2604 4849 igitur
2648 4777 3186 4853 Christophorsonus
3205 4772 3359 4853 “hoc.
3383 4770 3508 4853 loco

1941 4874 1959 4906 ι
1991 4841 2293 4910 conventus
2324 4870 2342 4902 ι
2371 4841 2784 4915 ἱηιιῖτρτθῑοιυι.
2813 4841 3170 4915 Stibditenim
3203 4841 3505 4915 Eusebius;

1933 4923 2118 4978 καὶτὰ
2144 4922 2320 4992 πλήθη
2348 4918 2456 4992 τῶν
2483 4912 2885 4992 ἀθροισμάτων,
2907 4914 3008 4977 τάς
3019 4930 3094 4992 ’τε
3119 4913 3426 4992 ἐπισήμους
3449 4912 3508 4964 ὲν

1930 4999 2044 5059 τοῖς
2077 4985 2530 5064 προσέυκτηρίοις
2557 4985 3138 5064 συνδρομάς-ιιιιυὶιιιυε
3164 4986 3511 5064 verbts‘con-

1931 5051 2134 5120 ven'tus'
2160 5051 2564 5117 ecclesiasticos
2609 5051 2770 5112 haud
2799 5051 2975 5110 dubie
3011 5054 3283 5123 designat.
3329 5051 3510 5118 Quare

1928 5150 2036 5191 vox
2083 5130 2536 5212 ἐπισυναγωγάς,
2579 5130 2727 5212 aliud
2779 5125 3052 5212 signiﬁcet
3095 5137 3320 5204 necesse
3355 5131 3507 5212 est‘i

1929 5189 2375 5287 congregationés
2412 5189 2648 5280 scilicet,
2674 5206 2734 5251 ut
2771 5189 2920 5277 .dixi,
2971 5209 3158 5274 eorum
3203 5193 3296 5262 qui
3339 5206 3400 5246 se
3443 5189 3511 5271 ad

1929 5275 2130 5330 ChrlSll
2173 5273 2336 5327 [idem
2362 5273 2690 5340 adiungunt.
2725 5268 2818 5322 Sic
2844 5267 3157 5340 Dionysius
3185 5260 3514 5340 Alexandri-

1927 5329 2052 5402 nus"
2086 5346 2141 5400 in
2205 5345 2344 5397 libro
2397 5329 2447 5393 u'
2491 5329 2567 5393 DE
2608 5329 3044 5406 promissionibﬁs
3090 5335 3352 5406 adversus
3413 5329 3515 5406 N‘e:

1930 5399 2141 5484 potem,
2193 5412 2344 5481 cujus
2381 5410 2550 5464 verba
2595 5399 2764 5462 refert
2830 5405 3097 5462 Eusebius
3132 5406 3188 5458 in
3227 5404 3402 5473 capite
3438 5399 3514 5456 25

1930 5487 2022 5542 lib.
2049 5500 2147 5538 vn.

2029 5549 2189 5627 (θὴς
2213 5551 2530 5627 ⁸Ἕκθὺμιυς
2582 5545 3048 5627 διενιιιῖΐιιιιοξὲτνιτενς³
3118 5544 3243 5598 dum
3302 5539 3515 5627 scilicet

1934 5612 2176 5696 episcopi
2212 5624 2355 5696 inter
2391 5612 2450 5676 se
2490 5612 2704 5696 certant
2746 5621 2811 5672 de
2854 5617 3080 5670 honoris
3124 5612 3511 5685 praerogativa,

1932 5692 2030 5780 aut
2059 5692 2352 5752 de'linibus
2374 5692 2740 5764 parteciarum
2764 5702 3011 5744 suarum.
