3928 6252
474 250 582 308 747

1182 250 1445 306 EUSEBII
1484 250 1957 307 CrESAllIENSlS
1994 251 2143 307 (lPP.
2186 253 2369 309 PARS
2409 252 2447 308 L
2489 285 2557 294 —
2596 252 2986 311 HISTORICA.
3589 265 3673 322 748

479 371 622 426 sacri
650 384 777 425 vero
806 367 1020 423 codices
1048 366 1276 423 ﬂammis
1315 369 1523 424 absumi
1548 370 1880 436 jubebantur
1905 389 1917 422 :
1953 379 2026 423 ut-

2136 387 2277 435 νους,
2311 371 2556 441 ἀτίμους,
2580 372 2706 435 τοὺς
2740 372 2797 425 δέ
2826 374 2886 425 ἐν
2913 373 3198 437 οίκετίαις,
3230 375 3277 427 εἰ
3312 375 3601 445 ἐπιμένοιεν
3623 382 3671 435 ἐν

477 482 583 537 que
625 464 872 520 honorati
905 465 1119 533 quidem
1157 463 1381 517 infamia
1435 473 1790 528 notarentur;
1841 464 2033 533 plebeii

477 572 607 614 vero
639 556 891 611 libertate
932 554 1327 624 spoliarentur,
1357 555 1402 610 si
1445 555 1498 609 in
1538 554 1863 610 Christianae
1910 555 2034 611 ﬁdei

475 647 769 718 proposito"
803 645 1253 713 permansissent.
1287 645 1354 699 Et
1385 644 1615 714 primum
1649 645 1866 715 quidem
1907 660 2034 699 con-

475 749 557 793 tra
588 752 687 793 nos
709 737 947 794 edictum
974 736 1278 805 hujusmodi
1305 736 1423 793 fuit.
1451 736 1559 793 Sed
1593 752 1696 791 non
1726 738 1893 792 multo
1915 745 2036 806 post

471 827 592 883 aliae
640 842 831 884 rursus
870 826 1065 882 litterae
1103 837 1567 898 supervenerunt,
1615 829 1815 898 quibus
1876 843 2034 883 man-

472 921 704 976 dabatur
740 929 802 974 ut
841 934 1032 975 omnes
1077 923 1404 993 ubicumque
1436 920 1800 976 Ecclesiarum
1852 921 2026 975 antis-

469 1013 630 1080 tites,
668 1012 916 1082 {primum
961 1012 1180 1083 quidem
1228 1013 1630 1080 conjicerentur
1679 1014 1733 1067 in
1776 1011 2033 1077 vincula;

2137 466 2203 535 τῇ
2232 463 2323 517 τοῦ
2354 464 2777 535 Χριστιανισμοῦ
2823 465 3116 536 προθέσει,
3156 465 3461 538 ἐλευθερίας
3501 477 3675 543 στερεῖ-

2140 555 2262 608 σθαι
2297 553 2403 625 (99)
2446 557 2904 627 προαγορεύοντα.
2954 558 3064 611 Καὶ
3120 559 3153 629 ἡ
3201 557 3295 628 μὲν
3343 559 3526 632 πρώτη
3576 565 3675 618 καθ’

2142 641 2300 713 ἡμῶν
2326 641 2529 713 γραφὴ,
2553 643 2774 716 τοιαύτη
2800 662 2889 708 τις
2914 640 3010 716 ἦν·
3037 646 3153 716 μετ’
3176 647 3236 699 οὐ
3260 646 3392 700 πολὺ
3424 648 3480 703 δὲ
3507 651 3678 723 ἐτέρων

2144 736 2607 805 ἐπιφοιτησάντων
2640 736 2979 807 γραμμάτων
2997 778 3013 803 ,
3040 738 3429 810 προσετάττετο
3455 742 3569 804 τοὺς
3589 742 3677 796 τῶν

2143 827 2443 898 ἐκκλησιῶν
2475 828 2766 901 προέδρους
2794 829 3000 894 πάντας
3022 831 3147 894 τοὺς
3168 831 3306 885 κατὰ
3331 832 3500 886 πάντα
3519 834 3675 899 τόπον,

2144 917 2336 990 πρῶτα
2365 919 2463 992 μὲν
2496 919 2714 990 δεσμοῖς
2743 921 3149 993 παραδίδοσθαι,
3181 919 3278 978 εἷθ’
3305 923 3525 999 ὕστερον
3552 930 3675 1001 πάσῃ

2144 1015 2356 1087 μηχανῇ
2387 1013 2535 1068 θύειν
2563 1012 3047 1084 ἐξαναγκάζεσθαι,

467 1106 664 1162 deinde
692 1119 827 1161 vero
850 1104 969 1163 diis
1014 1104 1348 1170 sacriﬁcare,
1381 1105 1633 1162 omnibus
1675 1106 1852 1160 modis
1881 1114 2227 1176 cogerentur.

1078 1197 1307 1255 CAPUT
1343 1198 1430 1254 ΙΙΙ.

524 1293 600 1347 De
629 1293 793 1348 variis
833 1294 1179 1374 certaminum
1205 1293 1486 1373 generibus
1510 1292 1698 1363 quibus
1728 1302 1987 1361 martyres

900 1373 958 1416 in
997 1375 1353 1432 persecutione
1380 1373 1672 1417 certarunt.

537 1457 674 1512 Tum
700 1472 832 1514 vero
863 1457 1242 1532 quamplurimi
1262 1456 1633 1514 Eeclesiarum
1659 1466 1899 1513 rectores
1912 1474 2038 1530 gra-

465 1551 688 1605 vissima
762 1551 1029 1622 supplicia
1097 1550 1264 1606 alacri
1332 1550 1516 1605 animo
1579 1551 1857 1621 perpessi,
1909 1550 2031 1605 illu-

465 1642 657 1698 strium
709 1642 1069 1697 certaminum
1122 1647 1440 1713 spectacula
1490 1643 1877 1699 exhibuerunt.
1924 1642 2033 1697 Alii

2666 1201 3063 1257 ΚΕΦΑΛΑῘΟΝ
3093 1202 3168 1260 1".

2141 1290 2283 1359 Περί
2325 1292 2432 1347 τοῦ
2485 1292 2708 1366 τρόπου
2751 1292 3061 1366 τῷν-λκατὰ
3094 1294 3211 1366 τὸν
3255 1293 3508 1366 διωγμόν
3545 1297 3671 1366 ἠγω-

2479 1362 2780 1431 νισμένων
2813 1363 2952 1434 (Nic.
2976 1364 3046 1418 Η.
3079 1365 3147 1419 E.
3180 1362 3377 1435 “1.4).

2213 1453 2343 1528 Τότε
2370 1452 2432 1525 δὴ
2458 1449 2551 1508 οὖν
2592 1455 2714 1508 τότε
2743 1455 2981 1511 πλεῖστοι
3011 1457 3111 1528 μὲν
3137 1457 3250 1510 ὅσοι
3274 1457 3384 1510 τῶν
3403 1458 3674 1528 ἐκκλησιῶν

2140 1544 2426 1617 ἄρχοντες,
2469 1546 2666 1610 δειναῖς
2716 1546 2919 1612 αἰκίαις
2966 1546 3260 1619 προθύμως
3300 1547 3670 1620 ἐναθλὴσαντες,

2142 1636 2392 1708 μεγάλων
2421 1635 2644 1706 ἀγώνων
2680 1638 2919 1710 ἱστορίας
2942 1639 3304 1704 ἐπεδείξαντο,
3345 1641 3520 1712 μυρίοι
3541 1640 3580 1694 δ’
3605 1639 3693 1700 ἀλ4

464 1747 679 1803 quoque
708 1748 817 1789 non
843 1732 1191 1804 pauci,fracti
1221 1733 1420 1789 animis
1447 1748 1512 1789 ac
1542 1735 1832 1799 debilitati,
1859 1735 2026 1805 primo

2135 1727 2215 1781 λοι
2240 1727 2337 1800 τὴν
2371 1728 2548 1799 ψυχὴν
2578 1729 2684 1783 ὑπὸ
2723 1728 2920 1792 δειλίας
2952 1732 3455 1802 προναρκήσαντες,
3487 1732 3676 1802 προχεί-

464 1826 652 1881 statim
694 1824 902 1896 impetu
926 1840 1039 1897 pra:
1068 1825 1265 1881 timore
1286 1824 1666 1881 conciderunt.
1703 1825 1781 1880 Ex
1807 1826 2031 1896 reliquis

463 1918 613 1973 varia
667 1917 901 1989 quisque
940 1925 1336 1975 tormentorum
1383 1934 1581 1991 genera
1619 1929 1877 1990 expertus
1906 1929 2029 1976 est:

464 2010 554 2072 hic
577 2009 807 2080 ﬂagellis
830 2009 1119 2077 concisus;
1153 2009 1243 2064 ille
1278 2010 1564 2065 tormentis
1598 2009 2030 2065 intolerabilibus

462 2107 517 2154 et
547 2097 765 2171 ungulis
808 2097 1178 2155 excruciatus.
1221 2096 1430 2164 Quibus
1471 2097 1525 2152 in
1571 2096 1854 2167 suppliciis
1890 2112 2031 2153 non-

462 2189 594 2246 nuﬂi
623 2191 786 2246 etiam
810 2189 1121 2246 miserrimo
1148 2190 1339 2245 mortis
1367 2202 1565 2260 genere
1613 2189 1893 2244 interiere.
1921 2187 2030 2243 Alii

464 2283 592 2338 item
646 2283 751 2338 alio
792 2281 953 2338 modo
994 2291 1272 2337 certamen
1313 2295 1468 2335 suum
1521 2288 1866 2351 peregerunt.
1932 2278 2031 2334 Hic

460 2374 916 2430 contrudentibus
957 2387 1083 2429 eum
1123 2371 1445 2441 quibusdam
1469 2410 1485 2434 ,
1530 2380 1584 2424 et
1611 2372 1677 2424 ad
1711 2370 1918 2440 impura
1966 2383 2032 2424 ac

461 2466 668 2523 nefaria
696 2465 964 2523 sacriﬁcia
1011 2464 1448 2530 admoventibus,
1478 2464 1631 2533 quasi
1665 2462 2029 2518 sacriﬁcasset

459 2557 854 2624 dimittebatur,
899 2557 1110 2612 tametsi
1141 2570 1331 2612 revera
1374 2555 1598 2609 minime
1645 2554 2025 2614 sacriﬁcasse}.

457 2650 610 2705 Alius
641 2663 768 2703 vero
798 2662 919 2702 cum
947 2661 1120 2716 neque
1145 2661 1369 2717 prorsus
1396 2645 1461 2699 ad
1487 2659 1637 2699 aram
1664 2645 2015 2708 accessisset,

461 2755 636 2812 neque
663 2739 946 2811 profanum
981 2740 1281 2810 quidquam
1317 2737 1606 2807 attigisset,
1642 2736 1915 2791 nonnullis
1948 2745 2029 2791 ta-

460 2848 580 2889 tuen
614 2834 787 2903 ipsum
810 2831 1149 2888 sacriﬁcasse
1169 2830 1494 2893 dicentibus,
1529 2830 1669 2884 hanc
1698 2828 2025 2884 calumniam

458 2927 674 2982 silentio
700 2924 1051 2981 dissimulans
1088 2922 1433 2978 abscedebat.
1472 2920 1535 2975 ili
1561 2921 1806 2977 semivivi
1840 2935 2026 2977 corre-

457 3021 535 3091 pti
567 3029 733 3089 atque
773 3015 1015 3071 humeris
1050 3015 1377 3085 gestantium
1408 3014 1627 3081 sublati,
1663 3013 2023 3084 projicieban-

461 3081 549 3167 tur
582 3081 889 3166 tit-mortui.
929 3107 1010 3164 llli
1041 3081 1185 3162 humi
1213 3106 1376 3178 295
1400 3081 1678 3176 iacentes,
1699 3081 1794 3177 per
1816 3081 2090 3178 longis-C

457 3206 656 3260 simum
707 3202 939 3272 spatium
982 3200 1209 3270 pedibus
1253 3201 1636 3265 trahebantur,
1666 3208 1720 3255 et
1746 3200 1891 3253 inter
1925 3213 2020 3255 eos

456 3297 549 3367 qui
582 3295 1026 3351 sacriﬁcaverant
1055 3293 1530 3361 computabantur.
1556 3292 1708 3348 Alius
1745 3307 1876 3348 vero
1904 3292 2019 3349 cla-

457 3387 730 3454 mabat,et
769 3395 1025 3442 contenta
1051 3400 1183 3440 voce
1218 3386 1523 3440 testabatur
1551 3400 1608 3440 se
1638 3383 1904 3439 sacriﬁcia
1935 3398 2022 3439 re-

456 3479 703 3550 pudiare.
729 3479 882 3534 Alius
921 3477 1289 3534 Christianum
1333 3492 1393 3533 se
1437 3492 1559 3533 esse
1591 3475 2019 3542 vociferabatur,

455 3571 711 3628 salutaris
734 3570 894 3640 hujus
924 3569 1158 3625 nominis
1177 3568 1578 3625 confessionem
1604 3584 1715 3639 pra:
1739 3584 1799 3623 se
1818 3568 2018 3624 ferens.

453 3661 606 3717 Alius
635 3660 764 3715 item
810 3674 869 3715 se
902 3673 1003 3715 nec
1036 3658 1406 3722 sacriﬁcasse,
1442 3673 1541 3714 nec
1584 3658 2019 3713 sacriﬁcaturum

453 3767 694 3821 unquam
729 3751 1052 3808 afﬁrmabat.
1085 3751 1190 3808 Sed
1223 3762 1278 3807 et
1304 3751 1360 3807 bi
1399 3766 1431 3807 a
1464 3765 1753 3806 numerosa
1787 3748 2018 3804 militum

452 3860 617 3900 manu
652 3845 720 3900 ad
759 3845 811 3900 id
852 3853 1288 3914 comparatorum
1323 3843 1520 3913 pugnis
1556 3841 1609 3896 in
1645 3857 1707 3897 os
1738 3841 1861 3896 caesi
1885 3880 1901 3907 ,
1956 3856 2019 3897 ac

453 3934 615 3992 silere
645 3934 854 4000 coacti,
884 3935 1036 4006 genis
1066 3933 1326 4004 omnique
1366 3931 1508 3987 facie
1532 3930 1855 3986 verberibus
1887 3946 2020 3987 con-

454 4037 574 4085 tusa
607 4027 871 4083 violenter
907 4026 1336 4096 expellebantur.
1373 4024 1525 4080 Adeo
1570 4023 1793 4093 pietatis
1835 4023 2020 4081 hostes

451 4105 750 4191 perm'agno
784 4119 968 4188 utique
983 4118 1347 4182 aestimabant,
1381 4116 1426 4170 si
1456 4115 1508 4188 id
1538 4114 1680 4185 quod
1708 4113 2014 4180 voluerant,

450 4210 746 4284 perfecisse
766 4209 964 4266 saltem
998 4209 1335 4264 viderentur.
1365 4207 1564 4264 Verum
1600 4206 1713 4262 hzcc
1755 4207 2017 4262 adversus

522 4397 636 4489 £99)
649 4376 1410 4489 ..τοῖςρέέζζοικετέςιιςςςς,
1432 4392 2029 4489 sissesisse?-
2056 4432 2103 4489 ο

452 4464 626 4526 σθὶιιζ
649 4468 875 4523 Ruﬁnus
897 4469 1057 4521 vertit
1089 4486 1102 4519 :
1136 4485 1155 4517 ι
1196 4464 1250 4520 Si
1291 4466 1413 4533 quis
1443 4479 1723 4519 servorum
1771 4479 2023 4529 perman-

454 4543 614 4596 sisset
642 4538 1005 4601 Christianus,
1033 4538 1331 4593 libertatem
1354 4535 1607 4601 consequi
1634 4548 1737 4586 non
1760 4545 1961 4602 posset.
1993 4555 2011 4586 ι

455 4612 628 4678 Quem
699 4623 949 4678 sensum,
993 4620 1211 4678 secutus
1273 4604 1494 4678 videtur
1560 4602 1894 4678 Nicephorus
1963 4605 2016 4660 in

455 4673 551 4737 lib.
585 4694 683 4744 vn,
722 4694 774 4733 c.
830 4677 886 4732 5.
932 4676 1027 4734 Sic
1076 4677 1220 4732 enim
1271 4675 1573 4744 Eusebiana
1636 4673 1799 4744 verba
1851 4689 2020 4744 expo-

454 4752 615 4807 suit:
662 4742 761 4804 καὶ
813 4747 939 4812 τοὺς
998 4748 1217 4809 οἰκέτας
1280 4742 1675 4815 ἐξομνυμένους
1737 4743 2020 4816 ἐλευθερίᾳ

454 4824 641 4894 τιμᾷν,
674 4820 781 4875 Sed
800 4821 926 4894 haec
966 4818 1342 4894 interpretatio
1374 4817 1506 4894 ferri
1538 4822 1889 4894 .nonnpotest.
1929 4817 2019 4871 Sic

455 4883 600 4947 eu'it'n
620 4889 990 4961 imperfectum
1018 4883 1208 4944 fuisset
1238 4883 1590 4961 imperatoris
1620 4884 1881 4961 edictum,
1912 4899 2019 4954 quo

458 4953 717 5016 honorati
736 4962 1002 5014 duntaxat
1071 4968 1128 5015 et
1168 4953 1329 5013 servi‘
1354 4953 1727 5020 comprehensi
1765 4953 2017 5019 fuissent,

459 5031 605 5086 nulla
646 5029 979 5099 plebeiorum
1028 5044 1093 5085 ac
1154 5027 1478 5099 rusticorum
1529 5023 2015 5099 mentioue__facta.

458 5100 608 5154 Adde
631 5093 772 5167 quod
797 5100 841 5154 si
867 5115 963 5168 per
988 5101 1115 5164 τοὺς
1151 5099 1208 5151 ἐν
1239 5094 1499 5157 οἰκετίαις
1539 5094 1680 5168 servi
1715 5093 2022 5165 intelligun-

462 5181 568 5235 tur,
613 5163 1038 5240 ineptum'esset
1081 5171 1286 5240 dicere,
1329 5177 1386 5219 ut
1417 5164 1559 5220 servi
1587 5163 1856 5240 libertate
1892 5163 2021 5233 spo-

460 5233 920 5309 lieniturfNeque
974 5240 1119 5294 enim
1176 5238 1449 5309 libertate
1485 5233 1715 5309 spoliari
1763 5245 2018 5309 possunt,

458 5326 617 5380 quam
643 5326 749 5367 non
782 5303 1004 5367 habent.
1037 5310 1150 5364 Hoc
1190 5323 1312 5380 cum
1365 5303 1833 5380 animadvertisset
1859 5304 2017 5380 Chri-

459 5374 867 5450 stopborsonus,
897 5383 1021 5445 τοὺς
1043 5382 1102 5433 ἐν
1128 5377 1386 5450 οίκετίαις
1423 5374 1730 5450 ¢__privatos_
1766 5392 1784 5425 ι
1832 5375 2015 5450 vertit.

462 5445 571 5521 Ego
605 5461 818 5506 actores
841 5460 893 5506 et
921 5459 1302 5521 procuratores
1332 5446 1598 5521 intelligo,
1641 5445 1740 5521 qui
1775 5447 2019 5521 patronis

460 5515 532 5571 et'
547 5515 936 5587 potentioribus
959 5521 1091 5573 viris
1119 5515 1794 5587 titinistrabattt._Sicinfra
1818 5529 1938 5584 cap.
1961 5515 2018 5579 6,

366 5626 373 5635 .
458 5584 583 5651 τοὺς
615 5591 672 5643 ἐν
695 5589 994 5660 βασιλικαῖς
1025 5587 1284 5652 οίκετίαις
1311 5598 1466 5660 vocat
1499 5584 1761 5660 Eusebius
1797 5587 2019 5660 cubicu-

464 5660 627 5728 larius
691 5653 1051 5728 imperatoris.
1130 5660 1236 5713 Sed
1296 5657 1498 5726 optime
1540 5653 1805 5728 Zonaras
1878 5655 2019 5728 hunc

460 5726 682 5793 Eusebii
736 5724 910 5787 locum
960 5729 1223 5801 esposuit.
1286 5724 1419 5782 Nam
1474 5724 1599 5789 τοὺς
1653 5724 1710 5779 ὲν
1762 5724 2018 5789 οἰκετίαις

2139 1836 2245 1891 ρως
2267 1817 2439 1883 οὕτως
2461 1819 2568 1874 ἀπὸ
2598 1819 2820 1892 πρώτης
2844 1820 3208 1892 ἐξησθένησαν
3234 1821 3555 1893 προσϐολῆς·
3582 1822 3673 1877 τῶν

2133 1912 2191 1967 δὲ
2213 1912 2412 1968 λοιπῶν
2434 1913 2661 1977 ἕκαστος
2683 1911 2800 1985 εῐδη
2823 1915 3055 1987 διάφορα
3077 1915 3326 1986 βασάνων
3356 1915 3669 1989 ἐνήλλαττεν·

2132 2006 2161 2058 6
2191 2005 2290 2077 μὲν
2319 2004 2569 2076 μάστιξιν
2602 2005 2943 2077 αἰκιζόμενος
2979 2008 3040 2061 τὸ
3066 2008 3259 2079 σῶμα,
3295 2010 3323 2062 6
3353 2011 3410 2063 δὲ
3441 2009 3673 2082 στρεϐλώ-

2134 2107 2249 2145 σεσι
2277 2092 2370 2145 καὶ
2410 2092 2628 2166 ξεσμοῖς
2669 2094 3099 2168 ἀνυπομονήτοις
3142 2098 3565 2170 τιμωρούμενος·
3601 2100 3670 2171 ἐφ’

2130 2179 2212 2249 οἷς
2241 2184 2317 2257 (1)
2349 2185 2449 2257 ἠδη
2489 2187 2632 2252 τινὲς
2674 2188 2774 2242 οὐκ
2817 2189 2990 2242 αἴσιον
3043 2189 3422 2262 ἀπηνέγκαντο
3454 2189 3539 2244 τοῦ
3577 2189 3672 2261 βίον

2131 2277 2302 2341 τέλος.
2324 2277 2506 2332 Ἀλλοι
2535 2280 2581 2333 δ’
2597 2277 2665 2334 αὖ
2696 2282 2858 2335 πάλιν
2885 2282 3059 2346 άλλως
3075 2281 3166 2335 τὸν
3195 2282 3385 2352 ἀγῶνα
3405 2283 3667 2357 διεξῄεσαν·

2129 2371 2158 2422 6
2185 2370 2282 2441 μὲν
2306 2370 2414 2442 γάρ
2440 2388 2525 2435 τις
2552 2373 2752 2446 ἐτέρων
2776 2373 2866 2445 βίᾳ
2896 2373 3279 2428 συνωθούντων
3307 2375 3399 2427 καὶ
3417 2377 3529 2438 ταῖς
3548 2392 3671 2445 παμ-

2134 2462 2348 2534 μιάροις
2370 2464 2464 2516 καὶ
2491 2464 2743 2535 ἀνάγνοις
2769 2468 3146 2539 προσαγόντων
3173 2467 3406 2534 θυσίαις,
3440 2468 3510 2533 ὡς
3537 2468 3667 2522 τεθυ-

2130 2549 2240 2615 κὼς
2287 2553 2679 2626 ἀπηλλάττετο,
2713 2556 2808 2609 καὶ
2835 2559 2883 2610 εἰ
2922 2558 2995 2629 μὴ
3028 2556 3271 2621 τεθυκὼς
3298 2553 3366 2630 ἦν
3385 2576 3399 2590 ·
3430 2560 3457 2612 6
3484 2558 3535 2610 δὲ
3562 2558 3664 2631 μηθ’

2128 2642 2263 2708 ὅλως
2293 2646 2695 2717 προσπελάσας,
2725 2648 2860 2719 μηδέ
2889 2666 3034 2713 τινος
3079 2649 3311 2718 ἐναγοῦς
3338 2651 3664 2722 ἐφαψάμενος.

2128 2736 2422 2807 εἰρηκότων
2451 2738 2496 2791 δ’
2523 2739 2723 2809 ἐτέρων
2751 2739 2832 2793 ὅτι
2869 2739 3083 2794 τεθύκοι
3105 2781 3119 2804 ,
3164 2745 3344 2814 σιωπῇ
3394 2742 3558 2814 φέρων
3589 2742 3668 2814 τὴν

2129 2832 2486 2897 συκοφαντίαν
2514 2831 2708 2902 ἀπῄει·
2735 2831 2888 2896 ἄλλος
2915 2832 3181 2905 ἡμιθανὴς
3206 2835 3508 2906 αἰρόμενος,
3528 2834 3594 2898 ὡς
3612 2835 3666 2887 ἂν

2127 2921 2227 2994 ἤδη
2262 2923 2452 2994 νεκρὸς
2480 2925 2786 2996 ἐρρίπτετο.
2814 2926 2923 2979 Καί
2954 2943 3039 2989 τις
3066 2924 3132 2980 αὖ
3165 2928 3346 2981 πάλιν·
3366 2929 3448 2982 ἐπ’
3475 2927 3668 2996 ἐδάφους

2128 3013 2398 3086 κείμενος,
2434 3016 2648 3088 μακρὰν
2681 3017 2910 3087 ἐσύρετο
2938 3021 3059 3072 τοῖν
3076 3020 3256 3073 ποδοῖν
3276 3063 3291 3087 ,
3342 3023 3399 3075 ἐν
3422 3020 3667 3075 τεθυκόσιν

2127 3105 2308 3168 αὐτοῖς
2350 3104 2722 3177 λελογισμένος
2741 3123 2754 3137 ·
2784 3109 2812 3160 6
2837 3107 2892 3160 δέ
2928 3125 3012 3172 τις
3039 3108 3195 3174 ἐϐόα,
3258 3110 3355 3164 καὶ
3387 3110 3576 3182 μεγάλῃ
3604 3108 3669 3161 δι-

2127 3198 2463 3269 εμαρτύρετο
2490 3202 2640 3271 φωνῇ
2664 3199 2761 3271 τῆς
2794 3200 2985 3267 θυσίας
3018 3199 3115 3273 τὴν
3140 3202 3401 3273 ἄρνησιν*
3430 3204 3517 3257 καὶ
3538 3200 3668 3265 ἄλλος

2127 3289 2445 3359 Χριστιανὸς
2475 3284 2615 3347 εἶναι
2652 3293 2940 3364 ἐκεκράγει
2961 3333 2976 3358 ,
3007 3295 3075 3365 τῇ
3105 3292 3202 3347 τοῦ
3231 3296 3497 3368 σωτηρίου
3522 3309 3664 3364 προσ-

2132 3382 2370 3454 ρήματος
2398 3383 2654 3454 ὁμολογίᾳ
2678 3382 3126 3455 λαμπρυνάμενος
3144 3400 3157 3415 °
3188 3384 3380 3458 ἕτερος
3404 3385 3461 3440 τὸ
3504 3385 3568 3456 μὴ
3595 3399 3667 3438 τε,

2131 3472 2352 3526 θυκέναι
2389 3475 2523 3547 μήτε
2566 3474 2747 3528 θύσειν
2793 3476 2923 3529 ποτὲ
2957 3476 3264 3532 διετείνετο.
3303 3480 3485 3549 Ὅμως
3521 3478 3561 3531 δ’
3588 3470 3681 3529 οὖνί

2126 3564 2220 3618 καὶ
2245 3564 2351 3618 οἵδε
2385 3565 2701 3638 πολυχειρίᾳ
2724 3565 2822 3638 τῆς
2848 3567 2953 3620 ἐπὶ·
2965 3567 3123 3621 τοῦτο
3162 3569 3501 3640 τεταγμένης
3524 3582 3663 3636 στρα-

2124 3657 2385 3729 τιωτικῆς
2426 3658 2780 3731 παρατάξεως
2808 3658 2947 3713 κατὰ
2987 3660 3250 3731 στόματος
3292 3660 3557 3731 παιόμενοι
3588 3656 3666 3710 καὶ

2128 3750 2636 3822 κατασιγαξόμενοι,
2662 3752 2805 3805 κατά
2828 3769 2887 3806 τε
2919 3751 3208 3824 προσώπου
3243 3754 3342 3808 καὶ
3367 3750 3587 3824 παρειῶν
3602 3748 3663 3821 (Ξ)

2126 3844 2467 3915 τυπτόμενοι.
2502 3843 2637 3916 μετά
2671 3844 2791 3915 βίας
2839 3844 3153 3910 ἐξωθοῦντο.
3188 3845 3378 3910 Οὕτως
3420 3845 3478 3910 ἐξ
3520 3844 3663 3897 ἃπαν-

2123 3953 2213 3998 τος
2248 3937 2324 4008 (5)
2350 3939 2397 3990 οἱ
2428 3937 2527 4008 τῆς
2553 3937 2859 4002 θεοσεϐείας
2892 3936 3077 4010 ἐχθροί
3106 3938 3167 3991 τὸ
3201 3939 3383 3993 δοκεῖν
3416 3936 3661 4008 ἠνυκέναι,

2125 4029 2254 4100 περὶ
2282 4028 2474 4083 πολλοῦ
2516 4029 2772 4084 ἐτίθεντο.
2814 4029 2953 4082 Ἀλλ’
2981 4030 3040 4083 οὐ
3081 4031 3175 4084 καί⁵
3217 4033 3361 4086 κατά
3387 4031 3490 4084 τῶν
3521 4028 3663 4097 ἁγίων

2124 4121 2306 4184 αὐτοῖς
2344 4121 2633 4193 μαρτύρων
2677 4120 2845 4175 ταῦτα
2885 4120 3224 4194 προύχώρει·
3260 4117 3338 4177 ὧν
3374 4122 3452 4186 εἰς
3490 4116 3662 4191 ἀκριϐῆ

2123 4214 2372 4286 διήγησιν
2399 4214 2481 4279 τίς
2505 4214 2569 4268 ἂν
2594 4217 2725 4286 ἡμῖν
2750 4215 3058 4286 ἐξαρκέσειε
3084 4213 3274 4282 λόγος;

2135 4395 2525 4461 interpretatur
2580 4390 2805 4461 privatae
2828 4388 3165 4461 conditionis
3216 4383 3660 4461 bomines._Verb_a

2128 4466 2245 4533 ejus
2276 4452 2399 4535 sunt
2419 4482 2432 4517 :
2456 4452 2596 4535 Τους
2624 4460 2724 4535 μὲν
2748 4459 2928 4535 ἀξίαις
2952 4459 2983 4530 ἢ
3012 4459 3323 4535 στρατείαις
3349 4452 3663 4535 κατειλεγεΞέ.

2122 4527 2265 4598 νους,
2293 4532 2504 4603 άτίμως
2530 4527 2919 4603 ἐξελαύνεσθαι
2931 4527 3049 4603 -καὶ
3078 4527 3182 4603 τῆς
3220 4528 3404 4603 ἀξίας,
3446 4527 3540 4603 καὶ
3581 4527 3662 4593 τῆς

2124 4597 2428 4677 στρατείας’
2463 4597 2589 4665 τοὺς
2620 4601 2675 4653 δὲ
2706 4601 2877 4672 τύχης
2907 4597 3185 4664 ἰδιώτιδος,
3215 4597 3543 4653 δουλοῦσθαι.

2195 4676 2270 4728 (ll
2313 4672 2431 4728 Ἐφ’
2479 4669 2590 4728 οἷς.
2649 4671 2702 4725 Id
2749 4682 2855 4728 est.
2909 4687 2928 4720 ι
2984 4669 3034 4723 in
3076 4672 3272 4728 quibus
3329 4665 3656 4724 tormentis.»

2195 4676 2270 4746 (Ι)
2313 4676 2431 4742 Ἐφ’
2479 4676 2590 4738 οἷς.
2649 4676 2702 4725 Id
2749 4682 2855 4733 est,
2909 4687 2928 4720 ι
2984 4676 3034 4723 in
3076 4676 3272 4738 quibus
3329 4676 3656 4724 tortttentt’s.»

2122 4742 2276 4811 Quod
2301 4759 2405 4798 non
2430 4743 2808 4796 intellexerunt
2832 4739 3105 4811 Musculus
3147 4749 3201 4795 et
3241 4738 3661 4811 Christophorfo-

2122 4804 2245 4871 rius.
2283 4814 2389 4867 Sed
2437 4811 2774 4881 Nicephorus
2830 4811 2881 4864 in
2904 4810 2997 4864 lib.
3027 4824 3123 4877 vn,
3159 4824 3281 4881 cap.
3317 4809 3376 4876 4,
3408 4804 3544 4864 hunc
3568 4804 3660 4861 Eu-
3770 4834 3775 4840 ι

2123 4886 2254 4941 sebii
2282 4885 2456 4954 locum
2489 4880 2692 4952 optime
2714 4880 2984 4954 exposuit.
3031 4950 3043 4954 _
3234 4880 3287 4954 '_
3389 4946 3444 4954 __
3537 4945 3550 4954 _
3605 4942 3632 4954 __

2193 4956 2271 5025 (2)
2296 4945 2549 5025 Kardeé
2585 4945 2911 5025 προσώπου
2949 4950 3048 5004 καί
3076 4948 3353 5025 παρειῶν.
3388 4945 3658 5025 Plumbatis

2124 5014 2294 5081 ctc'sos
2347 5014 2727 5092 iutelligofde
2783 5038 2890 5089 quo
2935 5014 3198 5094 supplicio
3241 5021 3294 5074 in
3347 5014 3660 5094 pas_sion_ibus

2125 5106 2444 5165 martyrum,
2472 5087 2576 5165 non
2603 5106 2728 5147 raro
2766 5087 2828 5149 ﬁt
2859 5087 3080 5165 mentio.
3110 5089 3241 5165 Nam
3275 5087 3401 5165 cum
3425 5087 3658 5165 Eusebius

2124 5158 2389 5234 mart'yres
2413 5164 2606 5234 pugnis
2631 5176 2799 5234 caesos
2851 5175 2973 5215 esse
3015 5161 3126 5234 jam
3145 5230 3156 5234 _
3177 5158 3553 5234 digerit,_binc
3577 5166 3658 5207 ne-

2123 5225 2362 5288 cessario
2389 5225 2687 5301 intelligere
2708 5232 2967 5301 debemus
2997 5225 3287 5301 plumbatis
3319 5229 3374 5282 in
3399 5225 3535 5282 facie
3558 5235 3661 5277 ver-

2121 5303 2357 5359 beratos.
2388 5299 2597 5370 Alioqui
2629 5311 2772 5357 esset
2793 5299 3137 5369 ταυτολογία.
3302 5368 3333 5370 η
3444 5362 3478 5370 _
3522 5361 3535 5370 ,
3610 5357 3635 5370 ν,

2194 5374 2270 5445 (ὅ)
2310 5372 2405 5438 Ἐξ
2433 5361 2797 5445 ἅῌπὶιντοςτᾲιη
2823 5372 2961 5445 libro
2989 5361 3065 5445 of.
3093 5368 3414 5445 martyribus
3435 5361 3659 5445 Palmti:

2129 5439 2232 5509 me,
2252 5439 2345 5498 ubi
2375 5443 2535 5495 multa
2561 5459 2625 5497 ex
2672 5442 2906 5495 Historia
2933 5441 3282 5494 ecclesiastica
3315 5439 3500 5509 iisdem
3547 5442 3661 5509 με,ηο

2120 5498 2302 5569 verbis
2334 5523 2669 5582 repetuntur,
2705 5512 2901 5582 legitur
2934 5511 2998 5564 ἐκ
3036 5509 3254 5582 παντός,
3292 5498 3663 5582 quodest'ele:

2104 5567 2355 5654 gauli—us.
2395 5567 2505 5638 'Sic
2554 5567 2784 5638 autem“
2814 5581 2986 5637 Graeci
3053 5567 3255 5647 dicunt,
3309 5567 3453 5648 quod
3506 5567 3661 5627 Latini

2128 5673 2146 5707 ι
2188 5657 2392 5725 utique.
2435 5672 2454 5707 ι
