3928 6252
301 315 409 372 ’749

1278 325 1627 381 HISTORIA?)
1660 325 2219 384 ECCLESIASTlC/E
2266 330 2393 386 LIB.
2438 332 2572 389 Vlll.

3461 342 3568 401 750

306 434 688 492 sanctissimos
727 438 821 495 Dei
865 448 1135 513 martyres
1173 459 1361 514 parum
1396 461 1623 515 propere
1652 446 1731 500 eis
1769 461 2005 502 cessere.
2056 451 2294 516 Quorum
2357 468 2441 507 res
2479 466 2656 525 gestas
2708 458 2754 510 si
2806 470 3058 513 accurate
3117 477 3386 530 exponere
3438 471 3568 518 wh-

308 544 453 595 mus,
484 544 735 600 quaenam
768 533 925 587 nobis
942 534 1121 590 oratio
1152 536 1221 591 ad
1250 536 1303 590 id
1335 534 1659 590 sull‘ecerit?

840 631 1238 686 ΚΕΦΑΑΑΙΟΝ
1288 634 1360 687 Δ’.

304 720 449 789 Περὶ
483 717 601 773 τῶν
631 719 911 793 ᾀοιδίμων
941 723 1047 793 τοῦ
1076 724 1222 777 Θεοῦ
1238 726 1567 793 μαρτύρων·
1596 725 1676 790 ὡς
1698 724 1894 778 πάντα

380 793 572 844 ’τόπον
624 791 905 863 ἔπλησαν
953 790 1062 858 τῆς
1111 790 1339 847 ἐαυτῶιῖ
1389 790 1660 863 μνήμης,
1705 795 1893 848 ποικί-

375 866 530 935 λους
560 861 885 935 τοὺλςᾲὺπὲρ
924 865 1232 935 ερσεϐεἰας
1275 861 1718 935 ἀναδησάμενοι
1761 880 1892 919 στε-

377 930 615 1000 φάνους
655 932 798 1003 (Nic.
836 931 907 986 H.
943 934 1009 987 E.
1044 950 1138 1000 Vli,
1167 936 1244 1005 '5).

376 1026 625 1096 Μυρίους
644 1027 741 1097 μὲν
763 1027 871 1097 γὰρ
899 1029 1178 1099 ἱστορήσαι
1204 1030 1267 1083 ἄν
1295 1047 1377 1093 τις
1404 1029 1722 1102 θαυμαστὴν
1752 1032 1891 1103 ὑπὲρ

301 1116 590 1179 εὐσεϐείας
618 1116 711 1169 τοῦ
740 1117 876 1170 Θεοῦ
905 1117 1011 1170 τῶν
1045 1118 1181 1170 ὅλων
1226 1118 1658 1189 ἐνδεδειγμένους
1686 1118 1890 1190 προθυ-

305 1208 461 1278 μίαν,
492 1209 590 1261 οῦκ
623 1207 680 1272 ἐξ
701 1208 932 1279 ὅτουπερ
963 1209 1120 1279 μόνον
1142 1213 1168 1262 ὁ
1192 1211 1329 1263 κατὰ
1353 1212 1568 1264 πάντων
1598 1211 1886 1283 ἀνεκινήθη

300 1302 565 1373 διωγμὸς,
598 1303 731 1357 πολὺ
758 1304 1019 1376 πρότερον
1045 1304 1129 1368 δὲ,
1160 1305 1277 1357 καθ’
1308 1305 1365 1359 ὃν
1405 1305 1485 1358 ἔτι
1519 1306 1587 1358 τὰ
1618 1305 1717 1375 τῆς
1748 1308 1888 1377 εἰρή-

300 1411 405 1462 νης
432 1398 826 1465 συνεκροτεῖτο.
859 1398 1015 1467 ’Ἄρτι
1039 1396 1145 1469 γὰρ
1174 1397 1297 1468 ἄρτι
1326 1397 1541 1469 πρῶτον
1569 1397 1759 1468 ὥσπερ
1781 1399 1888 1451 ἀπὸ

301 1488 477 1558 κάρου
509 1486 697 1557 βαθέος
727 1489 1148 1560 ὑποκινουμένου
1172 1491 1263 1544 τοῦ
1283 1491 1486 1560 ταύτην
1518 1491 1613 1562 τὴν
1641 1491 1886 1556 ἐξουσίαν

298 1580 588 1650 είληιρὸτος
625 1580 735 1651 (4),
766 1580 1004 1652 κρύϐδην
1039 1599 1096 1634 τε
1131 1581 1207 1635 ἔτι
1244 1584 1337 1635 καὶ
1372 1584 1591 1653 ἀφανῶς
1625 1585 1761 1653 μετὰ
1795 1582 1885 1637 τὸν

294 1672 413 1725 ἀπὸ
444 1673 634 1725 Δεκίου
666 1674 758 1725 καὶ
790 1673 1150 1745 Οὐαλεριανοῦ
1198 1674 1397 1744 μεταξὺ
1428 1675 1616 1748 χρόνον
1645 1677 1764 1740 ταῖς
1804 1678 1888 1729 ὲκ-

300 1764 556 1835 κλησίαις
581 1766 1000 1836 ἐπιχειροῦντος.
1031 1768 1130 1820 οὐκ
1156 1768 1366 1839 ἀθρόως
1389 1787 1448 1821 τε
1474 1768 1550 1839 τῷ
1574 1769 1692 1823 καθ’
1728 1769 1883 1839 ἡμῶν

296 1856 742 1927 ὲπαποδυομένου
778 1858 1014 1929 πολέμῳ,
1044 1860 1156 1912 ἀλλ’
1186 1860 1265 1913 ἔτι
1302 1861 1410 1914 τῶν
1448 1862 1586 1915 κατά
1620 1862 1685 1915 τὰ
1717 1880 1883 1934 στρα-

1920 637 1968 694 Α

2603 636 2828 693 CAPUT
2870 638 2954 695 ιν.

1996 724 2393 798 ΒενὶίΙιιδινὶὺιιδ
2424 727 2515 779 Dei
2549 733 2885 798 martyribus,
2920 735 3179 798 quomodo
3203 744 3370 789 totum
3393 740 3563 793 orbem

2068 797 2212 863 fama
2244 798 2480 874 nominis
2498 803 2580 850 sui
2607 797 2946 867 impleverunt
2973 843 2988 869 ,
3034 805 3209 858 varias
3238 823 3333 874 pro
3379 810 3566 862 oietate

2064 883 2283 920 coronas
2308 870 2502 936 adepti.

2063 1024 2271 1097 Quippe
2292 1043 2454 1098 quam
2479 1028 2745 1099 plurimos
2778 1034 2984 1090 referre
3014 1049 3321 1104 possumus,
3344 1041 3437 1110 qui
3470 1040 3565 1110 pro

1995 1122 2227 1190 supremi
2252 1114 2507 1178 Numinis
2536 1125 2688 1179 cultu
2756 1126 3128 1185 admirabilem
3170 1132 3335 1187 animi
3368 1134 3567 1189 alacri-

1997 1222 2159 1265 tatem
2193 1214 2538 1269 declararunt
2570 1236 2582 1271 :
2618 1218 2777 1287 idque
2800 1234 2904 1273 non
2938 1221 3110 1276 solum
3136 1240 3203 1278 ex
3235 1240 3343 1294 quo
3375 1228 3568 1283 adver-

1993 1319 2083 1359 sus
2120 1320 2309 1360 omnes
2350 1307 2694 1363 Christianos
2739 1313 2972 1369 excitata
3037 1326 3156 1369 erat
3204 1321 3561 1387 persecutio;

1991 1395 2084 1449 sed
2115 1405 2169 1450 et
2203 1397 2404 1452 dudum
2436 1409 2615 1466 antea,
2650 1418 2772 1456 cum
2805 1418 2909 1472 pax
2932 1406 3111 1462 adhuc
3146 1407 3377 1478 vigeret.
3414 1412 3567 1469 Tunc

1991 1488 2132 1541 enim
2165 1503 2285 1543 cum
2330 1491 2579 1547 diabolus
2628 1496 2718 1562 qui
2770 1506 3097 1564 potestatem
3150 1504 3361 1572 accepit
3403 1505 3566 1576 hujus

1991 1581 2174 1635 mundi
2203 1623 2218 1648 ,
2259 1590 2517 1654 tanquam
2563 1601 2629 1641 ex
2671 1587 2936 1644 altissimo
2968 1606 3169 1660 sopore
3198 1597 3424 1651 excitari
3456 1601 3566 1668 pri-

1991 1691 2137 1727 mum
2182 1676 2479 1747 coepisset,
2516 1688 2569 1733 et
2600 1690 2719 1749 post
2752 1680 2883 1736 illud
2917 1687 3179 1755 temporis
3218 1690 3564 1747 intervallum

1988 1768 2129 1835 quod
2162 1770 2595 1836 persecutionem
2628 1773 2776 1827 Decii
2810 1788 2873 1829 ac
2900 1774 3177 1832 Valeriani
3212 1780 3562 1837 subsecutum

1987 1870 2104 1925 est,
2142 1860 2279 1914 clam
2311 1862 2491 1919 adhuc
2529 1874 2583 1918 et
2630 1867 2846 1923 occulte
2881 1869 3232 1925 insidiaretur
3268 1872 3559 1941 Ecclesiaa;

299 1950 504 2004 τόπεδα
540 1951 714 2021 μόνων
747 1953 1226 2024 ἀποπειρωμένου⁹
1273 1954 1444 2025 ταύτῃ
1478 1954 1583 2026 γὰρ
1630 1955 1721 2008 καὶ
1759 1957 1885 2020 τοὺς

1995 1967 2088 2007 nec
2132 1953 2291 2008 simul
2323 1964 2372 2007 et
2407 1956 2691 2011 confertim
2729 1961 2887 2015 nobis
2917 1960 3118 2015 bellum
3162 1963 3424 2033 inferret,
3468 1971 3563 2024 sed

298 2040 526 2105 λοιποὺς
582 2041 782 2095 ἁλῶναι
826 2043 1020 2114 ῥᾳδίως
1055 2043 1207 2113 ᾤετο,
1258 2046 1304 2097 εί
1351 2046 1610 2116 πρότερον
1663 2045 1883 2098 ἐκείνων

304 2135 838 2204 καταγωνισάμενος
870 2135 1222 2206 περιγένοιτοδ
1258 2136 1539 2202 πλείστους
1571 2139 1748 2208 παρῆν
1776 2137 1884 2192 τῶν

298 2224 360 2276 ὲν
392 2225 701 2295 στρατείαις
729 2227 859 2297 ὀρᾷν
893 2226 1268 2297 ἀσμενέστατα
1314 2226 1404 2280 τὸν
1454 2228 1717 2283 ἰδιωτικὸν
1753 2248 1884 2302 προ-

287 2314 716 2387 ασπαζομένους
762 2316 872 2386 βίον
898 2356 912 2380 ,
942 2318 1016 2380 ὡς
1047 2317 1112 2371 ἂν
1140 2317 1214 2389 μὴ
1262 2317 1475 2389 ἔξαρνοι
1508 2320 1747 2387 γένοιντο
1782 2322 1884 2393 τῆς

298 2410 434 2481 περὶ
464 2409 557 2463 τὸν
583 2411 691 2462 τῶν
723 2411 857 2465 ὅλων
882 2411 1218 2483 Δημιουργὸν
1265 2412 1563 2476 εὐσεϐείας.
1604 2414 1688 2477 Ὠς
1718 2412 1825 2484 γὰρ
1855 2417 1883 2468 ὁ

301 2503 784 2575 στρατοπεδάρχης
818 2504 929 2575 (5),
971 2506 1028 2568 ὃς
1073 2522 1157 2567 τις
1199 2505 1329 2558 ποτὲ
1374 2501 1441 2575 ἦν
1493 2506 1730 2572 ἐκεῖνος,
1760 2508 1883 2580 ἄρτι

299 2593 521 2664 πρῶτον
564 2596 825 2666 ἐνεχείρει
877 2595 954 2667 τῷ
1004 2596 1143 2649 κατὰ
1195 2596 1300 2649 τῶν
1341 2598 1762 2668 στρατευμάτων
1802 2599 1883 2653 διο

296 2686 516 2757 ωγμῴ,
568 2686 907 2759 φυλοκρινῶν
959 2691 1052 2742 καὶ
1101 2689 1467 2762 διακαθαίρων
1513 2693 1637 2754 τοὺς
1678 2694 1735 2746 ὲν
1771 2695 1883 2756 τοῖς

302 2777 690 2849 στρατοπέδοις
732 2780 1199 2850 ἀναφερομένους,
1244 2780 1452 2850 αἵρεσίν
1490 2798 1551 2832 τε
1595 2779 1806 2846 διδοὺς,
1847 2782 1880 2853 ἢ

301 2867 695 2939 πειθαρχοῦσιν
736 2864 802 2940 ἦς
850 2870 1017 2941 μετῆν
1066 2871 1246 2934 αὐτοῖς
1293 2871 1586 2927 ἀπολαύειν
1628 2872 1880 2945 τιμῆς,ἢ

296 2963 609 3016 τούναντίον
659 2963 941 3035 στέρεσθαι
983 2964 1223 3036 ταύτης,
1268 2966 1316 3017 εί
1371 2966 1766 3020 ἀντιτάττοιντο
1805 2967 1884 3039 τῷ

299 3056 717 3127 προστάγματι,
750 3056 991 3109 πλεῖστοι
1030 3056 1142 3109 ὅσοι
1187 3058 1283 3126 τῆς
1324 3056 1557 3127 Χριστοῦ
1607 3058 1883 3127 βασιλείας

299 3148 637 3218 στρατιῶται
664 3147 760 3219 τὴν
786 3150 864 3211 είς
884 3148 1043 3201 αὐτὸν
1060 3148 1369 3219 ὁμολογίαν,
1396 3148 1468 3220 μὴ
1496 3149 1880 3221 μελλήσαντες,

298 3236 403 3307 τῆς
428 3236 690 3308 δοκούσης
719 3237 877 3307 δόξης
905 3235 998 3290 καὶ
1042 3235 1349 3307 εὐπραγίας
1394 3232 1461 3309 ἦς
1505 3231 1667 3306 εἶχον,
1709 3238 1882 3307 ἀναμ-

1988 2057 2081 2096 eos
2112 2044 2487 2114 duntaxatqui
2520 2047 2573 2101 in
2594 2050 2840 2103 exercitu
2885 2052 3213 2118 militabant,
3249 2066 3436 2126 utpote
3470 2073 3564 2128 pe-

1986 2128 2472 2199 riculumipsorum
2514 2133 2757 2191 facturus
2788 2150 3071 2208 appeteret
3106 2160 3118 2196 :
3155 2144 3394 2214 reliquos
3415 2148 3559 2201 enim

1984 2221 2133 2279 nullo
2175 2225 2393 2292 negotio
2432 2238 2873 2297 expugnaturum
2918 2247 2978 2288 se
3018 2235 3310 2303 credebat,
3361 2239 3404 2293 si
3458 2240 3560 2295 hos

1983 2311 2217 2381 primum
2248 2315 2302 2369 in
2344 2319 2643 2374 certamine
2686 2334 3037 2391 superasset;
3079 2336 3203 2382 tunc
3230 2368 3245 2393 ,
3296 2329 3556 2400 inquam,

1984 2416 2207 2461 cernere
2238 2419 2355 2463 erat
2376 2424 2536 2479 quam
2568 2412 2848 2481 plurimos,
2882 2417 2974 2486 qui
2999 2417 3212 2489 abjecta
3238 2422 3425 2478 militia
3454 2426 3561 2495 pri-

1984 2505 2163 2551 vatam
2193 2500 2360 2555 vitam
2414 2504 2670 2573 amplecti
2716 2507 3057 2577 maluerunt,
3100 2526 3265 2580 quam
3317 2521 3554 2587 supremi

1984 2591 2224 2644 omnium
2263 2608 2443 2648 rerum
2472 2596 2685 2663 opiﬁcis
2704 2598 2909 2654 cultum
2940 2601 3235 2674 abnegare.
3264 2604 3557 2677 Postquam

1986 2677 2131 2733 enim
2166 2681 2273 2735 dux
2307 2682 2532 2739 Romani
2578 2688 2853 2743 exercitus
2888 2693 3073 2748 nescio
3102 2696 3245 2763 Quis,
3291 2696 3558 2755 Christia-

1985 2786 2085 2826 nos
2123 2775 2326 2832 milites
2380 2782 2633 2850 persequi
2676 2797 3003 2854 aggressus,
3045 2801 3140 2841 eos
3179 2789 3269 2857 qui
3305 2790 3359 2844 in
3401 2808 3560 2847 exer-

1986 2872 2096 2926 citu
2130 2872 2412 2926 merebant
2451 2872 2685 2929 lustrare
2733 2876 2992 2947 coepisset
3031 2893 3096 2935 ac
3138 2895 3427 2940 recensere
3456 2926 3471 2951 ,
3506 2897 3562 2943 et

1985 2962 2324 3018 Christianos
2351 2962 2578 3020 liberam
2606 2966 2839 3039 eligendi
2868 2978 3194 3039 potestatem
3229 2972 3467 3043 fecisset,
3502 2989 3562 3034 ut

1986 3053 2071 3108 vel
2107 3056 2497 3124 imperatorum
2532 3057 2698 3124 jussis
2752 3056 3191 3133 obtemperantes
3225 3066 3445 3122 honoris
3476 3070 3561 3124 sui

1986 3146 2212 3217 gradum
2263 3149 2595 3218 retinerent;
2625 3151 2729 3216 vel,
2763 3153 2807 3207 si
2848 3171 3041 3224 parere
3080 3158 3321 3224 nollent,
3353 3161 3562 3216 honore

1987 3240 2195 3295 militia:
2245 3240 2413 3312 296
2459 3245 2817 3311 nudarentur,
2856 3249 3165 3318 complures
3228 3253 3383 3321 regni
3432 3253 3560 3309 Jesu

299 3329 541 3399 φιλόγως
571 3329 965 3400 προύτίμησαν.
1010 3329 1144 3399 Ἤδη
1184 3329 1240 3382 δὲ
1286 3330 1523 3391 σπανίως
1556 3328 1759 3382 τούτων
1802 3325 1883 3392 εἷς

1995 3330 2189 3385 Christi
2237 3333 2457 3395 milites,
2512 3336 2748 3391 nominis
2788 3336 2930 3393 illius
2961 3340 3361 3398 confessionem
3394 3359 3563 3400 saecu-

301 3443 404 3478 που
437 3426 533 3477 καὶ
554 3424 825 3493 δεύτερος,
864 3423 923 3477 οὐ
962 3422 1118 3493 μόνον
1150 3421 1249 3491 τῆς
1281 3420 1435 3487 ἀξίας
1462 3420 1559 3491 τὴν
1590 3419 1879 3491 ἀποϐολὴν,

298 3515 443 3570 ἀλλὰ
478 3516 575 3570 καὶ
619 3516 843 3569 θάνατον
868 3514 968 3584 τῆς
999 3512 1256 3576 εὐσεϐοῦς
1296 3514 1596 3576 ὲνστάσεως
1626 3515 1882 3566 ἀντικατ-

298 3609 649 3678 ηλλάττοντο,
691 3607 925 3679 μετρίως
960 3624 1074 3669 πως
1104 3606 1205 3677 ἤδη
1234 3605 1354 3658 τότε
1383 3604 1474 3657 τοῦ
1524 3604 1621 3675 τὴν
1666 3604 1883 3657 επιϐου-

301 3702 400 3773 λὴν
434 3699 786 3772 ἐνεργοῦντος
826 3698 902 3770 (6)
948 3698 1040 3750 καὶ
1087 3696 1276 3768 μέχρις
1327 3692 1554 3765 αἵματος
1595 3694 1679 3747 ἐπ’
1722 3694 1880 3749 ὲνίων

302 3794 529 3864 φθάνειν
559 3791 984 3863 ὲπιτολμῶντος,
1016 3788 1106 3842 τοῦ
1156 3787 1388 3859 πλήθους
1411 3829 1426 3852 ,
1463 3786 1537 3850 ὡς
1569 3786 1709 3839 ἔοικε
1730 3826 1743 3849 ,
1773 3787 1879 3839 τῶν

301 3887 512 3940 πιστῶν
538 3884 904 3955 δεδιττομένου
950 3900 1011 3935 τε
1042 3882 1202 3936 αὐτὸν
1236 3881 1314 3933 ἔτι
1360 3882 1452 3934 καὶ
1497 3880 1880 3944 ἀποκναίοντος

302 3981 399 4033 ἐπὶ
441 3980 534 4032 τὸν
582 3980 723 4032 κατὰ
768 3980 984 4033 πάντων
1029 3976 1241 4050 ἀθρόως
1291 3976 1596 4045 ἐφορμῆσαι
1628 3974 1882 4045 πόλεμον.

313 4075 403 4136 Ὦς
432 4073 491 4126 δὲ
527 4073 621 4125 καὶ
667 4071 995 4142 γυμνότερον
1049 4066 1383 4121 ὲπαπεδύετο
1405 4108 1420 4133 ,
1453 4066 1563 4119 οὐδ’
1597 4065 1710 4119 ἔστι
1741 4066 1884 4137 λόγῳ

297 4167 528 4221 δυνατὸν
553 4164 959 4235 ἀφηγήσασθαι,
991 4164 1148 4224 ὅσους
1175 4161 1269 4213 καὶ
1292 4160 1508 4222 ὁποίους
1529 4159 1622 4212 τοῦ
1648 4159 1884 4231 Χριστοῦ

306 4263 591 4333 μάρτυρας
615 4260 910 4330 ὀφθαλμοῖς
931 4258 1109 4329 παρῆν
1137 4256 1291 4326 ὁρᾷν,
1314 4256 1424 4317 τοῖς
1449 4252 1551 4307 ἀνὰ
1577 4253 1756 4315 πάσας
1787 4254 1885 4317 τάς

298 4371 363 4408 τε
396 4353 581 4416 πόλεις
615 4354 706 4405 καὶ
734 4353 831 4415 τὰς
863 4350 1046 4423 χώρας
1069 4348 1325 4402 οἰκοῦσιν.

840 4464 1234 4518 ΚΕΦΛΛΑΙΟΝ
1275 4464 1348 4515 Ε’.

331 4563 477 4632 Περὶ
512 4561 630 4615 τῶν
663 4559 812 4613 κατὰ
848 4556 1252 4627 Νικομήδειαν
1287 4554 1426 4627 (Nic.
1460 4555 1533 4609 η.
1562 4554 1628 4609 E.
1651 4569 1746 4621 vn,
1774 4553 1851 4622 5).
1917 4537 1960 4591 ι)

370 4656 585 4708 Αὐτίκα
625 4653 755 4723 γοῦν
799 4651 908 4705 τῶν
955 4651 1054 4704 οὐκ
1086 4650 1314 4721 ἀσήμων
1357 4665 1440 4711 τις
1474 4646 1571 4720 (7),
1608 4644 1744 4699 ἀλλὰ
1788 4646 1883 4699 καὶ

299 4751 447 4818 ἄγαν
473 4747 614 4801 κατά
635 4747 732 4809 τὰς
756 4746 812 4799 ὲν
840 4745 916 4816 τῷ
946 4744 1043 4815 βίῳ
1071 4741 1463 4813 νενομισμένας
1494 4738 1765 4811 ὑπεροχὰς
1799 4740 1883 4791 ὲν·-

298 4842 601 4908 δοξοτὰτων
625 4882 639 4906 ,
684 4840 799 4910 ἅμα
841 4838 918 4908 τῷ
952 4838 1051 4909 τὴν
1082 4836 1221 4891 κατά
1264 4835 1371 4888 τῶν
1401 4833 1704 4904 ἐκκλησιῶν
1734 4834 1790 4885 ὲν
1816 4835 1881 4904 τῇ

301 4934 645 5007 Νικομηδεῖς.
673 4932 997 5004 προτεθῆναι
1020 4930 1269 5003 γραφὴν,
1304 4927 1450 4998 ζήλῳ
1481 4926 1559 4997 τῷ
1585 4924 1723 4978 κατὰ
1753 4924 1884 4978 Θεὸν

365 5094 598 5177 (λθ-Τοῦ
624 5099 739 5177 τὴν
765 5100 1063 5177 ἐξουσίαν.
1099 5098 1435 5177 είνζῃερότος.
1485 5094 1766 5177 Diabolum
1798 5096 1881 5177 in-

305 5172 525 5247 telligit,
550 5167 1101 5247 gui_in___Evangelio
1151 5168 1360 5247 dicitur
1394 5167 1670 5247 _pr_i.t_tceps
1722 5167 1881 5247 hujus

305 5237 517 5296 mundi.
550 5237 615 5296 Et
646 5242 725 5297 sic
754 5237 1110 5311 Nicephorus,
1149 5239 1202 5293 in
1235 5255 1355 5311 cap.
1394 5239 1444 5311 δέ
1476 5237 1567 5291 lib.
1611 5252 1707 5311 vit,
1740 5238 1881 5311 hunc

307 5312 528 5367 Eusebii
564 5315 740 5389 locum
773 5307 1195 5389 accé_pit,__quem
1242 5307 1516 5389 lliusttulus
1548 5316 1602 5389 et
1640 5307 1880 5389 Christo-

306 5384 862 5457 phorsotius_miniiue
898 5380 1297 5457 inttglexerunht.
1352 5380 1523 5457 Porro
1573 5380 1625 5430 in
1663 5380 1880 5457 scriptis

310 5447 592 5508 codicibus
628 5453 788 5511 Maz.,
811 5453 968 5505 Med“
991 5451 1127 5505 Fuk.
1157 5463 1212 5505 et
1240 5450 1368 5507 Sav.
1404 5450 1601 5520 legitur
1630 5447 1723 5501 τοῦ
1750 5447 1881 5503 ταύ-

304 5540 403 5596 την
430 5528 532 5598 τὴν
562 5524 811 5589 ἐξουσίαν
847 5522 1144 5600 εἰληφότος.
1229 5590 1275 5600 ﬁ
1404 5592 1415 5600 .
1695 5588 1708 5600 .

395 5597 451 5669 ὅ)
486 5590 595 5669 ’⁷0
625 5590 1173 5669 στρατοπεδάρχηςε
1229 5590 1888 5669 Veturium‘magistrum

395 5598 451 5669 ὅ)
510 5599 567 5649 Ὁ
625 5598 1170 5662 στρατοπεδάρχης.
1235 5598 1514 5673 Veturium
1565 5598 1882 5669 magistrum

300 5598 541 5723 miiitum
586 5666 864 5733 intelligit,
894 5667 957 5718 de
981 5680 1088 5732 quo
1134 5664 1399 5718 Eusebius
1428 5664 1483 5717 in
1517 5661 1773 5715 Chronico
1815 5659 1882 5713 ad

298 5755 509 5793 annum
547 5752 664 5792 xvtt
728 5732 1041 5788 Diocletiani
1076 5735 1187 5789 haec
1213 5735 1372 5788 habet
1409 5752 1421 5786 :
1454 5753 1475 5784 ‹
1502 5732 1748 5786 Veturius
1774 5745 1890 5782 ma-

294 5816 468 5882 gister
524 5807 760 5870 militiae,
814 5805 1155 5863 Christianos
1234 5803 1434 5861 milites
1503 5802 1881 5875 persequitur;

1987 3423 2087 3476 lari
2117 3423 2305 3492 gloriae
2334 3440 2395 3479 ac
2421 3424 2669 3481 felicitati
2701 3442 2805 3496 qua
2842 3430 3184 3498 fruebantur,
3222 3437 3426 3505 absque
3454 3439 3560 3493 ulla

1988 3518 2335 3571 cunctatione
2358 3520 2729 3587 prtetulerunt.
2752 3519 2831 3574 Ex
2858 3522 3054 3592 quibus
3084 3527 3243 3595 pauci
3268 3528 3558 3585 admodum

1986 3623 2091 3662 non
2132 3610 2293 3664 modo
2318 3611 2659 3680 dignitatem,
2690 3628 2879 3670 verum
2922 3625 3087 3671 etiam
3114 3620 3280 3675 vitam
3308 3624 3563 3677 amittere

1987 3715 2084 3769 pro
2128 3701 2445 3758 defensione
2488 3706 2702 3773 pietatis
2744 3709 3159 3778 sustinuerunt;
3207 3729 3328 3768 cum
3375 3717 3421 3769 is
3465 3717 3558 3785 qui

1991 3791 2233 3859 religioni
2269 3802 2472 3848 nostra:
2509 3797 2756 3851 struehat
2804 3797 3049 3864 insidias,
3090 3815 3251 3868 parce
3278 3803 3456 3858 adhuc
3504 3813 3561 3857 et

1990 3897 2114 3936 raro
2143 3884 2461 3953 sanguinem
2487 3886 2846 3954 quorumdam
2882 3889 3111 3944 fundere
3152 3893 3420 3959 auderet;
3464 3896 3556 3949 de-

1984 3974 2211 4029 territus
2240 4014 2254 4039 ,
2285 3984 2343 4028 ut
2366 3976 2628 4031 credibile
2661 3988 2774 4044 est,
2817 3978 3164 4035 multitudine
3192 3981 3429 4037 ﬁdelium
3455 4024 3471 4047 ,
3500 3995 3557 4039 et

1985 4067 2252 4121 universis
2291 4066 2451 4120 simul
2491 4068 2690 4123 bellum
2744 4070 2948 4126 inferre
2995 4070 3315 4128 formidans.
3352 4073 3552 4131 Verum

1980 4159 2071 4213 ubi
2107 4160 2345 4229 apertius
2374 4175 2433 4215 se
2461 4162 2526 4215 ad
2554 4162 2756 4217 bellum
2788 4166 3059 4231 accinxit,
3088 4166 3193 4221 dici
3224 4183 3331 4223 non
3362 4180 3543 4238 potest

1983 4261 2114 4320 quot
2151 4260 2204 4305 et
2235 4261 2469 4321 quantos
2514 4252 2714 4309 Christi
2747 4267 3014 4326 martyres
3049 4257 3102 4311 iu
3134 4259 3387 4316 omnibus
3421 4260 3556 4316 locis

1986 4352 2148 4411 atque
2176 4342 2401 4398 urbibus
2424 4345 2625 4414 passim
2650 4360 2875 4401 cernere
2908 4347 3150 4404 licuerit.

2604 4459 2832 4517 CAPUT
2871 4462 2930 4516 V-

2258 4550 2331 4604 De
2363 4552 2443 4605 Itis
2470 4567 2588 4621 qua:
2620 4550 2946 4607 Nicomedia:
2973 4565 3116 4624 gesta
3141 4564 3286 4611 sunt.

2060 4643 2303 4699 Primum
2334 4646 2551 4714 quidem
2586 4645 2747 4700 simul
2777 4661 2840 4702 ac
2874 4648 3111 4703 edictum
3145 4659 3334 4704 contra
3366 4649 3557 4705 Ecclev

1990 4738 2100 4791 sias
2128 4738 2459 4807 propositum
2490 4748 2568 4791 est
2602 4735 2950 4804 Nicomediae,
2985 4740 3065 4793 vir
3092 4739 3310 4807 quidam
3334 4741 3558 4796 minime

1993 4833 2262 4886 obscurus
2289 4871 2303 4896 ,
2347 4831 2440 4885 sed
2484 4831 2823 4885 saecularium
2876 4832 3145 4887 honorum
3200 4835 3555 4902 praarogativa

1992 4925 2045 4979 in
2071 4925 2260 4994 primis
2289 4926 2612 4996 conspicuus
2634 4963 2651 4993 ,
2683 4924 2800 4980 zelo
2826 4924 3060 4996 quodam
3088 4925 3272 4981 divino
3314 4942 3557 4983 commo-

1990 5085 2597 5167 paulatiurerillojam
2644 5094 2884 5167 tempore
2938 5085 3318 5167 persecutione
3354 5086 3559 5167 adver-

1985 5157 2101 5213 sum
2133 5174 2230 5213 nos
2258 5159 2567 5225 incipiente.
2597 5177 2613 5210 ι
2648 5157 2703 5212 lu
2737 5159 3058 5227 quihusdam
3089 5157 3475 5224 manuscriptis
3501 5168 3557 5210 et

1985 5230 2039 5284 in
2068 5231 2303 5283 editione
2350 5229 2512 5283 Miraei
2557 5231 2670 5283 haec
2712 5231 2777 5282 ad
2831 5244 3033 5282 annum
3091 5243 3179 5281 χιιι
3237 5227 3554 5282 Diocletiani

1985 5300 2327 5361 referuntur;
2358 5301 2407 5352 in
2440 5300 2562 5353 aliis
2584 5301 2649 5353 ad
2680 5315 2878 5353 annum
2905 5313 3030 5352 xxv.

2055 5372 2133 5441 (6)
2167 5370 2276 5425 Τοῦ
2313 5370 2428 5437 τὴν
2460 5369 2791 5441 ἐπιϐουλὴν
2819 5368 3225 5439 ἐνεργοῦντος.
3276 5368 3555 5441 Diabolum

1983 5440 2070 5496 his
2121 5443 2300 5496 verbis
2353 5441 2600 5509 intelligit
2647 5440 2925 5507 Eusebius,
2958 5455 3062 5493 non
3120 5450 3301 5492 autem
3361 5440 3556 5493 ducem

1998 5510 2324 5580 Romanum,
2356 5520 2415 5563 ut
2444 5512 2652 5580 putavit
2676 5510 3227 5580 Christophorsonus.

2069 5583 2148 5653 (7)
2182 5579 2302 5635 Τῶν
2340 5576 2458 5653 μοι)ρᾶ
2487 5579 2738 5653 ἀσήμων
2778 5576 3302 5653 τιςξῌίο-,ιοειηηεε
3357 5576 3561 5653 dicitur

1997 5652 2052 5707 in
2079 5648 2469 5722 'Marlyrologio
2499 5648 2751 5714 Usuartli,
2784 5651 3003 5712 Adonis,
3035 5648 3279 5716 Notket‘i,
3304 5658 3358 5704 et
3384 5649 3439 5703 in
3465 5662 3564 5703 V0-

1996 5732 2110 5779 tere
2143 5722 2404 5787 Romano,
2441 5723 2525 5778 die
2564 5736 2635 5778 vtt
2663 5722 3024 5793 Septembris.
