3928 6252
416 305 520 362 751

1125 301 1395 360 EUSEBII
1432 298 1914 359 cassamssms
1951 299 2101 357 ore.
2142 301 2324 358 mus
2364 303 2403 358 ι.
2443 335 2514 345 -
2551 278 2940 361 ntermca.

3569 311 3679 367 759.

325 406 329 409 ’
418 437 509 481 tus
540 434 593 482 et
621 426 816 480 ardore
840 422 961 479 lidei
983 420 1507 489 incitatus,edictum
1530 420 1659 476 illud
1689 420 1742 474 in
1770 419 1971 490 publici

2091 421 2459 492 ὑποκινηθεὶς,
2492 422 2738 495 διαπύρῳ
2786 441 2847 478 τε
2898 420 3217 496 ἐφορμήσας
3264 428 3331 498 τῇ
3381 424 3587 494 πίστει,
3616 432 3680 485 ἐν

417 508 472 572 et
505 517 696 573 illustri
742 518 891 572 urbis
921 514 1042 571 loco
1074 514 1290 570 aﬂixum
1326 515 1594 578 detraxit,
1637 522 1690 568 et
1724 522 1981 582 tanquam

417 612 641 679 impium
676 624 739 664 ac
766 608 1057 665 scelestum
1092 607 1348 663 manibus
1389 607 1501 661 suis
1537 606 1867 676 discerpsit:
1899 607 1982 660 id-

414 719 520 774 que
560 705 769 759 duobus
805 702 1225 772 imperatoribus
1254 702 1307 756 in
1348 702 1539 756 eadem
1567 701 1703 757 urbe
1738 715 1981 755 commo—

416 795 690 860 rantibns,
739 808 971 863 quorum
1017 793 1157 848 alter
1197 794 1381 848 senior
1404 795 1700 863 Augustus,
1743 794 1980 862 primum

410 891 554 945 inter
594 903 781 944 omnes
840 886 1055 957 imperii
1098 888 1323 956 gradum
1351 927 1367 953 ,
1403 872 1541 942 alter
1574 902 1699 942 vero
1731 897 1979 957 quartum

409 981 714 1036 obtinebat.
760 977 862 1033 Hic
900 979 1069 1051 igitur
1104 993 1225 1034 cum
1279 981 1489 1050 primus
1531 979 1775 1034 omnium
1818 979 1871 1033 in
1916 994 1980 1035 ea

407 1071 969 1143 civitate'liujusmodi
1004 1070 1248 1127 facinore
1280 1070 1659 1138 inclaruisset;
1698 1070 1880 1125 statim
1914 1085 1979 1126 ea

406 1166 669 1238 supplicia
704 1180 998 1236 perpessus
1045 1179 1168 1234 quae
1197 1174 1318 1235 post
1359 1174 1565 1218 tantam
1610 1163 1889 1218 audaciam
1929 1164 1978 1218 ei

408 1261 694 1334 inﬂigentla
711 1275 834 1317 esse
860 1259 1119 1315 credibile
1139 1270 1278 1326 erat,
1309 1258 1548 1313 laetitiam
1582 1273 1646 1311 ac
1678 1256 1981 1327 tranquilli-

407 1363 572 1410 tatem
597 1352 763 1408 animi
781 1366 951 1420 usque
979 1352 1044 1406 ad
1082 1352 1327 1406 ultimunt
1353 1351 1600 1421 spiritum
1618 1350 1975 1405 conservavit.

1017 1466 1244 1525 CAPUT
1286 1465 1370 1521 Vl.

684 1561 766 1618 De
798 1562 866 1616 iis
897 1560 988 1632 qui
1020 1561 1078 1615 in
1098 1560 1297 1631 palatio
1330 1557 1697 1612 versabantur.

472 1720 675 1778 Verum
702 1737 816 1795 prae
846 1720 1101 1778 omnibus
1137 1720 1228 1791 qui
1262 1735 1497 1791 unquam
1526 1719 1639 1774 sive
1670 1719 1807 1788 apud
1829 1717 1979 1773 Gne-

2087 518 2356 586 προφανεῖ
2380 517 2472 570 καὶ
2499 516 2735 590 δημοσίᾳ
2764 518 3044 589 κειμένην,
3071 519 3147 582 ὡς
3172 519 3394 574 ἀνοσίαν
3418 521 3516 575 καὶ
3549 524 3679 578 ἀσεο

2085 607 2356 680 ὅεστάτην
2397 608 2599 662 ἀνελὼν
2635 610 2933 682 σπαράττει
2966 611 3075 683 (8),
3106 612 3250 665 δυεῖν
3290 614 3677 685 ἔπιπαρόντων

2085 701 2226 755 κατά
2256 701 2355 773 τὴν
2384 703 2553 775 αὐτὴν
2586 703 2738 757 πόλιν
2767 704 3049 774 βασιλέων,
3077 703 3170 758 τοῦ
3200 722 3260 758 τε
3292 707 3675 778 πρεσϐυτάτου

2084 793 2191 847 τῶν
2225 795 2416 863 ἄλλων,
2447 796 2541 849 καὶ
2566 794 2657 849 τοῦ
2690 797 2780 850 τὸν
2803 797 3060 870 τέταρτον
3093 797 3202 852 ἀπὸ
3230 798 3419 852 τούτου
3445 800 3548 870 τῆς
3572 801 3676 872 ἀρ-

2084 887 2184 958 χῆς
2213 889 2632 959 ἐπικρατοῦντος
2668 889 2893 961 βαθμόν.
2941 890 3079 944 Ἀλλ’
3110 884 3265 957 οὗτος
3308 893 3411 964 μὲν
3435 892 3548 945 τῶν
3571 911 3671 966 τη-

2084 980 2264 1034 νικάδε
2294 979 2510 1053 πρῶτος
2540 981 2727 1035 τοῦτον
2749 982 3054 1055 διαπρέψας
3087 984 3178 1039 τὸν
3210 984 3433 1057 τρόπον,
3459 985 3579 1055 ἅμα
3605 1003 3670 1039 τε

2081 1072 2327 1139 τοιαῦτα,
2353 1070 2439 1129 οἶα
2464 1076 2557 1130 καὶ
2589 1076 2735 1140 εἰκὸς
2763 1073 2851 1149 ἦν,
2880 1078 3177 1148 ὑπομείνας
3201 1080 3278 1143 ὡς
3313 1077 3380 1135 ἂν
3422 1080 3517 1133 ἐπὶ
3553 1097 3669 1132 τοι-

2081 1166 2223 1238 ούτῳ
2250 1166 2578 1239 τολμήματι.
2618 1168 2679 1221 τὸ
2708 1167 2914 1222 ἄλυπον
2954 1170 3049 1223 καὶ
3075 1171 3349 1243 ἀτάραχον
3381 1173 3461 1235 είς
3493 1169 3669 1241 αὐτὴν

2080 1258 2393 1313 τελευταίαν
2422 1258 2740 1331 διετήρησεν
2773 1262 3066 1335 ἀναπνοήν.

2604 1468 2998 1522 ΚΕΦΑΑΑιοΝ
3035 1471 3125 1537 (τ’.

2257 1563 2398 1631 Περὶ
2426 1560 2543 1615 τῶν
2568 1562 2720 1616 κατὰ
2742 1561 2884 1629 τοὺς
2899 1561 3265 1630 βασιλικοὺς
3293 1562 3502 1630 οἴκους

2586 1633 2727 1704 (Νῆα.
2764 1632 2831 1685 Il.
2860 1632 2926 1686 E.
2958 1650 3048 1696 vit,
3076 1633 3153 1705 5).

2150 1725 2372 1780 Πάντων
2415 1726 2473 1779 δὲ
2510 1726 2624 1779 ὅσοι
2656 1726 2764 1780 τῶν
2804 1725 3022 1780 πώποτε
3051 1725 3416 1798 ἀνυμνοῦνται
3441 1725 3661 1799 θαυμά-

404 1833 504 1873 eos
550 1815 664 1873 sive
707 1794 847 1886 apud
880 1815 1153 1870 Barbaros
1196 1814 1559 1868 admiratione
1600 1812 1748 1877 digni
1806 1822 1860 1865 et
1903 1812 1971 1867 ob

2078 1834 2179 1871 σιοι
2210 1818 2303 1871 καὶ
2331 1817 2417 1872 ἐπ’
2453 1817 2675 1890 ἀνδρείᾳ
2706 1818 3043 1889 βεϐοημένοι,
3077 1818 3187 1871 εἴτε
3235 1818 3364 1890 παρ’
3398 1819 3660 1891 Ἕλλησιν

404 1908 775 1965 fortitudinem
823 1906 1067 1962 celebres
1114 1906 1463 1972 exstiterunt,
1508 1903 1774 1974 gloriosos
1812 1913 1976 1972 atque

401 2002 641 2058 illustres
668 2001 761 2057 Dei
785 2010 1052 2070 martyres
1069 2014 1130 2053 ea
1158 2008 1449 2069 tempestas
1482 1995 1619 2061 tulit,
1646 1995 1972 2050 Dorotlieum

401 2096 613 2153 scilicet
636 2103 690 2151 et
716 2094 962 2165 reliquos
986 2092 1350 2149 cubicularios
1380 2105 1603 2162 pueros.
1630 2089 1732 2156 Qui
1760 2099 1806 2143 ta
1819 2089 1973 2143 mersi

398 2190 598 2245 summi
629 2185 855 2244 honoris
902 2185 1261 2259 prazrogativa
1299 2185 1370 2240 ab
1418 2184 1841 2253 imperatoribus
1876 2197 1971 2238 or-

397 2282 512 2337 nati
543 2289 751 2345 essent,
784 2293 888 2334 nec
909 2278 1090 2333 minus
1119 2279 1186 2332 ali
1209 2276 1399 2332 iisdem
1431 2276 1782 2347 diligerentur
1809 2290 1971 2344 quain

399 2374 538 2442 ﬁlii;
586 2372 783 2442 probra
814 2381 993 2428 tamen
1040 2386 1141 2443 pro
1172 2370 1371 2440 pietate
1414 2369 1677 2434 tolerata,
1716 2368 1877 2439 297
1918 2378 1975 2422 et

396 2482 672 2523 aerumnas
691 2508 706 2535 ,
735 2482 801 2523 ac
838 2467 1052 2523 diversa
1085 2464 1278 2519 mortis
1303 2477 1506 2534 genera
1537 2463 1797 2521 adversus
1826 2462 1974 2533 ipsos

398 2564 705 2636 excogitata
731 2602 746 2629 ,
793 2559 1019 2631 majoris
1058 2573 1251 2615 revera
1299 2557 1460 2627 pretii
1499 2571 1620 2612 esse
1662 2556 1968 2621 duxerunt,

397 2673 560 2727 quam
596 2656 826 2727 gloriam
856 2669 921 2710 ac
949 2652 1175 2708 delicias
1207 2651 1370 2722 hujus
1398 2649 1605 2705 saeculi.
1631 2649 1833 2704 [lorum
1866 2648 1970 2718 igi-

396 2761 489 2808 tur
526 2750 688 2804 unius
717 2739 979 2803 duntaxat
1006 2746 1094 2801 hic
1119 2745 1326 2800 exitum
1371 2742 1605 2800 referam
1628 2783 1643 2808 ,
1689 2752 1745 2798 ut
1780 2758 1844 2797 ex
1879 2743 1972 2796 illo

397 2842 631 2898 lectores
667 2838 947 2909 conjicere
975 2838 1192 2909 possint
1219 2834 1345 2906 quid
1391 2834 1620 2905 reliquis
1649 2833 1968 2905 contigerit.

396 2934 703 2991 Productus
731 2931 896 2988 estin
935 2918 1170 2986 medium
1210 2928 1430 2999 quidam
1466 2927 1709 2991 illorum,
1746 2927 1799 2982 in
1834 2928 1970 2983 urbe

395 3030 644 3099 superius
670 3033 967 3083 memorata
994 3068 1009 3091 ,
1034 3038 1217 3079 coram
1249 3022 1315 3078 iis
1353 3036 1498 3092 quos
1532 3021 1643 3076 dixi
1677 3021 1969 3092 imperatoo

393 3123 568 3178 ribus.
593 3118 897 3187 Iussusque
923 3114 1027 3169 diis
1048 3114 1388 3176 sacrificare;
1421 3128 1545 3167 cum
1580 3112 1632 3166 id
1663 3111 1964 3183 pertinaci-

397 3223 480 3269 ter
511 3218 812 3275 recusaret,
854 3208 1055 3263 nudato
1080 3218 1314 3275 corpore
1347 3203 1594 3259 sublimis
1637 3202 1747 3257 tolli
1771 3203 1965 3273 pracci-

396 3307 567 3379 pitur,
596 3313 649 3360 et
689 3301 1010 3358 verberibus
1050 3296 1265 3352 concidi
1298 3296 1479 3367 quoad
1525 3296 1742 3350 tandem
1773 3295 1858 3350 vel
1885 3296 1969 3349 in-

395 3399 542 3457 vitus
570 3398 739 3467 jussis
776 3396 1202 3464 obtemperaret.
1230 3389 1340 3445 Sed
1373 3404 1497 3445 cum
1542 3387 1971 3459 ille,hujusmodi

396 3491 689 3550 tormentis
734 3486 1186 3553 excarnificatus,
1230 3482 1287 3539 in
1321 3481 1511 3538 eadem
1554 3480 1823 3537 sententia
1875 3479 1970 3533 tir-

398 3600 523 3641 mus
549 3590 919 3656 permaneret,
946 3579 1078 3651 ipsis
1099 3578 1211 3649 jam
1249 3575 1468 3632 ossibus
1496 3572 1969 3639 denudatis,com-

396 3679 627 3734 mixtum
661 3674 774 3731 sale
805 3681 1021 3728 acetum
1064 3667 1470 3726 tabescentibus
1506 3666 1752 3737 corporis
1799 3680 1972 3721 mem-

396 3770 512 3825 bris
546 3768 879 3823 infuderunt.
907 3764 1055 3832 Quos
1094 3761 1312 3818 dolores
1343 3775 1466 3816 cum
1510 3759 1603 3814 ille
1637 3759 1800 3814 etiam
1836 3757 1972 3813 tole—

396 3857 847 3928 raret,eraticula
878 3855 1133 3922 deinceps
1149 3861 1204 3910 et
1226 3852 1435 3922 ignisin
1462 3850 1697 3906 medium
1725 3849 1966 3904 affertur.

393 3955 465 4010 Et
495 3951 738 4022 reliquiae
777 3950 1022 4020 corporis
1058 3945 1246 4018 ipsius,
1278 3944 1452 4000 instar
1483 3942 1727 3999 carnium
1751 3957 1872 4013 quae
1901 3943 1967 3996 ad

401 4048 584 4103 cibum
616 4054 894 4116 parantur,
925 4043 1051 4112 igne
1076 4049 1273 4095 assatte
1296 4049 1451 4104 sunt;
1476 4037 1637 4109 idque
1663 4053 1768 4092 non
1806 4035 1969 4092 simul

398 4157 465 4197 ac
498 4139 689 4205 semel,
723 4137 817 4192 sed
848 4135 1105 4207 paulatim
1126 4173 1141 4199 ,
1173 4147 1242 4188 ne
1266 4132 1477 4188 scilicet
1511 4131 1680 4186 celeri
1702 4131 1848 4186 exitu
1875 4129 1971 4185 de-

396 4235 742 4305 fungeretur.
773 4229 887 4285 Nec
918 4227 1204 4283 carnifices
1231 4225 1322 4295 qui
1360 4239 1483 4280 eum
1530 4238 1662 4293 rogo
1697 4224 1970 4293 imposue-

397 4337 558 4394 rant,
603 4322 877 4381 dimittere
913 4320 1062 4377 illum
1108 4318 1449 4382 sinebantur,
1485 4317 1587 4371 nisi
1627 4317 1776 4387 prius
1801 4314 1970 4385 jussis

394 4431 521 4494 post
566 4428 645 4474 tot
682 4416 956 4473 cruciatus
995 4412 1378 4483 acquievisset.
1415 4407 1610 4464 Verum
1657 4407 1744 4463 ille
1784 4406 1840 4460 in
1876 4423 1970 4462 ea-

393 4520 520 4575 dem
550 4530 764 4586 semper
795 4511 1066 4570 sententia
1102 4521 1461 4579 perseverans
1486 4545 1500 4568 ,
1534 4505 1706 4559 victor
1737 4503 1871 4573 ipsis
1913 4502 1966 4556 in

2074 1910 2183 1963 εῖτε
2227 1910 2375 1981 παρά
2412 1910 2739 1983 βαρϐάροις,
2781 1910 2959 1974 θείους
2998 1911 3225 1982 ἤνεγκεν
3256 1913 3286 1965 ό
3336 1912 3524 1984 καιρρς
3557 1911 3657 1969 καὶ

2072 2001 2390 2073 διαπρεπεῖς
2424 2002 2727 2074 μάρτυρας,
2750 2004 2876 2066 τοὺς
2906 2003 3047 2074 ἀμφὶ
3076 2002 3167 2056 τὸν
3193 2004 3468 2076 Δωρόθεον
3496 2003 3654 2073 βασι-

2072 2091 2258 2156 λικοὺς
2283 2094 2496 2160 παῖδας,
2531 2093 2579 2146 οἳ
2622 2095 2716 2147 καὶ
2742 2093 2841 2164 τῆς
2873 2094 3134 2149 ἀνωτάτω
3163 2095 3329 2166 τιμῆς
3357 2096 3509 2166 παρά
3537 2099 3654 2160 τοῖς

2071 2187 2356 2251 δεσπόταις
2383 2187 2693 2258 ἠξιωμένοι,
2730 2188 2966 2259 γνησίων
2990 2206 3049 2242 τε
3089 2189 3270 2253 aii-cei;
3298 2189 3533 2242 διαθέσει
3567 2191 3656 2242 τέ·
3680 2231 3691 2239 .

2072 2297 2212 2333 κνων
2250 2281 2311 2334 οὐ
2359 2279 2699 2350 λειπόμενοι,
2755 2280 2975 2350 μείζονα
3024 2281 3253 2338 πλοῦτον
3300 2282 3378 2345 ὡς
3435 2281 3655 2352 ἀληθῶς

2069 2375 2304 2446 ἥγηνται
2347 2375 2447 2446 τῆς
2471 2375 2564 2427 τοῦ
2602 2374 2715 2445 βίου
2762 2374 2919 2445 δόξης
2958 2376 3056 2429 καὶ
3091 2376 3305 2448 τρυφῆς
3348 2378 3475 2439 τοὺς
3508 2375 3655 2448 ὑπὲρ

2070 2466 2350 2531 εὐσεϐείας
2373 2466 2706 2536 όνειδισμούς
2729 2483 2787 2519 τε
2814 2466 2907 2520 καὶ
2941 2466 3157 2530 πόνους,
3179 2466 3273 2521 καὶ
3304 2466 3431 2530 τοὺς
3460 2484 3656 2520 κεκαι-

2070 2558 2470 2631 νουργημένους
2492 2559 2587 2611 ἐπ’
2631 2559 2812 2622 αὐτοῖς
2845 2556 2919 2629 (9)
2950 2559 3323 2632 πολυτρόπους
3349 2557 3614 2621 θανάτους
3633 2573 3650 2590 ⁸

2071 2645 2145 2705 ὧν
2172 2652 2289 2716 ἑνός
2319 2669 2462 2715 τινος
2497 2652 2594 2721 οἴῳ
2623 2652 2887 2723 κέχρηται
2937 2652 3267 2723 μνησθέντες
3304 2651 3382 2723 τῷ
3408 2651 3502 2705 τοῦ
3533 2649 3654 2722 βίου

2072 2744 2233 2811 τέλει,
2265 2748 2483 2799 σκοπεῖν
2507 2744 2566 2809 ἐξ
2595 2744 2760 2799 αὐτοῦ
2788 2746 2881 2800 καὶ
2915 2744 2983 2798 τὰ
3009 2748 3121 2810 τοῖς
3150 2744 3332 2809 ἄλλοις
3371 2742 3654 2816 συμϐεϐη-

2071 2836 2226 2902 κότα,
2253 2840 2366 2900 τοῖς
2391 2838 2776 2908 ἐντυγχάνουσι
2809 2837 3204 2909 καταλείψομεν
3224 2856 3238 2869 ⁸
3271 2838 3433 2909 ἧγετό
3452 2854 3539 2901 τις
3570 2839 3656 2902 εἰς

2074 2929 2237 2999 μέσον
2270 2928 2409 2983 κατά
2442 2929 2540 3001 τὴν
2568 2931 2970 3003 προειρημένην
2996 2931 3170 2997 πόλιν,
3204 2932 3289 3002 ἐφ’
3318 2925 3393 2985 ὧν
3420 2929 3659 3003 δεδηλώ-

2069 3037 2247 3091 καμεν
2291 3020 2585 3092 ἀρχόντων.
2623 3020 2785 3076 Θύειν
2826 3022 2890 3094 δὴ
2928 3018 3020 3076 οῦν
3055 3022 3434 3095 προσταχθεὶς,
3463 3022 3540 3086 t'o;
3568 3026 3656 3078 ἐν·

2072 3111 2272 3177 ίστατο,
2296 3113 2496 3184 γυμνὸς
2526 3114 2817 3186 μετάρσιος
2843 3114 3073 3187 ἀρθῆναι
3098 3114 3395 3179 κελεύεται,
3432 3116 3658 3186 μάστιξι

2072 3218 2133 3254 τε
2161 3202 2222 3256 τὸ
2248 3204 2353 3258 πᾶν
2389 3202 2544 3274 σῶμα
2573 3204 3013 3270 καταξαίνεσθαι,
3036 3205 3213 3259 εἰσότε
3239 3205 3518 3278 ἡττηθεὶς,
3548 3208 3655 3261 κᾶν

2071 3293 2220 3348 ἄκων
2253 3295 2312 3348 τὸ
2335 3296 2802 3368 προσταττόμενον
2828 3298 3120 3369 ποιήσειεν.
3162 3297 3248 3362 Ὦς
3271 3298 3329 3351 δὲ
3355 3299 3451 3352 καὶ
3479 3299 3658 3353 ταῦτα

2069 3392 2293 3462 πάσχων
2332 3391 2687 3465 ἀδιάτρεπτος
2708 3389 2798 3464 ἦν,
2825 3393 2945 3458 ὅξος
2973 3392 3156 3448 λοιπὸν
3180 3375 3279 3465 ἤδη
3308 3393 3418 3448 τῶν
3449 3394 3654 3447 ὀστέων

2070 3484 2512 3557 ὑποφαινομένων
2545 3486 2709 3540 αὐτοῦ
2742 3486 2839 3541 σὺν
2871 3487 2965 3540 καὶ
2988 3486 3145 3541 ἅλατι
3177 3486 3468 3558 φύραντες,
3512 3488 3655 3541 κατά

2068 3575 2176 3629 τῶν
2197 3574 2566 3631 διασαπέντων
2590 3575 2683 3630 τοῦ
2710 3575 2962 3647 σώματος
2996 3576 3179 3649 μερῶν
3201 3577 3417 3648 ἐνέχεον
3440 3595 3455 3609 ο
3491 3578 3568 3640 ὡς
3593 3572 3650 3630 δὲ

2070 3668 2163 3724 καὶ
2191 3669 2395 3731 ταύτας
2420 3668 2611 3722 ἐπάτει
2632 3667 2732 3733 τὰς
2753 3668 3070 3740 ἀλγηδόνας,
3099 3670 3305 3742 ἐσχάρα
3330 3669 3651 3723 τούντεῦθεν

2069 3761 2164 3814 καὶ
2198 3760 2310 3834 πῦρ
2339 3762 2419 3824 είς
2443 3760 2609 3832 μέσον
2650 3761 2878 3816 εἵλκετο.
2914 3763 3026 3816 Καὶ
3051 3760 3231 3834 κρεῶν
3264 3761 3545 3833 ἐδωδίμων
3576 3761 3651 3816 δί-

2069 3869 2172 3924 κην
2212 3853 2282 3906 τὰ
2310 3851 2536 3922 λείψανα
2568 3851 2717 3923 αὐτῷ
2755 3852 2851 3906 τοῦ
2888 3851 3136 3924 σώματος
3185 3853 3291 3907 ὑπὸ
3331 3853 3426 3906 τοῦ
3479 3854 3649 3925 πυρὸς

2069 3947 2167 3999 οὐκ
2191 3948 2270 4010 είς
2301 3945 2518 4018 ἄθρουν,
2549 3945 2626 4009 ὡς
2659 3945 2724 4000 ἂν
2755 3944 2829 4017 μὴ
2855 3946 3131 4017 συντόμως
3156 3945 3526 4017 ἀπαλλαγείη,
3555 3963 3649 3999 κα-

2067 4036 2137 4091 τὰ
2158 4036 2327 4108 βραχὺ
2352 4036 2407 4089 δὲ
2436 4036 2771 4108 ἀνηλίσκετο,
2789 4038 2849 4090 οὐ
2875 4037 3136 4109 πρότερον
3157 4039 3364 4091 ἀνεῖναι
3386 4038 3498 4090 τῶν
3531 4039 3648 4090 ἐπι-

2068 4128 2323 4183 τιθέντων
2352 4130 2511 4182 αὐτδν
2538 4133 2602 4201 τῇ
2641 4132 2787 4203 πυρᾷ
2838 4130 3300 4202 συγχωρουμένων
3337 4130 3487 4203 (10),
3522 4130 3646 4202 πρὶν

2071 4226 2137 4280 ἂν
2181 4227 2274 4279 καὶ
2308 4224 2445 4296 μετά
2486 4224 2718 4278 τοσαῦτα
2745 4229 2851 4289 τοῖς
2897 4226 3389 4297 προστασσομένοις
3437 4228 3647 4279 ἐπινεύ-

2073 4334 2231 4371 σειεν.
2274 4319 2331 4371 'U
2358 4319 2403 4372 δ’
2430 4318 2598 4391 ἀπρὶξ
2640 4319 2893 4388 ἐχόμενος
2917 4318 3012 4386 τῆς
3044 4319 3353 4391 προθέσεως
3375 4359 3390 4381 ,
3419 4322 3646 4391 νικηφό-

2074 4429 2164 4482 ρος
2194 4412 2251 4465 ὲν
2275 4412 2461 4474 αὑταῖς
2486 4415 2605 4475 ταῖς
2632 4411 2881 4481 βασάνοις
2905 4411 3152 4465 ἀπέδωκε
3180 4411 3276 4483 τὴν
3304 4412 3508 4483 ψυχήν.
3534 4414 3650 4464 Τοι-

2071 4501 2225 4555 οῦτον
2246 4502 2354 4556 τῶν
2385 4501 2676 4572 βασιλικῶν
2702 4502 2818 4565 ὲνὺς
2840 4502 2899 4555 τὸ
2928 4498 3227 4575 μαρτύρίον
3254 4503 3483 4561 παίδων,
3512 4503 3649 4567 ἄξιον

399 4607 688 4667 tormentis
726 4604 963 4660 animam
998 4598 1294 4656 exhalavit.
1336 4595 1652 4666 Hujusmodi
1684 4591 1788 4648 fuit
1822 4609 1969 4649 mar-

2078 4594 2148 4659 ὡς
2175 4593 2344 4658 ὄντως
2373 4594 2479 4666 (Η)
2509 4593 2604 4647 καὶ
2625 4593 2722 4664 τῆς
2742 4593 3109 4666 προσηγορίας
3129 4611 3141 4624 ν
3172 4587 3380 4666 Πέτρος
3397 4594 3511 4667 γὰρ
3530 4597 3652 4649 ὲκε-

468 4788 546 4862 (8)
563 4782 917 4862 Σπαράττει.
928 4781 1118 4839 Edicta
1144 4779 1533 4862 imperatorum
1567 4787 1623 4833 et
1646 4775 1971 4862 epistolaeuin

394 4846 587 4920 charta
611 4846 1121 4927 praascribebautur.
1148 4846 1285 4905 llinc
1318 4849 1469 4927 Iflilns
1501 4849 1553 4902 in
1588 4846 1812 4919 epistola
1866 4846 1975 4902 264

401 4933 478 4989 ait
524 4920 770 4983 chartam
804 4923 1127 4996 simpliciter
1162 4920 1346 5000 vocari
1395 4935 1513 4990 quae
1562 4934 1638 5000 ex.
1678 4933 1884 5000 papyro
1919 4929 1975 5000 et

400 5000 613 5076 glutino
648 4990 933 5076 compacta
976 4994 1244 5076 eStsted‘
1281 5003 1567 5061 postquam
1610 4990 1973 5071 imperatoris

400 5060 859 5138 subscriptionem
913 5065 1164 5138 accepit,
1230 5071 1361 5138 tunc
1439 5060 1622 5115 vocari
1686 5073 1967 5138 sacram:

411 5127 507 5198 Ἕκ
533 5127 786 5204 παπύρου
842 5137 937 5192 καλ⁵
992 5127 1186 5204 κόλλης
1224 5131 1429 5204 χάρτης
1485 5127 1967 5204 κατασκευριεθεῖςν

436 5216 605 5285 ἀρτξης
636 5207 1057 5285 ψιλρςλκαλεζται
1074 5223 1087 5237 ·

410 5233 605 5285 ,αρτ-ης
636 5233 787 5280 qam;
813 5233 1086 5262 καλειται*
1143 5233 1279 5259 ιἰιυιν
1311 5233 1368 5256 ur.
1406 5233 1724 5273 υηυιμυιγιεν
1752 5233 1968 5281 υῡιτιιξυοι

397 5233 691 5358 ἔασιλέως,
729 5278 886 5352 δῆλον
936 5278 1011 5343 ὡς
1065 5277 1244 5358 σάκρα
1284 5271 1803 5358 ὀνομάζεταιηίξιεᾷ
1824 5285 1968 5358 enim

405 5340 689 5428 legendum
718 5340 824 5419 es't,
856 5366 962 5428 non
994 5340 1054 5403 ut
1097 5350 1150 5428 in
1175 5340 1296 5428 'tus.
1331 5340 1515 5428 codice
1552 5341 1808 5428 scribitur
1840 5340 1971 5428 σάρ-

401 5411 496 5483 κάῖ
524 5428 748 5480 Sacram
785 5411 932 5477 enim
966 5418 1237 5475 vocabant
1268 5414 1609 5484 imperatoris
1648 5411 1967 5484 Epistulam,

312 5528 317 5535 ο
400 5509 463 5552 ut
495 5498 680 5550 videre
702 5494 863 5550 estin
889 5492 1039 5546 Actis
1069 5484 1283 5543 concilii
1308 5482 1790 5547 Chalcedonensis,
1820 5494 1884 5552 _et
1913 5482 1968 5536 iit

401 5550 648 5626 Novellis
672 5562 989 5626 Justiniani,
1018 5571 1075 5615 et
1115 5561 1169 5613 in
1207 5552 1483 5612 Glossario
1535 5555 1779 5626 Nomico.
1819 5550 1967 5626 [dent

403 5623 618 5710 quoque
653 5646 880 5688 testatur
916 5623 1605 5710 Auriniannsin.libﬂtxn,
1637 5624 1721 5710 Itis
1746 5623 1965 5677 verbis:

407 5695 434 5762 ἱ
455 5695 846 5774 Rc'plicatoque
872 5702 1147 5774 volumine
1171 5695 1360 5754 edicti.
1385 5712 1403 5746 ι
1431 5695 1562 5751 Nam
1587 5695 1838 5752 volumen
1861 5707 1969 5749 non

402 5772 604 5836 dicitur
632 5775 733 5831 nisi
760 5777 826 5829 de
848 5772 1053 5829 charta.

1174 5198 1279 5258 πάν
1294 5198 1368 5281 ξδὲ
1387 5198 1979 5281 ’ὑπογραφὴνδέξηται

2147 4777 2224 4849 t9)
2250 4771 2883 4849 Κεκαινουργημένους
2903 4776 3023 4849 _ert’
3078 4774 3305 4849 αὐτοῖς.
3362 4774 3524 4849 Vulg.
3561 4777 3654 4831 αὒ-

2072 4847 2218 4913 τούς.
2249 4847 2304 4902 ln
2331 4848 2491 4902 codd.
2529 4845 2864 4911 Med.,Maz.,
2901 4845 3038 4917 Fuk.
3076 4855 3127 4899 ct
3162 4845 3291 4900 Sav.
3331 4845 3541 4902 rectius
3578 4850 3649 4903 le.-

2072 4920 2219 4985 gitur
2255 4920 2342 4971 ἐπ’
2395 4917 2596 4981 αὐτοῖς.
2653 4917 2746 4971 Sic
2799 4917 2942 4970 enim
2975 4918 3182 4971 vitatur
3237 4918 3563 4986 κακοφωνία
3590 4934 3647 4974 ex

2074 4989 2241 5043 nimia
2279 4990 2600 5055 repetitione
2638 5004 2733 5058 ους
2765 4987 3022 5058 εγιιιιὶιιιξ.ζ

2142 5059 2257 5130 ('10)
2285 5055 2816 5128 Συγχωρουμένωνζ
2865 5057 2975 5130 Nec
3014 5055 3373 5130 Nieephorus,
3421 5071 3527 5113 nec
3569 5059 3649 5113 in-

2073 5128 2341 5198 terpretes
2422 5130 2563 5199 lianc
2652 5143 2837 5182 vocem
2918 5128 3343 5190 intellexerunt;
3438 5130 3651 5199 quippe

2068 5197 2173 5269 qui
2198 5214 2309 5281 .non
2352 5198 2835 5281 animadverterint
2876 5212 3066 5252 vocem
3114 5197 3523 5269 συγχωρεῖσθαι
3557 5197 3650 5255 hic

2067 5270 2281 5341 passive
2307 5270 2465 5341 sumi.

2140 5336 2252 5410 (11)
2274 5338 2470 5403 Ἄξιον
2491 5339 2572 5405 ὠς
2598 5338 2800 5404 ὄντως.
2835 5335 3196 5392 Scribendum
3224 5338 3442 5410 videtur
3472 5339 3645 5405 ἀξίου.

2066 5408 2322 5465 Refertur
2356 5412 2500 5463 enim
2550 5411 2615 5463 ad
2654 5410 2703 5461 id
2742 5410 2883 5477 quod
2936 5411 3233 5477 praecessit,
3280 5408 3422 5472 ἑνός.
3477 5410 3645 5464 Porro

2068 5481 2134 5535 de
2164 5482 2266 5535 hoc
2304 5480 2468 5534 Petro
2509 5489 2562 5533 et
2609 5480 2674 5533 de
2723 5478 2999 5533 Dorotlieo
3050 5482 3339 5548 prmpnsitu
3386 5481 3643 5541 cubiculi,

2068 5551 2371 5623 Gorgonio,
2408 5551 2638 5623 aliisque
2666 5550 3013 5623 cubiculariis
3042 5550 3135 5618 qui
3182 5560 3311 5623 tunc
3341 5552 3470 5605 αιιεί
3500 5561 3636 5623 sunt,

2069 5619 2359 5747 vide‘bActa
2391 5621 2660 5693 passionis
2709 5621 2853 5675 Indis
2887 5626 2942 5677 et
2971 5619 3196 5677 Doatnze
3237 5622 3323 5677 die
3355 5636 3486 5674 xxvi
3538 5622 3639 5673 De-

2072 5705 2188 5747 cem
2235 5710 2325 5747 ns.

2072 5705 2325 5748 cembris.
