3928 6252
258 294 381 350 Ἴῦὃ

1237 296 1583 355 ΗΙΞΤΟΠΙΔΕ
1623 296 2185 355 ΕεϐίλῗὶδιΑΞΤιῦλΕ
2224 295 2351 351 LIB.
2396 292 2533 349 VIII.

3412 287 3513 338 7:4
3552 352 3557 361 ι

264 415 420 469 λεῖτο
468 416 545 470 Οὐ
572 418 794 490 χείρονα
835 400 891 474 δέ
915 422 1010 475 καὶ
1037 422 1104 473 τὰ
1137 422 1276 475 κατὰ
1314 423 1443 487 τοὺς
1467 422 1689 487 λοιποὺς
1710 422 1837 475 ὅντα

1964 422 2161 493 tyrium
2190 419 2345 473 miius
2369 432 2434 471 ex
2469 413 2810 485 imperatoris
2835 408 3203 473 euhiCulariis,
3238 406 3380 478 digni
3400 422 3518 474 pm-

260 506 432 574 λόγου
479 508 784 579 φειδόμενοι
816 513 1184 583 συμμετρίας,
1218 512 1640 584 παραλείψομεν,
1666 513 1856 567 τοσοῦ-

261 615 365 653 τον
400 600 806 672 ἱστορήσαντες.
824 601 899 665 ὡς
928 604 956 656 ὅ
984 620 1047 672 γε
1076 605 1348 676 Δωρόθεος
1375 607 1467 659 καὶ
1491 605 1518 656 ὁ
1553 605 1852 677 Γοργόνιος,

264 690 486 759 ἑτέροις
525 692 644 763 ἅμα
687 692 893 747 πλείοσι
926 695 1027 767 τῆς
1076 696 1358 768 βασιλικῆς
1397 699 1693 764 οίκετείας,
1719 698 1856 769 μετὰ

261 784 404 847 τοὺς
432 782 807 855 πολυτρόπους
832 786 1049 855 ἀγῶνας
1079 787 1259 860 βρόχῳ
1287 788 1384 861 τὴν
1418 788 1562 861 ζωὴν
1593 790 1855 860 μεταλλά-

264 868 488 937 ξαντες,
516 873 617 942 τῆς
645 873 831 927 ὲνθέου
869 876 1022 946 νίκης
1064 877 1444 949 ἀπηνέγκαντο
1474 879 1722 950 βραδεῖα.
1767 880 1855 932 Ἐν

260 959 450 1032 τούτῳ
471 962 572 1032 τῆς
596 962 739 1018 κατὰ
762 964 1130 1037 Νικομήδειαν
1158 968 1481 1040 Ἑκκλησίας
1508 972 1534 1023 ό
1557 968 1856 1040 τηνικαῦτα

262 1053 556 1123 προεστὼς
583 1053 864 1126 Ἀνθιμος,
895 1056 982 1110 διὰ
1010 1057 1108 1129 τὴν
1147 1060 1234 1123 είς
1254 1060 1487 1131 Χριστὸν
1530 1063 1851 1134 μαρτυρίαν,

260 1143 369 1213 τὴν
396 1145 638 1218 κεφαλὴν
670 1148 1071 1220 ἀποτέμνεται·
1106 1149 1281 1222 τούτῳ
1316 1152 1372 1206 δὲ
1415 1151 1618 1223 πλῆθος
1658 1153 1853 1225 ἄθρουν

267 1234 570 1306 μαρτύρων
599 1237 977 1308 προστίθεται,
1006 1240 1108 1294 οὐκ
1146 1236 1242 1294 οἷδ’
1279 1242 1426 1305 ὅπως
1468 1242 1525 1295 ὲν
1566 1245 1676 1305 τοῖς
1713 1242 1854 1298 κατὰ

260 1325 372 1395 τὴν
404 1327 768 1399 Νικομήδειαν
793 1328 1098 1401 βασιλείοις,
1128 1335 1404 1407 πυρκαϊᾶς
1434 1334 1545 1407 (li)
1575 1339 1632 1391 ἐν
1666 1338 1854 1402 αὑταῖς

262 1414 335 1487 δὴ
369 1420 491 1481 ταῖς
524 1421 761 1492 ἡμέραις
800 1423 1063 1496 ἁφθείσης
1089 1441 1104 1456 ·
1145 1426 1211 1498 ἢν
1242 1426 1365 1480 καθ’
1404 1428 1655 1483 ὑπόνοιαν
1683 1428 1850 1501 ψευδῆ

263 1508 411 1580 πρὸς
438 1509 545 1563 τῶν
573 1513 857 1582 ἡμετέρων
879 1516 1289 1588 ὲπιχειρηθῆναι
1310 1518 1466 1588 λόγου
1487 1519 1849 1585 διαδοθέντος,

263 1603 523 1674 παγγενῆ
554 1605 792 1675 σωρηδὸν
820 1605 1082 1680 βασιλικῷ
1111 1610 1339 1682 νεύματι
1373 1613 1480 1666 τῶν
1513 1614 1638 1685 τῇδε
1669 1615 1851 1669 θεοσε-

263 1692 405 1757 ϐὦν,
430 1693 481 1745 οἱ
514 1694 612 1764 μὲν
645 1694 786 1764 ξίφει
812 1698 1265 1768 κατεσφάττοντο,
1288 1703 1336 1755 οἱ
1364 1702 1422 1756 δὲ
1441 1703 1528 1757 διὰ
1551 1705 1721 1774 πυρὸς
1742 1708 1856 1759 ἐτε-

1961 512 2103 567 fecto
2127 526 2223 565 suo
2251 508 2486 565 nomine.
2515 504 2707 560 Petrus
2730 505 2872 558 enim
2901 502 2988 556 ille
3013 498 3329 555 vocabatur.
3363 494 3514 550 Reli-

1960 618 2188 673 quorum
2229 616 2354 656 vero
2386 597 2642 668 martyria
2676 596 2843 650 nihilo
2871 592 3151 655 inferiora,
3188 600 3365 646 tamen
3387 590 3517 643 bre-

1960 695 2143 751 vitatis
2182 693 2363 750 studio
2411 692 2500 747 hic
2542 691 2875 746 omittemus.
2921 686 2976 741 ld
3021 696 3229 740 tantum
3270 682 3518 738 retulisse

1957 786 2217 853 suﬁiciet,
2255 786 2398 856 quod
2438 784 2740 839 Dorotheus
2774 791 2827 836 et
2871 780 3179 850 Gorgonius
3226 792 3332 832 una
3388 792 3515 832 cum

1956 875 2077 929 aliis
2107 874 2351 945 pluribus
2379 874 2469 944 qui
2502 874 2555 926 in
2581 873 2783 942 palatio
2819 870 3238 935 ministrabant,
3270 876 3390 938 pOSt
3416 882 3518 922 cu-

1952 966 2146 1035 jusque
2170 965 2313 1021 modi
2340 964 2664 1028 certamina,
2685 964 2836 1018 elisis
2861 962 3051 1033 laqueo
3082 961 3346 1026 faucibus,
3375 958 3516 1013 divi-

1957 1075 2037 1112 nte
2063 1060 2297 1113 victoria:
2333 1058 2608 1128 praemium
2635 1057 2810 1125 adepti
2844 1064 2992 1109 sunt.
3027 1052 3180 1107 Tunc
3206 1054 3371 1107 etiam
3402 1052 3517 1106 An-

1956 1150 2444 1209 thimus,Ecclesize
2488 1148 2913 1203 Nicomediensis
2938 1145 3256 1216 episcopus,
3287 1143 3355 1197 ob
3385 1159 3517 1196 cou-

1954 1243 2243 1300 fessionem
2273 1243 2473 1299 Christi
2514 1244 2565 1298 in
2606 1241 2793 1297 eadem
2836 1241 2967 1295 urbe
3011 1239 3186 1308 capite
3235 1245 3517 1291 truncatus

1954 1344 2054 1391 est.
2093 1332 2228 1389 Iluic
2252 1333 2504 1403 adjuncta
2531 1344 2612 1387 est
2645 1335 2833 1402 ingens
2873 1341 3176 1402 martyrum
3207 1328 3512 1382 multitudo.

1955 1426 2163 1495 Quippe
2192 1425 2380 1479 iisdem
2428 1423 2839 1486 diebus,nescio
2879 1437 2984 1491 quo
3020 1438 3149 1477 casu
3175 1461 3190 1486 ,
3227 1422 3280 1475 in
3316 1422 3516 1491 palatio

1951 1517 2246 1572 excitatum
2282 1523 2401 1570 erat
2439 1515 2769 1571 incendium.
2809 1517 2978 1586 Cujus
3011 1530 3131 1570 cmn
3169 1525 3385 1569 nostros
3419 1527 3517 1566 au—

1952 1623 2131 1669 ctores
2168 1610 2335 1668 fuisse
2379 1608 2620 1680 publicus
2665 1627 2852 1667 rumor
2896 1611 3027 1665 falsa
3078 1609 3388 1680 suspicione
3431 1607 3517 1676 ja-

1952 1716 2193 1771 ctasset,
2243 1707 2513 1776 imperiali
2549 1705 2698 1774 jussu
2755 1713 3017 1774 quotquot
3070 1702 3179 1758 illic
3228 1710 3387 1757 erant
3422 1702 3514 1756 Dei

262 1783 528 1839 λειοῦντο.
567 1786 695 1840 Ὅτε
739 1786 896 1856 λόγος
941 1787 1085 1860 ἔχει,
1117 1791 1395 1865 προθυμίᾳ
1435 1793 1557 1865 θεία
1596 1769 1707 1848 τινὶ
1753 1798 1839 1850 καὶ

1950 1799 2216 1866 cultores,
2257 1799 2554 1853 acervatim
2580 1813 2702 1853 cum
2732 1797 2846 1852 suis
2880 1794 3131 1860 familiis,
3173 1794 3263 1848 alii
3311 1793 3513 1865 gladio,

264 1876 513 1950 αρρήτῳ,
539 1878 737 1949 ἄνδρας
766 1877 880 1951 ἅμα
903 1878 1147 1950 γυναιξὶν
1175 1881 1269 1935 ἐπὶ
1298 1882 1397 1956 τὴν
1435 1883 1613 1955 πυρὰν
1645 1885 1847 1940 καθάλ-

263 1967 490 2022 λεσθαν
534 1968 792 2040 δήσαντες
829 1969 885 2022 δὲ
927 1969 977 2024 oi
1022 1969 1203 2042 δήμιοι
1247 1970 1375 2027 ἄλλο
1414 1990 1466 2027 τι
1512 1973 1715 2043 πλῆθος
1758 1975 1850 2029 ἐπὶ

265 2060 528 2128 σκάφαις,
555 2063 668 2124 τοῖς
696 2059 1001 2125 θαλαττίοις
1028 2063 1423 2135 ἐναπέρριπτον
1467 2064 1663 2135 βυθοίς.
1710 2068 1850 2132 Τοὺς

262 2150 326 2205 δὲ
355 2168 419 2220 γε
446 2150 757 2221 βασιλικοὺς
781 2154 917 2225 μετὰ
956 2155 1183 2209 θάνατον
1218 2156 1441 2222 παῖδας,
1479 2161 1549 2229 γῇ
1579 2159 1720 2213 κατὰ
1749 2160 1849 2232 τῆς

264 2242 655 2316 προσηκούσης
680 2245 899 2316 κηδείας
928 2246 1331 2320 παραδοθέντας
1350 2287 1364 2312 ,
1398 2244 1554 2314 αὖθις
1586 2250 1645 2317 ἐξ
1682 2251 1851 2323 ὑπαρ-

263 2330 371 2404 χῆς
422 2333 782 2406 ἀνορύξαντες
814 2336 1174 2409 ὲναποῤῥῖψαι
1220 2338 1464 2411 θαλάσσῃ
1515 2340 1610 2393 καὶ
1650 2341 1848 2406 αὐτοὺς

264 2422 434 2495 ᾤοντο
458 2426 567 2480 δεῖν
611 2429 661 2480 οἱ
705 2429 1078 2500 νενομισμένοι
1119 2429 1412 2496 δεσπόται,
1458 2432 1534 2496 ὡς
1575 2430 1642 2485 ἂν
1674 2433 1748 2503 μὴ
1787 2434 1846 2487 ἐν

268 2517 546 2587 μνήμασιν
574 2518 968 2590 ἀποκειμένους
991 2522 1343 2595 προσκυνοῖέν
1369 2539 1535 2586 τινες,
1569 2522 1725 2588 θεοὺς
1751 2526 1848 2578 αὑ-

262 2609 412 2671 τοὺς,
447 2608 523 2671 ὣς
543 2626 606 2678 γε
639 2609 826 2681 ᾤοντο,
855 2610 1211 2683 λογιζόμενοι.
1245 2615 1355 2666 Καὶ
1382 2613 1450 2667 τὰ
1499 2615 1598 2685 μὲν
1628 2616 1720 2669 ἐπὶ
1746 2616 1847 2686 τῆς

264 2697 638 2769 Νικομηδείας
656 2701 797 2755 κατὰ
827 2700 924 2774 τὴν
943 2702 1117 2775 ἀρχὴν
1144 2704 1569 2760 ἁποτελεσθέντα
1591 2706 1684 2760 τοῦ
1717 2708 1844 2762 διω-

260 2789 430 2860 γμοῦ,
462 2793 705 2848 τοιαῦτα.
749 2795 862 2849 Οὐκ
892 2797 972 2860 είς
1003 2798 1212 2868 μακρὸν
1249 2797 1307 2852 δὲ
1345 2799 1545 2871 ἐτέρων
1587 2798 1847 2873 κατὰ-τὴν

266 2881 560 2955 Πελιτινὴν
584 2885 697 2953 (15)
722 2884 863 2938 οὕτω
887 2886 1226 2957 καλουμένην
1253 2886 1455 2959 χώραν,
1478 2888 1572 2942 καὶ
1596 2883 1663 2942 αὖ
1684 2888 1845 2943 πάλιν

266 2971 442 3027 ἄλλων
472 2975 614 3042 ἀμφὶ
644 2975 740 3048 τὴν
779 2977 978 3050 Συρίαν
1010 2978 1118 3051 (14)
1162 2979 1456 3051 ὲπιφυῆναι
1492 2983 1558 3053 τῇ
1604 2980 1846 3056 βασιλείᾳ

266 3067 712 3137 πεπειραμένων,
744 3069 871 3132 τοὺς
903 3069 1208 3137 πανταχόσε
1235 3069 1340 3123 τῶν
1370 3071 1672 3144 ἐκκλησιῶν
1707 3089 1844 3144 προ-
1870 3106 1913 3166 c

268 3156 511 3221 εστῶτας
566 3159 810 3230 εἱρκταῖς
856 3162 949 3214 καὶ
991 3161 1210 3231 δεσμοῖς
1256 3163 1459 3234 ὲνεῖραι
1513 3164 1841 3235 πρόσταγμα

267 3247 457 3315 ἐφοίτα
490 3247 781 3318 βασιλικόν.
811 3252 918 3305 Καὶ
948 3248 1018 3323 ἦν
1049 3255 1082 3324 ἡ
1112 3252 1209 3306 θέα
1244 3254 1351 3307 τῶν
1379 3254 1474 3307 ἐπὶ
1503 3254 1714 3319 τούτοις
1752 3272 1840 3325 γι-

268 3341 509 3406 νομένων
543 3344 724 3397 πᾶσαν
762 3344 1009 3416 διήγησιν
1039 3345 1443 3417 ὑπεραίρουσα,
1476 3347 1670 3419 μυρίου
1706 3346 1842 3418 πλή-

269 3430 396 3496 θους
422 3434 484 3487 ἐν
509 3436 672 3488 παντὶ
696 3436 845 3509 τόπῳ
876 3437 1358 3510 καθειργνυμένου,
1382 3439 1476 3493 καὶ
1502 3439 1570 3493 τὰ
1593 3440 1837 3511 πανταχῆ

266 3524 617 3599 δεσμωτήρια
639 3530 977 3600 ἀνδροφόνοις
996 3532 1089 3585 καὶ
1113 3550 1174 3585 τυ
1183 3531 1489 3605 μϐωρύχοις
1511 3532 1677 3587 πάλαι
1709 3532 1841 3604 πρό-

266 3634 423 3689 τερον
462 3620 940 3695 ἐπεσκευασμένα,
980 3626 1098 3679 τότε
1144 3625 1491 3697 πληρούντων
1530 3627 1840 3680 ἐπισκόπων

338 3799 453 3871 (12)
492 3801 812 3871 Πυρκατᾶς.
851 3804 926 3858 De
965 3805 1067 3859 boc
1117 3806 1364 3860 incendio
1409 3806 1550 3873 quod
1587 3801 1835 3858 Nicome-

240 3870 372 3944 diae
405 3870 636 3944 contigit
663 3890 809 3927 anno
852 3891 866 3928 ι
895 3877 1305 3942 persecutionis,
1333 3870 1455 3929 vide
1489 3876 1697 3929 illustre
1727 3885 1834 3927 tes-

270 3942 929 3998 timoniumConstantini
970 3946 1096 4014 imp.
1128 3945 1180 3999 in
1213 3945 1472 4000 Oratione
1511 3945 1578 3999 ad
1612 3952 1832 4000 sancto-

268 4024 387 4063 rum
420 4018 621 4066 emtum
656 4014 829 4079 capite
852 4014 1162 4080 penultimo.

339 4081 469 4152 (l5),
492 4083 653 4138 Κατὰ
683 4082 800 4151 τὴν
840 4085 1185 4152 Μελιτινήν.
1226 4082 1283 4139 In
1327 4084 1693 4140 vetustissimo
1743 4098 1829 4137 co-

238 4212 241 4215 _
267 4149 388 4226 dice
422 4151 557 4206 Maz.
585 4149 1152 4226 εςτὶιιῖιυιζΜελιτίνην
1176 4163 1404 4226 accentu
1436 4155 1487 4226 in
1513 4152 1828 4226 penuitima.

269 4219 414 4276 Urbs
439 4232 496 4277 et
526 4223 673 4291 regio
700 4223 777 4277 ita
819 4224 960 4277 dicta
1001 4219 1186 4279 est'in
1218 4224 1428 4279 minore
1455 4219 1731 4285 Armenia,
1773 4232 1832 4278 ut

263 4290 375 4365 jam
425 4295 634 4365 notavi.
669 4291 837 4365 Porro
889 4294 1231 4365 deﬂtyranno
1276 4295 1367 4364 qui
1404 4293 1456 4348 in
1496 4310 1562 4350 ea
1609 4295 1831 4364 regione

228 4408 239 4417 .
268 4362 556 4426 imperium
585 4363 832 4431 arripuit,
874 4362 1164 4426 nihil'legi.

336 4432 453 4502 (14)
493 4434 721 4487 Ἀλλίαν
744 4432 892 4503 ἀμφὶ
926 4433 1042 4503 τὴν
1069 4435 1312 4503 Συρίαν.
1344 4434 1641 4503 Eugenium
1676 4432 1824 4489 intel-

1947 1890 2178 1947 ﬂammis
2219 1890 2309 1944 alii
2346 1888 2653 1958 consumpti
2697 1887 2930 1957 periere.
2972 1885 3125 1939 Tunc
3154 1884 3334 1939 divina
3381 1898 3518 1951 qua—

1949 1980 2072 2035 dam
2114 1978 2400 2033 alacritate
2444 1991 2565 2047 qua:
2612 1977 2794 2031 verbis
2836 1974 3094 2044 explicari
3152 1988 3257 2028 non
3302 1980 3512 2042 potest,

1948 2068 2149 2123 conciti
2178 2068 2277 2122 viri
2305 2066 2464 2123 simul
2490 2082 2555 2122 ac
2599 2068 2876 2134 mulieres,
2916 2066 2968 2121 in
3008 2066 3288 2120 ardentem
3326 2077 3514 2130 rogum

1949 2161 2204 2218 insiiiisse
2240 2160 2518 2215 dicuntur.
2563 2158 2730 2229 298
2759 2158 2911 2212 Alios
2944 2172 3160 2227 quoque
3201 2157 3516 2210 innumera-

1947 2254 2083 2309 biles
2106 2255 2319 2313 vinctos
2351 2259 2407 2307 et
2433 2251 2654 2320 scaphis
2679 2251 2983 2317 impositos,
3005 2247 3290 2319 carniﬁces
3315 2246 3369 2300 in
3391 2261 3518 2316 pro-

1947 2339 2168 2396 fundum
2204 2353 2351 2395 mare
2390 2338 2687 2409 projecere.
2737 2337 2840 2393 Sed
2880 2347 2936 2393 et
2961 2351 3193 2406 corpora
3237 2336 3511 2403 regiorum

1947 2432 2431 2496 cubiculariorum,
2470 2445 2589 2499 quae
2618 2438 2739 2500 post
2764 2439 2994 2484 mortem
3025 2428 3365 2484 convenienti
3399 2439 3513 2481 tra-

1946 2522 2058 2576 dita
2087 2520 2304 2576 fuerant
2332 2518 2647 2589 sepulturae,
2691 2517 2792 2587 ipsi
2824 2531 3014 2571 eorum
3051 2513 3278 2586 legitimi
3307 2512 3514 2567 domini

1945 2613 2063 2669 erui
2085 2626 2151 2667 ex
2173 2612 2425 2681 sepulcro
2449 2621 2504 2666 et
2532 2611 2586 2666 in
2616 2625 2762 2665 mare
2785 2609 2972 2681 projici
3004 2617 3254 2678 oportere
3280 2619 3513 2661 censue-

1948 2714 2094 2772 runt,
2125 2720 2194 2759 ne
2217 2706 2338 2775 quis
2362 2704 2489 2760 illos
2528 2701 2794 2774 sepulcris
2832 2702 3112 2768 conditos,
3145 2714 3245 2771 pro
3276 2700 3419 2764 diis,
3454 2706 3515 2752 ut

1946 2798 2047 2867 ipsi
2086 2798 2303 2867 quidem
2351 2796 2736 2866 opinabantur,
2783 2805 3083 2865 reputans,
3138 2793 3190 2846 in
3238 2801 3511 2862 posterum

1946 2890 2217 2945 adoraret.
2244 2889 2310 2943 Et
2335 2889 2449 2943 hare
2467 2888 2684 2958 quidem
2714 2889 2767 2943 in
2800 2887 2919 2957 ipso
2941 2885 3334 2957 persecutionis
3360 2900 3515 2940 exor-

1945 2980 2035 3036 dio
2056 2978 2384 3035 Nicomedia:
2406 2988 2554 3050 gesta
2580 2988 2725 3033 sunt.
2759 2978 3027 3035 Caeterum
3058 2977 3217 3047 paulo
3237 2987 3357 3047 post
3388 2993 3510 3033 cum

1945 3074 2035 3130 alii
2065 3075 2116 3129 in
2160 3073 2399 3128 Melitina
2432 3073 2704 3127 Armeniae
2733 3073 2972 3144 regione,
3009 3072 3100 3126 alii
3132 3072 3184 3126 in
3221 3072 3379 3142 Syria
3410 3071 3513 3125 im-

1945 3168 2157 3237 perium
2215 3167 2457 3237 arripere
2499 3166 2682 3220 conati
2723 3173 2944 3231 essent,
2989 3163 3387 3234 promulgatum
3427 3172 3512 3219 est

1944 3259 2291 3328 imperatoris
2330 3258 2588 3320 edictum,
2613 3265 2877 3312 utomnes
2913 3256 3112 3325 ubique
3141 3253 3509 3309 Ecclesiarum

1941 3349 2218 3405 antistites
2256 3349 2418 3403 vincti
2460 3348 2515 3404 in
2567 3362 2846 3405 carcerem
2894 3348 3266 3403 truderentur.
3308 3345 3510 3400 Earum

1941 3456 2073 3497 vero
2117 3455 2299 3495 rerum
2347 3454 2469 3511 quae
2507 3448 2694 3510 postea
2738 3439 2901 3495 facta:
2939 3446 3066 3494 sunt
3103 3437 3509 3508 spectaculum,

1941 3549 2155 3590 omnem
2190 3548 2415 3604 prorsus
2457 3534 2670 3588 dicendi
2713 3532 2924 3602 copiam
2963 3530 3289 3601 superabat;
3314 3529 3511 3599 quippe

1942 3637 2066 3679 cum
2098 3620 2515 3678 innumerabilis
2538 3620 2739 3691 ubique
2774 3618 3053 3677 hominum
3085 3616 3373 3672 multitudo
3407 3633 3505 3673 cu-

1941 3801 2027 3857 via
2051 3802 2154 3866 usi,
2191 3815 2353 3871 agros
2389 3809 2752 3865 vastaverant,
2803 3801 3039 3871 vinoque
3067 3816 3130 3856 ac
3171 3800 3345 3870 epulis
3386 3816 3506 3857 sese

1941 3870 2423 3942 ingurgitaveraut.
2454 3872 2571 3937 Quo
2609 3880 2886 3939 comperto
2918 3870 3334 3942 Antiochenses,
3370 3888 3506 3939 pau-

1941 3942 2157 3996 citatem
2182 3942 2409 3994 militum
2456 3942 2880 4008 ehrietatemque
2917 3941 3188 4006 despectui
3217 3941 3505 4006 habentes,

1939 4010 2207 4079 lapidibus
2240 4025 2304 4064 ac
2343 4012 2604 4079 cujusque
2646 4011 2788 4064 modi
2827 4011 2971 4074 telis,
3017 4010 3152 4076 ipsis
3186 4010 3505 4066 mulieribus

1938 4080 2336 4151 adjuvantibus,
2370 4091 2477 4133 tam
2508 4091 2793 4151 tyrannum
2822 4080 2874 4132 in
2898 4080 3150 4151 palatium
3173 4080 3502 4151 tendentem,

1938 4165 2100 4221 quam
2137 4150 2332 4204 milites
2357 4149 2544 4205 omnes
2574 4149 3091 4221 interfeceruntzita
3127 4158 3186 4204 ut
3211 4150 3339 4219 περὶ
3355 4150 3507 4221 πρῶ·-

1933 4218 2026 4273 τον
2053 4218 2219 4272 ὕπνον
2253 4221 2396 4273 circa
2427 4221 2654 4288 primam
2689 4220 2951 4289 vigiliam,
2974 4235 3134 4274 nemo
3166 4236 3231 4273 ex
3263 4218 3505 4287 ipsis'su-

1936 4300 2196 4359 pet-esset.
2229 4290 2298 4343 At
2334 4290 2745 4361 impcratﬁor,qui
2779 4290 3002 4343 inultam
3048 4291 3278 4358 gratiam
3312 4290 3506 4361 Ant'w-

1936 4361 2227 4414 chensibus
2262 4361 2460 4413 habere
2487 4360 2781 4424 debuisset,
2811 4361 2863 4413 in
2895 4360 3276 4414 Antiochensis
3316 4369 3370 4414 et
3405 4360 3505 4415 Se-

1937 4428 2203 4500 leucensis
2226 4430 2432 4500 ordinis
2459 4430 2725 4500 principes
2746 4430 2923 4499 gladio
2955 4430 3357 4500 animaduertit,
3378 4445 3501 4485 cum

264 4478 405 4567 ligit,
430 4478 523 4568 ίμιῖ
1862 4478 1906 4534 Ῑ)
1937 4514 2034 4554 nec
2060 4499 2113 4552 bi
2147 4499 2341 4574 nep-illi
2372 4478 2664 4574 quidquam
2700 4478 3168 4574 coammeruisscnt.
3197 4478 3502 4574 luter'quos

263 4574 449 4623 "idem
496 4572 696 4637 gessit.
747 4572 934 4628 Totam
989 4573 1270 4630 historiam
1328 4572 1515 4628 narrat
1568 4572 1829 4629 Libanius

267 4652 380 4693 tum
413 4642 465 4693 in
501 4641 759 4714 Oratione
783 4646 849 4698 ad
881 4643 1244 4698 Theodosium
1274 4656 1398 4714 post
1430 4644 1829 4699 reconciliatio-

266 4723 415 4784 nem,
460 4727 583 4783 pag.
616 4713 742 4777 Ml,
771 4723 881 4767 tum
921 4715 974 4768 in
1004 4713 1334 4776 Amice/tice,
1371 4730 1495 4784 pag.
1536 4715 1662 4769 ⁸565.
1697 4713 1829 4778 Qni-

262 4780 697 4853 bnsjttngéndus
726 4797 807 4838 est
831 4784 978 4838 locus
1001 4784 1240 4853 ejusdem
1266 4780 1474 4839 Libanii
1495 4800 1561 4839 ex
1583 4788 1831 4839 oratione

260 4851 331 4924 ad
372 4850 737 4924 Theodosium
778 4854 843 4924 de
875 4850 1140 4909 seditione
1165 4856 1522 4917 Antiochena,
1547 4870 1667 4924 pag.
1702 4854 1824 4909 599.

259 4918 399 4991 Erat
444 4923 663 4989 quidam
737 4923 988 4978 tribunus
1043 4925 1325 4988 Seleuciae,
1386 4918 1830 4991 tioritii'ie"Euge-

262 4990 415 5063 nius,
476 4992 566 5062 qui
623 4991 881 5049 militibus
945 4994 1251 5063 quingentis
1304 5005 1427 5049 erat
1481 4990 1826 5062 praepositus.

260 5056 361 5113 liis
405 5056 541 5128 eptis
573 5062 626 5117 id
668 5056 977 5132 injunctuni
1006 5056 1145 5130 erat,
1168 5070 1249 5118 tut
1277 5079 1340 5120 os
1373 5056 1564 5132 portus
1595 5056 1827 5117 aditum-

260 5145 369 5200 que
397 5143 743 5202 excavarent.
782 5133 978 5186 Milites
1004 5150 1128 5187 cum
1156 5136 1245 5189 diu
1280 5145 1554 5202 noctuque
1592 5134 1710 5187 sine
1747 5133 1830 5187 in-

266 5201 607 5275 termissione
624 5201 955 5266 laborarent,
974 5219 1116 5275 aegre
1144 5206 1195 5259 id
1215 5201 1827 5275 terentes,praeposilum

264 5285 423 5325 suum
457 5273 524 5324 ad
572 5273 860 5340 imperium
894 5273 1281 5342 capessendum
1315 5274 1644 5342 compellunt
1683 5288 1831 5327 mor-

264 5348 383 5415 tem
406 5343 721 5400 minitantes
771 5345 872 5399 nisi
904 5345 1350 5414 lpsisassensum
1387 5345 1672 5415 praeberet.
1713 5342 1830 5415 ljoc

263 5413 421 5485 modo
458 5423 687 5470 coactus
731 5413 996 5477 tribunus,
1039 5429 1360 5485 purpuran
1390 5413 1688 5470 simulacro
1733 5413 1826 5485 Dei

264 5483 561 5554 cujuspiam
588 5485 835 5554 abrepta,
865 5482 1160 5554 imperator
1177 5484 1477 5552 salutatur;
1502 5500 1622 5539 mox
1645 5482 1831 5538 Antio-

262 5556 435 5609 chiam
470 5570 597 5625 quae
640 5564 757 5625 tum,
782 5556 1030 5624 prasidio
1059 5555 1488 5625 inilitumovacua
1518 5562 1655 5625 erat,
1680 5558 1828 5625 ratus

257 5624 300 5678 si
352 5622 629 5681 eam—sibi
676 5622 967 5693 adjuugere
1008 5634 1208 5692 posset,
1261 5622 1551 5692 plurimum
1596 5624 1827 5691 inceptis

256 5695 627 5764 profuturam,
672 5695 850 5764 subito
893 5695 1081 5760 tendit,
1127 5709 1355 5762 eamque
1398 5697 1540 5748 circa
1573 5709 1825 5749 occasum

256 5762 381 5824 solis
408 5774 675 5838 occupat.
700 5762 771 5819 At
800 5765 1012 5830 milites,
1025 5764 1183 5823 solita
1205 5780 1300 5835 per
1332 5773 1503 5821 totum
1532 5764 1636 5821 iter
1660 5764 1821 5819 lasei-

1930 4578 1985 4623 et
2029 4584 2162 4623 avus
2202 4567 2440 4632 Libauii,
2488 4567 2662 4622 forma
2712 4570 3035 4638 conspicuus
3072 4579 3127 4623 et
3173 4567 3502 4638 proceritate

1929 4640 2195 4709 corporis,
2227 4649 2311 4709 est
2345 4640 2719 4707 interemptus.
2745 4638 2869 4693 Haec
2899 4653 2964 4693 ex
3005 4653 3126 4709 pag.
3158 4638 3258 4692 Mi
3297 4649 3352 4693 et
3373 4640 3499 4694 563.

1930 4708 2101 4762 Porro
2124 4708 2382 4763 Libauius
2406 4710 2457 4761 in
2490 4710 2735 4763 oratione
2768 4710 2835 4763 ad
2865 4708 3233 4764 TheOdosium
3262 4710 3327 4763 de
3357 4712 3500 4764 sedi-

1933 4780 2100 4845 tione,
2130 4796 2229 4833 nos
2269 4781 2423 4834 docet
2458 4780 2602 4832 hunc
2633 4780 2904 4832 tribunum
2938 4779 3167 4833 militum
3208 4779 3499 4833 Seleucen-

1930 4849 2068 4901 sium
2115 4851 2316 4902 dictum
2358 4865 2480 4904 esse
2526 4850 2861 4916 Eugenium;
2904 4849 3278 4918 imperatorem
3318 4858 3496 4903 autem

1931 4932 2051 4971 esse
2094 4918 2511 4983 Diocletianum,
2541 4935 2701 4988 quem
2740 4918 2979 4973 Dioclem
3008 4933 3138 4974 vero
3169 4934 3233 4973 ac
3263 4919 3497 4988 genuino

1930 4988 2149 5043 nomine
2175 4990 2277 5050 (sic
2322 4990 2466 5042 enim
2518 4987 2719 5043 dictum
2769 4997 2852 5042 est
2886 4999 3021 5043 teste
3053 4988 3281 5044 Victoris
3315 4987 3500 5057 Epito-

1927 5060 2030 5125 me)
2058 5073 2122 5112 eu
2175 5059 2291 5112 loco
2338 5060 2420 5112 bis
2455 5059 2707 5126 appellat.
2748 5058 2839 5113 Sic
2869 5060 3012 5112 enim
3051 5060 3130 5114 ait
3159 5077 3172 5113 :
3208 5058 3265 5111 Ὀ
3294 5058 3351 5112 δὲ
3378 5060 3499 5112 Διο-

1928 5127 2060 5200 κλέα
2100 5128 2290 5200 λέγων
2345 5145 2426 5182 σοι
2477 5130 2585 5200 καὶἈ
2618 5129 2708 5200 τὸν
2765 5128 3181 5200 ἠναγκασμένον
3219 5129 3496 5200 Εὐγένιον,

1929 5199 2024 5271 καὶ
2059 5198 2157 5270 τὴν
2185 5200 2526 5271 ἐκᾲΣικελίας
2567 5198 2726 5270 δεῦρο
2774 5198 2929 5271 μετὰξ
2942 5198 3110 5271 μέθης
3155 5199 3356 5270 ἄφιξιν,
3388 5212 3497 5253 etc.

1898 5288 1901 5291 ·
1928 5268 2074 5340 Lego
2098 5268 2163 5323 ἐκ
2188 5269 2526 5334 Σελευκείας,
2571 5280 2629 5323 ut
2662 5268 2723 5323 ex
2762 5268 2881 5324 aliis
2912 5268 3127 5324 Libanii
3168 5268 3301 5325 locis
3333 5286 3503 5337 supra

1929 5341 2242 5413 memoratis
2269 5351 2506 5396 constat.
2543 5340 2726 5395 Habes
2754 5340 2918 5410 igitur
2955 5341 3167 5413 tyranni
3193 5356 3385 5413 nomen
3413 5348 3499 5413 at-

1928 5423 2035 5480 que
2056 5410 2359 5474 historiam,
2395 5425 2558 5480 quam
2592 5424 2690 5464 nos
2723 5417 2880 5477 pruni
2920 5410 2989 5465 ex
3036 5410 3245 5464 Libanii
3288 5410 3496 5463 oratio-

1928 5479 2087 5534 nibus
2111 5480 2369 5534 cruimus.
2394 5479 2629 5549 Tempus
2667 5494 2797 5533 vero
2818 5495 2925 5549 quo
2950 5480 3220 5549 Eugenius
3258 5480 3494 5548 tyranni-

1928 5549 2049 5602 dem
2080 5550 2320 5616 arripere
2350 5564 2576 5605 conatus
2599 5559 2703 5614 est,
2728 5551 2815 5604 hic
2865 5552 3073 5604 Eusebii
3126 5549 3278 5604 locus
3317 5550 3497 5602 decla-

1927 5628 2037 5681 rat,
2072 5619 2405 5677 Diocletiano
2430 5619 2634 5677 scilicet
2658 5621 2829 5676 octies
2855 5630 2911 5675 et
2938 5619 3267 5677 Maximiano
3297 5623 3516 5688 septies

1927 5702 2071 5745 COSS.
