3928 6252
395 288 501 350 ’155

1098 289 1372 346 EUSEBll
1411 288 1893 348 CASSARIENSIS
1932 287 2081 345 OPP.
2127 287 2307 343 PARS
2344 287 2385 341 l.
2427 317 2493 326 —-
2533 281 2921 340 HlSTORlCA.

3552 279 3663 333 756

395 409 584 466 studia:
625 408 1021 478 manciparetur
1065 427 1077 462 :
1119 418 1171 461 et
1221 424 1470 465 carceres
1505 401 1635 466 olim
1674 408 1962 465 bomicidis

2071 406 2158 461 καὶ
2186 405 2571 478 πρεσϐυτέρων
2616 403 2712 456 καὶ
2738 399 2998 454 διακόνων
3020 438 3034 461 ,
3063 394 3430 466 ἀναγνωστῶν
3471 413 3531 449 τε
3563 396 3663 451 καὶ

394 507 453 555 et
490 498 857 568 sepulcrorum
905 496 1302 567 expilatoribus
1338 500 1619 570 deputati,
1666 509 1796 554 tunc
1845 499 1958 568 epi-

323 595 336 609 ‘
395 593 597 660 scopis,
629 591 984 661 presbyteris,
1015 590 1279 656 diaconis,
1316 593 1610 649 lectoribus
1633 603 1794 664 atque
1811 607 1966 647 exor-

397 683 550 738 cistis
580 681 1000 750 complerentur,
1037 681 1172 736 adeo
1205 692 1260 737 ut
1291 684 1356 738 iis
1384 685 1476 754 qui
1507 686 1577 741 ob
1597 684 1824 739 crimina
1843 698 1969 739 cono

397 772 638 829 demnati
669 771 905 838 fuerant,
938 773 1246 842 nullusjam
1283 775 1436 830 locus
1465 786 1796 845 superesset.
1827 777 1968 831 Rur-

395 881 488 918 sus
517 879 644 918 vero
670 880 792 919 cum
821 865 964 918 aliud
1007 867 1241 922 edictum
1278 869 1458 939 priora
1500 869 1586 923 illa
1619 870 1965 926 subsecutum

396 956 604 1020 fuisset,
627 972 736 1028 quo
757 959 1175 1028 przecipiebatur
1204 973 1266 1014 ut
1300 960 1616 1018 carceribus
1643 961 1860 1026 inclusi,
1889 965 1965 1016 si-

391 1049 608 1116 quidem
661 1051 1099 1118 sacrilicassent,
1173 1053 1331 1107 liberi
1401 1054 1552 1109 abire
1613 1054 1962 1120 sinerentur;

392 1139 438 1194 si
470 1154 599 1195 vero
632 1141 683 1195 id
711 1153 1027 1210 reuuerent,
1067 1146 1357 1201 tormentis
1384 1147 1722 1215 gravissimis
1751 1147 1966 1201 crucia-

391 1243 618 1301 rentur;
645 1236 734 1289 vix
766 1235 876 1306 jam
921 1239 1043 1294 iniri
1085 1256 1342 1295 numerus
1377 1250 1552 1310 potest
1595 1241 1836 1295 omnium
1873 1240 1964 1309 qui

391 1325 649 1398 deinceps
702 1329 752 1382 in
808 1331 1039 1400 singulis
1082 1333 1379 1400 provinciis
1419 1334 1562 1402 passi
1603 1343 1729 1387 sunt
1767 1342 1968 1402 marty-

390 1417 567 1487 rium;
599 1435 664 1475 ac
687 1425 985 1490 praesertim
1011 1439 1198 1478 eorum
1227 1425 1318 1494 qui
1345 1440 1439 1495 per
1467 1426 1704 1481 Africam
1732 1435 1788 1480 et
1818 1425 1968 1478 Mau-

2065 497 2426 570 ἐπορκιστῶν,
2457 496 2532 559 ὡς
2562 495 2695 567 μηδέ
2719 491 2904 566 χώραν
2929 491 3009 545 ἔτι
3034 493 3146 554 τοῖς
3168 491 3263 543 ἐπὶ
3293 490 3662 560 κακουργίαις

2067 591 2416 662 κατακρίτοις
2444 588 2556 660 (15)
2575 586 2759 640 αὐτόοι
2789 582 3234 638 καταλείπεσθαι.
3264 577 3430 646 Αὖθις
3459 581 3506 634 δ’
3536 582 3660 634 ἐτέ-

2072 702 2177 757 ρων
2206 683 2316 754 (l6)
2356 683 2423 736 τὰ
2454 679 2645 753 πρῶτα
2671 680 2976 752 γράμματα
3025 675 3558 747 ἐπικατειληφότων,
3596 678 3662 728 ἐν

2067 772 2146 840 οἷς
2186 776 2311 838 τοὺς
2343 773 2766 834 κατακλείστους
2786 810 2800 834 ,
2833 769 3101 833 θύσαντας
3131 769 3262 840 μὲν,
3287 771 3381 840 ἐᾷν
3413 768 3659 840 βαδίζειν

2070 868 2155 920 ἐπ’
2200 865 2525 938 ἐλευθερίας,
2556 863 2942 934 ἐνισταμένους
2969 862 3028 916 δέ
3057 861 3279 933 μυρίαις
3307 861 3660 926 καταξαίνειν

2071 959 2438 1031 προστέτακτο
2486 955 2759 1027 βασάνοις,
2794 954 2912 1018 πῶς
2952 953 3019 1008 ἂν
3061 954 3224 1007 πάλιν
3264 953 3500 1008 ἐνταῦθα
3545 954 3658 1005 τῶν

2069 1051 2190 1106 καθ’
2223 1049 2458 1122 ἐκάστην
2487 1049 2756 1119 ἐπαρχίαν
2795 1045 3087 1120 μαρτύρων
3117 1045 3446 1116 ἀριθμήσειέ
3477 1061 3562 1106 τις
3590 1043 3657 1096 τὸ

2069 1146 2292 1216 πλῆθος,
2325 1144 2418 1198 καὶ
2443 1143 2676 1215 μάλιστα
2709 1141 2816 1194 τῶν
2841 1139 2982 1196 κατά
3009 1139 3111 1211 τὴν
3155 1139 3419 1211 ’Δφρικὴν
3461 1138 3555 1192 καὶ
3591 1137 3658 1190 τὸ

2067 1239 2308 1310 Μαύρων
2337 1237 2506 1301 ἔθνος,
2533 1235 2776 1308 Θηϐαΐδα
2797 1251 2856 1287 τε
2880 1233 2976 1288 καὶ
3008 1233 3126 1288 κατ’
3154 1232 3462 1300 Αἴγυπτον;
3497 1231 3556 1297 ἐξ
3583 1225 3656 1302 ἧς

2074 1329 2168 1383 καὶ
2199 1331 2279 1392 είς
2319 1327 2510 1398 ἐτέρας
2539 1326 2637 1398 ἠδη
2666 1323 3020 1398 προελθόντες
3051 1323 3236 1387 πόλεις
3265 1340 3325 1376 τε
3352 1324 3446 1378 καὶ
3475 1325 3656 1396 ἐπαρ-

2075 1421 2217 1492 χίας,
2245 1420 2539 1492 διέπρεψαν
2568 1421 2678 1482 τοῖς
2707 1418 3042 1490 μαρτυρίοις.

389 1511 681 1577 ritaniam,
719 1529 816 1583 per
845 1513 1173 1571 Thebaidem
1232 1527 1286 1571 et
1345 1517 1640 1588 Egyptum
1699 1526 1828 1572 sunt
1869 1515 2163 1572 interfecti.
2201 1514 2278 1568 Ex
2325 1512 2562 1584 Egypto
2609 1511 2826 1580 quidem
2861 1509 3105 1566 nonnulli
3159 1510 3211 1566 in
3269 1509 3402 1565 alias
3434 1523 3656 1580 quoque

391 1604 558 1661 urbes
584 1621 648 1663 ac
666 1609 974 1676 provincias
1003 1615 1352 1678 transgressi.
1378 1611 1651 1667 nobilibus
1684 1611 1960 1682 martyriis
1982 1607 2381 1663 inclaruerunt.

991 1701 1218 1758 CAPUT
1263 1702 1373 1757 νη.

577 1790 655 1844 De
683 1789 950 1863 Egyptiis
987 1797 1073 1864 qui
1103 1796 1154 1848 in
1189 1795 1430 1850 Phoenice
1459 1799 1600 1866 passi
1623 1809 1765 1851 sunt.

463 1949 528 2004 Et
547 1953 808 2020 quosdam
827 1955 1046 2024 quidem
1071 1955 1282 2010 illorum
1319 1958 1370 2010 in
1400 1957 1684 2013 Palaestina
1703 1959 1966 2013 claruisse

389 2042 662 2109 novimus,
691 2047 953 2114 quosdam
997 2061 1128 2102 vero
1155 2050 1294 2117 apud
1331 2048 1535 2120 Tyrum
1578 2051 1765 2105 urbem
1802 2049 1965 2104 Phre-

387 2133 560 2190 uices.
613 2135 758 2202 Quos
797 2141 918 2207 quis
969 2147 1052 2194 est
1081 2141 1169 2208 qui
1217 2155 1338 2195 cum
1383 2142 1606 2205 videret,
1651 2157 1756 2196 non
1786 2142 1964 2196 admi-

386 2234 540 2281 ratus
587 2228 660 2282 sit
717 2229 1143 2287 innumerabiles
1200 2234 1341 2288 ictus
1397 2233 1734 2304 ﬂagrorum,
1803 2243 1861 2290 et
1906 2234 1963 2288 in

385 2317 456 2374 iis
500 2321 843 2389 perferendis
900 2326 1264 2380 constantiam
1311 2327 1530 2382 illorum
1592 2343 1782 2382 revera
1836 2328 1964 2382 illu-

384 2408 579 2463 strium
624 2409 956 2470 Christiana:
995 2414 1122 2470 ildei
1165 2417 1496 2474 athletarum
1541 2437 1554 2474 :
1596 2431 1652 2476 et
1691 2430 1812 2491 post
1841 2436 1962 2476 ver-

385 2497 516 2556 bera
556 2512 833 2561 certamen
879 2521 1002 2562 cum
1046 2508 1240 2566 bestiis
1289 2512 1586 2568 humanum
1640 2513 1961 2584 sanguinem

381 2591 626 2650 lambere
672 2600 946 2656 assuetis:
973 2609 1134 2672 atque
1179 2604 1230 2658 in
1267 2617 1332 2660 eo
1371 2607 1674 2660 certamine
1711 2607 1963 2662 incursus

382 2683 552 2758 299
575 2689 864 2758 pardorum
893 2733 909 2759 ,
937 2701 992 2747 et
1017 2710 1265 2750 ursorum
1311 2699 1628 2753 immanium
1655 2738 1673 2765 ,
1703 2715 1960 2770 aprorum

383 2778 548 2832 etiam
585 2789 640 2835 et
667 2793 944 2838 taurorum
975 2824 990 2849 ,
1021 2801 1163 2856 quos
1197 2789 1418 2844 admoto
1448 2790 1571 2857 igne
1613 2801 1670 2845 et
1709 2794 1960 2847 candenti

383 2866 536 2922 ferro
585 2871 842 2928 adversus
874 2874 994 2930 illos
1027 2877 1323 2932 incitabant
1351 2897 1366 2934 :
1399 2881 1768 2936 admirabilem
1804 2883 1962 2937 deni-

384 2972 492 3029 que
518 2959 938 3020 fortissimorum
972 2977 1270 3040 martyrum
1309 2970 1362 3025 in
1392 2971 1620 3043 singulis
1652 2974 1842 3030 bestiis
1865 2991 1960 3030 sn-

2608 1697 3005 1752 ΚΕΦΑΔΑΙΟΝ
3040 1699 3093 1751 Z'
3107 1745 3122 1758 .

2279 1789 2416 1860 Περὶ
2444 1791 2560 1844 τῶν
2587 1790 2736 1844 κατὰ
2767 1789 3051 1860 φοινίκην
3074 1787 3426 1860 Αἰγυπτίων

2578 1861 2716 1926 (Nic.
2754 1859 2826 1914 Η.
2859 1859 2925 1915 E.
2953 1875 3048 1920 vn,
3073 1859 3147 1929 7).

2147 1955 2334 2024 Ἵσμεν
2362 1952 2493 2020 γοῦν
2519 1952 2644 2015 τοὺς
2687 1951 2748 2016 ἐξ
2779 1950 2957 2005 αὐτῶν
2991 1950 3397 2022 διαλάμψαντας
3445 1953 3502 2004 ἐν
3530 1952 3653 2006 Πα-

2067 2046 2333 2116 λαιστίνῃ,
2373 2044 2526 2115 ίἴσμεν
2552 2043 2608 2096 δέ
2641 2043 2737 2097 καὶ
2778 2043 2904 2106 τοὺς
2941 2043 2997 2096 ἐν
3029 2043 3192 2115 Τύρῳ
3228 2044 3325 2115 τῆς
3352 2044 3608 2115 Φοινίκης
3630 2061 3647 2075 ·

2068 2138 2160 2204 οὓς
2185 2139 2268 2201 τίς
2299 2137 2441 2201 ἰδὼν,
2468 2139 2528 2192 ού
2551 2135 2869 2207 κατεπλάγη
2899 2135 2996 2200 τὰς
3015 2136 3416 2209 ἀναριθμήτους
3454 2137 3657 2205 μάστι-

2067 2250 2200 2302 γας,
2247 2233 2341 2285 καὶ
2381 2229 2477 2293 τὰς
2526 2231 2584 2283 ἐν
2628 2227 2838 2293 τούτοις
2883 2228 2993 2282 τῶν
3034 2228 3110 2290 ὼς
3153 2228 3365 2298 ἀληθῶς
3406 2229 3656 2302 παραδό-

2069 2325 2174 2391 ξων
2209 2323 2318 2393 (l7)
2356 2322 2455 2392 τῆς
2491 2320 2797 2384 θεοσεϐείας
2829 2318 3076 2391 ἀθλητῶν
3108 2320 3397 2388 ,ἐνστάσεις
3419 2361 3433 2384 ,
3469 2321 3564 2374 τόν
3590 2337 3653 2374 τε

2070 2414 2410 2488 παραχρῆμα
2433 2413 2571 2484 μετά
2599 2411 2697 2476 τὰς
2721 2412 2990 2483 μάστιγας
3022 2412 3079 2464 ἐν
3114 2411 3307 2484 θηρσὶν
3332 2413 3653 2485 αίμοϐὁροις

2067 2509 2252 2578 ἀγῶνα
2281 2549 2298 2574 ,
2329 2506 2424 2560 καὶ
2456 2506 2554 2569 τὰς
2593 2506 2652 2559 ἐν
2689 2504 2864 2575 τούτῳ
2899 2503 3217 2574 παρδάλεων
3255 2504 3348 2558 καὶ
3378 2504 3657 2578 διαφόρων

2068 2601 2304 2672 ἄρκτων,
2325 2597 2469 2652 συῶν
2493 2615 2552 2652 τε
2584 2597 2791 2670 ἀγρίων
2816 2597 2909 2650 καὶ
2933 2597 3066 2666 πυρὶ
3092 2597 3190 2650 καὶ
3223 2596 3424 2668 σιδήρῳ
3457 2613 3656 2650 κεκαυ-

2067 2691 2446 2764 τηριασμένων
2478 2689 2613 2760 βοῶν
2637 2687 2973 2760 προσϐολὰς,
3005 2688 3100 2743 καὶ
3128 2690 3228 2752 τὰς
3259 2687 3394 2758 πρὸς
3421 2689 3656 2743 ἕκαστον

2066 2787 2179 2841 τῶν
2201 2785 2405 2857 θηρίων
2431 2784 2768 2856 θαυμασίους
2795 2783 2904 2838 τῶν
2925 2782 3188 2852 γενναίων
3211 2784 3523 2855 ύπομονάς;
3554 2779 3654 2849 Οἷς

2067 2878 2408 2950 γιγνομένοις
2433 2877 2526 2930 καὶ
2551 2876 2705 2931 αὐτοὶ
2730 2876 3006 2948 παρῆμεν,
3036 2877 3272 2948 ὁπηνίκα
3307 2877 3402 2931 τοῦ
3440 2895 3653 2948 μαρτυ-

2073 2971 2332 3043 ρουμένου
2381 2970 2632 3042 Σωτῆρος
2673 2968 2830 3040 ἡμῶν
2874 2967 3039 3023 αὑτοῦ
3077 2969 3142 3040 δὴ
3192 2969 3368 3040 Ἰησοῦ
3412 2969 3652 3041 Χριστοῦ

383 3054 655 3111 stinendis
687 3061 1030 3128 patientiam.
1066 3065 1194 3130 Quae
1213 3079 1332 3120 cum
1358 3076 1702 3137 gererentur,
1735 3083 1834 3124 nos
1858 3070 1960 3138 ipsi

2071 3063 2163 3137 τὴν
2201 3063 2350 3117 θείαν
2381 3063 2609 3134 δύναμιν
2653 3061 3063 3134 ἐπιπαροῦσαν,
3093 3062 3340 3134 ἐναργῶς
3380 3080 3441 3116 τε
3483 3063 3655 3134 αὐτὴν

385 3159 683 3222 praesentes
727 3155 1020 3214 aderamus
1068 3176 1082 3216 :
1130 3159 1222 3215 ubi
1272 3170 1327 3216 et
1371 3161 1613 3216 divinam
1661 3163 1960 3232 potentiam

389 3247 704 3303 Servatoris
753 3251 928 3304 nostri
964 3250 1092 3308 .lesu
1126 3251 1329 3308 Christi
1359 3297 1373 3321 ,
1417 3253 1502 3308 cui
1535 3263 1662 3309 tunc
1693 3264 1962 3326 martyres

386 3339 760 3398 testimonium
813 3342 1214 3412 perhibebant,
1261 3354 1584 3415 praesentem
1634 3355 1689 3401 et
1762 3354 1966 3402 semet-

381 3431 860 3501 ipsammanileste
896 3435 1230 3506 martyribus
1275 3437 1627 3492 exhibentem
1676 3439 1964 3508 perspexi-

387 3537 531 3576 mus.
559 3523 616 3576 Si
659 3524 876 3594 quidem
913 3527 1277 3582 voracissima:
1307 3527 1518 3592 bestiae.
1561 3528 1725 3601 longo
1761 3540 1966 3596 tempo-

388 3613 466 3667 ris
499 3614 677 3683 spatio
727 3631 826 3672 nec
861 3618 1134 3687 attingere
1179 3629 1490 3675 sanctorum
1540 3636 1806 3692 corpora,
1861 3637 1962 3677 nec

385 3705 610 3777 prapius
643 3708 901 3763 accedere
944 3719 1070 3762 sunt
1111 3724 1275 3766 ausae.
1316 3711 1516 3765 Verum
1571 3713 1625 3766 in
1677 3713 1810 3767 alios
1842 3713 1957 3781 qui-

383 3796 531 3858 dem,
572 3799 663 3866 qui
699 3815 726 3853 a
761 3799 865 3855 title
890 3809 1075 3856 nostra
1109 3801 1268 3856 alieni
1300 3803 1448 3872 ipsas
1474 3803 1826 3874 instigabant,
1864 3808 1962 3860 im-

382 3898 570 3956 petum
603 3905 758 3945 suum
790 3902 1198 3949 converterunt.
1242 3895 1396 3950 Solos
1427 3911 1555 3951 vero
1583 3907 1962 3953 sacrosanctos

381 3979 612 4035 athletas
640 4021 653 4045 ,
683 3983 774 4052 qui
806 3983 965 4040 nudis
987 3987 1308 4056 corporibus
1349 3989 1568 4044 stabant
1593 4027 1608 4051 ,
1641 3999 1695 4041 et
1722 4003 1963 4043 commo-

455 4097 567 4182 (ίβ)
597 4100 842 4182 Τοῖςνέπὶ
863 4107 1244 4182 κακουργίαις
1265 4108 1661 4182 κατακρίτοςςἶ
1689 4107 1964 4182 Muscnlus

383 4175 594 4245 vertit:
643 4189 663 4222 ι
705 4175 778 4245 l_t_a
813 4183 872 4226 ut
901 4175 968 4228 iis
1017 4178 1105 4244 qui
1157 4187 1379 4245 propter
1428 4178 1696 4232 maleﬁcia
1740 4179 1962 4232 damna-

383 4241 602 4314 Ιιοιιιιιτ.
634 4241 815 4298 nullus
846 4241 1232 4314 supere—sset'in
1261 4241 1522 4302 custodiis
1545 4249 1717 4302 locus.
1751 4268 1770 4300 ι
1803 4251 1962 4303 Chri-

378 4311 780 4387 stoplrorsonus
808 4311 940 4387 vero
981 4316 1061 4371 sic
1090 4316 1478 4387 interpretatus
1515 4330 1599 4373 est
1633 4337 1646 4372 :
1687 4337 1704 4369 ι
1748 4319 1842 4374 llis
1869 4322 1958 4387 qui

385 4380 671 4462 maleficiis
729 4384 1053 4462 tenebantur
1107 4380 1383 4462 obstricti,
1439 4398 1546 4462 etc.
1603 4407 1623 4442 ι
1688 4380 1962 4459 Ignoravit

379 4451 593 4505 scilicet
626 4463 732 4525 tam
767 4453 1042 4510 Musculus
1072 4473 1230 4525 quam
1261 4451 1805 4525 (Iliristopliorsoiiits.
1844 4477 1964 4516 reos

384 4532 507 4588 post
528 4523 814 4590 capitalem
849 4523 1172 4581 sententiam
1202 4530 1252 4580 in
1276 4523 1492 4584 carcere
1522 4533 1766 4585 deten‘tos
1790 4533 1966 4587 adhuc

384 4590 580 4651 fuiSSe.
604 4609 669 4647 ex
697 4595 1084 4652 constitutione
1107 4596 1333 4652 Tiberii.

387 4731 402 4744 .
463 4661 574 4732 (16)
607 4659 785 4730 Αὖθις
825 4665 878 4718 δ’
918 4667 1152 4744 ἐτέρωις.
1192 4668 1434 4744 Tertium
1474 4672 1582 4744 hoc
1603 4671 1703 4723 fuit
1729 4672 1963 4726 edictum

385 4739 781 4815 imperatorum
820 4748 1022 4815 contra
1075 4739 1440 4815 Christianos.
1499 4743 1679 4815 lfrirno
1745 4745 1963 4815 quidem

383 4803 566 4857 edicto
593 4803 835 4871 jusserat
869 4809 1165 4878 imperator
1189 4810 1393 4864 destrui
1422 4813 1698 4872 ecclesias,
1735 4803 1788 4866 εἰ
1815 4813 1964 4867 Scri-

384 4881 576 4956 ptu‘ras
601 4891 785 4956 sacras
812 4879 932 4946 igne
977 4880 1272 4956 comburi;
1304 4891 1468 4951 utque
1513 4883 1761 4956 honorati
1793 4884 1836 4936 si
1869 4899 1960 4936 sa-

387 4945 621 5024 ('rilicari
665 4945 1047 5024 recusassent,
1109 4945 1399 5024 dignitate'
1429 4968 1525 5007 sua
1582 4953 1958 5020 privarentur;

385 5014 613 5092 viliores
665 5015 973 5092 libertatem
1027 5014 1364 5086 amitterent,
1397 5031 1454 5076 ut
1479 5033 1562 5076 est
1583 5014 1644 5075 in
1687 5024 1864 5092 capite
1904 5014 1962 5077 2.

387 5083 634 5165 Alterum
658 5087 895 5165 edictum
925 5092 1087 5165 paulo
1116 5100 1247 5165 post
1267 5083 1614 5165 subsecutum
1633 5103 1736 5159 est,
1756 5083 1828 5145 ἰιι
1851 5095 1963 5165 epi-

387 5159 562 5220 scopi,
599 5159 896 5228 presbyteri
938 5170 995 5232 et
1040 5163 1250 5216 diaconi
1303 5164 1358 5215 in
1394 5179 1667 5217 carcerein
1721 5159 1962 5232 conjice-

392 5235 602 5302 rentur,
629 5237 684 5280 et
711 5231 1219 5302 adsacrilicandum
1248 5234 1501 5288 omnibus
1532 5233 1706 5286 modis
1726 5231 1964 5302 compel-

390 5292 657 5360 lerentur,
685 5309 742 5352 ut
791 5299 999 5354 ibidem
1021 5302 1210 5356 scribit
1239 5304 1526 5358 Eusebius.
1567 5303 1812 5357 Tertium
1847 5292 1964 5358 edi-

389 5376 548 5447 clunt.
571 5383 761 5423 omnes
799 5369 1169 5447 cujuscunque
1212 5376 1425 5447 generis
1460 5373 1798 5447 Christianos
1853 5383 1960 5428 tam

389 5435 561 5491 laicos
617 5454 779 5508 quam
851 5435 1095 5497 clericos'
1131 5435 1563 5512 comprehendit,
1625 5447 1765 5512 quod
1817 5459 1962 5499 anno

428 5512 788 5580 ersecutionis
834 5527 875 5565 ιι
932 5516 1266 5580 propositum
1324 5529 1445 5569 esse
1479 5516 1556 5568 ait
1604 5514 1866 5569 Eusebius
1906 5516 1960 5568 in

416 5577 531 5631 ibro
577 5581 655 5655 De
716 5577 1048 5655 martyri—bus
1082 5583 1408 5648 Palaestinas,
1458 5600 1579 5655 cap.
1623 5586 1678 5640 5.
1742 5585 1962 5639 Videtur

391 5655 570 5729 tamen
626 5651 734 5729 hoc
763 5651 998 5729 edictum
1051 5657 1239 5729 potius
1267 5651 1728 5729 quartutn'iuisse.
1758 5655 1962 5729 Secun-

389 5721 516 5772 dum
551 5721 692 5777 enim
747 5723 981 5781 edictum
1031 5721 1090 5778 ac
1121 5726 1336 5783 tertium
1379 5727 1443 5781 ad
1478 5726 1620 5780 soles
1656 5728 1959 5784 sacerdotes

2062 3159 2175 3221 τοϊς
2207 3156 2473 3228 μάρτυσιν
2497 3154 2877 3209 ἐπιδεικνῦσαν
2904 3155 3290 3228 ἱστορήσαμεν,
3313 3155 3420 3208 τῶν
3442 3154 3656 3226 ἀνθρω-

2065 3247 2312 3320 ποϐόρων
2354 3248 2446 3301 ἐπὶ
2494 3246 2715 3300 πλείονα
2765 3247 2955 3319 χρόνον
3014 3246 3089 3318 μὴ
3136 3247 3474 3319 προσψαύειν
3518 3247 3655 3318 μηδὲ

2065 3339 2382 3412 πλησιάζειν
2406 3341 2518 3404 τοῖς
2532 3337 2640 3392 τῶν
2661 3337 2919 3408 θεοφιλῶν
2944 3340 3188 3410 σώμασιν
3211 3338 3650 3409 ἐπιτολμώντων,

2067 3436 2181 3490 ἀλλ’
2209 3435 2301 3489 ἐπὶ
2336 3434 2433 3505 μέν
2457 3432 2583 3497 τοὺς
2615 3432 2828 3496 ἀλλους,
2859 3432 2972 3486 ὅσοι
2998 3432 3264 3504 δήπουθεν
3305 3433 3506 3499 ἔξωθεν
3537 3434 3652 3503 (l8)

2067 3527 2375 3598 ἐρεθισμοῖς
2422 3523 2740 3597 παρώρμων
2779 3523 2948 3588 αύτά,
2991 3524 3335 3595 φερομένων,
3369 3524 3546 3593 μόνων
3595 3524 3654 3577 δὲ

2067 3619 2174 3673 τῶν
2207 3618 2364 3691 ίερῶν
2393 3618 2640 3691 ἀθλητῶν
2669 3616 2890 3688 γυμνῶν
2923 3615 3171 3670 ἑστώτων
3205 3616 3300 3669 καὶ
3335 3619 3455 3678 ταῖς
3494 3617 3656 3688 χερσὶ

2069 3713 2497 3774 κατασειόντων,
2545 3709 2636 3763 ἐπί
2692 3727 2750 3763 τε
2810 3711 2948 3779 σφᾶς
3001 3709 3197 3772 αύτούς
3249 3709 3656 3778 ἐπισπωμένων

2069 3806 2247 3876 (τοῦτο
2270 3805 2378 3878 γὰρ
2397 3806 2580 3868 αὐτοῖς
2605 3804 2888 3860 ἐκελεύετο
2912 3802 3193 3875 πράττειν)
3218 3802 3339 3873 μηδ’
3361 3803 3497 3865 ὅλως
3519 3803 3657 3872 ἐφα-

2071 3899 2382 3970 πτομένων,
2420 3897 2531 3951 ἀλλ’
2565 3896 2674 3950 ἐσθ’
2706 3897 2811 3967 ὅπη
2846 3895 2943 3967 μὲν
2979 3896 3071 3949 καὶ
3099 3895 3184 3948 ἐπ’
3215 3895 3412 3958 αὐτοὺς
3433 3894 3653 3965 ὁρμών-

2068 4009 2197 4058 των,
2231 3985 2318 4044 οῗα
2341 3991 2397 4044 δέ
2429 3989 2564 4062 πρός
2594 4008 2736 4054 τινος
2769 3987 3045 4060 θειοτέρας
3072 3987 3349 4058 δυνάμεως
3380 3988 3653 4058 ἀνακρου-

2071 4110 2395 4180 pertinebat.
2447 4109 2527 4180 Ac
2569 4107 3067 4180 secundoiquidem
3099 4107 3308 4174 jussum
3341 4116 3460 4180 erat
3503 4116 3562 4160 ut
3593 4107 3652 4160 in

2069 4179 2344 4235 carcerem
2366 4179 2782 4246 conjicerentur.
2821 4179 3005 4231 Tertio
3040 4193 3170 4231 vero
3198 4179 3508 4232 mandatum
3538 4187 3651 4242 est,

2068 4263 2129 4305 ut
2165 4252 2322 4304 iidem
2359 4251 2671 4306 sacerdotes
2705 4249 2996 4303 tormentis
3037 4247 3298 4302 adhibitis
3326 4249 3392 4301 ad
3427 4246 3653 4301 sacriﬁ-

2069 4323 2300 4375 candnm
2341 4321 2820 4388 compellerentur.

2139 4391 2251 4461 (l7)
2285 4390 2406 4446 Τῶν
2437 4387 2677 4458 ἀληθῶς
2708 4387 3081 4457 παραδόξων.
3108 4388 3369 4461 Paradoxi
3397 4387 3656 4461 diceban-

2067 4459 2390 4517 turatbletaa
2417 4463 2508 4530 qui
2545 4462 2743 4514 multas
2773 4462 3030 4530 victorias
3062 4460 3378 4522 retulerant,
3407 4468 3466 4512 ut
3499 4459 3652 4530 jam-

2067 4532 2272 4601 pridem
2316 4529 2524 4586 notavit
2547 4531 2743 4586 Petrus
2772 4529 2948 4601 Faber
2982 4532 3033 4601 in
3063 4529 3523 4601 Αςρῃὶειὶροηιίδι
3557 4545 3650 4601 ιιι,

2067 4598 2189 4672 pag.
2215 4601 2338 4672 605.
2378 4601 2549 4656 Porro
2581 4603 2633 4656 in
2699 4601 2852 4655 codd.
2890 4600 3027 4672 Med.
3057 4598 3123 4672 et
3149 4598 3287 4652 Maz.
3313 4599 3514 4669 legitur
3536 4600 3652 4653 τῶν

2066 4671 2390 4742 ῶςίάληθῶς,
2421 4672 2564 4740 quod
2589 4680 2740 4742 certe
2769 4681 2852 4724 est
2881 4671 3200 4742 elegantius.

2139 4739 2257 4814 (18}
2289 4739 2562 4806 Ἕξωθεν.
2600 4741 2942 4814 Nicephorus
2974 4739 3036 4795 in
3083 4741 3261 4814 capite
3301 4739 3333 4793 7
3390 4739 3487 4814 lib.
3546 4756 3653 4814 vlt,

2067 4814 2337 4868 intellexit
2371 4829 2464 4865 eos
2517 4813 2610 4882 qui
2645 4823 2794 4867 extra
2827 4827 3046 4882 arenam
3082 4813 3320 4874 stabant,
3347 4820 3402 4865 et
3444 4813 3653 4866 bestias

2068 4884 2400 4938 clamoribus
2432 4881 2748 4937 incitabant.
2792 4882 2895 4936 Sed
2917 4881 3145 4934 Rulinus
3169 4896 3272 4934 non
3309 4890 3652 4950 spectatores

2069 4955 2350 5016 intellexit,
2387 4955 2480 5008 sed
2524 4954 2830 5008 areuarios.
2871 4951 3067 5021 quibus
3103 4951 3236 5005 artis
3265 4962 3348 5005 est
3381 4951 3652 5019 instigare

2068 5027 2289 5083 IwSIias.
2333 5034 2392 5079 ut
2434 5025 2548 5090 ipse
2583 5024 2822 5092 loquitur
2854 5041 2866 5074 :
2901 5043 2919 5072 ‹
2959 5022 3151 5075 Verum
3201 5022 3411 5087 bestiae,
3445 5021 3648 5092 inquit,

2067 5097 2187 5149 illos
2220 5098 2384 5161 ipsos,
2417 5096 2510 5164 qui
2559 5097 2626 5147 ad
2661 5091 3029 5164 instigandum
3050 5092 3372 5164 mittuntur,
3411 5091 3651 5164 incredi-

2065 5166 2160 5218 bili
2187 5159 2472 5219 velocitate
2494 5159 2826 5232 discerpunt‘,
2869 5181 2889 5212 ³
2933 5161 3459 5230 Christophorsonus
3484 5159 3650 5232 Nice-

2067 5237 2220 5304 phori
2257 5236 2650 5305 expositionem
2679 5231 2924 5288 ’secutus
2946 5243 3049 5305 est.
3095 5231 3185 5305 Sic
3229 5233 3374 5305 enim
3417 5231 3585 5305 vertit
3629 5251 3645 5286 :

2072 5300 2089 5356 ἆ
2127 5305 2179 5359 ln
2209 5300 2452 5361 intid'eles
2481 5305 2746 5374 quiextra
2782 5303 3062 5373 repagula,
3101 5302 3241 5374 al_ius
3274 5300 3516 5364 aliunde,
3550 5316 3648 5355 eas

2066 5377 2120 5430 in
2175 5387 2443 5446 martyres
2491 5372 2842 5446 instigarunt,
2907 5372 2938 5424 ί
2988 5381 3093 5428 etc.
3131 5372 3209 5426 Ex
3263 5385 3375 5441 quo
3415 5381 3652 5446 app_a_ret

2062 5459 2186 5501 eum
2220 5438 2419 5515 duplici
2477 5438 2650 5500 modo'
2684 5446 3096 5515 interpretatum
3132 5456 3252 5515 esse
3268 5438 3471 5515 *ξορθῲ
3509 5438 3655 5507 ἐξω-

2065 5516 2192 5581 θεν;
2259 5511 2366 5570 tam
2425 5517 2495 5572 de
2550 5511 2872 5576 inﬁdelibus,
2931 5529 3092 5582 quam
3147 5513 3214 5566 de
3267 5512 3333 5566 iis
3369 5511 3650 5582 quiextra

2065 5601 2287 5639 arenam
2353 5587 2588 5642 stabant.
2656 5585 2909 5641 Occurrit
2950 5581 3164 5638 eadem
3230 5599 3330 5636 vox
3396 5581 3534 5634 infra
3589 5582 3647 5636 in

2065 5657 2164 5763 h/oc
2229 5660 2408 5727 capite
2463 5659 2585 5722 τοὺς
2643 5656 2739 5730 μὲν
2799 5654 2990 5718 ἄλλους
3057 5652 3164 5706 τῶν
3219 5651 3414 5720 ἔξωθεν
3473 5667 3652 5726 apud»

2068 5745 2266 5784 ιοντων.
