3928 6252
327 255 429 310 757

1297 256 1650 314 HISTORIA?
1689 259 2252 318 ECCI.ESIASTlf31E
2295 261 2423 317 LIB.
2467 259 2602 315 Vlil.

3487 261 3589 317 758

245 399 252 404 -
315 374 557 446 ομένων,
577 374 673 427 καὶ
695 370 760 428 αὖ
791 375 949 429 πάλιν
981 376 1058 439 εἰς
1086 375 1323 430 τούπίσω
1347 378 1686 450 χωρούντων.
1730 381 1794 432 Ὂ
1824 379 1918 432 καὶ

2033 381 2090 434 lis
2127 382 2370 436 manibus
2403 398 2497 436 eas
2529 382 2580 435 iu
2614 380 2932 450 semetipsos
2962 381 3330 450 provocabaut
3359 379 3588 452 (idenim

317 470 408 532 είς
450 467 660 539 μακρὸν
692 468 1008 538 γινόμενον,
1057 468 1241 539 θαῦμα
1279 474 1535 542 παρεῖχεν
1580 473 1640 524 οὺ
1686 472 1913 543 σμικρὸν

317 564 440 625 τοῖς
473 559 794 628 θεωμένοις,
829 561 969 615 ὥστε
999 561 1098 632 ἥδη
1128 561 1215 614 διὰ
1243 563 1302 616 τὸ
1334 563 1614 632 ἄπρακτον
1641 563 1734 617 τού
1767 563 1916 634 πρώ-

316 667 422 704 του
444 691 459 710 .
506 650 758 722 δεύτερον
807 652 900 705 καὶ
946 653 1126 724 τρίτον
1160 655 1557 724 προσαφίεσθαι
1597 655 1679 708 ἑνὶ
1713 655 1805 709 καὶ
1836 655 1915 726 τῷ

319 741 480 814 αὐτῷ
510 742 743 814 μάρτυρι
782 742 986 814 θηρίον.
1019 745 1450 816 Καταπλαγῆναι
1493 745 1538 799 δ’
1592 741 1660 817 ἦν
1692 745 1790 818 τὴν
1824 747 1917 799 ἐπὶ

317 835 540 899 τούτοις
572 835 837 905 ἀπτόητον
866 836 973 889 τῶν
1004 837 1163 908 ἱερῶν
1193 839 1415 891 ἐκείνων
1457 840 1776 911 καρτερίαν,
1821 839 1916 892 καὶ

318 931 430 1000 τὴν
471 932 528 982 ἐν
569 930 778 998 σώμασι
809 929 946 993 νέοις
977 929 1269 1001 βεϐηκυῖαν
1303 933 1396 985 καὶ
1430 932 1785 1004 ἀδιάτρεπτον
1836 933 1918 985 ἕν-

324 1038 543 1074 στασιν.
586 1020 793 1091 Ἑώρας
821 1020 951 1090 γοῦν
990 1023 1204 1093 ἠλικίαν
1237 1023 1344 1076 οὐδ’
1383 1024 1518 1076 ὅλων
1551 1023 1687 1077 ἑτῶν
1718 1025 1913 1086 εἴκοσι,

320 1113 457 1182 δίχα
489 1111 700 1184 δεσμῶν
730 1113 960 1177 ἑστῶτος
989 1114 1130 1178 νέου,
1162 1115 1255 1168 καὶ
1290 1114 1388 1180 τὰς
1430 1117 1526 1185 μὲν
1561 1118 1747 1188 χεῖρας
1781 1119 1917 1186 ἐφα-

327 1203 594 1266 πλούντος
626 1205 704 1267 εἰς
741 1203 974 1276 σταυροῦ
1018 1204 1220 1270 τύπον,
1272 1205 1678 1276 άκαταπλήκτῳ
1726 1207 1782 1260 δὲ
1826 1207 1920 1261 καὶ

325 1293 568 1363 ἀτρεμεῖ
593 1292 798 1365 διανοίᾳ
830 1296 948 1357 ταῖς
978 1294 1110 1365 πρὸς
1142 1294 1201 1348 τὸ
1224 1296 1374 1348 Θεῐον
1407 1295 1732 1365 σχολαίτατα
1757 1313 1916 1349 τετα-

333 1383 502 1456 μένου
534 1384 727 1449 λιταῖς,
762 1385 882 1455 μηδ’
928 1385 1064 1450 ὅλως
1095 1404 1154 1439 τε
1195 1385 1588 1458 μεθισταμένου
1634 1387 1754 1457 μηδ’
1787 1389 1920 1441 ἀπο-

330 1479 608 1543 κλίνοντός
639 1498 725 1533 ποι
753 1480 846 1533 τοῦ
881 1480 1008 1533 ἔνθα
1038 1483 1278 1551 εἱστήκει
1322 1481 1518 1544 τόπου,
1565 1482 1781 1554 ἄρκτων
1827 1483 1921 1536 καὶ

333 1574 656 1643 παρδάλεων
687 1572 854 1643 θυμοῦ
886 1573 978 1626 καὶ
1003 1573 1229 1626 θανάτου
1266 1573 1535 1626 πνεόντων
1555 1615 1568 1638 ,
1607 1575 1699 1628 καὶ
1734 1575 1920 1643 σχεδὸν

335 1664 508 1733 αὐτῆς
535 1663 962 1734 καθαπτομένων
985 1663 1148 1717 αὐτοῦ
1173 1663 1272 1733 τῆς
1307 1665 1527 1735 σαρκὸς,
1557 1665 1670 1718 ἀλλ’
1699 1667 1797 1718 οὐκ
1825 1661 1919 1718 οἷδ’

335 1758 486 1819 ὅπως
521 1757 638 1828 θείᾳ
671 1758 763 1810 καὶ
791 1758 1086 1828 ἀπορρήτῳ
1115 1755 1341 1826 δυνάμει
1384 1759 1665 1828 μονονουχὶ
1690 1776 1922 1829 φραττο-
1956 1737 1998 1793 Β

339 1850 520 1917 μένων
548 1849 604 1901 τὸ
641 1850 834 1919 στόμα,
859 1850 951 1902 καὶ
977 1845 1129 1913 αὖθις
1161 1849 1666 1922 παλινδρομούντων
1697 1853 1776 1913 είς
1805 1851 1926 1903 τοὺ-

336 1942 501 1994 πῐσω.
543 1942 652 1994 Καὶ
697 1934 851 2004 οὗτος
899 1941 997 2011 μὲν
1041 1937 1134 1995 οὖν
1165 1941 1400 2005 τοιοῦτός
1427 1960 1509 2006 τις
1552 1938 1638 2014 ἦν.
1675 1941 1842 1995 Πάλιν
1879 1942 1924 1995 δ’

333 2033 404 2088 ἂν
454 2034 674 2105 ἑτέρους
716 2027 881 2096 εἶδες,
915 2032 1075 2086 πέντε
1117 2033 1224 2105 γὰρ
1271 2037 1319 2086 οί
1363 2034 1559 2098 πάντες
1610 2034 1922 2105 ἐτύγχανον,

335 2127 667 2198 ἠγριωμένῳ
687 2125 873 2197 ταύρῳ
896 2126 1366 2198 παραϐληθέντας,
1385 2127 1442 2190 ὃς
1462 2129 1585 2190 τοὺς
1611 2127 1707 2199 μὲν
1732 2127 1925 2193 ἄλλους

332 2219 446 2272 τῶν
476 2218 674 2283 ἔξωθεν
706 2218 1070 2289 προσιόντων,
1104 2220 1217 2281 τοῖς
1261 2217 1486 2290 κέρασιν
1530 2221 1610 2282 είς
1659 2220 1749 2272 τὸν
1784 2220 1928 2292 ἀέρα

339 2307 549 2377 ῥίπτων
569 2306 979 2378 διεσπάραττεν,
995 2306 1298 2379 ἡμιθνῆτας
1323 2307 1570 2380 αἴρεσθαι
1585 2309 1921 2375 καταλιπὼν,

336 2401 432 2451 ἐπὶ
469 2400 662 2470 μόνους
711 2398 768 2452 δὲ
808 2399 962 2470 θυμῷ
1003 2400 1096 2452 καὶ
1140 2399 1334 2470 ἀπειλῇ
1376 2401 1502 2460 τοὺς
1534 2402 1711 2472 ἱεροὺς
1739 2402 1926 2472 ὁρμῶν

341 2495 650 2566 μάρτυρας,
684 2494 800 2546 οὐδὲ
833 2494 1148 2563 πλησιάζειν
1179 2495 1362 2557 αὐτοῖς
1388 2489 1500 2559 οἷός
1529 2512 1586 2548 τε
1618 2491 1706 2565 ἦν,
1740 2495 1928 2565 κυρίτ-

336 2603 447 2639 των
480 2586 538 2639 δὲ
566 2589 677 2650 τοῖς
711 2588 836 2639 ποσὶ
867 2585 980 2657 (19)
1011 2587 1104 2640 καὶ
1132 2589 1244 2650 τοῖς
1284 2588 1477 2659 κέρασι
1528 2587 1654 2657 τῇδε
1704 2587 1927 2639 κάκεῖσε

338 2680 643 2752 χρώμενος,
677 2684 769 2735 καὶ
811 2682 898 2736 διά
945 2682 1070 2747 τοὺς
1114 2682 1219 2736 τῶν
1269 2684 1560 2754 καυτήρων
1607 2681 1928 2753 έρεθισμοὺς

341 2773 518 2844 θυμοῦ
553 2776 646 2828 καὶ
673 2775 903 2845 ἀπειλῆς
933 2776 1129 2840 πνέων,
1162 2779 1239 2839 εὶς
1271 2777 1512 2829 τούπίσω
1541 2776 1676 2848 πρὸς
1705 2777 1802 2847 τῆς
1849 2778 1927 2828 ἰε-

343 2869 444 2938 ρᾶς
477 2866 787 2920 ἀνθείλκετο
816 2867 1112 2938 Προνοίας·
1147 2867 1222 2932 ὼς
1255 2868 1389 2938 μηδὲ
1414 2867 1605 2920 τούτου
1634 2867 1796 2938 μηδὲν
1821 2884 1927 2938 μη-

340 2955 533 3026 δαμῶς
570 2956 765 3020 αὐτοὺς
794 2956 1167 3028 ἀδικήσαντος,
1203 2957 1366 3029 ἕτερα
1423 2957 1556 3011 ἄττα
1606 2959 1786 3019 αὐτοῖς
1833 2959 1932 3011 ὲπ-

344 3049 600 3119 αφίεσθαι
622 3047 804 3120 θηρία.
824 3048 989 3112 Τέλος
1010 3049 1074 3118 δὴ
1090 3045 1182 3102 οὖν
1212 3049 1346 3120 μετά
1368 3048 1466 3112 τὰς
1490 3048 1668 3112 δεινάς
1692 3049 1786 3102 καὶ
1815 3066 1933 3102 ποι-

344 3141 504 3205 κίλας
536 3140 742 3194 τούτων
770 3139 1104 3210 προσϐολάς,
1141 3140 1281 3210 ξίφει
1332 3141 1774 3209 κατασφαγέντες
1817 3142 1927 3212 (20)

345 3233 400 3287 οἱ
427 3234 646 3297 πάντες,
672 3232 792 3285 ἀντὶ
818 3234 921 3306 γῆς
947 3234 1042 3287 καὶ
1070 3234 1256 3304 τάφων
1283 3236 1396 3299 τοῖς
1427 3233 1732 3299 θαλαττίοις
1754 3251 1930 3306 παρα-

344 3323 580 3379 δίδονται
610 3325 840 3396 κύμασι.

2021 470 2575 540 facerejubebautur)
2615 486 2679 526 ne
2710 472 3051 541 contigerunt
3084 473 3324 542 quidem.
3365 473 3478 527 lmo
3520 461 3594 527 iu.-

2019 565 2228 617 tcrdum
2285 564 2500 633 quidem
2555 563 2607 616 iu
2658 576 2753 618 eos
2801 563 3134 631 irruebant;
3188 564 3283 618 sed
3344 566 3593 632 protinus

2019 656 2174 726 quasi
2224 656 2405 710 divina
2444 659 2680 727 quadam
2711 657 2919 711 virtute
2954 657 3183 726 repulsa:
3209 698 3224 722 ,
3256 667 3402 714 retro
3433 660 3594 712 cede-

2021 749 2176 804 bant.
2206 749 2334 816 Quae
2369 766 2491 805 cum
2533 750 2741 805 diutius
2776 749 2970 805 ﬁerent
3000 790 3015 814 ,
3050 765 3157 804 non
3203 751 3464 805 mediocri
3497 753 3592 806 ad-

2022 840 2309 897 miratione
2366 843 2527 897 deﬁxi
2574 853 2731 899 erant
2777 853 3117 912 spectatores
3170 861 3185 898 :
3239 844 3372 898 adeo
3421 854 3479 897 ut
3527 844 3596 898 ob

2021 948 2235 988 cassum
2265 943 2322 988 et
2355 934 2566 988 inanem
2599 935 2800 1004 prioris
2847 936 3032 991 bestia:
3071 937 3381 999 incursum,
3425 937 3594 989 altera

2020 1040 2210 1079 rursus
2238 1039 2302 1080 ac
2349 1027 2504 1081 tertia
2561 1027 2614 1080 in
2671 1043 2832 1081 unum
2885 1029 3245 1097 eumdemque
3296 1037 3596 1097 martyrem

2021 1115 2379 1170 emitteretur.
2434 1115 2616 1170 Mirari
2668 1125 2796 1171 tunc
2845 1117 3044 1172 licebat
3097 1117 3419 1186 intrepidam
3473 1132 3599 1185 erga

2020 1203 2138 1258 haec
2169 1213 2479 1278 sanctorum
2514 1208 2902 1271 constantiam,
2938 1218 2989 1262 et
3017 1206 3266 1261 stabilem
3302 1216 3466 1275 atque
3512 1206 3599 1259 iu-

2023 1311 2345 1352 concussam
2384 1300 2434 1352 iu
2487 1299 2689 1356 teneris
2738 1299 3062 1370 corporibus
3099 1299 3266 1352 animi
3315 1297 3600 1353 fortitudi-

2023 1403 2168 1443 nem.
2203 1387 2410 1458 Quippe
2453 1389 2687 1445 vidisses
2718 1399 2845 1445 tunc
2877 1387 3342 1444 adolescentulum
3380 1387 3599 1449 vixdum

2026 1481 2342 1535 vicesimum
2367 1483 2543 1536 aatatis
2571 1497 2770 1535 annum
2811 1481 3144 1550 ingressum,
3176 1481 3385 1550 absque
3412 1479 3602 1532 vincu-

2025 1573 2094 1629 lis
2137 1583 2370 1629 stantem
2405 1595 2418 1630 :
2449 1584 2504 1630 et
2539 1575 2789 1630 manibus
2815 1575 2866 1629 in
2895 1575 3076 1629 crucis
3107 1572 3341 1628 formam
3391 1561 3600 1640 expan-

2026 1668 2121 1734 sis,
2157 1667 2422 1738 ﬁrmaque
2450 1676 2503 1722 et
2549 1669 2820 1737 impavide
2854 1669 3035 1722 animo
3081 1666 3444 1729 attentissime
3493 1666 3602 1719 Deo

2027 1761 2460 1829 supplicantem;
2499 1779 2597 1818 nec
2631 1764 2698 1818 ab
2731 1778 2796 1818 eo
2832 1761 2887 1816 in
2939 1777 3046 1830 quo
3080 1769 3308 1815 steterat
3360 1759 3479 1815 loco
3511 1776 3600 1812 re-

2027 1850 2304 1906 cedentem
2338 1862 2432 1906 aut
2479 1854 2746 1910 ullatenus
2779 1854 3140 1910 declinantem
3176 1871 3191 1908 :
3224 1868 3346 1907 cum
3380 1851 3601 1905 interim

2025 1942 2141 1995 ursi
2182 1951 2237 1998 et
2266 1947 2416 2014 pardi
2452 1945 2690 2002 furorem
2725 1963 2788 2003 ac
2814 1959 3046 2002 mortem
3076 1946 3315 2001 anhelitu
3347 1945 3464 2014 ipso
3493 1943 3603 2011 spi-

2027 2043 2213 2089 rantes
2239 2075 2254 2100 ,
2291 2039 2532 2094 membra
2584 2038 2730 2095 illius
2759 2055 2898 2110 pene
2921 2040 3032 2110 jam
3064 2038 3334 2094 morsibus
3382 2036 3604 2090 invade-

2028 2135 2170 2178 rent.
2203 2124 2304 2191 Qui
2340 2129 2741 2196 tamen,uescio
2769 2144 2874 2198 quo
2905 2137 3066 2198 pacto
3094 2170 3111 2196 ,
3156 2126 3475 2182 constrictis
3522 2123 3602 2177 di-

2026 2214 2149 2270 vina
2184 2219 2416 2284 quadam
2445 2231 2498 2274 et
2527 2235 2729 2275 arcana
2776 2219 2977 2274 virtute
3027 2219 3267 2287 ipsorum
3308 2213 3554 2270 faucibus
3581 2254 3602 2281 ,

2029 2327 2174 2390 retro
2203 2315 2452 2386 protinus
2495 2312 2879 2369 abscedebaut.
2927 2311 2991 2364 Et
3030 2311 3121 2365 hic
3146 2311 3360 2380 quidem
3406 2323 3464 2363 se
3490 2321 3606 2377 ges-

2027 2410 2100 2464 sit
2128 2409 2230 2463 isto
2260 2424 2419 2478 quem
2458 2407 2694 2461 diximus
2726 2405 2906 2460 modo.
2943 2403 3150 2458 Rursus
3184 2417 3313 2457 vero
3354 2401 3487 2456 alios
3517 2399 3602 2454 vi-

2029 2498 2202 2553 disses
2232 2496 2409 2568 (erant
2447 2499 2589 2550 enim
2620 2509 2808 2550 omnes
2840 2509 3067 2550 numero
3089 2491 3348 2565 quinque)
3380 2490 3604 2548 efferam

2030 2591 2269 2657 obiectos
2297 2599 2455 2642 tauro
2484 2628 2499 2652 ,
2537 2589 2629 2658 qui
2663 2589 2794 2642 alios
2823 2587 3039 2659 quidem
3070 2601 3135 2640 ex
3169 2586 3464 2640 inﬁdelium
3503 2601 3604 2637 nu-

2032 2697 2183 2736 mero
2212 2681 2470 2736 cornibus
2499 2681 2551 2733 in
2585 2679 2819 2734 sublime
2859 2680 3096 2750 jactatos
3144 2677 3488 2746 discerpebat
3539 2689 3602 2728 ac

2032 2773 2322 2829 semivivos
2349 2773 2708 2842 asportaudos
2741 2772 3084 2841 relinquebat
3108 2790 3121 2824 :
3158 2771 3225 2826 ad
3253 2769 3397 2826 solos
3424 2776 3604 2824 autem

2033 2880 2219 2920 sacros
2238 2874 2524 2935 martyres,
2561 2879 2686 2918 cum
2730 2865 2783 2917 in
2820 2877 2915 2918 eos
2947 2861 3137 2917 furens
3162 2869 3218 2915 et
3247 2860 3608 2914 iuinabunduc

2036 2958 2286 3024 irrueret,
2325 2972 2391 3012 ne
2417 2958 2674 3012 accedere
2711 2956 2929 3025 quidem
2982 2963 3214 3024 poterat.
3243 2952 3348 3007 Sed
3381 2951 3608 3021 pedibus

2039 3058 2234 3102 terram
2262 3050 2534 3118 quatiens,
2568 3058 2622 3102 et
2662 3049 2763 3103 bac
2797 3044 3158 3113 illacjactans
3187 3059 3418 3110 cornua,
3444 3054 3608 3112 atque

2034 3141 2104 3197 ob
2137 3142 2422 3197 candentis
2451 3141 2578 3196 ferri
2609 3138 2854 3195 stimulos
2879 3137 3040 3210 300
3073 3139 3309 3192 furorem
3341 3151 3404 3190 ac
3431 3137 3608 3190 minas

2037 3232 2274 3300 spirans,
2307 3230 2663 3286 nihilominus
2709 3229 2890 3283 divina
2936 3228 3235 3282 obsistente
3267 3225 3608 3297 providentia

2040 3333 2187 3381 retro
2231 3323 2605 3379 avertebatur.
2639 3322 2873 3378 Proinde
2919 3337 3042 3377 cum
3095 3319 3404 3376 nullatenus
3429 3319 3498 3373 ab
3543 3331 3615 3372 eo

348 3417 467 3471 laesi
506 3427 726 3482 essent,
792 3419 910 3473 alia:
969 3435 1159 3475 rursus
1209 3418 1260 3473 in
1312 3418 1433 3472 illos
1477 3417 1733 3472 immissae
1778 3426 1906 3471 sunt
1962 3417 2169 3476 bestia}.
2232 3418 2470 3474 Tandem
2523 3417 2755 3486 denique
2805 3423 2930 3487 post
2985 3413 3312 3484 multiplices
3362 3421 3417 3466 et
3471 3412 3604 3469 bor-

353 3511 554 3566 rendos
602 3511 900 3567 bestiarum
959 3513 1211 3568 incursus
1279 3512 1464 3567 cuncti
1530 3513 1711 3584 gladio
1782 3510 2063 3579 confossi,
2119 3513 2354 3584 sepulcri
2423 3513 2543 3568 loco
2613 3511 2839 3567 marinis
2893 3502 3615 3581 gurgitibuseommcudat‘t

351 3609 501 3656 sunt.

890 3701 1285 3755 ΚΕΦΑΛΑΙΟΝ
1319 3703 1401 3757 H'.

353 3791 494 3860 Περὶ
527 3791 646 3846 τῶν
683 3795 834 3848 κατὰ
863 3792 978 3861 τὴν
995 3794 1294 3863 Αἴγυπτον
1333 3793 1471 3861 (Nic.
1513 3793 1580 3849 H.
1626 3793 1690 3847 E.
1732 3811 1824 3858 vit,
1860 3795 1936 3867 8).

417 3884 532 3939 Καὶ
569 3885 807 3950 τοιοῦτος
856 3885 954 3956 μὲν
999 3888 1027 3939 ὁ
1073 3885 1221 3956 ἀγὼν
1265 3885 1371 3939 τῶν
1420 3887 1560 3939 κατά
1594 3887 1768 3958 Τύρον
1815 3890 1938 3951 τοὺς

354 3978 500 4051 ὑπὲρ
560 3978 840 4048 εὐσεβείας
894 3979 1086 4043 ἄθλους
1160 3977 1549 4050 ἐνδειξαμένων
1601 3973 1936 4047 Αίγύπτίων.

351 4068 667 4142 Θαυμάσειε
696 4071 740 4122 δ’
759 4071 823 4125 ἄν
864 4088 946 4134 τις
983 4069 1159 4124 αὐτῶν
1190 4071 1284 4123 καὶ
1314 4072 1438 4132 τοὺς
1472 4069 1562 4123 ἐπὶ
1603 4071 1701 4140 τῆς
1731 4071 1935 4135 οἰκείας

353 4163 459 4232 γῆς
496 4164 972 4233 μαρτυρήσαντας⁸
1006 4162 1133 4216 ἔνθα
1160 4161 1339 4233 μυρίοι
1367 4161 1456 4214 τὸν
1482 4162 1711 4233 ἀριθμὸν
1743 4162 1934 4235 ἄνδρες

353 4253 472 4324 ἅμα
501 4251 716 4322 γυναιξὶ⁸
743 4254 834 4306 καὶ
857 4255 1062 4317 παισὶν,
1093 4254 1234 4324 ὑπὲρ
1263 4253 1360 4323 τῆς
1386 4252 1478 4305 τοῦ
1501 4254 1750 4325 Σωτῆρος
1776 4255 1932 4325 ἡμῶν

351 4346 702 4410 διδασκαλίας
745 4345 838 4399 τοῦ
883 4347 1214 4418 προσκαίρου
1255 4347 1353 4418 ζῇν
1405 4347 1931 4418 καταφρονήσαντες,

351 4437 645 4510 διαςρόρους
680 4438 975 4508 ὑπέμειναν
1022 4437 1303 4501 θανάτους.
1347 4440 1407 4490 Ol
1450 4437 1548 4508 μὲν
1577 4437 1754 4489 αὐτῶν
1799 4437 1936 4509 μετὰ.

2626 3699 2852 3758 CAPUT
2888 3698 3019 3755 Vlll.

2331 3795 2404 3850 De
2440 3797 2506 3850 iis
2535 3795 2622 3865 qui
2650 3795 2704 3847 in
2736 3791 2969 3862 {Egypto
2997 3789 3140 3859 passi
3172 3797 3318 3842 sunt.

2109 3885 2429 3956 llujusmodi
2477 3886 2579 3940 fuit
2626 3891 2898 3938 certamen
2945 3878 3322 3950 [Egyptiorum
3351 3916 3368 3941 ,
3417 3876 3508 3943 qui
3557 3874 3612 3929 in

2040 3979 2170 4033 urbe
2200 3979 2344 4048 Tyro
2373 3992 2472 4046 pro
2513 3978 2714 4046 pietate
2747 3973 2983 4046 gloriose
3026 3970 3384 4026 dimicarunt.
3427 3966 3532 4023 Sed
3560 3975 3618 4022 et

2042 4069 2163 4124 illos
2191 4067 2473 4139 Egyptios
2503 4067 2592 4137 qui
2631 4066 2778 4122 domi
2810 4062 3131 4135 martyrium
3180 4059 3422 4132 perpessi
3449 4067 3612 4121 sunt,

2046 4161 2241 4216 merito
2269 4161 2391 4232 quis
2423 4160 2742 4215 admiretur.
2777 4157 2894 4212 lllic
2941 4156 3084 4211 enim
3133 4155 3233 4210 viri
3273 4168 3437 4224 prope
3466 4153 3618 4206 iuun-

2044 4255 2330 4311 merabiles
2380 4270 2505 4309 cum
2541 4235 2806 4307 uioribus
2833 4259 2887 4305 et
2911 4249 3119 4315 liberis,
3165 4262 3262 4318 pro
3301 4243 3614 4301 Servatoris

2043 4347 2214 4401 nostri
2244 4345 2491 4400 doctrina
2532 4342 2879 4413 temporalem
2922 4342 3064 4396 hanc
3094 4338 3263 4393 vitam
3311 4334 3612 4404 aspernati,

2043 4442 2189 4495 varia
2221 4440 2410 4496 mortis
2434 4452 2635 4509 genera
2665 4436 3046 4492 sustinuerunt
3083 4451 3096 4487 :
3130 4431 3223 4485 alii
3247 4429 3466 4501 quidem
3493 4437 3617 4496 post

354 4528 593 4600 ξεσμοὺς
621 4531 710 4583 καὶ
741 4529 1098 4602 στρεϐλώσεις
1132 4530 1398 4599 μάστιγάς
1427 4547 1483 4581 τε
1524 4529 1926 4599 χαλεπωτάτας,

2043 4529 2273 4600 ungulas
2300 4544 2364 4584 ac
2399 4527 2670 4591 ﬁdiculas,
2699 4535 2824 4596 post
2863 4521 3244 4579 crudelissima
3277 4520 3506 4574 verbera
3561 4527 3618 4572 et

354 4623 450 4675 καὶ
481 4623 681 4692 μυρίας
711 4623 875 4685 ἄλλας
905 4623 1151 4685 ποικίλας
1180 4624 1274 4675 καὶ
1308 4622 1538 4693 φρικτάς
1567 4623 1794 4675 ἀκοῦσαι
1834 4622 1931 4692 βα-

357 4714 554 4777 σάνους
586 4715 718 4787 πυρὶ
761 4715 1173 4788 παραδοθέντες,
1211 4717 1258 4768 οἱ
1294 4715 1350 4768 δὲ
1397 4715 1619 4783 πελάγει
1662 4715 1933 4788 καταϐρο-

354 4804 688 4875 χθισθέντες,
726 4808 871 4862 ἄλλοι
898 4809 955 4861 δὲ
986 4807 1266 4879 εὐθαρσῶς
1293 4810 1406 4870 τοῖς
1431 4809 1799 4878 ἀποτέμνουσι
1833 4809 1934 4872 τὰς

357 4897 565 4950 ἑαυτῶν
590 4899 966 4969 προτείναντες
999 4899 1258 4969 κεφαλάς,
1294 4902 1341 4952 οἱ
1375 4900 1432 4953 δὲ
1464 4900 1556 4953 καὶ¹
1579 4899 1935 4954 ἐναποθανόν-

355 5005 448 5050 τες
472 4992 593 5053 ταῖς
626 4990 894 5060 βασάνοις,
921 4991 1096 5063 ἕτεροι
1126 4991 1183 5044 δὲ
1215 4991 1357 5062 λιμῷ
1384 4990 1768 5061 διαφθαρέντες
1790 5007 1803 5020 ·
1839 4991 1932 5042 καὶ

357 5079 506 5134 ἄλλοι
531 5081 692 5136 πάλιν
720 5082 1288 5147 ἀνασκολοπισθέντες,
1323 5084 1371 5137 οἱ
1414 5083 1510 5154 μὲν
1545 5082 1684 5136 κατά
1723 5081 1785 5134 τὸ
1809 5080 1935 5135 σύν-

354 5171 485 5243 ηθες
516 5177 628 5238 τοῖς
672 5175 1016 5247 κακούργοις,
1057 5177 1107 5228 οἱ
1147 5175 1205 5228 δὲ
1251 5175 1345 5230 καὶ
1386 5175 1641 5246 χειρόνως
1671 5173 1937 5229 ἀνάπαλιν

426 5429 540 5500 (l9)
564 5429 864 5500 Κυρίττων
885 5427 952 5500 δὲ
976 5425 1099 5494 τοῖς
1121 5429 1285 5481 ποσί.
1305 5425 1458 5483 Hunc
1475 5425 1651 5500 locum
1673 5423 1937 5494 Nicepho-

354 5495 446 5557 rus
477 5495 824 5582 interpolavit
848 5510 902 5553 et
925 5499 978 5552 iu
1007 5513 1228 5553 sensum
1275 5512 1498 5569 prorsus
1544 5495 1779 5550 alienum
1803 5510 1934 5550 eon-

349 5581 540 5711 “alii
571 5639 737 5709 Ξίμει
760 5637 1259 5709 κατασφαγέντες.
1287 5637 1502 5711 Langus
1525 5636 1684 5690 vertit
1724 5653 1744 5688 ι
1771 5635 1929 5706 jugu-

347 5714 462 5777 lati,
505 5735 521 5765 ι
577 5724 745 5780 recte,
775 5713 1098 5779 mequidem
1136 5711 1330 5766 sentio.
1367 5710 1475 5765 Mos
1512 5713 1653 5766 enim
1694 5721 1832 5770 erat,
1870 5719 1929 5760 ut

2043 4624 2226 4678 varios
2259 4623 2378 4691 ipso
2419 4620 2582 4675 etiam
2631 4619 2777 4674 dictu
2805 4615 3112 4672 horrendos
3142 4612 3422 4668 cruciatus
3460 4610 3616 4664 ﬁam-

2043 4715 2147 4770 mis
2173 4713 2444 4783 absumpti
2478 4729 2491 4765 :
2527 4711 2619 4766 alii
2655 4723 2787 4766 vero
2817 4709 2873 4763 in
2907 4722 3055 4762 mare
3081 4704 3336 4760 demersi.
3360 4703 3464 4756 Alii
3494 4716 3617 4756 car—

2043 4804 2294 4860 niﬁcibus
2339 4802 2517 4872 capita
2553 4815 2652 4855 sua
2681 4795 3011 4868 amputanda
3060 4792 3230 4848 alacri
3267 4791 3450 4844 animo
3478 4803 3620 4858 prae—

2043 4901 2298 4954 buerunt.
2333 4893 2584 4950 Nonnulli
2637 4890 2924 4947 tormentis
2959 4887 3091 4957 ipsis
3141 4882 3449 4947 immortui;
3494 4879 3618 4949 qui-

2039 4994 2161 5047 dam
2196 4993 2339 5044 fame
2374 4986 2701 5055 consumpti.
2742 4984 2846 5038 Alii
2875 4981 3114 5049 denique
3135 4977 3190 5030 in
3228 4989 3444 5030 crucem
3472 4972 3616 5038 acti;

2042 5099 2170 5154 pars
2215 5099 2280 5138 eo
2333 5083 2492 5137 modo
2535 5096 2642 5150 quo
2695 5075 2928 5133 maleﬁci
2979 5072 3142 5144 vulgo
3179 5069 3355 5138 sufﬁgi
3390 5065 3612 5122 solent:

2047 5191 2172 5245 pars
2205 5175 2448 5230 atrocius
2472 5169 2496 5237 ,’
2519 5172 2698 5242 capite
2730 5173 2983 5225 deorsum
3009 5178 3169 5222 verso
3195 5160 3366 5219 clavis
3395 5156 3616 5220 conﬁxi,

2045 5423 2384 5496 confectores
2440 5420 2884 5496 immitterentur,
2940 5411 3289 5496 quinnoxios
3340 5411 3392 5492 in
3451 5424 3620 5496 arena

2041 5492 2374 5564 iugularem,
2404 5500 2650 5564 utsupra
2678 5479 2973 5564 observavi
3003 5481 3101 5564 ubi
3127 5483 3194 5535 de
3233 5483 3482 5564 passione
3513 5479 3619 5564 P_o-

2040 5551 2270 5634 lyC-arpi.
2305 5551 2448 5634 Cave
2477 5551 2641 5628 igitur
2664 5558 2943 5614 existimes
2972 5563 3238 5623 martyres
3275 5551 3398 5606 illos
3436 5552 3621 5621 cupita

2039 5631 2315 5689 truncatus
2339 5631 2522 5688 fuisse.
3164 5640 3175 5651 ·
