3928 6252
415 297 525 355 759

1115 296 1387 354 EUSEBII
1425 296 1904 354 CESARIENSIS
1939 295 2091 352 OPP.
2134 295 2314 353 PARS
2352 297 2373 351 l
2443 326 2502 340 --
2539 298 2931 357 IllSTORlCA.

3536 304 3633 363 750

416 432 471 477 et
501 422 605 476 vivi
639 435 705 476 eo
745 436 915 491 usque
968 421 1162 476 servati
1191 462 1207 486 ,
1239 423 1411 491 quoad
1456 422 1509 475 in
1544 420 1679 491 ipsis
1711 420 1968 492 patibulis

2074 420 2364 492 κατωκάρα
2411 421 2878 491 προοηλωθέντες,
2929 419 3252 494 τηρούμενοι
3301 439 3361 476 τε
3415 420 3631 496 ζεῖνιτες,

419 516 560 571 fame
586 515 943 570 lnteriissent.

1003 626 1231 682 CAPUT
1271 623 1365 680 IX.

693 717 769 771 De
794 718 859 771 iis
887 717 976 787 qui
1005 719 1058 771 in
1093 719 1349 772 Thebaide
1372 718 1514 788 passi
1545 726 1686 773 sunt.

485 808 682 861 Verum
732 822 947 862 omnem
987 809 1201 863 dicendi
1233 810 1440 878 copiam
1473 818 1730 879 superant
1757 811 1968 865 crucia-

414 911 502 955 tus
535 900 611 954 illi
641 914 705 954 ac
734 900 948 956 dolores
978 916 1115 971 quos
1166 904 1306 971 apud
1338 902 1666 958 Thebaidem
1704 916 1969 975 martyres

410 991 772 1061 pertulerunt,
806 992 987 1048 acutis
1022 994 1177 1049 testis
1216 995 1337 1047 vice
1367 995 1684 1062 ungularum
1715 995 1969 1052 adhibitis

419 1093 529 1137 toto
562 1096 788 1152 corpore
835 1083 899 1138 ad
946 1094 1172 1139 mortem
1221 1099 1395 1155 usque
1424 1086 1671 1141 lacerati.
1719 1086 1970 1144 Mulieres

413 1191 543 1231 vero
573 1175 742 1231 altero
771 1176 905 1245 pede
938 1177 1177 1249 religata:
1210 1179 1468 1234 sublimes
1515 1180 1691 1248 capite
1717 1180 1967 1236 deorsum

409 1279 669 1337 vergente
697 1307 713 1333 ,
748 1269 1016 1324 machinis
1047 1271 1364 1340 quibusdam
1398 1272 1454 1327 in
1487 1271 1652 1328 altum
1697 1272 1923 1327 sublata:
1950 1313 1967 1338 ,

410 1359 676 1429 nudisque
726 1374 791 1415 ac
840 1375 1063 1430 prorsus
1090 1363 1306 1418 intectis
1334 1365 1655 1432 corporibus
1679 1403 1695 1429 ,
1732 1363 1970 1419 faedissi—

410 1461 555 1500 nnnn
610 1447 773 1502 simul
823 1457 985 1518 atque
1036 1448 1547 1506 inbumanissimum
1599 1452 1968 1521 spectaculum

408 1538 619 1592 cunctis
664 1538 999 1594 intuentibus
1027 1542 1396 1611 prmbuerunt.
1434 1542 1541 1597 Alii
1572 1558 1758 1599 rursus
1785 1543 1850 1597 ad
1880 1559 1969 1598 ar-

408 1627 574 1681 bores
607 1636 663 1682 et
689 1644 871 1684 ramos
898 1630 1105 1700 alligati
1153 1631 1428 1687 interiere.
1478 1632 1613 1686 Nam
1658 1649 1779 1687 cum
1809 1635 1972 1688 rohuv

409 1721 679 1776 stissimos
711 1738 892 1776 ramos
914 1721 1137 1777 inﬂexos
1169 1724 1619 1783 machinamentis
1646 1730 1965 1798 quibusdam

410 1813 462 1866 in
493 1827 656 1866 unum
689 1813 837 1868 coire
868 1812 1159 1878 fecissent,
1191 1813 1348 1885 θυι
1387 1829 1681 1889 martyrum
1712 1818 1970 1877 cruribus

411 1906 666 1975 utrinque
707 1905 773 1959 ad
820 1918 915 1959 eos
963 1906 1200 1976 religatis
1227 1946 1242 1970 ,
1293 1922 1474 1963 ramos
1503 1911 1555 1964 in
1592 1914 1865 1979 proprium
1908 1928 1971 1967 ac

411 1999 710 2058 naturalem
741 2001 905 2057 situm
931 1999 1139 2058 reverti
1168 2001 1420 2058 sinebant
1442 2044 1457 2065 ,
1493 2011 1551 2055 ut
1594 2005 1831 2057 membra
1874 2019 1969 2059 eo-

413 2108 531 2145 rum
563 2094 822 2150 adversus
855 2109 991 2163 quos
1025 2094 1139 2150 base
1165 2097 1608 2165 excogitaverant
1636 2137 1651 2164 ,
1678 2112 1784 2154 uno
1810 2097 1971 2152 simul

412 2185 611 2254 impetu
650 2186 1107 2255 discerperentur.
1137 2188 1312 2258 Atque
1339 2188 1454 2244 haec
1484 2190 1666 2244 omnia
1697 2205 1800 2246 non
1834 2206 1968 2261 pau-

409 2276 490 2328 cis
530 2273 723 2330 diebus
751 2292 850 2331 nec
875 2277 1070 2347 exiguo
1102 2279 1365 2344 temporis
1400 2281 1595 2348 spatio,
1630 2281 1723 2335 sed
1760 2282 1971 2350 prolixo

408 2361 616 2429 aliquOt
636 2379 900 2419 annorum
918 2366 1190 2421 curriculo
1217 2368 1472 2423 continue
1487 2378 1789 2439 perpetrata
1808 2380 1967 2425 sunt:

410 2468 533 2507 cum
568 2471 710 2510 nunc
754 2456 899 2523 deni,
945 2456 1212 2513 interdum
1247 2458 1421 2512 viceni
1458 2470 1511 2515 et
1537 2460 1796 2530 amplius;
1834 2477 1968 2515 non-

409 2561 681 2616 nunquam
717 2548 784 2602 ad
823 2549 1044 2618 triginta
1077 2565 1252 2620 usque
1295 2558 1353 2604 et
1383 2551 1696 2621 sexaginta;
1729 2551 1970 2621 quando-

409 2652 515 2706 que
547 2648 599 2694 et
631 2641 844 2695 centeni
877 2642 975 2696 viri
1008 2642 1167 2695 simul
1200 2658 1264 2696 ac
1295 2642 1549 2698 mulieres
1577 2658 1697 2698 cum
1730 2644 1966 2714 parvulis

411 2744 522 2783 uno
564 2731 651 2785 die
702 2732 1158 2797 interﬁcerentur,
1196 2734 1359 2789 variis
1394 2750 1458 2789 ac
1492 2750 1587 2803 per
1626 2737 1773 2792 vices
1798 2737 1965 2791 alter-

408 2822 556 2875 natis
600 2822 879 2891 suppliciis
929 2823 1146 2879 addicti.
1183 2823 1295 2879 Nos
1345 2840 1558 2896 quoque
1602 2842 1723 2882 cum
1760 2828 1812 2881 in
1864 2829 1972 2884 illis

404 2916 651 2982 partibus
684 2915 1023 2985 degeremus,
1055 2931 1216 2984 quam
1247 2916 1505 2985 plurimos
1530 2920 1819 2973 acervatim
1863 2934 1971 2975 uno

408 3005 499 3061 die
547 3028 558 3062 :
614 3006 749 3061 alios
792 3009 1009 3078 quidem
1051 3009 1230 3076 capite
1278 3018 1557 3066 truncatos
1586 3052 1600 3074 ,
1656 3012 1791 3068 alios
1848 3030 1971 3070 vero

2072 510 2246 564 εἰσότε
2274 511 2368 563 καὶ
2399 512 2486 564 ἐπ’
2512 512 2690 565 αὐτῶν
2720 512 2907 584 ἰκρίων
2930 511 3071 583 λιμῶ
3096 512 3462 584 διαφθαρεῖεν.

2606 625 2997 679 ΚΕΦΑΛΑΙΟΝ
3028 625 3105 681 ϐ’.

2183 714 2323 783 Περὶ
2352 714 2470 769 τῶν
2500 716 2647 770 κατὰ
2677 715 2931 781 Θηϐαΐδα
2965 714 3102 787 (Nic.
3134 716 3204 771 Il.
3228 715 3297 772 E.
3329 717 3518 788 vn,8).

2140 807 2325 862 Πάντα
2351 808 2394 861 δ’
2420 807 2703 880 ὑπεραίρει
2726 807 2900 876 λόγον,
2930 809 3022 862 καί
3044 807 3109 873 ἃς
3132 810 3428 880 ὑπέμειναν
3452 810 3630 875 αἰκίας

2069 898 2162 954 καὶ
2190 898 2485 970 ἀλγηδόνας
2516 900 2565 952 οἱ
2591 898 2729 954 κατά
2748 898 2987 970 Θηϐαΐδα
3024 901 3313 973 μάρτυρες,
3347 902 3629 973 ὀστράκοις

2069 988 2187 1044 ἀντὶ
2218 990 2421 1059 ὀνύχων
2446 990 2562 1043 ὅλον
2583 990 2643 1044 τὸ
2673 991 2829 1063 σῶμα
2860 992 2952 1045 καὶ
2984 991 3173 1062 μέχρις
3203 990 3520 1062 ἀπαλλαγῆς
3544 991 3630 1044 τοῦ

2072 1082 2184 1152 βίου
2215 1080 2689 1152 καταξαινόμενοι,
2723 1082 2919 1151 γύναιά
2947 1099 3007 1135 τε
3039 1085 3152 1135 τοῖν
3190 1082 3370 1136 ποδοῖν
3416 1082 3477 1147 ἐξ
3520 1082 3631 1147 ἐνὸς

2068 1173 2545 1244 ἀποδεσμοὺμενα,
2592 1173 2839 1244 μετέωρά
2874 1190 2934 1226 τε
2965 1173 3058 1225 καὶ
3094 1172 3301 1242 διαέρια
3336 1172 3448 1243 (21)
3488 1172 3629 1227 κάτω

2069 1265 2305 1338 κεφαλὴν
2335 1264 2631 1337 μαγγάνοις
2660 1265 2800 1318 τισὶν
2829 1267 2909 1328 είς
2947 1263 3078 1334 ὕψος
3122 1264 3455 1335 ἀνελκόμενα
3478 1305 3493 1327 ,
3536 1280 3629 1332 γυ-

2072 1360 2223 1430 μνοῖς
2266 1375 2324 1411 τε
2368 1357 2644 1420 παντελῶς
2683 1358 2775 1410 καὶ
2814 1357 2935 1428 μηδ’
2964 1357 3491 1429 ἐπικεκαλυμμένοις
3524 1357 3632 1421 τοῖς

2071 1449 2317 1520 σώμασι,
2347 1448 2474 1502 θέαν
2500 1447 2704 1518 ταύτην
2732 1449 3013 1519 αἰσχίστην
3044 1449 3138 1503 καὶ
3167 1450 3384 1503 πάντων
3423 1448 3633 1518 ὠμοτά-

2066 1557 2167 1610 την
2209 1540 2301 1593 καὶ
2367 1538 2867 1612 ἀπανθρωποτάτην
2903 1543 3015 1603 τοῖς
3051 1540 3247 1612 ὁρῶσιν
3293 1541 3462 1594 ἅπασι
3502 1556 3629 1610 παρ-

2069 1634 2361 1705 εσχημένα.
2396 1632 2577 1686 Ἀλλοι
2610 1632 2652 1685 δ’
2682 1627 2748 1685 αὖ
2787 1631 2947 1684 πάλιν
2986 1633 3224 1703 δένδρεσι
3254 1633 3348 1684 καὶ
3377 1633 3630 1703 πρέμνοις

2069 1725 2466 1797 ἐναπέθνησκον
2491 1724 2862 1796 δεσμούμενοι.
2905 1725 3043 1789 Τοὺς
3080 1724 3189 1797 γάρ
3220 1724 3455 1795 μάλιστα
3483 1725 3630 1796 στερ-

2072 1818 2325 1891 ροτάτους
2347 1818 2455 1872 τῶν
2476 1818 2680 1871 κλάδων
2711 1820 2975 1889 μηχαναῖς
3004 1834 3144 1871 τισιν
3172 1816 3263 1870 ἐπὶ
3294 1815 3488 1869 ταύτὸν
3515 1832 3630 1867 συν-

2067 1910 2345 1973 έλκοντες,
2383 1910 2460 1972 είς
2488 1908 2725 1980 ἑκάτερά
2752 1925 2811 1961 τε
2840 1907 3042 1962 τούτων
3071 1906 3139 1960 τὰ
3184 1906 3292 1961 τῶν
3346 1905 3628 1978 μαρτύρων

2067 2002 2436 2065 ἀποτείνοντες
2484 2001 2683 2073 σκέλη,
2727 2001 2806 2065 είς
2846 2000 2942 2072 τὴν
2984 1999 3188 2053 ἑαυτῶν
3235 1999 3462 2068 ἠφίεσαν
3514 1998 3630 2060 τοὺς

2069 2092 2291 2156 κλάδους
2320 2092 2575 2164 φέρεσθαι
2613 2092 2772 2162 φύσιν
2790 2134 2805 2159 ,
2845 2092 3041 2165 ἄθρουν
3067 2092 3175 2145 τῶν
3206 2091 3383 2162 μελῶν
3410 2090 3632 2143 διασπαο

2070 2184 2203 2255 σμὸν
2256 2183 2375 2237 καθ’
2415 2176 2489 2237 ὧν
2538 2184 2689 2238 ταῦτ’
2735 2185 3068 2254 ἐνεχείρουν,
3119 2184 3475 2246 ἐπινοοῦντες.
3527 2182 3631 2236 Καὶ

2067 2273 2241 2329 ταῦτά
2280 2291 2343 2344 γε
2388 2274 2564 2329 πάντα
2602 2277 2886 2347 ἐνηργεῖτο
2913 2276 3012 2330 οὐκ
3038 2276 3124 2328 ἐπ’
3146 2275 3330 2344 ὀλίγας
3367 2273 3629 2346 ἡμέραςῆ

2067 2367 2256 2436 χρόνον
2280 2365 2400 2420 τινὰ
2431 2366 2634 2439 βραχὺν
2653 2406 2667 2433 ,
2702 2368 2814 2421 ἀλλ’
2836 2369 2928 2421 ἐπὶ
2963 2368 3169 2439 μακρὸν
3196 2368 3331 2421 ὅλων
3358 2366 3493 2420 ἐτῶν
3518 2366 3631 2420 διά·

2071 2475 2281 2530 στημα,
2318 2459 2409 2512 ὁτὲ
2452 2460 2549 2531 μὲν
2585 2459 2842 2512 πλειόνων
2875 2458 2907 2530 ἢ
2947 2459 3107 2523 δέκα,
3142 2460 3231 2511 ὁτὲ
3262 2459 3317 2511 δὲ
3346 2458 3486 2529 ὑπὲρ
3516 2459 3634 2521 τοὺς

2070 2553 2240 2606 εἴκοσι
2290 2550 2380 2604 τὸν
2429 2551 2657 2625 ἀριθμὸν
2711 2551 3148 2622 ἀναιρουμένων,
3205 2551 3389 2605 ἄλλοτε
3438 2549 3497 2604 δὲ
3542 2550 3634 2620 οὐχ

2068 2637 2228 2715 ἦττον
2252 2642 2346 2696 καὶ
2374 2642 2680 2713 τριάκοντα,
2702 2642 2801 2712 ἤδη
2833 2641 2890 2694 δὲ
2920 2641 3082 2710 ἐγγύς
3113 2658 3213 2694 που
3237 2642 3331 2695 καὶ
3359 2641 3632 2711 ἐξήκοντα,

2072 2736 2167 2789 καὶ
2217 2734 2376 2788 πάλιν
2420 2733 2604 2787 ἄλλοτε
2641 2732 2830 2787 ἑκατὸν
2869 2736 2926 2786 ἐν
2959 2734 3139 2805 ἡμέρα
3176 2736 3272 2804 μιᾷ
3304 2734 3495 2803 ἄνδρες
3527 2733 3634 2803 ἅμα

2070 2827 2262 2899 κομιδῆ
2291 2827 2501 2898 νηπίοις
2523 2826 2616 2879 καὶ
2642 2826 2882 2895 γυναιξὶν
2908 2826 3224 2890 ἐκτείνοντο,
3257 2826 3525 2891 ποικίλαις
3550 2824 3637 2877 καὶ

2072 2918 2515 2983 ἐναλλαττοὺσαις
2545 2919 2833 2989 τιμωρίαις
2860 2916 3359 2989 καταδικαζόμενοι.
3407 2919 3640 2989 Ἰστορή-

2072 3028 2244 3083 σαμεν
2290 3010 2346 3064 δέ
2383 3012 2477 3065 καὶ
2520 3011 2675 3064 αὐτοὶ
2702 3010 2812 3081 (22)
2848 3011 2939 3063 ἐπὶ
2979 3010 3087 3063 τῶν
3129 3010 3305 3063 τόπων
3341 3010 3637 3079 γενόμενοι,

406 3096 642 3152 ﬂammis
694 3099 920 3154 traditos
954 3099 1211 3155 vidimus.
1245 3101 1392 3156 Adeo
1438 3111 1501 3156 ut
1531 3102 1694 3173 gladii
1731 3104 1832 3173 ipsi
1878 3106 1970 3163 he-

2074 3102 2288 3167 πλείους
2315 3102 2524 3174 ἀθρόως
2552 3102 2691 3157 κατὰ
2724 3103 2852 3174 μίαν
2886 3102 3117 3173 ἡμέραν,
3144 3103 3267 3157 τοὺς
3296 3102 3392 3172 μὲν
3426 3101 3525 3170 τῆς
3556 3118 3644 3154 κε-

409 3190 751 3256 betarentur,
793 3199 847 3244 et
893 3190 1101 3244 caedere
1146 3190 1374 3259 amplius
1407 3207 1514 3247 non
1546 3192 1785 3249 valentes
1816 3196 1986 3251 fran-.

410 3294 705 3351 gerentur;
768 3282 977 3354 ipsique
1022 3282 1310 3338 carniﬁces
1354 3284 1563 3341 viribus
1598 3274 1967 3356 ‘fatiscentes,

409 3375 512 3428 sibi
544 3375 771 3428 invicem
806 3375 1179 3430 succederent.
1205 3376 1322 3443 Quo
1351 3378 1567 3446 quidem
1601 3390 1841 3452 tempore
1870 3381 1971 3436 mi—

408 3466 633 3521 rabilem
663 3466 925 3536 inprimis
961 3468 1124 3521 animi
1158 3470 1402 3524 ardorem
1428 3512 1445 3538 ,
1480 3486 1709 3542 vereque
1735 3474 1969 3529 divinam

407 3559 660 3613 virtutem
708 3569 765 3613 et
811 3554 1171 3615 alacritatem'
1205 3575 1393 3615 eorum
1448 3564 1537 3632 qui
1592 3566 1645 3618 in
1696 3565 1968 3622 Christum

409 3651 504 3704 Dei
537 3650 919 3715 crediderant,
968 3652 1137 3706 oculis
1171 3655 1370 3709 nosuis
1401 3657 1802 3724 conspeximus.
1847 3660 1973 3715 Ete-

408 3744 522 3797 nim
568 3741 784 3796 vixdum
815 3745 1079 3795 adversus
1113 3745 1319 3810 primos
1360 3745 1469 3799 lata
1514 3756 1629 3800 erat
1658 3752 1925 3805 sententia
1954 3791 1970 3817 ,

409 3850 531 3887 cum
575 3834 665 3887 alii
696 3834 913 3887 aliunde
958 3838 1023 3890 ad
1057 3837 1290 3892 tribunal
1348 3836 1547 3907 judicis
1582 3844 1970 3912 prosilierunt,

407 3925 748 3981 Christianos
778 3942 896 3981 sese
927 3927 1183 3982 confessi.
1228 3929 1292 3983 Et
1322 3932 1558 3999 pericula
1591 3934 1805 4003 quidem
1836 3951 1971 3989 cun-

407 4027 604 4086 ctaque
625 4017 1030 4072 multiformium
1062 4028 1453 4077 tormentorum
1481 4040 1675 4094 genera
1701 4027 1848 4095 parvi
1875 4028 1975 4082 du-

407 4109 605 4162 cebant
636 4127 649 4162 :
675 4110 913 4179 supremi
942 4126 1070 4166 vero
1109 4114 1347 4167 omnium
1384 4114 1631 4172 Numinis
1676 4117 1881 4171 cultum
1915 4119 1974 4173 ii-

406 4202 536 4254 bera
566 4216 700 4256 voce
735 4201 939 4271 absque
969 4202 1076 4258 ullo
1111 4215 1255 4258 metu
1288 4206 1711 4275 profitebantur;
1763 4219 1815 4264 et
1848 4227 1971 4265 cum

406 4292 604 4360 gaudio
644 4302 807 4360 atque
836 4293 1136 4359 hilaritate,
1171 4296 1410 4351 ridentes
1436 4299 1726 4367 capitalem
1757 4311 1972 4354 senten-

410 4383 540 4436 tiam
591 4384 936 4451 excipiebant
977 4401 990 4441 :
1039 4388 1172 4441 adeo
1219 4396 1278 4441 ut
1318 4388 1370 4441 in
1423 4387 1632 4444 laudem
1680 4392 1973 4448 conditoris

2072 3193 2244 3264 φαλῆς
2276 3193 2551 3265 ἀποτομὴν
2582 3194 3006 3265 ὑπομείναντας,
3041 3195 3164 3257 τοὺς
3189 3193 3245 3246 δὲ
3279 3193 3377 3264 τὴν
3418 3192 3506 3245 διὰ
3541 3210 3639 3246 πυα

2072 3285 2167 3359 ρὸς
2209 3286 2475 3357 τιμωρίαν
2494 3303 2507 3317 ο
2556 3286 2631 3350 ὡς
2658 3284 3024 3356 ἀμϐλύνεσθαι
3056 3284 3344 3354 φονεύοντα
3375 3284 3468 3337 τὸν
3496 3284 3640 3354 σίδη-

2072 3396 2197 3453 ρον,
2231 3378 2522 3433 ἀτονοῦντά
2547 3395 2605 3430 τε
2632 3376 2949 3432 διαθλᾶσθαι
2968 3418 2982 3442 ,
3013 3375 3210 3440 αὐτούς
3236 3394 3296 3429 τε
3333 3377 3461 3439 τοὺς
3498 3377 3644 3428 ἀναι-

2073 3472 2296 3547 ροῦντας
2341 3473 2786 3544 ἀποκάμνοντας,
2834 3469 3124 3543 ἀμοιϐαδὸν
3165 3469 3425 3539 ἀλλήλους
3472 3467 3643 3521 διαδέ-

2069 3565 2281 3639 χεσθαι.
2316 3568 2443 3620 Ὅτε
2474 3568 2567 3621 καὶ
2597 3566 3053 3637 θαυμασιωτάτην
3081 3565 3276 3637 ὁρμὴν,
3301 3562 3453 3616 θείαν
3485 3580 3545 3616 τε
3571 3562 3641 3627 ὡς

2071 3660 2283 3730 ἀληθῶς
2314 3660 2541 3730 δύναμιν
2574 3660 2667 3712 καὶ
2696 3658 3000 3730 προθυμίαν
3038 3656 3144 3708 τῶν
3180 3658 3259 3718 εἰς
3290 3655 3379 3708 τὸν
3411 3654 3643 3725 Χριστὸν

2071 3752 2163 3805 τοῦ
2196 3751 2329 3804 Θεοῦ
2358 3751 2795 3803 πεπιστευκότων
2824 3748 3194 3819 συνεωρῶμεν.
3234 3748 3297 3798 ’Ἀ
3308 3765 3381 3816 μα
3419 3746 3552 3814 γοῦν
3580 3749 3641 3818 τῇ

2071 3842 2214 3897 κατά
2257 3842 2364 3895 τῶν
2409 3841 2686 3913 προτέρων
2732 3840 3035 3909 ἀποφάσει,
3090 3839 3374 3908 ἐπεπήδων
3426 3838 3645 3894 ἄλλοθεν

2072 3935 2217 3991 ἄλλοι
2262 3935 2341 4005 τῷ
2387 3934 2493 4005 πρὸ
2532 3933 2625 3986 τοῦ
2667 3932 2918 3986 δικαστοῦ
2961 3931 3159 4003 βήματι
3192 3931 3337 3998 (25),
3383 3930 3643 4001 Χριστια-

2072 4028 2195 4091 νοὺς
2229 4028 2367 4095 σφᾶς
2410 4024 2791 4097 ὁμολογοῦντες
2816 4065 2830 4089 ,
2872 4026 3237 4095 ἀφροντίστως
3270 4024 3366 4093 μὲν
3407 4023 3546 4093 πρὸς
3576 4021 3640 4074 τὰ

2071 4116 2219 4171 δεινὰ
2250 4115 2341 4171 καὶ
2366 4118 2492 4179 τοὺς
2521 4116 2627 4168 τῶν
2661 4113 2949 4167 πολυειδῶν
2981 4113 3224 4182 βασάνων
3263 4112 3498 4183 τρόπους
3527 4112 3641 4163 δια-

2074 4209 2333 4279 κείμενοι,
2362 4206 2793 4276 ἀκαταπλήκτως
2832 4205 2888 4258 δὲ
2932 4203 3425 4275 παρρησιαζόμενοι
3457 4204 3550 4256 ἐπὶ
3574 4204 3639 4273 τῇ

2073 4301 2152 4362 εἰς
2177 4299 2267 4353 τὸν
2298 4298 2405 4351 τῶν
2434 4298 2569 4351 ὅλων
2596 4297 2725 4351 Θεὸν
2750 4297 3025 4367 εὐσεϐείᾳ,
3069 4297 3206 4366 μετά
3240 4313 3299 4349 τε
3340 4298 3518 4366 χαρᾶς
3549 4293 3642 4347 καὶ

2075 4392 2307 4460 γέλωτος
2337 4392 2431 4444 καὶ
2471 4390 2801 4461 εὐφροσύνης
2840 4390 2936 4460 τὴν
2972 4391 3203 4460 ὑστάτην
3234 4389 3509 4457 ἀπόφασιν
3547 4385 3638 4440 τοῦ

406 4476 649 4530 omnium
696 4475 789 4531 Dei
828 4478 1058 4547 psalmos
1091 4479 1427 4550 hymnosque
1458 4492 1511 4536 et
1546 4484 1842 4551 gratiarum
1880 4501 1970 4540 ac-

2076 4484 2305 4538 θανάτου
2353 4484 2803 4554 καταδεχόμενοι,
2841 4482 2978 4536 ῶστε
3022 4482 3274 4552 ψάλλειν,
3314 4480 3407 4534 καὶ
3442 4478 3641 4549 ὕμνους

406 4567 585 4624 tiones
639 4569 703 4623 ad
736 4579 1039 4625 extremum
1086 4588 1260 4639 usque
1309 4574 1558 4641 spiritum
1599 4577 1967 4634 concinerent.

399 4659 476 4713 “Et-
509 4661 561 4715 bi
604 4662 817 4730 quidem
867 4662 1221 4718 admiratione
1269 4665 1511 4734 profecto
1549 4665 1695 4736 digni
1743 4668 1968 4721 exstite-

406 4759 553 4805 runt.
591 4750 788 4807 Verum
841 4752 881 4807 ii
914 4753 1206 4809 maximam
1245 4770 1357 4826 prae
1394 4758 1605 4812 cunctis
1645 4756 1856 4813 laudem
1886 4768 1971 4812 at-

404 4856 512 4912 que
540 4844 948 4899 admirationem
992 4854 1290 4913 merentur,
1318 4848 1409 4917 qui
1442 4849 1633 4916 opibus
1666 4863 1732 4902 ac
1769 4849 1973 4903 nobili-

407 4949 524 4994 tate
571 4938 839 5009 pnllentes
863 4978 879 5005 ,
925 4947 981 4993 et
1013 4940 1083 4997 ob
1116 4940 1478 5012 eloquentiam
1521 4957 1585 4998 ac
1617 4941 1972 5013 philosophia:

481 5127 867 5198 (‘2!)Ataépm.
914 5125 1271 5183 Monstrosam
1316 5127 1595 5183 lectionem
1628 5129 1717 5183 hic
1753 5129 1976 5185 exhibet

402 5197 773 5268 Nicephorus:
805 5214 868 5268 ex
914 5213 1020 5266 quo
1063 5207 1287 5267 apparet
1317 5199 1465 5252 illum
1509 5200 1975 5268 depravatissimis

406 5267 939 5341 Eusebiifodicibus
992 5283 1146 5323 nsum
1206 5268 1393 5323 fuisse.
1439 5267 1711 5337 Nampro
1736 5268 1972 5341 διαέρια,

406 5339 574 5409 habet
609 5333 698 5393 οἷά
723 5355 843 5409 τινα
869 5340 1057 5409 ἱερεῖα,
1088 5340 1426 5409 ῃγυοίίεειηεη
1457 5333 1627 5395 caret.

481 5408 594 5475 (‘22)
626 5407 1044 5477 Ἰστορήσάμεν
1073 5408 1140 5461 δὲ
1164 5407 1261 5462 καὶ
1289 5409 1477 5463 αὐτοί.
1508 5409 1583 5463 Ex
1612 5409 1714 5463 hoc
1746 5408 1867 5463 loco
1896 5410 1979 5463 di-

409 5480 633 5543 scimus,
664 5480 952 5535 Eusebium
985 5480 1035 5532 in
1060 5477 1298 5548 [Egypto
1319 5488 1587 5533 versatum
1626 5478 1810 5543 fuisse,
1833 5479 1973 5547 quod

409 5549 572 5601 etiam
595 5560 826 5605 tesmtur
850 5550 1167 5604 Theodorus
1188 5548 1474 5603 Metocliita
1504 5551 1555 5602 in
1587 5548 1926 5603 Collectaneis
1954 5562 1974 5600 :

409 5633 519 5686 ψη»
534 5618 649 5674 loco
671 5620 920 5675 observat
934 5635 1122 5671 omnes
1140 5632 1246 5672 non
1264 5619 1419 5671 modo
1446 5618 1730 5689 Egyptios
1747 5660 1763 5684 ,
1793 5634 1975 5673 verum

411 5689 570 5742 ctiam
605 5704 695 5745 eos
716 5691 804 5760 qui
831 5691 880 5744 in
921 5689 1154 5761 Egvpto
1176 5690 1373 5744 versati
1395 5699 1540 5754 sunt,
1558 5688 1816 5745 intricata
1839 5704 1973 5759 qua-

2072 4577 2167 4630 καὶ
2199 4575 2542 4647 εὐχαριστίας
2580 4576 2658 4638 εἰς
2696 4575 2785 4627 τὸν
2826 4573 2933 4627 τῶν
2981 4573 3116 4626 ὅλων
3144 4571 3275 4624 Θεὸν
3323 4570 3515 4641 μέχρις
3543 4569 3641 4623 αὑ-

2072 4666 2172 4737 τῆς
2221 4666 2454 4736 ἐσχάτης
2489 4664 2833 4735 ἀναπέμπειν
2875 4662 3163 4732 ἀναπνοῆς.
3206 4661 3506 4730 Θαυμάσιοι
3546 4659 3641 4729 μὲν

2070 4756 2164 4813 οὖν
2207 4759 2299 4813 καὶ
2332 4754 2503 4812 οὗτοιο
2539 4756 2827 4830 ἐξαιρέτως
2868 4755 2923 4809 δὲ
2952 4757 3143 4808 ἐκεῖνοι
3184 4752 3638 4825 θαυμασιώτεροι,

2072 4855 2121 4906 οἱ
2156 4851 2369 4921 πλούτῳ
2415 4850 2513 4920 μὲν
2553 4849 2646 4903 καὶ
2677 4848 2921 4920 εὐγενείᾳ
2953 4848 3046 4900 καὶ
3081 4846 3229 4919 δόξῃ,
3265 4846 3408 4916 λόγῳ
3447 4863 3506 4897 τε
3549 4843 3640 4898 καὶ

2075 4943 2359 5016 φιλοσοφία
2384 4942 2805 5015 διαπρέψαντες,
2848 4940 3024 4994 πάντα
3056 4955 3120 5007 γε
3155 4938 3261 5011 μὴν
3290 4936 3516 5009 δεύτερα
3551 4935 3639 4990 θέ-

2084 5131 2203 5184 dam
2236 5142 2289 5186 ct
2334 5133 2559 5187 obscura
2600 5133 2831 5187 dictione
2880 5133 2934 5185 in
2965 5132 3251 5187 scribendo
3298 5144 3427 5184 usos
3457 5129 3638 5183 fuisse.

2082 5200 2228 5256 Inter
2256 5218 2392 5270 quos
2439 5219 2544 5259 non
2599 5213 2872 5273 postremo
2915 5203 3032 5259 loco
3072 5210 3315 5257 recenset
3354 5199 3639 5255 Eusebium

2082 5282 2346 5327 llOSll‘lllll.

2155 5342 2267 5412 (“25)
2308 5343 2392 5408 Τῷ
2408 5342 2519 5410 πρὸ
2549 5340 2654 5395 τοῦ
2681 5340 3221 5409 δικαστοῦβήματι.
3252 5339 3384 5395 Mira
3418 5337 3635 5412 locutio,

2084 5409 2316 5465 tribunal
2340 5409 2479 5480 quod
2522 5424 2604 5465 est
2626 5423 2751 5466 ante
2785 5413 3041 5482 judicent.
3077 5412 3235 5482 Βῆμα
3262 5426 3392 5482 ergo
3416 5409 3638 5482 sumitur

2084 5498 2180 5550 pro
2197 5473 2452 5547 gradibus
2472 5473 2926 5535 tribtttialis.ilinc
2940 5481 3103 5549 judcx
3123 5473 3308 5535 sedere
3326 5473 3523 5535 dicitur
3538 5473 3638 5549 πρὸ

2081 5550 2174 5623 τοῦ
2206 5550 2479 5623 βήματος,Δ
2504 5552 2555 5604 id
2585 5564 2688 5623 est,
2728 5551 3123 5623 prntribunali,
3157 5550 3238 5607 vel
3273 5566 3369 5621 pro
3402 5550 3635 5603 tribuna-

2082 5620 2241 5690 libus,
2259 5620 2331 5678 'ut
2359 5621 2445 5687 hic
2467 5620 2704 5693 loquitur
2728 5620 2977 5677 Ruﬁnus.
