3928 6252
400 310 505 365 763

1002 425 1242 481 CAPUT
1279 424 1349 478 Χ.

471 523 545 580 De
576 524 655 580 his
675 536 792 594 quae
819 518 1158 594 Alexandria;-
1192 527 1335 586 gesta
1374 527 1519 594 sunt,
1552 515 1911 570 testimonium

944 587 1145 643 Philan:
1170 588 1439 657 martyris.

485 749 677 807 Verum
710 744 1149 818 quandoquidem
1183 741 1425 797 Phileam
1460 741 1512 794 in
1559 740 1868 796 Graecorum
1901 738 1975 794 di-

410 840 650 910 sciplinis
692 837 936 908 apprime
983 842 1260 889 versatum
1291 831 1474 885 .l'uisse
1506 829 1788 884 retulimus
1812 868 1826 890 ,
1859 827 1975 898 ipse

411 948 555 989 nunc
584 930 828 1003 prodeat,
862 937 972 981 tum
1012 927 1077 980 de
1110 925 1289 995 seipso
1314 921 1680 976 tcstimouium
1708 921 1972 980 dicturus,

410 1024 535 1095 quis
565 1031 619 1076 et
648 1006 791 1075 unde
824 1019 988 1072 fuerit
1019 1035 1033 1072 :
1063 1026 1173 1070 tum
1216 1013 1479 1084 martyria
1529 1011 1617 1065 illa
1646 1026 1767 1080 quae
1796 1024 1893 1079 per
1922 1009 1974 1063 id

412 1126 625 1184 tempus
674 1109 1016 1165 Alexandriae
1047 1108 1398 1178 contigerunt
1427 1146 1442 1172 ,
1476 1105 1784 1159 accuratius
1814 1118 1974 1174 quam

411 1219 513 1260 nos
559 1203 831 1257 relaturus
885 1199 970 1254 his
1019 1196 1224 1253 verbis.
1257 1196 1331 1249 Ex
1382 1195 1612 1265 epistola
1661 1193 1862 1248 Philete
1908 1191 1978 1248 ad

412 1295 721 1352 Thmuitas.
752 1293 873 1348 llaec
904 1292 1068 1363 igitur
1097 1288 1281 1345 omnia
1310 1286 1557 1357 exetupla
1593 1301 1655 1341 ac
1682 1286 1835 1355 signa
1864 1325 1880 1350 ,
1924 1292 1980 1337 et

413 1387 779 1459 pulcherrima
814 1386 1133 1439 documenta
1179 1381 1232 1434 in
1286 1379 1459 1433 sacris
1512 1377 1713 1431 litteris
1761 1383 1980 1431 exstare

415 1494 537 1535 cum
574 1479 781 1533 scirent
825 1473 1125 1531 beatissimi
1160 1474 1251 1541 qui
1287 1470 1569 1525 nobiscum
1605 1467 1805 1523 versati
1854 1476 1980 1521 sunt

414 1579 718 1639 martyres;
755 1567 960 1637 absque
988 1565 1095 1621 ulla
1129 1563 1499 1629 cunctatione,
1531 1561 1749 1616 oculum
1785 1560 1980 1614 mentis

415 1662 472 1717 in
499 1677 812 1732 supremum
844 1661 1084 1716 omnium
1138 1659 1304 1713 Deum
1341 1657 1553 1712 sincere
1578 1655 1896 1725 deligentes,
1926 1662 1983 1708 ει

415 1763 647 1810 mortem
696 1769 792 1822 pro
840 1753 1041 1823 pi'elate
1089 1750 1275 1804 libenti
1329 1751 1509 1803 animo
1554 1747 1979 1816 amplectentes,

1115 299 1383 360 EUSEBII
1419 298 1899 357 CESARIENSIS
1936 298 2091 354 OPP.
2129 296 2313 353 PARS
2348 297 2391 353 1.
2434 327 2505 339 -
2542 294 2937 353 HISTORICA.

2001 430 2049 485 A

3548 288 3639 343 76L

2542 415 2941 472 ΚΕΦΑΛΑΙΟΝ
2970 412 3003 468 [ν
3041 412 3171 484 (27).

2072 510 2289 567 Φιλέου
2332 509 2640 585 μάρτυρος
2686 508 2820 575 περὶ
2864 505 2983 585 τῶς
3009 505 3159 585 Δκατ’
3203 499 3643 585 ᾈιλεξςξξδρείον

2143 570 2571 721 ἱξεπρᾰγιῖξῖῶν
2609 570 2894 649 ἔγγραφοι
2940 574 3323 630 διδασκαλίαι
3369 572 3512 642 (Nic.
3554 570 3617 625 ll.

2199 695 2211 707 .
2250 668 2346 718 vn,
2485 690 2499 705 .

2156 745 2308 798 Ἐπεὶ
2336 744 2393 797 δὲ
2422 744 2513 797 καὶ
2542 741 2650 796 τῶν
2673 740 2870 806 ἔξωθεν
2902 739 3236 811 μαθημάτων
3265 737 3427 790 ἕνεκα
3459 731 3647 788 πολλοῦ

2073 837 2232 906 λόγου
2262 836 2407 903 ἄξιον
2435 835 2684 904 γενέσθαι
2710 835 2801 887 τὸν
2828 834 3022 887 Φιλέαν
3049 831 3259 903 ἔφαμεν
3278 870 3292 892 ,
3325 826 3489 891 αὐτὸς
3526 827 3648 880 ἐαυ-

2074 930 2166 985 τοῦ
2200 931 2411 1002 παρίτω
2448 928 2655 999 μάρτυς
2681 967 2695 989 ,
2736 925 2851 996 ἅμα
2886 925 2983 995 μὲν
3016 924 3203 977 ἐαυτὸν
3259 924 3407 985 ὅστις
3438 922 3555 975 ποτ’
3586 917 3650 992 ἦν

2077 1023 2387 1090 ἐπιδείξων,
2418 1020 2534 1091 ἅμα
2566 1020 2622 1073 δὲ
2661 1018 2755 1072 καί
2786 1017 2854 1071 τὰ
2880 1019 2997 1071 κατ’
3020 1016 3182 1071 αύτδν
3209 1017 3267 1070 ἐν
3302 1018 3368 1087 τῇ
3409 1014 3654 1078 Ἀλεξαν-

2077 1112 2228 1184 δρείᾳ
2279 1110 2665 1183 συμϐεϐηκότα
2701 1110 2975 1183 μαρτύρια
3020 1108 3406 1181 ἀκριϐέστερον
3457 1106 3654 1179 μᾶλλον

2077 1204 2111 1274 ἢ
2156 1206 2317 1274 ἡμεῖς
2362 1204 2663 1274 ἱστορήσων
2708 1201 2796 1254 διὰ
2843 1200 3046 1254 τούτων
3091 1198 3200 1253 τῶν
3233 1198 3431 1266 λέξεων
3454 1215 3469 1229 ⁸
3526 1198 3657 1252 Ἀπὸ

2078 1294 2184 1349 τῶν
2220 1296 2407 1348 Φιλέου
2457 1295 2593 1365 πρὸς
2628 1293 2902 1364 Θμουῖτας
2944 1291 3286 1364 γραμμάτων
3352 1290 3488 1362 (28).
3524 1290 3659 1343 Τού-

2078 1404 2184 1441 των
2228 1388 2480 1441 ἁπάντων
2529 1386 2939 1457 ὑποδειγμάτων
2976 1386 3109 1457 ἡμῖν
3154 1384 3248 1437 καὶ
3276 1382 3658 1455 ὑπογραμμῶν

2081 1481 2173 1534 καὶ
2216 1479 2395 1533 καλῶν
2440 1479 2834 1552 γνωρισμάτων
2871 1480 2928 1532 ἐν
2967 1480 3086 1542 ταῖς
3131 1475 3304 1541 θείαις
3351 1477 3444 1531 καί.
3489 1478 3662 1547 ἱεραῖς

2080 1570 2321 1641 Γραφαῖς
2352 1570 2639 1640 κειμένων,
2667 1569 2815 1622 οὐδὲν
2852 1566 3213 1639 μελλήσαντες
3246 1566 3356 1637 (‘29)
3397 1568 3448 1620 οἰ
3485 1565 3663 1636 μακά-

2087 1680 2186 1736 ριοι
2207 1664 2255 1715 οἰ
2289 1663 2385 1716 σὺν
2422 1665 2550 1733 ἡμῖν
2579 1661 2876 1734 μάρτυρες,
2917 1659 2978 1713 τὸ
3009 1661 3107 1730 τῆς
3130 1658 3307 1730 ψυχῆς
3337 1658 3491 1730 ὄμμα
3523 1657 3665 1731 πρὸς

2081 1754 2172 1808 τὸν
2199 1754 2288 1807 ἐπὶ
2321 1753 2537 1807 πάντων
2565 1752 2696 1805 Θεὸν
2726 1749 2981 1821 καθαρῶς
3009 1748 3302 1810 τείναντες,
3335 1747 3428 1801 καὶ
3456 1746 3547 1800 τὸν
3576 1746 3663 1799 ἐπ’

416 1819 1220 1913 vocationisuaapertinaciter
1250 1842 1604 1896 inhzeserunt.
1639 1838 1848 1910 Quippe
1892 1838 1981 1908 qui

2099 1847 2337 1920 εὐσεϐείᾳ
2362 1848 2587 1903 θάνατον
2610 1849 2667 1900 ἐν
2695 1843 2770 1917 νῷ
2792 1819 3070 1909 λαϐόντες,
3098 1841 3267 1915 ἀπρὶξ
3289 1845 3387 1913 τῆς
3415 1841 3666 1913 κλήσεως

416 1938 585 2010 probe
612 1945 834 1992 nossent
862 1935 1148 1990 Dominum
1201 1943 1441 1988 nostrum
1487 1931 1670 1987 Jesum
1706 1930 1981 1985 Christum

336 2074 339 2079 λ
420 2042 606 2088 nostra
639 2046 803 2086 causa
835 2029 1114 2085 hominem
1165 2028 1368 2082 idcirco
1399 2026 1598 2080 factum
1628 2024 1817 2090 fuisse,
1846 2031 1905 2076 ut
1932 2029 1987 2076 et

418 2135 702 2197 peccatum
743 2125 964 2180 omnino
997 2120 1341 2185 exscinderet
1366 2159 1380 2185 ,
1417 2127 1471 2173 et
1515 2118 1580 2171 ad
1615 2118 1779 2172 vitam
1828 2124 1987 2171 aeter-

419 2231 544 2269 nam
576 2215 1031 2270 contendentibus
1061 2212 1215 2268 nobis
1248 2210 1490 2265 subsidia
1520 2209 1736 2263 itineris
1765 2222 1983 2275 compa-

419 2316 588 2365 raret.
618 2327 636 2359 ι
678 2306 794 2361 Non
826 2306 970 2361 enim
1007 2304 1251 2370 rapinam
1279 2302 1579 2357 arbitratus
1610 2309 1699 2355 est
1728 2298 1984 2354 Christus

418 2412 541 2454 esse
576 2414 635 2454 se
660 2399 921 2467 aequalem
957 2397 1102 2461 Deo;
1135 2396 1229 2451 sed
1258 2394 1561 2449 exinanivit
1591 2394 1851 2463 seipsum,
1872 2406 1988 2446 ser-

417 2489 471 2543 vi
501 2489 726 2543 formam
765 2487 995 2543 induens
1031 2506 1044 2542 :
1077 2494 1132 2542 et
1163 2485 1343 2562 Specie
1373 2485 1491 2555 ipsa
1524 2484 1779 2540 inventus
1828 2483 1985 2553 quasi

420 2580 585 2636 homo
610 2623 625 2648 ,
670 2581 977 2636 humiliavit
1012 2580 1364 2648 semetipsum
1397 2593 1569 2648 usque
1617 2578 1683 2632 ad
1713 2587 1983 2640 mortem;

419 2681 476 2727 et
524 2673 741 2743 quidem
794 2683 1026 2727 mortem
1072 2672 1253 2727 crucis
1288 2671 1353 2724 ⁸⁸.
1395 2689 1414 2723 ι
1466 2670 1697 2725 Proinde
1761 2669 1988 2725 meliora

420 2762 745 2819 charismata
808 2772 1190 2820 consectautes
1246 2772 1515 2834 martyres
1567 2761 1659 2831 qui
1713 2760 1987 2816 Christum

422 2857 963 2926 gestabant,omnes
1010 2868 1319 2919 aerumnas,
1368 2854 1551 2908 omnia
1592 2861 1987 2908 tormentorum

422 2962 621 3018 genera
653 2962 773 3017 qua!
800 2947 1098 3017 excogitari
1149 2954 1439 3015 potuerant
1463 2984 1480 3009 ,
1511 2960 1617 2999 non
1658 2943 1866 3012 semel,
1895 2943 1989 2998 sed

423 3039 623 3096 iterum
674 3053 738 3093 ac
773 3039 969 3107 saepius
1022 3036 1267 3093 nonnulli
1321 3038 1715 3091 sustinuerunt.
1749 3036 1815 3090 Et
1864 3050 1989 3090 cum

2086 1938 2310 2009 εἴχοντο,
2353 1938 2445 1991 τὸν
2492 1938 2588 2007 μὲν
2625 1936 2829 2007 Κύριον
2867 1934 3022 2006 ἡμῶν
3060 1932 3266 2007 Ἰησοῦν
3300 1931 3530 2004 Χριστόν
3574 1932 3668 1985 εύ-

2088 2029 2271 2102 ρόντες
2312 2028 2807 2100 ἐνανθρωπήσαντα
2857 2026 2925 2080 δι’
2962 2028 3142 2097 ἡμᾶς,
3190 2026 3278 2081 ἵνα
3331 2026 3509 2079 πᾶσαν
3566 2024 3669 2097 μὲν

2086 2122 2358 2196 ἁμαρτίαν
2392 2120 2619 2192 ἐκκόψῃ,
2645 2120 2829 2190 ἐφόδια
2856 2120 2913 2174 δέ
2937 2122 3035 2191 τῆς
3061 2120 3141 2183 εἰς
3160 2117 3258 2189 τὴν
3282 2117 3495 2173 αἰώνιον
3520 2116 3671 2188 ζωὴν

2086 2218 2290 2272 εἰσόδου
2321 2219 2450 2289 ἡμῖν
2463 2216 2761 2287 κατάθηται
2782 2233 2794 2248 ο
2824 2233 2844 2267 ι
2876 2215 2936 2268 οὐ
2968 2213 3077 2285 γάρ
3106 2212 3396 2286 ἁρπαγμὸν
3422 2213 3671 2283 ἡγήσατο

2085 2313 2147 2365 τὸ
2183 2307 2321 2364 εἶναι
2359 2306 2454 2364 ἴσα
2481 2308 2620 2380 Θεῷ,
2680 2308 2793 2363 ἀλλ’
2824 2307 3014 2361 ἐαυτὸν
3046 2306 3277 2359 ἐκένωσε
3310 2302 3519 2376 μορφὴν
3546 2302 3673 2357 δού-

2087 2403 2179 2456 λου
2211 2401 2411 2464 λαϐὼν,
2451 2402 2545 2454 καὶ
2571 2400 2808 2471 σχήματι
2839 2397 3080 2469 εὑρεθεὶς
3105 2398 3182 2460 ὡς
3206 2394 3510 2467 ἄνθρωπος,
3541 2397 3673 2449 ἐαυ-

2087 2495 2178 2548 τὸν
2205 2492 2564 2547 ἐταπείνωσεν
2582 2490 2686 2555 ἕως
2710 2490 2939 2544 θανάτου
2961 2529 2977 2556 ,
3007 2489 3237 2543 θανάτου
3268 2488 3326 2543 δὲ
3355 2487 3615 2559 σταυροῦ.
3646 2506 3668 2540 ι

2089 2587 2178 2641 Διὸ
2200 2587 2293 2640 καὶ
2321 2584 2659 2655 ζηλώσαντες
2686 2581 2756 2635 τά
2787 2581 3006 2653 μείζονα
3030 2580 3343 2652 χαρίσματα
3364 2580 3414 2633 οἰ
3452 2596 3671 2651 χριστο-

2090 2680 2243 2751 φόροι
2268 2670 2542 2750 μάρτυρες
2575 2676 2684 2746 (50)
2709 2715 2723 2738 ,
2757 2675 2936 2729 πάντα
2976 2673 3073 2745 μὲν
3096 2673 3254 2728 πόνον
3281 2672 3377 2726 καὶ
3407 2672 3674 2735 παντοίας

2090 2770 2360 2843 αἰκισμῶν
2385 2768 2626 2832 ἐπινοίας
2657 2768 2756 2822 οὐκ
2799 2767 3051 2834 εἰσάπαξ,
3085 2766 3199 2821 ἀλλ’
3228 2766 3328 2838 ἠδη
3365 2766 3461 2820 καί
3488 2764 3675 2820 δεύτε-

2093 2862 2184 2937 ρόν
2215 2880 2358 2926 τινες
2381 2861 2700 2931 ὑπέμειναν,
2734 2859 2911 2923 πάσας
2940 2857 2994 2912 δέ
3023 2858 3250 2922 ἀπειλάς
3272 2859 3334 2912 ού
3359 2857 3542 2926 λόγοις
3573 2855 3675 2928 μό-

2089 2971 2200 3019 νον,
2228 2954 2363 3009 ἀλλὰ
2404 2955 2500 3020 καὶ
2526 2953 2707 3025 ἐργοις
2738 2951 2845 3004 τῶν
2874 2951 3185 3023 δορυφόρων
3219 2952 3339 3003 κατ’
3365 2948 3546 3003 αὐτῶν
3582 2966 3676 3018 φι-

2089 3046 2307 3117 λοτιμου
2316 3045 2511 3117 μένων,
2550 3045 2650 3098 οὐκ
2677 3042 2937 3096 ἐνεδίδουν
2960 3041 3055 3113 τὴν
3076 3042 3302 3114 γνώμην
3322 3082 3336 3106 ,
3362 3041 3450 3095 διὰ
3482 3040 3545 3094 τὸ
3569 3042 3675 3111 τὴν

424 3130 684 3186 satellites
718 3144 824 3185 non
861 3129 1033 3184 solum
1065 3129 1246 3183 verbis
1270 3128 1566 3193 minantes,
1596 3128 1690 3184 sed
1712 3129 1877 3183 etiam
1905 3126 1987 3182 fa-

2099 3138 2304 3194 τελείαν
2342 3139 2563 3209 ἀγάπην
2591 3136 2695 3203 ἔξω
2726 3135 2939 3206 βάλλειν
2965 3135 3055 3188 τὸν
3089 3134 3268 3205 φόϐον.
3314 3128 3414 3187 Ὧν
3440 3133 3675 3188 καταλέ-

422 3224 526 3279 ctis
576 3232 838 3279 terrorem
888 3222 1017 3289 ipsis
1062 3222 1309 3276 incutere
1359 3223 1615 3277 certatim
1665 3222 1989 3284 niterentur,

421 3331 531 3371 non
569 3326 745 3371 tamen
769 3314 929 3386 303
961 3312 1120 3370 fracti
1144 3322 1273 3369 sunt
1302 3314 1504 3375 animo,
1547 3329 1612 3369 eo
1640 3316 1784 3382 quod
1816 3331 1836 3366 ι
1871 3328 1993 3384 per-

419 3405 560 3467 facta
596 3407 797 3463 caritas
842 3407 988 3465 foras
1038 3408 1291 3478 ejiciebat
1321 3406 1567 3461 timorem
1597 3406 1667 3462 ⁸⁸.
1703 3424 1722 3458 ι
1750 3404 1990 3473 Quorum

422 3504 683 3557 virtutem
706 3510 761 3555 et
791 3501 843 3556 in
874 3500 1108 3572 singulis
1140 3500 1429 3555 tormentis
1461 3497 1994 3570 fortitudinem,qua:

422 3592 641 3649 tandem
668 3592 844 3647 oratio
877 3593 1047 3663 possit
1073 3592 1439 3663 percensere?
1468 3587 1601 3644 Nam
1632 3606 1754 3645 cum
1789 3604 1884 3645 eos
1911 3591 1991 3644 in-

418 3681 564 3752 juria
598 3679 810 3737 allicere
835 3681 1005 3737 cuivis
1037 3683 1267 3746 liceret,
1301 3680 1392 3736 alii
1419 3680 1654 3735 fustibus
1676 3720 1693 3744 ,
1730 3680 1823 3735 alii
1875 3680 1993 3733 vir-

425 3773 529 3846 gis,
560 3773 651 3828 alii
679 3771 858 3842 ﬂagris
886 3788 982 3830 eos
1019 3775 1412 3841 verberabant;
1442 3774 1661 3844 quidam
1692 3773 1843 3835 loris,
1864 3788 1996 3828 non-

425 3866 558 3922 nulli
608 3867 769 3921 etiam
800 3866 1019 3922 funibus
1064 3868 1371 3924 ctcdebant.
1410 3868 1651 3936 Eratque
1683 3867 1993 3937 hujusmotli

427 3959 764 4015 cruciatuum
814 3959 1181 4028 spectaculum
1213 3961 1424 4015 varium
1470 3969 1525 4015 et
1576 3959 1854 4030 multiplex
1885 3959 1996 4023 plc-

427 4065 665 4120 numque
709 4050 948 4105 malitiae.
990 4053 1218 4118 Quidam
1274 4054 1417 4106 enim
1469 4051 1686 4106 illorum
1744 4050 1996 4107 manibus

494 4145 543 4179 δ’
573 4144 800 4215 Philipp.
836 4161 896 4208 ιι,
936 4144 1050 4201 6-8.
1127 4146 1173 4179 ⁸ο
1202 4144 1398 4203 “can.
1425 4164 1498 4211 tv,
1529 4146 1617 4201 18.

429 4255 535 4318 νων
576 4237 1006 4318 εύχαριστή-ριον.
1034 4238 1469 4318 ἀναπέμψ-αντες,
1500 4241 1601 4318 ἐπ’.
1618 4238 1798 4318 Ααύτῆς
1823 4239 2001 4318 Ἀλεξς

432 4309 681 4381 ανδρείας
731 4307 892 4381 ’ὁμοῦ
924 4307 1051 4381 λιτὰς
1099 4307 1340 4381 κεφαλὰς
1391 4307 1806 4381 άπετμήθησαν,
1870 4308 1999 4381 μηνί

430 4375 625 4450 Παχὼν
658 4375 742 4450 κγ’
765 4375 882 4450 κατ’
907 4375 1258 4450 Αἰγυπτίους,
1288 4379 1431 4434 κατὰ
1459 4380 1515 4434 δὲ
1539 4375 2000 4450 ⁷Ῥωμαίουςπρὸ

765 4380 882 4431 κατ’
907 4379 1258 4446 Αἰγυπτίους,
1288 4379 1431 4434 κατὰ
1459 4380 1515 4434 δὲ
1555 4379 1658 4434 Ῥω

2096 3249 2213 3302 γειν
2239 3232 2337 3303 τὴν
2362 3230 2559 3303 ἀρετὴν
2584 3231 2679 3284 καί
2698 3230 2795 3302 τὴν
2818 3230 2901 3298 ἐφ’
2923 3229 3129 3303 ἑκάστῃ
3156 3225 3371 3298 βασάνῳ
3395 3225 3673 3298 ἀνδρείαν,

2096 3322 2179 3386 τίς
2209 3323 2274 3377 ἂν
2306 3321 2556 3393 ἁρκέσειε
2590 3320 2782 3390 λόγοςς
2839 3318 3097 3381 Ἀνέσεως
3138 3316 3248 3390 γὰρ
3290 3315 3457 3388 οὔσης
3500 3315 3674 3370 ἃπασι

2096 3417 2209 3479 τοῖς
2238 3414 2575 3486 βουλομένοις
2605 3412 2934 3486 ἐνυϐρίζειν,
2975 3412 3025 3464 oi
3064 3411 3163 3483 μὲν
3198 3409 3374 3477 ξύλοις
3398 3408 3673 3474 ἐπαίοντο,

2097 3507 2272 3579 ἕτεροι
2299 3507 2357 3560 δὲ
2386 3505 2616 3578 ῥάϐδοις,
2646 3506 2793 3561 ἄλλοι
2824 3506 2881 3560 δὲ
2910 3504 3181 3577 μάστιξιν,
3214 3503 3389 3575 ἕτεροι
3423 3501 3479 3556 δὲ
3512 3499 3675 3555 πάλιν

2101 3599 2319 3671 ἰμάσιν,
2344 3598 2497 3654 ἄλλοι
2524 3600 2580 3653 δὲ
2615 3599 2883 3671 σχοινίοις.
2918 3599 3029 3651 Καὶ⁵
3054 3593 3121 3669 ἦν
3164 3598 3198 3667 ἠ
3234 3596 3330 3649 θέα
3377 3595 3485 3648 τῶν
3528 3596 3676 3647 αἰκι-

2104 3692 2255 3763 σμῶν
2287 3691 2678 3765 ἐνηλλαγμένη,
2724 3693 2819 3747 καὶ
2855 3690 3054 3763 πολλὴν
3076 3688 3176 3761 τὴν
3203 3690 3262 3741 ἐν
3299 3687 3436 3758 αὐτῇ
3476 3686 3675 3740 κακίαν
3703 3738 3707 3742 .

2100 3784 2313 3855 ἔχουσα.
2362 3786 2425 3838 Οἰ
2459 3786 2555 3856 μὲν
2585 3784 2693 3858 γὰρ
2720 3784 2893 3838 ὀπίσω
2923 3782 2999 3863 τὼ
3038 3785 3187 3853 χεῖρε
3229 3779 3475 3843 δεθέντες
3496 3818 3513 3840 ,
3549 3777 3676 3850 περὶ

2099 3874 2160 3928 τὸ
2192 3874 2342 3940 ξύλον
2370 3877 2479 3945 (51)
2523 3875 2852 3948 ἐξηρτῶντο,
2891 3876 2985 3929 καὶ
3020 3875 3316 3947 μαγγάνοις
3345 3871 3459 3925 τισὶ
3484 3871 3677 3925 διετεί-

2100 3984 2249 4020 νοντο
2273 3970 2378 4022 πᾶν
2405 3968 2558 4039 μέλος
2582 3985 2595 3999 ·
2630 3964 2725 4021 εἷθ’
2753 3966 2924 4030 οὕτως
2956 3966 3042 4019 διὰ
3074 3965 3269 4026 παντὸς
3301 3962 3395 4016 τοῦ
3424 3961 3676 4032 σώματος

2099 4058 2303 4128 ἐπῆγον
2327 4060 2391 4111 ἐκ
2420 4057 2717 4123 κελεύσεως
2742 4059 2790 4112 οἰ
2820 4056 3155 4129 βασανισταὶ,
3186 4055 3248 4108 οὺ
3282 4051 3536 4123 καθάπερ
3566 4052 3676 4113 τοῖς

2106 4236 2234 4306 pilis
2260 4235 2613 4298 prmcedentis
2641 4236 2713 4290 ita
2748 4236 3076 4306 perscriptus
3102 4241 3205 4297 est.
3223 4233 3368 4306 scapi
3394 4235 3507 4289 τῶν
3532 4238 3674 4291 κατὰ

2105 4304 2345 4379 Θηϐαΐδα
2367 4306 2553 4361 Φιλέου
2582 4304 2878 4379 μάρτυρος,
2902 4304 2994 4379 sed
3021 4322 3128 4361 non
3147 4304 3330 4379 dubito
3352 4307 3482 4379 quin
3507 4311 3669 4379 verba

2108 4375 2194 4449 illa
2224 4376 2411 4449 Φιλέου
2459 4375 2750 4449 μάρτυρος,
2769 4375 3100 4449 pertineant
3146 4375 3212 4429 ad
3258 4376 3473 4449 titulum
3499 4377 3667 4449 c.10.

429 4445 897 4537 oxitb‘ﬂajlngv
941 4449 1301 4537 Ἰανουαρίων.
1319 4451 1389 4533 _ld
1422 4463 1532 4506 est:
1586 4469 1610 4537 ι
1639 4445 1813 4537 Ambo
1838 4445 1989 4537 igitur

2104 4446 2395 4537 ριιίρρετῐιη
2420 4445 2499 4531 eo.
2510 4445 2688 4537 capite
2714 4445 2882 4537 refert
2900 4446 3250 4537 Eusebittsle'x
3297 4445 3500 4502 Phileas
3530 4448 3671 4503 litte-

430 4520 601 4575 sancti
641 4519 706 4571 ad
736 4518 896 4572 ﬁnem
924 4516 1284 4575 confessionis
1319 4523 1560 4589 ipsorum
1597 4520 1754 4574 tracti
1786 4516 1910 4573 sunt
1967 4535 1999 4573 a
2031 4516 2073 4537 ³¹
2106 4518 2280 4589 ι’ἱςιςιᾳΔ
2306 4516 2611 4589 Thmuitas,
2643 4517 2910 4589 martyria
2942 4516 3457 4589 Alexandrinorum.

429 4589 801 4644 carniﬁcibus.
844 4589 1087 4657 Cumque
1122 4592 1186 4644 ad
1224 4591 1398 4645 locum
1422 4592 1769 4644 constitutum
1806 4591 1989 4643 venis-

432 4667 572 4726 sent,
600 4658 738 4713 actis
772 4660 881 4713 Deo
903 4660 1090 4729 gratiis
1117 4664 1185 4715 ob
1207 4661 1469 4726 ejusmodi
1504 4676 1750 4722 coronas,
1781 4661 1831 4713 iu
1866 4660 1996 4713 urbe

430 4728 757 4799 Alexandria
787 4728 947 4783 simul
969 4732 1126 4785 ambo
1145 4733 1318 4799 capite
1336 4730 1564 4785 truncati
1592 4738 1736 4791 sunt,
1756 4731 1841 4783 die
1861 4744 1995 4784 χχιιι

431 4800 634 4854 mensis
657 4797 1006 4870 Cheaojuxta
1041 4797 1347 4870 Egyptios.
1378 4800 1530 4866 juxta
1571 4800 1839 4854 Romanos
1866 4815 1997 4854 vero

430 4881 624 4925 octavo
657 4867 929 4940 Kalendas
965 4867 1271 4925 Ianuarias.
1317 4891 1337 4925 ι
1372 4871 1427 4926 In
1461 4872 1751 4940 appentlice
1780 4885 1997 4939 quoque

427 4940 676 4995 Actorum
720 4939 996 5062 Pol‘v’cncti
1052 4942 1307 5012 martyris
1354 4957 1473 5013 qua:
1508 4939 1678 5011 nuper
1722 4943 1861 4994 edita
1914 4950 1998 4996 est

428 5012 774 5062 Antweroim.
856 5010 1507 5062 hiloromusAlexamlrim
1535 5026 1723 5062 passus
1761 5026 1881 5062 esse
1915 5012 1998 5062 di-

428 5012 774 5079 Antwerpim,
812 5010 1507 5067 PhiloromusA'lexanilrim
1535 5010 1723 5079 passus
1761 5026 1881 5065 csse
1915 5012 1999 5064 di-

430 5081 594 5151 citur.
625 5078 819 5151 Quare
834 5080 880 5151 si
909 5095 1032 5135 vera
1061 5092 1185 5137 sunt
1215 5083 1347 5136 Acta
1379 5082 1464 5136 illa
1499 5078 1683 5134 Latina
1708 5081 1773 5135 de
1802 5082 1998 5151 quibus

431 5148 743 5222 pauloante
774 5148 923 5222 dixi,
947 5151 1000 5205 in
1045 5153 1239 5222 quibus
1270 5152 1516 5207 Culciani
1546 5151 1793 5219 praesidis
1822 5148 1995 5222 inter-

434 5216 645 5282 rogatio
659 5234 780 5290 cum
807 5216 1008 5275 Phileas
1038 5216 1475 5290 responsionihus
1506 5216 1837 5285 continetur,
1867 5220 1996 5275 Cul-

431 5290 622 5345 ciauus
647 5287 929 5358 praefectus
954 5287 1260 5360 Augustalis
1288 5294 1447 5347 fuerit
1486 5306 1704 5345 necesse
1726 5301 1828 5354 est,
1869 5300 1997 5346 tunc

433 5374 556 5412 cum
579 5360 794 5415 Phileas
824 5366 879 5412 et
902 5360 1238 5416 Philoromus
1252 5362 1588 5417 Alexandriae
1614 5361 1828 5415 subiere
1856 5376 1997 5423 mar-

435 5430 657 5500 tyrium.
689 5430 849 5483 Certe
876 5430 1136 5486 Eusebius
1165 5433 1219 5486 in
1251 5432 1356 5487 line
1386 5432 1480 5485 lib.
1510 5447 1565 5485 ιιι
1605 5430 1806 5486 diserte
1849 5429 1995 5483 aﬂir-

434 5509 566 5571 tnat,
596 5500 910 5553 Culcianum
938 5501 1083 5555 hunc
1112 5502 1176 5555 ad
1207 5517 1395 5558 omnes
1425 5502 1693 5556 honorum
1737 5501 1935 5571 gradus
1964 5516 1996 5555 a

434 5567 721 5623 Maximino
750 5580 1052 5637 promotum
1077 5571 1261 5625 fuisse.

506 5637 621 5708 (Ξῖ)
651 5637 821 5704 Hujus
841 5642 1034 5705 capitis
1053 5641 1239 5694 titulus
1260 5641 1314 5695 iu
1339 5641 1526 5696 codice
1556 5639 1694 5692 Med.
1722 5648 1774 5692 et
1794 5638 1993 5694 Mazar.

436 5706 825 5781 ita‘conceptus
866 5721 947 5764 est
978 5728 992 5765 :
1023 5710 1158 5781 Περί
1181 5711 1288 5763 τῶν
1318 5713 1436 5765 κατ’
1477 5707 1875 5781 Ἀλεξάνδρειαν
1902 5728 1996 5762 πε-

437 5777 769 5859 πραγμένων
798 5775 1061 5852 ἔγγραφοι
1084 5775 1436 5839 διδασκαλίαι.
1468 5781 1676 5838 Titulus
1702 5775 1876 5838 autem
1908 5795 1995 5837 ca-

2179 4586 2312 4659 (28)_
2343 4586 2475 4641 Ἀπὸ
2514 4588 2633 4642 τῶν
2660 4586 3053 4659 Φαῑέουνπρλὸς
3082 4587 3372 4657 Θμουΐτας
3405 4586 3670 4659 γραμμά-

2098 4674 2236 4711 των.
2270 4657 2394 4711 Ηιεε
2432 4660 2592 4713 verba
2632 4658 2946 4726 majusculis
2978 4657 3171 4711 litteris
3211 4657 3668 4714 scribendasnnt

2100 4731 2166 4780 ad
2204 4729 2632 4784 distinctionem.
2683 4729 2747 4782 Et
2778 4729 2828 4783 in
2855 4728 3023 4796 Regio
3055 4728 3272 4797 quidem
3313 4729 3500 4783 codice
3527 4744 3558 4782 a
3593 4745 3668 4784 re-

2100 4797 2247 4866 liquo
2278 4808 2428 4852 textu
2464 4801 2673 4855 modico
2710 4798 2996 4854 intervallo
3028 4807 3374 4866 separantur.
3414 4799 3470 4851 lu
3502 4798 3669 4853 Medi-

2099 4883 2212 4921 can
2234 4880 2411 4922 autem
2437 4869 2838 4924 lihrolocautur
2859 4872 2926 4924 ad
2953 4869 3282 4937 marginem;
3316 4869 3369 4923 in
3396 4868 3670 4924 Mazarino

2096 4950 2151 4991 et
2184 4938 2319 4992 Fuk.
2373 4940 2559 4993 codice
2600 4940 2944 4993 omittuntur.

2169 5009 2277 5080 (29)
2290 5009 2440 5078 Vulg.
2466 5010 2645 5064 οὐδὲν
2665 5009 3062 5080 μελήσαντες.
3085 5009 3281 5065 Scribe
3304 5009 3667 5080 μελλήσαντες

2101 5088 2158 5132 ιιι
2183 5082 2380 5149 legitur
2426 5081 2479 5133 in
2516 5082 2674 5136 codd.
2708 5080 2872 5145 Med.,
2903 5081 3066 5144 Maz.,
3091 5080 3227 5136 Fuk.
3256 5080 3490 5135 etSavil.
3526 5082 3666 5133 idem

2097 5164 2253 5220 error
2283 5165 2444 5220 supra
2475 5151 2528 5205 in
2562 5165 2683 5220 cap.
2732 5151 2767 5204 4
2803 5150 2961 5220 hujus
2995 5152 3116 5207 libri
3145 5167 3212 5205 ex
3237 5151 3553 5205 earumdem
3585 5164 3667 5206 co-

2101 5219 2275 5274 dicum
2302 5219 2691 5275 auctoritate’a
2722 5219 2885 5275 nobis
2904 5221 3221 5276 emendatus
3258 5232 3363 5288 est,
3392 5228 3447 5276 ει
3478 5234 3665 5276 rursus

2099 5290 2241 5343 intra
2275 5290 2327 5343 in
2360 5292 2461 5345 hac
2499 5291 2698 5345 Philete
2728 5291 2980 5360 epistola.

2170 5362 2280 5431 (50)
2308 5362 2383 5432 -Οἱ
2429 5358 2810 5430 χριστοφόροι
2855 5360 3171 5432 μάρτυρες.
3230 5359 3287 5414 Id
3337 5368 3420 5432 est
3447 5358 3665 5415 Christo

2097 5430 2264 5502 pleni.
2301 5430 2391 5485 Sic
2416 5432 2652 5500 lguatius
2683 5430 3053 5502 Antiochenus
3075 5433 3361 5502 episcopus
3386 5431 3567 5486 dictus
3585 5439 3664 5484 est

2098 5500 2373 5573 θεοφόρος.
2397 5502 2448 5573 id
2480 5509 2580 5573 est,
2621 5503 2727 5557 Deo
2751 5501 2961 5573 pictius.

2167 5569 2279 5643 (3t)
2296 5571 2435 5643 Περί
2463 5572 2528 5625 τὸ
2559 5569 2767 5636 ξύλον-ζ
2796 5572 3091 5643 Equuleum
3114 5569 3665 5643 intelligo.Reisenim

2098 5641 2151 5767 in
2179 5641 2424 5767 'equulco
2450 5645 2725 5714 suspensis
2761 5643 2930 5699 latera
2961 5642 3153 5699 ferreis
3207 5642 3424 5713 ungulis
3473 5655 3665 5697 exara-

2120 5728 2200 5767 ian
2231 5729 2311 5767 ur.

2120 5723 2311 5768 tantur.
