3928 6252
296 291 413 345 765

292 499 469 569 στρὺς
498 499 600 550 καὶ
621 498 842 569 κνημῶν
873 501 966 553 καὶ
992 501 1232 572 παρειῶν
1263 507 1372 566 τοῖς
1396 506 1750 576 ἀμυντηρίοις
1773 506 1894 560 ἐκό-

290 588 466 652 λαζον
487 589 630 657 (52)·
649 587 822 658 ἕτεροι
845 589 901 643 δὲ
929 590 1034 643 ἀπὸ
1055 592 1153 660 τῆς
1179 594 1337 654 στοᾶς
1366 596 1492 662 μιᾶς
1517 594 1696 664 χειρὸς
1729 593 1892 664 ἐξηρ-

288 699 360 750 τη
371 682 538 750 μένοι
573 680 867 752 αἰωροῦντο
886 721 901 745 ,
933 682 1110 752 πάσης
1141 682 1427 752 ἀλγηδόνος
1462 684 1766 756 δεινοτέραν
1795 685 1892 755 τὴν

289 774 405 828 ἀπὸ
446 774 569 826 τῶν
599 774 810 845 ἄρθρων
846 775 938 827 καὶ
979 773 1155 844 μελῶν
1186 775 1341 828 τάσιν
1371 775 1582 846 ἔχοντες
1604 794 1617 806 ’
1647 778 1793 830 ἄλλοι
1835 780 1892 833 δὲ

291 868 437 937 πρὸς
475 870 599 929 τοῖς
637 868 809 919 κίοσιν
837 868 1238 938 ἀντιπρόσωποι
1266 869 1504 931 ὲδοῦντο,
1539 873 1598 924 οὐ
1636 870 1890 942 βεϐηκόσι

286 961 407 1020 τοῖς
442 960 606 1023 ποσὶ,
631 958 708 1028 τῷ
738 959 794 1011 δὲ
827 958 979 1030 βάρει
1001 960 1093 1012 τοῦ
1119 961 1367 1032 σώματος
1393 961 1722 1033 βιαζομένων
1754 965 1888 1034 μετὰ

287 1050 512 1114 τάσεως
555 1051 927 1120 ἀνελκομένων
958 1052 1065 1105 τῶν
1103 1053 1334 1124 δεσμῶν.
1378 1055 1483 1107 Καὶ
1509 1056 1654 1109 τοῦθ’
1680 1057 1888 1127 ὑπέμε-

288 1158 404 1204 νον,
451 1144 563 1195 οὺκ
592 1145 676 1212 ἐφ’
705 1145 825 1198 ὅσον
856 1144 1287 1216 προσδιελέγετο,
1319 1148 1430 1199 οὐδ’
1453 1149 1632 1212 αὐτοῖς
1663 1149 1886 1219 ἐσχόλα-

289 1234 386 1297 ζεν
433 1235 463 1285 ὁ
509 1233 764 1304 ἡγεμὼν,
797 1235 930 1288 ἀλλὰ
967 1237 1246 1305 μονονουχὶ
1281 1237 1346 1289 δι’
1373 1238 1500 1308 ὅλης
1526 1240 1625 1311 τῆς
1653 1240 1883 1312 ἡμέρας.

291 1324 425 1375 Ὅτε
471 1324 592 1394 γὰρ
631 1325 724 1378 καὶ
754 1328 835 1394 ἐφ’
864 1326 1079 1396 ἐτέρους
1125 1327 1434 1398 μετέϐαινε,
1466 1332 1575 1392 τοῖς
1603 1331 1888 1402 προτέροις

291 1415 708 1486 κατελίμπανεν
734 1418 1037 1490 ἐφεδρεύειν
1063 1421 1186 1482 τοὺς
1211 1421 1276 1490 τῇ
1319 1419 1534 1491 ἐξουσίᾳ
1573 1421 1736 1474 αὐτοῦ
1788 1423 1888 1475 ὑπ-

283 1508 705 1577 ηρετουμένους
728 1509 835 1580 (35)
857 1548 872 1573 ,
901 1511 955 1562 εἴ
984 1529 1082 1565 που
1116 1529 1198 1574 τις
1221 1511 1471 1582 ἡττηθεὶς
1503 1511 1614 1565 τῶν
1642 1512 1887 1583 βασάνων

282 1600 558 1652 ἐνδιδόναι
591 1601 784 1663 ἐδόκει,
815 1603 1046 1670 ἀφειδῶς
1074 1602 1130 1655 δὲ
1160 1602 1397 1657 κελεύων
1421 1605 1511 1657 καὶ
1535 1608 1647 1668 τοῖς
1670 1606 1887 1670 δεσμοῖς

288 1693 584 1763 προσιέναι
619 1692 728 1763 (5M
749 1736 762 1759 ,
797 1695 888 1747 καὶ
920 1696 1054 1766 μετὰ
1083 1696 1253 1750 ταῦτα
1281 1695 1760 1768 ψυχορραγοῦντας
1788 1699 1884 1751 αὐ-

289 1787 416 1846 τοὺς
455 1785 920 1855 κατατιθεμένους
959 1789 1039 1851 είς
1083 1787 1180 1859 τὴν
1209 1791 1312 1858 γῆν
1355 1789 1635 1842 ἕλκεσθαι·
1681 1790 1740 1842 οὐ
1774 1789 1879 1861 γὰρ

291 1871 427 1927 εἶναι
467 1874 577 1927 κᾶν
624 1876 791 1947 μέρος
831 1878 1014 1940 αὐτοῖς
1046 1879 1319 1948 φροντίδος
1356 1880 1482 1950 περὶ
1521 1879 1698 1950 ἡμῶν.
1740 1880 1878 1933 Ἀλλ’

289 1966 435 2019 οὕτω
494 1966 718 2020 ἐδόκουν
767 1967 1088 2021 διανοεῖσθαι
1133 1969 1265 2038 (55),
1327 1970 1419 2022 καὶ
1465 1970 1758 2041 πράττειν,
1805 1971 1880 2034 ὼς

296 2059 487 2131 μηκέτ’
515 2061 711 2122 ὄντων,
739 2060 942 2131 ταύτην
964 2061 1218 2134 δευτέραν
1246 2063 1474 2132 βάσανον
1501 2063 1612 2134 (56)
1641 2064 1732 2116 ἐπὶ
1759 2067 1879 2127 ταῖς

293 2154 530 2224 πληγαῖς
575 2153 687 2206 τῶν
731 2155 1065 2208 ὑπεναντίων
1104 2155 1462 2226 ὲφευρόντων.
1509 2151 1690 2208 τΗσοιν
1731 2156 1788 2209 δὲ
1829 2156 1879 2208 οἳ

292 2247 385 2297 καὶ
412 2245 554 2314 μετὰ
580 2247 712 2308 τοὺς
741 2247 1030 2316 αἰκισμοὺς
1060 2247 1152 2299 ἐπὶ
1181 2246 1270 2298 τοῦ
1305 2245 1458 2310 ξύλου
1493 2247 1735 2318 κείμενοι
1767 2247 1876 2318 (57)

294 2336 378 2389 διὰ
410 2337 522 2389 τῶν
548 2337 833 2408 τεσσάρων
861 2338 1008 2390 όπῶν
1033 2339 1401 2408 διατεταμένοι
1429 2337 1594 2407 ἄμφω
1621 2338 1698 2390 τὼ
1729 2338 1874 2403 πόδε,

292 2421 367 2491 οἷς
392 2429 484 2480 καὶ
526 2429 653 2482 κατ’
683 2429 924 2498 ἀνάγκην
968 2430 1162 2492 αὐτοὺς
1199 2431 1292 2482 ἐπὶ
1336 2429 1430 2482 τοῦ
1469 2428 1625 2493 ξύλου
1659 2429 1880 2493 ὑπτίους

295 2513 448 2579 εἶναι,
480 2519 556 2590 μὴ
579 2520 913 2591 δυναμένους
939 2520 1026 2574 διὰ
1057 2521 1115 2574 τὸ
1141 2520 1338 2574 ἔναυλα
1363 2520 1430 2574 τὰ
1457 2521 1745 2592 τραύματα
1773 2521 1878 2574 ἀπὸ

293 2608 394 2661 τῶν
425 2609 658 2681 πληγῶν
705 2611 824 2664 καθ’
854 2611 974 2666 ὅλου
1006 2612 1099 2664 τοῦ
1131 2612 1380 2682 σώματος
1409 2612 1580 2682 ἔχειν’
1619 2612 1794 2684 ἕτεροι
1821 2611 1879 2665 δὲ

296 2703 370 2763 εἰς
395 2701 666 2772 τοῦδαφος
694 2703 938 2773 ῥιφέντες
960 2744 976 2767 ,
1006 2702 1210 2757 ἔκειντο
1237 2704 1340 2757 ὑπ’)
1372 2707 1469 2775 τῆς
1495 2704 1602 2756 τῶν
1632 2703 1878 2773 βασάνων

294 2793 488 2863 ἀθρόας
517 2795 848 2866 προσδολῆς,
876 2795 1178 2868 δεινοτέραν
1208 2796 1304 2866 τὴν
1327 2796 1448 2865 ὄψιν
1470 2799 1566 2866 τῆς
1596 2795 1878 2866 ἐνεργείας

298 2889 404 2949 τοῖς
448 2888 625 2957 ὁρῶσι
674 2888 1031 2957 παρέχοντες,
1077 2889 1325 2951 ποικίλας
1369 2889 1463 2942 καὶ
1499 2887 1786 2960 διαφόρους
1818 2888 1876 2942 ὲν

295 2979 402 3040 τοῖς
446 2977 670 3049 σώμασι
714 2977 970 3051 φέροντες
1021 2979 1129 3032 τῶν
1172 2980 1418 3049 βασάνων
1463 2980 1870 3045 τὰς’ὲπινοίας.

297 3067 503 3170 Τούτων
535 3069 715 3133 οὕτως
763 3070 1020 3140 ἐχόντων,
1062 3073 1112 3124 oi
1164 3071 1262 3141 μὲν
1307 3071 1707 3143 ἐναπέθνησκον
1752 3074 1872 3137 ταῖς
1896 3111 1940 3170 C

299 3153 578 3224 βασάνοις,
627 3161 692 3230 τῇ
729 3160 993 3233 καρτερίᾳ
1035 3159 1491 3232 καταισχύναντες
1520 3161 1610 3215 τὸν
1642 3161 1872 3218 ἀντίπα-

297 3246 416 3300 λον·
456 3252 505 3302 oi
538 3251 598 3304 δὲ
647 3250 938 3322 ἡμιθνῆτες
970 3253 1026 3305 ὲν
1067 3251 1144 3322 τῷ
1185 3251 1542 3325 δεσμωτηρίῳ
1589 3253 1873 3321 συγκλειό-

302 3355 461 3408 μενοι,
499 3343 620 3412 μετ’
643 3343 702 3395 οὺ
733 3342 931 3406 πολλὰς
959 3342 1175 3414 ἡμέρας
1208 3345 1328 3407 ταῖς
1362 3344 1616 3414 ἀλγηδόσι
1656 3347 1874 3417 συνεχό-

303 3446 443 3498 μενοι
472 3432 808 3487 ὲτελειοῦντο
836 3473 848 3494 ,
879 3435 928 3486 οἱ
972 3434 1028 3486 δὲ
1070 3435 1247 3488 λοιποὶ
1273 3435 1374 3505 τῆς
1409 3436 1703 3507 θεραπείας
1742 3438 1873 3491 ἀνα-

300 3521 533 3591 κτήσεως
571 3525 866 3595 τυχόντες,
911 3525 989 3598 τῷ
1031 3527 1206 3597 χρόνῳ
1245 3528 1339 3581 καὶ
1371 3530 1437 3600 τῇ
1482 3529 1582 3600 τῆς
1623 3530 1870 3600 φυλακῆς

299 3609 530 3685 διατριϐῇ
561 3615 999 3688 θαρσαλεώτεροι
1032 3617 1325 3685 ἐγίγνοντο.
1363 3618 1517 3672 Οὕτω
1551 3619 1681 3688 γοῦν
1709 3621 1870 3692 ἡνίκα

301 3707 713 3774 προσετέτακτο,
753 3707 1016 3774 αἱρέσεως
1041 3709 1298 3779 κειμένης
1327 3711 1361 3781 ἢ
1396 3711 1743 3782 ἐφαψάμενον
1773 3715 1872 3784 τῆς

303 3795 516 3864 ἐναγοῦς
573 3799 768 3863 Θυσίας
815 3800 1166 3871 ἀνενόχλητον
1217 3799 1356 3856 εἶναι
1383 3844 1397 3869 ,
1451 3807 1550 3876 τῆς
1597 3806 1867 3876 ὲπαράτου

303 3882 606 3958 ἐλευθερίας
638 3889 747 3960 (58)
792 3893 920 3962 παρ’
954 3891 1130 3945 αὐτῶν
1169 3893 1433 3963 τυχόντα,
1474 3894 1509 3966 ἢ
1547 3894 1622 3965 μὴ
1656 3895 1868 3962 θύοντα,

369 4038 476 4124 (σε)
519 4044 924 4124 Ἀμυνξτηρίοις
963 4043 1269 4124 ἐκόλαζον.
1307 4046 1644 4124 Ιξζίοθβιιοτυς
1680 4062 1869 4105 emen-

308 4109 390 4188 dat
430 4109 788 4188 ἀμυντηρίοις
835 4115 932 4178 τὰς
990 4116 1259 4180 κολάσεις.
1320 4109 1485 4172 Recte
1529 4130 1588 4173 ut
1618 4129 1866 4188 apparet.

318 4178 663 4255 ’Apovlrjpcai'
688 4195 868 4239 autem
912 4196 1040 4239 sunt
1091 4178 1320 4255 ungulae,
1367 4198 1428 4240 ιιι
1464 4199 1610 4244 recte
1639 4178 1868 4244 Ruﬁnus

307 4252 478 4307 vertit.
508 4252 1323 4330 Videntur_t_amen_dtpuvrﬁpta
1347 4259 1544 4328 aliquid
1586 4261 1868 4330 Phlsf‘sse

310 4332 456 4401 quam
513 4323 743 4401 ungulae.
781 4323 915 4377 Nam
965 4323 1266 4401 Hesychius
1304 4323 1656 4401 ἀμυντήριον,
1714 4329 1867 4398 ξίφος

310 4385 973 4468 δίστομον]ιὶιθνρτθῑοιιιτ,
1007 4397 1056 4448 id
1074 4385 1184 4468 'est,
1205 4385 1438 4466 gladium
1460 4385 1711 4468 ut'rinque
1726 4385 1866 4453 'aéul

311 4465 438 4538 tum;
464 4464 598 4538 et‘in
621 4465 731 4538 hoc
755 4464 1326 4538 crudelitas‘judicum
1357 4479 1590 4526 notatur.
1619 4464 1707 4538 qui
1752 4487 1856 4524 non

312 4533 530 4585 contenti
556 4533 890 4605 simplicibus
919 4536 1155 4605 ungulis,
1183 4539 1462 4594 novaculis
1483 4540 1547 4593 ad
1587 4533 1861 4595 eiaranda

312 4609 593 4668 martyrum
637 4604 806 4657 latera
845 4604 1157 4659 utebantur.

373 4668 477 4738 (55)
511 4672 758 4749 Τοὺςξῇ
790 4673 1605 4749 ἐξουσίᾳ-ίὺπηρετουμένους.
1634 4679 1865 4748 Appari-

314 4740 444 4819 iores
487 4757 577 4819 seu
623 4740 880 4819 oliiciales
918 4740 1204 4819 intelligit:
1242 4751 1328 4816 qui
1363 4740 1632 4817 'przel'ecto
1675 4740 1861 4819 Augu-

311 4805 423 4889 staii
453 4811 906 4889 obsequebantur.
945 4815 1020 4869 De
1044 4805 1156 4889 hoc
1183 4805 1333 4872 enim
1378 4805 1609 4889 loquitur
1646 4805 1862 4876 Phileas

312 4877 360 4958 in
394 4877 490 4958 hac
519 4877 764 4958 epistola,
797 4895 852 4958 et
882 4886 1124 4958 iii/epotis:
1149 4902 1270 4941 eum
1298 4877 1472 4943 vocat'.
1504 4890 1672 4943 Porro
1712 4889 1861 4954 ἐξου-

312 4942 392 5028 ςία
419 4942 600 5028 ferede
620 4942 915 5028 maioribus
931 4942 1212 5023 'ju'dicibus
1229 4942 1446 5021 dicitur,
1469 4942 1557 5028 qui
1586 4942 1860 5015 habebant

307 5018 386 5097 ἱειξρ
412 5018 769 5097 gladii;qu
815 5018 1006 5080 Latine
1029 5037 1272 5096 potestas
1306 5018 1629 5097 appellatur,
1681 5041 1740 5084 ut
1783 5031 1860 5085 ait

318 5080 735 5169 plPi'anus.'_Quae
761 5111 863 5150 vox
895 5112 958 5151 eo
1007 5080 1173 5152 sensu
1195 5080 1404 5168 stripiiisr
1423 5080 1856 5169 'aééuiiit'spﬁ'd

582 5148 1856 5240 causam..5:maximam;sagas;

313 5218 391 5310 ιε,
414 5241 497 5310 ,ευ
543 5218 777 5310 qua-gs
796 5218 1042 5310 amp...
1060 5218 1206 5310 ea;
1224 5218 1563 5306 manus?
1585 5218 1860 5310 suasa-

315 5295 515 5414 misum
558 5295 756 5362 'scribit
807 5295 1140 5377 Epiphanius
1196 5310 1250 5363 in
1295 5312 1491 5365 hatresi
1528 5295 1854 5367 'Mélitiano-

506 5442 629 5520 Τξοῒς
677 5445 922 5520 δεσμοῖς
966 5448 1297 5516 προσιέναι.
1335 5449 1493 5520 (Nova
1527 5460 1583 5506 et
1613 5451 1854 5506 insolens

317 5505 674 5585 mihimvidet—ur
709 5505 820 5570 haec
854 5505 1080 5574 locutio.

350 5575 480 5648 ,(⁵5)
497 5581 650 5638 Οὕτω
703 5586 958 5640 ἐδόκουν
1000 5589 1384 5645 διανοεῖσθαι.
1417 5591 1509 5646 Sic
1556 5595 1722 5647 nostri
1757 5608 1852 5649 co—

317 5636 629 5730 (Ιίίξζδξᾷλίὲἥχ.
664 5656 814 5730 Med._
835 5671 886 5711 et
918 5657 1053 5730 Euk.
1085 5659 1235 5729 Vulg.
1271 5661 1412 5715 οὕτω
1447 5636 1538 5715 καὶ
1567 5636 1705 5720 Stati.

381 5718 481 5784 (ὅσ)
514 5722 736 5795 Ταύτην
785 5727 1071 5798 δευτέραι-
1115 5718 1410 5796 ,βᾶὶτανοικ
1471 5718 1848 5803 liaptationem

1266 291 1616 352 HISTORIAE
1656 293 2215 352 ECCLESIASTICAE
2256 295 2383 352 LIB.
2425 294 2562 351 VIII.

185 448 196 484 _.
293 407 574 480 φονεῦσιν
609 407 698 463 ἐπὶ
724 407 833 464 τῶν
863 409 992 463 πλευ
1003 410 1107 482 ρῶν
1145 411 1302 481 μόνον
1322 453 1336 476 ,
1376 414 1510 468 ἀλλὰ
1539 416 1631 468 καὶ
1660 419 1758 487 τῆς
1788 433 1873 485 γα-

1986 426 2105 492 post
2131 427 2336 489 tergum
2368 417 2624 473 revinctis
2645 456 2659 482 ,
2685 419 2751 471 ad
2780 415 3014 486 stipitem
3045 413 3506 484 suspendebantur
3533 428 3548 463 :

3453 289 3558 345 768

1993 527 2056 566 ac
2082 511 2277 565 deinde
2305 511 2557 565 universa
2589 508 2836 579 corporis
2866 507 3111 562 membra
3145 505 3412 561 machinis
3435 507 3556 575 qui-

1991 603 2214 658 busdam
2241 601 2708 657 diSteudebantur.
2739 601 2986 654 Posthaec
3015 608 3248 653 tortores
3288 598 3444 668 jussu
3467 597 3554 666 iu-

1991 698 2124 752 dicis
2157 697 2410 751 universo
2438 696 2649 764 corpori
2681 712 2694 760 ;
2739 708 2911 762 neque
2955 703 3012 746 ut
3058 692 3339 747 homicidis
3369 691 3550 756 solet,

1991 787 2247 842 lateribus
2278 788 2541 842 duntaxat
2574 804 2587 840 :
2619 785 2712 839 sed
2738 785 2899 839 etiam
2941 783 3153 848 ventri,
3183 782 3454 846 cruribus,
3488 796 3553 837 ac

1990 880 2140 950 genis
2166 880 2439 933 cruciatus
2475 878 2668 932 ferreis
2694 877 2908 945 ungulis
2933 876 3282 929 adhibebant.
3319 874 3549 940 Quidam

1991 971 2161 1024 altera
2188 986 2348 1025 manu
2374 968 2441 1024 ad
2475 969 2746 1039 porticum
2783 968 3033 1038 suspendi
3065 967 3401 1036 pendebant;
3432 967 3552 1035 qui-

1989 1063 2088 1117 bus
2119 1063 2468 1118 articulorum
2499 1063 2973 1127 membrorumque
3008 1059 3250 1112 omnium
3285 1058 3548 1113 distensio

1987 1155 2178 1221 quavis
2205 1155 2450 1209 cruciatu
2492 1159 2610 1207 erat
2654 1151 2925 1206 acerbior.
2961 1150 3064 1202 Alii
3097 1150 3336 1204 vultibus
3385 1151 3439 1202 in
3487 1162 3549 1204 se

1988 1254 2176 1297 mutuo
2200 1242 2478 1299 conversis
2504 1241 2570 1296 ad
2596 1241 2877 1296 columnas
2917 1239 3297 1308 alligabantur,
3325 1239 3548 1307 pedibus

1988 1332 2158 1386 solum
2202 1346 2306 1386 non
2341 1329 2813 1400 contingentibus;
2859 1327 2993 1383 adeo
3025 1337 3081 1382 ut
3111 1329 3324 1383 vincula
3367 1328 3548 1398 gravi-

1987 1433 2097 1479 tate
2124 1439 2407 1493 corporum
2437 1423 2654 1486 adacta,
2687 1424 2867 1478 acrius
2896 1420 3335 1476 intenderentur.
3366 1420 3546 1488 Atque

1985 1517 2039 1571 id
2083 1517 2389 1570 tolerabant
2428 1531 2532 1569 non
2579 1517 2752 1572 solum
2788 1515 3024 1586 quandiu
3054 1528 3254 1583 praeses
3287 1527 3381 1568 eos
3411 1513 3547 1571 allo,-

1986 1606 2269 1674 quebatur,
2319 1615 2412 1659 aut
2461 1606 2747 1662 audiendis
2800 1606 2931 1676 ipsis
2969 1606 3236 1671 vacabat;
3289 1605 3382 1658 sed
3432 1612 3545 1659 toto

1985 1697 2369 1766 propemodum
2421 1699 2531 1752 die.
2595 1697 2728 1752 Nam
2790 1698 2879 1752 ubi
2938 1700 3004 1752 ad
3059 1698 3194 1753 alios
3247 1697 3544 1752 audiendos

1989 1790 2313 1852 transierat,
2362 1791 2646 1845 ministros
2687 1787 2844 1844 oliicii
2895 1789 2979 1843 sui
3026 1789 3404 1858 relinquebat,
3449 1789 3542 1858 qui

1982 1881 2255 1950 prioribus
2289 1880 2670 1947 imminerent;
2721 1881 2765 1935 si
2816 1880 2957 1935 ferte
2994 1881 3114 1949 quis
3152 1889 3540 1935 tormentorum

1981 1972 2275 2026 acerbitate
2322 1971 2500 2026 victus
2541 1987 2569 2025 a
2601 1972 2880 2042 preposito
2915 1972 3217 2029 desciscere
3245 1972 3541 2027 videretur.

1980 2060 2308 2131 Jubebatque
2357 2076 2450 2116 eos
2496 2063 2707 2131 absque
2748 2063 2856 2116 ulla
2903 2062 3255 2117 miseratione
3306 2061 3544 2117 vinculis

1980 2152 2216 2221 stringi,
2261 2164 2316 2205 et
2367 2161 2548 2220 postea
2599 2167 2718 2206 cum
2762 2152 2872 2221 iam
2917 2154 3150 2205 animam
3186 2151 3540 2219 exhalarent,

1980 2243 2126 2298 humi
2157 2243 2394 2308 abjectos
2445 2244 2606 2298 trahi.
2639 2243 2822 2312 Neque
2873 2243 3016 2296 enim
3059 2243 3238 2297 aiebat
3263 2242 3347 2297 vel
3381 2243 3542 2296 mini-

1979 2351 2120 2388 mam
2171 2336 2340 2388 nostri
2393 2351 2581 2388 curam
2634 2334 2940 2390 habendam
2974 2349 3094 2390 esse
3132 2353 3146 2390 :
3189 2335 3284 2389 sed
3317 2343 3542 2390 cunctos

1977 2427 2056 2480 sic
2089 2425 2154 2495 de
2181 2426 2338 2481 nobis
2385 2427 2590 2481 sentire
2615 2467 2629 2490 ,
2662 2427 2741 2480 sic
2785 2441 2915 2495 erga
2961 2441 3060 2481 nos
3108 2441 3271 2495 agere
3300 2425 3498 2480 debere
3523 2466 3540 2490 ,

1976 2517 2133 2580 quasi
2167 2531 2273 2571 non
2308 2517 2540 2585 amplius
2575 2517 2824 2573 homines
2849 2531 3113 2573 essemus.
3148 2516 3302 2571 Hunc
3331 2515 3542 2573 scilicet

1975 2609 2271 2663 secundum
2323 2611 2626 2664 cruciatum
2683 2619 2806 2680 post
2847 2609 3070 2664 verbera
3121 2608 3324 2663 inimici
3370 2609 3540 2663 nostri

1974 2702 2435 2770 excogitaverant.
2487 2700 2714 2768 Quidam
2766 2702 2929 2756 etiam
2985 2709 3107 2771 post
3161 2710 3425 2756 tormenta
3484 2701 3538 2754 in

1976 2807 2144 2847 nervo
2189 2793 2511 2862 iacuerunt;
2545 2793 2771 2860 pedibus
2801 2796 2868 2846 ad
2897 2801 3132 2862 quatuor
3175 2807 3346 2860 usque
3394 2792 3541 2847 fora-

1976 2889 2118 2942 mina
2163 2886 2504 2950 divaricatis;
2559 2887 2634 2940 ita
2685 2895 2743 2940 ut
2800 2885 2977 2953 supini
3025 2899 3144 2939 esse
3194 2893 3536 2954 cogerentur,

1974 2994 2095 3034 cum
2153 2977 2223 3032 ob
2275 2989 2527 3033 recentes
2579 2978 2856 3047 plagarum
2914 2977 3204 3030 cicatrices
3252 2991 3384 3044 quas
3424 2985 3537 3031 toto

1975 3082 2200 3139 corpore
2233 3069 2531 3139 gerebant,
2568 3079 2716 3123 stare
2757 3067 2982 3122 omnino
3011 3081 3118 3121 non
3148 3075 3398 3136 possent.
3432 3065 3539 3122 Alii

1979 3161 2128 3216 humi
2185 3160 2412 3230 proiecti
2454 3161 2710 3231 iacebant
2761 3174 2871 3227 prae
2918 3159 3085 3212 nimia
3141 3167 3539 3214 tormentorum

1979 3250 2314 3313 acerbitate;
2347 3259 2403 3306 et
2433 3250 2602 3305 multo
2632 3251 2853 3320 gravius
2875 3263 3034 3318 quam
3065 3249 3190 3303 dum
3225 3251 3538 3304 cruciaren-

1977 3351 2066 3396 tur
2113 3342 2478 3412 spectaculum
2526 3340 2865 3397 iutueutibus
2909 3340 3260 3409 praebebant,
3294 3339 3444 3394 varia
3477 3353 3541 3395 ac

1977 3433 2295 3502 multiplicia
2331 3445 2719 3489 tormentorum
2757 3431 3060 3500 excogitata
3099 3446 3296 3501 genera
3343 3445 3542 3500 corpo-

1977 3527 2128 3582 ribus
2171 3529 2285 3582 suis
2314 3526 2787 3581 circumferentes.
2825 3526 2954 3591 Quae
3004 3541 3125 3580 cum
3174 3526 3244 3578 ita
3279 3538 3540 3595 gereren-

1978 3629 2086 3684 tur,
2118 3619 2206 3673 alii
2254 3621 2304 3672 in
2337 3619 2468 3683 ipsis
2496 3617 2780 3672 tormentis
2804 3616 3156 3685 exspirabant
3180 3658 3196 3681 ,
3229 3617 3538 3671 constantia

1975 3724 2072 3764 sua
2105 3710 2359 3778 pudorem
2392 3710 2720 3762 incutientes
2757 3708 3096 3760 adversario.
3128 3705 3291 3777 304
3317 3707 3422 3760 Alii
3450 3722 3539 3761 se-

1975 3805 2214 3857 mineces
2244 3803 2296 3856 in
2335 3815 2611 3880 carcerem
2645 3801 2776 3854 trusi
2804 3839 2818 3863 ,
2852 3800 3038 3867 paucis
3069 3809 3191 3867 post
3230 3800 3418 3853 diebus
3445 3800 3539 3854 do-

1975 3895 2181 3950 loribus
2207 3893 2445 3964 oppressi
2475 3892 2642 3946 vitam
2674 3892 2948 3944 ﬁnierunt.
2989 3890 3197 3959 Reliqui
3231 3890 3538 3946 curantium

1968 4049 2242 4118 intelligit.
2287 4048 2502 4100 Primus
2539 4048 2682 4103 enim
2710 4047 2980 4101 cruciatus
3013 4054 3128 4100 erat
3153 4048 3438 4101 verberum
3468 4062 3536 4102 ac

1965 4121 2242 4188 plagarum
2279 4128 2331 4172 et
2361 4119 2702 4186 ungularum.
2740 4118 3023 4171 Secundus
3052 4127 3108 4169 ut
3135 4118 3279 4171 Itutni
3305 4119 3534 4187 depositi

1970 4193 2321 4244 traherentur
2350 4199 2403 4241 et
2433 4198 2776 4255 raptarentur
2809 4190 2858 4239 iu
2881 4202 3181 4241 Carcerem.

2036 4259 2148 4329 (57)
2185 4259 2307 4312 Ἐπὶ
2352 4258 2456 4310 τοῦ
2479 4257 2688 4329 γξύλου
2730 4258 3010 4329 κείμενοι.
3041 4257 3281 4311 Pessime
3320 4255 3535 4329 Langus

1965 4327 2226 4382 catastam
2265 4329 2445 4383 vertit.
2477 4328 2573 4382 llic
2603 4328 2745 4382 enim
2781 4328 2840 4380 τὸ
2860 4327 3011 4392 ξύλον
3029 4329 3186 4381 aliter
3217 4328 3449 4380 sumitur
3472 4344 3535 4382 ac

1966 4415 2147 4464 supra.
2173 4399 2305 4452 Nam
2338 4414 2498 4467 supra
2523 4398 2737 4467 quidem
2757 4400 2973 4466 ponitur
2996 4413 3091 4467 pro
3107 4397 3356 4466 equuleo,
3379 4408 3436 4451 ut
3467 4415 3534 4454 ex

1892 4454 1939 4512 θ
1966 4454 2160 4524 ltulino
2208 4454 2671 4524 ιιιοιιιιὶῖηιιε.”Ηίο
2700 4454 2825 4523 γε’νο
2857 4483 2954 4536 pro
2994 4454 3428 4537 itcrvo'pouitur,
3481 4470 3532 4523 id

1963 4549 2067 4602 est,
2091 4540 2441 4607 compedibus
2469 4540 2679 4607 ligneis.
2715 4538 2785 4592 De
2812 4538 3340 4608 quasigniﬁcatione
3369 4540 3533 4592 inulta

1959 4610 2070 4679 iam
2106 4610 2214 4663 dixi
2248 4613 2300 4662 in
2324 4607 2886 4678 superioribuslibri’s.
2918 4607 3093 4660 Latini
3128 4609 3530 4679 etiamliguum

1961 4678 2026 4733 eo
2062 4694 2226 4733 sensu
2260 4680 2530 4734 dixerunt.
2560 4680 2631 4733 De
2661 4681 2743 4732 his
2765 4680 3118 4746 compedibus
3150 4678 3531 4747 intelligendus

1962 4759 2046 4804 est
2090 4750 2241 4804 locus
2292 4751 2344 4803 in
2407 4752 2563 4811 Actis
2611 4759 2909 4817 martyrum
2963 4747 3214 4812 Tarachi,
3259 4747 3420 4800 Probi
3478 4759 3535 4802 et

1958 4820 2297 4873 Andronici:
2337 4838 2354 4871 ι
2394 4820 2526 4873 Cum
2558 4820 2873 4873 verberatus
2905 4828 3070 4883 esset,
3105 4833 3305 4885 przeses
3339 4819 3479 4871 dixit
3513 4833 3530 4872 :

1967 4890 2159 4944 Mittite
2192 4889 2269 4943 illi
2297 4891 2499 4943 ferrum
2520 4905 2616 4959 per
2636 4899 2872 4957 quatuor
2899 4888 3012 4942 loca
3045 4902 3358 4959 nervorum,
3379 4897 3434 4940 et.
3455 4889 3533 4941 di-

1959 4961 2238 5015 mittentes
2271 4961 2503 5028 aliquam
2521 4958 2717 5013 curam
2743 4961 2791 5014 ei
2825 4973 3114 5027 apponere.
3141 4976 3160 5009 ι
3200 4958 3266 5012 Et
3294 4959 3344 5011 in
3379 4960 3531 5012 Actis

1958 5028 2182 5084 Luciani
2205 5032 2474 5099 martyris.
2498 5029 2760 5099 Synesius
2776 5031 2826 5082 in
2843 5028 3087 5082 oratioae
3109 5031 3180 5082 De
3197 5043 3393 5098 regno:
3414 5029 3530 5082 ἀλλ’

1955 5100 2018 5153 οὔ
2047 5117 2110 5184 χε
2146 5100 2670 5184 μᾶλλοννκινησεται
2695 5099 2827 5184 ’τῶν
2883 5101 2946 5179 ἐν.
2981 5101 3046 5169 τῇ
3087 5099 3530 5184 ⁸τιωδοκιὶωξῃ,..τῷ

1957 5169 2275 5240 φαυλοτάτῳ
2312 5170 2420 5223 τῶν
2458 5169 2648 5236 ξύλων.
2695 5169 2862 5223 Porro
2906 5170 3044 5223 sicut
3087 5170 3137 5221 in
3177 5171 3277 5225 hac
3325 5169 3528 5224 Philete

1956 5241 2179 5310 epistola
2206 5241 2360 5306 ξύλον
2392 5243 2550 5295 modo
2573 5257 2674 5362 pro
2697 5241 2924 5309 equuleo
2946 5240 3197 5306 sumitur,
3231 5241 3391 5294 modo
3430 5255 3530 5308 pro

1956 5327 2162 5362 nervo:
2196 5313 2266 5362 ita
2303 5315 2354 5362 in
2383 5313 2533 5362 Actis
2563 5311 2830 5362 "hcodori
2875 5311 3128 5362 mart'vris
3166 5325 3286 5362 uuae
3319 5311 3528 5362 baben-

1955 5327 2162 5365 nervo:
2196 5313 2266 5363 ita
2303 5315 2354 5364 in
2383 5313 2533 5365 Actis
2563 5311 2830 5364 Theodori
2875 5311 3128 5379 martyris
3166 5325 3286 5377 quae
3319 5311 3528 5363 baben-

1957 5392 2044 5436 tur
2073 5381 2214 5451 apud
2245 5383 2462 5436 Suriutn
2494 5382 2582 5438 die
2611 5397 2668 5435 ix
2688 5380 3028 5446 Novembris,
3078 5382 3280 5452 lignum
3323 5380 3528 5450 duplici

1952 5453 2116 5507 modo
2144 5452 2428 5518 accipitur.

2024 5521 2132 5593 (58)
2167 5521 2281 5590 Τῆς
2309 5520 2606 5590 ἐπηράτου
2633 5521 2993 5590 ἐλευθερίας.
3020 5519 3347 5593 Libertatem
3369 5536 3529 5576 voca-

1949 5589 2264 5656 bant,'cum
2298 5589 2429 5662 quis,
2450 5593 2678 5647 vinculis
2733 5589 3058 5654 solveretur,
3109 5599 3164 5642 et
3212 5589 3380 5644 libere
3417 5609 3527 5660 quo

1951 5664 2113 5716 vellet
2148 5664 2302 5718 abire
2348 5666 2638 5718 sineretur.
2679 5664 2809 5729 Qua:
2844 5676 2944 5712 vox
2991 5677 3094 5714 non
3125 5675 3247 5714 raro
3285 5665 3525 5718 occurrit

1951 5735 2088 5805 apud
2125 5734 2430 5802 Eusebium,
2460 5751 2521 5794 eo
2554 5748 2712 5789 sensu
2752 5747 2906 5802 quem
2945 5733 3071 5786 dixi.
3096 5731 3184 5786 Sic
3213 5733 3411 5786 At'ator
3468 5735 3522 5785 in
