3928 6252
265 316 360 371 7G9

1239 309 1589 369 HISTORIAE
1629 307 2184 367 ECCLESIASTICA‘J
2223 310 2352 366 LIB.
2395 310 2532 368 VIII.

3395 315 3518 373 770'

261 434 398 504 ἀνὴρ
443 433 544 502 τῆς
579 427 731 501 παρὰ
780 425 1054 499 βασιλεῦσι
1094 430 1280 499 τιμῆς,
1326 427 1402 492 ὡς
1443 425 1537 479 καὶ
1582 423 1681 486 τὰς
1713 423 1814 478 καθ

1947 440 2064 478 rum
2111 424 2314 494 palatio
2353 432 2678 496 provectus,
2711 425 2909 496 quippe
2937 425 3029 496 qui
3063 428 3501 497 procurationem

260 528 377 582 ὁ).ου
443 525 742 595 διοικήσεις
760 520 875 591 (44)
898 522 995 592 τῆς
1019 521 1148 591 παρ’
1174 520 1355 582 αὐτοῖς
1381 515 1719 587 καλουμένης
1742 531 1841 587 μα-

260 615 615 691 τιστρὸτητός
672 613 781 684 (45)
821 630 881 668 τε
936 612 1031 666 καὶ
1072 609 1489 680 καθολικότητος
1533 608 1838 678 ἀμέμπτως

259 707 481 766 διελθεῖν
501 746 518 771 ,
561 706 657 759 ἐπὶ
687 707 820 758 πᾶσι
851 703 1062 767 τούτοις
1092 701 1397 774 διαπρέψας
1424 703 1535 764 τοῖς
1562 702 1620 753 ὲν
1652 699 1835 752 θεοσε-

262 804 378 874 ϐείᾳ
410 797 802 872 κατορθώμασι
836 798 930 851 καὶ
957 798 1078 860 ταῖς
1103 797 1184 859 είς
1205 795 1296 848 τὸν
1320 793 1550 867 Χριστὸν
1574 789 1669 845 τοῦ
1699 789 1832 844 Θεοῦ

260 891 590 965 ὁμολογίαις,
649 890 725 961 τῷ
769 887 864 942 τοῦ
930 886 1223 960 μαρτυρίου
1287 885 1573 957 διαδήματι
1616 899 1836 937 κατεκο-

263 983 472 1056 σμήθη,
506 981 596 1036 ἐπ’
630 982 800 1054 αὐτῆς
832 981 931 1051 τῆς
977 980 1073 1033 τοῦ
1121 976 1407 1032 καθολικοῦ
1451 976 1706 1049 πράξεως
1742 975 1834 1031 τὸν

262 1077 392 1148 ὑπὲρ
421 1074 709 1138 εὐσεϐείας
747 1074 1047 1144 ὑπομείνας
1075 1072 1281 1140 ἀγῶνα.

776 1165 1172 1220 ΚΕΦΑΛΑΙΟΝ
1209 1165 1310 1218 IB'.

262 1261 390 1328 Περὶ
440 1262 750 1314 πλείστων
786 1259 1001 1328 ἐτέρων·
1041 1258 1276 1327 ἀνδρῶν
1303 1275 1368 1311 τε
1391 1253 1502 1311 ¹καί
1531 1255 1831 1327 γυναικῶν

326 1331 621 1401 διαφόρως
661 1330 1086 1401 ἠγωνισμένων
1123 1329 1261 1400 (Nic.
1299 1328 1372 1384 Η.
1417 1328 1484 1381 Ε.
1515 1343 1610 1394 vn,
1647 1329 1757 1398 Η).

327 1423 388 1476 Τί
434 1440 500 1494 με
529 1421 639 1494 χρὴ
681 1421 774 1476 νῦν
816 1422 902 1475 ἐπ’
927 1405 1187 1493 ὀνόματος
1226 1420 1333 1474 τῶν
1383 1419 1582 1474 λοιπῶν
1625 1436 1832 1492 μνημο-

263 1513 446 1577 νεύειν,
472 1514 506 1586 ἣ
541 1513 604 1566 τὸ
635 1513 838 1583 πλῆθος
865 1511 974 1566 τῶν
1002 1512 1208 1585 ἀνδρῶν
1235 1512 1508 1583 ἀριθμεῖν,
1542 1511 1574 1582 ἢ
1609 1509 1706 1574 τὰς
1731 1527 1831 1562 πο-

265 1605 550 1678 λυτρόπους
617 1605 802 1668 αἰκίας
862 1603 1277 1676 ἀναζωγραφεῖν
1346 1604 1454 1658 τῶν
1514 1602 1827 1673 θαυμασίων

265 1697 482 1770 Χριστοῦ
520 1697 838 1769 μαρτύρων,
869 1697 989 1749 τοτὲ
1023 1697 1118 1767 μὲν
1150 1696 1369 1760 πέλυξιν
1400 1694 1823 1766 ἀναιρουμένων,

1937 531 2161 572 summa:
2190 518 2292 580 rei,
2323 527 2376 572 et
2400 516 2665 584 magistri,
2697 527 2755 572 ut
2781 528 2996 584 vocant,
3018 534 3081 574 ac
3119 520 3396 576 rationalis
3419 520 3507 576 of-

1937 607 2120 662 ﬁcium
2174 609 2525 679 integerrime
2577 609 2835 677 gessisset
2885 627 2900 664 :
2949 620 3146 679 prreter
3197 611 3310 666 hate
3364 628 3500 668 om-

1935 700 2026 756 nia
2067 699 2252 754 multis
2295 699 2455 770 305
2506 701 2785 769 prazclaris
2825 702 3039 757 actibus
3079 703 3223 758 inter
3268 703 3452 760 fideles
3481 744 3499 770 ,

1934 801 1991 847 et
2045 793 2280 847 nominis
2350 791 2554 846 Christi
2610 792 3048 849 confessionibus
3112 794 3431 850 nobilitatus
3478 813 3495 852 :

1933 887 2059 941 dum
2103 885 2278 940 adhuc
2319 885 2602 940 rationalis
2651 885 2884 941 olIicium
2943 887 3366 955 administraret,
3397 903 3497 957 pro

1932 994 2062 1035 vera
2105 979 2306 1050 pietate
2339 977 2625 1035 decertans
2670 979 2918 1050 martyrii
2961 995 3164 1046 corona
3199 992 3498 1038 exornatus

1931 1081 2035 1128 est.

2517 1163 2744 1222 CAPUT
2783 1163 2896 1218 XII.

1934 1257 2012 1312 De
2031 1258 2271 1328 pluribus
2309 1258 2436 1313 uiris
2461 1267 2508 1310 et
2542 1259 2873 1322 mulieribus,
2894 1257 2983 1325 qui
3010 1255 3213 1310 diverso
3251 1254 3499 1326 martyrii

2042 1343 2049 1353 '
2419 1345 2604 1398 genere
2627 1329 3000 1384 occubuerunt.

1998 1420 2138 1488 Quid
2182 1435 2324 1476 nunc
2352 1435 2488 1490 opus
2525 1430 2607 1475 est
2644 1421 2879 1490 reliquos
2911 1419 3230 1474 nominatim
3260 1434 3500 1475 comme-

1927 1526 2163 1577 morare,
2189 1521 2282 1566 aut
2307 1512 2708 1567 multitudinem
2750 1514 3028 1567 hominum
3064 1528 3367 1578 recensere,
3405 1521 3500 1568 aut

1927 1606 2108 1661 varias
2143 1614 2540 1684 tormentorum
2569 1605 2781 1674 species
2822 1606 3090 1660 orationis
3120 1605 3370 1674 penicillo
3403 1609 3497 1660 tle-

1881 1743 1898 1760 .
1927 1699 2188 1770 pingere!
2232 1699 2443 1769 Quippe
2486 1685 2607 1753 cum
2646 1698 2944 1753 admirandi
2981 1710 3266 1770 martyres,
3298 1701 3494 1770 partim

264 1786 344 1846 οἷα
372 1789 557 1858 γέγονε
580 1791 698 1852 τοῖς
727 1790 826 1851 ἐπ’,
846 1788 1100 1860 Ἀραϐίας
1119 1828 1134 1852 ,
1164 1789 1284 1842 τοτὲ
1314 1789 1370 1841 δὲ
1402 1787 1468 1841 τὰ
1489 1787 1655 1857 σκέλη
1693 1803 1819 1840 κατ-

1927 1793 2215 1847 securibus
2243 1793 2366 1848 caesi
2407 1792 2535 1860 sint,
2569 1801 2629 1846 ut
2662 1791 2715 1845 in
2749 1792 2945 1846 Arabia
2995 1794 3262 1862 contigit:
3297 1794 3493 1864 partim

267 1881 591 1952 ἀγνυμένων,
651 1875 740 1934 οἷα
787 1883 898 1944 τοῖς
942 1882 999 1934 ἐν
1051 1880 1412 1952 Καππαδοκίᾳ
1489 1877 1823 1949 συμϐέϐηκε,

265 1973 351 2026 καὶ
381 1971 506 2025 ποτὲ
538 1971 642 2042 μὲν
679 1969 819 2024 κατά
855 1969 1099 2040 κεφαλῆς
1140 1971 1204 2023 ὲκ
1233 1971 1345 2022 τοῖν
1381 1967 1556 2021 ποδοῖν
1587 1968 1666 2030 είς
1694 1965 1826 2035 ὕψος

266 2063 677 2137 ἁναρτωμένων,
709 2061 802 2114 καὶ
837 2058 1110 2132 μαλθακοῦ
1145 2060 1314 2130 πυρὸς
1359 2057 1467 2130 (46)
1498 2057 1826 2129 ὑποκαιομέ-

267 2175 365 2220 νου,
411 2157 488 2227 τῷ
542 2153 1040 2227 παραπεμπομένῳ
1089 2151 1280 2223 καπνῷ
1334 2151 1430 2220 τῆς
1487 2150 1825 2223 φλεγομένης

267 2252 383 2324 ὕλης
406 2239 881 2324 ἀποπνιγομένων,
915 2247 1002 2306 οἷα
1027 2255 1140 2316 τοῖς
1165 2253 1222 2306 ὲν
1255 2253 1396 2324 μέσῃ
1423 2251 1531 2305 τῶν
1563 2250 1824 2322 ποταμῶν

268 2346 537 2416 ἐπηνέχθη,
568 2345 706 2398 ποτὲ
744 2344 801 2398 δὲ
843 2346 993 2414 ῥῖνας
1025 2343 1118 2396 καὶ
1146 2336 1261 2396 ὦτα
1292 2343 1386 2396 καὶ
1417 2345 1605 2414 χεῖρας
1645 2342 1824 2416 ἀκρω-

266 2435 679 2507 τηριαξομένων,
713 2435 783 2488 τά
809 2452 866 2488 τε
894 2434 1056 2488 λοιπά
1080 2434 1174 2488 τοῦ
1205 2432 1454 2505 σώματος
1486 2434 1620 2505 μέλη
1645 2411 1704 2487 τέ
1729 2433 1824 2488 καὶ

272 2529 394 2599 μέρη
424 2528 925 2601 κρεουργουμένων,
956 2522 1044 2582 οἷα
1071 2527 1140 2582 τά
1165 2529 1250 2580 ἐπ’
1290 2526 1690 2599 Ἀλεξανδρείας
1718 2523 1820 2599 ἦν;

267 2617 324 2672 Τί
343 2619 415 2671 δεῖ
434 2618 537 2671 τῶν
565 2621 658 2672 ἐπ’
697 2620 1022 2691 Ἀντιοχείας
1041 2617 1416 2691 ἀναζωπυρεῖν
1443 2617 1541 2688 τὴν
1579 2619 1820 2690 μνήμην,

270 2711 504 2782 ἐσχάραις
537 2712 718 2785 πυρὸς
758 2713 866 2785 (47)
899 2713 997 2766 οὐκ
1031 2714 1110 2777 είς
1151 2711 1398 2775 θάνατον,
1433 2709 1548 2764 ἀλλ’
1581 2711 1674 2764 ἐπὶ
1719 2728 1823 2781 μα-

267 2800 363 2870 κρᾷ
389 2799 624 2871 τιμωρίᾳ.
667 2802 1128 2874 κατοπτωμένων,
1162 2801 1364 2874 ἐτέρων
1409 2817 1469 2853 τε
1503 2800 1694 2854 θᾶττον
1725 2800 1824 2873 τὴν

269 2887 427 2956 δεξιὰν
454 2892 634 2946 αὐτῶν
667 2895 800 2965 πυρὶ
827 2894 1143 2958 καθιέντων,
1172 2893 1206 2964 ἢ
1246 2893 1345 2963 τῆς
1375 2891 1599 2961 ἐναγοῦς
1631 2891 1822 2957 θυσίας

271 2979 671 3052 ὲφαπτομένων;
714 2977 788 3038 ὧν
820 3001 964 3048 τινες
994 2984 1091 3056 τὴν
1123 2987 1315 3056 πεῖραν
1350 2983 1657 3054 φεύγοντες,
1693 2986 1824 3059 πρὶν

274 3072 452 3128 ἁλῶναι
487 3079 578 3129 καὶ
609 3078 691 3141 εἰς
730 3080 915 3149 χεῖρας
947 3076 1055 3130 τῶν
1100 3076 1398 3130 ἐπιϐούλων
1446 3076 1640 3143 ἐλθεῖν,
1677 3079 1822 3132 ἄνω-

274 3163 353 3217 θεν
394 3167 448 3233 ἐξ
490 3168 711 3238 ὑψηλῶν
756 3169 1018 3238 δωμάτων
1075 3167 1302 3231 ἑαυτοὺς
1349 3169 1817 3240 κατεκρήμνισαν,

274 3257 352 3312 τὸν
399 3259 615 3315 θάνατον
660 3260 932 3332 ἅρπαγμα
982 3260 1196 3330 θέμενοι
1239 3260 1339 3330 τῆς
1385 3259 1495 3314 τῶν
1548 3259 1820 3314 δυσσεϐῶν

277 3347 568 3421 μοχθηρίας.
602 3351 720 3408 Καί
763 3368 848 3413 τις
875 3351 995 3422 ἱερά
1021 3351 1115 3404 καὶ
1153 3349 1427 3421 θαυμασία
1467 3351 1565 3422 τὴν
1593 3351 1691 3422 τῆς
1720 3350 1820 3421 ψυ-

275 3436 362 3506 χῆς
385 3439 596 3511 ἀρετὴν,
629 3441 696 3494 τὸ
724 3441 780 3494 δὲ
815 3440 972 3512 σῶμα
998 3441 1155 3513 γυνὴ,
1192 3442 1287 3494 καὶ⁴
1324 3441 1392 3494 τά
1431 3441 1564 3495 ἄλλα
1592 3440 1701 3495 τῶν
1732 3442 1818 3495 ἐπ’

287 3526 586 3601 Ἀντιοχείας
613 3532 830 3604 πλούτῳ
859 3534 949 3586 καὶ
975 3533 1122 3601 γένει
1150 3532 1245 3586 καὶ
1272 3531 1482 3604 εὐδοξίᾳ
1513 3533 1659 3605 παρά
1684 3535 1818 3587 πᾶσι

277 3619 570 3696 βεϐοημένη,
610 3625 821 3678 παίδων
853 3624 1114 3696 ξυνωρίδα
1156 3624 1440 3696 παρθένων
1484 3627 1549 3696 τῇ
1580 3623 1674 3678 τοῦ
1713 3623 1818 3678 σώ-

277 3728 424 3781 ματος
457 3715 571 3788 ὥρᾳ
602 3717 702 3771 καὶ
743 3718 892 3789 ἀκμῇ
921 3717 1357 3788 διαπρεπουσῶν,
1401 3717 1620 3788 θεσμοῖς
1662 3719 1815 3772 εὐσε-

277 3801 406 3868 ϐείας
432 3807 868 3880 ἀναθρεψαμένη,
897 3810 1082 3881 ἐπειδὴ
1116 3810 1283 3874 πολὺς
1312 3813 1340 3864 ὁ
1370 3829 1434 3864 πε
1446 3812 1498 3883 pi.
1526 3811 1694 3876 αὐτὰς
1730 3831 1813 3866 κι-

275 3897 503 3968 νούμενος
559 3902 775 3971 φθόνος,
811 3902 986 3956 πάντα
1031 3903 1232 3978 τρόπον
1278 3904 1572 3973 ἀνιχνεύων
1617 3904 1816 3959 λανθα-

277 3993 445 4059 νούσας
503 3995 935 4070 περιειργάζετο,
993 3993 1111 4052 εἶτα
1164 3999 1251 4051 ἐπ’
1294 3997 1596 4071 ἀλλοδαπῆς
1648 4000 1817 4064 αὑτὰς

275 4085 536 4160 διατρίϐειν
573 4091 780 4162 μαθὼν,
829 4090 1299 4163 πεφροντισμένως
1341 4091 1433 4142 ἐπὶ
1471 4092 1566 4162 τὴν
1616 4093 1818 4146 Ἀντιό-

278 4194 406 4247 χειαν
455 4183 666 4248 ἐκάλει,
714 4182 944 4236 δικτύων
995 4181 1050 4234 δὲ
1094 4181 1193 4252 ἤδη
1244 4182 1643 4253 στρατιωτικῶν
1689 4185 1817 4236 εἴσω

278 4272 651 4344 περιϐέϐληντο,
681 4278 738 4328 ὲν
767 4275 1066 4346 ἀμηχάνοις
1095 4275 1262 4346 αὐτὴν
1294 4276 1386 4328 καὶ
1412 4276 1605 4338 παῖδας
1631 4275 1818 4329 θεασα-

283 4362 416 4434 μένη,
452 4370 540 4422 καὶ
575 4369 644 4422 τὰ
673 4368 933 4439 μέλλοντα
963 4368 1021 4435 ἐξ
1053 4369 1354 4440 ἀνθρώπων
1386 4369 1534 4423 δεινὰ
1564 4369 1640 4441 τῷ
1673 4371 1814 4442 λόγῳ

1924 1883 2196 1940 suﬂ’ractis
2220 1885 2476 1941 cruribus
2499 1885 2834 1949 interierint,
2867 1885 3320 1954 quemadmodum
3351 1887 3493 1940 acci-

1925 1976 2002 2030 dit
2037 1975 2089 2029 in
2119 1975 2496 2044 Cappadocia;
2528 1975 2770 2031 nonnulli
2822 1978 3001 2046 capite
3035 1977 3290 2032 deorsum
3334 1990 3494 2031 verso

1924 2067 2149 2139 pedibus
2195 2069 2463 2138 suspensi,
2503 2068 2610 2122 leni
2659 2083 2720 2124 ac
2747 2069 2975 2126 remisso
3019 2071 3142 2141 igne
3179 2069 3372 2125 subtus
3400 2084 3495 2124 ac-

1924 2176 2110 2227 censo,
2142 2160 2423 2232 ﬂagrantis
2453 2160 2694 2215 materiae
2724 2161 2872 2215 fumo
2898 2159 3146 2216 suﬂ’ocati
3184 2161 3313 2224 sint,
3345 2175 3403 2216 ut
3437 2161 3491 2216 in

1923 2252 2311 2322 Mesopotamia
2332 2252 2534 2306 factum
2562 2260 2644 2304 est
2669 2271 2684 2319 ;
2713 2252 2807 2307 alii
2841 2267 2996 2319 naso,
3018 2254 3261 2318 auribus,
3292 2269 3356 2309 ac
3379 2270 3492 2308 ma-

1923 2345 2081 2400 nibus
2113 2343 2370 2410 truncati,
2408 2344 2726 2413 caeterisque
2769 2345 3012 2414 corporis
3045 2347 3304 2401 membris
3334 2347 3493 2400 uniti-

1923 2438 2016 2492 lati
2044 2438 2155 2493 sint
2182 2445 2346 2506 atque
2369 2436 2596 2501 concisi,
2629 2445 2685 2490 ut
2727 2437 2952 2506 contigit
2978 2437 3338 2491 Alexandria.
3369 2435 3488 2492 Jam

1923 2543 2052 2584 vero
2080 2544 2143 2584 ea
2171 2544 2290 2598 qua-
2313 2529 2451 2598 apud
2482 2527 2824 2582 Antiochiam
2851 2538 3000 2598 gesta
3032 2539 3184 2594 sunt,
3203 2529 3328 2596 quid
3355 2541 3494 2598 opus

1923 2622 2087 2677 estin
2111 2621 2426 2676 memoriam
2458 2621 2754 2676 revocare?
2783 2622 2870 2676 ubi
2897 2621 2988 2675 alii
3013 2619 3287 2676 craticulis
3317 2621 3491 2689 impo-

1922 2712 2033 2777 siti,
2069 2727 2175 2766 non
2226 2712 2292 2766 ad
2335 2719 2563 2765 mortem
2598 2725 2790 2779 usque,
2835 2709 2930 2766 sed
2963 2711 3031 2765 ad
3081 2711 3490 2766 diuturnitatem

1921 2802 2173 2872 supplicii
2213 2801 2578 2856 terrebantur.
2633 2800 2740 2854 Alii
2788 2802 3010 2856 dextras
3057 2816 3187 2856 suas
3223 2802 3276 2856 in
3312 2802 3489 2871 ignem

1922 2893 2214 2948 immittere
2251 2892 2586 2958 maluerunt,
2626 2907 2788 2961 quam
2822 2893 2982 2963 impia
3031 2892 3322 2947 libamenta
3360 2908 3492 2946 con-

1923 2984 2152 3052 tingere.
2198 2980 2281 3037 Ex
2326 2981 2523 3052 quibus
2577 2981 2818 3038 nonnulli
2867 2981 3167 3052 periculum
3231 2982 3490 3052 vitantes,

1873 3127 1889 3148 ,
1921 3078 2238 3146 priusquam
2281 3085 2630 3144 caperentur,
2679 3086 2738 3138 et
2779 3075 2833 3129 in
2884 3073 3260 3128 insidiatorum
3297 3088 3490 3128 manus

1921 3168 2244 3235 inciderent,
2291 3181 2358 3222 ex
2411 3165 2737 3222 sublimibus
2784 3164 3037 3221 tabulatis
3082 3165 3387 3236 prmcipitcs
3431 3180 3490 3221 se

1920 3262 2207 3324 dederunt,
2230 3269 2451 3331 propter
2477 3259 2764 3330 impiorum
2794 3257 3050 3312 malitiam
3076 3266 3304 3312 mortem
3336 3258 3490 3312 lucro

1920 3353 2262 3423 deputantes.
2295 3350 2549 3419 Quaedam
2604 3351 2769 3405 etiam
2822 3348 3164 3403 sanctissima
3207 3347 3405 3402 femina
3434 3357 3492 3402 et

1919 3444 1990 3500 ob
2020 3443 2188 3498 animi
2221 3441 2599 3498 fortitudinem
2625 3440 3193 3510 admirabilis,0pibns
3220 3454 3282 3494 ac
3313 3439 3490 3508 splen-

1920 3536 2049 3591 dore
2091 3534 2330 3606 generis,
2371 3535 2620 3603 bonaque
2669 3533 2721 3588 in
2765 3532 2954 3602 primis
3009 3533 3151 3586 fama
3187 3531 3489 3586 Antiochiae

1919 3625 2270 3696 percelebris,
2301 3640 2423 3696 quae
2470 3628 2606 3680 duas
2649 3624 2788 3679 filias
2832 3624 3070 3693 virgines
3099 3623 3344 3694 corporis
3376 3623 3491 3678 for-

1921 3735 2005 3775 ma
2047 3728 2104 3775 et
2137 3719 2314 3774 aetatis
2341 3718 2475 3772 flore
2503 3726 2822 3786 praestantes
2854 3715 3180 3771 Christianae
3213 3717 3488 3786 religionis

1917 3811 2205 3882 praeceptis
2234 3810 2544 3865 instituerat
2576 3827 2590 3863 :
2626 3825 2752 3864 cum
2787 3809 3030 3878 plurimi,
3066 3809 3378 3864 stimulante
3405 3809 3488 3880 ἰιΐι

1917 3919 2008 3960 sos
2033 3903 2257 3968 invidia,
2290 3917 2476 3959 earum
2507 3901 2741 3957 latebras
2769 3901 3039 3956 curiosius
3063 3901 3484 3972 investigarent;

1919 3997 2116 4053 deinde
2162 4006 2442 4066 comperto
2486 4010 2580 4050 eas
2625 3993 2768 4063 apud
2819 4000 3037 4048 exteros
3087 3993 3308 4063 degere,
3338 3994 3486 4049 omni

1917 4087 2098 4143 studio
2156 4095 2318 4156 atque
2364 4100 2526 4155 opera
2585 4084 2929 4140 Antiochiam
2975 4099 3068 4140 eas
3123 4094 3480 4152 evocassent;

1918 4189 2202 4250 postquam
2237 4180 2430 4235 mulier
2478 4193 2601 4234 sese
2631 4193 2696 4232 ac
2742 4178 2884 4232 tilias
2915 4180 2968 4231 in
3001 4177 3232 4232 militum
3263 4178 3482 4248 laqueos

1917 4274 2170 4328 incidisse
2199 4273 2391 4335 sensit,
2444 4271 2508 4326 ad
2553 4271 2788 4340 inopiam
2825 4270 3040 4326 consilii
3075 4271 3314 4338 redacta,
3349 4271 3484 4326 ﬁlias

1916 4367 2148 4422 allocuta
2190 4375 2291 4420 est.
2323 4365 2390 4420 Et
2415 4374 2618 4434 quanta
2649 4363 2781 4433 ipsis
2815 4362 2954 4417 mala
2992 4378 3023 4417 a
3069 4363 3329 4417 militibus
3378 4363 3481 4416 im-

280 4458 573 4526 παραθεῖσα,
601 4461 663 4514 τό
704 4479 762 4514 τε
795 4462 1008 4514 πάντων
1042 4461 1227 4516 δεινῶν
1256 4463 1653 4537 ἀφορητότερον
1682 4484 1815 4538 πορ-

1922 4462 2186 4514 minerent
2214 4459 2464 4529 exposuit
2498 4475 2514 4513 :
2555 4458 2797 4513 omnium
2822 4472 2950 4512 vero
2982 4457 3246 4510 malorum
3274 4455 3483 4524 gravis-

277 4544 404 4612 νείας
457 4551 677 4624 ἀπειλὴν
733 4552 867 4622 μηδὲ
921 4553 1109 4623 ἄκροις
1167 4554 1299 4608 ὠσὶν
1369 4557 1658 4628 ὑπομεῖναι
1711 4557 1820 4614 δεῖν

281 4775 470 4852 hiemis
510 4784 842 4852 Graecorum,
893 4784 980 4837 die
1016 4798 1075 4838 ut
1112 4781 1388 4837 Octobris.
1427 4782 1552 4837 Fuit
1590 4793 1644 4838 et
1672 4783 1809 4838 alter

282 4847 525 4908 Adauctus
555 4858 742 4910 eodem
796 4847 1038 4923 tetnpore
1082 4853 1424 4923 martyrium
1456 4852 1638 4908 Romae
1679 4870 1807 4923 pas-

284 4930 391 4983 sas;
425 4923 565 4990 Cujus
600 4925 800 4980 mentio
846 4922 921 4978 ﬁt,
943 4939 1018 4977 vtt
1053 4922 1356 4978 Februarii.
1388 4922 1522 4977 lIuic
1555 4922 1812 4979 Damasus

285 4997 400 5055 Papa
441 4999 798 5050 caameterium
835 4995 1018 5049 Romae
1061 4995 1298 5063 fecit.iut
1340 4993 1496 5048 docet
1523 5004 1674 5048 vetus
1699 4993 1813 5063 epi-

283 5069 491 5134 ῧτεξῐιὶῐῐὶιι
517 5068 648 5134 apud
680 5065 992 5127 Grtttcrutn,
1022 5082 1142 5134 pag.
1173 5062 1328 5117 1072.

343 5127 440 5197 (44)
469 5127 573 5200 Τὰς
606 5137 863 5191 καθόλου
898 5127 1242 5202 διοιεὶήῖῖεις.
1287 5131 1622 5188 Rationalem
1663 5149 1811 5187 sum-

191 5219 195 5222 ·
283 5205 466 5280 tuarum
500 5205 760 5280 intelligit.
789 5208 883 5260 Sic
911 5221 1072 5280 supra
1113 5207 1178 5280 de
1218 5204 1558 5280 Philoromo,
1579 5219 1701 5280 cap.
1727 5205 1760 5258 9
1794 5223 1806 5258 :

305 5264 462 5348 Ἀρχὴν
472 5289 597 5348 ἑτινα
620 5264 694 5329 ob"
707 5275 804 5346 τὴν
827 5264 1092 5348 τυχοῦσαν
1115 5276 1214 5346 τῆς
1258 5275 1376 5348 κατ’
1411 5264 1810 5348 Ἀλεξάνδρειαν

284 5329 530 5453 feminei];
566 5329 876 5416 διοικήσεως
895 5329 1416 5416 Ἑγκεχειρίδμένος.
1459 5329 1624 5398 Recte
1651 5329 1812 5413 igitur

306 5406 482 5453 ιιιίὶιηις
526 5416 660 5453 hnnn
708 5421 879 5453 Ιημηηι
931 5423 1089 5453 vni-Iit
1127 5434 1140 5446 ο
1182 5417 1429 5453 Ruth-nnc
1484 5430 1806 5453 grrnrtnnrunr

306 5406 662 5487 latinus'hnnc
706 5406 880 5471 locum
931 5406 1096 5470 vertit
1127 5406 1429 5487 {Rationes
1482 5406 1808 5468 summa-rum

283 5486 483 5553 Paruum
513 5487 900 5540 administrans.
936 5487 999 5539 Et
1033 5502 1219 5541 rursus
1259 5486 1420 5538 infra.

342 5545 440 5617 (45)
488 5553 595 5620 Τῆς
636 5558 766 5623 παρ’
811 5557 1013 5622 αὐτοῖς
1070 5553 1444 5623 καλουμένης
1486 5557 1805 5623 pay-carpti-

282 5623 640 5696 mt9_‘.‘._hlztle
678 5628 904 5681 Ruﬁnus
959 5629 1323 5696 tiiagisteriunt
1372 5627 1664 5678 ciliciorum
1715 5628 1800 5679 llic

287 5687 533 5769 lfflellettit.
582 5695 951 5769 lntelliguntur
987 5687 1128 5751 enim
1164 5698 1403 5762 magistri
1436 5697 1512 5769 rei
1549 5696 1792 5769 privatus,

289 5761 334 5802 ιιι
362 5756 574 5818 declarat
622 5782 719 5824 vox
754 5756 1023 5838 "proxime
1071 5756 1304 5836 sequens
1357 5756 1790 5836 καθολικῦτητοςζ

1929 4558 2126 4613 simum
2155 4569 2219 4607 ac.
2248 4551 2478 4606 maxime
2507 4549 2847 4606 intolerabile
2874 4564 2996 4605 esse
3026 4557 3297 4619 stuprum,
3329 4546 3481 4616 cujus

1908 4783 2043 4838 Nam
2093 4783 2336 4853 magistri
2384 4783 2462 4836 rei
2506 4783 2730 4852 privatae
2764 4798 2885 4853 cum
2920 4779 3296 4836 Rationalibus
3325 4779 3475 4853 jungi

1909 4856 2082 4909 solent
2111 4855 2162 4908 in
2187 4850 2375 4908 codice
2404 4850 2716 4919 Theodosii,
2751 4864 2810 4908 ut
2841 4850 3167 4920 jampridem
3197 4853 3378 4907 notavi
3411 4850 3480 4910 εἶά

1909 4925 2108 4979 librum
2142 4939 2209 4976 xv
2235 4925 2412 4977 Amm.
2442 4923 2760 4991 Marcellini,
2790 4938 2912 4992 pag.
2947 4924 3036 4977 78.

1980 4994 2092 5064 (46)
2140 4994 2465 5048 Μαλθακοῦ
2516 4996 2725 5064 πυρός.
2778 4994 2923 5048 Talis
2975 4992 3481 5065 estignis'quicx

1909 5067 2080 5135 paleis
2150 5075 2276 5135 autf
2309 5065 2558 5135 virgultis
2624 5066 2982 5135 accenditur,
3038 5064 3244 5118 Dicitur
3277 5064 3478 5135 autem

1912 5133 2186 5208 μαλθακὸν
2218 5133 2351 5204 πῦρ,
2391 5133 2457 5208 ad
2491 5136 2848 5208 differentiam
2883 5134 3150 5188 ἀσϐέστου
3181 5134 3372 5206 πυρός,
3410 5137 3479 5188 de

1909 5222 2016 5275 quo
2045 5222 2207 5276 supra
2238 5207 2419 5260 notavi
2467 5210 2534 5260 ad
2571 5207 2768 5261 librum
2802 5220 2895 5258 vn.
2931 5209 3342 5260 Accendebatur
3382 5220 3480 5276 au-

1913 5274 2016 5330 tem
2049 5274 2188 5345 ignis
2223 5276 2311 5330 ille
2352 5290 2419 5330 ex
2459 5276 2774 5345 longinquo,
2801 5276 2874 5329 ita
2902 5285 2961 5330 ut
3010 5274 3478 5348 martyressull'o-

1909 5358 2161 5400 carentur
2192 5348 2369 5414 potius
2392 5361 2552 5416 quam
2579 5357 2976 5401 cremarentur.
3009 5345 3323 5414 llujusinodi
3354 5345 3479 5414 igne

1908 5426 2129 5470 necatus
2169 5418 2382 5485 videtur
2411 5417 2634 5470 Pionius
2679 5425 2906 5485 martyr,
2962 5424 3019 5470 ut
3067 5417 3182 5484 ejus
3218 5416 3352 5468 Acta
3399 5423 3476 5466 te-

1908 5495 2141 5540 stantur.
2176 5484 2288 5539 lloc
2337 5487 2660 5554 supplicium
2693 5484 2995 5553 intelligere
3027 5487 3242 5540 videtur
3267 5486 3473 5538 Seneca

1909 5556 1962 5609 in
2015 5558 2151 5608 libro
2201 5571 2258 5608 nt
2293 5555 2364 5608 De
2400 5561 2501 5618 ira,
2538 5559 2620 5611 his
2675 5560 2896 5612 verbis:
2948 5557 3013 5609 Et
3043 5557 3354 5609 circumdati
3383 5556 3474 5608 de—

1905 5626 2029 5694 ﬁxis
2065 5627 2364 5690 corporibus
2400 5630 2564 5694 ignes.
2766 5692 2768 5694 _

1975 5696 2083 5766 (47)
2126 5695 2442 5766 νἘσχάραις
2468 5698 2680 5765 πυρός.
2709 5697 2874 5751 Recte
2900 5696 3125 5753 Rufinus
3165 5697 3472 5750 craticulam

1900 5765 2081 5833 vertit,
2107 5765 2310 5821 Gloss-.1:
2343 5782 2547 5823 veteres
2580 5770 2786 5839 ἐσχάρα
2817 5769 3104 5824 craticula.
