  <div class='ocr_page' id='page_1' title='image "/cluster/home/n/w/nwhite01/storage/ocr_20150623/20/mdp.39015008802764/391.png"; bbox 0 0 3928 6252; ppageno 0'>
   <div class='ocr_carea' id='block_1_1' title="bbox 412 258 514 324">
    <p class='ocr_par' dir='ltr' id='par_1_1' title="bbox 412 258 514 324">
     <span class='ocr_line' id='line_1_1' title="bbox 412 258 514 324; baseline 0.039 -4"><span class='ocrx_word' id='word_1_1' title='bbox 412 258 514 324; x_wconf 70' lang='grc'><strong>771</strong></span> 
     </span>
    </p>
   </div>
   <div class='ocr_carea' id='block_1_2' title="bbox 1117 265 2944 324">
    <p class='ocr_par' dir='ltr' id='par_1_2' title="bbox 1117 265 2944 324">
     <span class='ocr_line' id='line_1_2' title="bbox 1117 265 2944 324; baseline 0 -1"><span class='ocrx_word' id='word_1_2' title='bbox 1117 266 1385 324; x_wconf 85' lang='lat' dir='ltr'><strong>EUSEBll</strong></span> <span class='ocrx_word' id='word_1_3' title='bbox 1421 266 1900 324; x_wconf 64' lang='lat' dir='ltr'><strong>CESARIENSIS</strong></span> <span class='ocrx_word' id='word_1_4' title='bbox 1939 266 2090 324; x_wconf 85' lang='lat' dir='ltr'><strong>OPP.</strong></span> <span class='ocrx_word' id='word_1_5' title='bbox 2137 267 2316 324; x_wconf 79' lang='lat' dir='ltr'><strong>PARS</strong></span> <span class='ocrx_word' id='word_1_6' title='bbox 2355 271 2398 324; x_wconf 93' lang='lat' dir='ltr'><strong>l.</strong></span> <span class='ocrx_word' id='word_1_7' title='bbox 2440 297 2509 308; x_wconf 93' lang='lat'><strong><em>—</em></strong></span> <span class='ocrx_word' id='word_1_8' title='bbox 2548 265 2944 324; x_wconf 78' lang='lat' dir='ltr'><strong>HISTORICA.</strong></span> 
     </span>
    </p>
   </div>
   <div class='ocr_carea' id='block_1_3' title="bbox 3557 266 3656 323">
    <p class='ocr_par' dir='ltr' id='par_1_3' title="bbox 3557 266 3656 323">
     <span class='ocr_line' id='line_1_3' title="bbox 3557 266 3656 323; baseline 0.04 -4"><span class='ocrx_word' id='word_1_9' title='bbox 3557 266 3656 323; x_wconf 68' lang='lat'><strong>771</strong></span> 
     </span>
    </p>
   </div>
   <div class='ocr_carea' id='block_1_4' title="bbox 411 385 1966 462">
    <p class='ocr_par' dir='ltr' id='par_1_4' title="bbox 411 387 1966 462">
     <span class='ocr_line' id='line_1_4' title="bbox 411 387 1966 462; baseline 0.003 -21"><span class='ocrx_word' id='word_1_10' title='bbox 411 387 578 461; x_wconf 73' lang='lat'><strong>306</strong></span> <span class='ocrx_word' id='word_1_11' title='bbox 603 388 778 444; x_wconf 90' lang='lat' dir='ltr'><strong>minas</strong></span> <span class='ocrx_word' id='word_1_12' title='bbox 804 404 872 445; x_wconf 88' lang='lat' dir='ltr'><strong>ne</strong></span> <span class='ocrx_word' id='word_1_13' title='bbox 901 389 1088 444; x_wconf 75' lang='lat' dir='ltr'><strong>auditu</strong></span> <span class='ocrx_word' id='word_1_14' title='bbox 1120 389 1338 460; x_wconf 89' lang='lat' dir='ltr'><strong>quidem</strong></span> <span class='ocrx_word' id='word_1_15' title='bbox 1367 391 1635 449; x_wconf 89' lang='lat' dir='ltr'><strong>sustinere</strong></span> <span class='ocrx_word' id='word_1_16' title='bbox 1659 392 1760 446; x_wconf 85' lang='lat' dir='ltr'><strong>sibi</strong></span> <span class='ocrx_word' id='word_1_17' title='bbox 1787 391 1888 462; x_wconf 89' lang='lat' dir='ltr'><strong>ipsi</strong></span> <span class='ocrx_word' id='word_1_18' title='bbox 1914 406 1966 446; x_wconf 87' lang='lat' dir='ltr'><strong>at</strong></span> 
     </span>
    </p>
   </div>
   <div class='ocr_carea' id='block_1_5' title="bbox 2074 385 3646 462">
    <p class='ocr_par' dir='ltr' id='par_1_5' title="bbox 2082 385 3646 462">
     <span class='ocr_line' id='line_1_5' title="bbox 2082 385 3646 462; baseline -0.001 -18"><span class='ocrx_word' id='word_1_19' title='bbox 2082 390 2330 456; x_wconf 78' lang='grc' dir='ltr'>ἀκοῦσαι,</span> <span class='ocrx_word' id='word_1_20' title='bbox 2359 391 2525 462; x_wconf 80' lang='grc' dir='ltr'>ἑαυτῇ</span> <span class='ocrx_word' id='word_1_21' title='bbox 2547 408 2606 443; x_wconf 88' lang='grc' dir='ltr'><strong>τε</strong></span> <span class='ocrx_word' id='word_1_22' title='bbox 2629 389 2724 444; x_wconf 61' lang='grc' dir='ltr'><strong>καὶ¹</strong></span> <span class='ocrx_word' id='word_1_23' title='bbox 2748 391 2865 453; x_wconf 88' lang='grc' dir='ltr'>ταῖς</span> <span class='ocrx_word' id='word_1_24' title='bbox 2886 389 3074 460; x_wconf 80' lang='grc' dir='ltr'>κόραις</span> <span class='ocrx_word' id='word_1_25' title='bbox 3104 385 3646 460; x_wconf 83' lang='grc' dir='ltr'>παρακελευσαμένη,</span> 
     </span>
    </p>
   </div>
   <div class='ocr_carea' id='block_1_6' title="bbox 412 480 1978 540">
    <p class='ocr_par' dir='ltr' id='par_1_6' title="bbox 412 480 1978 540">
     <span class='ocr_line' id='line_1_6' title="bbox 412 480 1978 540; baseline 0.004 -7"><span class='ocrx_word' id='word_1_26' title='bbox 412 480 624 536; x_wconf 81' lang='lat' dir='ltr'><strong>ﬁliabus</strong></span> <span class='ocrx_word' id='word_1_27' title='bbox 669 481 751 536; x_wconf 77' lang='lat' dir='ltr'><strong>{as</strong></span> <span class='ocrx_word' id='word_1_28' title='bbox 779 492 940 537; x_wconf 87' lang='lat' dir='ltr'><strong>esset.</strong></span> <span class='ocrx_word' id='word_1_29' title='bbox 974 482 1054 535; x_wconf 87' lang='lat' dir='ltr'><strong>Ad</strong></span> <span class='ocrx_word' id='word_1_30' title='bbox 1090 482 1202 536; x_wconf 66' lang='lat' dir='ltr'><strong>haec</strong></span> <span class='ocrx_word' id='word_1_31' title='bbox 1234 483 1470 536; x_wconf 91' lang='lat' dir='ltr'><strong>animam</strong></span> <span class='ocrx_word' id='word_1_32' title='bbox 1504 484 1752 538; x_wconf 91' lang='lat' dir='ltr'><strong>servituti</strong></span> <span class='ocrx_word' id='word_1_33' title='bbox 1794 493 1850 540; x_wconf 90' lang='lat' dir='ltr'><strong>et</strong></span> <span class='ocrx_word' id='word_1_34' title='bbox 1879 484 1978 539; x_wconf 85' lang='lat' dir='ltr'><strong>ob-</strong></span> 
     </span>
    </p>
   </div>
   <div class='ocr_carea' id='block_1_7' title="bbox 411 573 1978 645">
    <p class='ocr_par' dir='ltr' id='par_1_7' title="bbox 411 573 1978 645">
     <span class='ocr_line' id='line_1_7' title="bbox 411 573 1978 645; baseline 0.003 -17"><span class='ocrx_word' id='word_1_35' title='bbox 411 573 602 641; x_wconf 80' lang='lat' dir='ltr'><strong>sequio</strong></span> <span class='ocrx_word' id='word_1_36' title='bbox 629 573 932 628; x_wconf 65' lang='lat' dir='ltr'><strong>daemonum</strong></span> <span class='ocrx_word' id='word_1_37' title='bbox 965 574 1299 642; x_wconf 82' lang='lat' dir='ltr'><strong>mancipare,</strong></span> <span class='ocrx_word' id='word_1_38' title='bbox 1322 575 1475 628; x_wconf 89' lang='lat' dir='ltr'><strong>omni</strong></span> <span class='ocrx_word' id='word_1_39' title='bbox 1507 585 1681 630; x_wconf 91' lang='lat' dir='ltr'><strong>morte</strong></span> <span class='ocrx_word' id='word_1_40' title='bbox 1705 576 1978 645; x_wconf 82' lang='lat' dir='ltr'><strong>exitioque</strong></span> 
     </span>
    </p>
   </div>
   <div class='ocr_carea' id='block_1_8' title="bbox 409 665 1975 734">
    <p class='ocr_par' dir='ltr' id='par_1_8' title="bbox 409 665 1975 734">
     <span class='ocr_line' id='line_1_8' title="bbox 409 665 1975 734; baseline 0.003 -18"><span class='ocrx_word' id='word_1_41' title='bbox 409 666 564 734; x_wconf 84' lang='lat' dir='ltr'>pejus</span> <span class='ocrx_word' id='word_1_42' title='bbox 589 679 710 720; x_wconf 85' lang='lat' dir='ltr'><strong>esse</strong></span> <span class='ocrx_word' id='word_1_43' title='bbox 746 681 867 720; x_wconf 93' lang='lat' dir='ltr'><strong>cum</strong></span> <span class='ocrx_word' id='word_1_44' title='bbox 903 665 1155 729; x_wconf 81' lang='lat' dir='ltr'><strong>dixisset,</strong></span> <span class='ocrx_word' id='word_1_45' title='bbox 1180 665 1399 719; x_wconf 89' lang='lat' dir='ltr'><strong>unicum</strong></span> <span class='ocrx_word' id='word_1_46' title='bbox 1426 667 1688 722; x_wconf 87' lang='lat' dir='ltr'><strong>adversus</strong></span> <span class='ocrx_word' id='word_1_47' title='bbox 1725 670 1835 720; x_wconf 72' lang='lat' dir='ltr'><strong>hmo</strong></span> <span class='ocrx_word' id='word_1_48' title='bbox 1861 669 1975 720; x_wconf 77' lang='lat' dir='ltr'><strong>din-</strong></span> 
     </span>
    </p>
   </div>
   <div class='ocr_carea' id='block_1_9' title="bbox 410 755 1974 827">
    <p class='ocr_par' dir='ltr' id='par_1_9' title="bbox 410 755 1974 827">
     <span class='ocr_line' id='line_1_9' title="bbox 410 755 1974 827; baseline 0.002 -19"><span class='ocrx_word' id='word_1_49' title='bbox 410 755 501 809; x_wconf 91' lang='lat' dir='ltr'><strong>nia</strong></span> <span class='ocrx_word' id='word_1_50' title='bbox 539 755 835 810; x_wconf 86' lang='lat' dir='ltr'><strong>remedium</strong></span> <span class='ocrx_word' id='word_1_51' title='bbox 865 770 984 810; x_wconf 91' lang='lat' dir='ltr'><strong>esse</strong></span> <span class='ocrx_word' id='word_1_52' title='bbox 1028 757 1338 822; x_wconf 87' lang='lat' dir='ltr'><strong>admonuit,</strong></span> <span class='ocrx_word' id='word_1_53' title='bbox 1369 758 1414 811; x_wconf 91' lang='lat' dir='ltr'><strong>si</strong></span> <span class='ocrx_word' id='word_1_54' title='bbox 1467 759 1532 812; x_wconf 87' lang='lat' dir='ltr'><strong>ad</strong></span> <span class='ocrx_word' id='word_1_55' title='bbox 1585 773 1739 827; x_wconf 83' lang='lat' dir='ltr'><strong>opem</strong></span> <span class='ocrx_word' id='word_1_56' title='bbox 1772 757 1974 812; x_wconf 85' lang='lat' dir='ltr'><strong>Christi</strong></span> 
     </span>
    </p>
   </div>
   <div class='ocr_carea' id='block_1_10' title="bbox 409 846 1978 917">
    <p class='ocr_par' dir='ltr' id='par_1_10' title="bbox 409 846 1978 917">
     <span class='ocr_line' id='line_1_10' title="bbox 409 846 1978 917; baseline 0.001 -15"><span class='ocrx_word' id='word_1_57' title='bbox 409 846 785 917; x_wconf 75' lang='lat' dir='ltr'><strong>confugerent.</strong></span> <span class='ocrx_word' id='word_1_58' title='bbox 819 847 916 902; x_wconf 87' lang='lat' dir='ltr'><strong>His</strong></span> <span class='ocrx_word' id='word_1_59' title='bbox 949 848 1131 912; x_wconf 89' lang='lat' dir='ltr'><strong>dictis,</strong></span> <span class='ocrx_word' id='word_1_60' title='bbox 1169 849 1309 904; x_wconf 90' lang='lat' dir='ltr'><strong>idem</strong></span> <span class='ocrx_word' id='word_1_61' title='bbox 1343 865 1532 904; x_wconf 83' lang='lat' dir='ltr'><strong>omnes</strong></span> <span class='ocrx_word' id='word_1_62' title='bbox 1554 851 1837 906; x_wconf 89' lang='lat' dir='ltr'><strong>consilium</strong></span> <span class='ocrx_word' id='word_1_63' title='bbox 1860 865 1978 904; x_wconf 91' lang='lat' dir='ltr'><strong>am-</strong></span> 
     </span>
    </p>
   </div>
   <div class='ocr_carea' id='block_1_11' title="bbox 407 938 1974 1012">
    <p class='ocr_par' dir='ltr' id='par_1_11' title="bbox 407 938 1974 1012">
     <span class='ocr_line' id='line_1_11' title="bbox 407 938 1974 1012; baseline 0.004 -20"><span class='ocrx_word' id='word_1_64' title='bbox 407 938 608 1008; x_wconf 60' lang='lat' dir='ltr'><strong>plexae;</strong></span> <span class='ocrx_word' id='word_1_65' title='bbox 642 955 764 994; x_wconf 86' lang='lat' dir='ltr'><strong>cum</strong></span> <span class='ocrx_word' id='word_1_66' title='bbox 815 941 880 993; x_wconf 91' lang='lat' dir='ltr'><strong>ad</strong></span> <span class='ocrx_word' id='word_1_67' title='bbox 929 941 1164 996; x_wconf 88' lang='lat' dir='ltr'><strong>medium</strong></span> <span class='ocrx_word' id='word_1_68' title='bbox 1203 941 1418 996; x_wconf 90' lang='lat' dir='ltr'><strong>itineris</strong></span> <span class='ocrx_word' id='word_1_69' title='bbox 1451 943 1842 1012; x_wconf 78' lang='lat' dir='ltr'><strong>pervenissent,</strong></span> <span class='ocrx_word' id='word_1_70' title='bbox 1883 959 1974 998; x_wconf 91' lang='lat' dir='ltr'><strong>ve-</strong></span> 
     </span>
    </p>
   </div>
   <div class='ocr_carea' id='block_1_12' title="bbox 408 1031 1976 1101">
    <p class='ocr_par' dir='ltr' id='par_1_12' title="bbox 408 1031 1976 1101">
     <span class='ocr_line' id='line_1_12' title="bbox 408 1031 1976 1101; baseline 0.004 -17"><span class='ocrx_word' id='word_1_71' title='bbox 408 1031 550 1084; x_wconf 87' lang='lat' dir='ltr'><strong>niam</strong></span> <span class='ocrx_word' id='word_1_72' title='bbox 579 1045 609 1083; x_wconf 89' lang='lat' dir='ltr'><strong>a</strong></span> <span class='ocrx_word' id='word_1_73' title='bbox 635 1031 896 1086; x_wconf 85' lang='lat' dir='ltr'><strong>militibus</strong></span> <span class='ocrx_word' id='word_1_74' title='bbox 926 1042 1116 1101; x_wconf 87' lang='lat' dir='ltr'><strong>petunt</strong></span> <span class='ocrx_word' id='word_1_75' title='bbox 1132 1040 1188 1084; x_wconf 92' lang='lat' dir='ltr'><strong>ut</strong></span> <span class='ocrx_word' id='word_1_76' title='bbox 1211 1033 1479 1100; x_wconf 88' lang='lat' dir='ltr'><strong>tantisper</strong></span> <span class='ocrx_word' id='word_1_77' title='bbox 1500 1034 1565 1087; x_wconf 91' lang='lat' dir='ltr'><strong>de</strong></span> <span class='ocrx_word' id='word_1_78' title='bbox 1588 1033 1670 1086; x_wconf 89' lang='lat' dir='ltr'><strong>via</strong></span> <span class='ocrx_word' id='word_1_79' title='bbox 1691 1033 1976 1090; x_wconf 82' lang='lat' dir='ltr'><strong>deﬂectere</strong></span> 
     </span>
    </p>
   </div>
   <div class='ocr_carea' id='block_1_13' title="bbox 407 1121 1975 1191">
    <p class='ocr_par' dir='ltr' id='par_1_13' title="bbox 407 1121 1975 1191">
     <span class='ocr_line' id='line_1_13' title="bbox 407 1121 1975 1191; baseline 0.002 -16"><span class='ocrx_word' id='word_1_80' title='bbox 407 1121 509 1176; x_wconf 88' lang='lat' dir='ltr'><strong>sibi</strong></span> <span class='ocrx_word' id='word_1_81' title='bbox 555 1121 762 1176; x_wconf 88' lang='lat' dir='ltr'><strong>liceret.</strong></span> <span class='ocrx_word' id='word_1_82' title='bbox 799 1122 917 1188; x_wconf 87' lang='lat' dir='ltr'><strong>Quo</strong></span> <span class='ocrx_word' id='word_1_83' title='bbox 960 1123 1272 1191; x_wconf 88' lang='lat' dir='ltr'><strong>impetrato,</strong></span> <span class='ocrx_word' id='word_1_84' title='bbox 1308 1123 1624 1191; x_wconf 90' lang='lat' dir='ltr'><strong>compositis</strong></span> <span class='ocrx_word' id='word_1_85' title='bbox 1655 1124 1874 1178; x_wconf 85' lang='lat' dir='ltr'><strong>honeste</strong></span> <span class='ocrx_word' id='word_1_86' title='bbox 1910 1138 1975 1178; x_wconf 90' lang='lat' dir='ltr'><strong>ac</strong></span> 
     </span>
    </p>
   </div>
   <div class='ocr_carea' id='block_1_14' title="bbox 406 1212 1975 1282">
    <p class='ocr_par' dir='ltr' id='par_1_14' title="bbox 406 1212 1975 1282">
     <span class='ocr_line' id='line_1_14' title="bbox 406 1212 1975 1282; baseline 0.001 -16"><span class='ocrx_word' id='word_1_87' title='bbox 406 1212 661 1268; x_wconf 89' lang='lat' dir='ltr'><strong>decenter</strong></span> <span class='ocrx_word' id='word_1_88' title='bbox 697 1214 966 1277; x_wconf 84' lang='lat' dir='ltr'><strong>vestibus,</strong></span> <span class='ocrx_word' id='word_1_89' title='bbox 1006 1214 1057 1268; x_wconf 90' lang='lat' dir='ltr'><strong>in</strong></span> <span class='ocrx_word' id='word_1_90' title='bbox 1091 1212 1459 1282; x_wconf 67' lang='lat' dir='ltr'><strong>praeﬂuentent</strong></span> <span class='ocrx_word' id='word_1_91' title='bbox 1504 1228 1563 1267; x_wconf 89' lang='lat' dir='ltr'><strong>se</strong></span> <span class='ocrx_word' id='word_1_92' title='bbox 1597 1213 1814 1267; x_wconf 80' lang='lat' dir='ltr'><strong>[luvium</strong></span> <span class='ocrx_word' id='word_1_93' title='bbox 1848 1229 1975 1268; x_wconf 62' lang='lat' dir='ltr'><strong>cono</strong></span> 
     </span>
    </p>
   </div>
   <div class='ocr_carea' id='block_1_15' title="bbox 401 1304 1971 1374">
    <p class='ocr_par' dir='ltr' id='par_1_15' title="bbox 401 1304 1971 1374">
     <span class='ocr_line' id='line_1_15' title="bbox 401 1304 1971 1374; baseline 0.001 -16"><span class='ocrx_word' id='word_1_94' title='bbox 401 1304 668 1374; x_wconf 90' lang='lat' dir='ltr'><strong>jecerunt.</strong></span> <span class='ocrx_word' id='word_1_95' title='bbox 687 1305 753 1360; x_wconf 85' lang='lat' dir='ltr'><strong>Et</strong></span> <span class='ocrx_word' id='word_1_96' title='bbox 771 1306 852 1360; x_wconf 68' lang='lat' dir='ltr'><strong>ha:</strong></span> <span class='ocrx_word' id='word_1_97' title='bbox 873 1305 1093 1374; x_wconf 85' lang='lat' dir='ltr'><strong>quidem</strong></span> <span class='ocrx_word' id='word_1_98' title='bbox 1113 1307 1432 1374; x_wconf 87' lang='lat' dir='ltr'><strong>semetipsas</strong></span> <span class='ocrx_word' id='word_1_99' title='bbox 1455 1307 1525 1360; x_wconf 89' lang='lat' dir='ltr'><strong>ita</strong></span> <span class='ocrx_word' id='word_1_100' title='bbox 1543 1305 1971 1361; x_wconf 89' lang='lat' dir='ltr'><strong>submerserunt.</strong></span> 
     </span>
    </p>
   </div>
   <div class='ocr_carea' id='block_1_16' title="bbox 404 1397 1972 1468">
    <p class='ocr_par' dir='ltr' id='par_1_16' title="bbox 404 1397 1972 1468">
     <span class='ocr_line' id='line_1_16' title="bbox 404 1397 1972 1468; baseline -0.001 -16"><span class='ocrx_word' id='word_1_101' title='bbox 404 1398 534 1452; x_wconf 63' lang='lat' dir='ltr'><strong>Duae</strong></span> <span class='ocrx_word' id='word_1_102' title='bbox 563 1413 693 1453; x_wconf 85' lang='lat' dir='ltr'><strong>vero</strong></span> <span class='ocrx_word' id='word_1_103' title='bbox 724 1397 846 1452; x_wconf 65' lang='lat' dir='ltr'><strong>alia:</strong></span> <span class='ocrx_word' id='word_1_104' title='bbox 877 1399 1114 1468; x_wconf 77' lang='lat' dir='ltr'><strong>virgines</strong></span> <span class='ocrx_word' id='word_1_105' title='bbox 1143 1398 1196 1451; x_wconf 90' lang='lat' dir='ltr'><strong>in</strong></span> <span class='ocrx_word' id='word_1_106' title='bbox 1224 1401 1414 1454; x_wconf 88' lang='lat' dir='ltr'><strong>eadem</strong></span> <span class='ocrx_word' id='word_1_107' title='bbox 1440 1399 1572 1453; x_wconf 90' lang='lat' dir='ltr'><strong>urbe</strong></span> <span class='ocrx_word' id='word_1_108' title='bbox 1596 1399 1792 1452; x_wconf 84' lang='lat' dir='ltr'><strong>divinae</strong></span> <span class='ocrx_word' id='word_1_109' title='bbox 1818 1413 1972 1468; x_wconf 81' lang='lat' dir='ltr'><strong>pror-</strong></span> 
     </span>
    </p>
   </div>
   <div class='ocr_carea' id='block_1_17' title="bbox 402 1489 1974 1560">
    <p class='ocr_par' dir='ltr' id='par_1_17' title="bbox 402 1489 1974 1560">
     <span class='ocr_line' id='line_1_17' title="bbox 402 1489 1974 1560; baseline -0.001 -16"><span class='ocrx_word' id='word_1_110' title='bbox 402 1503 496 1545; x_wconf 86' lang='lat' dir='ltr'><strong>sus</strong></span> <span class='ocrx_word' id='word_1_111' title='bbox 537 1505 597 1544; x_wconf 90' lang='lat' dir='ltr'><strong>ac</strong></span> <span class='ocrx_word' id='word_1_112' title='bbox 623 1505 896 1560; x_wconf 85' lang='lat' dir='ltr'><strong>germanae</strong></span> <span class='ocrx_word' id='word_1_113' title='bbox 924 1505 1020 1560; x_wconf 88' lang='lat' dir='ltr'><strong>per</strong></span> <span class='ocrx_word' id='word_1_114' title='bbox 1050 1491 1230 1545; x_wconf 88' lang='lat' dir='ltr'><strong>omnia</strong></span> <span class='ocrx_word' id='word_1_115' title='bbox 1274 1506 1508 1556; x_wconf 88' lang='lat' dir='ltr'><strong>sorores,</strong></span> <span class='ocrx_word' id='word_1_116' title='bbox 1545 1489 1826 1560; x_wconf 88' lang='lat' dir='ltr'><strong>splendore</strong></span> <span class='ocrx_word' id='word_1_117' title='bbox 1855 1491 1974 1560; x_wconf 91' lang='lat' dir='ltr'><strong>qui-</strong></span> 
     </span>
    </p>
   </div>
   <div class='ocr_carea' id='block_1_18' title="bbox 403 1579 1974 1651">
    <p class='ocr_par' dir='ltr' id='par_1_18' title="bbox 403 1579 1974 1651">
     <span class='ocr_line' id='line_1_18' title="bbox 403 1579 1974 1651; baseline 0.001 -17"><span class='ocrx_word' id='word_1_118' title='bbox 403 1579 527 1635; x_wconf 92' lang='lat' dir='ltr'><strong>dem</strong></span> <span class='ocrx_word' id='word_1_119' title='bbox 557 1580 839 1646; x_wconf 87' lang='lat' dir='ltr'><strong>natalium,</strong></span> <span class='ocrx_word' id='word_1_120' title='bbox 867 1581 1083 1651; x_wconf 89' lang='lat' dir='ltr'><strong>opibus,</strong></span> <span class='ocrx_word' id='word_1_121' title='bbox 1117 1589 1274 1636; x_wconf 60' lang='lat' dir='ltr'><strong>aetate</strong></span> <span class='ocrx_word' id='word_1_122' title='bbox 1309 1592 1362 1636; x_wconf 92' lang='lat' dir='ltr'><strong>et</strong></span> <span class='ocrx_word' id='word_1_123' title='bbox 1386 1580 1558 1636; x_wconf 80' lang='lat' dir='ltr'><strong>forma</strong></span> <span class='ocrx_word' id='word_1_124' title='bbox 1585 1580 1857 1645; x_wconf 84' lang='lat' dir='ltr'><strong>ﬂorentes,</strong></span> <span class='ocrx_word' id='word_1_125' title='bbox 1883 1581 1974 1636; x_wconf 88' lang='lat' dir='ltr'><strong>sed</strong></span> 
     </span>
    </p>
   </div>
   <div class='ocr_carea' id='block_1_19' title="bbox 402 1673 1974 1744">
    <p class='ocr_par' dir='ltr' id='par_1_19' title="bbox 402 1673 1974 1744">
     <span class='ocr_line' id='line_1_19' title="bbox 402 1673 1974 1744; baseline 0.002 -20"><span class='ocrx_word' id='word_1_126' title='bbox 402 1673 670 1742; x_wconf 77' lang='lat' dir='ltr'><strong>gravitate</strong></span> <span class='ocrx_word' id='word_1_127' title='bbox 701 1687 934 1738; x_wconf 90' lang='lat' dir='ltr'><strong>morum,</strong></span> <span class='ocrx_word' id='word_1_128' title='bbox 983 1673 1182 1727; x_wconf 87' lang='lat' dir='ltr'><strong>mentis</strong></span> <span class='ocrx_word' id='word_1_129' title='bbox 1231 1673 1452 1742; x_wconf 84' lang='lat' dir='ltr'><strong>pietate,</strong></span> <span class='ocrx_word' id='word_1_130' title='bbox 1498 1674 1784 1744; x_wconf 86' lang='lat' dir='ltr'><strong>studioque</strong></span> <span class='ocrx_word' id='word_1_131' title='bbox 1814 1683 1868 1728; x_wconf 92' lang='lat' dir='ltr'><strong>et</strong></span> <span class='ocrx_word' id='word_1_132' title='bbox 1895 1675 1974 1727; x_wconf 83' lang='lat' dir='ltr'><strong>in-</strong></span> 
     </span>
    </p>
   </div>
   <div class='ocr_carea' id='block_1_20' title="bbox 402 1764 1972 1834">
    <p class='ocr_par' dir='ltr' id='par_1_20' title="bbox 402 1764 1972 1834">
     <span class='ocr_line' id='line_1_20' title="bbox 402 1764 1972 1834; baseline 0.001 -15"><span class='ocrx_word' id='word_1_133' title='bbox 402 1764 605 1819; x_wconf 89' lang='lat' dir='ltr'><strong>dustria</strong></span> <span class='ocrx_word' id='word_1_134' title='bbox 632 1764 894 1819; x_wconf 88' lang='lat' dir='ltr'><strong>clariores</strong></span> <span class='ocrx_word' id='word_1_135' title='bbox 929 1781 943 1818; x_wconf 90' lang='lat'><strong>:</strong></span> <span class='ocrx_word' id='word_1_136' title='bbox 981 1765 1206 1834; x_wconf 89' lang='lat' dir='ltr'><strong>perinde</strong></span> <span class='ocrx_word' id='word_1_137' title='bbox 1230 1779 1294 1818; x_wconf 90' lang='lat' dir='ltr'><strong>ac</strong></span> <span class='ocrx_word' id='word_1_138' title='bbox 1316 1764 1361 1819; x_wconf 90' lang='lat' dir='ltr'><strong>si</strong></span> <span class='ocrx_word' id='word_1_139' title='bbox 1395 1773 1538 1818; x_wconf 88' lang='lat' dir='ltr'><strong>terra</strong></span> <span class='ocrx_word' id='word_1_140' title='bbox 1570 1775 1777 1820; x_wconf 88' lang='lat' dir='ltr'><strong>tantum</strong></span> <span class='ocrx_word' id='word_1_141' title='bbox 1809 1767 1972 1820; x_wconf 87' lang='lat' dir='ltr'><strong>decus</strong></span> 
     </span>
    </p>
   </div>
   <div class='ocr_carea' id='block_1_21' title="bbox 402 1856 1974 1928">
    <p class='ocr_par' dir='ltr' id='par_1_21' title="bbox 402 1856 1974 1928">
     <span class='ocr_line' id='line_1_21' title="bbox 402 1856 1974 1928; baseline 0.003 -18"><span class='ocrx_word' id='word_1_142' title='bbox 402 1856 549 1912; x_wconf 78' lang='lat' dir='ltr'><strong>ferre</strong></span> <span class='ocrx_word' id='word_1_143' title='bbox 572 1871 679 1912; x_wconf 78' lang='lat' dir='ltr'><strong>non</strong></span> <span class='ocrx_word' id='word_1_144' title='bbox 704 1866 909 1927; x_wconf 88' lang='lat' dir='ltr'><strong>posset,</strong></span> <span class='ocrx_word' id='word_1_145' title='bbox 937 1871 965 1910; x_wconf 88' lang='lat' dir='ltr'><strong>a</strong></span> <span class='ocrx_word' id='word_1_146' title='bbox 995 1857 1294 1912; x_wconf 90' lang='lat' dir='ltr'><strong>cultoribus</strong></span> <span class='ocrx_word' id='word_1_147' title='bbox 1323 1858 1626 1912; x_wconf 84' lang='lat' dir='ltr'><strong>daemonum</strong></span> <span class='ocrx_word' id='word_1_148' title='bbox 1653 1857 1816 1928; x_wconf 69' lang='lat' dir='ltr'><strong>jussa:</strong></span> <span class='ocrx_word' id='word_1_149' title='bbox 1845 1869 1974 1914; x_wconf 89' lang='lat' dir='ltr'><strong>sunt</strong></span> 
     </span>
    </p>
   </div>
   <div class='ocr_carea' id='block_1_22' title="bbox 402 1946 1974 2019">
    <p class='ocr_par' dir='ltr' id='par_1_22' title="bbox 402 1946 1974 2019">
     <span class='ocr_line' id='line_1_22' title="bbox 402 1946 1974 2019; baseline 0.003 -18"><span class='ocrx_word' id='word_1_150' title='bbox 402 1947 457 2001; x_wconf 93' lang='lat' dir='ltr'><strong>in</strong></span> <span class='ocrx_word' id='word_1_151' title='bbox 493 1962 639 2002; x_wconf 88' lang='lat' dir='ltr'><strong>mare</strong></span> <span class='ocrx_word' id='word_1_152' title='bbox 671 1948 1022 2018; x_wconf 75' lang='lat' dir='ltr'><strong>praecipitari.</strong></span> <span class='ocrx_word' id='word_1_153' title='bbox 1055 1946 1180 2002; x_wconf 68' lang='lat' dir='ltr'><strong>Haec</strong></span> <span class='ocrx_word' id='word_1_154' title='bbox 1200 1947 1524 2002; x_wconf 63' lang='lat' dir='ltr'><strong>Antiochiae.</strong></span> <span class='ocrx_word' id='word_1_155' title='bbox 1560 1947 1665 2003; x_wconf 90' lang='lat' dir='ltr'><strong>Sed</strong></span> <span class='ocrx_word' id='word_1_156' title='bbox 1693 1964 1812 2018; x_wconf 71' lang='lat' dir='ltr'><strong>quae</strong></span> <span class='ocrx_word' id='word_1_157' title='bbox 1835 1951 1974 2019; x_wconf 83' lang='lat' dir='ltr'><strong>apud</strong></span> 
     </span>
    </p>
   </div>
   <div class='ocr_carea' id='block_1_23' title="bbox 402 2038 1972 2111">
    <p class='ocr_par' dir='ltr' id='par_1_23' title="bbox 402 2038 1972 2111">
     <span class='ocr_line' id='line_1_23' title="bbox 402 2038 1972 2111; baseline -0.001 -15"><span class='ocrx_word' id='word_1_158' title='bbox 402 2038 630 2096; x_wconf 91' lang='lat' dir='ltr'><strong>Pontum</strong></span> <span class='ocrx_word' id='word_1_159' title='bbox 661 2050 809 2111; x_wconf 82' lang='lat' dir='ltr'><strong>gesta</strong></span> <span class='ocrx_word' id='word_1_160' title='bbox 831 2049 980 2106; x_wconf 90' lang='lat' dir='ltr'><strong>sunt,</strong></span> <span class='ocrx_word' id='word_1_161' title='bbox 1010 2041 1128 2108; x_wconf 67' lang='lat' dir='ltr'><strong>velj-</strong></span> <span class='ocrx_word' id='word_1_162' title='bbox 1143 2041 1258 2110; x_wconf 79' lang='lat' dir='ltr'><strong>ipso</strong></span> <span class='ocrx_word' id='word_1_163' title='bbox 1289 2042 1438 2096; x_wconf 92' lang='lat' dir='ltr'><strong>dictu</strong></span> <span class='ocrx_word' id='word_1_164' title='bbox 1474 2041 1746 2095; x_wconf 91' lang='lat' dir='ltr'><strong>incutiunt</strong></span> <span class='ocrx_word' id='word_1_165' title='bbox 1780 2041 1972 2095; x_wconf 87' lang='lat' dir='ltr'><strong>horro-</strong></span> 
     </span>
    </p>
   </div>
   <div class='ocr_carea' id='block_1_24' title="bbox 402 2131 1970 2202">
    <p class='ocr_par' dir='ltr' id='par_1_24' title="bbox 402 2131 1970 2202">
     <span class='ocr_line' id='line_1_24' title="bbox 402 2131 1970 2202; baseline 0.001 -16"><span class='ocrx_word' id='word_1_166' title='bbox 402 2147 540 2188; x_wconf 90' lang='lat' dir='ltr'><strong>rem.</strong></span> <span class='ocrx_word' id='word_1_167' title='bbox 561 2131 696 2187; x_wconf 88' lang='lat' dir='ltr'><strong>Aliis</strong></span> <span class='ocrx_word' id='word_1_168' title='bbox 718 2147 980 2187; x_wconf 89' lang='lat' dir='ltr'><strong>manuum</strong></span> <span class='ocrx_word' id='word_1_169' title='bbox 1007 2131 1159 2202; x_wconf 78' lang='lat' dir='ltr'><strong>digiti</strong></span> <span class='ocrx_word' id='word_1_170' title='bbox 1188 2147 1218 2185; x_wconf 93' lang='lat' dir='ltr'><strong>a</strong></span> <span class='ocrx_word' id='word_1_171' title='bbox 1245 2132 1472 2188; x_wconf 90' lang='lat' dir='ltr'><strong>summis</strong></span> <span class='ocrx_word' id='word_1_172' title='bbox 1492 2146 1664 2201; x_wconf 90' lang='lat' dir='ltr'><strong>usque</strong></span> <span class='ocrx_word' id='word_1_173' title='bbox 1684 2131 1970 2201; x_wconf 82' lang='lat' dir='ltr'><strong>unguibus,</strong></span> 
     </span>
    </p>
   </div>
   <div class='ocr_carea' id='block_1_25' title="bbox 401 2222 1972 2294">
    <p class='ocr_par' dir='ltr' id='par_1_25' title="bbox 401 2222 1972 2294">
     <span class='ocr_line' id='line_1_25' title="bbox 401 2222 1972 2294; baseline 0 -15"><span class='ocrx_word' id='word_1_174' title='bbox 401 2224 576 2279; x_wconf 90' lang='lat' dir='ltr'><strong>acutis</strong></span> <span class='ocrx_word' id='word_1_175' title='bbox 620 2223 976 2278; x_wconf 83' lang='lat' dir='ltr'><strong>arundinibus</strong></span> <span class='ocrx_word' id='word_1_176' title='bbox 1027 2222 1512 2294; x_wconf 84' lang='lat' dir='ltr'><strong>transﬁgebantur.</strong></span> <span class='ocrx_word' id='word_1_177' title='bbox 1566 2223 1704 2279; x_wconf 86' lang='lat' dir='ltr'><strong>Aliis</strong></span> <span class='ocrx_word' id='word_1_178' title='bbox 1751 2224 1972 2294; x_wconf 91' lang='lat' dir='ltr'><strong>plumbo</strong></span> 
     </span>
    </p>
   </div>
   <div class='ocr_carea' id='block_1_26' title="bbox 400 2315 1971 2387">
    <p class='ocr_par' dir='ltr' id='par_1_26' title="bbox 400 2315 1971 2387">
     <span class='ocr_line' id='line_1_26' title="bbox 400 2315 1971 2387; baseline 0 -15"><span class='ocrx_word' id='word_1_179' title='bbox 400 2316 542 2387; x_wconf 87' lang='lat' dir='ltr'><strong>ignis</strong></span> <span class='ocrx_word' id='word_1_180' title='bbox 584 2317 636 2370; x_wconf 91' lang='lat' dir='ltr'><strong>vi</strong></span> <span class='ocrx_word' id='word_1_181' title='bbox 687 2315 998 2386; x_wconf 80' lang='lat' dir='ltr'><strong>liquefacto,</strong></span> <span class='ocrx_word' id='word_1_182' title='bbox 1039 2315 1301 2371; x_wconf 89' lang='lat' dir='ltr'><strong>bulliente</strong></span> <span class='ocrx_word' id='word_1_183' title='bbox 1347 2331 1411 2371; x_wconf 90' lang='lat' dir='ltr'><strong>ac</strong></span> <span class='ocrx_word' id='word_1_184' title='bbox 1459 2315 1707 2372; x_wconf 81' lang='lat' dir='ltr'><strong>fervente</strong></span> <span class='ocrx_word' id='word_1_185' title='bbox 1753 2317 1971 2373; x_wconf 87' lang='lat' dir='ltr'><strong>metallo</strong></span> 
     </span>
    </p>
   </div>
   <div class='ocr_carea' id='block_1_27' title="bbox 399 2409 1973 2480">
    <p class='ocr_par' dir='ltr' id='par_1_27' title="bbox 399 2409 1973 2480">
     <span class='ocr_line' id='line_1_27' title="bbox 399 2409 1973 2480; baseline 0 -15"><span class='ocrx_word' id='word_1_186' title='bbox 399 2418 551 2480; x_wconf 81' lang='lat' dir='ltr'><strong>terga</strong></span> <span class='ocrx_word' id='word_1_187' title='bbox 581 2410 973 2477; x_wconf 85' lang='lat' dir='ltr'><strong>adurebanlur,</strong></span> <span class='ocrx_word' id='word_1_188' title='bbox 1007 2417 1064 2465; x_wconf 83' lang='lat' dir='ltr'><strong>et</strong></span> <span class='ocrx_word' id='word_1_189' title='bbox 1107 2409 1352 2479; x_wconf 89' lang='lat' dir='ltr'><strong>corporis</strong></span> <span class='ocrx_word' id='word_1_190' title='bbox 1383 2418 1567 2478; x_wconf 90' lang='lat' dir='ltr'><strong>partes</strong></span> <span class='ocrx_word' id='word_1_191' title='bbox 1599 2410 1840 2465; x_wconf 80' lang='lat' dir='ltr'><strong>maxime</strong></span> <span class='ocrx_word' id='word_1_192' title='bbox 1876 2427 1973 2466; x_wconf 89' lang='lat' dir='ltr'><strong>ne-</strong></span> 
     </span>
    </p>
   </div>
   <div class='ocr_carea' id='block_1_28' title="bbox 399 2500 1972 2574">
    <p class='ocr_par' dir='ltr' id='par_1_28' title="bbox 399 2500 1972 2574">
     <span class='ocr_line' id='line_1_28' title="bbox 399 2500 1972 2574; baseline 0 -16"><span class='ocrx_word' id='word_1_193' title='bbox 399 2502 653 2558; x_wconf 70' lang='lat' dir='ltr'><strong>cessariae</strong></span> <span class='ocrx_word' id='word_1_194' title='bbox 677 2500 1046 2558; x_wconf 90' lang='lat' dir='ltr'><strong>torrebantur.</strong></span> <span class='ocrx_word' id='word_1_195' title='bbox 1071 2501 1302 2569; x_wconf 84' lang='lat' dir='ltr'><strong>Quidam</strong></span> <span class='ocrx_word' id='word_1_196' title='bbox 1339 2502 1394 2556; x_wconf 88' lang='lat' dir='ltr'><strong>iu</strong></span> <span class='ocrx_word' id='word_1_197' title='bbox 1427 2501 1729 2558; x_wconf 77' lang='lat' dir='ltr'><strong>visceribus</strong></span> <span class='ocrx_word' id='word_1_198' title='bbox 1771 2517 1837 2558; x_wconf 90' lang='lat' dir='ltr'><strong>ac</strong></span> <span class='ocrx_word' id='word_1_199' title='bbox 1873 2517 1972 2574; x_wconf 90' lang='lat' dir='ltr'><strong>pu—</strong></span> 
     </span>
    </p>
   </div>
   <div class='ocr_carea' id='block_1_29' title="bbox 399 2594 1970 2666">
    <p class='ocr_par' dir='ltr' id='par_1_29' title="bbox 399 2594 1970 2666">
     <span class='ocr_line' id='line_1_29' title="bbox 399 2594 1970 2666; baseline -0.001 -14"><span class='ocrx_word' id='word_1_200' title='bbox 399 2595 590 2652; x_wconf 86' lang='lat' dir='ltr'><strong>dendis</strong></span> <span class='ocrx_word' id='word_1_201' title='bbox 618 2597 862 2666; x_wconf 89' lang='lat' dir='ltr'><strong>partibus</strong></span> <span class='ocrx_word' id='word_1_202' title='bbox 885 2597 1057 2652; x_wconf 78' lang='lat' dir='ltr'><strong>ftedos</strong></span> <span class='ocrx_word' id='word_1_203' title='bbox 1075 2605 1240 2666; x_wconf 90' lang='lat' dir='ltr'><strong>atque</strong></span> <span class='ocrx_word' id='word_1_204' title='bbox 1267 2594 1678 2664; x_wconf 80' lang='lat' dir='ltr'><strong>inexplicabiles</strong></span> <span class='ocrx_word' id='word_1_205' title='bbox 1699 2595 1970 2653; x_wconf 90' lang='lat' dir='ltr'><strong>cruciatus</strong></span> 
     </span>
    </p>
   </div>
   <div class='ocr_carea' id='block_1_30' title="bbox 399 2686 1973 2759">
    <p class='ocr_par' dir='ltr' id='par_1_30' title="bbox 399 2686 1973 2759">
     <span class='ocr_line' id='line_1_30' title="bbox 399 2686 1973 2759; baseline -0.001 -14"><span class='ocrx_word' id='word_1_206' title='bbox 399 2689 606 2759; x_wconf 83' lang='lat' dir='ltr'><strong>absque</strong></span> <span class='ocrx_word' id='word_1_207' title='bbox 639 2688 744 2743; x_wconf 85' lang='lat' dir='ltr'><strong>ulla</strong></span> <span class='ocrx_word' id='word_1_208' title='bbox 777 2688 1127 2744; x_wconf 90' lang='lat' dir='ltr'><strong>miseratione</strong></span> <span class='ocrx_word' id='word_1_209' title='bbox 1171 2686 1534 2756; x_wconf 88' lang='lat' dir='ltr'><strong>pertulerunt,</strong></span> <span class='ocrx_word' id='word_1_210' title='bbox 1573 2696 1736 2757; x_wconf 89' lang='lat' dir='ltr'><strong>prout</strong></span> <span class='ocrx_word' id='word_1_211' title='bbox 1760 2689 1973 2744; x_wconf 88' lang='lat' dir='ltr'><strong>scilicet</strong></span> 
     </span>
    </p>
   </div>
   <div class='ocr_carea' id='block_1_31' title="bbox 397 2779 1971 2851">
    <p class='ocr_par' dir='ltr' id='par_1_31' title="bbox 397 2779 1971 2851">
     <span class='ocr_line' id='line_1_31' title="bbox 397 2779 1971 2851; baseline 0.002 -17"><span class='ocrx_word' id='word_1_212' title='bbox 397 2781 646 2851; x_wconf 73' lang='lat' dir='ltr'><strong>generosi</strong></span> <span class='ocrx_word' id='word_1_213' title='bbox 679 2780 756 2834; x_wconf 92' lang='lat' dir='ltr'><strong>illi</strong></span> <span class='ocrx_word' id='word_1_214' title='bbox 787 2791 840 2836; x_wconf 84' lang='lat' dir='ltr'><strong>et</strong></span> <span class='ocrx_word' id='word_1_215' title='bbox 868 2781 1006 2849; x_wconf 65' lang='lat' dir='ltr'><strong>aequi</strong></span> <span class='ocrx_word' id='word_1_216' title='bbox 1033 2780 1246 2848; x_wconf 85' lang='lat' dir='ltr'><strong>judiees</strong></span> <span class='ocrx_word' id='word_1_217' title='bbox 1283 2779 1559 2835; x_wconf 88' lang='lat' dir='ltr'><strong>solertiam</strong></span> <span class='ocrx_word' id='word_1_218' title='bbox 1603 2795 1757 2835; x_wconf 91' lang='lat' dir='ltr'><strong>suam</strong></span> <span class='ocrx_word' id='word_1_219' title='bbox 1787 2793 1971 2836; x_wconf 88' lang='lat' dir='ltr'><strong>osten-</strong></span> 
     </span>
    </p>
   </div>
   <div class='ocr_carea' id='block_1_32' title="bbox 399 2870 1972 2942">
    <p class='ocr_par' dir='ltr' id='par_1_32' title="bbox 399 2870 1972 2942">
     <span class='ocr_line' id='line_1_32' title="bbox 399 2870 1972 2942; baseline 0.003 -16"><span class='ocrx_word' id='word_1_220' title='bbox 399 2881 600 2937; x_wconf 81' lang='lat' dir='ltr'><strong>tantes,</strong></span> <span class='ocrx_word' id='word_1_221' title='bbox 627 2872 781 2942; x_wconf 88' lang='lat' dir='ltr'><strong>quasi</strong></span> <span class='ocrx_word' id='word_1_222' title='bbox 815 2872 916 2926; x_wconf 88' lang='lat' dir='ltr'><strong>hoc</strong></span> <span class='ocrx_word' id='word_1_223' title='bbox 948 2871 1168 2925; x_wconf 85' lang='lat' dir='ltr'><strong>virtutis</strong></span> <span class='ocrx_word' id='word_1_224' title='bbox 1202 2870 1432 2941; x_wconf 88' lang='lat' dir='ltr'><strong>alicujus</strong></span> <span class='ocrx_word' id='word_1_225' title='bbox 1462 2886 1526 2926; x_wconf 89' lang='lat' dir='ltr'><strong>ac</strong></span> <span class='ocrx_word' id='word_1_226' title='bbox 1564 2874 1862 2941; x_wconf 66' lang='lat' dir='ltr'><strong>prudentiae</strong></span> <span class='ocrx_word' id='word_1_227' title='bbox 1885 2889 1972 2930; x_wconf 80' lang='lat' dir='ltr'><strong>es-</strong></span> 
     </span>
    </p>
   </div>
   <div class='ocr_carea' id='block_1_33' title="bbox 397 2963 1968 3038">
    <p class='ocr_par' dir='ltr' id='par_1_33' title="bbox 397 2963 1968 3038">
     <span class='ocr_line' id='line_1_33' title="bbox 397 2963 1968 3038; baseline 0.003 -20"><span class='ocrx_word' id='word_1_228' title='bbox 397 2973 504 3028; x_wconf 77' lang='lat' dir='ltr'><strong>set,</strong></span> <span class='ocrx_word' id='word_1_229' title='bbox 531 2963 870 3018; x_wconf 88' lang='lat' dir='ltr'><strong>ambitiosius</strong></span> <span class='ocrx_word' id='word_1_230' title='bbox 907 2963 1329 3032; x_wconf 81' lang='lat' dir='ltr'><strong>excogitabant;</strong></span> <span class='ocrx_word' id='word_1_231' title='bbox 1363 2963 1516 3018; x_wconf 87' lang='lat' dir='ltr'><strong>novis</strong></span> <span class='ocrx_word' id='word_1_232' title='bbox 1551 2965 1793 3034; x_wconf 86' lang='lat' dir='ltr'><strong>quotidie</strong></span> <span class='ocrx_word' id='word_1_233' title='bbox 1840 2982 1968 3038; x_wconf 83' lang='lat' dir='ltr'><strong>sup-</strong></span> 
     </span>
    </p>
   </div>
   <div class='ocr_carea' id='block_1_34' title="bbox 397 3055 1962 3128">
    <p class='ocr_par' dir='ltr' id='par_1_34' title="bbox 397 3055 1962 3128">
     <span class='ocr_line' id='line_1_34' title="bbox 397 3055 1962 3128; baseline 0.004 -20"><span class='ocrx_word' id='word_1_234' title='bbox 397 3055 683 3126; x_wconf 90' lang='lat' dir='ltr'><strong>pliciorum</strong></span> <span class='ocrx_word' id='word_1_235' title='bbox 728 3056 990 3121; x_wconf 85' lang='lat' dir='ltr'><strong>inventis,</strong></span> <span class='ocrx_word' id='word_1_236' title='bbox 1020 3064 1276 3124; x_wconf 84' lang='lat' dir='ltr'><strong>tanquam</strong></span> <span class='ocrx_word' id='word_1_237' title='bbox 1310 3055 1365 3109; x_wconf 90' lang='lat' dir='ltr'><strong>in</strong></span> <span class='ocrx_word' id='word_1_238' title='bbox 1401 3057 1697 3113; x_wconf 87' lang='lat' dir='ltr'><strong>certamine</strong></span> <span class='ocrx_word' id='word_1_239' title='bbox 1730 3061 1962 3128; x_wconf 83' lang='lat' dir='ltr'><strong>quodam</strong></span> 
     </span>
    </p>
   </div>
   <div class='ocr_carea' id='block_1_35' title="bbox 397 3147 1969 3220">
    <p class='ocr_par' dir='ltr' id='par_1_35' title="bbox 397 3147 1969 3220">
     <span class='ocr_line' id='line_1_35' title="bbox 397 3147 1969 3220; baseline 0.001 -17"><span class='ocrx_word' id='word_1_240' title='bbox 397 3148 453 3203; x_wconf 90' lang='lat' dir='ltr'><strong>in</strong></span> <span class='ocrx_word' id='word_1_241' title='bbox 484 3164 592 3218; x_wconf 92' lang='lat' dir='ltr'><strong>quo</strong></span> <span class='ocrx_word' id='word_1_242' title='bbox 621 3150 896 3220; x_wconf 81' lang='lat' dir='ltr'><strong>proposita</strong></span> <span class='ocrx_word' id='word_1_243' title='bbox 931 3157 1059 3202; x_wconf 89' lang='lat' dir='ltr'><strong>sunt</strong></span> <span class='ocrx_word' id='word_1_244' title='bbox 1089 3147 1333 3217; x_wconf 79' lang='lat' dir='ltr'><strong>praemia,</strong></span> <span class='ocrx_word' id='word_1_245' title='bbox 1372 3162 1631 3216; x_wconf 91' lang='lat' dir='ltr'><strong>superare</strong></span> <span class='ocrx_word' id='word_1_246' title='bbox 1655 3163 1712 3203; x_wconf 88' lang='lat' dir='ltr'><strong>se</strong></span> <span class='ocrx_word' id='word_1_247' title='bbox 1741 3150 1969 3204; x_wconf 78' lang='lat' dir='ltr'><strong>invicem</strong></span> 
     </span>
    </p>
   </div>
   <div class='ocr_carea' id='block_1_36' title="bbox 397 3237 1971 3310">
    <p class='ocr_par' dir='ltr' id='par_1_36' title="bbox 397 3237 1971 3310">
     <span class='ocr_line' id='line_1_36' title="bbox 397 3237 1971 3310; baseline 0.001 -15"><span class='ocrx_word' id='word_1_248' title='bbox 397 3241 807 3296; x_wconf 88' lang='lat' dir='ltr'><strong>contendentes.</strong></span> <span class='ocrx_word' id='word_1_249' title='bbox 854 3241 1123 3295; x_wconf 66' lang='lat' dir='ltr'><strong>Caeterum</strong></span> <span class='ocrx_word' id='word_1_250' title='bbox 1161 3241 1245 3292; x_wconf 69' lang='lat' dir='ltr'><strong>ha:</strong></span> <span class='ocrx_word' id='word_1_251' title='bbox 1295 3237 1629 3293; x_wconf 88' lang='lat' dir='ltr'><strong>calamitates</strong></span> <span class='ocrx_word' id='word_1_252' title='bbox 1664 3255 1772 3294; x_wconf 92' lang='lat' dir='ltr'><strong>non</strong></span> <span class='ocrx_word' id='word_1_253' title='bbox 1822 3242 1971 3310; x_wconf 90' lang='lat' dir='ltr'><strong>prius</strong></span> 
     </span>
    </p>
   </div>
   <div class='ocr_carea' id='block_1_37' title="bbox 399 3329 1970 3402">
    <p class='ocr_par' dir='ltr' id='par_1_37' title="bbox 399 3329 1970 3402">
     <span class='ocr_line' id='line_1_37' title="bbox 399 3329 1970 3402; baseline 0.003 -17"><span class='ocrx_word' id='word_1_254' title='bbox 399 3331 561 3386; x_wconf 84' lang='lat' dir='ltr'><strong>ﬁnem</strong></span> <span class='ocrx_word' id='word_1_255' title='bbox 591 3343 948 3402; x_wconf 82' lang='lat' dir='ltr'><strong>acceperunt,</strong></span> <span class='ocrx_word' id='word_1_256' title='bbox 978 3348 1137 3401; x_wconf 88' lang='lat' dir='ltr'><strong>quam</strong></span> <span class='ocrx_word' id='word_1_257' title='bbox 1167 3329 1382 3399; x_wconf 90' lang='lat' dir='ltr'><strong>judices</strong></span> <span class='ocrx_word' id='word_1_258' title='bbox 1417 3338 1496 3384; x_wconf 90' lang='lat' dir='ltr'><strong>tot</strong></span> <span class='ocrx_word' id='word_1_259' title='bbox 1527 3333 1784 3388; x_wconf 75' lang='lat' dir='ltr'><strong>aerumnis</strong></span> <span class='ocrx_word' id='word_1_260' title='bbox 1816 3335 1970 3402; x_wconf 87' lang='lat' dir='ltr'><strong>quid-</strong></span> 
     </span>
    </p>
   </div>
   <div class='ocr_carea' id='block_1_38' title="bbox 395 3425 1971 3496">
    <p class='ocr_par' dir='ltr' id='par_1_38' title="bbox 395 3425 1971 3496">
     <span class='ocr_line' id='line_1_38' title="bbox 395 3425 1971 3496; baseline 0.002 -19"><span class='ocrx_word' id='word_1_261' title='bbox 395 3439 558 3494; x_wconf 89' lang='lat' dir='ltr'><strong>quam</strong></span> <span class='ocrx_word' id='word_1_262' title='bbox 590 3425 828 3495; x_wconf 86' lang='lat' dir='ltr'><strong>adjicere</strong></span> <span class='ocrx_word' id='word_1_263' title='bbox 876 3440 1037 3494; x_wconf 88' lang='lat' dir='ltr'><strong>posse</strong></span> <span class='ocrx_word' id='word_1_264' title='bbox 1067 3425 1439 3495; x_wconf 87' lang='lat' dir='ltr'><strong>desperantes,</strong></span> <span class='ocrx_word' id='word_1_265' title='bbox 1464 3425 1688 3496; x_wconf 87' lang='lat' dir='ltr'><strong>jamque</strong></span> <span class='ocrx_word' id='word_1_266' title='bbox 1735 3425 1971 3481; x_wconf 69' lang='lat' dir='ltr'><strong>caedibus</strong></span> 
     </span>
    </p>
   </div>
   <div class='ocr_carea' id='block_1_39' title="bbox 397 3515 1968 3586">
    <p class='ocr_par' dir='ltr' id='par_1_39' title="bbox 397 3515 1968 3586">
     <span class='ocr_line' id='line_1_39' title="bbox 397 3515 1968 3586; baseline -0.001 -16"><span class='ocrx_word' id='word_1_267' title='bbox 397 3516 553 3581; x_wconf 80' lang='lat' dir='ltr'><strong>fessi,</strong></span> <span class='ocrx_word' id='word_1_268' title='bbox 583 3531 706 3572; x_wconf 88' lang='lat' dir='ltr'><strong>cum</strong></span> <span class='ocrx_word' id='word_1_269' title='bbox 755 3515 901 3585; x_wconf 92' lang='lat' dir='ltr'><strong>ipsos</strong></span> <span class='ocrx_word' id='word_1_270' title='bbox 944 3517 1227 3586; x_wconf 82' lang='lat' dir='ltr'><strong>sanguinis</strong></span> <span class='ocrx_word' id='word_1_271' title='bbox 1258 3519 1480 3573; x_wconf 88' lang='lat' dir='ltr'><strong>satietas</strong></span> <span class='ocrx_word' id='word_1_272' title='bbox 1509 3531 1574 3570; x_wconf 89' lang='lat' dir='ltr'><strong>ac</strong></span> <span class='ocrx_word' id='word_1_273' title='bbox 1616 3515 1830 3570; x_wconf 57' lang='lat' dir='ltr'><strong>taedium</strong></span> <span class='ocrx_word' id='word_1_274' title='bbox 1881 3528 1968 3570; x_wconf 89' lang='lat' dir='ltr'><strong>ce-</strong></span> 
     </span>
    </p>
   </div>
   <div class='ocr_carea' id='block_1_40' title="bbox 396 3608 1965 3680">
    <p class='ocr_par' dir='ltr' id='par_1_40' title="bbox 396 3608 1965 3680">
     <span class='ocr_line' id='line_1_40' title="bbox 396 3608 1965 3680; baseline 0 -18"><span class='ocrx_word' id='word_1_275' title='bbox 396 3609 584 3679; x_wconf 89' lang='lat' dir='ltr'><strong>pisset,</strong></span> <span class='ocrx_word' id='word_1_276' title='bbox 636 3610 701 3662; x_wconf 86' lang='lat' dir='ltr'><strong>ad</strong></span> <span class='ocrx_word' id='word_1_277' title='bbox 748 3609 1052 3678; x_wconf 82' lang='lat' dir='ltr'><strong>speciosam</strong></span> <span class='ocrx_word' id='word_1_278' title='bbox 1098 3608 1267 3674; x_wconf 89' lang='lat' dir='ltr'><strong>illam,</strong></span> <span class='ocrx_word' id='word_1_279' title='bbox 1316 3619 1375 3662; x_wconf 86' lang='lat' dir='ltr'><strong>ut</strong></span> <span class='ocrx_word' id='word_1_280' title='bbox 1415 3610 1632 3680; x_wconf 90' lang='lat' dir='ltr'><strong>quidem</strong></span> <span class='ocrx_word' id='word_1_281' title='bbox 1684 3608 1965 3679; x_wconf 87' lang='lat' dir='ltr'><strong>putabant,</strong></span> 
     </span>
    </p>
   </div>
   <div class='ocr_carea' id='block_1_41' title="bbox 394 3699 1966 3780">
    <p class='ocr_par' dir='ltr' id='par_1_41' title="bbox 394 3699 1966 3780">
     <span class='ocr_line' id='line_1_41' title="bbox 394 3699 1966 3780; baseline 0 -28"><span class='ocrx_word' id='word_1_282' title='bbox 394 3699 738 3780; x_wconf 78' lang='lat' dir='ltr'><strong>clementiam</strong></span> <span class='ocrx_word' id='word_1_283' title='bbox 769 3709 935 3768; x_wconf 84' lang='lat' dir='ltr'><strong>atque</strong></span> <span class='ocrx_word' id='word_1_284' title='bbox 959 3701 1355 3755; x_wconf 86' lang='lat' dir='ltr'><strong>humanitatem</strong></span> <span class='ocrx_word' id='word_1_285' title='bbox 1389 3715 1447 3755; x_wconf 92' lang='lat' dir='ltr'><strong>se</strong></span> <span class='ocrx_word' id='word_1_286' title='bbox 1475 3707 1883 3762; x_wconf 87' lang='lat' dir='ltr'><strong>converterunt,</strong></span> <span class='ocrx_word' id='word_1_287' title='bbox 1910 3708 1966 3752; x_wconf 89' lang='lat' dir='ltr'><strong>ut</strong></span> 
     </span>
    </p>
   </div>
   <div class='ocr_carea' id='block_1_42' title="bbox 393 3791 1968 3864">
    <p class='ocr_par' dir='ltr' id='par_1_42' title="bbox 393 3791 1968 3864">
     <span class='ocr_line' id='line_1_42' title="bbox 393 3791 1968 3864; baseline 0 -17"><span class='ocrx_word' id='word_1_288' title='bbox 393 3793 726 3864; x_wconf 89' lang='lat' dir='ltr'><strong>inposterum</strong></span> <span class='ocrx_word' id='word_1_289' title='bbox 779 3794 928 3847; x_wconf 91' lang='lat' dir='ltr'><strong>nulla</strong></span> <span class='ocrx_word' id='word_1_290' title='bbox 980 3794 1267 3848; x_wconf 88' lang='lat' dir='ltr'><strong>adversum</strong></span> <span class='ocrx_word' id='word_1_291' title='bbox 1312 3807 1410 3848; x_wconf 91' lang='lat' dir='ltr'><strong>nos</strong></span> <span class='ocrx_word' id='word_1_292' title='bbox 1446 3792 1524 3847; x_wconf 87' lang='lat' dir='ltr'><strong>uti</strong></span> <span class='ocrx_word' id='word_1_293' title='bbox 1583 3791 1786 3847; x_wconf 61' lang='lat' dir='ltr'><strong>saevitia</strong></span> <span class='ocrx_word' id='word_1_294' title='bbox 1817 3791 1968 3847; x_wconf 80' lang='lat' dir='ltr'><strong>vide-</strong></span> 
     </span>
    </p>
   </div>
   <div class='ocr_carea' id='block_1_43' title="bbox 395 3884 1969 3954">
    <p class='ocr_par' dir='ltr' id='par_1_43' title="bbox 395 3884 1969 3954">
     <span class='ocr_line' id='line_1_43' title="bbox 395 3884 1969 3954; baseline -0.003 -14"><span class='ocrx_word' id='word_1_295' title='bbox 395 3895 604 3941; x_wconf 88' lang='lat' dir='ltr'><strong>rentur.</strong></span> <span class='ocrx_word' id='word_1_296' title='bbox 637 3885 822 3954; x_wconf 84' lang='lat' dir='ltr'><strong>Neque</strong></span> <span class='ocrx_word' id='word_1_297' title='bbox 846 3887 992 3941; x_wconf 90' lang='lat' dir='ltr'><strong>enim</strong></span> <span class='ocrx_word' id='word_1_298' title='bbox 1033 3885 1116 3940; x_wconf 79' lang='lat' dir='ltr'><strong>fas</strong></span> <span class='ocrx_word' id='word_1_299' title='bbox 1148 3900 1270 3940; x_wconf 91' lang='lat' dir='ltr'><strong>esse</strong></span> <span class='ocrx_word' id='word_1_300' title='bbox 1297 3885 1536 3949; x_wconf 87' lang='lat' dir='ltr'><strong>aiebant,</strong></span> <span class='ocrx_word' id='word_1_301' title='bbox 1568 3893 1627 3938; x_wconf 92' lang='lat' dir='ltr'><strong>ut</strong></span> <span class='ocrx_word' id='word_1_302' title='bbox 1658 3885 1820 3938; x_wconf 88' lang='lat' dir='ltr'><strong>urbes</strong></span> <span class='ocrx_word' id='word_1_303' title='bbox 1848 3884 1969 3952; x_wconf 90' lang='lat' dir='ltr'><strong>qui-</strong></span> 
     </span>
    </p>
   </div>
   <div class='ocr_carea' id='block_1_44' title="bbox 393 3977 1963 4049">
    <p class='ocr_par' dir='ltr' id='par_1_44' title="bbox 393 3977 1963 4049">
     <span class='ocr_line' id='line_1_44' title="bbox 393 3977 1963 4049; baseline -0.002 -16"><span class='ocrx_word' id='word_1_304' title='bbox 393 3979 513 4034; x_wconf 92' lang='lat' dir='ltr'><strong>dem</strong></span> <span class='ocrx_word' id='word_1_305' title='bbox 547 3978 743 4032; x_wconf 90' lang='lat' dir='ltr'><strong>civium</strong></span> <span class='ocrx_word' id='word_1_306' title='bbox 778 3979 1043 4049; x_wconf 84' lang='lat' dir='ltr'><strong>sanguine</strong></span> <span class='ocrx_word' id='word_1_307' title='bbox 1082 3977 1615 4044; x_wconf 88' lang='lat' dir='ltr'><strong>contaminarentur;</strong></span> <span class='ocrx_word' id='word_1_308' title='bbox 1669 3980 1963 4046; x_wconf 86' lang='lat' dir='ltr'><strong>imperato-</strong></span> 
     </span>
    </p>
   </div>
   <div class='ocr_carea' id='block_1_45' title="bbox 393 4067 1964 4140">
    <p class='ocr_par' dir='ltr' id='par_1_45' title="bbox 393 4067 1964 4140">
     <span class='ocr_line' id='line_1_45' title="bbox 393 4067 1964 4140; baseline -0.003 -16"><span class='ocrx_word' id='word_1_309' title='bbox 393 4085 484 4125; x_wconf 91' lang='lat' dir='ltr'><strong>res</strong></span> <span class='ocrx_word' id='word_1_310' title='bbox 531 4079 710 4123; x_wconf 90' lang='lat' dir='ltr'><strong>autem</strong></span> <span class='ocrx_word' id='word_1_311' title='bbox 767 4070 869 4138; x_wconf 89' lang='lat' dir='ltr'><strong>ipsi</strong></span> <span class='ocrx_word' id='word_1_312' title='bbox 917 4084 1044 4139; x_wconf 87' lang='lat' dir='ltr'><strong>erga</strong></span> <span class='ocrx_word' id='word_1_313' title='bbox 1098 4083 1290 4124; x_wconf 88' lang='lat' dir='ltr'><strong>omnes</strong></span> <span class='ocrx_word' id='word_1_314' title='bbox 1333 4068 1552 4140; x_wconf 79' lang='lat' dir='ltr'><strong>benigni</strong></span> <span class='ocrx_word' id='word_1_315' title='bbox 1597 4084 1662 4123; x_wconf 92' lang='lat' dir='ltr'><strong>ac</strong></span> <span class='ocrx_word' id='word_1_316' title='bbox 1694 4067 1964 4122; x_wconf 89' lang='lat' dir='ltr'><strong>mansueti</strong></span> 
     </span>
    </p>
   </div>
   <div class='ocr_carea' id='block_1_46' title="bbox 392 4160 1966 4232">
    <p class='ocr_par' dir='ltr' id='par_1_46' title="bbox 392 4160 1966 4232">
     <span class='ocr_line' id='line_1_46' title="bbox 392 4160 1966 4232; baseline -0.002 -16"><span class='ocrx_word' id='word_1_317' title='bbox 392 4161 726 4217; x_wconf 81' lang='lat' dir='ltr'><strong>crudelitatis</strong></span> <span class='ocrx_word' id='word_1_318' title='bbox 760 4171 1178 4232; x_wconf 82' lang='lat' dir='ltr'><strong>aspergerentur</strong></span> <span class='ocrx_word' id='word_1_319' title='bbox 1215 4161 1437 4216; x_wconf 78' lang='lat' dir='ltr'><strong>infamia</strong></span> <span class='ocrx_word' id='word_1_320' title='bbox 1471 4178 1484 4214; x_wconf 91' lang='lat'><strong>:</strong></span> <span class='ocrx_word' id='word_1_321' title='bbox 1519 4161 1611 4216; x_wconf 91' lang='lat' dir='ltr'><strong>sed</strong></span> <span class='ocrx_word' id='word_1_322' title='bbox 1659 4160 1838 4230; x_wconf 91' lang='lat' dir='ltr'><strong>potius</strong></span> <span class='ocrx_word' id='word_1_323' title='bbox 1873 4161 1966 4214; x_wconf 85' lang='lat' dir='ltr'><strong>de-</strong></span> 
     </span>
    </p>
   </div>
   <div class='ocr_carea' id='block_1_47' title="bbox 390 4251 1963 4323">
    <p class='ocr_par' dir='ltr' id='par_1_47' title="bbox 390 4251 1963 4323">
     <span class='ocr_line' id='line_1_47' title="bbox 390 4251 1963 4323; baseline -0.003 -13"><span class='ocrx_word' id='word_1_324' title='bbox 390 4268 537 4320; x_wconf 83' lang='lat' dir='ltr'><strong>cere,</strong></span> <span class='ocrx_word' id='word_1_325' title='bbox 554 4263 614 4309; x_wconf 90' lang='lat' dir='ltr'><strong>ut</strong></span> <span class='ocrx_word' id='word_1_326' title='bbox 636 4254 944 4309; x_wconf 87' lang='lat' dir='ltr'><strong>humanitas</strong></span> <span class='ocrx_word' id='word_1_327' title='bbox 969 4263 1022 4308; x_wconf 92' lang='lat' dir='ltr'><strong>et</strong></span> <span class='ocrx_word' id='word_1_328' title='bbox 1043 4255 1398 4311; x_wconf 88' lang='lat' dir='ltr'><strong>benelicentia</strong></span> <span class='ocrx_word' id='word_1_329' title='bbox 1419 4252 1784 4323; x_wconf 64' lang='lat' dir='ltr'><strong>imperatoriae</strong></span> <span class='ocrx_word' id='word_1_330' title='bbox 1803 4251 1963 4322; x_wconf 81' lang='lat'><strong>307</strong></span> 
     </span>
    </p>
   </div>
   <div class='ocr_carea' id='block_1_48' title="bbox 390 4345 1963 4416">
    <p class='ocr_par' dir='ltr' id='par_1_48' title="bbox 390 4345 1963 4416">
     <span class='ocr_line' id='line_1_48' title="bbox 390 4345 1963 4416; baseline -0.003 -14"><span class='ocrx_word' id='word_1_331' title='bbox 390 4345 691 4416; x_wconf 87' lang='lat' dir='ltr'><strong>majestatis</strong></span> <span class='ocrx_word' id='word_1_332' title='bbox 735 4346 788 4400; x_wconf 91' lang='lat' dir='ltr'><strong>in</strong></span> <span class='ocrx_word' id='word_1_333' title='bbox 827 4346 1112 4401; x_wconf 88' lang='lat' dir='ltr'><strong>universos</strong></span> <span class='ocrx_word' id='word_1_334' title='bbox 1157 4345 1577 4408; x_wconf 83' lang='lat' dir='ltr'><strong>dill&#39;underetur,</strong></span> <span class='ocrx_word' id='word_1_335' title='bbox 1603 4359 1704 4398; x_wconf 89' lang='lat' dir='ltr'><strong>nec</strong></span> <span class='ocrx_word' id='word_1_336' title='bbox 1736 4345 1963 4414; x_wconf 83' lang='lat' dir='ltr'><strong>posthac</strong></span> 
     </span>
    </p>
   </div>
   <div class='ocr_carea' id='block_1_49' title="bbox 2080 481 3647 554">
    <p class='ocr_par' dir='ltr' id='par_1_49' title="bbox 2080 481 3647 554">
     <span class='ocr_line' id='line_1_49' title="bbox 2080 481 3647 554; baseline 0 -19"><span class='ocrx_word' id='word_1_337' title='bbox 2080 483 2215 536; x_wconf 89' lang='grc' dir='ltr'><strong>ἀλλά</strong></span> <span class='ocrx_word' id='word_1_338' title='bbox 2252 483 2346 536; x_wconf 81' lang='grc' dir='ltr'><strong>καὶ</strong></span> <span class='ocrx_word' id='word_1_339' title='bbox 2374 484 2434 536; x_wconf 76' lang='grc' dir='ltr'>τὸ</span> <span class='ocrx_word' id='word_1_340' title='bbox 2465 483 2750 554; x_wconf 80' lang='grc' dir='ltr'>προδοῦναι</span> <span class='ocrx_word' id='word_1_341' title='bbox 2782 481 2882 545; x_wconf 84' lang='grc' dir='ltr'>τὰς</span> <span class='ocrx_word' id='word_1_342' title='bbox 2919 481 3097 551; x_wconf 79' lang='grc' dir='ltr'>ψυχὰς</span> <span class='ocrx_word' id='word_1_343' title='bbox 3126 485 3191 552; x_wconf 78' lang='grc' dir='ltr'>τῇ</span> <span class='ocrx_word' id='word_1_344' title='bbox 3233 481 3340 535; x_wconf 91' lang='grc' dir='ltr'><strong>τῶν</strong></span> <span class='ocrx_word' id='word_1_345' title='bbox 3385 481 3647 551; x_wconf 81' lang='grc' dir='ltr'><strong>δαιμόνων</strong></span> 
     </span>
    </p>
   </div>
   <div class='ocr_carea' id='block_1_50' title="bbox 2079 573 3648 646">
    <p class='ocr_par' dir='ltr' id='par_1_50' title="bbox 2079 573 3648 646">
     <span class='ocr_line' id='line_1_50' title="bbox 2079 573 3648 646; baseline 0 -18"><span class='ocrx_word' id='word_1_346' title='bbox 2079 575 2311 646; x_wconf 73' lang='grc' dir='ltr'>δουλείᾳ,</span> <span class='ocrx_word' id='word_1_347' title='bbox 2342 576 2558 630; x_wconf 87' lang='grc' dir='ltr'>πάντων</span> <span class='ocrx_word' id='word_1_348' title='bbox 2589 575 2854 646; x_wconf 80' lang='grc' dir='ltr'><strong>ὑπάρχειν</strong></span> <span class='ocrx_word' id='word_1_349' title='bbox 2876 573 3118 626; x_wconf 82' lang='grc' dir='ltr'><strong>θανάτων</strong></span> <span class='ocrx_word' id='word_1_350' title='bbox 3147 574 3242 626; x_wconf 76' lang='grc' dir='ltr'><strong>καὶ</strong></span> <span class='ocrx_word' id='word_1_351' title='bbox 3265 573 3446 644; x_wconf 88' lang='grc' dir='ltr'>πάσης</span> <span class='ocrx_word' id='word_1_352' title='bbox 3475 577 3648 644; x_wconf 82' lang='grc' dir='ltr'>χεῖρον</span> 
     </span>
    </p>
   </div>
   <div class='ocr_carea' id='block_1_51' title="bbox 2079 661 3649 739">
    <p class='ocr_par' dir='ltr' id='par_1_51' title="bbox 2079 661 3649 739">
     <span class='ocr_line' id='line_1_51' title="bbox 2079 661 3649 739; baseline 0 -18"><span class='ocrx_word' id='word_1_353' title='bbox 2079 668 2350 732; x_wconf 81' lang='grc' dir='ltr'><strong>ἀπωλείας</strong></span> <span class='ocrx_word' id='word_1_354' title='bbox 2383 669 2620 739; x_wconf 71' lang='grc' dir='ltr'>φήσασα,</span> <span class='ocrx_word' id='word_1_355' title='bbox 2659 667 2787 738; x_wconf 84' lang='grc' dir='ltr'>μίαν</span> <span class='ocrx_word' id='word_1_356' title='bbox 2814 665 3016 719; x_wconf 91' lang='grc' dir='ltr'>τούτων</span> <span class='ocrx_word' id='word_1_357' title='bbox 3047 666 3302 718; x_wconf 86' lang='grc' dir='ltr'>ἁπάντων</span> <span class='ocrx_word' id='word_1_358' title='bbox 3331 661 3470 719; x_wconf 78' lang='grc' dir='ltr'>εἶναι</span> <span class='ocrx_word' id='word_1_359' title='bbox 3500 666 3649 721; x_wconf 81' lang='grc' dir='ltr'>λύσιν</span> 
     </span>
    </p>
   </div>
   <div class='ocr_carea' id='block_1_52' title="bbox 2080 757 3649 831">
    <p class='ocr_par' dir='ltr' id='par_1_52' title="bbox 2080 757 3649 831">
     <span class='ocr_line' id='line_1_52' title="bbox 2080 757 3649 831; baseline -0.001 -17"><span class='ocrx_word' id='word_1_360' title='bbox 2080 761 2381 823; x_wconf 80' lang='grc' dir='ltr'>ὑπετίθετο,</span> <span class='ocrx_word' id='word_1_361' title='bbox 2417 761 2514 831; x_wconf 80' lang='grc' dir='ltr'>τὴν</span> <span class='ocrx_word' id='word_1_362' title='bbox 2548 761 2642 813; x_wconf 76' lang='grc' dir='ltr'>ἐπὶ</span> <span class='ocrx_word' id='word_1_363' title='bbox 2668 759 2758 812; x_wconf 86' lang='grc' dir='ltr'><strong>τὸν</strong></span> <span class='ocrx_word' id='word_1_364' title='bbox 2796 758 2998 829; x_wconf 83' lang='grc' dir='ltr'>Κύριον</span> <span class='ocrx_word' id='word_1_365' title='bbox 3028 758 3382 828; x_wconf 81' lang='grc' dir='ltr'>καταφυγήν·</span> <span class='ocrx_word' id='word_1_366' title='bbox 3417 757 3649 812; x_wconf 75' lang='grc' dir='ltr'>κᾶπειτα</span> 
     </span>
    </p>
   </div>
   <div class='ocr_carea' id='block_1_53' title="bbox 2077 847 3645 924">
    <p class='ocr_par' dir='ltr' id='par_1_53' title="bbox 2077 847 3645 924">
     <span class='ocr_line' id='line_1_53' title="bbox 2077 847 3645 924; baseline -0.001 -22"><span class='ocrx_word' id='word_1_367' title='bbox 2077 850 2210 921; x_wconf 79' lang='grc' dir='ltr'>ὁμοῦ</span> <span class='ocrx_word' id='word_1_368' title='bbox 2238 854 2302 922; x_wconf 79' lang='grc' dir='ltr'>τῇ</span> <span class='ocrx_word' id='word_1_369' title='bbox 2337 849 2528 924; x_wconf 85' lang='grc' dir='ltr'>γνώμῃ</span> <span class='ocrx_word' id='word_1_370' title='bbox 2560 849 2901 920; x_wconf 82' lang='grc' dir='ltr'>συνθέμεναι,</span> <span class='ocrx_word' id='word_1_371' title='bbox 2927 851 2997 903; x_wconf 88' lang='grc' dir='ltr'><strong>τά</strong></span> <span class='ocrx_word' id='word_1_372' title='bbox 3026 866 3085 901; x_wconf 85' lang='grc' dir='ltr'><strong>τε</strong></span> <span class='ocrx_word' id='word_1_373' title='bbox 3117 847 3345 919; x_wconf 82' lang='grc' dir='ltr'>σώματα</span> <span class='ocrx_word' id='word_1_374' title='bbox 3372 849 3645 919; x_wconf 85' lang='grc' dir='ltr'>περιστεί-</span> 
     </span>
    </p>
   </div>
   <div class='ocr_carea' id='block_1_54' title="bbox 2076 941 3648 1013">
    <p class='ocr_par' dir='ltr' id='par_1_54' title="bbox 2076 941 3648 1013">
     <span class='ocr_line' id='line_1_54' title="bbox 2076 941 3648 1013; baseline -0.001 -18"><span class='ocrx_word' id='word_1_375' title='bbox 2076 941 2234 996; x_wconf 88' lang='grc' dir='ltr'>λασαι</span> <span class='ocrx_word' id='word_1_376' title='bbox 2265 943 2504 1013; x_wconf 85' lang='grc' dir='ltr'><strong>κοσμίως</strong></span> <span class='ocrx_word' id='word_1_377' title='bbox 2540 946 2652 1006; x_wconf 85' lang='grc' dir='ltr'>τοῖς</span> <span class='ocrx_word' id='word_1_378' title='bbox 2689 942 3112 1012; x_wconf 86' lang='grc' dir='ltr'>περιϐλήμασιν,</span> <span class='ocrx_word' id='word_1_379' title='bbox 3145 941 3232 994; x_wconf 77' lang='grc' dir='ltr'>ἐπ’</span> <span class='ocrx_word' id='word_1_380' title='bbox 3276 941 3445 1011; x_wconf 78' lang='grc' dir='ltr'>αὑτῆς</span> <span class='ocrx_word' id='word_1_381' title='bbox 3481 942 3648 1013; x_wconf 70' lang='grc' dir='ltr'>μέσης</span> 
     </span>
    </p>
   </div>
   <div class='ocr_carea' id='block_1_55' title="bbox 2077 1031 3646 1108">
    <p class='ocr_par' dir='ltr' id='par_1_55' title="bbox 2077 1031 3646 1108">
     <span class='ocr_line' id='line_1_55' title="bbox 2077 1031 3646 1108; baseline 0.003 -23"><span class='ocrx_word' id='word_1_382' title='bbox 2077 1034 2359 1104; x_wconf 85' lang='grc' dir='ltr'>γενόμεναι</span> <span class='ocrx_word' id='word_1_383' title='bbox 2398 1035 2494 1105; x_wconf 83' lang='grc' dir='ltr'>τῆς</span> <span class='ocrx_word' id='word_1_384' title='bbox 2532 1033 2652 1087; x_wconf 81' lang='grc' dir='ltr'>ὁδοῦ</span> <span class='ocrx_word' id='word_1_385' title='bbox 2678 1034 2812 1105; x_wconf 81' lang='grc'>(48),</span> <span class='ocrx_word' id='word_1_386' title='bbox 2851 1031 3021 1108; x_wconf 86' lang='grc' dir='ltr'>βραχύ</span> <span class='ocrx_word' id='word_1_387' title='bbox 3054 1051 3106 1088; x_wconf 92' lang='grc' dir='ltr'><strong>τι</strong></span> <span class='ocrx_word' id='word_1_388' title='bbox 3137 1035 3262 1098; x_wconf 82' lang='grc' dir='ltr'>τοὺς</span> <span class='ocrx_word' id='word_1_389' title='bbox 3296 1034 3542 1104; x_wconf 86' lang='grc' dir='ltr'>φύλακας</span> <span class='ocrx_word' id='word_1_390' title='bbox 3573 1040 3646 1100; x_wconf 80' lang='grc' dir='ltr'>εἰς</span> 
     </span>
    </p>
   </div>
   <div class='ocr_carea' id='block_1_56' title="bbox 2079 1125 3645 1201">
    <p class='ocr_par' dir='ltr' id='par_1_56' title="bbox 2079 1125 3645 1201">
     <span class='ocr_line' id='line_1_56' title="bbox 2079 1125 3645 1201; baseline 0.004 -23"><span class='ocrx_word' id='word_1_391' title='bbox 2079 1125 2424 1196; x_wconf 75' lang='grc' dir='ltr'>ἀναχώρησιν</span> <span class='ocrx_word' id='word_1_392' title='bbox 2476 1127 3088 1198; x_wconf 79' lang='grc' dir='ltr'>ὑποπαραιτησάμεναι,</span> <span class='ocrx_word' id='word_1_393' title='bbox 3139 1127 3233 1181; x_wconf 75' lang='grc' dir='ltr'>ἐπὶ</span> <span class='ocrx_word' id='word_1_394' title='bbox 3269 1131 3645 1201; x_wconf 77' lang='grc' dir='ltr'>παραρρέοντα</span> 
     </span>
    </p>
   </div>
   <div class='ocr_carea' id='block_1_57' title="bbox 2078 1215 3642 1289">
    <p class='ocr_par' dir='ltr' id='par_1_57' title="bbox 2078 1215 3642 1289">
     <span class='ocr_line' id='line_1_57' title="bbox 2078 1215 3642 1289; baseline 0.003 -20"><span class='ocrx_word' id='word_1_395' title='bbox 2078 1217 2319 1287; x_wconf 78' lang='grc' dir='ltr'>ποταμὸν</span> <span class='ocrx_word' id='word_1_396' title='bbox 2360 1216 2558 1280; x_wconf 83' lang='grc' dir='ltr'>ἐαυτάς</span> <span class='ocrx_word' id='word_1_397' title='bbox 2605 1217 2914 1286; x_wconf 75' lang='grc' dir='ltr'>ἠκόντισαν.</span> <span class='ocrx_word' id='word_1_398' title='bbox 2965 1218 3088 1271; x_wconf 76' lang='grc' dir='ltr'>Αἵδε</span> <span class='ocrx_word' id='word_1_399' title='bbox 3138 1218 3237 1289; x_wconf 87' lang='grc' dir='ltr'><strong>μὲν</strong></span> <span class='ocrx_word' id='word_1_400' title='bbox 3277 1215 3368 1273; x_wconf 73' lang='grc' dir='ltr'><strong>οὖν</strong></span> <span class='ocrx_word' id='word_1_401' title='bbox 3421 1221 3642 1284; x_wconf 76' lang='grc' dir='ltr'>ἑαυτάςο</span> 
     </span>
    </p>
   </div>
   <div class='ocr_carea' id='block_1_58' title="bbox 2077 1304 3644 1383">
    <p class='ocr_par' dir='ltr' id='par_1_58' title="bbox 2077 1304 3644 1383">
     <span class='ocr_line' id='line_1_58' title="bbox 2077 1304 3644 1383; baseline 0.004 -25"><span class='ocrx_word' id='word_1_402' title='bbox 2077 1304 2239 1376; x_wconf 81' lang='grc' dir='ltr'>ἀλλην</span> <span class='ocrx_word' id='word_1_403' title='bbox 2268 1304 2310 1356; x_wconf 85' lang='grc' dir='ltr'>δ’</span> <span class='ocrx_word' id='word_1_404' title='bbox 2350 1307 2434 1357; x_wconf 80' lang='grc' dir='ltr'>ἐπ’</span> <span class='ocrx_word' id='word_1_405' title='bbox 2469 1307 2637 1376; x_wconf 80' lang='grc' dir='ltr'>αὐτῆς</span> <span class='ocrx_word' id='word_1_406' title='bbox 2695 1306 3020 1376; x_wconf 81' lang='grc' dir='ltr'>Ἀντιοχείας</span> <span class='ocrx_word' id='word_1_407' title='bbox 3052 1307 3318 1380; x_wconf 80' lang='grc' dir='ltr'>ξυνωρίδα</span> <span class='ocrx_word' id='word_1_408' title='bbox 3369 1309 3644 1383; x_wconf 81' lang='grc' dir='ltr'>παρθένων</span> 
     </span>
    </p>
   </div>
   <div class='ocr_carea' id='block_1_59' title="bbox 2075 1398 3644 1471">
    <p class='ocr_par' dir='ltr' id='par_1_59' title="bbox 2075 1398 3644 1471">
     <span class='ocr_line' id='line_1_59' title="bbox 2075 1398 3644 1471; baseline 0.005 -21"><span class='ocrx_word' id='word_1_409' title='bbox 2075 1399 2143 1450; x_wconf 89' lang='grc' dir='ltr'><strong>τά</strong></span> <span class='ocrx_word' id='word_1_410' title='bbox 2175 1399 2349 1452; x_wconf 87' lang='grc' dir='ltr'>πάντα</span> <span class='ocrx_word' id='word_1_411' title='bbox 2379 1398 2696 1470; x_wconf 88' lang='grc' dir='ltr'>θεοπρεπῶν</span> <span class='ocrx_word' id='word_1_412' title='bbox 2724 1399 2819 1452; x_wconf 73' lang='grc' dir='ltr'><strong>καὶ</strong></span> <span class='ocrx_word' id='word_1_413' title='bbox 2849 1400 3063 1470; x_wconf 88' lang='grc' dir='ltr'>ἀληθῶς</span> <span class='ocrx_word' id='word_1_414' title='bbox 3095 1400 3358 1471; x_wconf 82' lang='grc' dir='ltr'>ἀδελφῶν,</span> <span class='ocrx_word' id='word_1_415' title='bbox 3394 1403 3644 1468; x_wconf 78' lang='grc' dir='ltr'>ἐπιδόξων</span> 
     </span>
    </p>
   </div>
   <div class='ocr_carea' id='block_1_60' title="bbox 2081 1489 3644 1566">
    <p class='ocr_par' dir='ltr' id='par_1_60' title="bbox 2081 1489 3644 1566">
     <span class='ocr_line' id='line_1_60' title="bbox 2081 1489 3644 1566; baseline 0.004 -24"><span class='ocrx_word' id='word_1_416' title='bbox 2081 1489 2180 1560; x_wconf 83' lang='grc' dir='ltr'><strong>μὲν</strong></span> <span class='ocrx_word' id='word_1_417' title='bbox 2213 1491 2272 1542; x_wconf 84' lang='grc' dir='ltr'><strong>τὸ</strong></span> <span class='ocrx_word' id='word_1_418' title='bbox 2299 1491 2472 1558; x_wconf 77' lang='grc' dir='ltr'>γένος,</span> <span class='ocrx_word' id='word_1_419' title='bbox 2507 1490 2772 1562; x_wconf 84' lang='grc' dir='ltr'>λαμπρῶν</span> <span class='ocrx_word' id='word_1_420' title='bbox 2810 1491 2866 1544; x_wconf 86' lang='grc' dir='ltr'>δὲ</span> <span class='ocrx_word' id='word_1_421' title='bbox 2897 1491 2986 1545; x_wconf 84' lang='grc' dir='ltr'><strong>τὸν</strong></span> <span class='ocrx_word' id='word_1_422' title='bbox 3027 1491 3159 1561; x_wconf 83' lang='grc' dir='ltr'>βίον,</span> <span class='ocrx_word' id='word_1_423' title='bbox 3193 1493 3329 1548; x_wconf 87' lang='grc' dir='ltr'>νέων</span> <span class='ocrx_word' id='word_1_424' title='bbox 3359 1495 3486 1558; x_wconf 78' lang='grc' dir='ltr'>τοὺς</span> <span class='ocrx_word' id='word_1_425' title='bbox 3521 1496 3644 1566; x_wconf 85' lang='grc' dir='ltr'>χρό-</span> 
     </span>
    </p>
   </div>
   <div class='ocr_carea' id='block_1_61' title="bbox 2078 1581 3646 1657">
    <p class='ocr_par' dir='ltr' id='par_1_61' title="bbox 2078 1581 3646 1657">
     <span class='ocr_line' id='line_1_61' title="bbox 2078 1581 3646 1657; baseline 0.004 -24"><span class='ocrx_word' id='word_1_426' title='bbox 2078 1599 2220 1645; x_wconf 87' lang='grc' dir='ltr'>νους,</span> <span class='ocrx_word' id='word_1_427' title='bbox 2263 1581 2476 1653; x_wconf 82' lang='grc' dir='ltr'>ὡραίων</span> <span class='ocrx_word' id='word_1_428' title='bbox 2507 1582 2567 1635; x_wconf 79' lang='grc' dir='ltr'><strong>τὸ</strong></span> <span class='ocrx_word' id='word_1_429' title='bbox 2606 1583 2786 1654; x_wconf 91' lang='grc' dir='ltr'>σῶμα,</span> <span class='ocrx_word' id='word_1_430' title='bbox 2819 1585 3028 1655; x_wconf 81' lang='grc' dir='ltr'>σεμνῶν</span> <span class='ocrx_word' id='word_1_431' title='bbox 3058 1584 3155 1657; x_wconf 79' lang='grc' dir='ltr'>τὴν</span> <span class='ocrx_word' id='word_1_432' title='bbox 3182 1585 3381 1656; x_wconf 79' lang='grc' dir='ltr'>ψυχὴν,</span> <span class='ocrx_word' id='word_1_433' title='bbox 3412 1587 3646 1642; x_wconf 86' lang='grc' dir='ltr'>εὐσεϐῶν</span> 
     </span>
    </p>
   </div>
   <div class='ocr_carea' id='block_1_62' title="bbox 2079 1674 3650 1750">
    <p class='ocr_par' dir='ltr' id='par_1_62' title="bbox 2079 1674 3650 1750">
     <span class='ocr_line' id='line_1_62' title="bbox 2079 1674 3650 1750; baseline 0.004 -24"><span class='ocrx_word' id='word_1_434' title='bbox 2079 1675 2170 1727; x_wconf 85' lang='grc' dir='ltr'><strong>τὸν</strong></span> <span class='ocrx_word' id='word_1_435' title='bbox 2204 1676 2424 1746; x_wconf 83' lang='grc' dir='ltr'>τρόπον,</span> <span class='ocrx_word' id='word_1_436' title='bbox 2457 1674 2783 1746; x_wconf 84' lang='grc' dir='ltr'>θαυμαστῶν</span> <span class='ocrx_word' id='word_1_437' title='bbox 2814 1676 2913 1748; x_wconf 84' lang='grc' dir='ltr'>τὴν</span> <span class='ocrx_word' id='word_1_438' title='bbox 2945 1679 3180 1749; x_wconf 82' lang='grc' dir='ltr'>σπουδὴν</span> <span class='ocrx_word' id='word_1_439' title='bbox 3199 1717 3214 1742; x_wconf 89' lang='grc'><strong>,</strong></span> <span class='ocrx_word' id='word_1_440' title='bbox 3248 1678 3323 1742; x_wconf 74' lang='grc' dir='ltr'>ὡς</span> <span class='ocrx_word' id='word_1_441' title='bbox 3354 1678 3420 1732; x_wconf 80' lang='grc' dir='ltr'><strong>ἂν</strong></span> <span class='ocrx_word' id='word_1_442' title='bbox 3457 1679 3532 1750; x_wconf 81' lang='grc' dir='ltr'>μὴ</span> <span class='ocrx_word' id='word_1_443' title='bbox 3565 1697 3650 1748; x_wconf 84' lang='grc' dir='ltr'>φε-</span> 
     </span>
    </p>
   </div>
   <div class='ocr_carea' id='block_1_63' title="bbox 2078 1767 3647 1844">
    <p class='ocr_par' dir='ltr' id='par_1_63' title="bbox 2078 1767 3647 1844">
     <span class='ocr_line' id='line_1_63' title="bbox 2078 1767 3647 1844; baseline -0.01 -10"><span class='ocrx_word' id='word_1_444' title='bbox 2078 1767 2272 1838; x_wconf 75' lang='grc' dir='ltr'>ρούσης</span> <span class='ocrx_word' id='word_1_445' title='bbox 2317 1770 2416 1838; x_wconf 83' lang='grc' dir='ltr'>τῆς</span> <span class='ocrx_word' id='word_1_446' title='bbox 2459 1771 2562 1840; x_wconf 84' lang='grc' dir='ltr'><strong>γῆς</strong></span> <span class='ocrx_word' id='word_1_447' title='bbox 2601 1768 2670 1822; x_wconf 71' lang='grc' dir='ltr'>τὰ</span> <span class='ocrx_word' id='word_1_448' title='bbox 2706 1768 2928 1822; x_wconf 75' lang='grc' dir='ltr'>τοιαῦτα</span> <span class='ocrx_word' id='word_1_449' title='bbox 2959 1770 3266 1840; x_wconf 77' lang='grc' dir='ltr'>βαστάζειν,</span> <span class='ocrx_word' id='word_1_450' title='bbox 3307 1771 3548 1844; x_wconf 82' lang='grc' dir='ltr'>θαλάττῃ</span> <span class='ocrx_word' id='word_1_451' title='bbox 3579 1773 3647 1844; x_wconf 81' lang='grc' dir='ltr'><strong>ῥί-</strong></span> 
     </span>
    </p>
   </div>
   <div class='ocr_carea' id='block_1_64' title="bbox 2076 1860 3646 1934">
    <p class='ocr_par' dir='ltr' id='par_1_64' title="bbox 2076 1860 3646 1934">
     <span class='ocr_line' id='line_1_64' title="bbox 2076 1860 3646 1934; baseline 0.004 -23"><span class='ocrx_word' id='word_1_452' title='bbox 2076 1877 2226 1912; x_wconf 85' lang='grc' dir='ltr'>πτειν</span> <span class='ocrx_word' id='word_1_453' title='bbox 2268 1860 2517 1914; x_wconf 83' lang='grc' dir='ltr'>ὲκέλευον</span> <span class='ocrx_word' id='word_1_454' title='bbox 2545 1861 2594 1913; x_wconf 89' lang='grc' dir='ltr'>οἱ</span> <span class='ocrx_word' id='word_1_455' title='bbox 2642 1861 2749 1914; x_wconf 89' lang='grc' dir='ltr'><strong>τῶν</strong></span> <span class='ocrx_word' id='word_1_456' title='bbox 2783 1862 3047 1932; x_wconf 86' lang='grc' dir='ltr'>δαιμόνων</span> <span class='ocrx_word' id='word_1_457' title='bbox 3080 1861 3428 1934; x_wconf 85' lang='grc' dir='ltr'>θεραπευταί.</span> <span class='ocrx_word' id='word_1_458' title='bbox 3468 1865 3646 1918; x_wconf 84' lang='grc' dir='ltr'>Ταῦτα</span> 
     </span>
    </p>
   </div>
   <div class='ocr_carea' id='block_1_65' title="bbox 2077 1947 3645 2024">
    <p class='ocr_par' dir='ltr' id='par_1_65' title="bbox 2077 1947 3645 2024">
     <span class='ocr_line' id='line_1_65' title="bbox 2077 1947 3645 2024; baseline 0.005 -22"><span class='ocrx_word' id='word_1_459' title='bbox 2077 1950 2176 2021; x_wconf 81' lang='grc' dir='ltr'><strong>μὲν</strong></span> <span class='ocrx_word' id='word_1_460' title='bbox 2202 1947 2294 2004; x_wconf 80' lang='grc' dir='ltr'><strong>οὖν</strong></span> <span class='ocrx_word' id='word_1_461' title='bbox 2331 1951 2478 2023; x_wconf 90' lang='grc' dir='ltr'><strong>παρά</strong></span> <span class='ocrx_word' id='word_1_462' title='bbox 2504 1952 2699 2008; x_wconf 87' lang='grc' dir='ltr'>τοῖσδε.</span> <span class='ocrx_word' id='word_1_463' title='bbox 2732 1953 2812 2007; x_wconf 89' lang='grc' dir='ltr'><strong>Τά</strong></span> <span class='ocrx_word' id='word_1_464' title='bbox 2840 1954 3043 2024; x_wconf 85' lang='grc' dir='ltr'>φρικτὰ</span> <span class='ocrx_word' id='word_1_465' title='bbox 3067 1955 3124 2008; x_wconf 83' lang='grc' dir='ltr'>δὲ</span> <span class='ocrx_word' id='word_1_466' title='bbox 3160 1955 3349 2018; x_wconf 86' lang='grc' dir='ltr'>ἀκοαῖς</span> <span class='ocrx_word' id='word_1_467' title='bbox 3382 1957 3525 2010; x_wconf 85' lang='grc' dir='ltr'><strong>κατά</strong></span> <span class='ocrx_word' id='word_1_468' title='bbox 3556 1957 3645 2010; x_wconf 78' lang='grc' dir='ltr'><strong>τὸν</strong></span> 
     </span>
    </p>
   </div>
   <div class='ocr_carea' id='block_1_66' title="bbox 2075 2043 3642 2121">
    <p class='ocr_par' dir='ltr' id='par_1_66' title="bbox 2075 2043 3642 2121">
     <span class='ocr_line' id='line_1_66' title="bbox 2075 2043 3642 2121; baseline 0.004 -26"><span class='ocrx_word' id='word_1_469' title='bbox 2075 2043 2271 2098; x_wconf 83' lang='grc' dir='ltr'>Πόντον</span> <span class='ocrx_word' id='word_1_470' title='bbox 2322 2045 2557 2116; x_wconf 76' lang='grc' dir='ltr'>ἔπασχον</span> <span class='ocrx_word' id='word_1_471' title='bbox 2602 2047 2798 2118; x_wconf 72' lang='grc' dir='ltr'>ἕτεροι,</span> <span class='ocrx_word' id='word_1_472' title='bbox 2834 2048 3099 2119; x_wconf 86' lang='grc' dir='ltr'>καλάμοις</span> <span class='ocrx_word' id='word_1_473' title='bbox 3135 2049 3280 2114; x_wconf 77' lang='grc' dir='ltr'>ὀξέσι</span> <span class='ocrx_word' id='word_1_474' title='bbox 3314 2053 3434 2104; x_wconf 84' lang='grc' dir='ltr'>ταῖν</span> <span class='ocrx_word' id='word_1_475' title='bbox 3469 2054 3642 2121; x_wconf 81' lang='grc' dir='ltr'>χεροῖν</span> 
     </span>
    </p>
   </div>
   <div class='ocr_carea' id='block_1_67' title="bbox 2071 2134 3644 2216">
    <p class='ocr_par' dir='ltr' id='par_1_67' title="bbox 2071 2134 3644 2216">
     <span class='ocr_line' id='line_1_67' title="bbox 2071 2134 3644 2216; baseline 0.005 -28"><span class='ocrx_word' id='word_1_476' title='bbox 2071 2134 2130 2202; x_wconf 80' lang='grc' dir='ltr'>ὲξ</span> <span class='ocrx_word' id='word_1_477' title='bbox 2161 2136 2344 2209; x_wconf 81' lang='grc' dir='ltr'>ἄκρων</span> <span class='ocrx_word' id='word_1_478' title='bbox 2371 2138 2576 2210; x_wconf 75' lang='grc' dir='ltr'>ὀνύχων</span> <span class='ocrx_word' id='word_1_479' title='bbox 2619 2141 2746 2203; x_wconf 78' lang='grc' dir='ltr'>τοὺς</span> <span class='ocrx_word' id='word_1_480' title='bbox 2781 2141 3076 2206; x_wconf 82' lang='grc' dir='ltr'>δακτύλους</span> <span class='ocrx_word' id='word_1_481' title='bbox 3101 2143 3527 2216; x_wconf 87' lang='grc' dir='ltr'>διαπειρόμενοι,</span> <span class='ocrx_word' id='word_1_482' title='bbox 3554 2148 3644 2198; x_wconf 78' lang='grc' dir='ltr'><strong>καὶ</strong></span> 
     </span>
    </p>
   </div>
   <div class='ocr_carea' id='block_1_68' title="bbox 2071 2227 3643 2310">
    <p class='ocr_par' dir='ltr' id='par_1_68' title="bbox 2071 2227 3643 2310">
     <span class='ocr_line' id='line_1_68' title="bbox 2071 2227 3643 2310; baseline 0.006 -30"><span class='ocrx_word' id='word_1_483' title='bbox 2071 2227 2219 2282; x_wconf 84' lang='grc' dir='ltr'>ἄλλοι</span> <span class='ocrx_word' id='word_1_484' title='bbox 2261 2230 2392 2301; x_wconf 73' lang='grc' dir='ltr'>πυρὶ</span> <span class='ocrx_word' id='word_1_485' title='bbox 2420 2231 2667 2300; x_wconf 87' lang='grc' dir='ltr'>μολίϐδου</span> <span class='ocrx_word' id='word_1_486' title='bbox 2693 2233 3057 2298; x_wconf 83' lang='grc' dir='ltr'>διατακέντος,</span> <span class='ocrx_word' id='word_1_487' title='bbox 3087 2235 3399 2310; x_wconf 82' lang='grc' dir='ltr'>βρασσούσῃ</span> <span class='ocrx_word' id='word_1_488' title='bbox 3428 2238 3523 2291; x_wconf 76' lang='grc' dir='ltr'><strong>καὶ</strong></span> <span class='ocrx_word' id='word_1_489' title='bbox 3549 2255 3643 2290; x_wconf 86' lang='grc' dir='ltr'>πε-</span> 
     </span>
    </p>
   </div>
   <div class='ocr_carea' id='block_1_69' title="bbox 2072 2323 3646 2398">
    <p class='ocr_par' dir='ltr' id='par_1_69' title="bbox 2072 2323 3646 2398">
     <span class='ocr_line' id='line_1_69' title="bbox 2072 2323 3646 2398; baseline 0.006 -25"><span class='ocrx_word' id='word_1_490' title='bbox 2072 2323 2474 2396; x_wconf 85' lang='grc' dir='ltr'>πυρακτωμένῃ</span> <span class='ocrx_word' id='word_1_491' title='bbox 2499 2327 2564 2396; x_wconf 83' lang='grc' dir='ltr'>τῇ</span> <span class='ocrx_word' id='word_1_492' title='bbox 2593 2324 2692 2396; x_wconf 79' lang='grc' dir='ltr'><strong>ὕλῃ</strong></span> <span class='ocrx_word' id='word_1_493' title='bbox 2716 2324 2784 2379; x_wconf 88' lang='grc' dir='ltr'><strong>τά</strong></span> <span class='ocrx_word' id='word_1_494' title='bbox 2810 2325 2955 2380; x_wconf 90' lang='grc' dir='ltr'>νῶτα</span> <span class='ocrx_word' id='word_1_495' title='bbox 2995 2329 3408 2398; x_wconf 86' lang='grc' dir='ltr'>καταχεόμενοι,</span> <span class='ocrx_word' id='word_1_496' title='bbox 3457 2331 3550 2381; x_wconf 85' lang='grc' dir='ltr'><strong>καί</strong></span> <span class='ocrx_word' id='word_1_497' title='bbox 3579 2329 3646 2382; x_wconf 80' lang='grc' dir='ltr'><strong>τὰ</strong></span> 
     </span>
    </p>
   </div>
   <div class='ocr_carea' id='block_1_70' title="bbox 2075 2412 3646 2488">
    <p class='ocr_par' dir='ltr' id='par_1_70' title="bbox 2075 2412 3646 2488">
     <span class='ocr_line' id='line_1_70' title="bbox 2075 2412 3646 2488; baseline 0.003 -22"><span class='ocrx_word' id='word_1_498' title='bbox 2075 2412 2308 2484; x_wconf 81' lang='grc' dir='ltr'>μάλιστα</span> <span class='ocrx_word' id='word_1_499' title='bbox 2327 2415 2730 2483; x_wconf 82' lang='grc' dir='ltr'>ἀναγκαιότατα</span> <span class='ocrx_word' id='word_1_500' title='bbox 2760 2414 2854 2469; x_wconf 78' lang='grc' dir='ltr'>τοῦ</span> <span class='ocrx_word' id='word_1_501' title='bbox 2887 2415 3134 2488; x_wconf 79' lang='grc' dir='ltr'>σώματος</span> <span class='ocrx_word' id='word_1_502' title='bbox 3164 2417 3274 2488; x_wconf 71' lang='grc'><strong>(49)</strong></span> <span class='ocrx_word' id='word_1_503' title='bbox 3302 2416 3646 2488; x_wconf 73' lang='grc' dir='ltr'>κάτω-πῶμε-</span> 
     </span>
    </p>
   </div>
   <div class='ocr_carea' id='block_1_71' title="bbox 2071 2503 3646 2602">
    <p class='ocr_par' dir='ltr' id='par_1_71' title="bbox 2071 2503 3646 2602">
     <span class='ocr_line' id='line_1_71' title="bbox 2071 2503 3646 2602; baseline 0.003 -46"><span class='ocrx_word' id='word_1_504' title='bbox 2071 2520 2182 2557; x_wconf 83' lang='grc' dir='ltr'>νοι·</span> <span class='ocrx_word' id='word_1_505' title='bbox 2239 2503 2326 2558; x_wconf 90' lang='grc' dir='ltr'><strong>διά</strong></span> <span class='ocrx_word' id='word_1_506' title='bbox 2371 2522 2430 2558; x_wconf 91' lang='grc' dir='ltr'><strong>τε</strong></span> <span class='ocrx_word' id='word_1_507' title='bbox 2478 2506 2584 2559; x_wconf 91' lang='grc' dir='ltr'><strong>τῶν</strong></span> <span class='ocrx_word' id='word_1_508' title='bbox 2630 2507 2956 2602; x_wconf 64' lang='grc' dir='ltr'>ἀπορρήτων</span> <span class='ocrx_word' id='word_1_509' title='bbox 2999 2507 3173 2579; x_wconf 76' lang='grc' dir='ltr'>ἕτεροι</span> <span class='ocrx_word' id='word_1_510' title='bbox 3224 2508 3400 2580; x_wconf 85' lang='grc' dir='ltr'>μελῶν</span> <span class='ocrx_word' id='word_1_511' title='bbox 3452 2526 3512 2560; x_wconf 86' lang='grc' dir='ltr'><strong>τε</strong></span> <span class='ocrx_word' id='word_1_512' title='bbox 3555 2508 3646 2562; x_wconf 73' lang='grc' dir='ltr'>καὶ</span> 
     </span>
    </p>
   </div>
   <div class='ocr_carea' id='block_1_72' title="bbox 2073 2594 3644 2670">
    <p class='ocr_par' dir='ltr' id='par_1_72' title="bbox 2073 2594 3644 2670">
     <span class='ocr_line' id='line_1_72' title="bbox 2073 2594 3644 2670; baseline 0.002 -22"><span class='ocrx_word' id='word_1_513' title='bbox 2073 2594 2393 2665; x_wconf 79' lang='grc' dir='ltr'>σπλάγχνων</span> <span class='ocrx_word' id='word_1_514' title='bbox 2423 2596 2651 2669; x_wconf 78' lang='grc' dir='ltr'>αἰσχράς</span> <span class='ocrx_word' id='word_1_515' title='bbox 2700 2597 2795 2652; x_wconf 72' lang='grc' dir='ltr'><strong>καὶ</strong></span> <span class='ocrx_word' id='word_1_516' title='bbox 2827 2594 3168 2669; x_wconf 78' lang='grc' dir='ltr'>ἀσυμπαθεῖς</span> <span class='ocrx_word' id='word_1_517' title='bbox 3216 2602 3310 2653; x_wconf 84' lang='grc' dir='ltr'><strong>καί</strong></span> <span class='ocrx_word' id='word_1_518' title='bbox 3342 2600 3463 2654; x_wconf 80' lang='grc' dir='ltr'>οὐδὲ</span> <span class='ocrx_word' id='word_1_519' title='bbox 3507 2601 3644 2670; x_wconf 85' lang='grc' dir='ltr'>λόγῳ</span> 
     </span>
    </p>
   </div>
   <div class='ocr_carea' id='block_1_73' title="bbox 2073 2687 3645 2764">
    <p class='ocr_par' dir='ltr' id='par_1_73' title="bbox 2073 2687 3645 2764">
     <span class='ocr_line' id='line_1_73' title="bbox 2073 2687 3645 2764; baseline 0.001 -22"><span class='ocrx_word' id='word_1_520' title='bbox 2073 2687 2240 2761; x_wconf 82' lang='grc' dir='ltr'>ῥητάς</span> <span class='ocrx_word' id='word_1_521' title='bbox 2271 2688 2538 2760; x_wconf 81' lang='grc' dir='ltr'>ὑπέμενον</span> <span class='ocrx_word' id='word_1_522' title='bbox 2587 2689 2796 2754; x_wconf 86' lang='grc' dir='ltr'>πάθας,</span> <span class='ocrx_word' id='word_1_523' title='bbox 2833 2691 2898 2754; x_wconf 80' lang='grc' dir='ltr'>ἃς</span> <span class='ocrx_word' id='word_1_524' title='bbox 2931 2694 2978 2744; x_wconf 79' lang='grc' dir='ltr'>οἱ</span> <span class='ocrx_word' id='word_1_525' title='bbox 3011 2693 3247 2759; x_wconf 88' lang='grc' dir='ltr'>γενναῖοι</span> <span class='ocrx_word' id='word_1_526' title='bbox 3296 2692 3388 2745; x_wconf 73' lang='grc' dir='ltr'>καὶ</span> <span class='ocrx_word' id='word_1_527' title='bbox 3429 2693 3645 2764; x_wconf 81' lang='grc' dir='ltr'>νόμιμοι</span> 
     </span>
    </p>
   </div>
   <div class='ocr_carea' id='block_1_74' title="bbox 2068 2775 3646 2854">
    <p class='ocr_par' dir='ltr' id='par_1_74' title="bbox 2068 2775 3646 2854">
     <span class='ocr_line' id='line_1_74' title="bbox 2068 2775 3646 2854; baseline 0.004 -24"><span class='ocrx_word' id='word_1_528' title='bbox 2068 2775 2318 2832; x_wconf 79' lang='grc' dir='ltr'>δικασταὶ</span> <span class='ocrx_word' id='word_1_529' title='bbox 2355 2781 2453 2850; x_wconf 80' lang='grc' dir='ltr'>τήν</span> <span class='ocrx_word' id='word_1_530' title='bbox 2484 2797 2631 2847; x_wconf 87' lang='grc' dir='ltr'>σφων</span> <span class='ocrx_word' id='word_1_531' title='bbox 2666 2780 3096 2851; x_wconf 81' lang='grc' dir='ltr'>ἐπιδεικνύμενοι</span> <span class='ocrx_word' id='word_1_532' title='bbox 3120 2781 3429 2854; x_wconf 80' lang='grc' dir='ltr'>δεινότητα,</span> <span class='ocrx_word' id='word_1_533' title='bbox 3460 2783 3646 2854; x_wconf 82' lang='grc' dir='ltr'>ὥσπερ</span> 
     </span>
    </p>
   </div>
   <div class='ocr_carea' id='block_1_75' title="bbox 2068 2870 3645 2943">
    <p class='ocr_par' dir='ltr' id='par_1_75' title="bbox 2068 2870 3645 2943">
     <span class='ocr_line' id='line_1_75' title="bbox 2068 2870 3645 2943; baseline 0.001 -18"><span class='ocrx_word' id='word_1_534' title='bbox 2068 2870 2189 2925; x_wconf 82' lang='grc' dir='ltr'><strong>τινά</strong></span> <span class='ocrx_word' id='word_1_535' title='bbox 2221 2870 2412 2940; x_wconf 81' lang='grc' dir='ltr'>σοφίας</span> <span class='ocrx_word' id='word_1_536' title='bbox 2444 2871 2643 2942; x_wconf 83' lang='grc' dir='ltr'>ἀρετὴν</span> <span class='ocrx_word' id='word_1_537' title='bbox 2683 2870 3089 2943; x_wconf 84' lang='grc' dir='ltr'>φιλοτιμότερον</span> <span class='ocrx_word' id='word_1_538' title='bbox 3119 2875 3388 2938; x_wconf 77' lang='grc' dir='ltr'>ἐπενόουν,</span> <span class='ocrx_word' id='word_1_539' title='bbox 3421 2875 3507 2928; x_wconf 71' lang='grc' dir='ltr'><strong>ἀεὶ</strong></span> <span class='ocrx_word' id='word_1_540' title='bbox 3531 2877 3645 2937; x_wconf 84' lang='grc' dir='ltr'>ταῖς</span> 
     </span>
    </p>
   </div>
   <div class='ocr_carea' id='block_1_76' title="bbox 2069 2961 3646 3039">
    <p class='ocr_par' dir='ltr' id='par_1_76' title="bbox 2069 2961 3646 3039">
     <span class='ocr_line' id='line_1_76' title="bbox 2069 2961 3646 3039; baseline 0.001 -23"><span class='ocrx_word' id='word_1_541' title='bbox 2069 2961 2403 3039; x_wconf 39' lang='grc' dir='ltr'>καινότερον,</span> <span class='ocrx_word' id='word_1_542' title='bbox 2449 2963 2940 3035; x_wconf 79' lang='grc' dir='ltr'>ἐφευρισκομέναις</span> <span class='ocrx_word' id='word_1_543' title='bbox 2998 2964 3233 3029; x_wconf 81' lang='grc' dir='ltr'>αἰκίαις,</span> <span class='ocrx_word' id='word_1_544' title='bbox 3293 2965 3536 3037; x_wconf 71' lang='grc' dir='ltr'>ὡσπερεὶ</span> <span class='ocrx_word' id='word_1_545' title='bbox 3592 2969 3646 3018; x_wconf 84' lang='grc' dir='ltr'>ὲν</span> 
     </span>
    </p>
   </div>
   <div class='ocr_carea' id='block_1_77' title="bbox 2072 3053 3649 3128">
    <p class='ocr_par' dir='ltr' id='par_1_77' title="bbox 2072 3053 3649 3128">
     <span class='ocr_line' id='line_1_77' title="bbox 2072 3053 3649 3128; baseline 0.001 -21"><span class='ocrx_word' id='word_1_546' title='bbox 2072 3053 2279 3122; x_wconf 84' lang='grc' dir='ltr'>ἀγῶνος</span> <span class='ocrx_word' id='word_1_547' title='bbox 2327 3053 2620 3125; x_wconf 85' lang='grc' dir='ltr'>βραϐείοις,</span> <span class='ocrx_word' id='word_1_548' title='bbox 2662 3055 2922 3127; x_wconf 85' lang='grc' dir='ltr'>ἀλλήλους</span> <span class='ocrx_word' id='word_1_549' title='bbox 2963 3056 3316 3128; x_wconf 80' lang='grc' dir='ltr'>ὑπερεξάγειν</span> <span class='ocrx_word' id='word_1_550' title='bbox 3361 3056 3649 3127; x_wconf 81' lang='grc' dir='ltr'>διαμιλλώ-</span> 
     </span>
    </p>
   </div>
   <div class='ocr_carea' id='block_1_78' title="bbox 2076 3143 3647 3220">
    <p class='ocr_par' dir='ltr' id='par_1_78' title="bbox 2076 3143 3647 3220">
     <span class='ocr_line' id='line_1_78' title="bbox 2076 3143 3647 3220; baseline 0.003 -23"><span class='ocrx_word' id='word_1_551' title='bbox 2076 3163 2246 3216; x_wconf 90' lang='grc' dir='ltr'>μενοι.</span> <span class='ocrx_word' id='word_1_552' title='bbox 2274 3147 2354 3200; x_wconf 88' lang='grc' dir='ltr'><strong>Τά</strong></span> <span class='ocrx_word' id='word_1_553' title='bbox 2376 3147 2420 3200; x_wconf 81' lang='grc' dir='ltr'>δ’</span> <span class='ocrx_word' id='word_1_554' title='bbox 2457 3143 2551 3202; x_wconf 76' lang='grc' dir='ltr'><strong>οὖν</strong></span> <span class='ocrx_word' id='word_1_555' title='bbox 2579 3147 2687 3201; x_wconf 89' lang='grc' dir='ltr'><strong>τῶν</strong></span> <span class='ocrx_word' id='word_1_556' title='bbox 2719 3148 3013 3219; x_wconf 83' lang='grc' dir='ltr'>συμφορῶν</span> <span class='ocrx_word' id='word_1_557' title='bbox 3041 3148 3242 3218; x_wconf 76' lang='grc' dir='ltr'>ἔσχατα</span> <span class='ocrx_word' id='word_1_558' title='bbox 3285 3148 3394 3220; x_wconf 70' lang='lat'><strong>(50)</strong></span> <span class='ocrx_word' id='word_1_559' title='bbox 3417 3189 3431 3208; x_wconf 85' lang='lat'><strong>.</strong></span> <span class='ocrx_word' id='word_1_560' title='bbox 3466 3150 3554 3200; x_wconf 83' lang='grc' dir='ltr'>ὅτε</span> <span class='ocrx_word' id='word_1_561' title='bbox 3583 3148 3647 3220; x_wconf 79' lang='grc' dir='ltr'>δὴ</span> 
     </span>
    </p>
   </div>
   <div class='ocr_carea' id='block_1_79' title="bbox 2072 3237 3649 3311">
    <p class='ocr_par' dir='ltr' id='par_1_79' title="bbox 2072 3237 3649 3311">
     <span class='ocr_line' id='line_1_79' title="bbox 2072 3237 3649 3311; baseline 0.003 -23"><span class='ocrx_word' id='word_1_562' title='bbox 2072 3237 2254 3291; x_wconf 79' lang='grc' dir='ltr'>λοιπὸν</span> <span class='ocrx_word' id='word_1_563' title='bbox 2283 3239 2642 3309; x_wconf 80' lang='grc' dir='ltr'>ἀπειρηκότες</span> <span class='ocrx_word' id='word_1_564' title='bbox 2682 3239 2776 3292; x_wconf 74' lang='grc' dir='ltr'>ἐπὶ</span> <span class='ocrx_word' id='word_1_565' title='bbox 2803 3243 2870 3311; x_wconf 79' lang='grc' dir='ltr'>τῇ</span> <span class='ocrx_word' id='word_1_566' title='bbox 2897 3240 3004 3294; x_wconf 86' lang='grc' dir='ltr'><strong>τῶν</strong></span> <span class='ocrx_word' id='word_1_567' title='bbox 3033 3240 3218 3294; x_wconf 84' lang='grc' dir='ltr'>κακῶν</span> <span class='ocrx_word' id='word_1_568' title='bbox 3253 3239 3526 3310; x_wconf 81' lang='grc' dir='ltr'>ὑπερϐολῇ</span> <span class='ocrx_word' id='word_1_569' title='bbox 3557 3239 3649 3292; x_wconf 69' lang='grc' dir='ltr'>καὶ</span> 
     </span>
    </p>
   </div>
   <div class='ocr_carea' id='block_1_80' title="bbox 2072 3330 3648 3404">
    <p class='ocr_par' dir='ltr' id='par_1_80' title="bbox 2072 3330 3648 3404">
     <span class='ocr_line' id='line_1_80' title="bbox 2072 3330 3648 3404; baseline 0.001 -21"><span class='ocrx_word' id='word_1_570' title='bbox 2072 3330 2208 3401; x_wconf 78' lang='grc' dir='ltr'>πρὸς</span> <span class='ocrx_word' id='word_1_571' title='bbox 2262 3331 2323 3383; x_wconf 84' lang='grc' dir='ltr'><strong>τὸ</strong></span> <span class='ocrx_word' id='word_1_572' title='bbox 2358 3331 2588 3384; x_wconf 89' lang='grc' dir='ltr'>κτείνειν</span> <span class='ocrx_word' id='word_1_573' title='bbox 2639 3331 3048 3402; x_wconf 87' lang='grc' dir='ltr'>ἀποκαμόντες,</span> <span class='ocrx_word' id='word_1_574' title='bbox 3087 3332 3402 3404; x_wconf 81' lang='grc' dir='ltr'>πλησμονήν</span> <span class='ocrx_word' id='word_1_575' title='bbox 3454 3349 3515 3384; x_wconf 89' lang='grc' dir='ltr'><strong>τε</strong></span> <span class='ocrx_word' id='word_1_576' title='bbox 3556 3333 3648 3385; x_wconf 75' lang='grc' dir='ltr'><strong>καὶ</strong></span> 
     </span>
    </p>
   </div>
   <div class='ocr_carea' id='block_1_81' title="bbox 2071 3419 3648 3494">
    <p class='ocr_par' dir='ltr' id='par_1_81' title="bbox 2071 3419 3648 3494">
     <span class='ocr_line' id='line_1_81' title="bbox 2071 3419 3648 3494; baseline 0.002 -22"><span class='ocrx_word' id='word_1_577' title='bbox 2071 3419 2233 3490; x_wconf 86' lang='grc' dir='ltr'>κόρον</span> <span class='ocrx_word' id='word_1_578' title='bbox 2262 3423 2359 3492; x_wconf 77' lang='grc' dir='ltr'>τῆς</span> <span class='ocrx_word' id='word_1_579' title='bbox 2387 3421 2493 3473; x_wconf 88' lang='grc' dir='ltr'><strong>τῶν</strong></span> <span class='ocrx_word' id='word_1_580' title='bbox 2533 3423 2780 3492; x_wconf 86' lang='grc' dir='ltr'>αἱμάτων</span> <span class='ocrx_word' id='word_1_581' title='bbox 2810 3422 3083 3492; x_wconf 87' lang='grc' dir='ltr'>ὲκχύσεως</span> <span class='ocrx_word' id='word_1_582' title='bbox 3118 3423 3432 3494; x_wconf 74' lang='grc' dir='ltr'>ἐσχηκότες,</span> <span class='ocrx_word' id='word_1_583' title='bbox 3468 3424 3561 3476; x_wconf 72' lang='grc' dir='ltr'>ἐπὶ</span> <span class='ocrx_word' id='word_1_584' title='bbox 3589 3422 3648 3475; x_wconf 76' lang='grc' dir='ltr'>τὸ</span> 
     </span>
    </p>
   </div>
   <div class='ocr_carea' id='block_1_82' title="bbox 2071 3511 3645 3586">
    <p class='ocr_par' dir='ltr' id='par_1_82' title="bbox 2071 3511 3645 3586">
     <span class='ocr_line' id='line_1_82' title="bbox 2071 3511 3645 3586; baseline 0.001 -20"><span class='ocrx_word' id='word_1_585' title='bbox 2071 3511 2420 3582; x_wconf 79' lang='grc' dir='ltr'>νομιζόμενον</span> <span class='ocrx_word' id='word_1_586' title='bbox 2461 3514 2644 3576; x_wconf 82' lang='grc' dir='ltr'>αὐτοῖς</span> <span class='ocrx_word' id='word_1_587' title='bbox 2677 3513 2908 3585; x_wconf 84' lang='grc' dir='ltr'>χρηστὸν</span> <span class='ocrx_word' id='word_1_588' title='bbox 2944 3515 3037 3567; x_wconf 70' lang='grc' dir='ltr'><strong>καὶ</strong></span> <span class='ocrx_word' id='word_1_589' title='bbox 3073 3514 3452 3586; x_wconf 83' lang='grc' dir='ltr'>φιλάνθρωπον</span> <span class='ocrx_word' id='word_1_590' title='bbox 3489 3517 3645 3586; x_wconf 76' lang='grc' dir='ltr'><strong>ἐτρέ-</strong></span> 
     </span>
    </p>
   </div>
   <div class='ocr_carea' id='block_1_83' title="bbox 2070 3603 3647 3676">
    <p class='ocr_par' dir='ltr' id='par_1_83' title="bbox 2070 3603 3647 3676">
     <span class='ocr_line' id='line_1_83' title="bbox 2070 3603 3647 3676; baseline 0.001 -22"><span class='ocrx_word' id='word_1_591' title='bbox 2070 3619 2252 3667; x_wconf 87' lang='grc' dir='ltr'>ποντο,</span> <span class='ocrx_word' id='word_1_592' title='bbox 2298 3603 2372 3667; x_wconf 77' lang='grc' dir='ltr'>ὡς</span> <span class='ocrx_word' id='word_1_593' title='bbox 2419 3604 2583 3674; x_wconf 83' lang='grc' dir='ltr'>μηδὲν</span> <span class='ocrx_word' id='word_1_594' title='bbox 2634 3606 2730 3676; x_wconf 84' lang='grc' dir='ltr'>μὲν</span> <span class='ocrx_word' id='word_1_595' title='bbox 2772 3605 2850 3658; x_wconf 78' lang='grc' dir='ltr'>ἐτι</span> <span class='ocrx_word' id='word_1_596' title='bbox 2898 3606 3072 3659; x_wconf 88' lang='grc' dir='ltr'>δοκεῖν</span> <span class='ocrx_word' id='word_1_597' title='bbox 3107 3605 3276 3660; x_wconf 78' lang='grc' dir='ltr'>δεινὸν</span> <span class='ocrx_word' id='word_1_598' title='bbox 3320 3605 3443 3658; x_wconf 78' lang='grc' dir='ltr'>καθ’</span> <span class='ocrx_word' id='word_1_599' title='bbox 3491 3605 3647 3676; x_wconf 73' lang='grc' dir='ltr'>ἡμῶν</span> 
     </span>
    </p>
   </div>
   <div class='ocr_carea' id='block_1_84' title="bbox 2069 3696 3647 3770">
    <p class='ocr_par' dir='ltr' id='par_1_84' title="bbox 2069 3696 3647 3770">
     <span class='ocr_line' id='line_1_84' title="bbox 2069 3696 3647 3770; baseline 0.001 -21"><span class='ocrx_word' id='word_1_600' title='bbox 2069 3696 2560 3767; x_wconf 78' lang='grc' dir='ltr'>περιεργάζεσθαι·</span> <span class='ocrx_word' id='word_1_601' title='bbox 2603 3699 2676 3768; x_wconf 77' lang='grc' dir='ltr'>μὴ</span> <span class='ocrx_word' id='word_1_602' title='bbox 2716 3698 2824 3768; x_wconf 85' lang='grc' dir='ltr'><strong>γὰρ</strong></span> <span class='ocrx_word' id='word_1_603' title='bbox 2859 3699 3121 3770; x_wconf 82' lang='grc' dir='ltr'>καθήκειν</span> <span class='ocrx_word' id='word_1_604' title='bbox 3163 3699 3325 3768; x_wconf 76' lang='grc' dir='ltr'>φασὶν</span> <span class='ocrx_word' id='word_1_605' title='bbox 3367 3699 3647 3769; x_wconf 78' lang='grc' dir='ltr'>ἐμφυλίοις</span> 
     </span>
    </p>
   </div>
   <div class='ocr_carea' id='block_1_85' title="bbox 2068 3791 3644 3863">
    <p class='ocr_par' dir='ltr' id='par_1_85' title="bbox 2068 3791 3644 3863">
     <span class='ocr_line' id='line_1_85' title="bbox 2068 3791 3644 3863; baseline -0.001 -20"><span class='ocrx_word' id='word_1_606' title='bbox 2068 3791 2260 3861; x_wconf 76' lang='grc' dir='ltr'>αἵμασι</span> <span class='ocrx_word' id='word_1_607' title='bbox 2303 3792 2534 3862; x_wconf 84' lang='grc' dir='ltr'>μιαίνειν</span> <span class='ocrx_word' id='word_1_608' title='bbox 2575 3791 2673 3855; x_wconf 74' lang='grc' dir='ltr'><strong>τὰς</strong></span> <span class='ocrx_word' id='word_1_609' title='bbox 2723 3792 2936 3855; x_wconf 89' lang='grc' dir='ltr'>πόλεις,</span> <span class='ocrx_word' id='word_1_610' title='bbox 2986 3791 3107 3863; x_wconf 87' lang='grc' dir='ltr'>μηδ’</span> <span class='ocrx_word' id='word_1_611' title='bbox 3157 3791 3241 3844; x_wconf 80' lang='grc' dir='ltr'><strong>ἐπ’</strong></span> <span class='ocrx_word' id='word_1_612' title='bbox 3276 3791 3524 3861; x_wconf 80' lang='grc' dir='ltr'>ὠμότητι</span> <span class='ocrx_word' id='word_1_613' title='bbox 3551 3792 3644 3862; x_wconf 73' lang='grc' dir='ltr'>τὴν</span> 
     </span>
    </p>
   </div>
   <div class='ocr_carea' id='block_1_86' title="bbox 2068 3883 3646 3955">
    <p class='ocr_par' dir='ltr' id='par_1_86' title="bbox 2068 3883 3646 3955">
     <span class='ocr_line' id='line_1_86' title="bbox 2068 3883 3646 3955; baseline 0 -19"><span class='ocrx_word' id='word_1_614' title='bbox 2068 3884 2326 3936; x_wconf 86' lang='grc' dir='ltr'>ἀνωτάτω</span> <span class='ocrx_word' id='word_1_615' title='bbox 2371 3884 2481 3954; x_wconf 77' lang='grc'><strong>(51)</strong></span> <span class='ocrx_word' id='word_1_616' title='bbox 2525 3884 2827 3937; x_wconf 82' lang='grc' dir='ltr'>διαϐάλλειν</span> <span class='ocrx_word' id='word_1_617' title='bbox 2883 3884 2979 3955; x_wconf 80' lang='grc' dir='ltr'>τὴν</span> <span class='ocrx_word' id='word_1_618' title='bbox 3018 3885 3124 3937; x_wconf 88' lang='grc' dir='ltr'><strong>τῶν</strong></span> <span class='ocrx_word' id='word_1_619' title='bbox 3169 3883 3515 3955; x_wconf 84' lang='grc' dir='ltr'>κρατούντων</span> <span class='ocrx_word' id='word_1_620' title='bbox 3552 3886 3646 3955; x_wconf 64' lang='grc' dir='ltr'>ἀρα</span> 
     </span>
    </p>
   </div>
   <div class='ocr_carea' id='block_1_87' title="bbox 2068 3972 3640 4044">
    <p class='ocr_par' dir='ltr' id='par_1_87' title="bbox 2068 3972 3640 4044">
     <span class='ocr_line' id='line_1_87' title="bbox 2068 3972 3640 4044; baseline -0.001 -19"><span class='ocrx_word' id='word_1_621' title='bbox 2068 3972 2188 4044; x_wconf 81' lang='grc' dir='ltr'>χὴν,</span> <span class='ocrx_word' id='word_1_622' title='bbox 2239 3973 2442 4042; x_wconf 77' lang='grc' dir='ltr'>εὐμενῆ</span> <span class='ocrx_word' id='word_1_623' title='bbox 2484 3976 2596 4036; x_wconf 82' lang='grc' dir='ltr'>τοῖς</span> <span class='ocrx_word' id='word_1_624' title='bbox 2643 3975 2806 4025; x_wconf 77' lang='grc' dir='ltr'>πᾶσιν</span> <span class='ocrx_word' id='word_1_625' title='bbox 2852 3973 3197 4043; x_wconf 89' lang='grc' dir='ltr'>ὑπάρχουσαν</span> <span class='ocrx_word' id='word_1_626' title='bbox 3243 3973 3337 4026; x_wconf 78' lang='grc' dir='ltr'><strong>καὶ</strong></span> <span class='ocrx_word' id='word_1_627' title='bbox 3385 3975 3640 4043; x_wconf 87' lang='grc' dir='ltr'>πραεῖαν,</span> 
     </span>
    </p>
   </div>
   <div class='ocr_carea' id='block_1_88' title="bbox 2066 4063 3640 4136">
    <p class='ocr_par' dir='ltr' id='par_1_88' title="bbox 2066 4063 3640 4136">
     <span class='ocr_line' id='line_1_88' title="bbox 2066 4063 3640 4136; baseline 0.001 -19"><span class='ocrx_word' id='word_1_628' title='bbox 2066 4065 2174 4118; x_wconf 87' lang='grc' dir='ltr'>δεῖν</span> <span class='ocrx_word' id='word_1_629' title='bbox 2241 4064 2297 4117; x_wconf 79' lang='grc' dir='ltr'>δὲ</span> <span class='ocrx_word' id='word_1_630' title='bbox 2354 4065 2552 4136; x_wconf 81' lang='grc' dir='ltr'>μᾶλλον</span> <span class='ocrx_word' id='word_1_631' title='bbox 2625 4066 2723 4135; x_wconf 78' lang='grc' dir='ltr'>τῆς</span> <span class='ocrx_word' id='word_1_632' title='bbox 2778 4064 3156 4134; x_wconf 81' lang='grc' dir='ltr'>φιλανθρώπου</span> <span class='ocrx_word' id='word_1_633' title='bbox 3213 4064 3306 4117; x_wconf 65' lang='grc' dir='ltr'><strong>καί⁵</strong></span> <span class='ocrx_word' id='word_1_634' title='bbox 3357 4063 3640 4136; x_wconf 81' lang='grc' dir='ltr'>βασιλικῆς</span> 
     </span>
    </p>
   </div>
   <div class='ocr_carea' id='block_1_89' title="bbox 2067 4154 3639 4224">
    <p class='ocr_par' dir='ltr' id='par_1_89' title="bbox 2067 4154 3639 4224">
     <span class='ocr_line' id='line_1_89' title="bbox 2067 4154 3639 4224; baseline -0.001 -17"><span class='ocrx_word' id='word_1_635' title='bbox 2067 4154 2313 4219; x_wconf 76' lang='grc' dir='ltr'>ἐξουσίας</span> <span class='ocrx_word' id='word_1_636' title='bbox 2366 4156 2444 4219; x_wconf 79' lang='grc' dir='ltr'><strong>είς</strong></span> <span class='ocrx_word' id='word_1_637' title='bbox 2507 4155 2713 4218; x_wconf 84' lang='grc' dir='ltr'>πάντας</span> <span class='ocrx_word' id='word_1_638' title='bbox 2763 4154 3095 4207; x_wconf 80' lang='grc' dir='ltr'>ἐκτείνεσθαι</span> <span class='ocrx_word' id='word_1_639' title='bbox 3140 4154 3238 4224; x_wconf 83' lang='grc' dir='ltr'>τὴν</span> <span class='ocrx_word' id='word_1_640' title='bbox 3290 4154 3639 4224; x_wconf 79' lang='grc' dir='ltr'>εὐεργεσίαν,</span> 
     </span>
    </p>
   </div>
   <div class='ocr_carea' id='block_1_90' title="bbox 2069 4246 3641 4320">
    <p class='ocr_par' dir='ltr' id='par_1_90' title="bbox 2069 4246 3641 4320">
     <span class='ocr_line' id='line_1_90' title="bbox 2069 4246 3641 4320; baseline 0 -20"><span class='ocrx_word' id='word_1_641' title='bbox 2069 4248 2264 4320; x_wconf 76' lang='grc' dir='ltr'>μηκέτι</span> <span class='ocrx_word' id='word_1_642' title='bbox 2315 4247 2529 4318; x_wconf 80' lang='grc' dir='ltr'>θανάτῳ</span> <span class='ocrx_word' id='word_1_643' title='bbox 2575 4247 3004 4318; x_wconf 77' lang='grc' dir='ltr'>κολαζομένους·</span> <span class='ocrx_word' id='word_1_644' title='bbox 3059 4246 3312 4300; x_wconf 78' lang='grc' dir='ltr'>λελύσθαι</span> <span class='ocrx_word' id='word_1_645' title='bbox 3363 4246 3472 4318; x_wconf 80' lang='grc' dir='ltr'><strong>γάρ</strong></span> <span class='ocrx_word' id='word_1_646' title='bbox 3519 4247 3641 4300; x_wconf 79' lang='grc' dir='ltr'>καθ’</span> 
     </span>
    </p>
   </div>
   <div class='ocr_carea' id='block_1_91' title="bbox 2065 4340 3640 4414">
    <p class='ocr_par' dir='ltr' id='par_1_91' title="bbox 2065 4340 3640 4414">
     <span class='ocr_line' id='line_1_91' title="bbox 2065 4340 3640 4414; baseline -0.001 -19"><span class='ocrx_word' id='word_1_647' title='bbox 2065 4343 2220 4414; x_wconf 80' lang='grc' dir='ltr'>ἡμῶν</span> <span class='ocrx_word' id='word_1_648' title='bbox 2257 4341 2458 4411; x_wconf 88' lang='grc' dir='ltr'>ταύτην</span> <span class='ocrx_word' id='word_1_649' title='bbox 2489 4342 2667 4395; x_wconf 87' lang='grc' dir='ltr'>αὑτῶν</span> <span class='ocrx_word' id='word_1_650' title='bbox 2696 4341 2790 4411; x_wconf 81' lang='grc' dir='ltr'><strong>τὴν</strong></span> <span class='ocrx_word' id='word_1_651' title='bbox 2820 4341 3110 4411; x_wconf 84' lang='grc' dir='ltr'>τιμωρίαν,</span> <span class='ocrx_word' id='word_1_652' title='bbox 3135 4340 3221 4393; x_wconf 76' lang='grc' dir='ltr'>διὰ</span> <span class='ocrx_word' id='word_1_653' title='bbox 3250 4340 3346 4410; x_wconf 76' lang='grc' dir='ltr'><strong>τὴν</strong></span> <span class='ocrx_word' id='word_1_654' title='bbox 3374 4340 3480 4392; x_wconf 89' lang='grc' dir='ltr'><strong>τῶν</strong></span> <span class='ocrx_word' id='word_1_655' title='bbox 3506 4358 3640 4411; x_wconf 76' lang='grc' dir='ltr'>κρα-</span> 
     </span>
    </p>
   </div>
   <div class='ocr_carea' id='block_1_92' title="bbox 389 4431 1966 4521">
    <p class='ocr_par' dir='ltr' id='par_1_92' title="bbox 389 4434 1960 4508">
     <span class='ocr_line' id='line_1_92' title="bbox 389 4434 1960 4508; baseline -0.004 -15"><span class='ocrx_word' id='word_1_656' title='bbox 389 4439 561 4494; x_wconf 87' lang='lat' dir='ltr'><strong>nostri</strong></span> <span class='ocrx_word' id='word_1_657' title='bbox 612 4437 826 4508; x_wconf 90' lang='lat' dir='ltr'><strong>capitali</strong></span> <span class='ocrx_word' id='word_1_658' title='bbox 869 4437 1135 4507; x_wconf 89' lang='lat' dir='ltr'><strong>supplicio</strong></span> <span class='ocrx_word' id='word_1_659' title='bbox 1185 4437 1572 4507; x_wconf 87' lang='lat' dir='ltr'><strong>plecterentur.</strong></span> <span class='ocrx_word' id='word_1_660' title='bbox 1609 4434 1816 4504; x_wconf 89' lang='lat' dir='ltr'><strong>Quippe</strong></span> <span class='ocrx_word' id='word_1_661' title='bbox 1861 4435 1960 4488; x_wconf 90' lang='lat' dir='ltr'><strong>hu-</strong></span> 
     </span>
    </p>
   </div>
   <div class='ocr_carea' id='block_1_93' title="bbox 2074 4431 3639 4521">
    <p class='ocr_par' dir='ltr' id='par_1_93' title="bbox 2074 4431 3639 4504">
     <span class='ocr_line' id='line_1_93' title="bbox 2074 4431 3639 4504; baseline -0.001 -17"><span class='ocrx_word' id='word_1_662' title='bbox 2074 4433 2295 4488; x_wconf 79' lang='grc' dir='ltr'>τούντων</span> <span class='ocrx_word' id='word_1_663' title='bbox 2339 4432 2767 4504; x_wconf 82' lang='grc' dir='ltr'>φιλανθρωπίαν.</span> <span class='ocrx_word' id='word_1_664' title='bbox 2813 4431 3124 4503; x_wconf 79' lang='grc' dir='ltr'>Τηνικαῦτα</span> <span class='ocrx_word' id='word_1_665' title='bbox 3166 4431 3476 4501; x_wconf 77' lang='grc' dir='ltr'>ὀφθαλμοὺς</span> <span class='ocrx_word' id='word_1_666' title='bbox 3521 4431 3639 4496; x_wconf 81' lang='grc' dir='ltr'>ἐξο-</span> 
     </span>
    </p>
   </div>
   <div class='ocr_carea' id='block_1_94' title="bbox 384 4526 1961 4604">
    <p class='ocr_par' dir='ltr' id='par_1_94' title="bbox 384 4526 1961 4604">
     <span class='ocr_line' id='line_1_94' title="bbox 384 4526 1961 4604; baseline -0.004 -17"><span class='ocrx_word' id='word_1_667' title='bbox 384 4532 623 4604; x_wconf 90' lang='lat' dir='ltr'><strong>jusmodi</strong></span> <span class='ocrx_word' id='word_1_668' title='bbox 653 4546 813 4602; x_wconf 68' lang='lat' dir='ltr'><strong>poena</strong></span> <span class='ocrx_word' id='word_1_669' title='bbox 844 4544 941 4601; x_wconf 90' lang='lat' dir='ltr'><strong>per</strong></span> <span class='ocrx_word' id='word_1_670' title='bbox 973 4530 1366 4600; x_wconf 89' lang='lat' dir='ltr'><strong>imperatorum</strong></span> <span class='ocrx_word' id='word_1_671' title='bbox 1411 4528 1799 4598; x_wconf 81' lang='lat' dir='ltr'><strong>indulgentiam</strong></span> <span class='ocrx_word' id='word_1_672' title='bbox 1830 4526 1961 4581; x_wconf 91' lang='lat' dir='ltr'><strong>libe-</strong></span> 
     </span>
    </p>
   </div>
   <div class='ocr_carea' id='block_1_95' title="bbox 389 4619 1956 4694">
    <p class='ocr_par' dir='ltr' id='par_1_95' title="bbox 389 4619 1956 4694">
     <span class='ocr_line' id='line_1_95' title="bbox 389 4619 1956 4694; baseline -0.006 -14"><span class='ocrx_word' id='word_1_673' title='bbox 389 4635 539 4682; x_wconf 87' lang='lat' dir='ltr'><strong>ratos</strong></span> <span class='ocrx_word' id='word_1_674' title='bbox 570 4639 669 4682; x_wconf 88' lang='lat' dir='ltr'><strong>nos</strong></span> <span class='ocrx_word' id='word_1_675' title='bbox 721 4639 866 4681; x_wconf 89' lang='lat' dir='ltr'><strong>esse.</strong></span> <span class='ocrx_word' id='word_1_676' title='bbox 904 4621 1115 4679; x_wconf 78' lang='lat' dir='ltr'><strong>Exinde</strong></span> <span class='ocrx_word' id='word_1_677' title='bbox 1145 4623 1312 4694; x_wconf 88' lang='lat' dir='ltr'><strong>igitur</strong></span> <span class='ocrx_word' id='word_1_678' title='bbox 1340 4622 1527 4680; x_wconf 90' lang='lat' dir='ltr'><strong>oculos</strong></span> <span class='ocrx_word' id='word_1_679' title='bbox 1571 4620 1773 4675; x_wconf 87' lang='lat' dir='ltr'><strong>nostris</strong></span> <span class='ocrx_word' id='word_1_680' title='bbox 1817 4619 1956 4684; x_wconf 90' lang='lat' dir='ltr'><strong>erui,</strong></span> 
     </span>
    </p>
   </div>
   <div class='ocr_carea' id='block_1_96' title="bbox 460 4801 1954 4878">
    <p class='ocr_par' dir='ltr' id='par_1_96' title="bbox 460 4801 1954 4878">
     <span class='ocr_line' id='line_1_96' title="bbox 460 4801 1954 4878; baseline -0.004 -17"><span class='ocrx_word' id='word_1_681' title='bbox 460 4804 572 4878; x_wconf 72' lang='grc'><strong>(48)</strong></span> <span class='ocrx_word' id='word_1_682' title='bbox 623 4809 749 4863; x_wconf 81' lang='grc' dir='ltr'><strong>Ἐπ’</strong></span> <span class='ocrx_word' id='word_1_683' title='bbox 801 4805 992 4876; x_wconf 81' lang='grc' dir='ltr'>αὐτῆς</span> <span class='ocrx_word' id='word_1_684' title='bbox 1023 4808 1219 4878; x_wconf 83' lang='grc' dir='ltr'>μέσης</span> <span class='ocrx_word' id='word_1_685' title='bbox 1281 4806 1592 4876; x_wconf 78' lang='grc' dir='ltr'>γενόμεναι</span> <span class='ocrx_word' id='word_1_686' title='bbox 1639 4801 1745 4870; x_wconf 82' lang='grc' dir='ltr'>τῆς</span> <span class='ocrx_word' id='word_1_687' title='bbox 1791 4801 1954 4878; x_wconf 75' lang='grc' dir='ltr'>ὀδοῦ.</span> 
     </span>
    </p>
   </div>
   <div class='ocr_carea' id='block_1_97' title="bbox 386 4876 1961 4947">
    <p class='ocr_par' dir='ltr' id='par_1_97' title="bbox 386 4876 1961 4947">
     <span class='ocr_line' id='line_1_97' title="bbox 386 4876 1961 4947; baseline -0.006 -13"><span class='ocrx_word' id='word_1_688' title='bbox 386 4876 594 4947; x_wconf 65' lang='lat' dir='ltr'><strong>Duplex</strong></span> <span class='ocrx_word' id='word_1_689' title='bbox 637 4881 829 4934; x_wconf 91' lang='lat' dir='ltr'><strong>horum</strong></span> <span class='ocrx_word' id='word_1_690' title='bbox 871 4876 1160 4933; x_wconf 87' lang='lat' dir='ltr'><strong>verborum</strong></span> <span class='ocrx_word' id='word_1_691' title='bbox 1207 4893 1401 4932; x_wconf 88' lang='lat' dir='ltr'><strong>sensus</strong></span> <span class='ocrx_word' id='word_1_692' title='bbox 1453 4893 1571 4930; x_wconf 88' lang='lat' dir='ltr'><strong>esse</strong></span> <span class='ocrx_word' id='word_1_693' title='bbox 1608 4886 1816 4947; x_wconf 84' lang='lat' dir='ltr'><strong>potest.</strong></span> <span class='ocrx_word' id='word_1_694' title='bbox 1853 4876 1961 4947; x_wconf 76' lang='lat' dir='ltr'><strong>Aut</strong></span> 
     </span>
    </p>
   </div>
   <div class='ocr_carea' id='block_1_98' title="bbox 387 4944 1958 5020">
    <p class='ocr_par' dir='ltr' id='par_1_98' title="bbox 387 4944 1958 5020">
     <span class='ocr_line' id='line_1_98' title="bbox 387 4944 1958 5020; baseline -0.004 -16"><span class='ocrx_word' id='word_1_695' title='bbox 387 4944 553 5020; x_wconf 15' lang='lat' dir='ltr'><strong>enim,</strong></span> <span class='ocrx_word' id='word_1_696' title='bbox 581 4950 887 5020; x_wconf 90' lang='lat' dir='ltr'><strong>intelligere</strong></span> <span class='ocrx_word' id='word_1_697' title='bbox 930 4963 1216 5018; x_wconf 90' lang='lat' dir='ltr'><strong>possumus</strong></span> <span class='ocrx_word' id='word_1_698' title='bbox 1267 4949 1547 5020; x_wconf 88' lang='lat' dir='ltr'><strong>mulieres_</strong></span> <span class='ocrx_word' id='word_1_699' title='bbox 1582 4946 1706 5020; x_wconf 68' lang='lat' dir='ltr'><strong>illas</strong></span> <span class='ocrx_word' id='word_1_700' title='bbox 1750 4946 1858 5020; x_wconf 74' lang='lat' dir='ltr'><strong>jam</strong></span> <span class='ocrx_word' id='word_1_701' title='bbox 1892 4944 1958 4997; x_wconf 90' lang='lat' dir='ltr'><strong>ad</strong></span> 
     </span>
    </p>
   </div>
   <div class='ocr_carea' id='block_1_99' title="bbox 387 5013 1961 5088">
    <p class='ocr_par' dir='ltr' id='par_1_99' title="bbox 387 5013 1961 5088">
     <span class='ocr_line' id='line_1_99' title="bbox 387 5013 1961 5088; baseline -0.004 -13"><span class='ocrx_word' id='word_1_702' title='bbox 387 5019 669 5075; x_wconf 87' lang='lat' dir='ltr'><strong>dimidium</strong></span> <span class='ocrx_word' id='word_1_703' title='bbox 699 5013 912 5074; x_wconf 71' lang='lat' dir='ltr'><strong>itineris</strong></span> <span class='ocrx_word' id='word_1_704' title='bbox 931 5013 1282 5088; x_wconf 81' lang='lat' dir='ltr'><strong>pervenisse,</strong></span> <span class='ocrx_word' id='word_1_705' title='bbox 1316 5013 1961 5088; x_wconf 62' lang='grc' dir='ltr'>(ιυοιιιοιιοτΝἱορρίιοτυε</span> 
     </span>
    </p>
   </div>
   <div class='ocr_carea' id='block_1_100' title="bbox 389 5087 1960 5156">
    <p class='ocr_par' dir='ltr' id='par_1_100' title="bbox 389 5087 1960 5156">
     <span class='ocr_line' id='line_1_100' title="bbox 389 5087 1960 5156; baseline -0.004 -12"><span class='ocrx_word' id='word_1_706' title='bbox 389 5089 628 5156; x_wconf 86' lang='lat' dir='ltr'><strong>accepit;</strong></span> <span class='ocrx_word' id='word_1_707' title='bbox 681 5103 772 5143; x_wconf 89' lang='lat' dir='ltr'><strong>aut</strong></span> <span class='ocrx_word' id='word_1_708' title='bbox 830 5087 978 5143; x_wconf 84' lang='lat' dir='ltr'><strong>certe</strong></span> <span class='ocrx_word' id='word_1_709' title='bbox 1019 5091 1072 5144; x_wconf 92' lang='lat' dir='ltr'><strong>in</strong></span> <span class='ocrx_word' id='word_1_710' title='bbox 1124 5089 1301 5142; x_wconf 91' lang='lat' dir='ltr'><strong>medio</strong></span> <span class='ocrx_word' id='word_1_711' title='bbox 1341 5091 1441 5142; x_wconf 67' lang='lat' dir='ltr'><strong>vite</strong></span> <span class='ocrx_word' id='word_1_712' title='bbox 1490 5087 1714 5156; x_wconf 80' lang='lat' dir='ltr'><strong>publicae</strong></span> <span class='ocrx_word' id='word_1_713' title='bbox 1766 5098 1960 5153; x_wconf 82' lang='lat' dir='ltr'><strong>aggere</strong></span> 
     </span>
    </p>
   </div>
   <div class='ocr_carea' id='block_1_101' title="bbox 385 5155 1959 5224">
    <p class='ocr_par' dir='ltr' id='par_1_101' title="bbox 385 5155 1959 5224">
     <span class='ocr_line' id='line_1_101' title="bbox 385 5155 1959 5224; baseline -0.006 -9"><span class='ocrx_word' id='word_1_714' title='bbox 385 5155 717 5215; x_wconf 83' lang='lat' dir='ltr'><strong>constitisse.</strong></span> <span class='ocrx_word' id='word_1_715' title='bbox 782 5158 955 5213; x_wconf 91' lang='lat' dir='ltr'><strong>Porro</strong></span> <span class='ocrx_word' id='word_1_716' title='bbox 1025 5161 1088 5213; x_wconf 87' lang='lat' dir='ltr'><strong>de</strong></span> <span class='ocrx_word' id='word_1_717' title='bbox 1158 5155 1959 5224; x_wconf 72' lang='lat' dir='ltr'><strong>hujusmodiChristianarum</strong></span> 
     </span>
    </p>
   </div>
   <div class='ocr_carea' id='block_1_102' title="bbox 385 5224 1946 5300">
    <p class='ocr_par' dir='ltr' id='par_1_102' title="bbox 385 5224 1946 5300">
     <span class='ocr_line' id='line_1_102' title="bbox 385 5224 1946 5300; baseline -0.005 -16"><span class='ocrx_word' id='word_1_718' title='bbox 385 5229 676 5284; x_wconf 89' lang='lat' dir='ltr'><strong>mulierum</strong></span> <span class='ocrx_word' id='word_1_719' title='bbox 728 5231 986 5300; x_wconf 90' lang='lat' dir='ltr'><strong>martyrio</strong></span> <span class='ocrx_word' id='word_1_720' title='bbox 1027 5246 1144 5298; x_wconf 59' lang='lat' dir='ltr'><strong>qua;</strong></span> <span class='ocrx_word' id='word_1_721' title='bbox 1186 5231 1393 5298; x_wconf 87' lang='lat' dir='ltr'><strong>seipsas</strong></span> <span class='ocrx_word' id='word_1_722' title='bbox 1428 5227 1646 5300; x_wconf 77' lang='lat' dir='ltr'><strong>pudoris</strong></span> <span class='ocrx_word' id='word_1_723' title='bbox 1673 5224 1832 5280; x_wconf 87' lang='lat' dir='ltr'><strong>simul</strong></span> <span class='ocrx_word' id='word_1_724' title='bbox 1863 5237 1946 5300; x_wconf 85' lang='lat' dir='ltr'><strong>_a_c</strong></span> 
     </span>
    </p>
   </div>
   <div class='ocr_carea' id='block_1_103' title="bbox 385 5295 1946 5369">
    <p class='ocr_par' dir='ltr' id='par_1_103' title="bbox 385 5295 1946 5369">
     <span class='ocr_line' id='line_1_103' title="bbox 385 5295 1946 5369; baseline -0.004 -14"><span class='ocrx_word' id='word_1_725' title='bbox 385 5301 663 5369; x_wconf 84' lang='lat' dir='ltr'><strong>religionis</strong></span> <span class='ocrx_word' id='word_1_726' title='bbox 722 5295 1003 5355; x_wconf 69' lang='lat' dir='ltr'><strong>servandae</strong></span> <span class='ocrx_word' id='word_1_727' title='bbox 1045 5295 1233 5352; x_wconf 45' lang='lat' dir='ltr'><strong>_causa</strong></span> <span class='ocrx_word' id='word_1_728' title='bbox 1273 5295 1701 5369; x_wconf 53' lang='lat' dir='ltr'><strong>&#39;prmcipitarunt</strong></span> <span class='ocrx_word' id='word_1_729' title='bbox 1735 5330 1794 5369; x_wconf 72' lang='lat'><strong>,_</strong></span> <span class='ocrx_word' id='word_1_730' title='bbox 1825 5295 1946 5348; x_wconf 87' lang='lat' dir='ltr'><strong>vide</strong></span> 
     </span>
    </p>
   </div>
   <div class='ocr_carea' id='block_1_104' title="bbox 384 5365 1946 5437">
    <p class='ocr_par' dir='ltr' id='par_1_104' title="bbox 384 5365 1946 5437">
     <span class='ocr_line' id='line_1_104' title="bbox 384 5365 1946 5437; baseline -0.004 -13"><span class='ocrx_word' id='word_1_731' title='bbox 384 5365 738 5437; x_wconf 55' lang='lat' dir='ltr'><strong>Aug&#39;ttstinutit</strong></span> <span class='ocrx_word' id='word_1_732' title='bbox 773 5372 823 5425; x_wconf 91' lang='lat' dir='ltr'><strong>in</strong></span> <span class='ocrx_word' id='word_1_733' title='bbox 856 5372 950 5424; x_wconf 90' lang='lat' dir='ltr'><strong>lib.</strong></span> <span class='ocrx_word' id='word_1_734' title='bbox 983 5387 998 5424; x_wconf 86' lang='grc' dir='ltr'><strong>ι</strong></span> <span class='ocrx_word' id='word_1_735' title='bbox 1028 5369 1104 5423; x_wconf 83' lang='lat' dir='ltr'><strong>De</strong></span> <span class='ocrx_word' id='word_1_736' title='bbox 1139 5365 1350 5422; x_wconf 66' lang='lat' dir='ltr'><strong>civitaie</strong></span> <span class='ocrx_word' id='word_1_737' title='bbox 1382 5367 1500 5430; x_wconf 76' lang='lat' dir='ltr'><strong>Dei,</strong></span> <span class='ocrx_word' id='word_1_738' title='bbox 1540 5382 1589 5421; x_wconf 80' lang='grc' dir='ltr'>ο.</span> <span class='ocrx_word' id='word_1_739' title='bbox 1617 5367 1707 5420; x_wconf 73' lang='lat'><strong>26.</strong></span> <span class='ocrx_word' id='word_1_740' title='bbox 1730 5365 1946 5437; x_wconf 79' lang='lat' dir='ltr'><strong>_Exstat</strong></span> 
     </span>
    </p>
   </div>
   <div class='ocr_carea' id='block_1_105' title="bbox 383 5435 1944 5505">
    <p class='ocr_par' dir='ltr' id='par_1_105' title="bbox 383 5435 1944 5505">
     <span class='ocr_line' id='line_1_105' title="bbox 383 5435 1944 5505; baseline -0.005 -9"><span class='ocrx_word' id='word_1_741' title='bbox 383 5435 686 5496; x_wconf 81' lang='lat' dir='ltr'><strong>encotniutn</strong></span> <span class='ocrx_word' id='word_1_742' title='bbox 718 5444 905 5496; x_wconf 87' lang='lat' dir='ltr'><strong>haruut</strong></span> <span class='ocrx_word' id='word_1_743' title='bbox 941 5441 1226 5494; x_wconf 87' lang='lat' dir='ltr'><strong>mulierum</strong></span> <span class='ocrx_word' id='word_1_744' title='bbox 1268 5439 1321 5492; x_wconf 90' lang='lat' dir='ltr'><strong>in</strong></span> <span class='ocrx_word' id='word_1_745' title='bbox 1354 5449 1496 5493; x_wconf 88' lang='lat' dir='ltr'><strong>tomo</strong></span> <span class='ocrx_word' id='word_1_746' title='bbox 1520 5439 1692 5505; x_wconf 89' lang='lat' dir='ltr'><strong>primo</strong></span> <span class='ocrx_word' id='word_1_747' title='bbox 1723 5435 1944 5490; x_wconf 79' lang='lat' dir='ltr'><strong>Joannis</strong></span> 
     </span>
    </p>
   </div>
   <div class='ocr_carea' id='block_1_106' title="bbox 385 5505 1948 5584">
    <p class='ocr_par' dir='ltr' id='par_1_106' title="bbox 385 5505 1948 5584">
     <span class='ocr_line' id='line_1_106' title="bbox 385 5505 1948 5584; baseline -0.005 -18"><span class='ocrx_word' id='word_1_748' title='bbox 385 5512 776 5584; x_wconf 78' lang='lat' dir='ltr'><strong>Cltrysostottti,</strong></span> <span class='ocrx_word' id='word_1_749' title='bbox 828 5513 916 5566; x_wconf 91' lang='lat' dir='ltr'><strong>ubi</strong></span> <span class='ocrx_word' id='word_1_750' title='bbox 960 5521 1132 5564; x_wconf 82' lang='lat' dir='ltr'><strong>mater</strong></span> <span class='ocrx_word' id='word_1_751' title='bbox 1177 5510 1459 5584; x_wconf 59' lang='lat' dir='ltr'><strong>Domnina,</strong></span> <span class='ocrx_word' id='word_1_752' title='bbox 1514 5510 1636 5584; x_wconf 68' lang='lat' dir='ltr'><strong>tiliae</strong></span> <span class='ocrx_word' id='word_1_753' title='bbox 1664 5521 1794 5584; x_wconf 83' lang='lat' dir='ltr'><strong>vero</strong></span> <span class='ocrx_word' id='word_1_754' title='bbox 1822 5505 1948 5584; x_wconf 83' lang='lat' dir='ltr'><strong>Ber-</strong></span> 
     </span>
    </p>
   </div>
   <div class='ocr_carea' id='block_1_107' title="bbox 385 5577 1948 5636">
    <p class='ocr_par' dir='ltr' id='par_1_107' title="bbox 385 5577 1948 5636">
     <span class='ocr_line' id='line_1_107' title="bbox 385 5577 1948 5636; baseline -0.004 0"><span class='ocrx_word' id='word_1_755' title='bbox 385 5577 880 5636; x_wconf 73' lang='lat' dir='ltr'><strong>niceetProsdoce</strong></span> <span class='ocrx_word' id='word_1_756' title='bbox 922 5585 1194 5636; x_wconf 87' lang='lat' dir='ltr'><strong>dicuntur.</strong></span> <span class='ocrx_word' id='word_1_757' title='bbox 1244 5580 1438 5632; x_wconf 86' lang='lat' dir='ltr'><strong>Earum</strong></span> <span class='ocrx_word' id='word_1_758' title='bbox 1491 5579 1724 5632; x_wconf 86' lang='lat' dir='ltr'><strong>natalem</strong></span> <span class='ocrx_word' id='word_1_759' title='bbox 1756 5577 1948 5630; x_wconf 84' lang='lat' dir='ltr'><strong>Antio-</strong></span> 
     </span>
    </p>
   </div>
   <div class='ocr_carea' id='block_1_108' title="bbox 384 5646 1947 5722">
    <p class='ocr_par' dir='ltr' id='par_1_108' title="bbox 384 5646 1947 5722">
     <span class='ocr_line' id='line_1_108' title="bbox 384 5646 1947 5722; baseline -0.006 -14"><span class='ocrx_word' id='word_1_760' title='bbox 384 5654 544 5708; x_wconf 86' lang='lat' dir='ltr'><strong>cheni</strong></span> <span class='ocrx_word' id='word_1_761' title='bbox 570 5656 921 5708; x_wconf 78' lang='lat' dir='ltr'><strong>celebrabant</strong></span> <span class='ocrx_word' id='word_1_762' title='bbox 949 5651 1038 5706; x_wconf 84' lang='lat' dir='ltr'><strong>die</strong></span> <span class='ocrx_word' id='word_1_763' title='bbox 1070 5666 1138 5704; x_wconf 74' lang='lat' dir='ltr'><strong>xx</strong></span> <span class='ocrx_word' id='word_1_764' title='bbox 1175 5649 1527 5722; x_wconf 72' lang='lat' dir='ltr'><strong>postlestunt</strong></span> <span class='ocrx_word' id='word_1_765' title='bbox 1558 5649 1779 5722; x_wconf 68' lang='lat' dir='ltr'><strong>Sanctae</strong></span> <span class='ocrx_word' id='word_1_766' title='bbox 1809 5646 1947 5700; x_wconf 91' lang='lat' dir='ltr'><strong>Cru-</strong></span> 
     </span>
    </p>
   </div>
   <div class='ocr_carea' id='block_1_109' title="bbox 382 5719 1949 5794">
    <p class='ocr_par' dir='ltr' id='par_1_109' title="bbox 382 5719 1949 5794">
     <span class='ocr_line' id='line_1_109' title="bbox 382 5719 1949 5794; baseline -0.002 -15"><span class='ocrx_word' id='word_1_767' title='bbox 382 5726 482 5791; x_wconf 79' lang='lat' dir='ltr'><strong>cis,</strong></span> <span class='ocrx_word' id='word_1_768' title='bbox 511 5737 566 5779; x_wconf 92' lang='lat' dir='ltr'><strong>ut</strong></span> <span class='ocrx_word' id='word_1_769' title='bbox 599 5725 650 5778; x_wconf 91' lang='lat' dir='ltr'><strong>in</strong></span> <span class='ocrx_word' id='word_1_770' title='bbox 680 5725 794 5794; x_wconf 82' lang='lat' dir='ltr'><strong>ipso</strong></span> <span class='ocrx_word' id='word_1_771' title='bbox 843 5722 1103 5779; x_wconf 74' lang='lat' dir='ltr'><strong>orat&#39;mnis</strong></span> <span class='ocrx_word' id='word_1_772' title='bbox 1136 5720 1360 5778; x_wconf 77' lang='lat' dir='ltr'><strong>exordio</strong></span> <span class='ocrx_word' id='word_1_773' title='bbox 1405 5719 1595 5776; x_wconf 84' lang='lat' dir='ltr'><strong>scribit</strong></span> <span class='ocrx_word' id='word_1_774' title='bbox 1625 5719 1949 5790; x_wconf 83' lang='lat' dir='ltr'><strong>Chrysosto-</strong></span> 
     </span>
    </p>
   </div>
   <div class='ocr_carea' id='block_1_110' title="bbox 2067 4524 3638 4600">
    <p class='ocr_par' dir='ltr' id='par_1_110' title="bbox 2067 4524 3638 4600">
     <span class='ocr_line' id='line_1_110' title="bbox 2067 4524 3638 4600; baseline -0.006 -19"><span class='ocrx_word' id='word_1_775' title='bbox 2067 4527 2373 4600; x_wconf 84' lang='grc' dir='ltr'>ρύττεσθαι,</span> <span class='ocrx_word' id='word_1_776' title='bbox 2432 4527 2525 4579; x_wconf 73' lang='grc' dir='ltr'><strong>καὶ</strong></span> <span class='ocrx_word' id='word_1_777' title='bbox 2583 4529 2694 4579; x_wconf 88' lang='grc' dir='ltr'>τοῖν</span> <span class='ocrx_word' id='word_1_778' title='bbox 2757 4524 2965 4578; x_wconf 86' lang='grc' dir='ltr'>σκελοῖν</span> <span class='ocrx_word' id='word_1_779' title='bbox 3019 4524 3326 4596; x_wconf 79' lang='grc' dir='ltr'>πηροῦσθαι</span> <span class='ocrx_word' id='word_1_780' title='bbox 3389 4524 3638 4594; x_wconf 80' lang='grc' dir='ltr'>θάτερον,</span> 
     </span>
    </p>
   </div>
   <div class='ocr_carea' id='block_1_111' title="bbox 2066 4613 3640 4692">
    <p class='ocr_par' dir='ltr' id='par_1_111' title="bbox 2066 4613 3640 4692">
     <span class='ocr_line' id='line_1_111' title="bbox 2066 4613 3640 4692; baseline -0.001 -19"><span class='ocrx_word' id='word_1_781' title='bbox 2066 4618 2621 4692; x_wconf 87' lang='grc' dir='ltr'>προσετάττετο</span> <span class='ocrx_word' id='word_1_782' title='bbox 2659 4618 2844 4672; x_wconf 82' lang='grc' dir='ltr'>Ταῦτα</span> <span class='ocrx_word' id='word_1_783' title='bbox 2888 4618 2996 4689; x_wconf 88' lang='grc' dir='ltr'>γὰρ</span> <span class='ocrx_word' id='word_1_784' title='bbox 3032 4613 3100 4689; x_wconf 83' lang='grc' dir='ltr'>ἧν</span> <span class='ocrx_word' id='word_1_785' title='bbox 3143 4618 3326 4680; x_wconf 87' lang='grc' dir='ltr'>αὑτοῖς</span> <span class='ocrx_word' id='word_1_786' title='bbox 3354 4616 3420 4670; x_wconf 80' lang='grc' dir='ltr'>τὰ</span> <span class='ocrx_word' id='word_1_787' title='bbox 3450 4617 3640 4684; x_wconf 79' lang='grc' dir='ltr'>φιλάν-</span> 
     </span>
    </p>
   </div>
   <div class='ocr_carea' id='block_1_112' title="bbox 2059 4795 3632 4856">
    <p class='ocr_par' dir='ltr' id='par_1_112' title="bbox 2059 4795 3632 4856">
     <span class='ocr_line' id='line_1_112' title="bbox 2059 4795 3632 4856; baseline -0.003 -2"><span class='ocrx_word' id='word_1_788' title='bbox 2059 4816 2201 4856; x_wconf 90' lang='lat' dir='ltr'><strong>mus.</strong></span> <span class='ocrx_word' id='word_1_789' title='bbox 2265 4799 2498 4854; x_wconf 79' lang='lat' dir='ltr'><strong>Proinde</strong></span> <span class='ocrx_word' id='word_1_790' title='bbox 2545 4795 2716 4853; x_wconf 85' lang='lat' dir='ltr'><strong>Graeci</strong></span> <span class='ocrx_word' id='word_1_791' title='bbox 2779 4797 3016 4852; x_wconf 88' lang='lat' dir='ltr'><strong>natalem</strong></span> <span class='ocrx_word' id='word_1_792' title='bbox 3081 4797 3294 4851; x_wconf 92' lang='lat' dir='ltr'><strong>illarum</strong></span> <span class='ocrx_word' id='word_1_793' title='bbox 3345 4797 3632 4851; x_wconf 88' lang='lat' dir='ltr'><strong>mulierum</strong></span> 
     </span>
    </p>
   </div>
   <div class='ocr_carea' id='block_1_113' title="bbox 2057 4869 3630 4934">
    <p class='ocr_par' dir='ltr' id='par_1_113' title="bbox 2057 4869 3630 4934">
     <span class='ocr_line' id='line_1_113' title="bbox 2057 4869 3630 4934; baseline -0.001 -11"><span class='ocrx_word' id='word_1_794' title='bbox 2057 4871 2401 4926; x_wconf 86' lang='lat' dir='ltr'><strong>contulerunt</strong></span> <span class='ocrx_word' id='word_1_795' title='bbox 2431 4871 2486 4922; x_wconf 90' lang='lat' dir='ltr'><strong>in</strong></span> <span class='ocrx_word' id='word_1_796' title='bbox 2545 4870 2692 4923; x_wconf 89' lang='lat' dir='ltr'><strong>diem</strong></span> <span class='ocrx_word' id='word_1_797' title='bbox 2747 4883 2802 4922; x_wconf 88' lang='lat' dir='ltr'><strong>tv</strong></span> <span class='ocrx_word' id='word_1_798' title='bbox 2833 4869 3105 4934; x_wconf 87' lang='lat' dir='ltr'><strong>Octobris,</strong></span> <span class='ocrx_word' id='word_1_799' title='bbox 3141 4880 3196 4922; x_wconf 95' lang='lat' dir='ltr'><strong>ut</strong></span> <span class='ocrx_word' id='word_1_800' title='bbox 3243 4869 3429 4922; x_wconf 88' lang='lat' dir='ltr'><strong>videre</strong></span> <span class='ocrx_word' id='word_1_801' title='bbox 3455 4880 3543 4922; x_wconf 92' lang='lat' dir='ltr'><strong>est</strong></span> <span class='ocrx_word' id='word_1_802' title='bbox 3581 4870 3630 4923; x_wconf 86' lang='lat' dir='ltr'><strong>in</strong></span> 
     </span>
    </p>
   </div>
   <div class='ocr_carea' id='block_1_114' title="bbox 2058 4941 2382 4994">
    <p class='ocr_par' dir='ltr' id='par_1_114' title="bbox 2058 4941 2382 4994">
     <span class='ocr_line' id='line_1_114' title="bbox 2058 4941 2382 4994; baseline -0.009 0"><span class='ocrx_word' id='word_1_803' title='bbox 2058 4941 2382 4994; x_wconf 71' lang='lat' dir='ltr'><strong>Menoloeio.</strong></span> 
     </span>
    </p>
   </div>
   <div class='ocr_carea' id='block_1_115' title="bbox 2130 4959 3634 5083">
    <p class='ocr_par' dir='ltr' id='par_1_115' title="bbox 2130 4959 3634 5083">
     <span class='ocr_line' id='line_1_115' title="bbox 2130 4959 3634 5083; baseline -0.003 -18"><span class='ocrx_word' id='word_1_804' title='bbox 2420 5010 2858 5083; x_wconf 68' lang='grc' dir='ltr'>ἀναγκαιότατα</span> <span class='ocrx_word' id='word_1_805' title='bbox 2901 5008 3009 5083; x_wconf 73' lang='grc' dir='ltr'>τοῦ</span> <span class='ocrx_word' id='word_1_806' title='bbox 3054 5005 3357 5083; x_wconf 31' lang='grc' dir='ltr'>σώματος..</span> <span class='ocrx_word' id='word_1_807' title='bbox 3401 5005 3634 5083; x_wconf 70' lang='lat' dir='ltr'><strong>Rufinus</strong></span> 
     </span>
    </p>
   </div>
   <div class='ocr_carea' id='block_1_116' title="bbox 2059 5078 3632 5150">
    <p class='ocr_par' dir='ltr' id='par_1_116' title="bbox 2059 5078 3632 5150">
     <span class='ocr_line' id='line_1_116' title="bbox 2059 5078 3632 5150; baseline -0.002 -15"><span class='ocrx_word' id='word_1_808' title='bbox 2059 5078 2334 5150; x_wconf 84' lang='lat' dir='ltr'><strong>eleganter</strong></span> <span class='ocrx_word' id='word_1_809' title='bbox 2389 5078 2598 5135; x_wconf 81' lang='lat' dir='ltr'><strong>vertit:</strong></span> <span class='ocrx_word' id='word_1_810' title='bbox 2633 5081 2806 5148; x_wconf 79' lang='lat' dir='ltr'><strong>Usque</strong></span> <span class='ocrx_word' id='word_1_811' title='bbox 2855 5082 2924 5134; x_wconf 88' lang='lat' dir='ltr'><strong>ad</strong></span> <span class='ocrx_word' id='word_1_812' title='bbox 2952 5081 3090 5150; x_wconf 2' lang='lat' dir='ltr'><strong>placa</strong></span> <span class='ocrx_word' id='word_1_813' title='bbox 3147 5079 3392 5150; x_wconf 62' lang='lat' dir='ltr'><strong>pudenda</strong></span> <span class='ocrx_word' id='word_1_814' title='bbox 3441 5078 3632 5150; x_wconf 70' lang='lat' dir='ltr'><strong>quibus</strong></span> 
     </span>
    </p>
   </div>
   <div class='ocr_carea' id='block_1_117' title="bbox 2061 5147 3629 5221">
    <p class='ocr_par' dir='ltr' id='par_1_117' title="bbox 2061 5147 3629 5221">
     <span class='ocr_line' id='line_1_117' title="bbox 2061 5147 3629 5221; baseline -0.001 -16"><span class='ocrx_word' id='word_1_815' title='bbox 2061 5147 2322 5205; x_wconf 60' lang='lat' dir='ltr'><strong>naturalis</strong></span> <span class='ocrx_word' id='word_1_816' title='bbox 2355 5155 2544 5221; x_wconf 80' lang='lat' dir='ltr'><strong>egeslio</strong></span> <span class='ocrx_word' id='word_1_817' title='bbox 2573 5152 2852 5221; x_wconf 77' lang='lat' dir='ltr'><strong>procurari</strong></span> <span class='ocrx_word' id='word_1_818' title='bbox 2881 5149 3032 5203; x_wconf 74' lang='lat' dir='ltr'><strong>solet.</strong></span> <span class='ocrx_word' id='word_1_819' title='bbox 3066 5151 3209 5204; x_wconf 77' lang='lat' dir='ltr'><strong>Sane</strong></span> <span class='ocrx_word' id='word_1_820' title='bbox 3250 5147 3431 5221; x_wconf 66' lang='lat' dir='ltr'><strong>Grazci</strong></span> <span class='ocrx_word' id='word_1_821' title='bbox 3453 5149 3629 5218; x_wconf 81' lang='grc' dir='ltr'>ἀνάγ-</span> 
     </span>
    </p>
   </div>
   <div class='ocr_carea' id='block_1_118' title="bbox 2049 5219 3630 5292">
    <p class='ocr_par' dir='ltr' id='par_1_118' title="bbox 2049 5219 3630 5292">
     <span class='ocr_line' id='line_1_118' title="bbox 2049 5219 3630 5292; baseline 0 -18"><span class='ocrx_word' id='word_1_822' title='bbox 2049 5239 2151 5292; x_wconf 86' lang='grc' dir='ltr'><strong>κην</strong></span> <span class='ocrx_word' id='word_1_823' title='bbox 2187 5219 2397 5276; x_wconf 76' lang='lat' dir='ltr'><strong>vocant</strong></span> <span class='ocrx_word' id='word_1_824' title='bbox 2424 5237 2543 5275; x_wconf 86' lang='lat' dir='ltr'><strong>eam</strong></span> <span class='ocrx_word' id='word_1_825' title='bbox 2573 5219 2839 5291; x_wconf 83' lang='lat' dir='ltr'><strong>corporis</strong></span> <span class='ocrx_word' id='word_1_826' title='bbox 2871 5230 3102 5289; x_wconf 79' lang='lat' dir='ltr'><strong>partem,</strong></span> <span class='ocrx_word' id='word_1_827' title='bbox 3137 5233 3300 5288; x_wconf 86' lang='lat' dir='ltr'><strong>quam</strong></span> <span class='ocrx_word' id='word_1_828' title='bbox 3331 5219 3504 5289; x_wconf 87' lang='lat' dir='ltr'><strong>pudor</strong></span> <span class='ocrx_word' id='word_1_829' title='bbox 3531 5239 3630 5274; x_wconf 88' lang='lat' dir='ltr'><strong>no-</strong></span> 
     </span>
    </p>
   </div>
   <div class='ocr_carea' id='block_1_119' title="bbox 2054 5294 2450 5346">
    <p class='ocr_par' dir='ltr' id='par_1_119' title="bbox 2054 5294 2450 5346">
     <span class='ocr_line' id='line_1_119' title="bbox 2054 5294 2450 5346; baseline 0.003 -1"><span class='ocrx_word' id='word_1_830' title='bbox 2054 5294 2248 5346; x_wconf 88' lang='lat' dir='ltr'><strong>minari</strong></span> <span class='ocrx_word' id='word_1_831' title='bbox 2283 5301 2450 5346; x_wconf 89' lang='lat' dir='ltr'><strong>vetat.</strong></span> 
     </span>
    </p>
   </div>
   <div class='ocr_carea' id='block_1_120' title="bbox 2116 5356 3626 5434">
    <p class='ocr_par' dir='ltr' id='par_1_120' title="bbox 2116 5356 3626 5434">
     <span class='ocr_line' id='line_1_120' title="bbox 2116 5356 3626 5434; baseline -0.002 -17"><span class='ocrx_word' id='word_1_832' title='bbox 2116 5363 2228 5434; x_wconf 79' lang='lat'><strong>(50)</strong></span> <span class='ocrx_word' id='word_1_833' title='bbox 2280 5365 2354 5416; x_wconf 77' lang='grc' dir='ltr'><em>Τὰ</em></span> <span class='ocrx_word' id='word_1_834' title='bbox 2399 5361 2450 5413; x_wconf 88' lang='grc' dir='ltr'>δ’</span> <span class='ocrx_word' id='word_1_835' title='bbox 2486 5356 2598 5434; x_wconf 70' lang='grc' dir='ltr'><strong>οὖν</strong></span> <span class='ocrx_word' id='word_1_836' title='bbox 2639 5359 2758 5415; x_wconf 78' lang='grc' dir='ltr'>τῶν</span> <span class='ocrx_word' id='word_1_837' title='bbox 2808 5358 3134 5434; x_wconf 67' lang='grc' dir='ltr'>συμφορῶν</span> <span class='ocrx_word' id='word_1_838' title='bbox 3173 5360 3431 5434; x_wconf 46' lang='lat' dir='ltr'><strong>saxum.</strong></span> <span class='ocrx_word' id='word_1_839' title='bbox 3475 5359 3626 5415; x_wconf 77' lang='lat' dir='ltr'><strong>Hunc</strong></span> 
     </span>
    </p>
   </div>
   <div class='ocr_carea' id='block_1_121' title="bbox 2043 5431 3346 5490">
    <p class='ocr_par' dir='ltr' id='par_1_121' title="bbox 2043 5431 3346 5490">
     <span class='ocr_line' id='line_1_121' title="bbox 2043 5431 3346 5490; baseline -0.005 -2"><span class='ocrx_word' id='word_1_840' title='bbox 2043 5431 2220 5490; x_wconf 83' lang='lat' dir='ltr'><strong>locum</strong></span> <span class='ocrx_word' id='word_1_841' title='bbox 2259 5449 2361 5485; x_wconf 89' lang='lat' dir='ltr'><strong>non</strong></span> <span class='ocrx_word' id='word_1_842' title='bbox 2399 5433 2689 5486; x_wconf 76' lang='lat' dir='ltr'><strong>infeliciter</strong></span> <span class='ocrx_word' id='word_1_843' title='bbox 2715 5433 2943 5486; x_wconf 87' lang='lat' dir='ltr'><strong>vertisse</strong></span> <span class='ocrx_word' id='word_1_844' title='bbox 2976 5432 3106 5485; x_wconf 89' lang='lat' dir='ltr'><strong>mihi</strong></span> <span class='ocrx_word' id='word_1_845' title='bbox 3135 5431 3346 5485; x_wconf 86' lang='lat' dir='ltr'><strong>videor.</strong></span> 
     </span>
    </p>
   </div>
   <div class='ocr_carea' id='block_1_122' title="bbox 2115 5500 3624 5574">
    <p class='ocr_par' dir='ltr' id='par_1_122' title="bbox 2115 5500 3624 5574">
     <span class='ocr_line' id='line_1_122' title="bbox 2115 5500 3624 5574; baseline -0.005 -16"><span class='ocrx_word' id='word_1_846' title='bbox 2115 5506 2228 5574; x_wconf 81' lang='lat' dir='ltr'><strong>(5l)</strong></span> <span class='ocrx_word' id='word_1_847' title='bbox 2270 5503 2388 5571; x_wconf 75' lang='grc' dir='ltr'><strong>Τὴν</strong></span> <span class='ocrx_word' id='word_1_848' title='bbox 2420 5501 2716 5574; x_wconf 80' lang='grc' dir='ltr'>ἀνωτάτω.</span> <span class='ocrx_word' id='word_1_849' title='bbox 2749 5502 2803 5574; x_wconf 77' lang='lat' dir='ltr'><strong>lu</strong></span> <span class='ocrx_word' id='word_1_850' title='bbox 2834 5502 2999 5574; x_wconf 79' lang='lat' dir='ltr'><strong>codd.</strong></span> <span class='ocrx_word' id='word_1_851' title='bbox 3060 5500 3367 5574; x_wconf 77' lang='lat' dir='ltr'><strong>Med.,Maz.</strong></span> <span class='ocrx_word' id='word_1_852' title='bbox 3405 5510 3459 5574; x_wconf 79' lang='lat' dir='ltr'><strong>et</strong></span> 
     </span>
    </p>
   </div>
   <div class='ocr_carea' id='block_1_123' title="bbox 2047 5570 3628 5644">
    <p class='ocr_par' dir='ltr' id='par_1_123' title="bbox 2047 5570 3628 5644">
     <span class='ocr_line' id='line_1_123' title="bbox 2047 5570 3628 5644; baseline -0.004 -15"><span class='ocrx_word' id='word_1_853' title='bbox 2047 5570 2307 5643; x_wconf 24' lang='lat' dir='ltr'><strong>script—um</strong></span> <span class='ocrx_word' id='word_1_854' title='bbox 2339 5570 2543 5644; x_wconf 10' lang='lat' dir='ltr'><strong>&#39;rreperi</strong></span> <span class='ocrx_word' id='word_1_855' title='bbox 2576 5592 2588 5625; x_wconf 91' lang='lat'>:</span> <span class='ocrx_word' id='word_1_856' title='bbox 2620 5573 2708 5624; x_wconf 76' lang='grc' dir='ltr'><strong>ἐπ’</strong></span> <span class='ocrx_word' id='word_1_857' title='bbox 2738 5571 2980 5644; x_wconf 84' lang='grc' dir='ltr'>ὠμότητι</span> <span class='ocrx_word' id='word_1_858' title='bbox 3025 5575 3092 5644; x_wconf 79' lang='grc' dir='ltr'>τῇ</span> <span class='ocrx_word' id='word_1_859' title='bbox 3119 5571 3379 5626; x_wconf 87' lang='grc' dir='ltr'>ἀνωτάτω</span> <span class='ocrx_word' id='word_1_860' title='bbox 3406 5570 3628 5624; x_wconf 75' lang='grc' dir='ltr'>διαϐαλ·</span> 
     </span>
    </p>
   </div>
   <div class='ocr_carea' id='block_1_124' title="bbox 2047 5643 3030 5714">
    <p class='ocr_par' dir='ltr' id='par_1_124' title="bbox 2047 5643 3030 5714">
     <span class='ocr_line' id='line_1_124' title="bbox 2047 5643 3030 5714; baseline -0.002 -17"><span class='ocrx_word' id='word_1_861' title='bbox 2047 5647 2157 5702; x_wconf 84' lang='grc' dir='ltr'>λειν</span> <span class='ocrx_word' id='word_1_862' title='bbox 2188 5645 2285 5714; x_wconf 81' lang='grc' dir='ltr'>τὴν</span> <span class='ocrx_word' id='word_1_863' title='bbox 2312 5643 2420 5695; x_wconf 91' lang='grc' dir='ltr'><strong>τῶν</strong></span> <span class='ocrx_word' id='word_1_864' title='bbox 2453 5643 2794 5714; x_wconf 87' lang='grc' dir='ltr'>κρατούντων</span> <span class='ocrx_word' id='word_1_865' title='bbox 2833 5643 3030 5713; x_wconf 84' lang='grc' dir='ltr'>ἀρχήν.</span> 
     </span>
    </p>
   </div>
   <div class='ocr_carea' id='block_1_125' title="bbox 2117 5711 3625 5788">
    <p class='ocr_par' dir='ltr' id='par_1_125' title="bbox 2117 5711 3625 5788">
     <span class='ocr_line' id='line_1_125' title="bbox 2117 5711 3625 5788; baseline -0.004 -17"><span class='ocrx_word' id='word_1_866' title='bbox 2117 5711 2713 5788; x_wconf 67' lang='grc' dir='ltr'>(³ὶ2)Ἰ1ροσετᾶττετο.</span> <span class='ocrx_word' id='word_1_867' title='bbox 2750 5711 2979 5771; x_wconf 69' lang='grc' dir='ltr'>ιὶυίὶιιύε</span> <span class='ocrx_word' id='word_1_868' title='bbox 3008 5712 3244 5771; x_wconf 85' lang='lat' dir='ltr'><strong>edictum</strong></span> <span class='ocrx_word' id='word_1_869' title='bbox 3275 5711 3625 5783; x_wconf 70' lang='lat' dir='ltr'><strong>imperatoria</strong></span> 
     </span>
    </p>
   </div>
  </div>
