3928 6252
265 319 366 372 773

1231 312 1578 370 1118ΤοῐίΙῶ
1618 313 2167 371 ECCLESIASTICAE
2206 314 2332 372 LIB.
2376 316 2508 374 VIII.

3369 323 3472 376 774

263 434 468 506 θρωπα,
499 435 591 488 καὶ
619 433 724 487 τῶν
753 433 871 487 καθ’
901 432 1057 504 ἡμῶν
1091 432 1366 504 τιμωριῶν
1392 432 1459 484 τὰ
1487 434 1810 501 κουφότατα,

1917 444 1968 486 et
2016 435 2240 486 alterum
2276 450 2338 488 ex
2383 435 2628 489 cruribus
2680 434 2951 490 debilitari
2986 443 3313 505 praceptum
3364 448 3470 491 est.

261 528 395 581 ὥστε
428 527 526 598 ήδη
559 525 756 597 ταύτης
799 527 958 579 ἓνεκα
996 525 1092 595 τῆς
1122 524 1228 578 τῶν
1266 523 1475 578 ἀσεϐῶν
1511 523 1811 593 φιλανθρω-

262 619 405 683 πίας,
451 619 625 671 οὐκέτ’
657 615 792 671 εἶναι
846 617 1068 669 δυνατὸν
1107 617 1338 680 ἐξειπεῖν
1377 615 1438 668 τὸ
1474 614 1671 685 πλῆθος
1705 615 1812 666 τῶν

261 708 395 778 ὑπὲρ
441 707 612 760 πάντα
656 707 831 774 λόγον,
866 707 990 768 τοὺς
1033 706 1130 775 μὲν
1165 704 1367 769 δεξιοὺς
1398 704 1701 774 ὀφθαλμοὺς
1733 703 1811 770 gs-

261 817 344 870 φει
384 800 642 870 πρότερον
668 796 1102 867 ἐκκοπτομένων,
1145 797 1237 849 καὶ
1271 795 1404 866 μετὰ
1428 796 1524 866 τὴν
1558 795 1812 866 ἐκκέντη-

261 909 338 943 σιν
379 891 600 952 τούτους
643 890 774 960 πυρὶ
810 886 1340 958 καυτηριαζομένων,
1387 888 1510 950 τοὺς
1543 888 1598 939 δέ
1632 886 1812 950 λαιοὺς

259 984 417 1044 πόδας
455 981 595 1034 κατὰ
622 981 728 1033 τῶν
756 980 1006 1049 ἀγκυλῶν
1044 976 1198 1043 αὖθις
1239 980 1534 1050 καυτῆρσιν
1562 979 1808 1048 ἀχρειου-

260 1074 445 1144 μένων,
481 1075 616 1143 μετά
653 1091 710 1125 τε
749 1072 921 1125 ταῦτα
964 1074 1076 1134 τοῖς
1127 1071 1246 1125 κατ’
1298 1071 1565 1141 ἐπαρχίαν
1607 1067 1807 1139 χαλκοῦ

260 1164 532 1236 μετάλλοις
574 1165 672 1234 ούχ
707 1164 1002 1234 ὑπηρεσίας
1049 1162 1317 1224 τοσοῦτον,
1359 1162 1480 1215 ὅσον
1522 1161 1811 1225 κακώσεως

255 1253 343 1304 καὶ
400 1251 770 1322 ταλαιπωρίας
825 1252 1008 1304 ἕνεκεν
1079 1250 1618 1322 καταδικαζομένων,
1675 1250 1810 1322 πρὸς

256 1341 414 1395 ἆπασί
456 1359 514 1394 τε
560 1341 770 1405 τούτοις
819 1343 991 1396 ἄλλων
1041 1343 1218 1406 ἄλλοις
1267 1342 1493 1410 ἀγῶσιν,
1538 1342 1629 1405 οὒς
1678 1343 1810 1412 μηδὲ

255 1433 560 1501 καταλέγειν
589 1433 812 1486 δυνατόν
835 1451 846 1464 ·
880 1436 1004 1505 νικᾷ
1045 1435 1152 1504 γὰρ
1185 1434 1358 1489 πάντα
1405 1434 1557 1503 λόγον
1588 1434 1652 1488 τὰ
1691 1435 1809 1488 κατ’

254 1523 438 1586 αὐτοὺς
488 1523 981 1596 ἀνδραγαθήματα’
1036 1527 1544 1596 περιπεπτωκότων.
1608 1528 1694 1580 Ἐν
1746 1527 1808 1597 δὴ

254 1613 447 1675 τούτοις
477 1613 591 1683 (5'5)
636 1614 720 1681 ἐφ’
756 1615 883 1685 ὅλης
916 1619 1014 1685 τῆς
1059 1616 1380 1686 οἰκουμένης
1416 1615 1810 1686 διαλάμψαντες

254 1705 296 1756 οἱ
334 1703 770 1773 μεγαλοπρεπεῖς
805 1704 896 1757 τοῦ
941 1706 1173 1776 Χριστοῦ
1223 1707 1514 1778 μάρτυρες,
1555 1709 1680 1771 τοὺς
1713 1707 1808 1778 μὲν

1914 523 2226 593 Ilujusmoali
2268 527 2410 579 enim
2463 526 2565 579 fuit
2599 526 2810 582 illorum
2856 528 3199 591 humanitas;
3251 528 3353 582 hoc
3393 527 3475 582 Ie-

1913 618 2192 671 nissimutn
2219 618 2465 686 supplicii
2499 633 2668 688 genus
2690 619 2948 672 adversus
2975 635 3074 673 nos
3101 620 3296 672 visum.
3322 621 3476 675 Adeo

1915 716 1970 758 ut
1997 719 2212 776 propter
2235 709 2368 762 hanc
2389 709 2675 777 impiorum
2702 709 2981 762 hominum
3008 709 3474 772 lenitatent,nullo

1907 799 2016 865 jam
2069 801 2226 853 modo
2282 802 2549 854 recenseri
2591 802 2757 870 possit
2791 815 3072 864 numerus,
3127 811 3239 854 tum
3284 817 3471 856 eorum

1912 891 2106 956 quibus
2151 891 2294 944 oculi
2333 890 2506 944 dextri
2558 893 2789 961 primum
2835 891 3046 959 quidem
3077 891 3234 953 ferro
3268 891 3473 957 eﬂ‘ossi,

1913 981 2110 1035 deinde
2139 996 2268 1035 vero
2292 983 2531 1035 cauterio
2561 982 2736 1036 adusti
2767 991 2892 1035 sunt
2918 999 2934 1036 :
2965 991 3074 1034 tum
3108 981 3322 1036 illorum
3351 984 3476 1050 qui-

1911 1069 2013 1123 bus
2050 1071 2254 1124 sinistri
2293 1070 2519 1140 p0plites
2547 1072 2814 1126 candente
2846 1071 2993 1126 ferro
3028 1083 3154 1126 sunt
3183 1073 3470 1136 debilitati,

1911 1171 1966 1215 et
2011 1162 2101 1230 qui
2160 1171 2345 1230 postea
2392 1164 2460 1216 ad
2507 1162 2630 1216 aeris
2683 1163 2899 1216 metalla
2937 1178 3057 1231 qua:
3098 1163 3153 1216 in
3195 1163 3474 1231 provincia

1912 1265 2085 1318 erant,
2136 1269 2239 1307 non
2286 1261 2395 1307 tam
2450 1253 2628 1322 operis
2679 1252 2912 1308 faciendi
2965 1269 3128 1323 quam
3173 1255 3475 1310 vexationis

1912 1359 2072 1398 causa
2107 1345 2648 1399 condemnabantur:
2691 1346 2916 1400 aliorum
2946 1345 3182 1414 denique
3203 1346 3294 1415 qui
3319 1346 3472 1400 varia

1913 1436 2112 1489 viritim
2163 1435 2360 1504 singuli
2412 1441 2709 1493 certamina
2746 1437 3049 1493 subierunt.
3091 1438 3219 1504 Qua:
3247 1438 3468 1506 quidem

1911 1544 2007 1582 nos
2033 1543 2133 1583 nec
2155 1543 2470 1583 enumerare
2500 1529 2809 1592 sufﬁcimus,
2839 1531 3033 1598 quippe
3057 1543 3177 1583 cum
3209 1528 3471 1597 praeclara

1909 1619 2120 1674 illorum
2162 1619 2408 1673 facinora
2453 1635 2663 1674 omnem
2698 1621 2908 1673 dicendi
2943 1620 3152 1687 copiam
3191 1626 3467 1687 superent.

1909 1709 1964 1764 In
1992 1709 2075 1763 his
2096 1723 2224 1776 ergo
2251 1710 2611 1763 certaminum
2657 1710 3085 1774 discriminibus,
3116 1725 3216 1779 per
3249 1711 3472 1762 univer-

253 1796 553 1866 ἁπανταχοῦ
587 1800 686 1868 τῆς
707 1799 950 1870 ἀνδρείας
965 1799 1140 1853 αὐτῶν
1168 1801 1406 1863 ἐπόπτας
1431 1801 1651 1864 εἰκότως
1683 1819 1813 1855 κατ-

1917 1815 2031 1854 sum
2081 1803 2267 1854 orbem
2316 1799 2605 1853 maximam
2648 1800 2875 1869 gloriam
2921 1801 3103 1866 adepti
3150 1799 3471 1854 nobilissimi

257 1887 565 1959 επὶήξαντο,
646 1894 742 1962 τῆς
789 1891 845 1943 δὲ
885 1889 978 1944 τοῦ
1029 1893 1277 1962 Σωτῆρος
1327 1891 1482 1962 ήμῶν
1537 1891 1687 1956 θείας
1737 1893 1812 1956 ὡς

254 1981 456 2050 ἀληθῶς
499 1982 596 2035 καὶ
644 1983 954 2054 ἀπορρήτου
1003 1983 1110 2054 (54)
1156 1984 1432 2054 δυνάμεως
1477 1985 1692 2054 ἐμφανῆ
1744 1985 1813 2037 δι’

254 2074 450 2128 ἑαυτῶν
486 2076 556 2129 τὰ
602 2073 878 2146 ’τεκμήρια
924 2077 1352 2146 παρεστήσαντο.
1398 2074 1659 2128 Ἐκάστου
1713 2075 1810 2146 μὲν

254 2165 338 2224 οὖν
365 2171 448 2223 ἐπ’
486 2169 754 2239 ὀνόματος
785 2170 1163 2241 μνημονεύειν,
1191 2169 1398 2241 μακρὸν
1449 2168 1515 2223 ἂν
1541 2169 1646 2240 εἴη,
1679 2171 1809 2241 μήτι

250 2279 314 2330 γε
340 2261 444 2313 τῶν
472 2260 770 2316 ἀδυνάτων.

763 2421 1154 2474 ΚΕΦΛΛΛΙΟΝ
1203 2421 1297 2474 II".

259 2513 384 2580 Περὶ
411 2513 526 2582 stin:
557 2511 672 2582 τῆς
715 2513 1066 2580 Ἐκκλησίας
1094 2512 1411 2582 προέδρων,
1437 2509 1552 2582 τῶν
1575 2511 1641 2582 τὸ
1674 2509 1813 2580 γνή-

323 2579 455 2636 σιον
491 2579 565 2653 ἧς
617 2579 982 2653 ἐπρέσϐευον
1013 2579 1320 2653 εὐσεϐείας
1369 2580 1466 2653 διὰ
1504 2579 1612 2653 τοῦ
1641 2579 1813 2653 ᾳςρων

329 2647 573 2721 αἵματος
603 2647 1086 2721 ὲπὶδεδειγμένων
1099 2650 1235 2724 (Nic.
1273 2655 1341 2709 11.
1375 2647 1440 2704 Ε.
1474 2647 1702 2721 vu,16).

1918 1897 2208 1957 martyres,
2235 1896 2291 1942 et
2324 1898 2551 1942 cunctos
2578 1897 2908 1957 spectatores
2937 1888 3296 1942 admiratione
3319 1888 3473 1940 l‘orti-

1918 1977 2117 2032 tudinis
2148 1992 2259 2031 suae
2293 1976 2490 2031 merito
2517 1977 2862 2044 perculerunt
2895 1993 2909 2030 :
2937 1987 2992 2032 et
3021 1977 3217 2030 divinae
3253 1992 3471 2045 prorsus

1912 2080 2074 2138 atque
2096 2068 2496 2138 inexplicabilis
2535 2068 2846 2122 Servatoris
2873 2068 3043 2122 nostri
3079 2069 3331 2135 potentiae
3358 2068 3471 2122 evi-

1911 2158 2226 2214 dentissima
2253 2158 2306 2212 in
2326 2157 2631 2225 semetipsis
2658 2157 3003 2211 exhibuerint
3022 2155 3331 2213 indicia.Ac
3360 2157 3472 2210 sin-

1911 2250 2064 2319 gulos
2099 2249 2318 2318 quidem
2345 2248 2662 2302 nominatim
2699 2261 3128 2302 commemorare
3160 2247 3374 2316 longum
3403 2260 3466 2303 ac

1909 2339 2118 2396 ditIiciIe
2146 2339 2327 2406 fuerit,
2355 2354 2421 2394 ne
2451 2339 2626 2393 dicam
2657 2352 2882 2406 prorsus
2910 2337 3308 2406 inexplicabile.

2487 2429 2714 2485 CAPUT
2756 2428 2893 2485 XIII.

1908 2522 1984 2578 De
2008 2522 2318 2592 praesidibus
2344 2520 2719 2592 Ecclesiarum,
2743 2520 2834 2588 qui
2859 2518 3128 2592 religionis
3140 2532 3306 2592 quam
3329 2529 3468 2584 pm-

1976 2587 2242 2658 d'icabant,
2260 2593 2608 2646 sinceritatem
2627 2590 2742 2658 [uso
2756 2587 3012 2659 sanguine
3034 2587 3395 2640 declararunt.

321 2746 436 2801 Τῶν
464 2747 520 2798 δέ
557 2746 702 2800 κατὰ
743 2745 841 2808 τὰς
875 2746 1171 2815 ἐπισήμους
1214 2744 1396 2806 πόλεις
1434 2743 1811 2814 μαρτυρησάν-

1982 2750 2062 2804 Ex
2085 2748 2404 2818 praesidibus
2429 2755 2604 2801 autem
2639 2743 2998 2799 Ecclesiarum
3027 2743 3115 2809 qui
3149 2741 3201 2794 in
3231 2740 3472 2795 celeber-

259 2854 356 2890 των
393 2837 860 2908 ἐκκλησιαστικῶν
897 2838 1189 2909 ἀρχόντων,
1222 2836 1432 2906 πρῶτος
1461 2838 1590 2906 ἡμῖν
1625 2838 1681 2888 ἐν
1719 2836 1809 2888 εύ-

263 2929 422 2983 σεϐῶν
456 2930 676 3000 στήλαις
719 2929 828 3000 (55)
881 2931 977 2999 τῆς
1020 2927 1250 2998 Χριστοῦ
1299 2927 1569 2997 βασιλείας
1617 2928 1812 2995 ἀναγο-

263 3021 490 3092 ρευέσθω
512 3023 746 3092 μάρτυς,
775 3021 1066 3083 ἐπίσκοπος
1091 3019 1188 3089 τῆς
1210 3017 1558 3089 Νικομηδέων
1582 3017 1807 3080 πόλεως,

263 3111 350 3182 τὴν
378 3113 619 3184 κεφαλὴν
659 3112 1009 3182 ἀποτμηθεὶς,
1039 3109 1315 3180 Ἀνθιμος.
1347 3109 1464 3160 Τῶν
1491 3109 1534 3160 δ’
1564 3108 1657 3160 ἀπ’
1691 3109 1810 3159 Ἀνο

262 3205 480 3274 τιοχείας
505 3205 620 3274 (56)
647 3205 939 3276 ’μαρτύρων
967 3191 1056 3256 τὸν
1085 3204 1259 3255 πάντα
1295 3201 1403 3272 βίον
1434 3202 1650 3272 ἄριστος
1678 3218 1810 3270 πρε-

264 3293 505 3366 σϐύτερος
558 3295 662 3365 τῆς
712 3293 895 3348 αὐτόθι
940 3292 1226 3364 παροικίας
1280 3290 1591 3354 Λουκιανὸς,
1639 3291 1698 3342 ἐν
1745 3292 1810 3362 τῇ

262 3385 584 3458 Νικομηδείᾳ
628 3385 720 3437 καὶ
765 3385 944 3450 αὐτὸς,
995 3381 1253 3453 βασιλέως
1294 3381 1667 3452 ἐπιπαρόντος,
1713 3379 1813 3451 τὴν

262 3475 498 3544 οὐράνιον
547 3473 644 3527 τοῦ
681 3473 913 3544 Χριστοῦ
963 3472 1232 3543 βασιλείαν
1269 3469 1410 3540 λόγῳ
1443 3469 1704 3541 πρότερον
1743 3466 1811 3523 δι’

264 3566 562 3634 ἀπολογίας,
607 3561 723 3618 εἶτα
753 3565 810 3618 δὲ
844 3567 936 3619 καὶ
971 3565 1148 3636 ἔργοις
1197 3562 1560 3635 ἀνακηρύξας.
1609 3563 1726 3617 Τῶν
1766 3561 1812 3617 δ’

265 3658 348 3709 ἐπὶ
377 3658 627 3730 Φοινίκης
660 3657 948 3729 μαρτύρων
977 3657 1199 3725 γένοιντ’
1229 3655 1293 3708 ἂν
1326 3654 1709 3724 ἐπισημότατοι
1746 3653 1814 3707 τὰ

265 3749 432 3804 πάντα
476 3749 744 3818 θεοφιλεῖς
785 3749 892 3801 τῶν
932 3747 1161 3816 λογικῶν
1209 3745 1442 3816 Χριστοῦ
1489 3745 1814 3816 Θρεμμάτων

265 3843 528 3911 ποιμένες,
559 3841 872 3912 Τυραννίων
897 3841 1189 3901 ἐπίσκοπος
1211 3840 1308 3909 τῆς
1330 3837 1468 3890 κατὰ
1491 3836 1662 3908 Τύρον
1697 3837 1816 3888 Ἐκ-

267 3931 500 4004 κλησίας,
532 3932 902 4004 πρεσϐύτερος
929 3949 987 3983 τε
1015 3930 1112 3999 τῆς
1141 3929 1278 3983 κατὰ
1310 3929 1512 3982 Σιδῶνα
1542 3927 1810 3998 Ζηνόϐιος,

1912 2841 2063 2894 rimis
2099 2840 2319 2893 urbibus
2349 2839 2662 2907 martyrium
2712 2833 2950 2902 perpessi
2991 2842 3138 2896 sunt,
3175 2833 3382 2899 primus
3412 2828 3464 2882 in

1911 2933 2120 3000 piorum
2153 2928 2344 2982 tabulis
2383 2943 2412 2980 a
2450 2925 2605 2979 nobis
2653 2924 2962 2977 nominetur
2998 2915 3468 2976 Anthimus,Nico-

1914 3023 2204 3078 mediensis
2256 3021 2564 3089 episcopus,
2616 3017 2766 3070 Iesus
2807 3014 2952 3082 regni
2999 3011 3121 3066 Jesu
3158 3011 3380 3073 Christi,
3415 3010 3469 3062 in

1912 3119 2096 3172 eadem
2129 3116 2261 3170 urbe
2301 3115 2476 3182 capite
2513 3120 2809 3163 truncatus.
2841 3106 2916 3160 Ex
2967 3103 3316 3158 Antiochenis
3343 3115 3472 3156 vero

1911 3205 2240 3277 martyribus
2263 3200 2807 3269 Lucianus,ejusdem
2854 3196 3106 3251 Ecclesiae
3146 3194 3431 3263 presbyter
3455 3231 3471 3254 ,

1912 3299 2073 3353 virin
2101 3297 2246 3351 omni
2296 3297 2406 3350 vita
2443 3295 2838 3349 sanctissimus.
2875 3290 2975 3357 Qui
3009 3287 3230 3341 caaleste
3265 3283 3468 3339 Christi

1915 3407 2136 3460 regnum
2169 3389 2396 3458 primum
2429 3387 2609 3440 verbis
2643 3394 2696 3438 et
2721 3365 2966 3438 oratione
3011 3377 3341 3448 apologetica
3378 3373 3476 3426 Ni-

1913 3481 2166 3538 comedia:
2221 3489 2486 3549 prasente
2534 3479 2650 3546 ipso
2695 3477 3058 3543 imperatore,
3113 3478 3295 3539 postea
3346 3481 3475 3521 vero

1913 3574 2074 3627 etiam
2106 3571 2262 3624 rebus
2312 3570 2462 3636 ipsis,
2517 3567 2771 3620 asseruit.
2820 3563 2938 3618 Jam
2973 3576 3099 3614 vero
3147 3558 3383 3612 omnium
3417 3557 3472 3609 in

1913 3661 2166 3715 Plitenice
2192 3669 2484 3728 martyrum
2511 3652 2833 3709 nobilissimi
2858 3653 3071 3718 Deoque
3093 3649 3297 3716 accepti
3326 3661 3474 3699 mar-

1917 3765 2082 3824 tyres,
2129 3750 2422 3804 Christiani
2457 3746 2632 3815 gregis
2679 3754 2924 3813 pastores
2977 3741 3149 3802 fuere,
3199 3737 3476 3808 Tyrannio

1915 3845 2172 3899 Ecclesiae
2190 3841 2473 3912 Tyriorum
2500 3839 2801 3907 episcopus,
2829 3844 2882 3886 et
2905 3833 3172 3886 Zenobius
3200 3829 3476 3899 presbyter

1916 3937 2053 4006 apud
2093 3934 2258 4004 308
2307 3932 2563 3985 Sidonem
2599 3948 2611 3981 :
2650 3928 2898 3982 Silvanus
2949 3936 3165 3993 quoque
3214 3919 3476 3973 Emisenae

266 4027 354 4078 καὶ
387 4025 463 4078 ἔτι
509 4025 766 4087 Σιλϐανὸς
798 4023 902 4076 τῶν
931 4023 1070 4093 ἀμφὶ
1101 4022 1197 4093 τὴν
1241 4023 1472 4092 Ἔμισαν
1517 4020 1813 4089 ἐκκλησιῶν

1919 4029 2140 4082 antistes
2192 4023 2462 4076 Ecclesiae.
2515 4019 2618 4074 Sed
2674 4019 2761 4073 hic
2807 4016 3023 4085 quidem
3070 4013 3124 4066 in
3178 4013 3291 4080 ipsa
3347 4009 3477 4064 urbe

269 4118 568 4182 ἐπίσκοπος.
621 4117 758 4170 Ἀλλ’
801 4110 953 4179 οὗτος
999 4115 1096 4185 μὲν
1140 4114 1341 4185 θηρίων
1382 4113 1511 4184 βορὰ
1555 4111 1669 4182 μεθ’
1702 4112 1817 4164 ἐτέ-

269 4226 367 4280 ρων
404 4213 486 4264 ἐπ’
529 4213 701 4280 αὐτῆς
751 4209 974 4280 Ἐμίσης
1006 4210 1309 4278 γενόμενος,
1341 4209 1525 4276 χοροῖς·
1546 4204 1813 4275 ἀνελήφθη

272 4307 570 4379 μαρτύρων,
605 4305 714 4358 τῶν
759 4305 803 4358 δ’
857 4306 940 4357 ἐπ’
1003 4302 1324 4372 Ἀντιοχείας
1371 4301 1533 4370 ἄμφω
1586 4299 1675 4351 τὸν
1723 4297 1816 4350 τοῦ

269 4398 391 4450 θεοῦ
429 4399 588 4466 λόγον
629 4397 716 4450 διὰ
757 4397 854 4468 τῆς
885 4399 963 4459 είς
1005 4395 1228 4448 θάνατον
1262 4394 1532 4463 ύπομονῆς
1574 4390 1820 4455 ἐδοξασά-

269 4505 376 4559 την.
404 4493 430 4542 ὁ
453 4493 548 4560 μὲν
575 4489 878 4551 Θαλαττίοις
901 4487 1222 4558 παραδοθεὶς
1252 4485 1430 4556 βυθοῖς
1455 4487 1482 4537 ὁ
1506 4483 1817 4547 ἐπίσκοπος,

268 4580 295 4632 ὁ
322 4582 374 4634 δὲ
413 4581 610 4653 ἰατρῶν
643 4583 860 4652 ἄριστος
889 4578 1141 4649 Ζηνόϐιος
1181 4581 1298 4640 ταῖς
1341 4576 1478 4631 κατὰ
1519 4575 1624 4628 τῶν
1657 4575 1818 4647 πλευ-

273 4672 371 4741 ρῶν
403 4667 760 4735 ἐπιτεθείσαις
789 4671 935 4742 αὐτῷ
963 4669 1242 4742 καρτερῶς
1274 4667 1611 4721 ἐναποθανὼν
1655 4666 1820 4736 βασά-

269 4779 387 4827 νοις.
421 4765 540 4817 Τῶν
591 4764 634 4817 δ’
669 4765 760 4816 ἐπὶ
805 4764 1162 4841 Παλαιστίνης
1212 4763 1500 4834 μαρτύρων
1543 4761 1820 4824 Σιλϐανὸς,

275 4951 597 5020 propositum
625 4963 745 5003 esse
773 4947 979 5014 scribit,
1014 4960 1118 5020 quo
1151 4940 1455 5012 hujusmodi
1491 4936 1813 5020 supplicium

275 5012 520 5073 adversus
591 5012 971 5073 Christianos
1017 5012 1270 5089 deinceps
1347 5012 1813 5089 praescriberetur.

276 5090 414 5155 Quod
440 5102 614 5144 tamen
642 5103 822 5142 verum
856 5103 958 5140 non
993 5095 1142 5154 puto.
1173 5083 1272 5149 Ipsi
1294 5082 1437 5155 enim
1468 5082 1818 5155 magistratus

277 5147 503 5229 ξυνοικιιὶ
561 5147 1006 5229 (ὶιιιὶειὶιιηοι-ιιιιῖ
1038 5147 1362 5215 constantia,
1415 5150 1480 5204 ad
1515 5151 1565 5202 id
1603 5147 1816 5200 tandem

275 5227 363 5282 sua
393 5237 582 5296 sponte
621 5227 864 5281 conversi
901 5235 1046 5278 sunt.

340 5284 448 5366 (53')
489 5301 590 5351 Ἐν
618 5297 691 5364 δὴ
725 5297 974 5360 τούτοις,
1001 5293 1188 5366 ειιρριε
1223 5289 1418 5366 όιγῶιιίἶ
1451 5288 1523 5340 De
1551 5287 1648 5366 _his
1675 5284 1814 5338 enim

277 5357 474 5422 locutus
505 5375 588 5420 est
609 5357 764 5435 paulo
798 5357 980 5434 supra.
1023 5357 1264 5435 Pessime
1295 5357 1818 5435 Christophnrsonus

277 5442 432 5492 vertit
459 5440 540 5490 his
569 5431 903 5506 temporibus,
931 5444 986 5488 et
1018 5434 1087 5486 ab
1120 5434 1201 5486 his
1228 5431 1410 5484 verbis
1439 5442 1632 5482 novum
1660 5432 1822 5492 caput

281 5507 564 5562 inchoavit.

346 5577 454 5646 (5i)
522 5575 940 5646 Ἀπορῤήτουκ-
979 5572 1247 5646 Positum_
1294 5581 1413 5646 esse
1470 5565 1674 5618 videtur
1728 5577 1825 5630 pro

280 5638 529 5718 ἀρρήτου,
588 5638 851 5715 Quomodo
902 5643 1166 5698 Eusebius
1235 5638 1506 5718 interdum
1570 5648 1827 5718 usurpare

283 5711 427 5771 solet.
457 5711 660 5781 Siquis
689 5728 862 5771 tamen
902 5728 1150 5768 arcam-nn
1181 5711 1309 5765 velit
1341 5715 1571 5771 vertere,
1620 5719 1713 5774 per
1743 5717 1827 5759 mc

1919 4118 2108 4170 Emesa
2139 4113 2266 4167 feris
2305 4111 2546 4179 objectus
2577 4121 2681 4160 una
2726 4121 2846 4160 cum
2885 4104 3006 4157 aliis
3035 4101 3375 4170 quibusdam,
3420 4100 3476 4153 in

1918 4218 2215 4277 martyrum
2248 4204 2447 4258 relatus
2475 4211 2558 4256 cst
2581 4213 2886 4255 numerum.
2912 4195 2991 4249 llIi
3013 4211 3138 4249 vero
3158 4193 3475 4258 Antiochiae,

1919 4300 2224 4356 doctrinam
2261 4310 2398 4349 vera:
2429 4293 2550 4347 ﬁdei
2582 4288 3019 4346 constantissime
3052 4288 3104 4340 In
3143 4282 3479 4354 perferendis

1920 4395 1986 4448 ad
2012 4401 2234 4445 mortem
2264 4401 2432 4456 usque
2450 4384 2745 4439 tormentis
2772 4382 3034 4450 patientia
3059 4378 3217 4431 ambo
3242 4377 3480 4430 illustra-

1921 4495 2094 4538 runt:
2131 4477 2404 4548 Tyrannio
2446 4473 2661 4544 quidem
2713 4472 2766 4525 iu
2828 4469 3155 4538 profundum
3203 4479 3351 4517 mare
3383 4462 3478 4515 de—

1925 4587 2135 4628 mersus
2165 4588 2178 4623 :
2205 4564 2470 4621 Zenobius
2505 4575 2630 4614 vero
2672 4557 3000 4612 medicorum
3035 4552 3274 4606 omnium
3340 4561 3478 4616 pra:-

1916 4656 2440 4720 stantissituus,dum
2468 4649 2680 4720 ungulis
2703 4648 2874 4715 latera
2906 4645 3002 4714 ipsi
3035 4641 3398 4700 sulcarentur,
3427 4637 3479 4690 in

1928 4757 2120 4812 mediis
2165 4749 2492 4808 cruciatibus
2540 4741 2666 4798 forti
2712 4741 2890 4794 animo
2942 4738 3279 4790 immortuus.
3339 4730 3482 4784 Inter

1884 4962 1886 4964 τ
1917 4932 2068 4986 licet.

1987 5001 2098 5072 (55)
2120 4997 2548 5072 “Tecum-:66)?
2581 4994 2874 5072 avidam.
2897 4990 3128 5072 Ruﬁnus
3168 4986 3337 5072 verti‘t
3371 4986 3482 5072 τέλη

1913 5055 2174 5127 ηιέηιοῖ-ἱίδ
2216 5069 2422 5138 piorum
2451 5068 2651 5138 primus
2683 5055 2735 5119 ἀ
2789 5055 2934 5117 nobis
2981 5059 3247 5115 scribatur
3291 5055 3481 5111 Anthi-

1914 5159 2050 5196 mus.

1987 5211 2106 5282 (56)
2133 5207 2289 5282 Vulg.
2318 5207 2515 5282 τῶνδ’
2530 5207 2634 5282 Δ,ἐπ’
2650 5204 3030 5282 Ἄντιοχεζας.
3049 5199 3200 5280 Apud
3218 5197 3484 5282 Nicepho-

1917 5267 2035 5336 ῐιιῖιι
2072 5267 2264 5347 legitur
2293 5279 2398 5331 τῶν
2436 5277 2492 5330 δέ
2520 5277 2624 5329 ἀπ’
2663 5267 3010 5343 Ἀντιοχείας,
3035 5267 3228 5324 rectius
3248 5269 3362 5321 sine
3386 5267 3486 5347 dn-_

1917 5353 2028 5405 hic.
2066 5337 2250 5416 Neque
2277 5351 2418 5401 enim
2445 5337 3226 5416 LucianusAntiochia:passus
3264 5337 3483 5416 est.__scd

1919 5406 2263 5481 Nicatttediw,
2295 5427 2350 5470 ut
2380 5426 2609 5469 testatur
2656 5415 2917 5468 Eusebius
2949 5406 3051 5464 hoc
3085 5409 3223 5481 loco,
3259 5419 3312 5481 et
3353 5406 3480 5457 Ilie-

1922 5504 2179 5560 ronymus
2231 5476 2283 5540 in
2344 5485 2620 5560 Cataloqo,
2675 5493 2729 5560 e_t
2781 5483 3002 5560 Itultnus
3031 5494 3094 5533 ac
3127 5476 3480 5560 lflicephorus.

1923 5546 2074 5626 Quod
2105 5560 2261 5610 etiam
2291 5546 2661 5626 testatur'ipse
2692 5553 2961 5606 Lucianus
2987 5551 3038 5602 in
3059 5546 3294 5626 epistola
3323 5559 3486 5614 quam

1925 5619 2143 5698 scripsit
2181 5627 2244 5678 ad
2271 5619 2696 5698 Antiot‘hen'ses,
2721 5638 2840 5676 cum
2881 5619 3486 5698 esset_i.n;carc‘ere‘upa

1927 5683 2053 5755 cuni
2107 5698 2224 5753 aliis
2254 5693 2584 5764 martyribus
2637 5683 2981 5749 Nicomediae.
3039 5687 3205 5756 Hujus
3233 5683 3494 5769 Ερίειοιςιπε¹
