3928 6252
420 293 525 351 795

1122 278 1393 337 EUSEBII
1429 272 1904 333 CESARIENSIS
1939 271 2091 328 OPP.
2127 269 2308 327 PARS
2347 269 2388 323 Ι.
2429 294 2500 308 -
2536 263 2923 347 HISTORICA.

3560 262 3653 320 796

416 410 619 478 ubique
658 402 996 460 Christianos
1018 397 1419 467 persequendos
1457 393 1753 463 impulerit.
1787 390 1974 445 Sedet

2102 387 2217 440 ιατὰ
2228 385 2441 439 πάντων
2454 385 2746 454 ἀνακεκινη
2753 382 2882 437 κότα
2894 379 3127 451 διωγμόν
3145 370 3357 451 (97)’ὧν
3375 377 3471 431 καὶ
3485 379 3656 434 αὐτῶν

416 497 724 567 cujusmodi
758 495 884 549 vita
912 492 1090 547 exitus
1125 488 1249 544 istis
1294 484 1608 555 contigerit,
1642 481 1794 537 nefas
1831 480 1981 535 arbi-

424 601 541 644 tror
572 585 872 656 praeterire.
921 580 1054 636 Cum
1091 592 1223 647 ergo
1246 584 1479 646 quatuor
1509 572 1782 642 principes
1813 570 1985 639 impe-

426 681 566 734 rium
597 675 897 730 Rmnanum
934 672 1076 725 inter
1120 682 1178 722 se
1218 665 1404 735 partiti
1449 670 1637 719 essent
1668 679 1683 712 :
1718 661 1823 715 duo
1866 658 1985 728 qui-

427 772 547 824 dcm
591 782 657 823 ex
709 765 816 819 illis
869 772 980 815 tum
1011 767 1172 815 aetate
1206 767 1319 812 tum
1358 755 1583 809 honoris
1632 751 1985 822 praerogativa

420 860 699 929 potiores,
747 853 981 908 nondum
1021 848 1292 917 completo
1337 844 1557 902 biennio
1604 851 1726 911 post
1768 841 1990 895 inchoa-

421 958 529 1002 tam
575 943 1012 1016 persecutionem
1040 983 1053 1006 ,
1090 937 1321 1008 imperio
1368 941 1692 997 cesserunt,
1731 932 1990 1000 quemad-

423 1042 638 1092 modum
673 1050 703 1090 a
738 1034 896 1089 nobis
940 1032 1190 1098 superius
1223 1028 1556 1082 declaratum
1606 1033 1708 1079 est.
1747 1024 1990 1090 Cumque

424 1127 687 1196 reliquum
735 1124 864 1178 vitae
912 1131 1127 1188 tempus
1172 1118 1384 1188 privato
1438 1130 1502 1170 ac
1546 1115 1756 1183 plebeio
1801 1113 1990 1169 habitu

423 1218 838 1287 transcgissent,
876 1212 1184 1281 huiusmodi
1231 1209 1436 1264 exitum
1465 1206 1642 1261 sortiti
1671 1213 1813 1259 sunt.
1842 1203 1993 1258 Alter

422 1309 663 1378 quidem,
693 1305 786 1375 qui
818 1313 872 1359 et
897 1303 1073 1359 aetatis
1098 1311 1155 1356 et
1179 1300 1403 1354 honoris
1434 1297 1716 1365 privilegio
1757 1295 1999 1366 reliquos

421 1413 613 1454 omnes
641 1404 1030 1460 antecesserat,
1068 1393 1323 1447 diuturno
1346 1404 1407 1445 ac
1443 1388 1827 1444 molestissimo
1848 1401 1995 1440 mor-

423 1489 492 1543 bo
525 1487 825 1543 confectus.
862 1484 1036 1548 Alter,
1066 1482 1155 1550 qui
1190 1480 1454 1536 secundus
1481 1480 1548 1533 ab
1577 1492 1643 1531 eo
1677 1477 1889 1540 fuerat,
1917 1476 1994 1530 la-

425 1593 563 1648 queo
594 1577 756 1631 vitam
787 1575 1007 1643 abrupit
1037 1591 1050 1627 :
1078 1572 1230 1641 juxta
1261 1570 1531 1640 quoddam
1565 1570 1869 1623 daemonum
1901 1583 1993 1622 va—

428 1667 671 1722 ticinium
697 1703 714 1729 ,
755 1663 1060 1734 hujusmodi
1098 1662 1365 1730 supplicio
1417 1660 1613 1714 merito
1660 1657 1885 1715 ali’ecms
1922 1658 1993 1713 ob

2084 479 2184 531 οὐκ
2210 478 2358 544 ἄξιον
2380 476 2442 529 τὺ
2472 474 2566 527 τοῦ
2602 474 2715 545 βίου
2749 472 2901 537 τέλος
2939 471 3271 544 παραδοῦναι
3300 472 3505 541 σιωπῇ.
3531 472 3657 524 Τετ-

2083 569 2265 640 τὰρων
2301 563 2394 621 οὖν
2439 567 2536 637 τὴν
2573 564 2715 619 κατὰ
2743 565 2960 619 πάντων
2991 562 3337 635 διειληχότων
3367 562 3575 633 ἀρχὴν,
3612 563 3658 615 oi

2090 659 2186 728 μὲν
2224 657 2400 730 χρόνῳ
2434 657 2528 709 καὶ
2558 658 2691 727 τιμῇ
2738 655 3160 727 προηγούμενοι,
3192 654 3301 707 οὐδ’
3327 651 3475 718 ὅλοις
3520 653 3660 708 δυοῖν

2088 746 2262 798 ἐτεσιν
2302 746 2677 816 ἐπιγενόμενοι
2727 744 2805 814 τῷ
2849 742 3097 814 διωγμῷ,
3155 741 3512 814 μεθίστανται
3566 741 3659 811 τῆς

2091 837 2397 908 βασιλείας,
2510 836 2605 894 καὶ
2649 833 2884 907 πρόσθεν
2915 824 3070 907 ’ἡμῖν
3104 832 3425 905 δεδήλωται.
3468 832 3562 886 καὶ
3602 831 3664 904 δὴ

2088 926 2178 983 τὸν
2215 925 2490 979 ἐπίλοιπον
2511 922 2606 981 τοῦ
2643 922 2757 992 βίου
2786 921 2976 994 χρόνον
3008 921 3243 992 δημώδει
3279 921 3374 974 καὶ
3412 919 3665 990 ἰδιωτικῷ

2088 1014 2274 1086 τρόπῳ
2307 1012 2701 1081 διαγενόμενοι,
2724 1011 2879 1075 τέλος
2917 1011 3118 1069 τοιόνδε
3144 1011 3241 1081 τῆς
3270 1010 3417 1081 ζωῆς
3449 1009 3667 1082 εἰλήχα‹

2091 1121 2195 1158 cur
2232 1106 2260 1157 ὁ
2285 1103 2385 1174 μὲν
2410 1105 2542 1173 τιμῇ
2571 1119 2632 1154 τε
2664 1102 2758 1156 καὶ
2790 1102 2964 1173 χρόνῳ
2989 1101 3095 1154 τῶν
3125 1102 3409 1172 πρωτείων
3429 1100 3666 1172 ἠξιωμέ-

2090 1212 2200 1259 νος,
2236 1195 2422 1265 μακρᾷ
2459 1192 2552 1246 καὶ
2585 1191 2952 1265 ὲπιλυποτάτῃ
2984 1192 3051 1262 τῇ
3088 1191 3180 1246 τοῦ
3224 1191 3477 1261 σώματος
3509 1190 3668 1243 ἀσθε-

2091 1285 2211 1357 νείᾳ
2256 1282 2631 1354 διεργασθεὶς,
2680 1284 2709 1335 ό
2751 1282 2810 1335 δὲ
2853 1281 2923 1335 τὰ
2963 1282 3190 1352 δεύτερα
3237 1282 3401 1335 αὐτοῦ
3454 1281 3668 1350 φέρων,

2092 1374 2298 1446 ἀγχόνῃ
2324 1373 2421 1444 τὴν
2470 1372 2614 1452 ζωὴν
2661 1373 3007 1445 ἀπορρήξας,
3044 1373 3184 1427 κατὰ
3226 1390 3350 1427 τινα
3389 1370 3673 1442 δαιμονίαν

2093 1465 2500 1537 προσημείωσιν
2544 1462 2701 1521 τοῦτο
2735 1462 2943 1527 παθὼν,
2996 1462 3083 1516 διὰ
3126 1464 3380 1526 πλείστοις
3411 1460 3564 1532 αύτῷ
3585 1478 3672 1517 τε·

2092 1553 2440 1624 τολμημένας
2472 1552 2840 1625 ῥᾳδιουργίας.
2868 1552 2988 1610 Τῶν
3022 1553 3079 1606 δὲ
3109 1554 3246 1625 μετὰ
3277 1554 3503 1618 τούτους
3523 1556 3552 1607 ὁ
3579 1556 3675 1625 μὲν

2097 1643 2346 1709 ὕστατος,
2379 1644 2438 1697 ὃν
2459 1645 2555 1697 καὶ
2586 1644 2827 1715 ἀρχηγὸν
2857 1643 2953 1699 τοῦ
2985 1645 3183 1708 παντὸς
3214 1645 3425 1716 ἔφαμεν
3460 1645 3678 1714 γεγονέ-

756 1714 1057 1734 ---.η-ν----η
1294 1714 1303 1716 ἡ
1346 1714 1355 1715 κ

426 1757 827 1826 quamplurima
873 1769 993 1823 quae
1044 1753 1335 1806 admiserat
1383 1751 1608 1806 scelera.
1649 1750 1729 1805 Ex
1782 1749 1992 1804 duobus

2102 1752 2183 1788 ναι
2210 1733 2473 1805 διωγμοῦ,
2514 1714 2739 1787 τοιαῦτα
2766 1728 2855 1788 οἷα
2892 1736 2988 1789 καὶ
3027 1714 3542 1808 προδεδηλώκαμεν,
3577 1736 3676 1789 πέ-

427 1857 608 1900 autem
664 1843 926 1910 reliquis,
978 1850 1286 1910 postremus
1337 1839 1553 1909 quidem
1608 1853 1767 1907 quem
1822 1838 1990 1894 totius

429 1932 825 2003 persecutionis
859 1931 1050 1985 ducem
1083 1936 1245 1998 atque
1291 1937 1562 1983 auctorem
1597 1927 1763 1985 fuisse
1804 1926 1992 1983 retuli-

433 2039 571 2087 mus,
602 2022 866 2093 ejusmodi
903 2021 1119 2075 dolores
1154 2019 1374 2089 pertulit
1401 2035 1535 2089 quos
1570 2036 1730 2088 supra
1758 2034 1989 2075 comme-

433 2118 659 2170 moravi.
688 2116 777 2170 llle
804 2129 930 2168 vero
959 2113 1050 2182 qui
1078 2112 1247 2178 gradu
1280 2125 1402 2165 eum
1438 2112 1799 2180 praecedebat,
1838 2111 1988 2164 beni-

430 2207 721 2276 gnissimus
763 2217 817 2259 et
866 2203 1320 2258 clementissimus
1382 2201 1677 2269 imperator
1724 2199 1992 2255 Constan-

432 2299 567 2365 tius;
604 2296 693 2367 qui
723 2304 837 2351 toto
884 2295 1095 2363 imperii
1144 2293 1225 2347 sui
1268 2301 1508 2360 tempore
1531 2292 1601 2344 ita
1637 2305 1696 2345 se
1729 2298 1990 2360 gesserat,

431 2397 593 2456 prout
624 2388 1007 2457 imperatorem
1046 2385 1312 2449 decebat;
1349 2394 1399 2436 et
1432 2383 1523 2451 qui
1557 2391 1667 2435 tum
1711 2396 1838 2451 erga
1869 2382 1993 2436 reli-

431 2494 565 2549 quos
603 2491 794 2533 omnes
844 2474 1296 2531 humanissimum
1351 2487 1408 2526 se
1454 2486 1518 2526 ac
1564 2470 1994 2525 beneficentissi-

432 2584 574 2623 mum
602 2567 962 2638 praestiterat,
1018 2575 1129 2618 tttm
1160 2562 1554 2633 persecutionis
1584 2560 1845 2615 adversus
1894 2575 1993 2614 nos

430 2658 714 2715 concitatae
735 2672 929 2727 expers
955 2642 1179 2710 omnino
1209 2654 1402 2718 fuerat,
1427 2662 1481 2705 et
1513 2651 1752 2706 cultores
1782 2651 1872 2705 Dei
1897 2651 1997 2706 sub

434 2749 602 2818 ipsius
639 2746 868 2816 imperio
901 2747 1156 2815 degentes
1196 2743 1264 2797 ab
1310 2741 1457 2797 omni
1502 2755 1639 2796 noxa
1691 2747 1746 2795 et
1798 2740 1995 2809 injuria

434 2840 702 2892 immunes
727 2844 1073 2900 servaverat;
1125 2848 1187 2887 ac
1223 2846 1397 2901 neque
1447 2830 1798 2886 ecclesiarum
1829 2829 1998 2883 tudin-

433 2930 515 2984 cia
548 2930 932 2991 subverterat,
962 2940 1059 2980 nec
1092 2924 1213 2979 novi
1256 2923 1548 2993 quidquam
1599 2923 1859 2976 adversus
1901 2937 1998 2977 nos

2094 1824 2309 1888 πονθεν,
2342 1826 2371 1877 ὁ
2403 1824 2459 1877 δὲ
2494 1824 2681 1878 τοῦτον
2711 1825 2968 1897 προάγων
2988 1827 3353 1897 χρηστότατος
3384 1826 3483 1881 καὶ
3504 1824 3678 1896 ἠπιώ-

2090 1933 2248 1978 τατος
2271 1915 2523 1985 βασιλεὺς
2555 1916 2953 1981 Κωνστάντιος,
2978 1915 3220 1981 ἐπαξίως
3246 1916 3348 1986 τῆς
3376 1918 3678 1987 ἡγεμονίας

2090 2007 2180 2061 τὸν
2208 2008 2421 2062 ἅπαντα
2451 2008 2548 2078 τῆς
2578 2008 2753 2078 ἀρχῆς
2793 2007 3104 2073 διατελέσας
3145 2009 3357 2080 χρόνον.
3394 2008 3561 2064 Ἀλλὰ
3586 2011 3678 2062 καὶ

2091 2099 2258 2153 τᾶλλα
2292 2100 2405 2163 τοῖς
2427 2103 2560 2155 πᾶσι
2586 2099 2906 2165 δεξιώτατον
2930 2100 3023 2154 καὶ
3051 2101 3549 2174 εύεργετικώτατον
3572 2121 3675 2155 πα-

2095 2189 2310 2262 ρασχὼν
2326 2190 2683 2262 ἐαυτὸν,ἀτὰρ
2694 2190 2894 2244 καὶτοῦ
2912 2192 3030 2245 καθ’
3047 2195 3079 2261 ή
3089 2192 3202 2263 μῶν
3222 2193 3461 2264 πολέμου
3476 2194 3585 2261 ἔξω
3602 2212 3684 2262 γει

2093 2281 2332 2352 νόμενος,
2349 2281 2579 2343 καὶτοὺς
2599 2283 2687 2334 ὑπ’
2706 2282 2865 2338 αὐτὸν
2884 2282 3171 2351 θεοσεϐεῖς,
3190 2285 3446 2350 ἀϐλαϐεῖς
3479 2288 3578 2339 καὶ
3599 2289 3685 2340 ἀνα

2093 2368 2462 2440 επηρεάστους
2477 2369 2826 2445 διαφυλάξας,
2844 2371 2937 2424 καὶ
2953 2373 3086 2442 μήτε
3103 2364 3229 2435 τοὺς
3247 2372 3427 2436 οἴκους
3438 2373 3553 2426 τῶν
3571 2374 3685 2427 Ἐκ-

2094 2459 2332 2531 κλησιῶν
2352 2459 2617 2525 καθελὼν,
2636 2459 2763 2532 μηθ’
2780 2460 2868 2513 ἒτε
2878 2462 2969 2531 ρόν
2993 2480 3044 2516 τι
3068 2462 3190 2535 μηδ’
3210 2463 3345 2528 ὅλως
3367 2464 3490 2517 καθ’
3522 2467 3556 2535 ἡ
3569 2465 3683 2534 μῶν

2095 2557 2373 2610 ὲπικαινου
2383 2555 2608 2625 ργήσας,
2624 2554 2773 2617 τέλος
2785 2555 3036 2625 εὔδαιμον
3050 2555 3157 2625 (98)
3174 2556 3268 2609 ml.
3282 2556 3686 2628 τρισμακάριον

2094 2645 2258 2708 ὅντως
2278 2644 2569 2714 κατείληφε
2580 2643 2672 2697 τοῦ
2687 2644 2991 2715 βίου,μόνος
3005 2646 3096 2697 ἐπὶ
3114 2645 3213 2716 τῆς
3226 2646 3385 2699 αὐτοῦ
3405 2647 3684 2716 βασιλείας

2096 2735 2338 2806 εὐμενῶς
2388 2735 2480 2788 καὶ
2512 2735 2804 2801 ὲπιδόξως,
2848 2736 2940 2789 ἐπὶ
2984 2736 3211 2807 διαδόχῳ
3257 2737 3358 2809 τῆς
3404 2736 3686 2809 βασιλείας

2095 2828 2304 2899 γνησίῳ
2350 2828 2502 2880 παιδὶ
2554 2828 2625 2882 τὰ
2678 2827 2854 2882 πάντα
2892 2829 3325 2905 σωφρονεστάτῳ
3378 2830 3475 2890 καὶ
3524 2829 3685 2882 εύσε-

2099 2920 2348 2991 ϐεστάτῳ
2375 2921 2706 2992 τελευτήσας
2728 2939 2740 2952 ·
2769 2921 2829 2985 ὃς
2872 2922 3036 2987 εὐθὺς
3080 2923 3380 2994 ἀρχόμενος
3430 2924 3687 2993 βασιλεὺς

432 3027 732 3083 statuerat;
765 3017 973 3071 felicem
1006 3024 1061 3072 et
1096 3029 1285 3068 revera
1328 3013 1700 3068 beatissimum
1727 3013 1893 3085 318
1920 3013 1997 3065 vi-

2102 3011 2424 3076 τελεώτατος
2467 3014 2561 3067 καὶ
2621 3013 2890 3077 Σεϐαστὸς
2952 3014 3088 3085 πρὸς
3143 3013 3251 3067 τῶν
3307 3016 3687 3085 στρατοπέδων

438 3119 505 3163 tte
537 3109 737 3160 exitum
764 3105 1088 3176 promeruit.
1123 3105 1328 3172 Quippe
1364 3103 1455 3173 qui
1501 3102 1650 3157 solus
1675 3105 1915 3159 omnium
1945 3102 1997 3155 in

439 3197 664 3267 imperio
707 3212 805 3251 suo
855 3209 1063 3249 summa
1114 3207 1235 3246 cum
1274 3190 1669 3260 tranquillitate
1719 3199 1774 3243 et
1829 3190 2001 3258 gloria

437 3287 804 3345 successorem
846 3285 1156 3353 relinquens
1185 3282 1460 3352 preprium
1490 3281 1678 3345 lilium,
1711 3280 2000 3335 modestis-

439 3382 636 3437 simum
680 3388 735 3434 et
767 3376 1229 3447 religiosissimum
1278 3374 1602 3443 principem,
1632 3389 1700 3441 ex
1735 3373 1838 3426 hac
1879 3364 2005 3426 luce

438 3471 715 3542 migravit.
760 3469 931 3539 Hujus
977 3476 1160 3522 autem
1191 3465 1334 3521 filius
1377 3464 1766 3519 Constantinus
1791 3466 1859 3517 ab
1890 3463 2006 3532 ipso

439 3563 619 3617 statim
647 3560 870 3616 exordio
908 3572 1190 3626 supremus
1238 3558 1531 3625 imperator
1559 3565 1613 3610 et
1658 3556 1931 3626 Augustus
1976 3568 2006 3607 a

443 3653 704 3709 militibus
737 3649 1078 3705 renuntiatus
1102 3687 1116 3713 ,
1148 3657 1385 3717 paterna:
1419 3660 1545 3715 erga
1577 3646 1731 3700 fidem
1764 3655 2004 3699 nostram

442 3744 657 3815 pietatis
706 3742 1073 3798 aemulatorem
1124 3755 1182 3794 se
1217 3738 1489 3807 praestitit.
1521 3735 1840 3804 linjusmodi
1888 3735 2006 3789 exi-

442 3846 556 3890 tum
588 3834 712 3889 vita:
739 3844 974 3903 quatuor
1025 3831 1341 3900 supradicti.
1373 3830 1730 3898 imperatores
1776 3826 2006 3880 diversis

2108 3104 2523 3176 ἀναγορευθεὶς,
2573 3104 2820 3178 ζηλωτὴς
2864 3105 3055 3158 ἑαυτὸν
3104 3105 3207 3175 τῆς
3251 3106 3529 3176 πατρικῆς
3560 3107 3688 3177 περὶ

2108 3195 2197 3253 τὸν
2222 3195 2489 3266 ἡμέτερον
2529 3194 2685 3264 λόγον
2722 3196 3005 3260 εὐσεϐείας
3033 3197 3420 3268 κατεστήσατο.
3446 3197 3686 3273 Τοιαύτη

2107 3284 2215 3339 τῶν
2249 3287 2866 3357 προαναγεγραμμένων
2900 3288 3180 3358 τεσσάρων
3206 3289 3238 3358 ἡ
3262 3287 3352 3341 τοῦ
3384 3286 3502 3357 βίου
3524 3288 3688 3342 ἐκϐαη

2111 3392 2226 3439 σις,
2280 3377 2421 3430 κατὰ
2479 3377 2964 3448 παρηλλαγμένους
3022 3378 3249 3450 χρόνους
3320 3381 3686 3449 γεγενημένη.

2109 3465 2325 3518 Τούτων
2360 3467 2424 3538 δὴ
2459 3467 2617 3545 μόνος
2660 3467 2737 3521 έτι
2780 3467 2952 3522 λιπὼν
2996 3470 3025 3521 ὁ
3075 3468 3256 3540 μικρῴ
3287 3468 3523 3540 πρόσθεν
3557 3472 3689 3541 ἡμῖν

2110 3558 2431 3630 εἰρημένος,
2496 3561 2591 3613 σὺν
2640 3562 2752 3623 τοῖς
2810 3560 2950 3631 μετὰ
2999 3560 3169 3614 ταῦτα
3230 3563 3309 3626 είς
3357 3561 3457 3637 τὴν
3515 3563 3690 3639 ἀρχὴν

2109 3651 2487 3721 εἰσ-ποιηθεῖσι,
2516 3650 2614 3723 τὴν
2646 3650 3128 3723 προδεδηλωμένην
3154 3651 3572 3724 ἐξομολόγησιν,
3604 3654 3688 3707 διὰ

2110 3739 2201 3792 τοῦ
2231 3742 2645 3812 προεκτεθέντος
2670 3744 2947 3816 ἐγγράφου
2974 3743 3129 3812 λόγου
3146 3747 3260 3808 τοῖς
3279 3746 3413 3797 πᾶσι
3447 3745 3688 3817 φανερὰν

2112 3834 2481 3904 κατεστήσατο
2503 3834 2632 3907 (99).

443 3924 773 3992 temporibus
801 3921 981 3979 sortiti
1012 3929 1155 3979 sunt.
1197 3919 1271 3973 Ex
1317 3917 1514 3988 quibus
1546 3917 1698 3972 solus
1724 3916 1818 3971 ille
1847 3930 2005 3984 quem
2038 3932 2203 3989 supra
2253 3925 2676 3979 memoravimus
2699 3963 2716 3988 ,
2752 3939 2859 3978 una
2919 3938 3041 3980 cum
3092 3924 3216 3979 aliis
3269 3926 3362 3995 qui
3425 3940 3601 3995 nuper
3636 3925 3684 3978 in

438 4016 772 4095 consortium
812 4016 1023 4084 imperii
1070 4014 1225 4069 asciti
1254 4012 1490 4078 fuerant,
1518 4011 1918 4069 confessionem
1977 4012 2125 4068 illam
2173 4032 2338 4086 quam
2407 4035 2570 4090 supra
2637 4018 2942 4086 retulimus,
2985 4020 3160 4075 edicto
3188 4020 3362 4090 palam
3411 4020 3685 4091 proposito

439 4107 690 4163 erunibus
714 4108 1029 4178 publicavit.

834 4204 979 4282 (Hic
1009 4205 1075 4264 in
1106 4203 1388 4266 editione
1420 4200 1663 4263 Valesii
1696 4201 2108 4283 interserilur
2134 4202 2301 4283 liber
2338 4204 2429 4283 De
2462 4204 2850 4283 martyribus
2880 4204 3248 4279 Palaestinte,

1553 4295 1747 4359 quem
1791 4280 1958 4341 infra
1991 4281 2259 4344 seorsim
2301 4280 2608 4359 edimus.)

513 4443 624 4516 (97)
683 4442 1179 4516 'Agfaxsxtrnxdca
1238 4442 1514 4516 διωγμόν,
1564 4441 1626 4516 in
1673 4440 1832 4516 codd.
1894 4440 2009 4516 Ma-

445 4510 630 4568 zarino
659 4523 714 4568 et
742 4513 995 4582 Medictco
1020 4510 1287 4582 Scriptum
1335 4510 1513 4566 inveni
1558 4510 1875 4582 διωγμένων
1903 4528 1915 4563 :
1952 4512 2005 4563 in

446 4582 743 4636 Fuketiano
767 4583 892 4635 vero
915 4581 1303 4652 δεδιωγμένων.
1330 4581 1459 4649 Quae.
1481 4581 2009 4652 tametsi'depravata

444 4652 624 4715 lectio,
660 4653 798 4705 viam
836 4652 968 4705 mihi
1001 4653 1067 4705 ad
1103 4651 1263 4718 hujus
1297 4651 1397 4704 loci
1430 4651 1859 4705 emendationem
1891 4664 2011 4716 ape-

447 4723 578 4776 ruit.
614 4721 784 4775 Totus
822 4722 985 4789 igitur
1015 4722 1165 4775 locus
1215 4723 1288 4773 ita
1337 4720 1595 4788 legendus
1623 4729 1729 4782 est,
1754 4718 1879 4781 τοὺς
1906 4718 2008 4789 τῆς

445 4790 717 4861 βασιλείας
751 4791 1036 4861 κοινωνορς
1064 4790 1156 4861 ἐπὶ
1193 4789 1285 4861 τον
1501 4789 1732 4861 παντων*
1754 4789 2010 4861 Meursiu—

513 4860 643 4914 κότα
659 4853 903 4930 ’διωγμόν
925 4876 936 4887 ο
964 4853 1038 4916 ὧν
1067 4860 1160 4912 καὶ
1191 4859 1366 4912 αὐτῶν
1394 4860 1494 4911 οὐκ
1516 4859 1660 4924 ἄξιον
1685 4857 1866 4930 τιὸ-τοῦ
1896 4856 2011 4930 βίου

444 4877 643 4983 νηκοτα
659 4877 936 4981 οιωὲμον·
964 4877 1038 4916 ων
1067 4877 1160 4912 και
1191 4877 1366 4912 αυτων
1394 4877 1494 4911 ουκ
1516 4877 1660 4924 αςιον
1686 4877 1748 4910 το
1774 4877 1866 4909 του
1896 4877 2011 4926 ριου

442 4947 473 4982 τ
505 4932 593 4994 λος
620 4946 770 5000 παρα
830 4929 952 5000 ﬁgat.
982 4931 1181 4999 σιωπῇ.
1216 4930 1374 4982 Vides
1400 4939 1651 5000 quantam
1682 4927 1879 5000 habeat
1907 4925 2014 5000 ele-

445 4992 681 5067 gantiam
704 4992 815 5068 'vox
856 4992 952 5065 ὧν,
982 4992 1157 5066 (ιιιίιιιῖ
1175 5013 1273 5054 nos
1299 5013 1365 5052 ex
1407 4992 1650 5068 vestigiis
1692 4996 1910 5065 scripta:
1937 4995 2015 5049 le-

446 5067 642 5121 ctionis
669 5067 1050 5137 supplevimus.

2186 4443 2298 4515 (98)
2338 4442 2848 4518 Télocsﬁdatpor.
2883 4443 3008 4499 Ilaec
3043 4446 3110 4502 ad
3156 4444 3378 4501 verbum
3416 4447 3681 4518 descripta

2116 4522 2241 4568 sunt
2268 4514 2333 4565 ex
2367 4528 2484 4577 cap.
2524 4514 2587 4567 H
2618 4514 2721 4567 lib.
2747 4527 2864 4568 vttt.

2188 4581 2298 4651 (99)
2341 4583 2611 4651 Φανερὰν
2648 4581 3081 4650 κατεστήσατο.
3115 4582 3240 4639 Post
3291 4585 3387 4639 has
3436 4599 3598 4639 voces
3630 4585 3677 4651 in

2119 4650 2360 4726 editione
2385 4650 2690 4726 Getievensi
2718 4655 2992 4726 adduntur
3016 4656 3132 4709 haec
3166 4655 3329 4726 verba
3353 4655 3469 4726 :_Ti
3500 4655 3566 4726 δὴ
3593 4650 3681 4708 οὖν

2118 4721 2209 4773 ἐπὶ
2234 4719 2443 4794 τούτοις
2472 4721 2702 4790 γίνεται,
2734 4721 3099 4794 ἐπιθ-εωρῆσαι
3117 4723 3322 4794 καιρός.
3352 4723 3499 4794 Quae.
3523 4719 3678 4794 verba

2119 4805 2218 4861 nec
2249 4791 2299 4861 in
2337 4794 2719 4861 manuscriptis
2751 4791 3050 4857 codicibus,
3080 4809 3181 4847 nec
3215 4791 3268 4846 in
3298 4793 3537 4847 editione
3560 4792 3679 4847 Ste-

2120 4859 2280 4932 phani
2338 4858 2628 4929 leguntur,
2683 4871 2738 4916 et
2789 4875 2857 4914 ex
2908 4865 3157 4929 versione
3204 4861 3675 4932 Christophorsoni

2235 4931 2480 5051 apposita
2515 4942 2663 4999 sunt,
2720 4945 2843 4987 cum
2883 4937 3059 4987 tamen
3091 4932 3310 4988 locanda
3342 4930 3455 4989 sint
3494 4933 3548 4988 in
3576 4930 3679 4987 fine

2203 5035 2218 5050 ο
2270 5013 2280 5027 ⁹
2332 5014 2368 5052 Ι.

2203 5035 2218 5050 ο
2250 5013 2368 5058 VIII.
