3858 6260
183 352 212 405 8
233 352 266 401 ll
1188 337 1535 398 HISTORle
1577 339 1741 396 ECCI.

1848 334 2140 396 ιΑετῐείε
2183 340 2311 396 LIB.
2353 340 2448 398 IX.

3321 355 3430 412 ενα

180 468 312 528 ὅπως
349 462 454 516 ἀπὸ
501 463 608 514 τῶν
647 461 898 515 τοιούτων
939 461 1242 516 ἐνστάσεων
1297 463 1730 534 ἁναχωρήσαιεν.

1848 476 2063 517 causam
2093 462 2200 517 ulla
2235 479 2394 534 poena
2424 463 2766 520 adiciendum
2800 480 3048 524 censeas.
3069 468 3278 540 Quippe
3301 488 3425 527 eum

191 554 470 625 Ἑγγράψαι
516 553 800 624 τοιγαροῦν
843 553 979 622 πρὸς
1023 555 1148 617 τοὺς
1185 553 1443 622 λογιστὰς
1485 553 1736 617 καὶτοὺς

181 646 514 717 στρατηγοὺς,
540 646 631 698 καὶ
650 647 773 708 τοὺς
791 644 1180 715 πραιποσίτους
1193 644 1286 697 τοῦ
1308 644 1484 712 πάγου
1501 643 1736 714 ἑκάστης

180 738 365 800 πόλεως
393 738 424 807 ἡ
460 737 526 808 σὴ
561 736 917 808 ὲπιστρὲφεια
947 737 1184 807 ὀφείλει,
1225 737 1312 790 ἵνα
1339 737 1735 807 γνῴενπεραι-

177 831 304 900 τέρω
353 829 532 892 αὐτοῖς
587 828 770 882 τούτου
827 829 920 882 τοῦ
973 829 1295 900 πράγματος
1350 828 1426 898 (5)
1466 827 1720 899 φροντίδα

178 920 423 974 ποιεῖσθαι
457 920 530 990 μὴ
557 922 872 992 προσήκειν.
898 941 913 969 ι
950 921 1070 973 Ἐπὶ
1109 919 1318 981 τούτοις
1345 921 1392 972 οἱ
1415 918 1536 972 κατ’
1568 921 1738 988 ἐπαρ-

175 1013 302 1081 χίαν,
316 1011 409 1081 τὴν
426 1009 530 1062 τῶν
555 1011 872 1081 γραφέντων
891 1011 1074 1074 αὐτοῖς
1092 1010 1453 1080 ἐπαληθεύειν
1477 1011 1736 1080 προαίρε-

177 1121 250 1157 σιν
282 1104 644 1173 νενομικότες,
679 1103 952 1172 λογισταῖς
983 1104 1074 1156 καὶ
1107 1105 1431 1174 στρατηγοῖς
1470 1103 1564 1155 καὶ
1625 1104 1735 1164 τοῖς

175 1197 278 1251 κατ’
299 1197 496 1266 ἀγροὺς
526 1197 996 1268 ἐπιτεταγμέναις.
1015 1197 1116 1267 τὴν
1135 1195 1414 1266 βασιλικὴν
1442 1195 1528 1248 διὰ
1555 1208 1736 1265 γραμ-

177 1288 340 1358 μάτων
371 1287 584 1357 ἐμφανῆ
609 1287 908 1340 καθιστῶσι
935 1286 1182 1358 γνώμην,
1205 1289 1267 1340 ού
1297 1287 1456 1358 μόνον
1481 1287 1524 1338 δ’
1553 1287 1735 1348 αὐτοῖς

173 1378 247 1432 διὰ
288 1380 496 1450 γραφῆς
532 1378 706 1433 ταῦτα
753 1378 1087 1450 προύχώρει,
1131 1380 1226 1432 καὶ
1270 1379 1450 1450 ἔργοις
1495 1377 1550 1431 δὲ
1599 1378 1734 1431 πολὺ

174 1470 432 1540 πρότερον,
463 1470 539 1534 ῶς
572 1469 638 1524 ἂν
672 1469 1156 1541 νεῦμαβασιλικδν
1185 1473 1264 1534 είς
1289 1471 1460 1542 πέρας
1488 1472 1733 1537 ἄγοντες,

172 1559 253 1623 οὓς
279 1555 414 1630 εἶχον
447 1563 504 1613 ὲν
537 1561 933 1630 δεσμωτηρίοις
959 1557 1390 1630 καθειργμένους
1417 1558 1504 1611 διὰ
1527 1557 1625 1629 τὴν
1655 1559 1735 1620 είς

171 1651 223 1704 τὸ
247 1651 391 1704 Θεῖον
421 1651 732 1722 ὁμολογίαν,
766 1653 844 1713 εἰς
881 1650 1111 1721 φανερὸν
1145 1649 1480 1720 προάγοντες
1510 1645 1734 1718 ἠλευθέ-

175 1763 303 1816 ρουν,
338 1743 571 1807 ἀνιέντες
615 1743 818 1797 τούτων
857 1745 922 1814 δὴ
965 1741 1145 1796 αὐτῶν
1175 1744 1301 1800 τοὺς
1351 1744 1407 1794 ὲν
1451 1740 1736 1812 μετάλλοις

172 1837 252 1889 ἐπὶ
271 1836 498 1907 τιμωρίᾳ
521 1835 837 1905 δεδομένους
856 1851 869 1864 °

174 1929 294 1983 σιλεῖ
321 1928 486 1981 δοκεῖν
513 1929 874 1997 ὑπειλήφασιν
906 1926 1266 1996 ἠπατημένοι.
1298 1922 1407 1977 Καὶ
1439 1925 1503 1996 δὴ
1534 1923 1740 1978 τούτων

173 2022 326 2085 οὕτως
355 2019 829 2085 ἐπιτελεσθέντων,
865 2019 1077 2090 ἁθρόως
1109 2012 1219 2070 οἷόν
1246 2033 1298 2069 τι
1331 2015 1446 2086 φῶς
1482 2017 1547 2069 ὲκ
1583 2016 1740 2084 ζοφε-

179 2113 261 2181 ρὶς
293 2110 475 2172 νυκτὸς
512 2108 817 2178 ἐκλάμψαν,
842 2107 982 2160 κατὰ
1015 2108 1194 2158 πᾶσαν
1225 2105 1376 2156 πόλιν
1408 2121 1740 2174 συγκροτουο

175 2205 322 2275 μένας
358 2203 536 2274 παρῆν
567 2203 701 2273 ὁρᾷν
739 2199 1056 2271 ἐκκλησίας,
1095 2197 1343 2260 συνόδους
1384 2214 1442 2248 τε
1479 2195 1741 2267 παμπλη-

173 2295 290 2358 θεῖς,
334 2293 423 2346 xui.
475 2292 576 2356 τὰς
619 2291 713 2344 ἐπὶ
759 2289 964 2343 τούτων
1015 2289 1072 2352 ἐξ
1111 2287 1270 2348 ἔθους
1315 2283 1741 2354 ἐπιτελουμένας

175 2385 470 2454 συναγωγάς
504 2383 599 2454 (6),
640 2381 1061 2451 καταπέπληκτο
1088 2379 1131 2432 δ’
1167 2379 1260 2432 ἐπὶ
1293 2379 1503 2442 τούτοις
1525 2379 1586 2430 ού
1619 2393 1742 2448 σμι-

173 2478 302 2548 κρῶς
343 2479 446 2541 πᾶς
496 2494 582 2540 τις
627 2474 736 2527 τῶν
783 2473 1028 2526 ἀπίστων
1076 2469 1281 2532 ἐθνῶν,
1316 2470 1418 2539 τῆς
1467 2467 1740 2538 τοσαύτης

175 2570 452 2641 μεταϐολῆς
480 2571 541 2623 τὸ
567 2567 870 2638 παράδοξον
897 2563 1324 2634 ἀποθαυμάζων,
1359 2563 1532 2634 μέγαν
1559 2579 1617 2614 τε
1647 2562 1741 2614 καὶ

176 2664 315 2734 μόνον
339 2663 506 2734 άληθῆ
540 2663 634 2715 τὸν
664 2658 1006 2733 Χριστιανῶν
1035 2657 1167 2710 Θεὸν
1196 2653 1586 2726 ἐπιϐοώμενος.
1619 2652 1741 2704 Τῶν

171 2757 207 2808 δ’
233 2757 498 2828 ἡμετέρων
529 2755 581 2807 οἱ
615 2754 712 2824 μὲν
744 2753 832 2806 τὸν
860 2750 965 2804 τῶν
995 2747 1252 2820 διωγμῶν
1297 2747 1484 2816 ἀγῶνα
1532 2745 1741 2810 πιστῶς

175 2851 253 2901 ναι
281 2848 531 2921 ἀνδρείως
566 2843 949 2916 διηθληκοτες,
987 2843 1085 2913 τὴν
1131 2841 1269 2912 πρὸς
1299 2840 1544 2902 ἅπαντας
1585 2836 1741 2900 αὖθις

173 2941 530 3010 ἀπελάμϐανον
559 2936 895 3010 παρρησίαν,
927 2936 1040 2987 ὅσοι
1073 2933 1130 2986 δὲ
1161 2933 1228 2985 τά
1259 2933 1356 3002 τῆς
1388 2932 1624 2995 πίστεως
1655 2947 1742 2981 vs-

172 3033 456 3104 νοσηκότες,
489 3031 589 3095 τὰς
621 3028 799 3100 ψυχὰς
845 3029 1140 3096 ἐτύγχανον
1173 3023 1596 3094 κεχειμασμένοι
1640 3020 1737 3092 (7),

173 3127 400 3196 ἀσμένως
444 3126 573 3194 περὶ
618 3123 716 3192 τὴν
758 3121 906 3189 σφῶν
949 3117 1248 3188 θεραπείαν
1280 3116 1558 3178 ἔσπευδον,
1596 3117 1742 3169 ἀντι-

1849 564 1958 607 tain
1995 553 2154 624 longo
2182 555 2292 624 jam
2338 560 2599 624 temporis
2634 567 2808 611 tractu
2850 571 3184 628 compertum
3219 561 3424 628 fuerit,

1845 660 1940 699 eos
1994 647 2134 702 nulla
2192 649 2406 702 ratione
2455 649 2647 702 adduci
2702 664 2861 718 posse
2909 661 2967 705 ιιι
2999 652 3068 706 ab
3115 653 3425 721 bujusmodi

1847 739 2145 807 pertinacia
2204 737 2524 792 abscedant.
2568 740 2821 796 Scribere
2854 743 3020 812 igitur
3047 745 3112 796 ad
3141 756 3424 802 curatores

1845 836 1900 882 et
1938 829 2287 898 magistratus
2311 873 2325 896 ,
2351 829 2520 902 348
2550 841 2603 885 et
2634 833 2700 888 ad
2746 836 3066 904 pra'positos
3097 837 3217 904 pagi
3245 838 3428 907 singu-

1846 919 2015 973 larum
2043 923 2328 976 civitatum
2359 932 2448 977 tua
2485 925 2647 979 debet
2677 925 2942 980 industria
2970 966 2985 992 ,
3018 938 3074 980 ut
3117 930 3292 983 sciant
3320 931 3422 983 sibi

1847 1011 1899 1064 in
1949 1020 2222 1079 posterum
2279 1015 2438 1081 hujus
2495 1017 2694 1085 negotii
2750 1018 2982 1087 amplius
3033 1035 3218 1074 curam
3263 1037 3428 1092 agere

1845 1116 1952 1155 non
2006 1102 2196 1157 licere.
2255 1121 2275 1156 ι
2334 1103 2579 1160 Posthac
2628 1109 2964 1178 singularum
3014 1112 3422 1178 provinciarum

1843 1194 2130 1262 pr:esides,
2164 1195 2263 1248 rati
2307 1197 2446 1249 hanc
2480 1212 2670 1250 revera
2705 1212 2830 1253 esse
2861 1199 3125 1268 principis
3161 1211 3423 1266 mentem,

1845 1301 1967 1355 qua;
2019 1285 2214 1340 litteris
2256 1286 2443 1341 Sabini
2489 1300 2929 1357 expronwretnr,
2969 1293 3236 1348 continuo
3263 1309 3428 1348 cura-

1846 1388 1992 1432 tores
2026 1388 2079 1432 et
2109 1379 2459 1446 magistratus
2489 1389 2540 1431 et
2577 1395 2834 1448 pagorum
2864 1385 3187 1451 prmpositos
3219 1400 3314 1453 per
3336 1386 3426 1438 lit-

1843 1476 1989 1524 teras
2037 1471 2104 1524 de
2161 1471 2510 1538 imperatoris
2558 1471 2836 1528 voluntate
2887 1476 3150 1529 certiores
3191 1476 3420 1530 faciunt.

1844 1560 1954 1614 Nec
2003 1575 2132 1615 vero
2187 1561 2408 1628 scriptis
2457 1563 2721 1616 duntaxat
2751 1607 2764 1628 ,
2817 1580 3004 1618 verum
3053 1567 3218 1621 etiam
3269 1567 3426 1620 factis

1845 1650 2015 1705 multo
2048 1654 2221 1722 magis
2248 1654 2523 1709 instabant
2552 1695 2567 1716 .
2609 1664 2790 1722 utpote
2825 1657 2916 1725 qui
2959 1660 3226 1726 principis
3272 1659 3422 1728 jussa

1843 1745 2186 1798 exsecutioni
2219 1747 2557 1800 mandarent.
2593 1746 2871 1814 Quatquot
2910 1749 3078 1818 igitur
3114 1750 3184 1804 ob
3212 1749 3428 1806 confes-

911 1834 1070 1886 τοῦτο
1104 1833 1211 1904 γὰρ
1242 1833 1328 1885 ἐπ’
1355 1831 1611 1902 ἀληθείας
1641 1831 1738 1901 βα-

1848 1833 2049 1887 sitonein
2105 1835 2270 1888 divini
2319 1833 2572 1888 Numinis
2605 1837 2815 1890 vinctos
2862 1838 2915 1889 in
2963 1839 3207 1891 custodia
3259 1840 3425 1894 habe-

1843 1925 1972 1978 bant
1996 1968 2009 1992 ,
2042 1926 2338 1994 productos
2370 1927 2421 1978 in
2463 1927 2699 1980 medium
2748 1928 3114 1993 dimiserunt,
3158 1931 3226 1984 iis
3256 1931 3423 1984 etiam

1842 2019 1932 2087 qui
1961 2019 2025 2070 ad
2057 2018 2273 2072 metalla
2307 2018 2549 2073 damnati
2589 2021 2827 2085 fuerant,
2867 2022 2982 2089 pari
3015 2021 3264 2076 libertate
3288 2037 3424 2076 con-

1843 2124 2019 2163 cessa.
2053 2110 2106 2162 Id
2139 2109 2282 2162 enim
2316 2124 2503 2162 revera
2537 2111 2756 2180 placere
2789 2113 3022 2181 principi
3072 2112 3423 2166 arbitraban-

1845 2207 1955 2264 tur,
1988 2216 2112 2253 cum
2145 2211 2323 2254 tamen
2355 2199 2518 2254 aliter
2552 2215 2612 2255 se
2641 2216 2730 2255 res
2759 2203 3004 2256 haberet.
3037 2203 3304 2256 Cancrum
3340 2205 3425 2258 his

1847 2292 1914 2346 ad
1946 2293 2087 2346 hunc
2133 2294 2352 2346 modum
2382 2294 2651 2346 confectis
2677 2333 2692 2356 ,
2725 2303 2952 2361 repente
2985 2295 3157 2349 instar
3184 2296 3426 2350 caelestis

1843 2385 2122 2452 cujusdam
2154 2383 2309 2444 lueis,
2344 2399 2466 2451 qua:
2508 2394 2630 2451 post
2664 2384 3021 2438 densissimas
3057 2389 3233 2439 noctis
3269 2394 3421 2440 tene-

1845 2478 1969 2530 bras
1997 2475 2265 2536 exoritur,
2307 2475 2578 2529 Ecclesias
2605 2475 2657 2529 in
2686 2475 2912 2545 singulis
2941 2476 3255 2531 civitatibus
3290 2493 3426 2530 con-

1843 2577 2120 2638 gregatas,
2149 2577 2203 2618 et
2231 2567 2704 2636 frequentissimos
2737 2566 3172 2621 Christianorum
3201 2582 3427 2621 ctutch

1843 2675 1968 2720 sus,
2004 2668 2058 2711 et
2096 2658 2360 2712 collectas
2391 2658 2592 2713 ibidem
2623 2673 2690 2712 ex
2722 2674 2874 2712 more
2909 2659 3024 2713 ﬁeri
3066 2659 3256 2714 solitas
3300 2672 3424 2713 cer-

1845 2767 1973 2804 nere
2004 2750 2221 2804 licebat.
2255 2751 2328 2804 Ex
2364 2765 2472 2820 quo
2499 2750 2795 2804 infidelium
2830 2750 3058 2820 populos
3084 2751 3278 2820 ingens
3302 2765 3427 2820 per-

1843 2850 2060 2894 vasorat
2100 2851 2290 2912 SlilpOl‘
2319 2857 2440 2895 Clllll
2475 2853 2680 2894 tantam
2718 2853 2940 2909 tantque
2967 2845 3298 2911 insperatam
3333 2856 3424 2895 1⁵8⁸

1846 2948 1961 2986 rum
2004 2932 2420 2987 conversionem
2461 2933 2894 2988 admirarentur.
2923 2931 3426 3001 Exclamabautque

1842 3024 2019 3078 solum
2062 3039 2317 3093 magnum
2351 3033 2404 3078 ct
2431 3038 2559 3078 vere
2598 3023 2766 3076 Deum
2807 3039 2930 3078 esse
2965 3025 3058 3093 qui
3093 3039 3122 3077 a
3151 3023 3426 3078 Christia-

1844 3119 1931 3173 nis
1960 3119 2251 3172 euleretur.
2290 3118 2368 3172 Ex
2429 3119 2632 3172 nosn-is
2665 3132 2798 3171 vero
2835 3125 3102 3186 quotquot
3137 3117 3187 3170 in
3239 3133 3425 3184 perse-

174 3217 430 3281 εολοῦντες
467 3217 562 3270 καὶ
596 3213 872 3283 σωτηρίας
903 3208 1084 3274 δεξιὰν
1113 3208 1240 3270 τοὺς
1273 3204 1622 3280 ἐρρωμένους
1656 3207 1741 3258 αὶ-

1848 3210 2083 3264 entionis
2132 3209 2447 3264 discrimine
2488 3209 2722 3263 ﬁdeliter
2767 3224 2828 3262 ac
2861 3205 3074 3263 lortiter
3107 3209 3426 3263 decertare-

173 3309 420 3380 τούμενοι,
447 3309 539 3361 τόν
572 3324 634 3360 τε
664 3304 796 3357 Θεὸν
828 3301 986 3356 ἵλεων
1015 3303 1200 3364 αὐτοῖς
1231 3298 1481 3365 γενέσθαι
1515 3297 1738 3351 καθικε-

173 3397 415 3460 τεᾶοντες.
465 3393 602 3448 Εἶτα
651 3393 706 3446 δὲ
757 3392 852 3445 καὶ
902 3394 950 3444 οἱ
999 3393 1234 3458 γενναῖοι
1283 3387 1384 3458 τῆς
1433 3387 1740 3452 θεοσεϐείας

174 3489 378 3559 ἀθληταὶ
400 3489 501 3559 τῆς
529 3489 613 3550 εἰς
645 3486 711 3539 τά
745 3483 980 3555 μέταλλα
1017 3480 1388 3543 κακοπαθείας
1427 3479 1742 3548 ἐλευθερού-

179 3596 327 3649 μενοι,
363 3582 450 3632 ἐπὶ
496 3579 599 3640 τὰς
645 3575 852 3629 ἑαυτῶν
886 3573 1225 3636 ἐστέλλοντο,
1259 3571 1453 3642 γαῦροι
1488 3571 1580 3621 καὶ
1613 3587 1738 3639 φαι-

173 3672 274 3743 δροὶ
298 3673 380 3727 διὰ
402 3674 583 3742 πάσης
615 3670 781 3731 ἰόντες
801 3667 1025 3730 πόλεως,
1049 3663 1388 3736 εὐφροσύνης
1408 3681 1464 3716 τε
1487 3662 1738 3726 ἁλέκτου,

176 3765 254 3816 καὶ
285 3765 346 3829 ἦν
375 3763 492 3816 οὐδὲ
517 3762 664 3830 λόγῳ
693 3759 912 3812 δυνατὸν
941 3755 1274 3829 ἑρμηνεῦσαι
1305 3754 1618 3825 παρρησίας
1645 3753 1740 3822 ἔμ-

178 3855 328 3907 πλεοι.
368 3853 536 3924 Στίφη
580 3848 674 3904 οὖν
723 3847 1122 3919 πολυάνθρωπα
1161 3843 1304 3898 κατὰ
1341 3845 1510 3914 μέσας
1539 3841 1740 3909 λεωςόο

179 3965 288 4018 ρους
317 3949 406 4001 καὶ
433 3945 675 4018 ἀγορὰς,
721 3944 886 4014 ᾠδαῖς
919 3943 1011 3994 καὶ
1052 3940 1286 4010 ψαλμοῖς
1339 3939 1428 3992 τὸν
1471 3938 1604 3991 Θεὸν
1651 3939 1742 3990 ἁν-

179 4041 423 4110 υμνοῦντα
448 4041 516 4094 τὰ
548 4040 651 4109 τῆς
683 4035 908 4108 πορείας
936 4034 1086 4105 ἤνυε.
1121 4034 1230 4085 Καὶ
1254 4034 1380 4094 τοὺς
1414 4031 1550 4102 μετὰ
1579 4048 1742 4100 τιμω-

182 4131 284 4202 ρίας
309 4131 689 4204 ἁπηνεστάτης
729 4125 909 4198 μικρῷ
942 4122 1175 4196 πρόσθεν
1201 4122 1454 4191 δεσμίους
1495 4121 1604 4172 τῶν
1633 4138 1739 4172 πα-

179 4222 353 4293 τρίδων
377 4219 844 4292 ἀπεληλαμένους,
875 4213 1012 4279 εἶδες
1040 4215 1104 4268 ἂν
1131 4214 1334 4284 ἱλαροῖς
1365 4212 1458 4266 καὶ
1483 4211 1742 4282 γεγηθότι

180 4313 466 4385 προσώποις
512 4313 616 4375 τὰς
667 4309 846 4365 αὑτῶν
888 4306 1374 4378 ἀπολαμϐάνοντας
1418 4303 1632 4366 ἑστίας,
1666 4303 1741 4366 ὼς

181 4407 263 4458 καὶ
300 4405 416 4468 τοὺς
460 4405 726 4475 πρότερον
769 4399 890 4453 καθ’
934 4397 1090 4470 ἡμῶν
1123 4397 1432 4466 φονῶντας,
1463 4394 1523 4448 τὸ
1557 4393 1740 4464 θαῦμα

181 4495 317 4565 παρὰ
349 4496 526 4548 πᾶσαν
559 4491 800 4564 ὁρῶντας
829 4488 1038 4555 ἐλπίδα,
1082 4486 1398 4558 συγχαίρειν
1435 4487 1546 4549 τοίς
1580 4500 1738 4553 γεγε-

181 4587 428 4657 νημένοις.

1849 3310 2010 3366 rant,
2047 3316 2239 3369 magna
2291 3300 2434 3370 apud
2485 3315 2675 3354 omnes
2711 3296 2906 3354 ﬁducia
2951 3308 3004 3354 et
3041 3299 3295 3354 libertate
3326 3315 3424 3369 po-

1849 3392 2146 3446 tiebantur.
2181 3390 2286 3444 Sed
2309 3405 2538 3459 quorum
2565 3391 2914 3446 racillaverat
2947 3391 3101 3454 ﬁdes,
3123 3391 3426 3460 animaeque

1847 3481 2191 3551 naufragium
2220 3481 2503 3547 fecerant,
2539 3481 2575 3534 ii
2607 3482 2673 3534 ad
2704 3481 3002 3534 remedium
3041 3480 3197 3533 aride
3223 3493 3425 3549 prope-

1848 3575 2040 3628 rabant
2067 3615 2082 3640 ,
2133 3574 2501 3641 supplicantes
2534 3581 2588 3626 et
2635 3570 2947 3639 ﬂagitantes
2998 3586 3026 3623 a
3063 3570 3424 3625 validioribus

1848 3675 1906 3720 ut
1953 3666 2244 3719 salutarem
2291 3665 2390 3719 sibi
2428 3665 2672 3717 dextram
2727 3663 3066 3732 porrigerent
3099 3677 3113 3715 :
3151 3661 3424 3731 Deumun

1846 3769 2070 3812 orantes
2098 3767 2153 3809 ut
2185 3755 2452 3824 proriitius
2481 3754 2583 3808 sibi
2616 3769 2736 3807 esse
2776 3753 2956 3806 Vellet.
2993 3752 3237 3806 Posthaac
3257 3752 3423 3807 etiam

1849 3847 2099 3918 generosi
2152 3847 2226 3899 illi
2276 3861 2446 3898 sai-ra:
2479 3844 2762 3913 religionis
2793 3842 3000 3910 pugiles
3027 3883 3043 3907 ,
3079 3843 3422 3908 metallorum

1846 3939 2105 3993 mrumuis
2137 3938 2371 4000 liberati,
2421 3936 2473 3990 in
2525 3952 2679 3990 suam
2726 3934 2922 4004 singuli
2962 3934 3192 4003 patriam
3229 3932 3424 3986 reverti

1847 4039 2131 4099 cmperunt
2167 4046 2182 4082 :
2218 4043 2420 4098 perque
2445 4027 2608 4081 urbes
2640 4027 2856 4094 pervias
2879 4025 2984 4080 Izt'li
3016 4036 3180 4094 atque
3219 4024 3425 4078 alacres

1849 4119 2174 4173 incedebant
2202 4158 2216 4181 ,
2252 4116 2562 4171 incredibili
2597 4115 2834 4184 quodam
2885 4113 3086 4182 gaudio
3113 4122 3165 4166 et
3193 4111 3424 4178 inexpli-

1849 4209 2007 4264 cabili
2055 4209 2244 4263 ﬁducia
2300 4207 2508 4276 repleti.
2547 4207 2638 4259 Sic
2682 4205 2847 4272 igitur
2877 4217 3166 4258 numerosa
3208 4211 3424 4256 nostro—

1849 4318 1971 4356 rum
2026 4301 2242 4372 agmina
2271 4343 2286 4366 ,
2320 4315 2416 4368 per
2450 4303 2562 4352 vias
2595 4299 2840 4368 publicas
2870 4305 2923 4351 et
2955 4311 3050 4366 per
3082 4293 3199 4350 fora
3254 4295 3422 4348 Deum

1849 4391 2069 4462 hymnis
2099 4401 2152 4445 et
2198 4391 2430 4444 canticis
2458 4388 2781 4444 celebrando
2805 4428 2820 4452 ,
2852 4387 2959 4442 iter
3007 4401 3164 4440 suum
3200 4398 3425 4455 perege-

1851 4493 2000 4538 runt.
2038 4483 2104 4537 Et
2155 4484 2247 4553 qui
2295 4482 2458 4553 paulo
2492 4493 2651 4535 antea
2688 4495 2814 4534 tum
2862 4495 3075 4535 summa
3128 4478 3425 4533 acerbitate

1771 4564 1818 4620 Ῑ)
1849 4576 2012 4630 vincti
2045 4585 2098 4630 et
2125 4592 2191 4630 ex
2245 4575 2420 4645 patria
2471 4574 2689 4629 fuerant
2721 4573 2928 4643 espulsi
2959 4612 2974 4637 ,
3015 4587 3111 4626 eos
3144 4580 3270 4626 tunc
3299 4569 3423 4623 laeto

182 4689 324 4746 atque
379 4679 534 4732 hilari
608 4674 757 4728 vultu
806 4687 904 4727 sua
945 4671 1220 4736 timuit-ilia
1269 4668 1608 4737 postliminio
1649 4680 2055 4750 ‘recuperantes
2121 4669 2370 4722 vidisses.
2417 4667 2568 4720 Adeo
2613 4674 2674 4719 ut
2723 4665 2796 4718 illi
2837 4664 2937 4732 ipsi
2995 4663 3086 4731 qui
3121 4662 3272 4730 prius
3316 4675 3425 4712 cm-

185 4772 290 4824 deiu
334 4771 482 4826 nobis
535 4779 704 4837 atque
749 4764 1022 4820 excidium
1071 4763 1440 4828 minabantur,
1492 4770 1600 4835 tam
1647 4751 1936 4830 insperata:
1986 4761 2059 4815 rei
2111 4759 2371 4814 miraculo
2415 4759 2658 4823 attoniti,
2691 4754 2854 4828 359
2883 4753 3041 4808 nobis
3085 4750 3427 4823 gratularen-

207 4877 280 4916 lll’c

207 4877 233 4912 ιι
265 4897 280 4916 α

187 4871 202 4914 ι
239 4876 262 4914 r
693 4947 1086 5004 ΚΕΦΑΛΑΙΟΝ
1123 4948 1197 5000 Β’.

433 5045 571 5112 Περὶ
599 5041 708 5110 τῆς
733 5042 1049 5112 μετέπειτα
1079 5037 1451 5112 διαστροφῆς

627 5109 763 5182 (ΝΛΞ.
807 5113 876 5164 Η.
909 5110 975 5164 Ε.
1008 5127 1100 5175 rit,
1132 5109 1247 5179 '25).

248 5201 419 5260 Ταῦτα
439 5207 482 5260 δ’
509 5206 692 5259 οὐκέτι
718 5199 827 5267 οἷός
856 5220 916 5255 τε
950 5202 1024 5256 ῶν
1050 5201 1234 5272 φέρειν
1261 5201 1289 5252 ὁ
1329 5198 1612 5270 τύραννος,
1655 5216 1746 5269 μι-

254 5363 332 5439 (5)
351 5367 503 5439 Vulg.
537 5368 852 5438 περαιτέρω
875 5367 1079 5432 αὐτοῖς
1108 5365 1324 5439 τούτου
1342 5364 1449 5439 to?
1473 5357 1738 5439 γρᾴμμαο
1774 5387 1776 5390 τ

184 5434 293 5502 τος.
313 5434 432 5493 Non
455 5434 666 5493 'dubi'to
687 5434 814 5508 quin
850 5439 1197 5508 scribendum
1221 5434 1431 5508 sit__ro'3
1476 5434 1743 5508 πράγμα-

186 5519 286 5571 τος.
322 5510 487 5575 Quam
511 5504 938 5563 emendationem
969 5505 1255 5560 conﬁrmat
1302 5504 1640 5571 Nicephorus
1690 5507 1741 5575 in

192 5592 299 5644 (ει).
344 5573 412 5631 Ἡ
457 5580 492 5632 l.
524 5595 618 5644 vn,
643 5581 732 5648 qui
781 5581 925 5632 hunc
959 5579 1135 5631 locum
1167 5578 1263 5648 sie
1302 5575 1572 5648 expressit
1607 5591 1620 5625 ι
1653 5573 1746 5643 Μὴ

189 5648 439 5720 προσῆκον
467 5645 689 5712 ἐκείνοις
720 5648 1029 5720 περαιτέρω
1056 5645 1310 5718 φροντίδα
1343 5645 1469 5716 περὶ
1491 5645 1752 5714 Χριστια-

189 5716 282 5770 νῶν
303 5720 576 5774 ποιεῖσθαι.

255 5787 324 5860 (θ)
363 5789 850 5859 Ἐπιτελοινμέιγις
893 5785 1266 5857 συναγωγτίς.
1318 5785 1438 5856 ,11υο
1487 5785 1602 5841 loco
1634 5801 1756 5836 συν-
1823 5855 1828 5858 _

2463 4931 2694 4989 CAPUT
2738 4931 2805 4988 ΙΙ.

2099 5033 2175 5086 De
2208 5031 2468 5102 pravitate
2493 5043 2611 5098 qua:
2644 5040 2767 5078 mox
2796 5024 3078 5077 subsecuta
3099 5032 3200 5076 est.

1928 5193 2130 5247 Verum
2187 5190 2277 5244 ille
2317 5187 2622 5243 honestatis
2656 5193 2707 5238 et
2744 5183 3008 5238 honerum
3046 5180 3290 5236 omnium
3324 5177 3429 5232 ini-

1837 5356 2060 5428 αγωγάς
2085 5353 2266 5428 posuit
2295 5366 2391 5421 pro
2416 5347 2685 5412 συνάξεις.
2713 5347 2830 5413 Quo
2854 5361 3014 5428 sensu
3043 5342 3202 5428 etiam
3232 5339 3436 5428 Diony-

1841 5425 1954 5483 sius
1977 5425 2373 5480 Alexandrinus
2405 5437 2526 5474 eam
2559 5435 2744 5471 vocent
2785 5425 3026 5481 usurpat,
3055 5425 3108 5464 ut
3139 5427 3301 5483 supra
3332 5427 3434 5462 nm-

1846 5480 1954 5552 lavi
1995 5498 2050 5550 in
2083 5495 2173 5548 lib.
2204 5509 2294 5547 vn.
2338 5491 2541 5558 Duplex
2572 5498 2751 5541 autem
2783 5480 3164 5559 ιιι-ιιισύναξις
3191 5496 3213 5559 _:
3253 5480 3430 5559 all-cli

1845 5551 2813 5638 pi-ecitnt,_alterasummittitur-terunt.
2855 5558 2928 5638 De
2979 5551 3435 5638 prin're‘loqttitur

1847 5619 2182 5692 iithanasnis
2212 5635 2262 5686 in
2284 5631 2537 5698 Apologia
2557 5632 2622 5698 ad
2646 5619 3016 5698 ϐοιιδιιισιιίιιιὶι
3040 5619 3184 5677 ιΚαὶ
3209 5621 3436 5690 γέγονεν

1847 5711 1948 5761 οὐκ
1971 5703 2236 5773 ἐγκαίνια,
2269 5695 2404 5774 ἀλλᾷ
2434 5695 2648 5774 σύναξις
2669 5696 2765 5766 τῆς
2789 5695 2976 5774 εὐχῆς..
3005 5764 3014 5774 ,

1925 5767 2516 5848 (7.1’Κεχειμασμένομ
2546 5768 2748 5836 Lapsus
2797 5767 3064 5835 intelligit,
3135 5775 3268 5832 quos
3300 5775 3439 5814 nauci
