3858 6260
369 347 475 403 803

1066 340 1340 400 EUSEBll
1376 332 1861 399 CESARIENSIS
1898 338 2049 395 OPP.
2091 340 2274 396 PARS
2314 342 2371 397 I.‘
2396 370 2467 385 —
2503 340 2901 400 HISTORICA.

3542 344 3644 404 804

373 463 546 515 micus
571 467 855 529 tyrannus,
885 457 1001 526 qui,
1044 466 1104 511 ut
1145 470 1309 526 supra
1340 457 1599 524 diximus,
1630 457 1681 510 iu
1714 454 1949 511 Orientis

2060 458 2285 522 σόκαλος
2309 462 2368 523 ὲς
2388 459 2460 512 τὰ
2494 459 2727 530 μάλιστα
2756 461 2850 513 καὶ
2878 461 3093 514 πάντων
3113 459 3339 529 ἀγαθῶν
3364 459 3644 526 ἐπίϐουλος

376 550 618 621 partibus
649 550 937 618 imperium
954 549 1188 619 gerebat
1214 591 1229 615 ,
1263 563 1386 602 cum
1421 549 1566 603 hunc
1617 563 1797 602 rerum
1836 555 1951 602 sta-

378 649 490 691 ttnn
536 638 739 691 diutius
774 636 917 691 ferre
951 652 1061 691 non
1090 645 1302 708 posset,
1336 652 1406 692 ne
1431 652 1527 691 sex
1559 639 1778 707 quidem
1808 638 1950 692 inte-

374 731 487 800 gris
512 728 790 783 mensibus
829 743 1024 797 passus
1051 738 1134 784 est
1164 744 1288 783 eum
1318 744 1664 797 permanere.
1704 731 1951 799 Dumque

375 822 441 873 ad
487 820 851 874 subrueudam
889 836 1076 890 pacem
1109 821 1245 875 nihil
1279 837 1387 877 nou
1430 822 1670 887 molitur,
1715 824 1947 892 primum

373 912 590 980 quidem
631 921 847 968 nostros
896 929 925 966 a
976 916 1335 970 conventibus
1367 916 1460 985 qui
1512 916 1565 969 in
1617 916 1949 971 cwmetcriis

374 1004 490 1057 lieri
518 1003 766 1058 solebant
791 1045 806 1070 ,
843 1006 1029 1060 nescio
1074 1022 1180 1075 quo
1210 1017 1475 1077 praetextu
1506 1021 1700 1062 arcere
1728 1022 1950 1077 aggres-

372 1111 466 1149 sus
492 1103 597 1150 est.
644 1096 845 1150 Deinde
879 1096 994 1164 ipse
1031 1098 1097 1150 ad
1147 1113 1206 1151 se
1256 1101 1584 1168 legationem
1639 1102 1805 1154 mittit
1852 1100 1953 1153 ad~

369 1198 561 1240 versus
600 1197 818 1242 nostros
844 1228 859 1251 ,
920 1189 1226 1243 sollicitatis
1259 1206 1358 1260 per
1387 1194 1650 1260 quosdam
1701 1191 1947 1246 nefarios

371 1278 620 1334 homines
663 1279 1128 1337 Antiochensibus
1153 1323 1167 1347 ,
1202 1295 1262 1339 ut
1293 1287 1389 1339 abs
1419 1298 1477 1339 se
1511 1286 1681 1338 instar
1723 1285 1947 1339 maximi

369 1368 651 1437 cujusdam
689 1371 938 1426 beneficii
974 1385 1245 1443 peterent,
1280 1391 1349 1430 ne
1383 1376 1469 1429 cui
1508 1376 1949 1431 Christianorum

370 1460 718 1515 Antiochiam
748 1462 989 1518 incolere
1025 1464 1234 1520 liceret.
1277 1465 1416 1520 Aliis
1459 1482 1673 1536 quoque
1711 1476 1770 1520 ttt
1807 1469 1947 1521 idem

376 1552 626 1605 facerent
661 1555 953 1623 suggessit.
985 1556 1225 1620 Quorum
1263 1558 1504 1611 omnium
1532 1567 1724 1612 auctor
1753 1559 1806 1612 in
1835 1558 1949 1628 ipsa

371 1646 506 1698 urbe
542 1643 834 1699 Antiochia
861 1647 1068 1700 exstitit
1108 1646 1457 1703 Theotecuus
1482 1688 1500 1716 ,
1524 1648 1610 1701 vir
1639 1649 1908 1703 violentus
1930 1684 1946 1715 ,

372 1747 626 1793 versutus
666 1748 836 1809 atque
887 1740 1164 1808 improbus
1186 1780 1203 1805 ,
1233 1742 1325 1811 qui
1359 1751 1489 1797 tunc
1521 1742 1574 1795 in
1605 1741 1696 1796 illa
1724 1742 1949 1798 civitate

371 1832 642 1885 curatoris
673 1829 907 1885 oﬂicinm
943 1833 1186 1902 gerebat.

990 1919 1218 1975 CAPUT
1253 1919 1338 1975 111.

461 2010 542 2064 De
586 2027 715 2065 novo
751 2010 980 2082 quodam
1023 2012 1163 2129 aput]!
1210 2011 1545 2065 Antiochiam
1591 2011 1856 2078 fabricato

999 2097 1136 2129 ειηιιι
1162 2096 1307 2129 (toro.
1337 2102 1341 2113 '

999 2096 1307 2133 simulacro.
1337 2102 1341 2113 ⁸

444 2172 543 2227 Hic
584 2172 748 2241 igitur
777 2186 900 2226 cum
931 2186 1029 2226 nos
1078 2181 1238 2225 antea
1284 2171 1542 2226 omnibus
1572 2172 1747 2226 modis
1773 2172 1949 2241 impu-

370 2266 683 2335 gnavisset,
714 2274 768 2320 et
824 2274 1040 2319 nostros
1083 2272 1340 2333 tanquam
1390 2262 1537 2318 fures
1579 2265 1845 2332 quosdam
1887 2278 1951 2318 ac

372 2356 649 2411 maleﬁcos
693 2354 1012 2426 investigari
1045 2393 1062 2421 ,
1090 2365 1142 2409 et
1181 2371 1247 2409 ex
1280 2354 1521 2410 latibulis
1551 2355 1665 2409 suis
1697 2355 1816 2409 erui
1854 2369 1951 2408 cn-

371 2458 546 2503 rasset
578 2487 596 2514 ,
630 2462 865 2517 cumque
892 2448 1028 2503 nihil
1068 2462 1257 2503 eorum
1302 2461 1423 2514 qua:
1449 2446 1516 2500 ad
1550 2460 1651 2500 nos
1682 2445 1956 2500 infamau-

370 2541 467 2592 dos
499 2548 556 2592 et
582 2536 998 2592 calumniandos
1034 2535 1219 2591 facere
1249 2545 1500 2606 poterant
1550 2535 1847 2598 omisisset,
1878 2536 1954 2588 in-

370 2630 617 2685 numeris
645 2629 882 2697 denique
924 2628 1114 2683 mortis
1139 2643 1311 2683 causa
1338 2626 1679 2691 exstitisset;
1730 2628 1948 2680 tandem

369 2723 720 2777 simulacrum
748 2720 898 2777 Jovis
941 2719 1100 2777 Philii
1150 2720 1376 2789 magicis
1404 2719 1612 2773 artibus
1661 2734 1953 2773 consecra-

368 2823 483 2870 tum
513 2816 709 2869 erexit.
742 2813 990 2883 Cumque
1019 2813 1083 2866 ad
1116 2812 1233 2880 ejus
1260 2811 1464 2865 cultum
1496 2812 1743 2881 impuras
1773 2810 1956 2865 initia-

371 2905 546 2958 tiones
572 2913 630 2959 et
658 2904 837 2958 inania
864 2902 1123 2973 mysteria
1146 2917 1209 2956 ac
1236 2901 1589 2956 detestandas
1614 2900 1954 2970 expiationes

2059 550 2340 621 ὑπάρχων,
2364 550 2424 603 ὃν
2441 550 2646 621 ἔφαμεν
2668 549 2777 604 τῶν
2802 551 2888 604 ἐπ’
2920 549 3209 622 Ἀνατολῆς
3227 551 3422 622 ἄρχειν
3447 552 3645 622 μερῶν,

2057 640 2165 694 οὐδ’
2196 641 2353 705 ὅλους
2385 642 2477 695 ἐπὶ
2513 643 2688 713 μῆνας
2715 640 2773 709 ἒξ
2820 642 2896 712 (8)
2925 642 3112 696 τοῦτον
3152 641 3527 695 ἐπιτελεῖσθαι
3558 642 3647 696 τόν

2055 730 2256 802 τρόπον
2285 730 2546 802 ἠνέσχετο
2565 748 2579 761 ο
2616 732 2716 786 ὃσα
2742 731 2788 784 δ’
2818 728 2911 785 οὖν
2938 731 3015 802 (9)
3042 732 3179 803 πρὸς
3204 731 3525 803 ἀνατροπὴν
3550 733 3649 803 τῆς

2056 826 2281 896 είρήνης
2309 822 2721 897 μηχανώμενος.
2754 818 2972 896 πρῶτον
3005 824 3103 891 μὲν
3142 823 3352 895 εἴργειν
3375 825 3529 894 ἡμᾶς
3552 824 3650 896 τῆς

2057 919 2114 971 ὲν
2142 920 2254 979 τοῖς
2292 917 2674 989 κοιμητηρίοις
2709 916 2926 970 συνόδου
2963 916 3051 970 διὰ
3094 916 3425 987 προςάσεως
3459 919 3652 987 πειρᾶ-

2056 1026 2165 1071 ται,
2192 1006 2310 1062 εἶτα
2350 1010 2439 1064 διά
2479 1025 2643 1064 τινων
2689 1009 2943 1080 πονηρῶν
2996 1008 3207 1079 ἀνδρῶν
3250 1009 3418 1071 αὐτὸς
3471 1008 3653 1078 ἑαυτῷ

2058 1101 2180 1156 καθ’
2222 1102 2377 1173 ἡμῶν
2407 1101 2769 1175 πρεσϐεύεται
2814 1097 2948 1171 (10),
2977 1101 3103 1163 τοὺς
3144 1100 3466 1171 Ἀντιοχέων
3496 1100 3653 1153 πολιι

2056 1204 2155 1254 τας
2196 1192 2579 1263 παρορμήσας,
2614 1192 2708 1243 ἐπὶ
2748 1191 2811 1243 τὸ
2853 1189 3117 1260 μηδαμῶς
3147 1206 3270 1243 τινα
3301 1188 3654 1259 Χριστιανῶν

2055 1280 2154 1351 τὴν
2194 1280 2374 1335 αὐτῶν
2409 1282 2578 1334 οἰκεῖν
2614 1280 3008 1351 ἐπιτρέπεσθαι
3046 1280 3303 1349 πατρίδα,
3338 1280 3418 1342 ὡς
3450 1282 3510 1332 ὲν
3549 1297 3652 1351 με-

2057 1372 2216 1443 γίστῃ
2246 1371 2421 1442 δωρεᾷ
2451 1371 2580 1441 παρ’
2606 1369 2769 1424 αὐτοῦ
2802 1373 2987 1440 τυχεῖν
3022 1369 3271 1435 ἀξιῶσαι,
3300 1369 3399 1422 καὶ
3443 1368 3654 1440 ἑτέροις

2056 1462 2113 1514 δὲ
2152 1462 2320 1514 ταυτὺ
2354 1460 2646 1514 ὑποϐαλεῖν
2691 1459 2804 1531 (ll)
2851 1459 3285 1533 διαπράξασθαι·
3318 1452 3397 1513 ὧν
3434 1459 3654 1511 πάντων

2057 1552 2299 1624 ἀρχηγὸς
2335 1553 2421 1605 ἐπ’
2448 1553 2617 1623 αὐτῆς
2657 1551 2988 1622 Ἀντιοχείας
3018 1550 3306 1620 ἐπιφύεται
3333 1550 3649 1612 Θεότεκνος,

2055 1641 2227 1705 δεινὸς
2269 1643 2363 1695 καὶ
2391 1643 2525 1712 γόης
2566 1642 2661 1696 καὶ
2719 1643 2955 1713 πονηρὸς
2998 1641 3173 1714 ἀνὴρ,
3204 1642 3301 1695 καὶ
3341 1640 3446 1711 τῆς
3480 1656 3640 1712 προσε

2055 1732 2301 1803 ωνυμίας
2326 1732 2625 1804 ἀλλότριος*
2657 1733 2829 1787 ἐδόκει
2849 1734 2907 1787 δὲ
2927 1734 3257 1804 λογιστεύειν
3273 1733 3390 1805 (12)
3414 1733 3483 1787 τὰ
3508 1731 3655 1788 κατὰ

1988 1814 2030 1873 Β
2058 1826 2158 1897 τὴν
2196 1825 2370 1880 πόλιν.

2532 1895 2542 1917 ‘
2593 1915 2988 1970 KseAAAtoN
3025 1917 3095 1969 Γο.

2087 2009 2227 2078 Περὶ
2261 2010 2369 2063 τοῦ
2405 2010 2532 2064 κατ’
2589 2011 2955 2080 Ἀντιόχειαν
2990 2008 3329 2079 νεοπαγοῦς
3361 2007 3614 2073 ξοάνου.

2127 2172 2360 2225 Πλεῖστα
2391 2171 2435 2225 δ’
2463 2166 2557 2224 οὖν
2597 2166 2752 2235 οὗτος
2789 2169 2914 2224 καθ’
2957 2170 3114 2241 ἡμῶν
3147 2170 3653 2243 στρατευσάμενος,

2054 2264 2148 2318 καὶ
2178 2264 2358 2317 πάντα
2381 2263 2582 2335 τρόπον
2610 2262 2738 2325 τοὺς
2762 2262 3085 2333 ἡμετέρους,
3126 2262 3316 2332 ὣσπερ
3345 2262 3503 2324 τινὰς
3534 2260 3652 2331 φῶ·-

2057 2371 2158 2426 ρας
2191 2353 2470 2417 ἀνοσίους,
2511 2356 2575 2406 ὲκ
2611 2353 2794 2423 μυχῶν
2830 2352 3091 2423 θηρεῦσαι
3126 2352 3214 2406 διὰ
3260 2351 3505 2421 σπουδῆς
3551 2368 3654 2406 πε-

2052 2444 2367 2515 ποιημένος,
2402 2443 2581 2497 πάντα
2611 2460 2672 2496 τε
2711 2443 2803 2496 ἐπὶ
2836 2442 3057 2514 διαϐολῇ
3092 2445 3185 2497 καὶ
3224 2443 3542 2515 κατηγορίᾳ
3584 2445 3655 2514 τῇ

2054 2536 2175 2590 καθ’
2220 2534 2377 2606 ἡμῶν
2414 2535 2894 2607 μεμηχανημένος,
2934 2536 3028 2591 καὶ
3062 2533 3294 2589 θανάτου
3326 2536 3503 2600 αἴτιος
3554 2551 3656 2605 μυ-

2060 2629 2196 2700 ρίοις
2243 2629 2390 2690 ὅσοις
2427 2627 2700 2695 γεγονὼς,
2736 2625 3006 2679 τελευτῶν
3050 2626 3267 2680 εἴδωλόν
3304 2644 3358 2680 τι
3399 2625 3528 2691 Διὸς
3560 2628 3657 2679 Φι-

2056 2719 2173 2773 λίου
2203 2719 2313 2789 (15)
2346 2718 2704 2788 μαγγανείαις
2730 2718 2840 2772 τισὶ
2872 2720 2966 2773 καὶ
2998 2718 3275 2789 γοητείαις
3310 2718 3485 2790 ἱδρύει
3515 2718 3654 2788 (14),

2056 2808 2280 2872 τελετάς
2318 2825 2377 2862 τε
2423 2808 2689 2876 ἁνάγνους
2721 2807 2870 2879 αὐτῷ
2915 2809 3009 2861 καὶ
3045 2808 3277 2879 μυήσεις
3311 2806 3655 2878 ἀκαλλιερή-

2056 2916 2201 2963 τους,
2226 2898 2544 2966 ἐξαγίστους
2574 2915 2633 2951 τε
2668 2898 2984 2970 καθαρμοὺς
3014 2899 3327 2968 ἐπινοήσας,
3356 2897 3529 2968 μέχρι
3560 2897 3658 2952 καὶ

369 2995 733 3061 instituisset,
780 2994 1098 3063 compositis
1134 2992 1458 3063 quibusdam
1499 2991 1738 3046 oraculis
1765 2993 1832 3046 ad
1868 2994 1948 3061 ip-

2057 2988 2322 3060 βασιλέως
2355 2990 2452 3061 τὴν
2485 2990 2772 3060 τερατείαν
2802 2990 2868 3042 δι’
2902 2983 2975 3043 ὧν
3006 2989 3180 3043 ἐδόκει
3207 2990 3479 3062 χρησμῶν
3503 2991 3659 3043 εκτε-

371 3259 534 3327 fragis
550 3266 849 3330 comparat.
878 3258 1106 3313 Eosdem
1135 3259 1187 3311 in
1216 3257 1491 3330 lihro‘vm,
1518 3256 1956 3330 πεπειραμένους

370 3331 605 3382 vocavit.
663 3329 847 3383 Possis
873 3330 1038 3383 etiam
1069 3338 1285 3383 vertere
1330 3328 1379 3382 vi
1429 3328 1953 3399 tempestatisque»

368 3399 518 3451 satis.

440 3469 516 3536 (8)
534 3466 669 3521 Οὐδ’
687 3467 872 3534 ὅλους
894 3467 991 3521 ἐπὶ
1003 3464 1201 3536 μῆνας
1213 3466 1303 3532 ἔξ.
1323 3466 1682 3523 Maximianus
1705 3467 1957 3523 Galerius

371 3548 492 3605 post
517 3540 966 3608 constitutionem
1017 3539 1187 3608 illam,
1216 3554 1378 3608 quam
1414 3553 1513 3608 pro
1543 3552 1675 3606 pace
1700 3549 1754 3592 et
1784 3539 1952 3591 liber-

372 3617 478 3662 tate
501 3606 932 3661 ChriStianorum
957 3606 1352 3670 ediderat,'nou
1376 3607 1463 3660 diu
1491 3609 1793 3676 supervixit
1820 3626 1833 3662 :
1860 3609 1953 3661 sed

372 3677 558 3743 paucis
581 3688 702 3745 post
732 3677 1034 3738 mensibus,
1064 3677 1335 3745 pestilenti
1360 3677 1584 3731 vulnere
1603 3688 1954 3743 consumptus

372 3747 597 3808 interiit,
616 3747 1188 3816 tuinappeudieelibri
1216 3760 1309 3802 vttt
1337 3746 1502 3801 refert
1526 3748 1810 3802 Eusebius.
1828 3748 1954 3814 Ejus

370 3816 535 3883 igitur
574 3827 749 3870 morte
773 3814 975 3877 audita,
1019 3814 1345 3870 Maximinus
1387 3816 1570 3871 Caesar
1611 3819 1952 3885 persecutio-

370 3900 490 3956 nem
536 3886 797 3940 adversus
845 3886 1186 3941 Christianos
1250 3889 1560 3956 reu0vavit,
1616 3901 1785 3956 seque
1837 3888 1953 3955 ipse

368 3955 669 4022 Augustum
731 3956 1088 4018 renuntiavit,
1123 3971 1243 4009 cum
1291 3955 1551 4010 hactenus
1589 3955 1768 4011 Caesar
1828 3965 1951 4010 latt-

370 4037 485 4146 ἶιιιὲ
516 4026 725 4106 fuisset,
746 4034 802 4080 et
825 4023 1025 4081 Galerii
1051 4026 1277 4096 Augusti
1309 4026 1475 4094 jussis
1514 4041 1707 4096 parere
1733 4040 1954 4082 necesse

391 4111 439 4145 ta
483 4104 667 4146 utsset.

391 4104 667 4147 inbuisset.

441 4160 517 4234 (9)
535 4164 681 4234 Ὅρά
696 4163 748 4217 δ’
770 4158 902 4218 οὖν.
918 4162 1182 4234 Ιιιροιίῑοο
1201 4163 1363 4226 Med.,
1382 4164 1519 4218 Maz.
1535 4176 1587 4217 et
1603 4154 1737 4220 Fuit.
1756 4164 1954 4234 legitur

367 4227 467 4355 avsa.
497 4227 540 4285 δ’
560 4227 673 4312 οὖν,
707 4235 849 4302 quod
874 4244 928 4289 et
955 4232 1220 4288 Gruterus
1246 4235 1298 4287 in
1327 4234 1482 4288 libris
1504 4237 1616 4289 suis
1650 4227 1947 4306 repercrat.

418 4318 450 4354 u
473 4318 524 4355 α.
555 4319 706 4355 γουν.

418 4318 524 4371 utg.
555 4319 706 4371 γουν.

441 4370 554 4440 (10)
581 4372 775 4437 Αὐτὸς
812 4370 1002 4437 ἑαυτῷ
1035 4372 1164 4426 καθ’
1195 4371 1367 4439 ἡμῶν
1386 4373 1796 4440 πρεσϐεύεταιι
1830 4373 1953 4429 Ele-

368 4455 505 4510 gaus
528 4442 746 4508 locutio,
769 4458 929 4510 quam
963 4457 1068 4495 non
1106 4443 1371 4495 intellexit

370 4523 470 4563 nec
491 4509 799 4568 Muscnlus.’
823 4511 1143 4565 Maximinus
1172 4513 1456 4565 submissis
1483 4509 1804 4581 quibusdam
1846 4515 1947 4566 im-

368 4580 555 4700 probis
610 4582 940 4641 hominibus,
990 4581 1377 4634 sollicitaverat
1431 4580 1844 4645 Antiochenscs,
1892 4594 1952 4636 ut.

389 4659 576 4700 enatos
608 4653 673 4700 ad
709 4651 1026 4700 comitatum
1056 4651 1350 4700 mittet-ent.
1391 4653 1657 4700 petituros
1688 4652 1758 4700 ab
1788 4668 1869 4700 se-
1894 4662 1952 4700 ut

389 4659 576 4721 egatos
608 4653 673 4703 ad
709 4651 1026 4705 comitatum
1056 4651 1350 4711 mittet-ent,
1391 4653 1657 4721 petituros
1688 4652 1758 4706 ab
1788 4668 1869 4714 se,
1894 4662 1953 4707 nt

367 4718 712 4790 Christianos
734 4734 926 4775 omnes
952 4736 1017 4773 ex
1041 4722 1172 4773 urbe
1196 4718 1405 4789 ejicere
1424 4723 1553 4790 ipsis
1586 4722 1793 4776 liceret.
1844 4722 1950 4773 Ita-

369 4803 475 4855 que
506 4788 863 4851 Maximinus,
892 4790 981 4857 qui
1014 4793 1149 4842 hanc
1176 4788 1498 4856 legationem
1536 4793 1947 4853 subornat-erat,

371 4871 496 4929 vere
516 4860 623 4913 dici
648 4860 821 4929 potuit
849 4859 964 4929 ipse
1011 4861 1076 4911 ad
1113 4874 1236 4913 sese
1279 4860 1601 4929 legationem
1640 4863 1869 4924 misisse,
1897 4872 1951 4913 et

370 4928 530 4994 legati
582 4927 805 4981 munere
841 4927 1058 4981 functus
1104 4929 1290 4983 luisset
1335 4927 1432 4983 Est
1461 4931 1623 4982 etiam
1656 4931 1742 4983 hic
1773 4941 1950 4983 trans-

368 4998 564 5061 positio
588 4999 869 5050 verborum
900 4996 1181 5051 familiaris
1206 4999 1456 5053 Eusebio.
1479 5000 1605 5053 Haec
1625 5002 1766 5054 enim
1787 4999 1950 5052 verba

366 5066 456 5118 διά
479 5082 639 5118 τινων
670 5064 920 5135 πονηρῶν
952 5065 1255 5137 ἀνθρώπων
1288 5070 1566 5123 referenda
1593 5079 1720 5123 sunt
1753 5069 1822 5123 ad
1856 5084 1950 5122 vo-

367 5150 483 5205 cem
521 5137 901 5205 παρορμήσας-

438 5204 549 5274 (11)
586 5203 943 5272 Κάὶέτέροις
977 5203 1046 5257 δὲ
1079 5206 1258 5261 ταὺτὸ
1291 5206 1641 5263 ὑποϐαλεῖν.
1678 5207 1801 5261 llaec
1823 5224 1945 5261 cum

368 5275 809 5330 antecedentibus
858 5280 1152 5330 cunnexnit
1197 5279 1744 5343 Christophursonus.
1785 5277 1945 5330 Nice-

369 5344 569 5416 phorus
594 5346 795 5416 legit:
835 5346 944 5399 Καὶ
984 5345 1189 5416 ἑτέροις
1235 5346 1293 5399 δὲ
1329 5348 1494 5401 ταὺτὸ
1525 5348 1811 5402 ὑποὸαλὼν
1837 5348 1947 5399 δια-

366 5409 693 5483 πράξασθαί
729 5414 901 5482 Quam
949 5409 1271 5479 scripturam
1321 5432 1541 5473 secutus
1581 5434 1704 5474 esse
1735 5420 1947 5473 videtur

365 5481 615 5558 lt‘nliuus,
641 5488 732 5558 qui
753 5486 843 5558 ita
876 5487 1037 5558 vertit
1080 5502 1107 5558 :_
1136 5505 1151 5536 t
1185 5488 1367 5541 Sedet
1399 5489 1533 5542 alios
1565 5505 1660 5555 per
1700 5489 1942 5558 singulas

366 5552 613 5628 civitates
645 5555 1234 5628 similiterdeterrimos
1256 5559 1403 5612 cives
1427 5560 1492 5611 ad
1531 5552 1707 5614 simile
1732 5552 1941 5612 facinus

369 5621 609 5685 impellit.
634 5642 653 5673 ι
681 5622 813 5678 Vide
839 5633 1000 5693 caput
1019 5624 1053 5676 4
1085 5622 1243 5691 hujus
1275 5628 1415 5692 libri,
1444 5630 1532 5683 ubi
1557 5631 1748 5684 eadem
1776 5632 1942 5683 verba

368 5699 702 5753 repetuntur.

439 5758 550 5827 (l2)
589 5761 981 5827 Λογίστεύειν.
1010 5760 1241 5832 Logista:
1298 5768 1610 5823 dicebantur
1659 5786 1687 5822 ιι
1735 5768 1938 5825 Graecis

1453 4445 1947 4539 Ιιτίειιοριιριιεοιιιιε,
1982 4484 2025 4539 D

2058 3268 2337 3312 curatores
2361 3257 2659 3311 civitatum.
2708 3255 2856 3311 Unde
2902 3255 3235 3323 λογιστεύειν
3264 3265 3347 3310 est
3372 3259 3656 3311 curatoris

2056 3326 2229 3401 cilicio
2264 3324 2433 3401 fungi.
2468 3327 2830 3401 l’ltjl_0s'_tratus
2861 3325 2914 3401 in
2953 3328 3135 3401 ἕξεσιν
3156 3326 3407 3401 sophista
3441 3328 3656 3401 :_‘Av‘qp

2057 3394 2291 3460 ὕπατος,
2329 3394 2499 3467 ὄνομα
2548 3394 2925 3467 Ῥοῦφος,τοὺς
2959 3397 3315 3467 Σμυρναίους
3338 3394 3656 3465 ὲλογίστευὶ

2058 3466 2269 3538 πικρῶς
2294 3467 2389 3519 καὶ
2415 3464 2748 3537 δυστρόπως,
2774 3476 2879 3518 etc.
2910 3467 2968 3538 Id
2992 3464 3116 3521 est:
3150 3485 3169 3517 ι
3209 3464 3381 3520 Rufus
3397 3464 3653 3535 quidam.

2058 3537 2140 3590 vir
2164 3536 2476 3591 consularis
2495 3575 2512 3596 ,
2545 3536 2764 3590 curator
2784 3545 2902 3588 erat
2937 3536 3367 3606 Smyrnaeorum,
3412 3548 3466 3592 et
3505 3538 3564 3592 in
3591 3554 3656 3592 eo

2057 3623 2280 3661 munere
2302 3607 2557 3661 acerbum
2602 3619 2659 3660 se
2692 3620 2756 3658 ac
2808 3621 3083 3660 morosum
3123 3607 3421 3674 praebebat.
3447 3625 3469 3660 ι
3522 3608 3657 3662 Vide

2055 3693 2175 3746 qua:
2208 3676 2421 3800 5tttiotavi
2493 3674 2561 3729 ad
2632 3674 2833 3729 librum
2893 3688 2984 3730 xtv
3052 3677 3232 3730 Amm.
3304 3675 3652 3740 Marcellini.

2056 3762 2176 3800 nae.
2283 3784 2298 3800 .

2091 3762 2176 3801 au.
2208 3747 2298 3801 56.

2055 3762 2400 3887 pagis?sz
2423 3815 2655 3869 Φιλίου.
2685 3812 2845 3887 iovis
2870 3813 3023 3870 Philii
3052 3815 3655 3887 templumAntiochias

2055 3882 2316 3957 memorat
2374 3885 2627 3941 Julianus
2682 3886 2734 3938 itt
2785 3882 3149 3957 Misopogone,
3169 3882 3226 3939 et
3276 3885 3649 3951 Libattius,ui

2054 3955 2235 4019 fallor,
2283 3957 2336 4009 in
2367 3957 2680 4008 Antiochico

2123 4025 2237 4092 (t4)
2284 4026 2598 4093 Γοητείαις
2652 4024 2858 4093 ἱδρύει.
2915 4024 3094 4080 Varia;
3148 4034 3309 4080 erant
3355 4024 3653 4093 gentiiium

2054 4096 2394 4149 cmrctnonia:
2439 4097 2489 4149 in
2520 4095 2795 4162 erigeudis
2836 4094 3060 4149 deorum
3117 4094 3453 4149 simulacris.
3511 4094 3650 4149 Aliis

2053 4165 2197 4219 enim
2255 4165 2448 4219 ritibus
2500 4163 2711 4233 Jupiter
2756 4165 2990 4233 Ctesins.
3048 4165 3168 4218 aliis
3212 4163 3473 4224 lli-rceus.
3529 4165 3651 4217 aliis

2053 4234 2259 4289 Philius
2286 4232 2732 4289 consecrabatur.
2786 4236 2863 4286 Ac
2889 4232 3097 4301 Jupiter
3135 4235 3352 4302 quidem
3403 4234 3646 4295 Ctesius.

2054 4305 2207 4373 cujus
2237 4305 2585 4357 simulacrum
2646 4304 2698 4356 iu
2735 4304 2887 4357 cellis
2922 4304 3162 4370 penariis
3208 4302 3508 4373 habebant,
3560 4318 3650 4355 cad

2054 4372 2206 4428 diSco
2237 4374 2614 4430 dedicabatur.
2647 4373 2826 4425 llitnm
2858 4372 3290 4427 consecrationis
3326 4372 3503 4427 refert
3537 4373 3649 4427 Att-

2056 4444 2267 4499 ticlides
2317 4446 2370 4498 in
2424 4440 2805 4512 Ἐξηγητικῷ,
2839 4442 2890 4496 id
2940 4452 3045 4508 est,
3099 4444 3152 4495 itt
3186 4441 3319 4512 libro
3352 4440 3431 4494 De
3458 4444 3647 4512 ritibus

2052 4514 2217 4567 sacris
2247 4514 2385 4579 apud
2410 4511 2750 4575 Athenaeum,
2780 4515 2830 4566 in
2862 4512 2954 4567 lib.
2987 4528 3064 4576 xt,
3099 4527 3220 4581 cap.
3253 4511 3306 4565 6.
3334 4511 3647 4564 Simulacrzt

2053 4592 2233 4636 autem
2266 4583 2419 4636 Jovis
2463 4582 2652 4635 llercci
2697 4597 2822 4635 cum
2847 4582 2974 4637 ollis
3007 4583 3496 4638 consecrabantur.
3526 4582 3649 4637 Ario

2052 4654 2346 4723 stephaues
2380 4654 2430 4723 iu
2468 4652 2838 4723 Danaidihus;
2890 4673 2897 4678 -

2225 4720 2593 4792 Μαρτύρομαι
2631 4721 2689 4792 δὲ
2719 4717 2886 4792 Ζτάὸς
2924 4718 3168 4792 Ἑρκείου
3199 4717 3426 4792 χύτρας,

2226 4736 2593 4845 ἓῖαὗξτυρομαι
2631 4736 2687 4773 οε
2714 4736 2886 4819 fago;
2929 4736 3168 4805 'tspacatou
3199 4736 3426 4842 χυτρας,

2285 4810 2332 4868 ε-
2388 4808 2476 4868 ων.
2498 4793 2527 4843 ὁ
2557 4790 2734 4868 βωμὸς
2761 4807 2914 4868 ουτος
2946 4790 3295 4868 ιδρυνθη-ποτ
3329 4827 3345 4840 .
3541 4857 3553 4868 ⁹

2050 4860 2251 4915 Eodem
2286 4864 2395 4915 ritu
2434 4860 2682 4915 Mercurii
2732 4870 2786 4913 et
2838 4860 3069 4913 aliorum
3137 4860 3428 4913 simulacra
3472 4860 3648 4925 erige-

2050 4934 2177 4985 hattt
2207 4948 2219 4982 :
2250 4933 2411 4998 idque
2450 4931 2701 4985 dicebant
2754 4932 2979 5001 χύτραις
3014 4929 3236 5001 ἱδρύειν,
3292 4926 3478 5001 lumbis
3523 4927 3646 4980 ollis

2051 5003 2253 5069 pultem
2279 4996 2375 5053 aut
2399 5003 2666 5070 legumina
2692 4996 3096 5070 co'tjue‘baut,e—x
3122 4999 3319 5070 quibus
3345 4996 3643 5070 libamenta

2049 5068 2154 5125 diis
2202 5088 2229 5124 ιι
2277 5086 2339 5125 se
2394 5068 2728 5125 Consecratis
2776 5068 3157 5132 'oll'erebantf
3207 5068 3259 5121 in
3321 5068 3642 5120 memoriam

2048 5141 2216 5210 prisci
2284 5142 2474 5210 victus.
2544 5149 2600 5193 et
2661 5140 2921 5210 antiquze
2967 5137 3316 5210 frugalitatis.
3386 5135 3544 5202 Quod
3598 5134 3643 5188 si

2050 5209 2248 5263 numen
2286 5224 2447 5263 suum
2508 5209 2805 5278 impensius
2844 5209 3025 5263 colere
3062 5209 3282 5278 vellent,
3345 5215 3467 5278 tum,
3503 5219 3640 5278 causa

2050 5281 2268 5333 victima
2301 5281 2449 5333 illius
2499 5275 2846 5333 simulacrum
2874 5278 3182 5347 erigebant.
3233 5275 3387 5347 Quod
3418 5277 3644 5347 diceba-

2050 5360 2137 5401 tur
2169 5349 2372 5420 ίδρύειν
2404 5350 2608 5420 ἱερείῳ,
2641 5359 2699 5403 ιιι
2731 5352 2899 5420 docet
2920 5344 3313 5420 Aristophanes
3359 5346 3435 5420 in_
3461 5344 3639 5406 huc,

2046 5414 2274 5488 ejusque
2314 5414 2653 5485 scitot'tasies,
2684 5436 2809 5488 pag.
2845 5417 2970 5473 695.
2996 5414 3153 5472 Adde
3176 5414 3398 5488 Snidam
3428 5417 3480 5466 in
3509 5427 3643 5488 vace

2046 5486 2264 5544 κανοῦν.
2296 5489 2507 5544 Praeter
2534 5491 2629 5543 has
2657 5486 3010 5543 caeremonias
3045 5488 3334 5540 utebantur
3366 5486 3641 5539 interdum

2047 5562 2301 5634 magicis;
2331 5561 2832 5634 consecrationibus
2847 5597 2873 5634 ,_
2933 5556 3388 5634 quemadmodum
3399 5628 3407 5634 _
3435 5551 3641 5634 "Theo.

2048 5623 2235 5683 tectius
2276 5628 2466 5686 fecisse
2492 5630 2690 5685 dicitur
2737 5629 2791 5683 in
2830 5623 3122 5683 simulacro
3158 5624 3311 5682 lovis
3350 5623 3508 5679 Philii
3547 5625 3643 5675 de“

2044 5702 2271 5757 dicatth
2287 5742 2300 5757 .
