3858 6260
216 320 309 374 $.05
1179 312 1530 369 HISTORUE
1573 313 2132 370 ECCLESIASTIC/E
2172 315 2300 370 LIB.
2344 317 2435 372 IX.

3345 321 3448 375 8116

220 440 336 497 λεῐν,
384 433 748 486 ἐπεδείκνυτο·
790 433 881 486 καὶ
918 433 981 503 δὴ
1030 427 1182 497 οὗτος
1232 434 1492 506 κολακείᾳ
1543 438 1609 506 τῇ
1644 434 1756 488 καθ’

1875 452 1993 489 sum
2021 451 2190 505 usque
2217 437 2604 506 imperatorein
2640 439 3036 508 prarstigiarum
3072 455 3294 494 suarum
3323 457 3449 509 spe-

215 528 384 599 ηδονῆν
415 525 503 578 τοῦ
533 523 855 594 κρατοῦντος
876 565 889 586 ,
929 527 1205 595 ἐπεγείρει
1252 527 1393 578 κατὰ
1425 525 1766 596 Χριστιανῶν

211 622 290 676 τὸν
317 619 556 691 ᾂαίμονα,
591 617 798 669 καὶτὸν
833 616 953 669 Οεὸν
983 617 1046 687 δὴ
1079 616 1330 669 κελεῦσαί
1374 635 1558 687 φησιν,
1595 619 1766 690 ὑπερ-

210 710 372 780 ορίους
407 707 504 775 τῆς
536 705 741 768 πόλεως
786 705 878 757 καὶ
910 704 1018 758 τῶν
1047 705 1190 774 ἀμφὶ
1219 704 1318 774 τὴν
1363 703 1516 756 πόλιν
1553 705 1762 774 ἀγρῶν,

209 800 275 861 ὠς
298 797 357 852 ἂν
383 794 603 865 ἐχθροὺς
628 793 775 865 αὑτῴ
804 794 1159 864 Χριστιανοὺς
1190 792 1478 847 ἀπελάσαι.

713 973 1110 1028 ΚΕΦΑΛΛῙΟΝ
1159 975 1230 1028 Δ’.

423 1066 562 1135 Περὶ
594 1065 713 1118 τῶν
743 1068 868 1119 καθ’
903 1065 1071 1134 ἡμῶν
1103 1063 1505 1134 ψηφισμάτων

663 1136 800 1206 (Nic.
830 1139 900 1190 II.
935 1137 1000 1187 Ε.
1031 1151 1145 1194 vui,
1181 1136 1296 1204 ‘25).

267 1228 439 1298 Τούτῳ
471 1229 527 1282 δὲ
561 1228 761 1300 πρώτῳ
795 1227 938 1281 κατά
971 1226 1194 1298 γνώμην
1227 1227 1513 1298 πράξαντι,
1561 1228 1758 1291 πάντες

203 1326 244 1376 οἱ
264 1323 428 1374 λοιποὶ
459 1319 566 1373 τῶν
598 1321 653 1371 ἐν
685 1319 826 1372 τέλει
858 1317 955 1381 τὰς
983 1318 1086 1370 ὑπὸ
1119 1318 1216 1389 τὴν
1249 1319 1416 1390 αὐτὴν
1445 1318 1618 1390 ἀρχὴν
1665 1319 1760 1372 πό-

202 1415 300 1477 λεις
333 1412 622 1475 οἰκοῦντες,
657 1411 754 1482 τὴν
787 1410 978 1481 ὁμοίαν
1007 1408 1274 1480 ὡρμῶντο
1302 1409 1481 1480 ψῆφον
1527 1411 1759 1482 ποιήσα-

202 1505 332 1567 σθαι,
360 1503 652 1574 προσφιλὲς
682 1502 726 1554 δ’
755 1498 893 1554 εἶναι
927 1501 1036 1572 (15)
1067 1501 1224 1553 τοῦτο
1260 1501 1469 1571 βασιλεῖ
1498 1502 1603 1554 τῶν
1637 1504 1757 1555 κατ’

199 1593 444 1664 ἐπαρχίαν
477 1590 761 1662 ἡγεμόνων
808 1590 1265 1661 συνεωρακότων,
1311 1590 1406 1642 καὶ
1444 1590 1586 1643 τοῦτ’
1628 1591 1759 1645 αὐτὸ

198 1682 578 1753 διαπράξασθαι
620 1684 731 1744 τοῖς
765 1682 1024 1752 ὑπηκόοις
1055 1677 1519 1752 ὑποϐεϐληκὸτων.
1565 1675 1664 1734 Ὧν
1692 1683 1756 1752 δὴ

197 1775 279 1826 καὶ
325 1772 499 1826 αὐτῶν
541 1775 656 1836 τοῖς
701 1773 1016 1842 ψηφίσμασι
1071 1772 1138 1825 δι’
1194 1773 1534 1842 ἀντιγραφῆς
1588 1774 1759 1843 ἀσμε-

200 1866 406 1918 νέστατα
434 1865 820 1926 ἐπινεύσαντος
854 1863 946 1916 τοῦ
977 1865 1262 1935 τυράννου,
1305 1862 1460 1927 αὖθις
1488 1865 1546 1929 ἐξ
1583 1866 1759 1936 ὑπαρ-
1794 1849 1832 1900 Β

196 1956 282 2023 χῆς
308 1956 333 2004 ὁ
371 1954 488 2006 καθ’
529 1954 687 2024 ἡμῶν
726 1953 1053 2023 ἀνεφλέγετο
1085 1954 1342 2024 διωγμός.
1403 1955 1588 2023 Ἱερεῖς
1619 1953 1751 2024 δῆτα

196 2045 318 2097 κατὰ
355 2045 505 2097 πόλιν
543 2044 656 2098 τῶν
699 2045 922 2111 ξοάνων,
962 2046 1056 2098 καὶ
1101 2047 1194 2098 ἐπὶ
1226 2045 1436 2109 τούτοις
1478 2047 1754 2118 ἀρχιερεῖς

194 2139 314 2209 πρὸς
352 2137 512 2190 αὐτοῦ
543 2138 855 2207 Μαξιμίνου
898 2137 1039 2208 (16),
1085 2140 1134 2190 οἱ
1177 2139 1409 2209 μάλιστα
1447 2143 1566 2204 ταῖς
1599 2141 1750 2195 πολι-

195 2231 344 2292 τείαις
361 2229 760 2300 διαπρέψαντες
785 2230 878 2283 καὶ
905 2229 993 2282 διὰ
1021 2229 1208 2282 πασῶν
1241 2230 1437 2295 ἔνδοξοι
1475 2223 1756 2303 γενόμενοι

193 2321 522 2374 καθίσταντοο
559 2314 642 2383 οἷς
674 2321 768 2373 καὶ
793 2319 960 2390 πολλή
993 2338 1077 2382 τις
1109 2322 1359 2390 εἰσήγετο
1390 2323 1592 2394 σπουδὴ
1628 2325 1755 2395 περὶ

193 2411 274 2481 τὴν
299 2411 400 2462 τῶν
432 2411 890 2482 Θεραπευομένων
933 2411 1070 2481 πρὸς
1110 2411 1290 2464 αὐτῶν
1329 2411 1644 2482 Ορησκείαν.
1690 2415 1753 2466 Ἡ

196 2503 303 2570 γοῦν
324 2503 549 2566 ἔκτοπος
587 2505 698 2573 (17)
722 2502 812 2555 τοῦ
842 2502 1167 2574 κρατοῦντος
1188 2502 1594 2574 δεισιδαιμονία,
1633 2521 1753 2558 συν-

190 2593 341 2646 ελόντι
382 2594 577 2663 φάναι,
625 2593 835 2655 πάντας
885 2593 1009 2653 τοὺς
1057 2591 1150 2643 ὑπ’
1193 2591 1356 2644 αὑτὸν
1400 2592 1666 2663 ἄρχοντάς
1693 2609 1752 2646 τε

189 2682 270 2734 καὶ
304 2683 641 2752 ἀρχομένους
666 2684 746 2744 εἰς
774 2681 869 2752 τὴν
908 2681 1070 2734 αὐτοῦ
1099 2681 1256 2751 χάριν
1288 2682 1465 2735 πάντα
1496 2683 1752 2753 πράττειν

188 2773 293 2826 καθ’
321 2773 475 2843 ἡμῶν
507 2774 704 2843 ἐνῆγε,
732 2773 932 2842 ταύτην
965 2772 1112 2842 αὑτῷ
1147 2774 1303 2844 χάριν
1347 2774 1608 2845 μεγίστην
1637 2775 1752 2828 ἀνθ’

188 2859 250 2916 ὧν
277 2865 515 2935 ἐνόμιζον
562 2867 697 2936 πρὸς
731 2865 894 2918 αὐτοῦ
937 2864 1219 2931 τεύξεσθαι
1246 2864 1572 2936 εὐεργεσιῶν
1611 2867 1755 2919 ἀντι-

190 2955 542 3026 δωρουμένων,
590 2957 654 3008 τὸ
705 2955 825 3009 καθ’
871 2956 1029 3025 ἡμῶν
1082 2957 1277 3027 φονᾷν,
1325 2956 1417 3008 καί
1481 2974 1634 3020 τινας
1681 2959 1761 3021 εἰς

191 3047 321 3116 ἡμᾶς
347 3048 670 3119 καινοτέρας
695 3047 1024 3118 κακοηθείας
1049 3047 1441 3101 ἐνδείκνυσθαι.

1872 526 2050 580 cimeii
2103 527 2298 581 detulit
2324 568 2339 591 .
2398 528 2652 596 foedaque
2684 529 2990 584 adulatione
3041 531 3298 600 principis
3323 548 3447 601 gra-

1875 618 2005 670 tiam
2038 629 2264 686 captans
2288 660 2303 685 ,
2341 620 2642 673 daemonem
2674 624 2936 675 adversus
2969 621 3311 676 Christianos
3342 624 3445 678 sti-

1872 711 2073 776 mulat,
2119 712 2326 781 lingens
2388 713 2546 766 deum
2591 713 2785 783 jubere
2819 723 2874 767 ut
2909 714 3222 779 Christiani,
3250 715 3444 784 quippe

1869 806 1958 872 qui
1990 804 2173 858 hostes
2213 805 2295 858 sui
2327 814 2536 872 essent,
2576 808 2710 861 urbe
2754 808 3011 877 omnique
3039 808 3313 863 territorio
3341 808 3427 878 pel

1871 894 2128 949 lereutur.

2370 987 2534 1056 350
2579 987 2807 1044 CAPUT
2851 988 2934 1042 IV.

2013 1077 2086 1130 De
2113 1077 2332 1131 decretis
2367 1078 2638 1132 civitatum
2668 1081 2918 1134 adversus
2944 1077 3299 1134 Christianos.

1941 1232 2062 1287 llzec
2090 1249 2209 1287 cum
2243 1235 2316 1287 illi
2347 1252 2411 1290 ex
2455 1239 2722 1292 sententia
2776 1239 3213 1302 successissent,
3250 1239 3438 1309 reliqui

1866 1325 2121 1391 deinceps
2148 1328 2498 1396 magistratus
2542 1329 2632 1398 qui
2667 1331 2917 1386 civitates
2947 1331 3225 1385 Maximini
3265 1333 3438 1400 impe-

1866 1415 1948 1469 rio
1995 1416 2272 1486 subjectus
2319 1418 2666 1485 incolebant,
2716 1422 2853 1475 idem
2900 1437 3116 1492 quoque
3146 1422 3437 1476 decernere

1867 1507 2254 1575 instituerunt;
2306 1507 2438 1580 ipsis
2472 1513 2632 1566 etiam
2667 1513 3077 1580 provinciarum
3121 1511 3438 1582 praesidibus

1865 1597 1954 1665 qui
1994 1599 2043 1651 id
2071 1609 2288 1667 gratum
2323 1616 2442 1656 esse
2471 1606 2783 1672 imperatori
2819 1614 3232 1674 perspexerant,
3258 1603 3445 1658 subdi-

1867 1697 1946 1742 tos
1974 1705 2161 1746 omnes
2193 1702 2248 1746 ut
2293 1694 2432 1748 idem
2469 1695 2714 1750 facerent
2767 1697 3236 1750 submouentibtis.
3295 1696 3438 1761 Quo.

1865 1797 1981 1833 ruin
2011 1782 2245 1837 decretis
2267 1801 2388 1839 cum
2428 1794 2690 1858 tyrannus
2726 1788 2853 1842 dato
2884 1789 3149 1856 rescripto
3194 1788 3439 1842 libentis-

1859 1873 1994 1925 sime
2023 1875 2350 1940 annuisset,
2395 1893 2582 1932 rursus
2630 1880 2894 1934 adversus
2931 1891 3148 1934 nostros
3179 1881 3440 1934 recrude-

1861 1968 2016 2015 s’cere
2050 1964 2217 2032 cmpit
2271 1969 2675 2033 persecutionis
2731 1969 2905 2025 furor.
2950 1968 3226 2026 Flauiiues
3259 1972 3442 2040 itaque

1860 2051 2274 2107 simulacrorum
2317 2055 2368 2108 in
2403 2057 2632 2126 singulis
2663 2061 2888 2115 urbibus
2915 2103 2929 2126 ,
2960 2079 3022 2119 ac
3053 2080 3315 2133 praeterea
3350 2089 3440 2128 sa-

1859 2145 2113 2200 cerdotes
2143 2147 2211 2200 ab
2244 2146 2362 2215 ipso
2391 2148 2686 2204 Maximino
2715 2155 2999 2208 ceizstituti
3036 2169 3161 2212 sunt
3185 2201 3198 2221 ,
3250 2163 3282 2216 ii
3331 2181 3441 2218 ma-

1862 2235 2006 2289 xime
2047 2238 2138 2305 qui
2194 2239 2244 2292 iti
2283 2240 2513 2309 publicis
2568 2241 2932 2299 functiouibtis
2978 2249 3244 2306 obeundis
3288 2268 3436 2307 suni-

1863 2341 2005 2378 main
2037 2327 2260 2395 gloriam
2309 2333 2454 2384 inter
2498 2337 2649 2387 cives
2677 2350 2807 2389 suos
2837 2353 2875 2388 ri
2899 2338 3169 2394 tulissent.
3201 2341 3262 2395 lli
3311 2359 3441 2412 ergo

1863 2417 1914 2470 in
1951 2417 2253 2474 incolendis
2286 2424 2599 2479 numinibus
2624 2426 2738 2480 suis
2774 2427 3001 2480 multum
3042 2432 3206 2484 studii
3251 2449 3314 2486 ac
3349 2436 3436 2486 di-

1862 2506 2097 2574 ligentia:
2119 2511 2502 2568 adhibuerunt.
2533 2515 2775 2586 Denique
2805 2517 3022 2572 insolita
3051 2529 3107 2574 et
3129 2523 3440 2592 prodigiosa
3529 2581 3534 2588 ,

1859 2600 2124 2669 principis
2170 2605 2495 2673 superstitio
2519 2645 2534 2671 ,
2585 2617 2839 2673 cunctos,
2883 2617 2940 2662 ut
2975 2610 3210 2665 breviter
3241 2614 3438 2678 dicam,

1861 2689 2027 2757 ipsius
2083 2693 2440 2749 dominationi
2496 2698 2773 2766 subjectos
2825 2709 2931 2753 tam
2986 2703 3226 2768 privatos
3277 2720 3438 2774 quam

1862 2783 2210 2850 magistratus
2257 2801 2321 2839 eo
2367 2788 2642 2856 perpulit,
2687 2800 2748 2844 ut
2793 2791 2845 2845 in
2892 2793 3007 2861 ejus
3041 2796 3270 2862 gratiam
3310 2797 3441 2850 nihil

1863 2887 1967 2925 non
2015 2886 2238 2940 agerent
2289 2878 2550 2931 adversus
2601 2891 2864 2934 nostros:
2907 2891 2960 2936 et
3012 2899 3110 2951 pro
3159 2884 3441 2938 beneliciis

1860 2977 1980 3031 quae
2023 2979 2082 3018 se
2108 2965 2177 3020 ab
2211 2965 2301 3020 illo
2341 2979 2736 3025 consecuturos
2763 2987 2883 3026 esse
2931 2975 3266 3042 sperabant,
3302 2977 3438 3029 nihil

1862 3054 2068 3122 gratius
2100 3057 2402 3125 rependere
2437 3073 2495 3112 se
2522 3074 2680 3128 posse
2719 3063 2974 3116 crederet
3003 3103 3018 3129 ,
3049 3081 3214 3134 quam
3262 3068 3305 3120 si
3337 3082 3440 3120 ea:-

191 3149 274 3200 dcs
307 3155 610 3199 nostrorum
642 3153 940 3213 patrareut,
964 3153 1018 3197 et
1039 3159 1182 3198 nova
1217 3143 1460 3213 quaedam
1489 3143 1752 3199 adversus
1780 3157 1994 3203 nostros
2035 3148 2283 3206 fraudum
2309 3162 2472 3222 atque
2495 3155 2815 3209 insidiarum
2852 3172 3051 3228 genera
3073 3169 3439 3218 ostentarent.

706 3263 1100 3316 ΚΕΦΑΛΑΙΟΝ
1143 3253 1217 3316 E'.

349 3357 485 3424 Περὶ
521 3355 646 3409 τῶν
668 3353 1066 3426 ,ἐπιπλάστων
1103 3357 1547 3426 ὑπομνημάτων

636 3425 776 3494 (Nic.
809 3428 881 3478 Η.
904 3427 968 3477 Ε.
1013 3440 1106 3489 VII,
1132 3425 1260 3495 28).

252 3519 590 3590 Πλασάμενοι
627 3518 762 3587 δῆτα
797 3515 1027 3570 Πιλάτου
1067 3518 1161 3570 καὶ
1199 3517 1292 3571 τοῦ
1325 3520 1572 3590 Σωτῆρος
1599 3525 1630 3593 ή
1642 3522 1756 3592 μῶν

189 3611 538 3680 ὑπομνήματα
567 3609 704 3679 (18),
748 3607 928 3678 πάσης
970 3608 1180 3678 ἔμπλεα
1209 3611 1352 3663 κατὰ
1391 3611 1486 3664 τοῦ
1519 3615 1754 3685 Χριστοῦ

190 3702 539 3774 βλασφημίας,
591 3700 785 3772 γνώμῃ
834 3699 928 3753 τοῦ
984 3701 1229 3771 μείζονος
1275 3703 1384 3776 (19)
1435 3706 1527 3758 ἐπὶ
1576 3709 1754 3762 πᾶσαν

263 3847 366 3916 (l5)
438 3843 784 3916 Hpocgilég
849 3842 901 3895 δ’
955 3836 1128 3898 εἶναι.

189 3912 462 3988 προσφιλές
482 3912 561 3984 ίγε
595 3912 754 3988 εἶναι.

251 3982 354 4058 (“ll
384 3982 704 4058 Ἀρχιερεῖς
731 3982 1086 4058 πρὸς-αὐταῦ
1108 3984 1459 4058 Μαξιμίνοι).
1497 3986 1762 4042 Sacerdos

189 4055 810 4126 provinciazﬂsullragiis
865 4055 1216 4126 decurionum
1271 4055 1581 4119 creabatur,
1615 4059 1760 4126 iique

191 4129 515 4194 potissimum
543 4127 612 4179 ad
643 4125 902 4177 honorem
931 4124 1218 4194 sacerdotii
1280 4124 1755 4192 promovebantur,

191 4200 269 4266 qui
318 4198 572 4266 omnibus
606 4195 801 4266 curia:
858 4193 1170 4266 muneribus
1222 4194 1437 4266 egregie
1488 4195 1757 4266 perfuncti

191 4263 379 4328 essent,
409 4275 466 4318 ut
511 4265 711 4334 legitur
741 4264 792 4315 iii
837 4263 1021 4316 codice
1071 4263 1466 4334 Tlieodosiano,
1498 4265 1652 4319 titulo
1695 4267 1760 4319 de

190 4333 587 4391 decurionibus.
612 4334 663 4386 Id
697 4347 824 4400 ergo
851 4342 908 4384 nt
947 4348 1141 4386 norum
1182 4342 1233 4386 et
1271 4333 1578 4386 inusitatum
1611 4345 1762 4390 notat

193 4407 455 4467 Eusebius,
488 4405 634 4472 quod
673 4401 994 4456 Maximinus
1045 4403 1158 4470 ipse
1204 4402 1512 4458 sacerdotes
1542 4405 1759 4474 provin-

191 4479 277 4528 ciie
301 4474 692 4539 designaverit.

254 4544 358 4616 (l7)
397 4547 707 4616 Έκτοπρς.
733 4539 916 4616 Vulg.)
941 4540 1260 4616 ἔκπτωτος.
1288 4542 1504 4616 [lectius
1555 4544 1604 4597 in
1628 4544 1751 4599 cod.

193 4611 318 4667 Med.
342 4611 416 4668 'et
450 4615 584 4668 Maz.
617 4613 844 4683 ἔκτοπος
888 4611 1100 4683 legitur.
1129 4614 1230 4683 ,δὶα
1274 4614 1435 4667 etiam
1488 4617 1752 4683 scriptum

194 4685 377 4740 habent
405 4687 576 4739 codex
620 4682 826 4736 Fuketii
865 4691 917 4734 et
956 4681 1160 4736 Savilii.

256 4756 360 4825 (18)
389 4753 722 4808 Πιλάτου...
750 4748 1260 4825 ὑπομνήματά-08
1283 4752 1477 4825 borum
1503 4752 1754 4825 Actorum

193 4822 434 4886 falSitate,
461 4826 583 4878 vide
607 4838 725 4890 qua:
748 4825 952 4876 notavit
987 4823 1246 4890 Eusebius
1283 4822 1334 4874 iii
1365 4838 1483 4888 cap.
1518 4823 1549 4874 9
1595 4824 1684 4875 lib.
1715 4839 1752 4876 i.

193 4894 500 4948 Eoruindetn
538 4889 792 4947 Actorum
838 4893 1040 4943 mentio
1096 4893 1153 4942 lit
1212 4889 1264 4943 in
1301 4891 1444 4944 Actis
1475 4893 1754 4958 pm’sidia-

193 4962 318 5018 libus
341 4965 596 5026 Taraclii,
629 4963 786 5016 Probi
811 4972 865 5014 et
886 4961 1202 5022 Andronici,
1240 4977 1360 5028 cap.
1387 4961 1441 5022 9,
1473 4963 1558 5012 tibi
1589 4961 1754 5014 Maxi-

197 5048 304 5086 mus
338 5049 535 5103 prmscs
566 5037 677 5086 hinc
711 5033 843 5085 dicit
871 5047 884 5084 :
931 5047 949 5079 ι
980 5029 1164 5103 Inique
1189 5047 1291 5084 non
1323 5032 1451 5103 scis,
1480 5045 1638 5103 quem
1671 5034 1756 5082 in-

193 5099 350 5158 vocas
370 5104 668 5165 Christum,
715 5103 987 5154 hominem
1022 5099 1239 5168 quidem
1305 5102 1492 5166 fuisse,
1555 5099 1753 5154 factum

195 5175 286 5226 sub
310 5174 552 5227 custodia
583 5172 753 5225 Potitii
780 5171 934 5224 Pilati
982 5180 1037 5222 et
1075 5169 1341 5236 punitum,
1368 5170 1521 5236 cujus
1544 5180 1758 5224 exstant

193 5245 314 5296 Acta
358 5244 644 5312 passionis.
682 5261 700 5292 ι
740 5241 908 5294 Porro
939 5240 1075 5312 haec
1113 5243 1241 5291 Acta
1276 5239 1603 5312 ριςωδὶιίίιιίὶιι
1651 5237 1758 5312 Ta-

195 5308 544 5377 ιειοὶιὶ,Ῥι·υὶ›ἰ
581 5322 632 5364 et
663 5310 1143 5378 Andronici,gesla
1162 5318 1287 5361 sunt
1321 5308 1754 5374 DiocletianolV,

192 5392 240 5436 et
277 5383 604 5438 Maximiano
637 5380 725 5441 lli,
748 5396 914 5443 coss.,
949 5389 1006 5432 ut
1042 5379 1252 5446 quidem
1287 5380 1446 5432 habet
1479 5380 1757 5444 inscriptio

196 5455 369 5518 primae
429 5451 887 5519 interrogationis.
943 5449 1018 5502 Ex
1055 5463 1159 5519 quo
1202 5446 1450 5512 ellicitiir,
1499 5449 1631 5501 Acta
1669 5449 1755 5500 illa

198 5517 341 5576 l'ilati
371 5524 459 5575 diu
487 5529 611 5573 ante
646 5517 1076 5588 persecutionem
1102 5517 1268 5588 fuisse
1291 5519 1540 5581 ceitlieta,
1563 5528 1755 5588 contra

195 5605 343 5659 qnam
374 5583 946 5646 Eusebitis'aﬂlrmare
989 5587 1198 5641 videtur
1247 5587 1348 5641 hoc
1385 5590 1520 5659 loro.
1563 5583 1760 5641 Verum

197 5658 250 5713 ut
277 5663 440 5716 libere
473 5661 652 5714 dicam
693 5661 833 5728 quod
871 5659 1066 5718 sentio,
1096 5661 1352 5728 mendosa
1389 5658 1514 5710 inihi
1547 5661 1758 5711 videtur

197 5732 466 5801 inscriptio
503 5730 592 5785 illa
631 5727 881 5782 Ariorum
933 5727 1309 5793 prwsidi‘alium
1331 5768 1350 5795 ,
1389 5729 1755 5782 scribendum-

1210 3844 1568 3901 Scribendum
1631 3861 1760 3918 puto

2486 3271 2716 3331 CAPUT
2751 3278 2814 3331 V.

2407 3369 2483 3423 De
2533 3368 2686 3438 fulsi:
2744 3371 2902 3426 actis.

1932 3522 2171 3593 Denique
2216 3537 2338 3578 cum
2375 3533 2492 3579 acta
2533 3525 2777 3592 quaidam
2815 3526 2954 3594 apud
2985 3523 3225 3580 Pilatum
3281 3543 3442 3596 super

1862 3615 2159 3670 Servatore
2193 3627 2383 3670 nostro
2419 3617 2600 3670 habita
2649 3619 3126 3685 composuissent,
3159 3617 3315 3686 plena
3352 3621 3452 3673 iiii-

1873 3708 2094 3776 pietatis
2135 3709 2400 3762 adversus
2425 3706 2706 3761 Christum
2737 3748 2751 3772 ,
2788 3721 2848 3760 ea
2881 3722 2976 3774 per
3011 3722 3200 3761 omnes
3229 3711 3442 3776 provin-

1869 3866 1973 3918 que
2010 3864 2154 3904 coss.
2191 3848 2522 3902 Diocletiano
2547 3847 2799 3918 Aug.___ix,
2849 3853 2904 3918 et
2948 3843 3285 3918 Maximiano
3325 3862 3442 3900 VIII.

1871 3915 2049 3974 Primo
2073 3919 2213 3972 enim
2245 3919 2443 3972 mentio
2487 3917 2543 3969 lit
2572 3919 2620 3968 iii
2661 3915 2763 3968 illis
2792 3916 2940 3968 Actis
2986 3915 3236 3982 praecepti
3275 3916 3444 3982 impe-

1872 3999 2131 4049 ratorum,
2155 4003 2261 4056 quo
2291 3988 2498 4041 scilicet
2522 3987 2736 4056 jussnm
2759 3995 2893 4044 erat,
2920 3992 2979 4036 ut
3001 3997 3188 4036 ouines
3215 3984 3317 4038 diis
3342 3985 3443 4037 ini—-

1870 4058 2184 4113 mortalibus
2213 4056 2603 4110 sacriﬁcarent.
2639 4057 2760 4108 lla-c
2800 4063 2979 4106 autem
3009 4064 3272 4120 priecepta
3313 4065 3442 4108 sunt

1868 4145 2011 4181 anno
2042 4128 2254 4181 decimo
2313 4140 2453 4179 neno
2501 4125 2714 4194 imperii
2766 4122 3102 4194 Diocletiani.
3158 4122 3357 4194 Deinde
3389 4124 3439 4194 in

1866 4215 1986 4263 cap.
2019 4199 2072 4263 9,
2126 4199 2237 4249 hiet:
2282 4197 2533 4263 leguntur
2577 4187 2589 4246 Ξ
2635 4213 2653 4245 ι
2697 4193 2905 4246 Przesos
2950 4188 3084 4245 dixit
3121 4209 3136 4246 :
3167 4187 3443 4263 Maledicis

1866 4262 2138 4337 principes
2171 4267 2258 4333 qui
2286 4262 2592 4337 diuturnam
2629 4274 2680 4316 et
2709 4265 2868 4314 altam
2906 4275 3090 4330 par-ein
3121 4262 3439 4329 priestitere.

1864 4335 2208 4390 Andronicus
2244 4336 2379 4388 dixit
2431 4350 2444 4384 :
2496 4335 2604 4404 Ego
2637 4343 2954 4386 CXSCCI‘HUIS
2986 4346 3104 4384 sum
3154 4342 3360 4404 pestem
3387 4343 3442 4384 et

1867 4405 2292 4473 sanguibibulos,
2345 4405 2435 4472 qui
2477 4400 2727 4457 evertunt
2797 4404 3079 4454 mundum.
3126 4420 3144 4452 i
3199 4400 3439 4454 Peruni

1786 4477 1828 4530 D
1862 4479 1987 4530 illud
2015 4477 2080 4530 de
2111 4477 2217 4527 alta
2250 4489 2314 4526 ac
2335 4477 2592 4526 diuturna
2631 4488 2782 4540 pace,
2812 4473 3105 4524 convenire
3133 4487 3238 4523 non
3267 4479 3443 4538 potest

1859 4550 1910 4601 in
1964 4555 2212 4614 quartum
2247 4545 2580 4598 consulatum
2629 4542 2977 4614 Diocletiani,
3018 4556 3141 4614 etim
3189 4555 3252 4592 eo
3300 4548 3441 4592 tein-

1856 4609 2233 4687 pore'barhatj
2275 4614 2578 4687 imperium
2623 4611 2936 4687 ltomanutn
2970 4609 3204 4687 undique
3248 4625 3438 4687 μενεῖ

1857 4679 2133 4740 Ilerentur.
2198 4679 2397 4736 Deinde
2430 4699 2534 4735 non
2587 4683 2741 4734 video
2768 4681 3037 4748 quomodo
3069 4679 3437 4746 sanguihibuli

1857 4756 1962 4810 dici
1993 4756 2202 4824 possint
2239 4753 2607 4824 Diocletianus
2659 4762 2713 4803 et
2761 4749 3145 4807 Maximianus,
3182 4749 3281 4800 nisi
3317 4762 3440 4824 post

1857 4823 2055 4880 annum
2109 4841 2200 4877 χιχ
2240 4823 2577 4886 Diocletiani,
2633 4835 2738 4888 quo
2771 4830 2947 4886 caspia
2997 4823 3440 4888 i-st‘persectiiio.

1859 4895 2081 4948 Accedit
2137 4905 2512 4965 argutiientum
2575 4886 2702 4943 illud
2755 4895 2822 4965 de
2875 4889 3030 4942 Actis
3084 4886 3266 4965 l’ilati,
3323 4902 3444 4965 qua:

1858 4965 2016 5033 liiijus
2043 4959 2436 5032 persecutionis
2484 4972 2726 5030 tempore
2773 4960 2896 5013 licta
2946 4974 3065 5014 esse
3119 4959 3285 5009 tradit
3333 4960 3440 5010 Eu-

1857 5037 2062 5088 sebins.

1929 5104 2039 5174 (19)
2067 5099 2281 5170 Γνώμη
2307 5099 2412 5154 τοῦ
2436 5097 2722 5174 μείζονος.
2755 5098 2981 5174 Ruﬁnus
3005 5099 3117 5174 haec
3141 5099 3212 5152 ita
3237 5098 3396 5174 vertit
3427 5115 3440 5151 :

1861 5169 1989 5238 Ωιὶίε
2022 5169 2150 5226 facta
2182 5169 2270 5236 per
2303 5188 2480 5224 omnes
2540 5172 2685 5233 regni
2746 5171 2829 5221 sui
2873 5171 3170 5233 provincias
3221 5169 3444 5237 prieluto

1858 5248 2026 5296 edicto
2056 5243 2194 5294 mitti
2249 5243 2512 5310 pra'cepit.
2571 5239 2749 5292 llulini
2800 5241 3446 5310 verbaAexpressisse‘vi-

1858 5315 2014 5366 detur
2050 5307 2385 5380 Niceplioi'tis
2433 5313 2482 5363 iti
2519 5311 2610 5363 lib.
2648 5324 2897 5380 γυίων..
2927 5307 3023 5380 26,
3061 5311 3138 5360 sic
3165 5309 3311 5361 enim
3341 5308 3441 5380 lia-3

1859 5384 1945 5437 bet
1979 5401 1991 5435 :
2032 5382 2154 5434 Ἐπὶ
2185 5377 2296 5451 ⁷τὴν
2327 5380 2430 5452 ὑπὸ
2475 5383 2633 5452 χεῖρα
2671 5378 2830 5452 σφῶν-
2869 5378 3287 5452 διαπέμπονται,
3349 5377 3444 5452 καί

1857 5470 2015 5523 τινων
2042 5447 2957 5523 προγρα’μμάτων’προηγουμένων.
2989 5450 3147 5499 (lerte
3177 5447 3228 5499 iii
3283 5448 3444 5523 codd.

1857 5515 2381 5576 lt‘uketii'et'b'a'vilii
2439 5515 2698 5588 sei'iptuiii
2747 5515 2828 5574 est
2859 5517 2945 5570 διὰ
2992 5515 3444 5587 προγραμμάτωι

1859 5591 2370 5664 παρακελευόμενοι,
2407 5601 2514 5645 etc.
