3858 6260
474 369 578 427 ειι

1204 362 1476 419 ECSEBII
1510 361 1984 419 CESARIENSIS
2020 364 2168 421 OPP.
2209 365 2388 421 PARS
2426 366 2467 420 I.
2504 396 2573 407 -—
2612 365 3000 422 dlSTORICA.

3606 366 3708 419 8|!

468 480 748 539 dederitis.
784 478 916 533 Nam
955 490 1109 532 antea
1147 479 1363 548 quidem
1413 479 1617 533 nemini
1665 489 1782 535 erat
1831 481 2025 536 obscu-

2136 497 2247 546 νεν,
2297 482 2373 545 ὡς
2417 462 2668 552 μέγιστον
2692 481 2892 552 δεῖγμα
2922 485 3022 552 τῆς
3063 479 3346 551 θεοφιλοῦς
3379 479 3538 549 ὐμῶν
3579 498 3715 552 προ-

469 590 586 628 rnm
619 584 821 643 quanta
868 572 1208 625 observantia
1241 587 1305 624 ac
1340 570 1598 641 religione
1643 573 1772 627 deos
1808 572 2026 626 immor-

470 663 605 719 tales
629 661 898 718 coleretis.
934 662 1141 730 Quippe
1178 662 1374 730 quibus
1405 678 1510 716 non
1545 665 1811 717 nudorum
1847 665 2031 717 etina-

470 755 617 809 nium
655 753 936 807 verborum
975 752 1149 816 ﬁdes,
1199 753 1293 805 sed
1347 754 1606 806 continua
1660 761 1716 804 et
1766 754 2027 824 stupenda

467 845 757 900 illustrium
791 844 1093 899 facinorum
1128 843 1388 897 miracula
1434 844 1824 899 iunotuissent.
1875 842 2030 900 Unde

466 948 519 990 et
547 937 740 992 civitas
764 948 944 991 vestra
978 936 1200 990 deorum
1231 936 1616 989 immortalium
1646 935 1802 991 sedes
1840 951 1905 989 ac
1936 938 2033 989 do-

467 1028 728 1083 micilium
749 1029 871 1098 jure
905 1028 1099 1082 merito
1132 1026 1450 1096 appelletur.
1491 1027 1672 1081 Multis
1697 1036 1848 1082 certe
1874 1042 2031 1095 argu-

468 1119 668 1170 mentis
718 1116 1128 1170 cvidentissime
1171 1125 1415 1185 apparet,
1448 1131 1568 1170 eam
1603 1116 1903 1172 cmlestiuut
1934 1132 2034 1170 nu-

468 1209 672 1263 minum
720 1209 949 1262 adventu
997 1222 1059 1261 ac
1108 1207 1395 1276 praesentia
1451 1205 1671 1262 ﬂorere.
1718 1206 1868 1260 Nune
1901 1220 2034 1262 vero

473 1300 667 1355 civitas
696 1309 895 1362 vestra,
937 1297 1194 1365 neglectis
1222 1298 1476 1350 omnibus
1509 1312 1627 1367 quae
1668 1298 1838 1366 ipsius
1861 1297 2033 1352 inter-

468 1407 588 1447 esse
647 1391 988 1454 videbantur,
1031 1397 1085 1443 et
1112 1388 1330 1443 omissis
1360 1388 1612 1456 precibus
1640 1403 1773 1458 quas
1808 1404 1908 1459 pro
1933 1390 2035 1444 rei-

468 1481 696 1553 publica:
733 1494 845 1535 sua:
895 1478 1122 1548 negotiis
1168 1480 1400 1534 antehac
1458 1477 1616 1532 nobis
1664 1476 1860 1534 oil'erre
1909 1494 2037 1533 con-

469 1581 759 1636 sueverat;
809 1570 899 1624 ubi
947 1570 1179 1640 primum
1237 1570 1407 1625 sensit
1463 1569 1714 1625 homines
1760 1572 2036 1624 detestan-

472 1665 556 1719 da:
622 1662 882 1718 vanitatis
963 1662 1159 1715 iterum
1228 1674 1445 1730 serpere
1519 1661 1745 1729 cmpissc
1786 1699 1801 1726 ,
1876 1659 2036 1731 353

470 1765 527 1810 et
592 1754 746 1825 quasi
817 1751 1118 1821 neglectum
1187 1765 1251 1804 ac
1306 1754 1539 1819 solutum
1594 1751 1879 1819 quemdam
1949 1766 2037 1805 ro-

2130 573 2392 645 αιρέσεως
2437 573 2723 626 δεδωκέναι
2751 591 2765 605 ·
2816 573 2975 627 ὁπότε
3022 573 3114 626 καὶ
3152 572 3258 644 πρὸ
3294 572 3493 625 τούτου
3538 571 3713 626 οὐδενὶ

2131 664 2408 732 ἄγνωστον
2440 659 2507 734 ἦν
2526 704 2541 727 ,
2587 663 2778 727 ὁποίας
2816 663 3248 733 παρατηρήσεως
3278 661 3372 713 καὶ
3401 658 3711 724 θεοσεὸείις

2130 755 2266 826 πρὸς
2296 756 2420 817 τοὺς
2462 754 2760 817 ἀθανάτους
2794 753 2948 816 θεοὺς
2980 753 3303 824 ἐτυγχάνετε
3326 752 3506 816 ὄντες,
3541 746 3625 815 οἷς
3651 753 3712 805 οὐ

2128 845 2299 915 ψιλῶν
2326 845 2419 898 xui.
2446 846 2722 900 ὐποκένων
2750 845 3008 916 ῥημάτων
3037 844 3146 915 (29)
3178 845 3381 907 πίστις,
3415 842 3554 897 ἀλλά
3585 860 3712 898 συν-

2132 937 2230 1007 εχῆ
2297 938 2391 991 xui.
2448 937 2728 1010 παράδοξα
2778 938 2956 1008 ἔργων
3017 938 3307 1007 ἐπισήμων
3356 935 3708 1007 γνωρίζεται.

2132 1029 2328 1101 Διόπερ
2381 1030 2618 1093 ἐπαξίως
2672 1031 2706 1100 ὴ
2749 1027 2991 1099 ὑμετέρα
3039 1027 3191 1089 πόλις
3244 1026 3383 1079 θεῶν
3425 1026 3711 1080 ἀθανάτων

2134 1123 2334 1195 ἴδρυμά
2371 1141 2431 1176 τε
2472 1123 2566 1176 καὶ
2614 1124 2925 1193 οἰκητήριον
2952 1119 3293 1173 ἐπικαλοῖτο’
3332 1117 3550 1180 πολλοῖς
3582 1116 3712 1185 γοῦν

2134 1213 2536 1285 παραδείγμασι
2581 1212 3001 1280 καταφαίνεται,
3044 1213 3110 1281 τῇ
3141 1210 3249 1262 τῶν
3276 1209 3547 1280 οὐρανίων
3574 1207 3714 1261 θεῶν

2135 1305 2302 1375 αὐτὴν
2347 1304 2609 1376 ἐπιδημίᾳ
2637 1304 2748 1375 (50)
2781 1303 2980 1357 ἀνθεῖν.
3028 1302 3157 1355 ’ἰδοῦ
3190 1302 3367 1354 τοίνυν
3407 1302 3442 1372 ἡ
3475 1300 3713 1371 ὑμετέρα

2137 1398 2287 1462 πόλις
2305 1398 2520 1451 πάντων
2547 1396 2654 1450 τῶν
2682 1396 2786 1468 ίδίᾳ
2811 1396 3170 1467 διαφερόντων
3195 1396 3332 1465 αὐτῇ
3360 1394 3709 1464 ἀμελήσασα,

2135 1489 2230 1541 xui.
2259 1487 2357 1550 τὰς
2379 1470 2643 1559 πρότερον
2664 1486 2773 1539 τῶν
2799 1486 2939 1558 ὑπὲρ
2964 1487 3101 1556 αὐτῇ
3129 1485 3473 1554 πραγμάτων
3499 1483 3710 1553 δεήσεις

2137 1578 2453 1651 παριδοῦσα,
2484 1579 2572 1632 ὅτε
2615 1577 2774 1632 πάλιν
2804 1576 2997 1649 ⁴ᾔσθετο
3019 1577 3143 1640 τοὺς
3167 1575 3267 1645 τῆς
3301 1575 3580 1645 ἐπαράτου
3613 1590 3712 1644 μα·

2134 1672 2415 1744 ταιότητος
2439 1671 2724 1741 γεγονότας
2744 1669 2931 1741 ἐρπειν
2955 1661 3216 1742 ἄρχεσθαι
3244 1667 3377 1739 (3i),
3406 1668 3504 1720 xui.
3527 1668 3711 1735 ὥσπερ

2138 1764 2499 1835 ἀμεληθεῖσαν
2528 1763 2620 1817 xui.
2648 1760 3054 1832 κεκοιμημένην
3081 1759 3260 1830 πυράν
3279 1799 3293 1823 ,
3324 1758 3713 1829 ἀναζωπυρουδ

471 1861 594 1913 gum
656 1842 909 1897 redivivis
953 1841 1229 1896 fomitibus
1295 1842 1540 1913 ingentes
1599 1842 1803 1911 ignium
1850 1842 2030 1911 globos

2141 1857 2318 1927 μένων
2357 1856 2463 1909 τῶν
2502 1852 2724 1928 πυρσῶν
2760 1852 3017 1924 μεγίστας
3061 1851 3330 1922 πυρκαϊὰς
3369 1847 3710 1920 ἀναπληροῦο

471 1938 648 1991 denuo
687 1936 965 1999 excitare;
1014 1934 1306 1988 confestim
1362 1934 1427 1987 ad
1485 1942 1723 1987 nostram
1773 1932 2030 2002 pietatem

473 2038 732 2098 tauquam
787 2028 851 2080 ad
901 2026 1066 2080 totius
1099 2025 1370 2092 religionis
1401 2025 1736 2093 tuelropolim
1764 2023 2030 2094 confugit,
2089 2043 2113 2063 ο

475 2120 771 2175 remedium
811 2119 1027 2188 aliquod
1066 2128 1121 2172 et
1166 2117 1465 2173 subsidium
1515 2115 1835 2184 elllagitans.
1878 2117 2032 2184 Quod

471 2215 689 2285 quidem
729 2213 947 2268 salubre
990 2209 1292 2272 consilium,
1324 2208 1477 2263 vobis
1518 2209 1586 2263 ob
1620 2210 1778 2265 (idem
1820 2209 2035 2279 pietatis

470 2317 663 2359 vestrae
693 2320 722 2358 a
757 2305 862 2358 diis
890 2300 1286 2358 immortalibus
1309 2311 1615 2370 suggestum
1652 2316 1774 2356 esse
1802 2315 1907 2355 non
1938 2302 2035 2356 du-

469 2395 616 2449 bium
648 2405 752 2449 est.
788 2394 1012 2451 Scilicet
1042 2393 1339 2447 altissimus
1371 2392 1459 2447 ille
1497 2402 1553 2447 et
1578 2393 1843 2449 maximus
1881 2392 2033 2463 Jupi-

472 2498 576 2552 ter,
618 2486 709 2555 qui
765 2484 1083 2540 clarissimte
1133 2484 1338 2538 civitati
1380 2493 1573 2539 vestrae
1612 2486 1899 2554 praesidet;
1943 2486 2033 2555 qui

470 2580 679 2649 patrios
708 2589 920 2632 vestros
946 2577 1097 2643 deos,
1117 2576 1206 2644 qui
1248 2592 1444 2631 uxores
1483 2586 1536 2631 et
1572 2577 1791 2639 liberos,
1827 2578 1916 2647 qui
1944 2592 2036 2647 pe-

470 2680 626 2723 nates
654 2675 707 2721 et
739 2669 926 2721 domos
956 2668 1025 2720 ab
1050 2669 1196 2719 omni
1244 2676 1398 2733 peste
1440 2674 1601 2733 atque
1640 2667 1806 2720 exitio
1855 2676 2035 2721 servat

472 2760 791 2821 iucolumes,
821 2759 1017 2812 vestris
1046 2758 1319 2812 mentibus
1356 2758 1495 2812 hanc
1527 2757 1817 2812 salutarem
1853 2759 2037 2828 injecit

470 2852 893 2922 cogitationem;
951 2860 1137 2919 aperte
1186 2848 1437 2903 iudicans
1494 2860 1657 2920 atque
1709 2852 2032 2915 ostendens,

470 2956 631 3012 quam
658 2943 914 2996 eximium
939 2956 1214 3011 quamque
1243 2941 1560 3008 praclarum
1593 2953 1646 2996 et
1682 2942 1917 2997 salutare
1943 2945 2033 3010 sit,

470 3036 537 3089 ad
565 3034 771 3090 cultum
807 3035 973 3103 ipsius
1004 3044 1054 3087 et
1085 3037 1148 3087 ad
1183 3050 1366 3089 sacras
1387 3035 1610 3089 deorum
1646 3035 2033 3089 immortalium

471 3128 822 3183 ra‘remonias
852 3142 971 3181 cum
1003 3128 1179 3180 debita
1214 3128 1562 3181 veneratione
1596 3129 1876 3183 accedere.
1903 3128 2037 3195 Quis

2140 1964 2269 2011 σαν,
2320 1946 2519 2009 εὐθέως
2563 1944 2697 2015 πρὸς
2735 1943 2833 2014 τὴν
2873 1942 3146 2013 ἡμετέραν
3177 1939 3495 2005 εὐσέϐειαν,
3530 1939 3712 2010 ὥσπερ

2140 2037 2272 2111 πρὸς
2305 2037 2632 2109 μητρόπολιν
2654 2034 2843 2089 πασῶν
2867 2033 3202 2097 θεοσεϐειῶν,
3231 2033 3400 2105 χωρίς
3422 2049 3572 2095 τινος
3600 2032 3713 2102 μελο

2139 2128 2345 2200 λήσεως
2382 2127 2718 2197 κατέφυγεν,
2766 2124 2909 2179 ἴασίν
2952 2141 3072 2177 τινα
3120 2126 3214 2177 καὶ
3257 2122 3513 2194 βοήθειαν
3556 2124 3714 2176 ἀπαι-

2138 2220 2305 2273 τοῦσα
2327 2236 2341 2252 ο
2391 2222 2577 2292 ἥντινα
2631 2218 2865 2272 διάνοιαν
2899 2215 3214 2287 σωτηριὼδη
3234 2254 3248 2278 ,
3280 2214 3369 2267 διά
3404 2216 3505 2284 τὴν
3537 2213 3713 2266 πίστιν

2139 2314 2238 2382 τῆς
2269 2313 2538 2384 ὑμετέρας
2563 2311 2869 2374 θεοσεδείας
2898 2311 3023 2373 τοὺς
3041 2310 3194 2373 θεοὺς
3228 2310 3355 2379 ὑμῖν
3385 2307 3710 2379 ἐμϐεϐληκέ-

2140 2421 2226 2460 vat
2277 2402 2431 2472 δῆλόν
2481 2403 2662 2455 ἐστιν·
2716 2402 2921 2462 ἐκεῖνος
2965 2396 3252 2467 τοιγαροῦν
3286 2398 3314 2447 ὁ
3355 2394 3582 2463 ὕψιστος
3623 2396 3714 2448 κιὶ

2145 2489 2396 2561 μέγιστος
2439 2490 2607 2553 Ζεὺς,
2650 2491 2678 2541 ό
2727 2486 3142 2559 προκαθήμενος
3180 2484 3281 2554 τῆς
3322 2484 3711 2556 λαμπροτάτης

2141 2582 2293 2653 ὐμῶν
2325 2581 2550 2645 πόλεως,
2584 2581 2612 2631 ό
2636 2582 2758 2643 τοὺς
2788 2578 3073 2651 πατρῴους
3096 2576 3249 2649 ὐμῶν
3277 2577 3436 2641 θεοὺς
3457 2618 3470 2640 ,
3503 2578 3597 2631 xui.
3620 2594 3711 2645 γυο

2140 2677 2330 2738 ναῖκας
2368 2675 2461 2728 καὶ
2501 2674 2685 2736 τέκνα,
2720 2673 2812 2725 xui.
2839 2671 3021 2725 ἑστίαν
3052 2671 3145 2723 xui.
3184 2669 3365 2732 οἴκους
3397 2668 3510 2722 ἀπὸ
3535 2669 3709 2738 πάσης

2140 2765 2378 2835 ὀλεθρίου
2412 2762 2614 2835 φθορᾶς
2642 2763 2900 2835 ῥυόμενος
2924 2803 2938 2827 ,
2966 2762 3087 2824 ταῖς
3112 2760 3407 2832 ὑμετέραις
3430 2761 3626 2831 ψυχαῖς
3654 2759 3709 2812 τὴ

2143 2857 2405 2926 σωτήριον
2436 2854 2719 2908 ἐνέπνευσε
2755 2853 2997 2924 βούλημα
3022 2894 3036 2917 ,
3067 2853 3370 2917 ἐπιδεικνὺς
3398 2854 3492 2907 xui.
3521 2852 3707 2923 ἐμφαί-

2141 2966 2272 3013 νων,
2317 2949 2464 3011 ὄπως
2502 2946 2776 3017 ἐξαίρετόν
2815 2947 2929 2998 ἐστι
2970 2946 3063 2999 xui.
3103 2944 3352 3016 λαμπρόν
3399 2945 3499 2999 xui.
3538 2961 3704 3014 σωτη-

2143 3039 2361 3111 ριῶδες,
2406 3040 2543 3110 μετὰ
2577 3039 2670 3091 τοῦ
2707 3038 3054 3110 ὀφειλομένου
3096 3038 3442 3108 σεϐάσματος
3484 3040 3551 3109 τῇ
3590 3036 3705 3108 θρη-

2143 3131 2296 3203 σκείᾳ
2322 3132 2429 3202 (⁸52)
2453 3131 2545 3184 xui.
2561 3133 2686 3193 ταῖς·
2703 3129 3105 3202 ίεροθρησκίαις
3131 3129 3238 3183 τῶν
3262 3130 3549 3185 ἀθανάτων
3576 3129 3703 3183 θεῶν

470 3220 613 3273 enim
657 3229 761 3272 tam
813 3219 1074 3283 demens,
1126 3226 1343 3285 tumque
1380 3220 1557 3271 omnis
1610 3233 1802 3273 sensus
1839 3232 2030 3287 expers

2136 3223 2433 3292 προσιέναι.
2469 3222 2565 3285 Τίς
2596 3221 2705 3292 γὰρ
2736 3220 2907 3285 οὕτως
2939 3222 3164 3291 ἀνόητος
3191 3221 3224 3292 ἢ
3253 3220 3344 3274 νοῦ
3378 3220 3578 3285 παντὸς
3614 3221 3702 3273 ἀλ-

471 3309 699 3379 reperiri
734 3318 931 3378 potest,
977 3308 1066 3375 qui
1105 3323 1209 3361 non
1242 3307 1505 3377 intelligat
1538 3310 1768 3378 propitia
1812 3310 2032 3365 deorum

471 3402 524 3456 in
556 3416 652 3455 nos
683 3398 1055 3455 benevolentia
1116 3400 1252 3464 ﬁeri,
1305 3402 1448 3471 quod
1499 3416 1600 3455 nec
1646 3412 1792 3456 terra
1826 3402 2032 3455 credita

470 3495 573 3549 sibi
598 3496 836 3563 abnegat
863 3493 1097 3557 semina,
1131 3508 1278 3564 spem
1303 3494 1661 3561 agricolarum
1686 3509 1821 3547 vana
1853 3507 2036 3563 exspe-

469 3587 708 3641 ctatione
743 3584 1045 3650 deludens;
1079 3599 1177 3640 nec
1205 3585 1354 3654 impii
1390 3585 1511 3639 belli
1542 3593 1794 3654 aspectus
1822 3584 2033 3653 impne.

469 3674 647 3745 pedite
674 3672 881 3727 deﬁxus
913 3674 1083 3726 lueret
1111 3674 1163 3727 in
1210 3675 1417 3728 terris:
1460 3688 1561 3729 nec
1609 3681 1863 3743 corrupta
1910 3674 2030 3728 cmli

471 3767 729 3835 temperie
751 3766 959 3819 arentia
982 3775 1210 3834 pereunt
1237 3781 1465 3835 corpora
1498 3779 1514 3821 :
1546 3781 1648 3821 nec
1666 3767 2033 3821 immoderatis

465 3869 748 3915 ventorum
780 3855 1003 3911 ﬂatibus
1032 3857 1291 3925 agitatum
1322 3861 1542 3930 pelagus
1571 3859 1901 3923 intumescit,
1934 3872 2033 3913 nec

466 3950 661 4004 subitae
706 3958 759 4004 et
810 3957 1009 4015 praeter
1048 3952 1503 4017 exspectationem
1552 3951 1862 4020 ingruentes
1907 3963 2033 4020 pro-

467 4042 617 4099 cellae
640 4043 1006 4112 perniciosam
1047 4044 1288 4097 excitant
1329 4051 1704 4112 tempestatem
1736 4059 1752 4097 :
1782 4043 2034 4112 quodque

468 4150 662 4206 parens
690 4136 931 4186 omnium
954 4144 1009 4187 et
1036 4135 1217 4187 nutrix
1252 4142 1420 4201 terra,
1444 4150 1544 4189 nec
1572 4134 1639 4189 ab
1662 4134 1785 4189 ituis
1814 4133 2033 4189 sedibus

467 4225 741 4279 horrendo
788 4233 1025 4279 trctuore
1076 4239 1345 4279 concussa
1387 4225 1656 4293 emergit;
1692 4238 1792 4277 nec
1843 4238 2031 4279 rursus

466 4326 677 4374 tuentes
699 4318 878 4373 nidem
910 4317 1236 4388 superpositi
1259 4317 1413 4372 hiatu
1443 4317 1621 4371 subito
1647 4312 2025 4372 absorbentur.

2136 3314 2343 3386 λότριος
2376 3314 2657 3385 εὑρεθῆναι
2702 3313 2957 3378 δύναται,
3004 3314 3062 3377 ὃς
3106 3313 3205 3366 οὐκ
3248 3311 3593 3372 αἰσθάνεται,
3640 3313 3700 3381 τῇ

2137 3405 2419 3477 φιλαγάθῳ
2459 3406 2565 3459 τῶν
2605 3406 2742 3460 θεῶν
2786 3405 2986 3476 σπουδῇ
3025 3404 3339 3475 συμὸαίνειν
3362 3444 3378 3469 ,
3434 3406 3573 3474 μήτε
3611 3403 3699 3474 τὴν

2136 3500 2239 3569 γῆν
2268 3497 2336 3550 τὰ
2361 3497 2761 3568 παραδιδόμενα
2790 3497 2923 3567 αὐτῇ
2955 3496 3244 3567 σπέρματα
3282 3493 3587 3566 ἀρνεῖσθαι,
3610 3494 3699 3564 τὴν

2138 3589 2247 3643 τῶν
2292 3588 2552 3661 γεωργῶν
2603 3590 2791 3643 ἐλπίδα
2839 3590 2967 3659 κενῇ
3003 3587 3297 3660 προσδοκίᾳ
3347 3586 3697 3656 σφάλλουσαν,

2143 3679 2264 3752 μηδ’
2296 3675 2362 3733 αὖ
2412 3676 2638 3743 ἀσεϐοῦς
2695 3677 2928 3746 πολέμου
2978 3676 3240 3747 πρόσοψιν
3295 3675 3699 3737 ἀνεπικωλύτως

2139 3772 2229 3826 ἐπὶ
2277 3772 2382 3841 γῆς
2421 3770 2765 3843 στηρίζεσθαι
2814 3770 2955 3839 (55),
3001 3767 3094 3821 καὶ
3139 3767 3438 3840 φθαρείσης
3480 3768 3578 3838 τῆς
3612 3764 3698 3819 τοῦ

2137 3864 2364 3937 οὐρανοῦ
2394 3863 2709 3937 εὐκρασίας,
2751 3861 3043 3932 αὐχμῶντα
3082 3859 3151 3913 τά
3182 3859 3409 3931 σώματα
3443 3861 3524 3923 είς
3550 3859 3703 3913 θάνα-

2139 3973 2229 4009 τον
2258 3955 2680 4025 κατασύρεσθσι,
2717 3954 2852 4026 μηδὲ
2883 3954 2987 4024 μὴν
3015 3952 3267 4023 ἀμέτρων
3300 3952 3519 4023 ἀνέμων
3544 3949 3696 4003 πνεύ-

2142 4063 2273 4118 μασι
2306 4046 2404 4117 τὴν
2436 4046 2711 4099 θάλασσαν
2739 4044 3106 4116 κυμαίνουσαν
3140 4042 3509 4116 κορυφοῦσθαι
3528 4080 3545 4106 ,
3576 4040 3697 4112 μηδέ

2138 4154 2200 4206 γε
2234 4138 2548 4205 καταιγίδας
2570 4136 3004 4207 ἀπροσδοκήτους
3031 4133 3561 4206 καταρρηγνυμένας
3589 4131 3692 4186 ὀλέ-

2136 4231 2281 4301 θριον
2312 4228 2553 4300 χειμῶνα
2586 4227 2890 4301 ἐπεγείρειν
2913 4267 2928 4291 ,
2975 4226 3055 4279 ἔτι
3090 4227 3267 4279 τοίνυν
3297 4227 3437 4298 μήτε
3463 4225 3560 4297 τὴν
3587 4240 3696 4296 τρο-

2136 4317 2233 4385 φὸν
2267 4317 2519 4371 ἀπάντων
2553 4317 2647 4370 xui.
2689 4316 2900 4388 μητέρα
2944 4319 3079 4387 γῆν,
3125 4314 3234 4369 ἀπὸ
3268 4314 3380 4367 τῶν
3412 4315 3695 4369 κατωτάτω

536 4496 649 4567 (29)
687 4492 788 4564 Οἷς
816 4500 888 4570 οὐ
910 4496 1108 4567 ψιλῶν
1139 4495 1238 4551 καὶ
1264 4496 1578 4551 ὐποκένων
1589 4494 1890 4565 ῥημάτων.
1909 4494 2030 4570 ⁸Μιιτ

2212 4496 2401 4570 Qualis
2430 4497 2519 4550 ubi
2552 4497 2824 4570 hibernam
2854 4495 3437 4570 Lyciam._Xuntltique
3453 4498 3649 4567 ﬂuenta

462 4566 650 4623 srulus
692 4579 748 4623 et
801 4566 1331 4638 Christopltorsouus
1385 4570 1501 4623 haec
1551 4572 1617 4621 ad
1669 4574 1799 4638 deo_s
1842 4566 2031 4638 referri

462 4640 865 4710 existimarunt.
902 4640 1012 4708 Ego
1028 4636 1098 4690 ud
1133 4637 1512 4710 :I'yrios‘ipsos
1548 4639 1728 4695 retuli.
1756 4636 2030 4710 Perstrin-

461 4712 537 4778 git
563 4720 740 4763 autem
765 4706 1090 4762 Maximinus
1125 4706 1285 4761 ﬁdem
1310 4706 1747 4763 Christianorum
1782 4706 2024 4778 Altisiver-

464 4776 547 4833 bis
576 4797 590 4833 :
619 4779 901 4833 ὑποκένων
930 4778 1188 4851 ῥημάτων
1209 4778 1410 4842 πίστις,
1437 4778 1588 4845 quasi
1613 4776 2030 4851 [idesChristia-

470 4865 654 4904 uorum
693 4850 828 4902 nihil
857 4846 1051 4918 praeter
1082 4850 1247 4902 verba
1283 4850 1526 4913 haberet,
1584 4862 1648 4902 ac
1687 4846 1849 4902 rebus
1895 4848 2028 4916 ipsis

471 4934 629 4971 vacua
659 4930 826 4973 esset.

531 4988 643 5059 (50)
684 4987 1020 5057 Ἐπιδημίᾳ.
1050 4987 1408 5059 crediderunt
1449 4996 1682 5059 veteres,
1712 4985 1878 5042 certis
1905 4984 2024 5039 die-

462 5055 564 5112 bus
593 5055 723 5111 d'eos
777 5061 829 5112 in
879 5055 1141 5138 quaedam
1196 5058 1367 5138 urbes
1396 5058 1525 5138 ipsis
1573 5068 1822 5138 acceptas
1872 5070 2024 5138 colut-

464 5139 692 5191 tneare;
751 5127 1295 5198 θυδιιιιιςῗέπιδημίας
1343 5125 1480 5179 θεῶν
1513 5125 1884 5198 appellabant.
1928 5125 2025 5198 Sic

461 5198 603 5265 apud
646 5198 824 5254 Delius
857 5195 911 5251 et
937 5195 1180 5252 Milesius
1212 5202 1475 5251 adventus
1501 5195 1777 5265 apollinis,
1804 5195 2021 5249 coleba-

461 5264 586 5329 tur;
628 5268 768 5336 apud
824 5270 1052 5336 Argivos
1111 5268 1336 5330 Dianae,
1395 5277 1451 5318 ut
1492 5264 1680 5320 scribit
1731 5264 2025 5336 Menander

461 5341 645 5407 rhetor
668 5335 730 5389 tu
755 5353 873 5407 cap.
909 5335 978 5391 de
1010 5338 1227 5407 ltytnuis
1268 5337 1722 5407 ἀποπεμπτικοίς.
1757 5335 2024 5407 Aristides

460 5406 513 5459 in
551 5403 947 5479 Panathenaico
987 5403 1213 5479 πότερον
1237 5408 1334 5469 τάς
1363 5403 1510 5479 Θεῶν
1555 5404 1845 5479 ἐπιδημίας
1879 5403 2021 5479 εῐποι

457 5494 562 5548 τις.
602 5478 699 5530 Ilio
728 5474 1150 5548 Cluysostumus
1195 5479 1257 5548 in
1296 5478 1565 5548 oratione
1610 5474 1731 5548 quit;
1797 5474 2019 5548 :l‘arsica

460 5547 797 5616 inscribitur,
839 5544 959 5616 pag.
998 5547 1104 5602 408
1132 5565 1146 5601 :
1181 5546 1474 5616 tbucifrobg
1498 5615 1501 5616 ν
1522 5544 1764 5616 οἰκιστάς
1792 5545 1978 5616 ἥρωας
2002 5583 2017 5608 ,

458 5614 493 5687 ἢ
524 5613 683 5687 θεοὺς
707 5613 963 5680 πολλάκις
996 5614 1414 5687 ἐπιστρέφεσθαι
1452 5615 1551 5687 τὰς
1590 5615 1769 5668 αὐτῶν
1810 5613 2015 5687 πόλεις,

458 5685 571 5755 τοῖς
608 5685 785 5747 ἀλλοις
832 5687 990 5750 ὄντας
1040 5685 1263 5755 ἀφανεῖς
1286 5725 1301 5748 ,
1345 5686 1402 5738 ἐν
1429 5702 1489 5738 τε
1523 5685 1731 5748 θυσίαις
1754 5685 1846 5738 καί
1879 5701 2019 5738 τισιν

462 5754 671 5822 ἑορταῖς
699 5755 1068 5825 δημοτελέσιν,
1092 5754 1211 5825 etc.
1241 5757 1313 5808 De
1342 5756 1646 5825 hujustnodi
1676 5762 1898 5808 deorum
1931 5756 2021 5809 atl-

465 5836 626 5876 ventu
667 5822 840 5891 poetae
871 5839 1068 5892 passnn
1098 5822 1588 5896 loquuntur.Virg.
1621 5825 1715 5881 lib.
1741 5841 1793 5879 tv
1823 5843 1836 5878 :

2204 4568 2443 4634 Deserit,
2467 4584 2530 4622 ac
2565 4568 2751 4622 Delum
2775 4579 3066 4621 maternam
3089 4567 3266 4621 invisit
3301 4568 3516 4636 Apollo.

2130 4700 2270 4756 Hinc
2299 4711 2382 4773 est
2419 4702 2560 4772 quod
2590 4702 2854 4773 adventus
2879 4702 3044 4773 impp.
3081 4703 3135 4756 in
3159 4702 3445 4773 veteribus
3470 4701 3690 4755 nummis

2129 4785 2182 4826 et
2216 4774 2269 4825 in
2295 4771 2621 4827 Kalendario
2660 4772 2956 4840 inscriptus
2992 4771 3271 4826 cernitur.
3323 4771 3433 4827 Sed
3460 4782 3518 4826 et
3544 4773 3688 4827 Chri-

2128 4843 2289 4895 stiani
2331 4844 2397 4896 tle
2424 4844 2744 4910 quibusdam
2776 4844 2979 4897 sanctis
3000 4843 3141 4896 idem
3178 4843 3501 4898 credidere:
3535 4852 3592 4895 ul.
3629 4842 3687 4895 de

2131 4912 2329 4980 Thecla
2368 4913 2655 4967 Dalisamla
2689 4913 2758 4967 ab
2793 4913 2925 4967 urbe
2951 4913 3195 4966 Seleucia
3238 4924 3582 4966 cotnmeante
3602 4912 3689 4964 sub

2129 4983 2274 5036 diem
2307 4984 2475 5051 ipsius
2500 4983 2721 5046 festum,
2754 4996 2808 5036 et
2845 4982 2911 5036 de
2946 4982 3115 5037 Paulo
3146 4983 3318 5035 lionta
3354 4983 3586 5036 Tarsum
3616 4982 3687 5035 iu-

2130 5054 2361 5114 visente,
2404 5052 2480 5107 ait
2511 5053 2744 5106 Basilius
2778 5054 2828 5104 in
2864 5052 2955 5106 lib.
2983 5067 3045 5117 tt,
3080 5054 3149 5105 de
3178 5051 3382 5106 Thecla
3407 5093 3422 5113 ,
3459 5068 3577 5121 cap.
3611 5052 3683 5104 l0.

2199 5121 2311 5193 (51)
2335 5124 2575 5191 Ἕρπειν
2590 5121 2899 5193 ἄρχεσθαι,
2918 5124 3071 5192 Apud
3088 5121 3454 5188 Nicephorum
3473 5121 3682 5193 legitur;

2126 5189 2314 5265 ἔπεμὼ
2347 5189 2440 5247 mn
2467 5189 2741 5265 gPXEdOaP-
2777 5189 3267 5265 [lattue'legendunt
3299 5196 3516 5265 videtur
3538 5189 3560 5256 ί.
3605 5189 3685 5243 καὶ

2123 5262 2341 5332 ἔχεσθαι
2372 5262 2564 5334 ὥσπερ
2596 5262 2981 5334 ἀμεληθεῖσαν,
3014 5276 3143 5325 etc.,
3190 5264 3356 5316 scribi
3406 5263 3570 5317 etiam
3595 5275 3680 5329 po.

2128 5344 2246 5414 tt:st
2264 5334 2647 5414 καὶ-ἄρχεσθαι
2680 5334 3049 5414 ῶσπερηςξιο.ἱ
3073 5334 3265 5414 eodem
3288 5348 3477 5414 sensu.

2124 5472 2152 5525 0
2196 5404 2306 5475 (52)
2334 5396 2436 5525 ίΤῆ
2460 5396 2764 5473 Emonam.
2791 5396 3145 5457 scribendum
3177 5404 3397 5458 videtur
3425 5404 3493 5474 τῇ
3531 5396 3675 5455 αὐτοῦ

2161 5490 2326 5525 οησκε
2353 5493 2406 5525 α.

2232 5491 2406 5528 σκεια.

2161 5490 2641 5615 ρῖὶὲιῆεὶῗρόσοψιν
2659 5540 3072 5611 στηρίζεσθαι.
3097 5543 3303 5598 Alludit
3329 5545 3397 5599 ad
3418 5549 3670 5615 aspectum

2121 5625 2174 5687 et
2198 5606 2497 5687 στηριγμὸν
2527 5606 2884 5687 planetarum.
2914 5615 3120 5687 Dicitur
3160 5625 3346 5669 autent
3392 5606 3669 5687 στήριγμός

2124 5684 2176 5756 in
2206 5683 2457 5752 planetis,
2487 5683 2608 5738 cum
2640 5685 2693 5737 iu
2730 5686 2973 5755 epicyclo
3020 5700 3119 5737 suo
3165 5700 3266 5739 nec
3301 5683 3552 5756 progredi
3573 5696 3669 5733 anu-

2123 5753 2282 5822 plius,
2323 5771 2423 5811 nec
2452 5758 2795 5810 retrocedere
2818 5753 2995 5810 adhuc
3027 5756 3304 5810 videnlur.
