3858 6260
182 330 274 385 Si?)

1132 299 1480 373 nis'ronia:
1519 291 2084 370 noccesmsrtcm
2124 290 2255 366 ita.
2297 299 2388 364 ix.

3284 290 3388 363 ait

180 449 392 518 λαγόνων
415 447 606 515 ἑαυτῆς
631 445 690 496 ἐν
710 440 925 512 φοϐερῷ
946 438 1131 512 τρόμῳ
1152 438 1554 510 καταδυομένην
1585 435 1714 506 (54),

1829 430 1975 498 Quas
1997 431 2213 499 quidem
2243 442 2431 485 omnes
2465 419 2807 482 calamitates
2839 426 3011 495 iisque
3033 426 3206 482 adlmc
3236 441 3389 482 acer-

184 540 299 614 μηδὲ
322 556 378 608 γε
396 539 462 590 τά
488 535 808 606 ἐπικείμενα
838 534 939 604 ὅρη
969 531 1265 602 χασμάτων
1299 529 1596 599 γινομένων
1625 544 1723 580 κα-

177 629 467 695 ταδύεσθαι,
498 629 640 698 ἅπερ
678 626 855 680 πάντα
881 625 1203 678 καὶτούτων
1247 620 1327 674 ἔτι
1371 618 1722 691 χαλεπώτερα

179 723 303 780 κακὰ
335 721 433 790 πρὸ
463 719 649 772 τούτου
692 717 949 781 πολλάκις
986 716 1285 786 γεγονέναι,
1317 713 1489 776 οὐδεὶς
1518 713 1719 781 ἀγνοεῖ.

177 814 271 869 Καὶ
306 810 468 865 ταῦτα
504 814 790 881 σύμπαντα
813 807 902 861 διὰ
945 809 1043 878 τὴν
1089 805 1329 876 ὀλέθριον
1372 803 1578 873 πλάνην
1621 801 1722 872 τῆς

178 906 409 960 ὑποκένου
445 905 799 976 ματαιότητος
829 901 936 955 τῶν
957 900 1228 972 ἀθεμίτων
1263 897 1558 971 ἀνθρώπων
1583 895 1722 949 ἐκεί-

176 1018 264 1053 νων
289 999 516 1068 ἐγίνετο,
564 997 727 1067 ἡνίκα
758 995 900 1050 κατά
941 993 1040 1058 τὰς
1081 992 1258 1064 ψυχὰς
1305 992 1482 1045 αὐτῶν
1523 989 1723 1043 ἐπεπόθ-

175 1090 313 1155 λαζε,
342 1091 459 1154 καὶ,
493 1089 674 1158 σχεδὸν
708 1090 880 1141 εἰπεῖν
902 1127 915 1149 ,
945 1087 1015 1140 τὰ
1041 1086 1314 1157 πανταχοῦ
1347 1085 1447 1154 τῆς
1472 1084 1721 1156 οἰκουμέ-

174 1195 256 1250 νης
281 1178 547 1249 αἰσχύναις
581 1177 814 1242 ἐπίεζε.)
855 1177 1076 1241 Τούτοις
1115 1177 1231 1247 μεθ’
1259 1177 1422 1248 ἕτερά
1444 1176 1682 1245 ἐπιλέγει
1704 1193 1716 1208 ο

181 1290 197 1322 ι
215 1270 569 1342 Ἐφοράτωσαν
595 1273 652 1323 ἐν
684 1273 792 1333 τοῖς
815 1270 1069 1322 πλατέσιν
1100 1270 1198 1339 ήδη
1230 1269 1430 1332 πεδίοις
1458 1269 1719 1323 ἀνθοῦντα

173 1364 230 1418 τὰ
254 1363 385 1434 λήῐα,
419 1363 511 1414 καὶ
541 1364 650 1424 τοῖς
681 1362 978 1432 ἀστάχυσιν
1003 1360 1444 1431 ἐπικυμαίνοντα,
1471 1362 1564 1414 καὶ
1593 1363 1719 1424 τοὺς

173 1455 411 1526 λειμῶνας
453 1455 519 1507 δι’
557 1453 852 1525 εὑομϐρίαν
876 1494 890 1518 ,
933 1456 1117 1524 φυτοῖς
1151 1454 1245 1506 καὶ
1292 1453 1475 1508 ἄνθεσι
1510 1453 1719 1524 λαμπο-

175 1547 360 1616 μένους,
387 1545 479 1598 mi.
513 1545 615 1615 τὴν
652 1544 746 1597 τοῦ
776 1545 938 1616 ἀέρος
973 1544 1302 1598 κατάστασιν
1334 1542 1596 1616 εὔκρατον
1626 1545 1719 1598 καὶ

173 1638 452 1709 πραοτάτην
481 1636 835 1690 ἀποδοθεῖσαν
857 1636 1240 1707 ’χαιρέτωσαν
1271 1634 1453 1688 λοιπὸν
1481 1635 1718 1699 ἆπαντες

171 1727 245 1783 διὰ
283 1729 374 1798 τῆς
415 1727 686 1798 ὑμετέρας
726 1727 1037 1792 εὐσεϐείας,
1076 1727 1382 1799 ἱερουργίας
1411 1743 1468 1779 τε
1506 1727 1601 1779 καὶ
1632 1744 1716 1778 τι-

1824 527 2003 583 biores
2031 527 2164 581 alias
2185 565 2200 592 ,
2232 523 2467 579 :lntebac
2497 521 2695 593 saepius
2745 520 3052 589 contigisse,
3116 535 3277 575 nemo
3307 513 3390 576 est

1824 619 1916 689 qui
1945 619 2175 689 ignoret.
2209 615 2336 670 Haec
2366 630 2528 686 porro
2564 613 2742 667 omnia
2771 613 2841 668 ob
2880 613 3194 682 pestiferum
3236 623 3388 668 erro-

1825 727 1936 768 rem
1963 711 2294 767 inanissimte
2317 708 2574 762 vanitatis
2603 705 2990 761 sceleratorum
3027 705 3243 758 illorum
3283 704 3386 788 lio-

1825 807 2030 862 ininum
2061 811 2386 866 evenerunt,
2413 817 2519 870 quo
2551 811 2791 870 tempore
2819 815 2972 855 error
2998 797 3085 852 ille
3111 799 3162 852 in
3192 797 3389 854 animis

1823 914 2009 954 eorum
2059 896 2366 967 pullulavit,
2418 905 2473 948 et
2513 894 2823 946 universum
2853 890 3239 961 proiiemodum
3279 900 3389 944 ter-

1825 1007 2010 1046 rarum
2037 992 2223 1046 orbem
2249 989 2447 1058 probro
2470 1002 2534 1042 ac
2562 985 2824 1040 dedecore
2851 980 3106 1053 opplevit.
3133 1002 3150 1035 ι
3189 982 3389 1037 Deinde

1824 1083 2012 1154 paucis
2074 1081 2536 1152 interjectis,bzec
2582 1077 2902 1147 subiungit:
2943 1091 2962 1128 ι
2994 1071 3276 1147 Aspiciant
3333 1076 3388 1130 iri

1823 1190 2007 1248 aperta
2039 1193 2349 1246 camporum
2387 1173 2609 1245 planitie
2638 1163 2890 1227 ﬂorentes
2912 1181 3119 1242 segetes
3141 1182 3196 1228 et
3224 1173 3387 1243 spicis

1822 1270 2220 1341 quodammodo
2252 1261 2607 1328 ﬁuctuantes,
2638 1275 2786 1333 prata
2819 1266 3165 1320 considerent
3189 1267 3387 1335 plantis

1822 1372 1876 1418 et
1900 1363 2124 1418 ﬁoribus
2151 1361 2469 1417 collucentia
2500 1370 2719 1431 propter
2742 1370 3097 1429 opportunam
3127 1360 3387 1436 imbrium

1821 1452 2234 1523 irrigationem;
2270 1452 2391 1506 caeli
2421 1460 2622 1505 statum
2651 1451 2965 1506 intueantur
2999 1451 3052 1504 in
3083 1450 3388 1522 placidissi-

1822 1559 1965 1598 mam
1993 1544 2306 1613 temperiem
2355 1543 2519 1616 354
2584 1544 2916 1598 restituturum
2981 1543 3254 1598 Lmtentur
3331 1543 3386 1598 in

1819 1645 2094 1706 posterum
2147 1636 2350 1696 cuncti.
2406 1637 2548 1704 quod
2605 1652 2702 1705 per
2738 1646 2973 1690 vestram
3029 1637 3284 1703 pietatem
3334 1645 3390 1689 ct

1819 1726 2090 1783 sacriﬁcia
2122 1737 2176 1780 ot
2216 1727 2419 1782 cultum
2449 1726 2697 1791 deorum,
2750 1742 2947 1781 numen
3007 1726 3288 1782 fortissimi
3332 1719 3390 1780 et

175 1822 294 1891 μῆς,
320 1819 413 1889 τῆς
451 1818 548 1871 τοῦ
594 1819 969 1872 δυνατωτάτου
1009 1819 1099 1872 καὶ
1143 1818 1498 1890 στερῤοτάτου
1528 1819 1714 1888 "Apso;

1825 1820 2183 1890 potentissimi
2231 1819 2420 1874 Martis
2474 1819 2742 1890 placatum
2808 1830 2892 1875 cst
2929 1837 2941 1874 :
2976 1829 3138 1890 atque
3187 1820 3388 1875 idcirco

171 1909 417 1977 δυνάμεως
453 1908 950 1979 ἐξευμενισθείσης,
995 1909 1088 1962 καὶ
1133 1909 1220 1962 διὰ
1255 1908 1412 1962 τοῦτο
1444 1911 1542 1979 τῆς
1579 1908 1719 1960 εὐδι-

171 2000 384 2070 νωτάτης
405 2000 629 2070 εἰρήνης
667 1999 896 2069 βεϐαίως
934 2000 1052 2070 μεθ’
1080 2000 1308 2070 ἡσυχίας
1334 1999 1714 2064 ἀπολαύοντες,

171 2090 547 2162 ἠδυνέσθωσαν·
583 2091 677 2144 καὶ
705 2091 816 2144 ὅσοι
863 2093 962 2162 τῆς
1008 2091 1214 2160 τυφλῆς
1254 2091 1467 2162 ἐκείνης
1513 2090 1719 2162 πλάνης

170 2183 248 2235 καὶ
275 2183 508 2253 περιόδου
545 2182 886 2236 παντάπασιν
914 2183 1244 2246 ἀποστάντες
1265 2224 1279 2248 ,
1311 2184 1390 2246 είς
1431 2181 1593 2254 ὀρθὴν
1627 2183 1718 2235 καὶ

169 2274 428 2345 καλλίστην
475 2274 721 2329 διάνοιαν
784 2270 1104 2346 ἐπανῆλθον,
1162 2274 1421 2345 μειζόνως
1482 2279 1577 2344 μέν
1625 2269 1718 2326 οὖν

169 2366 501 2436 χαιρέτωσαν,
564 2365 639 2430 ὡς
692 2366 757 2420 ἂν
806 2368 869 2420 ἐκ
915 2366 1180 2438 χειμῶνος
1224 2367 1628 2438 ἀπροσδοκήτου
1681 2367 1713 2437 ἢ

167 2459 295 2512 νόσου
326 2459 551 2530 βαρείας
577 2459 1034 2525 ἀποσπασθέντες,
1067 2461 1162 2512 καὶ
1183 2460 1366 2531 ἡδεῖαν
1396 2462 1472 2524 εἰς
1499 2461 1716 2514 τούπιὸν

167 2551 290 2622 ζωῆς
319 2551 617 2606 ἀπόλαυσιν
646 2550 1091 2622 καρπωσάμενοι.
1134 2551 1199 2604 Εἰ
1244 2551 1301 2605 δὲ
1341 2554 1407 2623 τῇ
1457 2552 1718 2623 ἐπαράτῳ

166 2642 316 2695 αὑτῶν
337 2645 655 2714 ματαιότητι
678 2644 1004 2714 ἐπιμένοιεν,
1029 2644 1085 2694 ἐν
1110 2642 1287 2714 πολλῷ
1314 2643 1596 2715 πόρρωθεν
1619 2643 1717 2713 τῆς

166 2734 399 2805 ὑμετέρας
432 2735 650 2798 πόλεως
693 2735 786 2788 καὶ
830 2733 1173 2806 περιχώρου,
1213 2733 1396 2798 καθὼς
1425 2733 1714 2805 ἠξιώσατε,

164 2826 608 2898 ἀποχωρισθέντες
650 2827 1091 2899 ἐξελαθήτωσαν,
1126 2827 1191 2880 ἵν’
1227 2825 1398 2890 οὑτως
1436 2827 1556 2880 κατ’
1599 2829 1718 2880 ἀκο-

162 2919 350 2974 λουθίαν
381 2925 477 2993 τῆς
535 2919 848 2985 ἀξιεπαίνου
896 2921 1048 2991 ὑμῶν
1093 2921 1219 2993 περὶ
1260 2920 1417 2974 τοῦτο
1461 2921 1714 2990 σπουδῆς,

163 3013 334 3076 παντὸς
381 3015 696 3084 μιάσματος
747 3015 839 3066 καὶ
892 3015 1144 3078 ἀσεϐείας
1195 3015 1631 3086 ἀποχωρισθεῖσα
1680 3016 1721 3085 1‘)

163 3101 372 3172 ὑμετέρα
414 3103 598 3166 πόλις,
648 3104 786 3157 κατά
840 3104 939 3173 τὴν
989 3103 1224 3174 ἔμφυτον
1279 3106 1414 3175 αὐτῇ
1462 3104 1716 3174 πρόθεσιν

167 3192 260 3262 (55)
309 3195 438 3264 μετά
479 3196 578 3248 τοῦ
628 3196 976 3266 ὀφειλομένου
1031 3196 1389 3266 σεϐάσματος,
1438 3200 1559 3259 ταῖς
1607 3195 1715 3250 τῶν
1745 3227 1788 3286 C

167 3284 416 3340 ἀθανάτων
446 3287 587 3340 θεῶν
631 3288 960 3359 ἱερουργίαις
990 3289 1257 3361 ὑπακούῃ.
1299 3290 1414 3342 Ἵνα
1449 3288 1506 3341 δὲ
1543 3288 1714 3359 εἰδῆτε

167 3378 257 3447 ὅσῳ
285 3379 578 3450 προσφιλὴς
613 3382 745 3450 ἡμῖν
773 3381 995 3449 γέγονεν
1030 3383 1062 3452 ἡ
1106 3383 1233 3452 περὶ
1267 3380 1454 3434 τούτου
1497 3380 1718 3447 ἀξίωσις

167 3470 314 3540 ὑμῶν,
348 3475 438 3526 καὶ
460 3474 633 3544 χωρὶς
660 3471 1025 3542 ψηφισμάτων
1054 3473 1146 3524 καὶ
1170 3473 1336 3544 χωρὶς
1359 3473 1594 3543 δεήσεως
1622 3474 1718 3524 αὑ-

167 3558 370 3634 θαιρέτῳ
412 3563 667 3636 βουλήσει
700 3566 733 3634 ἠ
770 3564 1013 3635 ήμετέρα
1059 3564 1440 3635 προθυμοτάτη
1485 3565 1716 3633 φιλάγα-

165 3653 285 3718 θίαις
319 3657 494 3728 ψυχὴ,
543 3658 914 3728 ἐπιτρέπομεν
959 3661 1024 3728 τῇ
1079 3657 1317 3729 ὑμετέρᾳ
1371 3658 1714 3723 καθοσιώσει,

165 3749 328 3804 ὁποίαν
361 3751 404 3804 δ’
430 3752 496 3805 ἂν
536 3750 839 3822 βουληθῆτε
875 3749 1284 3821 μεγαλοδωρεάν
1304 3789 1318 3814 ,
1363 3750 1482 3804 ἀντὶ
1513 3749 1717 3821 ταύτης

165 3839 296 3910 ὑμῶν
321 3846 414 3912 τῆς
447 3843 701 3912 φιλοθέου
732 3842 1042 3913 προθέσεως
1075 3843 1314 3912 αἰτῆσαι.
1345 3844 1454 3895 Καὶ
1481 3843 1581 3914 ήδη
1620 3842 1716 3912 μὲν

163 3933 299 3988 τοῦτο
326 3941 496 3991 ποιεῖν
527 3937 624 3990 καὶ
652 3937 836 3990 λαϐεῖν
866 3935 1132 4003 ἀξιώσατε
1154 3951 1166 3962 ⁸
1208 3934 1459 3998 τεύξεσθε
1487 3935 1595 4005 γὰρ
1623 3937 1719 3986 αύ-

162 4027 244 4096 τῆς
275 4030 434 4102 χωρίς
466 4039 616 4094 τινος
649 4029 992 4099 ὑπερθέσεως
1019 4045 1031 4057 ·
1066 4029 1185 4098 ἥτις
1211 4026 1614 4098 παρασχεθεῖσα
1649 4029 1714 4097 τῇ

165 4115 378 4191 ὑμετέρᾳ
404 4121 596 4185 πόλει,
626 4123 705 4184 εἰς
736 4120 951 4174 ἅπαντα
986 4119 1078 4173 τὸν
1117 4119 1288 4173 αἰῶνα
1320 4122 1418 4190 τῆς
1443 4119 1569 4190 περὶ
1593 4121 1718 4183 τοὺς

163 4208 434 4276 ἀθανάτους
465 4213 625 4276 θεοὺς
665 4211 912 4282 φιλοθέου
944 4211 1224 4274 εὐσεϐείας
1254 4211 1478 4282 παρέξει
1520 4228 1720 4281 μαρτυ-

163 4300 296 4373 ρίαν,
331 4306 422 4358 τοῦ
463 4307 521 4359 δὲ
566 4307 710 4376 ὑμᾶς
749 4306 858 4376 (56)
894 4302 1058 4369 ἀξίων
1091 4303 1338 4358 ἐπάθλων
1368 4305 1716 4375 τετυχηκέναι

161 4393 292 4462 παρά
315 4395 409 4464 τῆς
442 4396 719 4467 ἡμετέρας
748 4397 1094 4466 φιλαγαθίας,
1129 4397 1331 4467 ταύτης
1354 4395 1506 4468 ὑμῶν
1533 4395 1716 4448 ἕνεκεν

160 4482 246 4552 τῆς
269 4485 355 4538 τοῦ
389 4487 500 4556 βίου
525 4490 918 4561 προαιρέσεως,
949 4494 1081 4555 υίοῖς
1108 4508 1168 4543 τε
1195 4491 1290 4544 καὶ
1318 4491 1559 4558 ἐκγόνοις
1594 4489 1716 4557 ὑμε-

1825 1914 2267 1984 tranquillissima
2328 1929 2458 1982 pace
2511 1915 2751 1983 quietius
2821 1913 3208 1982 pet-fruentes,
3269 1930 3389 1970 sese

1821 2005 2110 2060 oblectent.
2138 2004 2242 2059 Sed
2267 2016 2318 2060 et
2356 2007 2661 2078 quicunque
2687 2025 2828 2064 caeco
2850 2009 2941 2064 illo
2967 2024 3158 2063 errore
3189 2017 3243 2064 et
3273 2018 3389 2060 am;

1825 2094 2186 2163 bageliberati
2216 2100 2281 2152 ad
2317 2110 2522 2154 rectam
2552 2117 2847 2170 sanainquc
2865 2101 3189 2155 sententiam
3223 2101 3391 2156 redieé

1820 2199 1968 2256 runt,
2003 2205 2068 2245 eo
2114 2192 2289 2261 magis
2339 2193 2650 2260 gaudeant;
2701 2203 2952 2262 tanquam
3003 2209 3068 2248 ex
3109 2194 3386 2264 inopinata

1822 2287 2139 2350 tempestate
2190 2291 2283 2336 aut
2339 2300 2406 2338 ex
2466 2285 2788 2354 gravissimo
2829 2288 3017 2339 inorbo
3071 2287 3297 2352 servati,
3333 2296 3390 2340 et.

1815 2371 2210 2441 jacundissima
2239 2373 2292 2427 in
2317 2386 2593 2443 posterum
2632 2377 2738 2429 vita
2778 2377 3015 2431 l'ruituri.
3041 2375 3192 2442 Quod
3226 2377 3270 2431 si
3296 2376 3386 2445 qui

1822 2463 1874 2516 in
1904 2464 2220 2518 detestando
2247 2481 2355 2518 suae
2396 2466 2652 2520 vanitatis
2691 2483 2877 2522 errore
2910 2467 3084 2522 adhuc
3121 2464 3384 2536 perstant,

1820 2552 1857 2606 ii
1915 2568 2078 2620 quam
2127 2553 2441 2624 longissime
2493 2573 2522 2610 a
2578 2569 2757 2612 vestra
2820 2559 2951 2614 urbe
3003 2568 3057 2614 et
3105 2561 3386 2614 territorio

1820 2645 2041 2711 seclusi,
2091 2647 2230 2701 sicut
2278 2647 2532 2715 pctiistis,
2595 2651 2909 2720 alligantur;
2964 2661 3022 2704 ut
3080 2653 3181 2707 boc
3230 2662 3387 2722 pacto

1821 2737 2012 2790 civitas
2038 2745 2215 2790 vestra
2264 2735 2416 2804 juxta
2469 2738 2741 2794 laudabile
2773 2742 3007 2794 studium
3056 2752 3292 2797 vestrum
3323 2747 3387 2798 ac

1822 2827 2173 2891 desiderium,
2232 2832 2379 2883 omni
2407 2831 2620 2900 piaculo
2651 2849 2716 2888 ac
2746 2834 2948 2888 scelere
2990 2834 3232 2898 liberata,
3284 2850 3386 2904 pro

1822 2922 1984 2975 insito
2027 2922 2128 2976 sibi
2175 2920 2372 2976 aﬁ‘cctu
2410 2939 2530 2977 cuin
2575 2923 2752 2977 debita
2789 2927 3134 2981 veneratione
3162 2927 3386 2981 deorum

1821 3014 2202 3069 immortalium
2235 3017 2516 3072 Sacriliciis
2545 3017 2818 3073 inserviat.
2847 3017 3016 3074 Porro
3042 3030 3101 3074 ut
3131 3020 3388 3090 intelliga-

1822 3105 1891 3160 tis
1922 3121 2081 3173 quam
2111 3117 2263 3176 grata
2309 3109 2462 3163 nobis
2493 3108 2656 3164 fuerit
2707 3120 2890 3164 vestra
2928 3111 3041 3164 haec
3071 3111 3385 3180 postulatio,

1821 3207 1876 3249 et
1899 3195 2132 3265 qualiter
2167 3198 2381 3252 animus
2439 3211 2626 3254 noster
2679 3202 2840 3254 etiam
2903 3200 3107 3272 absque
3149 3203 3388 3257 decretis

1818 3285 1945 3342 ullis
1980 3302 2044 3340 ac
2081 3288 2438 3356 petitionibus
2467 3292 2609 3346 ultro
2650 3308 2744 3346 sua
2794 3302 2987 3362 sponte
3024 3293 3088 3347 ad
3121 3291 3388 3349 beneﬁcia

1817 3381 1953 3435 viris
1975 3381 2132 3437 bonis
2164 3381 2442 3452 largienda
2481 3385 2917 3454 promptissimus
2949 3396 3067 3448 est;
3115 3385 3387 3442 devotioni

1817 3483 2015 3526 vestra:
2041 3474 2417 3538 concedimus,
2452 3485 2510 3527 ut
2544 3478 2902 3545 quodcunque
2926 3486 2980 3530 et
3009 3491 3171 3545 quam
3211 3480 3388 3531 maxi-

1818 3580 1966 3618 mum
2017 3564 2302 3619 volueritis
2330 3565 2648 3620 beneﬁcium
2682 3582 2778 3636 pro
2803 3569 2905 3622 Ιιοο
2934 3569 3021 3635 pio
3045 3583 3109 3622 ac
3135 3551 3389 3638 religioso

1817 3667 2004 3710 vestro
2037 3658 2318 3726 proposito
2346 3658 2651 3725 postuletis.
2683 3642 2800 3712 Jam
2831 3673 2958 3726 ergo
2997 3668 3057 3712 ut
3094 3659 3145 3712 id
3174 3660 3388 3716 faciatis

1819 3760 1984 3818 utque
2005 3749 2291 3817 accipiatis
2318 3765 2538 3818 operam
2589 3751 2734 3804 date.
2765 3749 2975 3804 Etenim
3010 3750 3139 3805 illud
3185 3751 3388 3820 abque

1819 3841 1923 3895 ulla
1967 3856 2118 3896 mora
2145 3841 2492 3896 consecuturi
2524 3839 2677 3893 estis.
2733 3839 2884 3906 Quod
2936 3841 3152 3908 quidem
3197 3845 3388 3896 vestra:

1819 3933 2025 3986 civitati
2072 3933 2372 4003 praestitum
2418 3931 2773 3998 beneﬁcium,
2808 3947 2930 3986 cum
2968 3932 3388 4002 religiosissime

1819 4037 2016 4080 vestrae
2063 4040 2192 4096 erga
2249 4025 2380 4080 deos
2442 4024 2775 4079 immortales
2816 4023 3032 4094 pictatis
3070 4036 3386 4095 perpetuum

1817 4118 2076 4186 deinceps
2110 4117 2216 4171 erit
2249 4118 2624 4172 testimonium
2652 4133 2666 4183 ι
2727 4127 2839 4171 tum
2884 4117 3080 4171 vestris
3110 4116 3388 4173 liberis-ac

1818 4207 2102 4275 nepotibus
2146 4207 2485 4272 declarabit,
2532 4220 2627 4263 vos
2681 4223 2779 4278 pro
2825 4209 3129 4277 liujusmodi
3175 4206 3384 4264 vivendi

1817 4301 2030 4356 ratione
2063 4311 2227 4371 atque
2258 4299 2508 4357 instituto
2537 4304 2696 4372 digna
2740 4304 2956 4372 praemia
2996 4318 3026 4357 a
3057 4302 3387 4370 benignitate

1818 4403 2007 4448 nostra
2035 4395 2348 4449 retulisse.)
2385 4394 2704 4463 llujusmodi
2732 4396 2894 4464 igitur
2915 4394 3109 4448 littera:
3136 4394 3189 4448 in
3212 4397 3386 4448 omni;

1819 4484 1918 4538 bus
1970 4485 2267 4553 provinciis
2329 4486 2620 4541 adversum
2677 4502 2777 4541 nos
2819 4485 3030 4556 publice
3077 4484 3384 4554 propositae,

157 4573 314 4645 τέροις
361 4581 849 4653 ἐπιδειχθήσεται.»
898 4582 1082 4636 Ταῦτα
1126 4583 1190 4652 δὴ
1231 4581 1350 4636 καθ’
1384 4581 1538 4651 ἡμῶν
1577 4579 1714 4633 κατά

1822 4595 2036 4636 omnem
2083 4581 2240 4636 nobis
2288 4589 2546 4650 quantum
2595 4581 2812 4650 quidem
2862 4580 2914 4634 in
2954 4580 3232 4634 hominum
3287 4596 3386 4650 po-

159 4670 320 4725 πᾶσαν
345 4675 615 4747 ἐπαρχίαν
652 4676 1095 4747 ἀνεστηλίτευτο,
1141 4677 1320 4747 πάσης
1360 4674 1604 4739 ἐλπίδος,
1653 4673 1712 4726 τὸ

159 4763 271 4828 γοῦν
300 4767 384 4819 ἐπ’
412 4768 741 4841 ἀνθρώποις,
776 4768 986 4841 ἀγαθῆς
1014 4769 1082 4823 τὰ
1120 4768 1241 4822 καθ’
1272 4769 1417 4840 ἡμᾶς
1458 4766 1710 4820 ἀποκλεί-

159 4869 294 4906 οντα·
321 4857 412 4921 ὼς,
447 4862 572 4913 κατ’
605 4861 735 4914 αὑτὸ
763 4860 826 4930 δὴ
852 4861 912 4913 τὸ
943 4861 1080 4914 θεῖον
1106 4863 1280 4931 ἐκεῖνο
1310 4859 1506 4927 λόγιον,
1537 4860 1584 4910 εί
1615 4857 1708 4909 δυ-

157 4945 313 5010 νατὸν,
343 4951 432 5002 ἐπὶ
464 4950 674 5015 τούτοις
711 4953 804 5005 καὶ
833 4953 958 5016 τοὺς
991 4952 1277 5016 ἐκλεκτοὺς
1316 4950 1514 5014 αὑτοὺς
1545 4967 1707 5002 σκαν-

157 5033 454 5101 δαλίζεσθαιέ
502 5043 641 5113 Ἤδη
671 5045 735 5112 γέ
753 5061 834 5098 τοι
882 5043 1064 5113 σχεδὸν
1100 5047 1200 5116 τῆς
1229 5041 1380 5112 παρά
1403 5045 1512 5105 τοῖς
1553 5040 1704 5094 πλεί-

159 5143 285 5193 στοις
315 5132 697 5207 ἀποψυχούσης
724 5135 1068 5207 προσδοκίας,
1095 5135 1304 5208 ἀθρόως
1333 5134 1452 5188 καθ’
1476 5134 1594 5187 ὁδὸν
1626 5133 1704 5185 ἔτι

159 5217 322 5288 σχεδὸν
355 5220 452 5293 τήν
496 5227 718 5296 πορείαν
765 5224 822 5278 ἐν
860 5241 969 5278 τισι
1004 5225 1207 5299 χώραις
1249 5225 1570 5279 διανυόντων
1599 5222 1707 5276 τῶν

216 5378 456 5456 (ὅθ-Ἐν
478 5383 706 5456 φοϐερῷ
735 5385 927 5456 τρόμῳ
947 5384 1412 5456 καταδυομένην.
1448 5383 1705 5440 Scriben-

153 5448 264 5502 dum
294 5448 505 5508 videtur
561 5448 999 5525 ἀκαδυομένην.
1033 5457 1144 5509 Duo
1196 5448 1352 5509 enim
1400 5467 1558 5510 terra:
1591 5470 1706 5508 mo-

156 5526 288 5594 tuum
317 5538 514 5591 genera
534 5526 644 5594 sibi
673 5527 902 5592 invicem
936 5526 1205 5594 opposita,
1233 5528 1320 5579 hic
1351 5540 1379 5578 a
1407 5525 1700 5579 Maximino

153 5587 484 5667 reieriintur;
524 5587 854 5666 βρασματίαι
898 5587 1108 5667 scilicet
1159 5587 1212 5650 et
1265 5595 1582 5666 χασματίαι.
1626 5596 1700 5667 De

153 5659 332 5734 quibus
357 5663 480 5718 vide
514 5659 690 5734 Ainm'.
720 5666 1113 5732 Marcellinum,
1138 5675 1193 5720 et
1219 5659 1338 5734 qua:
1368 5659 1438 5719 ibi
1487 5666 1692 5720 natavi.

153 5723 525 5803 lnnuitautem
577 5733 892 5803 Maximinus
945 5723 1111 5790 teme.
1173 5723 1376 5790 motum
1409 5736 1577 5798 illum,
1602 5737 1692 5803 qui

157 5797 327 5854 urbem
356 5801 559 5871 Tyrum
593 5801 875 5876 alilixerat,
904 5821 1044 5861 anno
1087 5817 1215 5862 ante
1260 5797 1696 5876 persecutitinéni

1824 4682 2019 4726 testate
2069 4672 2232 4726 situm
2277 4681 2414 4731 erat.
2471 4688 2619 4740 spem
2691 4671 2966 4726 felicitatis
3016 4667 3382 4727 ademerantf

1816 4765 1954 4817 adeo
1987 4773 2065 4826 ut,
2093 4763 2244 4833 juxta
2272 4765 2516 4818 divinum
2541 4765 2988 4826 illudoraculum,
3013 4765 3173 4820 etiam
3204 4765 3383 4831 electi,

1814 4855 1860 4909 si
1895 4857 1995 4909 lioc
2025 4855 2138 4910 lieri
2170 4865 2380 4924 posset,
2414 4857 2484 4911 ob
2533 4858 2648 4911 haec
2687 4857 3000 4912 scandalum
3035 4867 3373 4927 paterentur.

1829 4947 2077 5016 Cumque
2121 4948 2361 5003 caalcsﬁs
2396 4950 2580 5003 auxilii
2613 4951 2947 5019 exspectatio
2970 4949 3080 5019 jam
3118 4951 3172 5003 in
3212 4951 3385 5020 pluri-

1816 5039 1918 5093 mis
1951 5049 2262 5094 nostrorum
2293 5040 2691 5111 refrigesceret,
2725 5049 2942 5109 repente
2965 5039 3229 5096 ministris
3254 5043 3385 5111 ipss

1815 5132 1906 5200 qui
1936 5132 2283 5200 supradictas
2317 5133 2526 5189 litteras
2573 5133 3033 5189 circumferebant
3098 5133 3274 5189 adhuc
3329 5136 3382 5188 in

1818 5223 2143 5294 quibusdam
2205 5226 2501 5294 provinciis
2562 5225 2665 5280 iter
2724 5241 2880 5280 suum
2953 5229 3377 5294 peragentibus,

1817 5381 2164 5446 Diocletiani,
2201 5391 2261 5436 ut
2293 5381 2463 5436 refert
2496 5383 2757 5437 Eusebius
2789 5383 2838 5435 in
2869 5380 3150 5437 Chronica.

1881 5453 1990 5528 (55)
2029 5452 2146 5519 Τὴν
2169 5453 2436 5528 ἔμφυτον
2463 5452 2616 5521 αὐτῇ
2665 5453 2970 5528 πρόθεσιν.
2997 5452 3377 5528 _Scribendniu

1816 5521 2027 5579 videtur
2055 5521 2207 5576 κατὰ
2237 5521 2353 5590 τὴν
2375 5522 2662 5592 ἔμφυτον,
2715 5533 2770 5574 ιιι
2807 5521 3079 5577 MuSculus
3127 5533 3181 5590 et
3210 5523 3374 5577 Chri-

1803 5597 2194 5666 stopliorsonus
2223 5592 2490 5666 legerunt.
2531 5593 2696 5647 Paulo
2719 5603 2849 5666 post
2881 5610 2976 5664 pro
3003 5594 3114 5666 ὅσῳ
3146 5609 3376 5665 προσφι-

1800 5663 2120 5736 λὴςψιιιοιὶιιι
2141 5663 2379 5736 scribere
2407 5663 2482 5736 ὡς
2516 5663 2837 5736 προσφιλής.

1871 5735 1982 5805 (56)
2015 5732 2122 5787 Τοῦ
2138 5730 2205 5784 δὲ
2227 5731 2402 5805 ὑμᾶς.
2438 5730 2796 5792 Scribendum
2822 5744 2949 5804 puto
2973 5733 3078 5790 τοῦ
3110 5752 3174 5790 τε
3192 5732 3376 5805 Quae;

1804 5804 2099 5874 Supplendo
2141 5803 2465 5874 μαρτυρίαν.
