3858 6260
427 303 534 359 815

1124 298 1392 358 EUSEBII
1429 298 1907 357 CESARIENSIS
1946 298 2097 356 OPP.
2139 297 2319 357 PARS
2360 300 2400 354 I.
2440 330 2505 341 —
2546 295 2945 356 HISTORICA.

3549 307 3646 362 836

432 423 590 492 Deus,
605 422 696 493 qui
715 418 963 478 Ecclesiae
995 435 1106 475 sua:
1144 435 1361 492 semper
1398 420 1712 488 auxiliatur,
1748 420 1982 476 insolen-

2092 418 2179 490 τὴν
2209 419 2571 491 προκειμένην
2610 419 2822 490 γραφὴν
2857 417 2977 472 καθ’
3005 416 3161 489 ἡμῶν
3203 417 3646 490 διακονουμένων,

431 524 539 569 tem
609 515 869 569 adversus
921 527 1017 568 uos
1088 513 1305 584 tyranni
1364 514 1669 583 superbiam
1731 523 1985 581 tanquam

431 607 632 677 injecto
684 605 738 661 in
791 620 853 661 os
909 605 1060 659 l'reno
1104 604 1489 674 comprimens,
1536 603 1700 675 355
1750 606 1988 661 ctelestis

431 715 544 755 suae
572 697 828 770 potentia:
868 696 1024 753 nobis
1051 696 1367 767 opitulantis
1416 697 1759 766 praesentiam
1804 697 1986 753 decla-

430 789 586 845 ravit.

1003 879 1228 937 CAPUT
1272 880 1400 937 VIII.

428 970 506 1027 De
557 970 636 1027 his
682 986 802 1042 quae
852 982 1028 1039 postea
1071 971 1376 1026 acciderunt
1409 982 1518 1026 tum
1558 973 1615 1028 in
1657 971 1824 1041 bello,
1878 983 1988 1028 tum

847 1043 1004 1110 fanti:
1039 1060 1102 1097 ac
1129 1045 1287 1111 pestis
1318 1054 1566 1112 tempore.

499 1155 632 1212 Nam
664 1156 866 1214 imbres
895 1158 1110 1227 quidem
1145 1174 1209 1213 ac
1246 1158 1437 1227 pluviae
1482 1160 1712 1215 hiberno
1748 1169 1990 1233 tempore

432 1248 796 1306 abundantius
833 1251 1025 1305 cadere
1069 1261 1267 1320 przeter
1318 1251 1537 1307 solitum
1565 1253 1862 1310 desierunt.
1920 1255 1987 1311 Et

430 1339 706 1411 insperata
731 1342 956 1412 contigit
984 1341 1181 1406 fames;
1211 1357 1372 1412 quam
1398 1343 1591 1399 deinde
1614 1346 1780 1415 pestis
1801 1347 1989 1401 subse-

427 1443 550 1488 cuta
600 1444 701 1489 est.
751 1435 954 1489 Praeter
983 1435 1101 1489 haec
1134 1434 1356 1490 alterius
1391 1435 1673 1503 cujusdam
1704 1438 1874 1493 morbi
1910 1438 1990 1493 vis

426 1526 632 1592 saeviit;
692 1527 844 1582 ulcus
888 1526 1140 1582 videlicet
1194 1528 1335 1597 quod
1388 1528 1459 1583 ob
1511 1528 1986 1585 inﬂammationem

426 1619 795 1674 carbunculus
840 1629 1086 1674 vocatur.
1145 1618 1241 1674 llic
1284 1621 1523 1685 morbus,
1548 1637 1644 1689 per
1677 1621 1986 1676 universum

425 1727 625 1780 corpus
656 1711 915 1782 paulatim
950 1724 1204 1779 serpens,
1248 1711 1432 1778 gravia
1484 1712 1645 1783 aegris
1672 1713 1986 1767 discrimina

426 1802 705 1859 aﬂ‘erebat.
742 1803 847 1859 Sed
888 1804 1155 1874 praecipue
1184 1804 1328 1860 circa
1364 1803 1548 1858 oculos
1575 1804 1785 1859 haereus
1816 1815 1870 1859 et
1902 1805 1982 1860 in-

426 1896 612 1951 sitiens
635 1895 861 1958 diutius,
881 1895 1192 1953 innumeros
1214 1898 1536 1966 promiscua:
1555 1898 1733 1953 aetatis
1754 1907 1808 1953 et
1830 1912 1989 1953 sexus

426 1988 724 2043 luminibus
751 1988 981 2043 orbavit.
1019 1989 1219 2045 Bellum
1254 1991 1474 2060 insuper
1505 2008 1534 2044 a
1574 2001 1807 2062 tyranno
1838 2006 1987 2046 com-

426 2087 632 2133 motum
663 2087 743 2133 est
770 2079 1033 2135 adversus
1078 2080 1387 2145 Armenios,
1432 2080 1540 2147 jam
1573 2080 1701 2135 inde
1728 2096 1757 2135 a
1793 2081 1989 2152 priscis

427 2170 760 2240 temporibus
802 2171 1007 2226 amicos
1038 2187 1100 2227 ac
1150 2172 1327 2228 socios
1369 2172 1548 2242 populi
1596 2171 1844 2227 Romani.
1887 2173 1987 2240 Qui

424 2276 548 2317 cum
578 2262 873 2318 Christiani
905 2263 1003 2334 ipsi
1038 2280 1251 2336 quoque
1306 2274 1491 2322 essent
1536 2277 1591 2322 et
1622 2266 1819 2320 divinae
1858 2265 1987 2321 reli-

425 2352 603 2423 gionis
630 2355 1036 2422 studiosissimi,
1097 2357 1207 2413 Deo
1253 2358 1459 2414 invisus
1501 2370 1761 2429 tyrannus
1793 2374 1890 2414 eos
1923 2358 1989 2414 ad

425 2445 842 2502 simulacrorum
884 2463 947 2504 ac
986 2448 1287 2503 daemonum
1327 2449 1529 2504 cultum
1569 2448 1853 2504 traducere
1895 2462 1991 2517 per

422 2538 532 2591 vim
560 2549 812 2609 conatus,
849 2556 947 2611 pro
982 2542 1171 2596 amicis
1199 2542 1468 2604 inimicos,
1491 2541 1677 2596 hostes
1704 2554 1800 2610 pro
1828 2538 1991 2596 sociis

423 2627 625 2687 effecit.
661 2633 788 2689 lla‘c
830 2632 995 2705 igitur
1040 2634 1217 2688 omnia
1258 2648 1365 2688 uno
1406 2633 1704 2704 eodemque
1747 2642 1991 2701 tempore

425 2738 551 2782 cum
579 2726 758 2781 subito
783 2724 1173 2781 conﬂuxissent
1196 2767 1212 2790 ,
1264 2736 1604 2796 arrogantem
1635 2728 1988 2783 conﬁdentis-

427 2818 549 2872 simi
577 2816 786 2888 tyranni
815 2817 1131 2885 jactantiam
1162 2817 1529 2881 coul'utarunt,
1551 2820 1641 2888 qui
1664 2818 1733 2873 ob
1754 2821 1989 2873 studium

428 2912 483 2966 in
538 2912 779 2967 colendis
806 2912 1133 2978 simulacris,
1186 2922 1241 2967 et
1294 2922 1513 2983 propter
1560 2917 1987 2985 persecutionem

428 3012 758 3067 nostrorum,
796 3017 897 3056 nec
927 3000 1121 3057 famem
1146 3043 1161 3062 .
1195 3017 1293 3057 nec
1323 3004 1708 3072 pestilentiam,
1747 3021 1846 3061 nec
1876 3007 1990 3061 bel-

2086 514 2114 565 ὁ
2149 513 2247 583 τῆς
2288 510 2422 573 ιδίας
2458 510 2776 582 Ἐκκλησίας
2810 510 3131 583 ὑπέρμαχος
3167 509 3334 577 Θεὸς,
3377 515 3648 583 μονονουχὶ

2085 603 2185 674 τὴν
2210 600 2302 656 τοῦ
2327 602 2589 673 τυράννου
2632 602 2753 657 καθ’
2782 601 2940 674 ήμῶν
2969 603 3337 674 ἐπιστομίζων
3378 606 3645 676 μεγαλαυ-

2086 695 2229 765 χίαν,
2279 695 2378 766 τὴν
2422 695 2563 766 ὑπὲρ
2615 694 2773 766 ἡμῶν
2825 694 3073 767 οὐράνιον
3117 694 3283 750 αὐτοῦ
3338 697 3649 770 συμμαχίαν

2086 787 2448 842 ἐπεδείκνυτο.

2615 880 3009 935 ΚΕΦΑΛΑΙΟΝ
3046 883 3127 936 H'.

2086 972 2225 1042 Περὶ
2254 970 2375 1026 τῶν
2404 971 2554 1026 κατὰ
2581 972 2764 1045 ταῦτα
2789 975 3249 1045 συμϐεϐηκότων
3275 974 3347 1030 ἐν
3371 972 3525 1045 λιμῷ
3555 973 3647 1030 καί

2525 1042 2715 1113 λοιμῷ
2751 1043 2849 1097 καί
2874 1042 3194 1114 πολέμοις.

2157 1157 2219 1208 Oi
2248 1154 2347 1226 μὲν
2370 1152 2463 1210 οὖν
2496 1154 2555 1224 ἐξ
2578 1154 2733 1222 ἔθους
2764 1157 2874 1229 (57)
2904 1158 3099 1232 δμὸροι
3121 1175 3180 1215 τε
3214 1162 3308 1215 καὶ
3326 1158 3472 1214 ὑετοὶ
3490 1199 3506 1223 ,
3535 1175 3647 1228 χει-

2090 1245 2278 1317 μαδίου
2310 1250 2410 1319 τῆς
2445 1246 2590 1320 ὥρας
2627 1248 3009 1322 ὑπαρχούσης,
3054 1252 3153 1323 τὴν
3184 1252 3277 1306 ἐπὶ
3306 1251 3412 1323 γῆς
3443 1253 3651 1324 ἀνεῖχον

2089 1339 2289 1411 συνήθη
2338 1339 2541 1412 φοράν,
2593 1340 2750 1412 λιμὸς
2789 1341 2836 1395 δ’
2872 1342 3130 1415 ἀδόκητος
3172 1345 3529 1416 ἐπισκήπτει,
3562 1343 3654 1398 καὶ

2087 1430 2270 1500 λοιμὸς
2301 1432 2393 1485 ἐπὶ
2417 1431 2607 1503 τούτῳ,
2644 1432 2737 1486 καί
2761 1450 2904 1499 τινος
2927 1435 3115 1506 ἑτέρου
3143 1437 3469 1506 νοσήματος,
3502 1436 3653 1500 ἕλκος

2086 1520 2142 1575 δὲ
2171 1517 2238 1592 ἦν
2269 1522 2605 1592 φερωνύμως
2625 1521 2718 1576 τοῦ
2736 1522 3015 1594 πυρώδους
3043 1526 3246 1589 ἕνεκεν,
3268 1525 3473 1598 ἄνθραξ
3493 1542 3657 1597 προσ-

2088 1612 2480 1683 αγορευόμενον
2499 1652 2513 1676 ,
2560 1613 2798 1685 ἐπιφορά
2816 1632 2828 1644 ·
2861 1613 2891 1667 ὃ
2918 1614 3039 1668 καθ’
3055 1615 3190 1670 ὅλων
3218 1617 3314 1687 μὲν
3334 1617 3500 1688 ἕρπον
3526 1618 3655 1686 (37‘)

2089 1705 2195 1758 τῶν
2246 1705 2513 1776 σωμάτων
2534 1747 2548 1771 ,
2603 1706 2904 1777 σφαλεροὺς
2948 1707 3180 1761 ἐνεποίει
3220 1712 3330 1773 τοῖς
3365 1708 3656 1763 πεπονθόσι

2018 1770 2060 1824 υ
2089 1770 2394 1860 κινδύνους,
2443 1798 2505 1850 οὐ
2555 1770 2661 1868 μὴν
2713 1770 2847 1850 άλλά
2892 1797 2987 1852 και
3028 1798 3171 1852 κατά
3219 1770 3324 1853 τε»)
3365 1799 3657 1871 ὀφθαλμῶν

2087 1893 2448 1965 διαφερόντως
2479 1896 2572 1948 ἐπὶ
2613 1894 2862 1948 πλεῖστον
2902 1893 3214 1966 γινόμενον,
3248 1892 3476 1964 μυρίους
3503 1893 3658 1957 ὅσους

2088 1984 2285 2057 ἄνδρας
2324 1984 2442 2057 ἅμα
2472 1985 2662 2055 γυναξὶ
2698 1988 2791 2041 καὶ
2823 1988 2977 2040 παισὶ
3022 1986 3233 2057 πηροὺς
3272 1983 3657 2056 ἀπειργάζετο.

2089 2074 2312 2139 Τούτοις
2340 2076 2840 2147 προσεπανίσταται
2867 2075 2944 2147 τῷ
2965 2075 3214 2147 τυράννῳ
3236 2076 3267 2128 δ
3291 2074 3430 2147 πρὸς
3462 2076 3661 2148 Ἀρμε-

2088 2166 2233 2230 νίους
2265 2168 2519 2239 πόλεμος,
2551 2169 2747 2242 ἄνδρας
2772 2168 2831 2234 ἐξ
2860 2168 3088 2240 ἀρχαίου
3114 2168 3297 2237 φίλους
3318 2185 3379 2221 τε
3405 2168 3503 2222 καὶ
3529 2185 3663 2240 συμρ

2092 2256 2297 2329 μάχους
2342 2259 2629 2330 Ῥωμαίων
2655 2278 2668 2292 ’
2715 2259 2809 2325 οὓς
2835 2261 2928 2315 καὶ
2960 2260 3156 2324 αὐτοὺς
3187 2261 3550 2333 Χριστιανοὺς
3575 2259 3661 2316 ἃν·-

2088 2366 2207 2414 τας,
2238 2350 2332 2404 καὶ
2359 2352 2457 2423 τὴν
2484 2353 2563 2417 είς
2595 2353 2656 2407 τὸ
2680 2354 2834 2408 Θεῖον
2864 2353 3143 2408 εὐσέϐειαν
3172 2354 3259 2409 διὰ
3292 2355 3529 2426 σπουδῆς
3554 2371 3664 2410 ποι-

2088 2443 2381 2513 ουμένους,
2426 2447 2455 2498 ὁ
2500 2445 2758 2519 θεομισὴς
2799 2446 3039 2511 εἰδώλοις
3081 2446 3228 2502 θύειν
3275 2449 3369 2501 καὶ
3414 2448 3666 2517 δαίμοσιν

2089 2535 2466 2605 ὲπαναγκάσαι
2505 2539 2905 2610 πεπειραμένος
2923 2581 2937 2605 ,
2971 2538 3196 2612 ἐχθροὺς
3225 2539 3346 2594 ἀντὶ
3376 2540 3545 2610 φίλων
3572 2539 3665 2595 καὶ

2091 2627 2379 2698 πολεμίους
2414 2630 2536 2684 ἀντὶ
2569 2631 2872 2701 συμμάχων
2900 2633 3288 2703 κατεστήσατο.
3335 2632 3572 2703 Ἀθρόως
3599 2632 3663 2705 δὴ

2089 2714 2262 2771 ταῦτα
2308 2717 2484 2772 πάντα
2533 2718 2622 2789 ὑφ’
2663 2720 2759 2772 ἕνα
2805 2720 2900 2773 καὶ
2944 2720 3034 2774 τὸν
3084 2721 3244 2775 αὑτὸν
3291 2722 3668 2794 συρῤεύσανεα

2091 2814 2281 2885 καιρὸν
2303 2853 2317 2878 ,
2361 2817 2460 2884 τῆς
2489 2814 2582 2869 τοῦ
2627 2815 2889 2887 τυράννου
2920 2815 3250 2888 θρασύτητος
3276 2818 3373 2888 τὴν
3400 2817 3545 2871 κατά
3570 2817 3665 2871 τοῦ

2091 2903 2234 2958 θείου
2295 2906 2664 2977 μεγαλαυχίαν
2705 2906 3010 2978 διήλεγξεν,
3052 2909 3133 2961 ὅτι
3175 2907 3237 2979 δὴ
3281 2909 3382 2979 τῆς
3426 2909 3559 2979 περὶ
3599 2909 3667 2962 τὰ

2083 2996 2283 3064 ,εἴδωλα
2319 2998 2430 3070 ('18)
2461 2998 2625 3051 αὐτοῦ
2655 2999 2891 3069 σπουδῆς
2913 2999 3004 3051 καὶ
3034 3000 3134 3069 τῆς
3161 2999 3283 3053 καθ’
3316 2998 3477 3071 ἡμῶν
3503 3001 3667 3056 ἕνεκα

427 3094 537 3147 lum
571 3092 805 3162 denique
851 3092 1017 3146 ullum
1059 3093 1171 3148 suis
1223 3093 1555 3164 temporibus
1588 3095 1852 3152 accidisse
1890 3113 1989 3151 au-

2096 3088 2431 3160 πολιορκίας,
2468 3089 2542 3161 μὴ
2574 3089 2749 3159 λιμὸν,
2785 3089 2918 3162 μηδὲ
2953 3090 3156 3165 λοιμὸν,
3196 3090 3327 3163 μηδὲ
3374 3092 3484 3164 μὴν
3510 3093 3668 3147 πόλε-

427 3185 616 3246 dacter
659 3183 1014 3255 gloriabatur.
1045 3184 1221 3254 Atque
1259 3185 1372 3240 haec
1405 3186 1587 3240 omnia
1618 3187 1808 3243 eodem
1856 3199 1992 3243 tem-

426 3278 576 3348 poris
624 3286 894 3332 momento
948 3275 1105 3330 simul
1166 3277 1498 3346 ingruentia,
1559 3280 1803 3347 quaedam
1836 3280 1990 3349 quasi

428 3366 691 3436 prommia
752 3365 1081 3420 imminentis
1132 3374 1363 3435 tyranno
1410 3366 1559 3421 exitii
1623 3371 1989 3425 ostentabant.

429 3455 497 3509 Et
533 3454 649 3522 ipse
679 3455 897 3524 quidem
939 3455 991 3508 in
1047 3454 1188 3510 bello
1240 3455 1503 3513 adversus
1543 3458 1831 3514 Armenios
1885 3474 1991 3514 una

428 3562 550 3601 cum
600 3547 842 3601 exercitu
895 3560 994 3599 suo
1042 3546 1221 3602 varias
1284 3546 1471 3604 clades
1510 3558 1676 3620 atque
1724 3566 2018 3628 aerumnas

427 3637 665 3707 pertulit.
713 3637 925 3708 Reliqui
969 3653 1096 3692 vero
1135 3640 1226 3708 qui
1260 3642 1419 3695 urbes
1456 3639 1568 3710 ejus
1606 3643 1838 3712 imperio
1866 3646 1991 3699 sub-

428 3731 569 3784 ditas
601 3731 929 3795 incolebant,
957 3731 1099 3785 fame
1130 3732 1288 3788 simul
1318 3749 1380 3789 ac
1410 3734 1720 3804 pestilentia
1754 3738 1993 3806 graviter

426 3823 606 3877 vexati
636 3831 801 3878 sunt:
835 3823 969 3880 adeo
1001 3833 1062 3878 ut
1089 3841 1226 3880 unus
1260 3824 1516 3881 frumenti
1562 3827 1866 3882 medimnus
1910 3827 1993 3883 bis

427 3915 579 3969 mille
609 3924 660 3971 et
684 3916 994 3986 quingentis
1017 3918 1213 3973 Atticis
1244 3918 1521 3974 drachmis
1561 3922 1986 3974 venundaretur.

430 4007 496 4062 lit
539 4007 809 4062 innumeri
859 4007 1077 4079 quidem
1119 4010 1170 4063 in
1217 4009 1459 4074 urbibus,
1519 4009 1701 4080 plures
1760 4026 1889 4065 vero
1935 4011 1989 4066 in

428 4104 574 4175 agris
605 4114 659 4159 et
692 4103 827 4159 vicis
851 4103 1051 4172 passim
1075 4104 1374 4159 interibant
1403 4120 1417 4157 :
1452 4103 1505 4158 in
1539 4114 1748 4157 tantum
1781 4115 1840 4157 ttt
1863 4120 1992 4157 cen-

427 4196 608 4251 suales
666 4195 855 4249 tabulae
919 4194 1045 4249 olim
1098 4196 1302 4262 ingenti
1374 4196 1697 4250 rusticorum
1764 4210 1990 4251 numero

428 4290 671 4359 repletae,
701 4303 806 4340 una
835 4301 1002 4356 prope
1032 4285 1194 4340 litura
1232 4287 1425 4341 deleta:
1456 4286 1693 4351 fuerint;
1741 4287 1991 4340 omnibus

429 4378 541 4433 fere
569 4389 661 4432 aut
689 4376 862 4433 victus
912 4376 1114 4444 inopia,
1161 4385 1251 4430 aut
1284 4376 1554 4446 pestilenti
1600 4379 1791 4430 morbo
1830 4376 1989 4431 simul

2097 3197 2195 3251 μον
2244 3182 2335 3234 ἐπὶ
2386 3180 2494 3235 τῶν
2550 3182 2713 3237 αὑτοῦ
2766 3183 3035 3254 συμϐῆναι
3065 3182 3273 3256 καιρῶν
3317 3183 3666 3256 ἐθρασύνετο.

2093 3271 2276 3327 Ταῦτα
2306 3274 2351 3327 δ’
2377 3270 2469 3327 οὖν
2501 3273 2637 3344 ὁμοῦ
2664 3274 2758 3328 καὶ
2788 3273 2929 3327 κατά
2960 3274 3020 3328 τὸ
3048 3274 3181 3328 αὐτὸ
3205 3275 3501 3329 ἐπελθόντα
3526 3316 3541 3338 ,
3579 3276 3671 3330 καὶ

2090 3367 2188 3435 τῆς
2236 3365 2398 3419 αὐτοῦ
2455 3366 2836 3437 καταστροφῆς
2884 3367 3220 3439 περιειλήφει
3264 3368 3337 3421 τὰ
3381 3366 3666 3440 προοίμια.

2090 3456 2260 3520 Αὐτὸς
2312 3458 2410 3528 μὲν
2451 3454 2543 3511 οὖν
2592 3459 2717 3530 περὶ
2756 3459 2848 3513 τὸν
2897 3459 3031 3532 πρὸς
3075 3461 3393 3532 ’Δρμενίους
3434 3461 3673 3532 πόλεμον

2092 3547 2207 3617 ἅμα
2246 3551 2358 3613 τοῖς
2400 3548 2564 3603 αὐτοῦ
2611 3550 2990 3621 στρατοπέδοις
3029 3555 3410 3616 κατεπονεῖτο,
3446 3554 3575 3618 τοὺς
3615 3554 3669 3607 δὲ

2090 3640 2307 3705 λοιποὺς
2332 3641 2439 3694 τῶν
2468 3643 2567 3706 τὰς
2600 3643 2691 3696 ὑπ’
2719 3643 2878 3697 αὑτὸν
2919 3643 3102 3702 πόλεις
3133 3645 3446 3701 οἰκούντων.
3482 3644 3668 3708 δεινῶς

2089 3733 2118 3784 δ
2162 3732 2321 3804 λιμός
2356 3752 2415 3788 τε
2450 3736 2564 3806 ἆμα
2607 3736 2703 3788 καὶ
2734 3735 2921 3806 λοιμὸς
2953 3736 3356 3809 κατετρυχέτην
3395 3738 3508 3806 (59)
3529 3777 3544 3799 ,
3593 3738 3667 3801 ὡς

2090 3824 2207 3887 ἐνὸς
2239 3825 2438 3899 μέτρου
2482 3826 2691 3898 πυρῶν,
2730 3826 2993 3897 δισχιλίας
3018 3827 3111 3880 καὶ
3146 3829 3512 3892 πεντακοσίας
3546 3829 3663 3881 Ἀτ-

2089 3921 2248 3982 ma;
2275 3918 2878 3975 ἀντικαταλλάττεσθαι.
2909 3920 3106 3992 Μυρίοι
3134 3921 3232 3992 μὲν
3253 3915 3346 3974 οὖν
3372 3919 3664 3991 ἐτύγχανον

2088 4015 2137 4066 οἱ
2173 4012 2312 4066 κατὰ
2336 4011 2517 4075 πόλεις
2546 4012 2888 4084 θνήσκοντες,
2914 4013 3132 4076 πλείους
3157 4005 3213 4065 δὲ
3238 4013 3444 4066 τούτων
3468 4014 3517 4065 oi
3546 4013 3665 4065 κατ’

2090 4104 2292 4176 ἀγρούς
2324 4121 2382 4157 τε
2414 4105 2508 4158 καὶ
2540 4103 2760 4175 κώμας,
2806 4104 2883 4167 ὡς
2929 4104 3030 4176 ῆδη
3078 4105 3173 4158 καὶ
3217 4103 3316 4168 τὰς
3360 4104 3527 4158 πάλαι
3559 4102 3665 4156 τῶν

2090 4197 2359 4268 ἀγροίκων
2390 4196 2751 4265 πολυάνδρους
2779 4197 3125 4267 ἀπογραφὰς,
3160 4197 3357 4268 μικροῦ
3394 4197 3504 4250 δεῖν
3533 4214 3663 4251 πανο

2087 4287 2214 4359 τελῆ
2247 4287 2439 4341 παθεῖν
2483 4287 2775 4357 ἐξάλειψιν,
2816 4288 3025 4359 ἀθρόως
3062 4288 3247 4359 σχεδὸν
3279 4289 3536 4343 ἁπάντων
3578 4291 3665 4342 ὲνο

2088 4378 2203 4449 δείᾳ
2229 4378 2437 4449 τροφῆς
2462 4379 2557 4430 καὶ
2589 4376 2840 4448 λοιμώδει
2866 4379 3006 4449 νόσῳ
3047 4377 3480 4451 διεφθαρμένων.
3511 4379 3669 4441 Τινὲς

427 4468 751 4538 absumptis.
789 4467 1018 4534 Quidam
1053 4482 1149 4535 pro
1176 4466 1367 4535 exiguo
1391 4466 1679 4519 admodum
1716 4468 1840 4521 cibo
1863 4469 1987 4521 cba-

2093 4470 2190 4541 μὲν
2221 4464 2311 4522 οὖν
2344 4470 2408 4522 τὰ
2448 4470 2655 4523 ἑαυτῶν
2693 4468 2921 4538 φίλτατα
2956 4469 3297 4541 βραχυτάτης
3323 4474 3531 4541 τροφῆς
3558 4473 3669 4533 τοῖς

428 4561 641 4615 rissima
677 4559 899 4630 pignora
934 4556 1099 4629 356
1129 4556 1576 4627 locupletioribus
1619 4560 1851 4613 vendere
1883 4574 1987 4613 non

2093 4560 2486 4632 εὐπορωτέροις
2517 4561 2848 4632 ἀπεμπολεῖν
2888 4561 3105 4631 ⁴ιγξίουν,
3144 4562 3291 4617 ἄλλοι
3319 4562 3378 4615 δὲ
3405 4563 3507 4627 τὰς
3537 4565 3672 4633 κτή-

428 4652 771 4706 dubitabaut.
823 4650 950 4714 Alii,
981 4651 1258 4704 distractis
1315 4650 1576 4718 paulatim
1645 4652 1862 4719 praediis
1928 4667 1989 4706 ac

2098 4668 2210 4716 σεις
2238 4652 2376 4705 κατά
2416 4652 2587 4723 βραχὺ
2633 4652 3145 4724 διαπιπράσκοντες,
3194 4657 3275 4717 εἰς
3316 4654 3554 4726 ἐσχάτην
3587 4657 3672 4707 ἐν·

430 4741 776 4795 l'aeultatibus
843 4739 975 4803 suis,
1035 4739 1100 4793 ad
1140 4749 1440 4793 extremam
1497 4739 1732 4809 inopiam
1786 4740 1985 4794 redacti

2094 4744 2241 4808 δείας
2274 4744 2504 4816 ἀπορίαν
2544 4743 2802 4815 ῆλαυνον·
2842 4744 2941 4817 ῆδη
2976 4744 3031 4797 δέ
3063 4762 3207 4809 τινες
3237 4746 3448 4817 σμικρὰ
3475 4747 3669 4818 χόρτου

428 4844 574 4889 sunt.
602 4832 712 4887 Nec
740 4830 963 4886 defuere
987 4831 1079 4898 qui
1112 4831 1322 4885 modica
1363 4830 1470 4885 leni
1498 4843 1771 4901 segmenta
1803 4830 1987 4886 avulsa

2093 4832 2530 4905 διαμασσὼμενοι
2560 4833 2948 4905 σπαράγματα,
2990 4833 3082 4886 καί
3108 4851 3257 4897 τινας
3282 4835 3508 4904 ἁναίδην
3536 4835 3671 4904 φθο-

427 4929 768 4988 maudentes,
792 4935 848 4979 et
872 4925 1049 4980 noxiis
1081 4926 1402 4994 quibusdam
1434 4924 1635 4993 absque
1657 4924 1766 4979 ullo
1796 4924 1989 4979 discri-

2097 4924 2347 4995 ροποιοὺς
2378 4922 2645 4987 ἐσθίοντες
2670 4924 2837 4987 πόας,
2867 4924 2964 4995 τὴν
2990 4924 3098 4977 τῶν
3138 4925 3403 4993 σωμάτων
3428 4924 3543 4991 ἕξιν
3575 4925 3671 4978 λυ-

429 5021 580 5072 utine
634 5019 772 5085 pasti
828 5018 1162 5085 graminibus
1209 5016 1404 5087 quibus
1455 5016 1705 5071 valetudo
1746 5018 1989 5085 corporis

2098 5016 2394 5087 μαινόμενα
2435 5015 2742 5069 διώλλυντο.
2776 5017 2884 5069 Καὶ
2912 5016 3146 5084 γυναίων
3175 5016 3231 5069 δὲ
3256 5014 3367 5070 τῶν
3400 5017 3540 5070 κατά
3574 5016 3673 5069 πό-

430 5108 905 5176 corrumpebatnr,
954 5107 1096 5163 laute
1127 5109 1434 5163 interirent.
1479 5107 1585 5162 Sed
1632 5119 1686 5163 et
1734 5109 1988 5163 mulieres

2094 5108 2205 5172 λεις
2252 5107 2535 5176 εὐγενίδων
2567 5107 2709 5171 τινὲς
2728 5147 2742 5169 ,
2769 5109 2849 5171 είς
2874 5107 3226 5177 ἀναίσχυντον
3254 5108 3500 5179 ἀνάγκην
3529 5107 3671 5179 πρὸς

427 5199 674 5271 quaedam
723 5199 865 5254 inter
916 5213 1042 5254 suos
1104 5214 1209 5253 non
1255 5198 1539 5267 ignobiles,
1597 5212 1709 5266 prae
1774 5212 1985 5251 summa

2092 5202 2192 5272 τῆς
2223 5201 2454 5274 ἀπορίας
2487 5200 2813 5263 ὲλασθεῖσαι,
2859 5204 3130 5271 μεταιτεῖν
3172 5202 3265 5255 ἐπὶ
3305 5203 3416 5256 τῶν
3452 5202 3668 5272 ἀγορῶν

428 5299 671 5361 egestate
702 5291 769 5344 ad
804 5289 1219 5343 inverecundam
1251 5287 1545 5356 compulsa:
1586 5286 1985 5352 necessitatem,

2092 5293 2523 5366 προεληλύθεσαν
2547 5332 2562 5357 ,
2603 5293 2703 5364 τῆς
2746 5292 2912 5346 πάλαι
2954 5293 3260 5365 ἐλευθερίου
3301 5295 3506 5366 τροφῆς
3531 5294 3666 5347 ὑπό-

496 5453 609 5523 (57)
640 5455 705 5506 οι
724 5446 969 5522 μὲνοῦν
990 5450 1058 5516 ἐξ
1080 5450 1281 5523 Ᾱὲθους.
1323 5450 1404 5523 Alt
1431 5450 1511 5503 Itis
1546 5450 1726 5523 verbis
1756 5450 1983 5523 inclma-

428 5520 516 5576 tur
558 5520 609 5575 c.
640 5523 672 5576 8
695 5564 709 5586 ,
727 5520 795 5574 'in
820 5521 1184 5575 vetustissimo
1209 5521 1480 5575 Mazarino
1506 5521 1708 5585 codice,
1736 5520 1821 5575 cui
1848 5536 1980 5574 con-

430 5596 589 5646 sentit
615 5592 881 5645 cod.Fuk.
909 5607 971 5646 ac
1000 5592 1319 5654 Ruliuus,et
1335 5591 1469 5643 ratio
1489 5591 1600 5657 ipsa
1632 5592 1701 5643 ita
1727 5592 1979 5659 postulat.
2080 5592 2115 5646 ὅ
2141 5608 2205 5645 τε
2229 5591 2326 5658 δή.

502 5662 635 5730 (57')
679 5664 924 5729 Ἕρπον.
964 5660 1056 5715 Sic
1086 5663 1423 5715 correximus
1457 5662 1599 5729 quod
1631 5661 1682 5714 iu
1719 5657 1876 5729 impr.
1904 5662 1979 5713 le-

2156 5663 2269 5731 (59)
2295 5657 2775 5731 Κατετρυχέτην.
2809 5660 2899 5715 Sic
2965 5661 3015 5731 in
3048 5659 3203 5714 codd.
3243 5658 3407 5726 llam,
3440 5657 3574 5713 Med.
3609 5662 3664 5709 et

502 5680 635 5730 tor)
705 5680 924 5729 ιορπον.
966 5680 1056 5715 διο
1086 5680 1423 5715 οοιτθχηηιιδ
1457 5680 1599 5729 quuu
1631 5680 1682 5714 tu
1719 5680 1876 5729 ιιιψι·⁸
1904 5680 1979 5713 Ie-

431 5732 573 5802 gitur
598 5731 802 5803 ἓρπων,
828 5733 940 5785 sive
965 5745 1153 5785 errore
1186 5741 1423 5807 typogr.,
1455 5736 1568 5786 sive
1592 5732 1975 5802 tnanuscriptis

2180 5680 2269 5731 ou)
2309 5680 2571 5729 natatpv
2594 5680 2775 5731 ⁸ιῑιήν.
2809 5680 2899 5715 διο
2965 5680 3015 5713 ιη
3048 5680 3137 5711 rou

2092 5680 2223 5786 ιείδί.
2261 5733 2537 5787 scribitur.
2574 5680 2727 5803 (uls.
2753 5730 3137 5802 κατετρύχετο.

2082 5452 2154 5505 ita
2188 5450 2583 5505 exbihentibus.
2628 5451 2789 5507 Εοιτ.

2151 5523 2263 5585 (58)
2300 5523 2427 5575 Ὀτι
2451 5520 2527 5589 δὴ
2561 5520 2671 5589 τῆς
2698 5520 2830 5589 περὶ
2857 5519 2930 5573 τὰ
2957 5518 3193 5573 εἴδωλα.
3217 5519 3398 5575 Malim
3423 5520 3661 5574 scribere
