3858 6260
483 378 589 441 819

1188 375 1465 433 EUSEBII
1501 375 1980 433 CIESARIENSIS
2017 375 2166 433 OPP.
2206 375 2380 431 PARS
2421 375 2462 430 Ι.
2499 406 2565 419 ——
2607 374 2997 432 HISTORICA.

3628 376 3722 431 820

482 498 657 555 oﬂlcia
693 498 854 552 rebus
881 494 1011 565 ipsis
1050 493 1393 558 exhibentes,
1433 493 1677 563 quotidie
1726 493 1923 562 partim
1953 510 2017 550 cu

2145 497 2394 566 πρᾶγμα,
2424 492 2554 546 Θεόν
2584 510 2643 546 τε
2674 492 2784 546 τῶν
2808 490 3146 565 Χριστιανῶν
3174 490 3441 559 δοξάζειν,
3484 490 3721 555 εὐσεϐεῖς

482 589 668 651 randis
698 603 761 642 ac
787 585 1108 656 sepeliendis
1134 595 1470 639 mortuorum
1498 585 1848 640 cadaveribus
1878 600 2041 640 vaca-

482 676 631 749 bant.
656 676 1019 745 Moriebantur
1044 683 1223 728 autem
1262 676 1312 728 in
1346 675 1460 730 dies
1490 675 1779 741 innumeri,
1808 690 2037 748 quorum

482 781 639 835 uento
668 780 852 838 curam
911 766 1157 837 gerebat.
1210 764 1410 833 Partim
1448 766 1701 822 omnibus
1746 775 1858 825 tota
1904 766 2041 823 urbe

476 861 661 934 egenis
693 861 783 930 qui
806 860 947 919 tame
974 859 1415 930 opprimebantur
1440 859 1492 918 in
1516 876 1681 915 unum
1709 862 2037 927 convocatis,

476 969 647 1025 panes
674 954 901 1023 singulis
952 951 1261 1006 dividebant
1295 970 1309 1007 :
1341 954 1474 1008 adeo
1522 963 1583 1008 ut
1629 969 1749 1009 cum
1779 955 1937 1023 hujus
1962 956 2038 1010 rei

475 1046 619 1112 fama
664 1046 874 1101 crebris
918 1047 1201 1102 hominum
1253 1046 1596 1102 sermonibus
1648 1047 2036 1115 divulgaretur,

473 1136 657 1199 cuncti
701 1136 1139 1191 Christianorum
1190 1137 1357 1191 Deum
1397 1136 1623 1191 summis
1660 1136 1906 1192 laudibus
1936 1153 2038 1193 ex-

477 1228 746 1296 tollerent,
789 1244 990 1299 eosque
1026 1229 1170 1285 solos
1223 1230 1339 1300 pios
1398 1228 1490 1283 Dei
1534 1229 1772 1285 cultores
1813 1245 1872 1285 re
1921 1230 2037 1299 ipsa

471 1332 527 1377 et
579 1321 737 1377 factis
779 1322 1157 1392 comprobatos
1210 1338 1333 1378 esse
1380 1323 1700 1377 faterentur.
1751 1322 1880 1390 Quae
1910 1322 2035 1378 dum

472 1415 545 1489 ita
592 1424 882 1485 geruntur,
929 1430 1164 1491 magnus
1218 1414 1307 1469 ille
1362 1428 1429 1470 ac
1481 1413 1717 1469 cmlestis
1770 1414 2036 1470 Christia-

470 1519 662 1577 norum
700 1514 1066 1576 propugnator
1092 1505 1252 1571 Deus,
1271 1506 1361 1574 qui
1390 1520 1485 1573 per
1524 1519 1686 1573 supra
1712 1513 2035 1559 memoratas

2142 603 2201 639 τε
2229 586 2321 640 καὶ
2353 585 2545 657 μόνους
2570 584 2839 650 θεοσεϐεῖς
2863 586 3087 648 τούτους
3107 583 3343 655 άληθῶς,
3376 582 3520 655 πρὸς
3547 582 3720 637 αὐτῶν

2142 677 2496 747 ἐλεγχθέντας
2510 677 2617 731 τῶν
2650 679 2986 750 πραγμάτων
3001 676 3300 748 ὁμολογεῖν.
3342 676 3460 745 Ἐφ’
3486 669 3573 739 οἷς
3599 673 3719 728 τοῦ·

2140 785 2230 821 τον
2264 767 2696 838 ἐπιτελουμένοις
2721 767 2813 821 τὸν
2837 767 3057 838 τρόπον,
3084 769 3114 820 ὁ
3147 767 3318 838 μέγας
3345 766 3443 821 καί
3472 767 3721 837 οὐράνιος

2140 861 2475 932 Χριστιανῶν
2515 860 2829 931 ὐπέρμαχος
2852 859 2984 923 Θεὸς
3007 902 3021 924 ,
3064 860 3163 929 τὴν
3192 860 3331 913 κατὰ
3369 859 3591 913 πάντων
3625 860 3718 912 άν-

2140 950 2371 1024 θρώπων
2397 952 2485 1006 διὰ
2514 953 2621 1006 τῶν
2649 952 3033 1023 δεδηλωμένων
3060 951 3468 1023 ἐπιδειξάμενος
3490 950 3715 1024 ἀπειλὴν

2140 1047 2233 1099 καὶ
2269 1047 2664 1117 ἀγανάκτησιν,
2700 1045 2815 1099 ἀνθ’
2843 1039 2918 1100 ὧν
2956 1046 3036 1109 είς
3077 1046 3227 1116 ἡμᾶς
3271 1043 3714 1116 ὑπερϐαλλόντως

2138 1137 2486 1203 ἐνεδείξαντο,
2524 1139 2624 1210 τὴν
2657 1139 2856 1211 εὐμενῆ
2889 1138 2982 1192 καὶ
3011 1137 3241 1209 φαιδρὰν
3266 1138 3364 1207 τῆς
3392 1136 3560 1190 αὐτοῦ
3588 1136 3714 1207 περὶ

2138 1230 2283 1305 ἡμᾶς
2322 1229 2577 1300 προνοίας
2621 1225 2777 1293 αὖθις
2828 1231 2959 1300 ἡμῖν
3012 1229 3199 1305 αὐγὴνκ
3228 1228 3503 1291 ἀπεδίδου,
3542 1226 3620 1293 ώς
3654 1230 3712 1283 ἐν

2138 1304 2292 1390 βαθεῖ
2323 1319 2496 1390 σκότῳ
2538 1320 2942 1392 παραδοξότατα
2963 1325 2969 1330 “
2994 1319 3108 1390 φῶς
3154 1304 3285 1389 ἡμῖν
3319 1319 3378 1386 ἐξ
3410 1320 3577 1376 αὐτοῦ
3612 1336 3709 1372 κα-

2135 1410 2433 1480 ταλάμπων
2472 1413 2714 1483 εἰρήνης,
2752 1411 2987 1480 ἐκφανὲς
3010 1428 3073 1464 τε
3112 1414 3227 1474 τοῖς
3256 1414 3389 1463 πᾶσι
3423 1410 3707 1474 καθιστάς,

2134 1486 2287 1556 Θεὸν¹
2313 1503 2476 1556 αὐτὸν
2524 1502 2632 1556 τῶν
2678 1502 2801 1556 καθ’
2842 1505 2990 1575 ἡμᾶς
3031 1504 3326 1558 ἐπίσκοπον
3376 1503 3466 1558 διὰ
3512 1504 3711 1567 παντὸς

360 1698 363 1701 ·
466 1698 695 1753 cunctos
724 1689 980 1746 mortales
1004 1690 1072 1744 0b
1093 1704 1156 1744 ea
1181 1705 1300 1761 quae
1326 1700 1513 1762 contra
1552 1705 1649 1755 nos
1680 1689 1885 1744 nefarie
1914 1703 2033 1759 ges-

2134 1593 2410 1661 γεγονὲναι
2446 1592 2805 1664 πραγμάτων,
2852 1594 3178 1664 μαστίζοντα
3215 1595 3313 1665 μὲν
3345 1595 3439 1648 καὶ⁸
3479 1593 3570 1649 διὰ
3603 1594 3709 1647 τῶν

2132 1685 2503 1755 περιστάσεων
2544 1686 2684 1739 κατὰ
2734 1687 2923 1757 καιρὸν
2971 1686 3366 1758 ἐπιστρέφοντα
3409 1687 3505 1740 τὸν
3545 1684 3705 1741 αὐτοῦ

466 1783 684 1849 sissent,
731 1784 863 1844 satis
897 1797 1170 1852 superque
1213 1781 1611 1860 declaraverat,
1645 1781 1890 1852 benignae
1919 1795 2017 1835 sua

2132 1775 2278 1839 λαὸν,
2306 1777 2467 1832 πάλιν
2495 1779 2543 1831 τ’
2569 1773 2636 1832 αὗ
2672 1778 2812 1850 μετὰ
2836 1778 2933 1850 τὴν
2965 1779 3210 1851 αὐτάρκη
3248 1778 3519 1843 παιδείαν,
3553 1777 3706 1835 nam

464 1884 594 1939 erga
636 1884 734 1937 nos
771 1871 1126 1940 providentia:
1181 1870 1584 1925 serenissimam
1643 1871 1816 1939 lucem
1879 1870 2017 1924 nobis

2132 1869 2226 1923 καὶ
2256 1869 2457 1941 εὐμενῆ
2490 1872 2603 1935 τοῖς
2635 1872 2715 1934 είς
2752 1871 2913 1926 αὐτὸν
2952 1870 3050 1936 τὰς
3086 1870 3306 1935 ἐλπίδας
3330 1869 3552 1942 ἔχουσιν
3580 1873 3704 1927 ἀναε-

462 1960 738 2038 restituit,
812 1961 958 2027 velut
1026 1963 1080 2033 in
1137 1963 1475 2031 densissimis
1539 1961 1777 2018 tenebris
1834 1970 2017 2031 praeter

2135 1961 2474 2032 φαινόμενον.

461 2058 702 2135 omnium
732 2059 1190 2128 exspectationem
1218 2061 1365 2130 pacis
1383 2074 1495 2125 sua:
1517 2060 1849 2129 splendidum
1873 2056 2034 2126 iubar
2091 2057 2245 2113 nobis
2291 2059 2585 2114 ostendens
2643 2075 2658 2113 :
2716 2067 2770 2114 et
2801 2057 3050 2113 omnibus
3092 2057 3435 2129 apertissime
3484 2060 3699 2114 demon-

461 2158 662 2213 strans,
696 2148 865 2205 Deum
907 2153 1077 2221 ipsum
1109 2166 1287 2207 rerum
1349 2163 1663 2221 nostrarum
1717 2153 2073 2227 inspectorem
2137 2158 2193 2223 et
2222 2152 2636 2222 gubernatorem
2672 2161 2930 2223 perpetuo
2958 2152 3249 2219 exstitisse,
3287 2154 3383 2223 qui
3444 2152 3697 2223 papulunt

458 2258 612 2300 suum
673 2243 943 2301 interdum
991 2247 1208 2316 quidem
1267 2250 1515 2323 castiget,
1561 2258 1616 2303 et
1648 2248 1815 2303 variis
1868 2248 2111 2305 cladibus
2147 2248 2409 2333 corripiat
2443 2265 2672 2305 :rursus
2728 2264 2857 2305 vero
2906 2259 3027 2319 post
3063 2247 3415 2305 suﬂicientem
3464 2248 3701 2304 animad-t

469 1596 807 1667 calamitates
829 1598 963 1652 iram
983 1606 1143 1667 atque
1159 1598 1580 1667 indignationem
1600 1612 1750 1652 suam
1776 1597 2033 1652 adversus

456 2339 765 2401 versionem
799 2341 1091 2413 propitium
1122 2357 1180 2397 se
1215 2358 1277 2398 ac
1304 2343 1591 2412 benignum
1620 2357 1744 2413 erga
1769 2357 1862 2399 eos
1886 2342 2121 2415 praebeat
2176 2343 2267 2413 qui
2303 2356 2453 2412 spem
2486 2341 2539 2396 in
2569 2341 2687 2413 ipso
2710 2342 3137 2398 collocaverunt.

1069 2455 1297 2512 CAPUT
1337 2456 1427 2517 IX.

454 2547 535 2622 pe
596 2549 810 2611 interitu
856 2559 1197 2619 tyrannorum
1250 2566 1268 2603 :
1314 2561 1361 2603 et
1409 2551 1602 2619 quibus
1646 2551 1810 2606 verbis
1861 2551 2021 2621 paulo

910 2628 1033 2673 ante
1059 2629 1275 2675 mortem
1298 2632 1421 2674 sunt
1457 2622 1559 2675 usi.

524 2781 658 2837 Cum
695 2782 860 2850 igitur
905 2781 1313 2849 Constantinus,
1340 2798 1499 2854 quem
1546 2784 1924 2853 imperatorem
1950 2800 2017 2841 ex

453 2871 800 2947 imperatore,
828 2875 972 2945 pium
999 2891 1064 2930 ex
1093 2874 1335 2944 piissimo
1380 2890 1443 2930 ac
1493 2874 1890 2932 modestissimo
1923 2894 2019 2948 pa.-

453 2972 609 3031 rcnte
649 2975 967 3035 prognatum
1026 2981 1147 3021 esse
1198 2969 1311 3038 jam
1384 2968 1642 3034 diximus,
1679 2980 1732 3024 et
1793 2971 2014 3026 secundi

455 3064 576 3137 post
600 3071 720 3119 eum
765 3057 865 3113 loci
909 3056 1169 3126 Licinius,
1226 3061 1507 3129 prudentia
1545 3061 1705 3117 simul
1732 3078 1795 3117 ac
1821 3064 2017 3132 pietate

451 3148 755 3223 conspicui,
795 3152 863 3214 ab
902 3151 1143 3206 omnium
1185 3168 1310 3221 rege
1351 3169 1415 3207 ac
1459 3164 1733 3210 scrvatore
1774 3155 1882 3211 Deo
1914 3157 2019 3213 duo

454 3240 845 3314 religiosissimi
875 3244 1134 3313 adversus
1168 3244 1334 3323 358
1367 3247 1498 3302 duos
1541 3248 1895 3317 impiissimos
1933 3259 2016 3321 ty-

452 3359 654 3404 rannos
688 3350 910 3404 excitati
958 3349 1217 3431 fuissent,
1260 3351 1446 3421 prmlio
1486 3354 1787 3425 congressi,
1819 3353 2019 3409 auxilio

454 3451 621 3515 divini
661 3452 896 3509 numinis
922 3453 1311 3514 Constantinus
1334 3450 1549 3526 Quidem
1601 3457 1929 3513 Maxentium
1963 3462 2016 3515 in

453 3543 590 3598 urbe
633 3543 797 3599 Roma
838 3556 1033 3615 praeter
1061 3548 1307 3603 omnium
1341 3549 1647 3618 opinionem
1700 3562 2015 3621 superatmn

451 3635 672 3693 occidit.
701 3634 1025 3694 Maximinus
1067 3655 1200 3697 vero
1238 3640 1474 3697 Orientis
1498 3644 1763 3713 tyrannis,
1790 3660 1895 3698 non
1926 3645 2013 3698 diu

450 3739 574 3801 post
623 3728 883 3785 Maxentii
940 3732 1140 3787 caedem
1183 3749 1214 3791 a
1259 3733 1473 3790 Licinio
1528 3736 1619 3805 qui
1670 3735 1904 3790 nondum
1960 3738 2013 3790 in

449 3829 694 3890 apertam
742 3822 1016 3877 vesaniam
1068 3837 1322 3894 eruperat
1379 3827 1646 3893 devictus,
1703 3828 2014 3898 turpissimo

448 3914 639 3968 mortis
671 3930 867 3983 genere
899 3917 1173 3971 occubuit.
1202 3916 1401 3972 Verum
1433 3920 1583 3988 prior
1607 3919 2011 3983 Constantinus,

448 4008 539 4075 qui
568 4007 730 4062 etiam
761 4009 986 4064 honoris
1009 4013 1371 4081 praerogativa
1394 4021 1449 4067 et
1471 4012 1680 4083 imperii
1707 4014 1874 4083 gradu
1897 4015 2011 4082 pri,-

445 4111 595 4151 mum
624 4098 800 4153 locum
831 4100 1130 4166 obtinebat,
1160 4101 1528 4157 Romanorum
1558 4104 1649 4170 qui
1689 4102 2009 4170 gravissima

448 4188 732 4258 tyrannide
761 4202 1133 4257 premerentur
1186 4195 1363 4248 vicem
1396 4194 1689 4259 miseratus
1714 4236 1729 4261 ,
1775 4194 2012 4259 caelestis

444 4281 543 4338 Dei
571 4283 812 4349 numine,
872 4284 1094 4355 ejusque
1134 4286 1272 4341 Filio
1296 4302 1360 4341 ac
1402 4287 1580 4347 Verbo
1606 4289 1846 4342 omnium
1876 4288 2007 4343 Ser-

444 4380 636 4428 vatore
680 4373 805 4429 Jesu
848 4376 1068 4435 Christo
1118 4379 1170 4432 in
1205 4378 1463 4433 auxilium
1514 4379 1828 4449 suppliciter
1855 4380 2007 4434 invo-

445 4476 729 4532 cato,cum
762 4468 1015 4526 universo
1054 4472 1295 4527 exercitu
1330 4486 1646 4538 progressus
1668 4481 1773 4534 est,
1791 4486 1855 4526 eo
1876 4488 2009 4527 con-

445 4562 567 4619 silio
602 4573 658 4616 ut
696 4563 954 4621 Romanis
985 4566 1289 4627 libertatem
1323 4584 1487 4639 quam
1519 4584 1547 4621 a
1590 4569 1883 4636 majoribus
1912 4584 2008 4624 ac—

445 4663 720 4724 ceperant,
770 4655 1076 4712 interventu:
1135 4674 1235 4716 suo
1283 4662 1614 4718 restitueret.
1671 4661 1842 4721 Porro
1881 4677 2005 4718 cum
2038 4658 2083 4714 D

443 4747 770 4813 Maxentius,
815 4751 1146 4819 magicarum
1216 4754 1413 4807 artium
1485 4755 1769 4826 praestigiis
1839 4755 2009 4826 magis

440 4871 602 4929 quam
638 4858 975 4913 subditorum
1012 4858 1383 4931 benevolentia
1407 4859 1664 4927 conlisus,
1692 4877 1758 4916 ne
1785 4861 2004 4930 quidem

440 4972 594 5033 extra
638 4962 788 5018 urbis
833 4974 1017 5034 portas
1052 4965 1301 5034 progredi
1357 4966 1579 5022 auderet
1609 4986 1622 5022 :
1655 4976 1846 5023 cuncta
1876 4982 2003 5029 vero

442 5069 497 5137 in
525 5069 750 5137 circuitu
799 5074 950 5128 urbis
981 5074 1167 5131 Romae
1196 5087 1259 5129 ac
1287 5074 1451 5135 totius
1489 5074 1653 5130 Italia:
1686 5075 1825 5141 loca,
1851 5074 2006 5145 oppi-

511 5238 625 5306 (ιιὸ)
653 5239 707 5293 ln
740 5241 993 5300 omnibus
1014 5241 1294 5296 codicibus
1326 5239 1645 5308 transposili
1673 5248 1829 5294 erant
1858 5240 1999 5295 tituli

437 5310 697 5380 capitum,
722 5322 773 5363 et
798 5314 957 5378 capiti
983 5312 1016 5365 9
1046 5311 1286 5378 adjectus
1307 5323 1426 5366 erat
1460 5312 1649 5365 titulus
1690 5310 1779 5378 qui
1806 5312 2001 5380 capitis

438 5378 517 5434 l0
538 5395 657 5435 esse
686 5381 982 5445 debuerat;
1020 5393 1206 5435 contra
1242 5382 1406 5450 capiti
1450 5381 1517 5437 10
1566 5378 1902 5447 tribuebatur
1952 5382 2001 5443 is

437 5451 530 5517 qui
562 5452 815 5520 proprius
850 5461 969 5506 erat
996 5452 1192 5519 capitis
1223 5451 1280 5506 9.
1337 5451 1490 5506 Hunc
1517 5465 1757 5512 errorem
1790 5451 1843 5505 in
1874 5468 2001 5515 ver-

437 5522 594 5581 sione
623 5531 805 5573 nostra
857 5523 1365 5576 emendaveramus.

507 5588 629 5662 (Ml
657 5590 978 5662 Γεγονέναι
1006 5591 1457 5662 προειρήκαμεν.
1487 5592 1613 5649 Post
1640 5593 1739 5649 bas
1762 5606 1922 5647 voces
1952 5590 2003 5643 in

435 5659 786 5730 vetustissim.
842 5661 1000 5730 codd.
1046 5659 1179 5715 Maz.
1232 5673 1286 5716 ct
1326 5659 1476 5718 Med.
1531 5665 1644 5717 haec
1704 5671 2005 5730 sequuntur

439 5726 596 5801 verba
625 5728 931 5801 εΛικιννίου
962 5745 1022 5782 τε
1043 5730 1135 5801 τοῦ
1171 5734 1288 5801 μετέ
1313 5732 1473 5787 αὐτὸν
1501 5734 1711 5796 συνέσει
1740 5726 1834 5788 καὶ
1858 5731 2007 5793 εὐσε-

441 5792 559 5887 ἔείῗ
596 5796 990 5887 τετιμημένων,
1033 5792 1297 5885 πρὸςτού
1341 5792 1727 5874 παμϐασιλέως
1761 5801 1895 5857 Θεοῦ
1943 5792 2003 5877 τε

2650 2459 3044 2514 ΚΕΦΑΛᾹΙΟΝ
3088 2459 3163 2513 8’.

2127 2551 2267 2621 Περὶ
2305 2550 2417 2619 τῆς
2444 2550 2563 2607 τῶν
2592 2549 2899 2617 τυράννων
2928 2552 3351 2621 καταστροφῆς
3390 2552 3501 2607 τοῦ
3530 2554 3691 2622 βίον,

2196 2622 2292 2695 καί
2342 2622 2874 2695 οἵαις-ἐχρήσανξο
2926 2622 3045 2695 πρὸ,
3086 2622 3196 2695 τῆς
3241 2622 3533 2693 τελευτῆς
3579 2643 3691 2695 φωο

2192 2693 2326 2759 ναῖς
2360 2694 2468 2763 (45)
2497 2692 2634 2764 (Nic.
2676 2692 2742 2746 ΙΙ.
2780 2690 2846 2744 Ε.
2871 2708 2964 2758 vn,
2986 2692 3199 2763 29-51).

2194 2784 2349 2838 Οὐτω
2393 2784 2456 2856 δὴ
2486 2784 2922 2847 Κωνσταντίνου,
2956 2784 3014 2837 δν
3044 2784 3267 2854 βασιλέα
3298 2786 3363 2839 ἐκ
3412 2786 3688 2857 βασιλέως,

2124 2875 2321 2945 εὐσεϐῆ
2348 2893 2406 2928 τε
2437 2876 2495 2942 ἐξ
2518 2875 2903 2929 εὐσεϐεστάτου
2927 2877 3019 2929 καὶ
3049 2878 3224 2930 πάντα
3252 2879 3688 2948 σωφρονεστάτου

2123 2969 2403 3037 γεγονέναι
2441 2970 2846 3041 προειρήκαμεν
2887 2969 3019 3041 (44),
3055 2970 3326 3023 Λικιννίου
3357 2987 3420 3023 τε
3447 2971 3547 3024 τοῦ
3579 2972 3686 3043 μετ’

2124 3060 2285 3113 αὐτὸν
2330 3060 2539 3113 συνέσει
2590 3062 2680 3114 καὶ
2717 3060 2967 3132 εὐσεϐείᾳ
3009 3062 3385 3133 τετιμημένων
3432 3065 3568 3135 πρὸς
3601 3061 3685 3115 τοῦ

2126 3152 2512 3222 παμϐασιλέως
2558 3151 2691 3205 Θεοῦ
2734 3169 2793 3205 τε
2826 3151 2934 3205 τῶν
2977 3153 3111 3206 ὅλων
3148 3154 3241 3207 καὶ
3281 3153 3557 3227 Σωτῆρος,
3601 3154 3685 3207 δύο

2125 3243 2386 3309 θεοφιλῶν
2427 3244 2566 3297 κατὰ
2619 3243 2727 3297 τῶν
2783 3242 2876 3297 δύο
2934 3244 3365 3298 δυσσεϐεστάτων
3416 3246 3683 3317 τυράννων
3754 3295 3767 3307 ,

2120 3336 2591 3407 ἁνεγηγερμένων,
2627 3335 2863 3406 πολέμου
2904 3353 2963 3389 τε
3002 3337 3151 3407 νόμῳ
3198 3336 3678 3409 παραταξαμένων.

2118 3427 2254 3481 Θεοῦ
2321 3428 2729 3499 συμμαχοῦντος
2782 3429 2983 3493 αὐτοῖς,
3038 3428 3450 3500 παραδοξότατα
3506 3430 3680 3489 πίπτει

2122 3520 2220 3591 μὲν
2259 3520 2350 3573 ἐπὶ
2401 3519 2614 3591 Ῥώμης
2642 3518 2747 3585 ὐπὸ
2778 3521 3186 3574 Κωνσταντίνου
3233 3520 3555 3586 Μαξέντιος,
3587 3521 3615 3573 ό
3636 3519 3675 3572 δ’

2117 3612 2203 3666 ἐπ’
2265 3612 2552 3682 Ἂνατολῆς
2602 3612 2662 3665 οὐ
2708 3612 2874 3666 πολὺν
2931 3611 3192 3682 ἐπιζήσας
3225 3612 3420 3681 ἐκείνῳ
3478 3612 3673 3685 χρόνον,

2117 3705 2379 3776 αἰσχίστῳ
2418 3706 2514 3759 καὶ
2545 3705 2704 3768 αὐτὸς
2744 3704 2848 3758 ὑπὸ
2882 3705 3176 3770 Λικιννίου,
3227 3703 3379 3758 οὔπω
3429 3706 3673 3776 μανέντος

2113 3797 2235 3851 τότε
2256 3837 2270 3861 ,
2301 3797 2660 3868 καταστρέφει
2702 3796 2935 3866 θανάτῳ.
2970 3796 3242 3867 Πρότερός
3273 3813 3337 3865 γε
3382 3797 3491 3868 μὴν
3522 3797 3549 3848 ό
3590 3795 3670 3849 καὶ

2112 3890 2243 3958 τιμῇ
2274 3888 2367 3942 καὶ
2392 3887 2541 3952 τάξει
2571 3887 2672 3958 τῆς
2699 3886 2972 3957 βασιλείας
3010 3888 3224 3959 πρῶτος
3255 3890 3665 3951 Κωνσταντῖνος,

2112 3979 2221 4032 τῶν
2260 3980 2351 4032 ἐπὶ
2405 3978 2622 4049 Ῥώμης
2663 3980 3246 4051 κατατυραννουμένων
3280 3979 3450 4049 φειδὼ
3481 3978 3665 4041 λαϐὼν,

2111 4071 2243 4124 Θεὸν
2285 4072 2376 4124 τὸν
2426 4072 2692 4142 οὐράνιον,
2734 4070 2822 4124 τόν
2853 4088 2914 4124 τε
2948 4071 3136 4124 τούτου
3184 4072 3377 4141 Λόγον,
3415 4072 3572 4126 αὐτὸν
3615 4069 3667 4139 δὴ

2110 4163 2201 4216 τὸν
2243 4162 2458 4217 πάντων
2489 4163 2714 4235 Σωτῆρα
2771 4161 2977 4235 Ἰησοῦν
3017 4163 3250 4233 Χριστὸν
3286 4162 3570 4232 σύμμαχον
3608 4160 3666 4214 δι’

2110 4253 2282 4323 εὐχῶν
2338 4252 2830 4323 ἐπικαλεσάμενος,
2882 4252 3094 4323 πρόεισι
3126 4254 3488 4323 πανστρατιᾷ,
3548 4251 3668 4304 Ῥω-

2113 4343 2293 4415 μαίοις
2316 4343 2385 4397 τὰ
2416 4344 2513 4414 τῆς
2534 4346 2598 4397 ἐκ
2629 4344 2907 4417 προγόνων
2936 4342 3247 4415 ἐλευθερίας
3268 4340 3663 4414 προμνώμενος.

2108 4435 2407 4501 Μαξεντίου
2435 4435 2569 4506 δῆτα
2617 4435 2814 4507 μᾶλλον
2861 4438 2981 4499 ταῖς
3017 4434 3158 4489 κατὰ
3203 4434 3463 4505 γοητείαν
3508 4449 3667 4504 μηχα-

2107 4532 2244 4592 ναῖς,
2266 4529 2298 4599 ἢ
2321 4532 2386 4600 τῇ
2407 4527 2513 4581 τῶν
2547 4527 2800 4599 ὑπηκόων
2816 4526 3232 4598 ὲπιθαρσοῦντος
3261 4525 3469 4595 εὐνοίᾳ,
3501 4521 3668 4596 προελ-

2111 4616 2224 4671 θεῖν
2265 4634 2329 4685 γε
2377 4617 2484 4689 μὴν
2528 4617 2637 4670 οὐδ’
2674 4619 2797 4670 ὅσον
2848 4616 3030 4669 πυλῶν
3075 4614 3170 4669 τοῦ
3216 4616 3428 4678 ἄστεως
3475 4611 3670 4667 ἐπιτολο

2118 4709 2345 4781 μῶντος,
2393 4710 2624 4763 ὁπλιτῶν
2666 4709 2711 4762 δ’
2756 4708 3038 4780 ἀναρίθμῳ
3084 4708 3277 4779 πλήθει
3331 4706 3429 4760 καὶ
3465 4720 3669 4776 στρατο-

2114 4802 2290 4877 πέδων
2334 4803 2510 4876 λόχοις
2559 4802 2770 4875 μυρίοις
2804 4803 2978 4857 πάντα
3022 4802 3182 4855 τόπον
3233 4802 3329 4854 καὶ
3362 4798 3546 4872 χώραν
3587 4796 3668 4851 καὶ

2112 4893 2287 4957 πόλιν,
2319 4894 2417 4964 ὅση
2447 4910 2532 4956 τις
2558 4894 2614 4946 ἐν
2643 4893 2826 4964 κύκλῳ
2863 4893 2961 4964 τῆς
3002 4892 3289 4962 Ῥωμαίων
3320 4892 3415 4944 καὶ
3458 4887 3667 4948 Ἰταλίας

2110 4987 2327 5058 ἁπάσης
2358 4987 2448 5040 ὑπ’
2492 4985 2640 5057 αὐτῷ
2680 4985 2986 5050 δεδούλωτο,
3023 4984 3394 5058 φραξαμένου,
3431 4984 3460 5037 ό
3491 4982 3587 5051 τῆς
3612 4983 3667 5033 ἐκ

2109 5077 2246 5132 Θεοῦ
2281 5077 2594 5148 συμμαχίας
2623 5077 2933 5149 ἀνημμένος
2981 5076 3229 5148 βασιλεὺς
3268 5070 3443 5128 ἐπιὼν

2842 5200 2871 5225 κ

2102 5240 2209 5297 τῶν
2240 5241 2376 5294 ὅλων
2416 5240 2509 5295 καὶ
2548 5239 2824 5310 Σωτῆρος·
2861 5239 2953 5292 δύο
2975 5237 3233 5310 θεοφιλῶν
3267 5237 3413 5292 κατὰ
3466 5238 3555 5310 τῷΔ

2101 5307 2848 5381 δυσσεϐεστάτωνᾲτυράννων
2876 5309 3349 5381 ἀνεγηγερμένων,
3380 5319 3491 5364 etc.
3533 5307 3663 5381 (ipti-

2104 5377 2212 5436 rne.
2242 5384 2417 5451 Atque
2450 5381 2523 5433 ita
2544 5377 2842 5451 Eusebium
2865 5377 3186 5451 scripsisse
3221 5392 3303 5451 εχ.
3323 5377 3660 5451 sequentibus

2103 5446 2349 5521 apparet:
2376 5450 2511 5521 Nam
2540 5450 2594 5503 in
2634 5450 2739 5521 (ine
2765 5446 3227 5521 perioili,‘m_enti0
3274 5446 3333 5521 [it
3381 5456 3493 5521 t_am
3527 5446 3659 5521 _L_ici—

2105 5516 2189 5576 n'ii'
2209 5536 2370 5590 quam
2397 5519 2741 5590 Constantini
2766 5516 2781 5573 ἒ
2814 5533 2879 5575 ex
2902 5533 3010 5590 quo
3033 5517 3250 5590 pla_nu_m
3273 5517 3352 5577 lit,
3384 5516 3656 5590 Eusebium

2102 5595 2168 5647 de
2197 5587 2424 5658 utroque
2448 5605 2609 5659 supra
2642 5588 2877 5659 locutum
2895 5588 3079 5659 fuisse.
3105 5587 3209 5659 Sed
3239 5588 3542 5659 exscriptor
3569 5597 3655 5659 no-

2106 5676 2227 5733 men
2268 5652 2465 5714 Licinii
2501 5652 3047 5733 fonsultoexpunxit
3078 5652 3525 5733 0b__su_bsecutam
3550 5652 3654 5733 ejus

2102 5722 2453 5801 I‘mpietaletn.
2494 5728 2625 5801 Cu_m
2654 5728 2811 5801 codd.
2843 5722 3012 5801 "May.
3049 5735 3103 5782 et
3133 5726 3275 5787 Med.
3323 5722 3651 5786 consentiunt

2101 5796 2268 5867 etiam
2304 5797 2439 5854 Fuk.
2471 5807 2525 5869 et
2554 5796 2723 5873 Savil.
