3858 6260
249 297 346 351 εει

1231 303 1577 361 HISTORIA}
1618 302 2172 362 ECCLESIASTlC/E
2213 303 2341 360 LIB.
2386 303 2474 360 IX.

3381 304 3487 359 8'22

251 416 345 467 καὶ
375 413 607 488 δευτέρᾳ
655 420 748 473 καὶ
779 421 932 492 τρίτῃ
966 421 1059 475 τοῦ
1091 424 1350 493 τυράννου
1402 424 1722 496 παρατάξει,
1758 420 1801 478 εἰ

1924 425 2011 487 da,
2041 440 2133 493 reg
2156 439 2289 479 ones
2320 439 2454 493 quas
2481 423 2761 478 servitutis
2786 423 2914 493 jugo
2937 437 3222 491 oppressas
3247 426 3482 486 tenebat,

253 507 396 572 μάλα
423 522 481 557 τε
509 508 692 571 πάσας
727 509 880 572 ἐλὼν,
911 511 1153 582 πρόεισιν
1180 513 1271 565 ἐπὶ
1300 513 1548 566 πλεῖστον
1572 515 1695 566 ὅσον
1724 514 1820 584 τῆς

261 595 511 657 Ἰταλίας.
541 598 640 670 ’ήδη
674 617 734 652 τε
772 601 938 671 αὐτῆς
974 602 1188 674 Ῥώμης
1218 603 1450 673 ἄγχιστα
1480 600 1575 674 ἦν·
1617 600 1718 656 εἷθ’
1746 604 1821 668 ὡς

250 687 326 757 μὴ
355 686 450 740 τοῦ
483 691 746 760 τυράννου
777 693 931 764 χάριν
977 693 1264 764 Ῥωμαίοις
1298 695 1552 765 πολεμεῖν
1582 694 1822 762 ἀναγκά-

250 792 417 845 ςοιτο,
446 779 580 844 Θεὸς
619 783 779 846 αὐτὸς
809 785 1023 854 δεσμοῖς
1052 803 1193 838 τισιν
1226 786 1412 856 ὥσπερ
1443 785 1532 838 τὸν
1563 785 1819 857 τύραννον

245 870 586 939 πορρωτάτω
626 871 808 924 πυλῶν
849 872 1073 937 ἐξέλκει,
1121 875 1213 927 καὶ
1255 875 1322 927 τὰ
1366 874 1531 928 πάλαι
1570 874 1632 946 δὴ
1679 875 1819 928 κατά

243 961 464 1014 ἀσεϐῶν
515 962 590 1026 ὡς
643 965 700 1016 ἐν
761 965 928 1035 μύθου
983 965 1122 1036 λόγῳ
1177 966 1326 1038 παρά
1380 971 1491 1032 τοῖς
1550 968 1818 1030 πλείστοις

241 1053 639 1124 ἀπιστούμενα,
669 1057 832 1110 πιστά
854 1074 915 1124 γε
943 1059 1047 1129 μὴν
1080 1063 1288 1122 πιστοῖς
1315 1061 1372 1112 ἐν
1406 1062 1576 1130 ἱεραῖς
1604 1059 1815 1122 Βίϐλοις

241 1143 691 1215 ἐστηλιτευμένα,
733 1148 866 1219 αὐτῇ
903 1150 1148 1220 ἐνεργείᾳ
1175 1152 1362 1214 πᾶσιν,
1404 1151 1586 1216 ἁπλῶς
1619 1153 1812 1212 εἰπεῖν,

242 1238 459 1299 πιστοῖς
496 1239 587 1290 καὶ
615 1239 880 1304 ἀπίστοις,
908 1241 1206 1312 ὀφθαλμοῖς
1231 1243 1296 1296 τὰ
1329 1243 1604 1314 παράδοξα
1635 1260 1818 1314 παρει-

238 1324 471 1393 ληφόσιν
516 1327 871 1384 ἐπιστώσατο.
924 1333 1132 1401 ’Ὠσπερ
1164 1331 1256 1388 οῦν
1300 1336 1385 1387 ἐπ’
1434 1334 1597 1388 αὐτοῦ
1656 1337 1816 1388 Μωῦ-

240 1416 385 1480 σέως
430 1420 523 1472 καὶ
577 1419 668 1472 τοῦ
727 1421 890 1474 πάλαι
935 1422 1217 1488 Θεοσεϐοῦς
1274 1423 1539 1494 Ἑϐραίων
1593 1423 1812 1491 γένους,

245 1525 264 1557 ι
307 1507 530 1579 ἀρματα
556 1510 752 1580 Φαραὼ
789 1513 880 1564 καὶ
907 1511 1004 1582 τὴν
1043 1513 1268 1582 δύναμιν
1297 1513 1461 1567 αὑτοῦ
1487 1513 1707 1584 ἔρριψεν
1734 1516 1814 1577 εἰς

237 1598 548 1663 Θάλασσαν,
583 1601 896 1666 ἐπιλέκτους
928 1604 1199 1668 ἀναϐάτας
1244 1606 1534 1676 τριστὰτας
1572 1606 1679 1676 (45)
1715 1623 1813 1659 κα-

233 1693 551 1746 τεπόντισεν
583 1695 640 1747 ἐν
675 1694 912 1766 Θαλάσσῃ
946 1697 1200 1769 Ἐρυθρᾷ,
1227 1699 1402 1768 πόντῳ
1435 1699 1700 1768 ἐκάλυψεν
1725 1699 1814 1752 αὐο

1924 515 2304 570 innumerabili
2354 525 2687 568 armatorum
2739 515 3077 568 multitudine
3123 525 3176 568 et
3209 515 3484 582 dispositis

1923 606 1989 660 ad
2040 607 2402 660 insidiandum
2465 606 2800 660 exercitibus
2873 608 3107 676 undique
3157 607 3480 661 muniisset:

1921 696 2105 750 divino
2135 696 2303 750 fretus
2343 696 2545 750 auxilio
2581 696 2968 752 Constantinus
3008 697 3257 765 primam,
3286 712 3483 752 secun-

1919 788 2040 840 dam
2084 803 2149 842 ac
2202 789 2414 843 tertiam
2464 789 2675 859 tyranni
2717 804 3006 858 aggressus
3037 791 3227 849 aciem.
3262 799 3485 844 cunctas

1919 879 2021 933 levi
2069 881 2283 950 negotio
2317 881 2451 934 fudit
2480 897 2541 934 ac
2569 880 2796 950 fugavit.
2833 879 2905 934 Ita
2942 881 3104 934 totius
3136 880 3302 934 Italia:
3332 881 3481 935 aditu

1915 970 2015 1024 sibi
2048 971 2586 1039 patefacto,ulterius
2611 986 2946 1040 progressus,
2975 973 3189 1026 tandem
3219 973 3284 1026 ad
3309 972 3479 1040 ipsam

1915 1077 2088 1131 usque
2134 1063 2322 1116 urbem
2379 1061 2602 1115 Romam
2652 1063 2916 1132 pervenit.
2956 1063 3153 1116 Verum
3210 1079 3276 1116 ne
3321 1063 3480 1117 unius

1919 1153 2130 1222 tyranni
2187 1168 2345 1206 causa
2380 1151 2652 1206 Romanos
2678 1168 2864 1207 omnes
2903 1169 3215 1222 Oppugnare
3260 1169 3479 1208 necesse

1915 1246 2154 1310 haberet,
2188 1244 2326 1299 Deus
2365 1244 2512 1297 illum
2549 1247 2703 1314 quasi
2737 1245 2968 1299 vinculis
3004 1246 3326 1314 quibusdam
3353 1262 3481 1300 con-

1914 1335 2160 1388 strictum
2192 1349 2352 1402 quant
2403 1334 2718 1402 longissime
2760 1343 2914 1388 extra
2952 1335 3101 1388 urbis
3140 1348 3321 1403 portas
3348 1352 3478 1405 pro-

1918 1427 2084 1479 traxit
2125 1443 2137 1479 :
2173 1426 2438 1494 simulque
2490 1426 2667 1495 prisca
2713 1425 2804 1480 illa
2833 1426 3090 1480 adversus
3120 1427 3310 1494 impios
3335 1429 3478 1481 edita

1915 1517 2172 1572 miracula
2223 1533 2341 1586 qua:
2394 1517 2565 1572 sacris
2608 1517 2980 1572 Voluminibus
3022 1520 3391 1586 continentur,
3425 1530 3479 1572 et

1912 1608 2106 1675 quibus
2153 1608 2304 1660 multi
2342 1608 2555 1676 quidem
2584 1609 2807 1676 perinde
2838 1625 2901 1662 ac
2951 1610 3148 1664 fabulis
3197 1609 3354 1664 ﬁdem
3387 1613 3478 1664 de-

1913 1709 2124 1768 rogant,
2157 1715 2278 1754 cum
2309 1711 2482 1754 tamen
2519 1701 2656 1768 apud
2709 1700 2891 1755 ﬁdeles
2927 1702 3027 1756 {ide
3065 1703 3223 1768 digna
3255 1703 3477 1756 videan-

232 1785 386 1848 τοὺς,
431 1804 450 1836 ι
485 1787 626 1841 κατά
654 1787 723 1838 τὰ
746 1788 883 1840 αὐτὰ
910 1789 972 1858 δὴ
1008 1788 1102 1842 καὶ
1131 1789 1450 1855 Άὶαξὲντιος,
1491 1791 1543 1843 οἵ
1577 1809 1635 1843 τε
1671 1791 1801 1861 ἀμφ’

1913 1798 2000 1843 tur
2031 1807 2044 1842 :
2079 1791 2287 1845 cunctis
2317 1801 2423 1844 tam
2450 1792 2696 1847 ﬁdelibus
2727 1809 2886 1862 quam
2919 1794 3225 1848 inﬁdelibus
3255 1797 3344 1864 qui
3374 1795 3476 1850 hoc

233 1875 400 1928 αῦτδν
433 1877 644 1931 ὁπλῖται
680 1879 775 1930 καὶ
815 1879 1100 1951 δορυφόροι
1135 1880 1322 1934 ἔδυσαν
1367 1884 1445 1945 εἰς
1479 1883 1634 1952 βυθὸν
1675 1883 1804 1936 ὡσεὶ

233 1964 404 2029 λίθος,
432 1968 668 2037 ὁπηνίκα
694 1968 835 2022 νῶτα
866 1970 988 2033 δοὺς
1018 1974 1082 2041 τῇ
1108 1973 1172 2024 ἐκ
1203 1972 1336 2024 Θεοῦ
1366 1973 1500 2042 μετὰ
1529 1976 1806 2027 Κωνσταν-

197 2055 205 2062 ’
235 2059 382 2112 τίνου
413 2058 657 2128 δύναμει,
693 2059 784 2113 τὸν
818 2062 922 2132 πρὸ
954 2063 1052 2132 τῆς
1086 2064 1308 2133 πορείας
1353 2065 1490 2136 διῄει
1527 2065 1799 2136 ποταμόν·

234 2147 292 2201 ὃν
334 2149 495 2212 αὐτὸς
540 2151 770 2218 σκάφεσι
819 2149 1012 2217 ζεύξας
1053 2156 1146 2207 καὶ
1179 2152 1234 2208 εὖ
1285 2155 1427 2225 μάλα
1458 2155 1800 2226 γεφυρώσας,

236 2241 486 2311 μηχανὴν
516 2242 736 2313 ὀλέθρου
777 2244 895 2297 καθ’
929 2245 1120 2298 ἐαυτοῦ
1166 2248 1546 2317 συνεστήσατο.
1608 2249 1720 2316 Ἐφ’
1760 2241 1804 2316 ᾧ

233 2328 301 2400 ἦν
335 2331 400 2384 ἂν
427 2335 598 2385 εἰπεῖν
619 2353 632 2363 ο
669 2353 688 2385 ι
723 2336 933 2388 Λάκκον
959 2336 1132 2407 ὤρυξε
1163 2338 1258 2391 καὶ
1284 2339 1586 2407 ἀνέσκαψεν
1620 2340 1801 2403 αὐτὸν,

231 2424 328 2474 καὶ
363 2424 682 2493 ἐμπεσεῖται
715 2429 794 2490 εἰς
839 2427 1026 2499 βόθρον
1059 2429 1115 2480 ὂν
1148 2429 1462 2499 εἰργάσατο.
1520 2431 1802 2501 Ἐπιστρέν

232 2511 325 2580 ψει
349 2513 376 2564 ὁ
404 2513 562 2575 πόνος
587 2515 748 2567 αὐτοῦ
793 2519 871 2580 εἰς
899 2517 1135 2588 κεφαλὴν
1163 2518 1346 2579 αὑτοῦ,
1381 2519 1472 2572 καὶ
1505 2520 1596 2572 ἐπὶ
1639 2538 1798 2590 κορυ-

232 2600 340 2670 φὴν
379 2602 541 2654 αὐτοῦ
591 2606 623 2673 ἡ
673 2605 855 2659 ἀδικία
899 2607 1060 2659 αὐτοῦ
1103 2607 1483 2678 καταϐήσεται.
1544 2628 1562 2659 ι
1622 2610 1800 2682 Ταύτῃ

231 2691 368 2760 δῆτα
400 2692 497 2746 τοῦ
533 2696 623 2748 ἐπὶ
666 2697 757 2749 τοῦ
806 2697 1050 2768 ποταμοῦ
1096 2698 1396 2768 ζεύγματος
1439 2699 1799 2763 διαλυθέντος,

233 2783 486 2852 ὕφιζάιει
518 2787 614 2856 μὲν
651 2790 684 2858 ή
723 2788 987 2852 διάϐασις,
1019 2792 1188 2861 χωρεῖ
1211 2790 1255 2841 δ’
1289 2790 1500 2860 ἀθρόως
1533 2790 1800 2862 αὔτανδρα

231 2886 372 2938 κατὰ
406 2886 501 2938 τοῦ
543 2887 701 2955 βυθοῦ
742 2888 808 2942 τὰ
850 2890 1050 2960 σκάφη.
1092 2891 1183 2943 καὶ
1221 2891 1381 2953 αὑτός
1423 2907 1483 2958 γε
1529 2891 1738 2961 πρῶτος
1775 2893 1802 2944 ό

229 2974 676 3042 δυσσεϐέστατος,
711 2975 825 3032 εἷτα
865 2981 921 3033 δὲ
955 2981 1048 3034 καὶ
1087 2983 1134 3034 οἱ
1177 2982 1313 3051 ἀμφ’
1354 2983 1516 3036 αὐτὸν
1562 2983 1800 3036 ὑπασπι-

234 3069 376 3130 σταὶ,
479 3069 545 3121 τὶι
581 3069 698 3121 θεῖα
721 3073 1092 3142 προαναφωνεῑ
1141 3070 1326 3140 λόγια,
1364 3092 1381 3122 ι
1421 3073 1612 3126 ἔδυσαν
1672 3073 1800 3126 ὡσεὶ

235 3156 497 3226 μόλυϐδος
544 3161 600 3211 ἐν
646 3159 793 3212 ὕδατι
835 3160 1079 3224 σφοδρῷο
1129 3180 1147 3211 ι
1196 3161 1334 3214 ὥστε
1375 3161 1596 3224 εἰκότως
1640 3163 1686 3212 εἰ
1726 3161 1798 3232 μὴ

231 3247 444 3315 λόγοις,
480 3249 660 3319 ἔργοις
697 3251 742 3302 δ’
774 3249 865 3304 οὗν
911 3252 1110 3321 ὁμοίως
1147 3254 1258 3315 τοῖς
1307 3253 1447 3324 ἀμφὶ
1491 3253 1583 3305 τὸν
1632 3253 1800 3322 μέγαν

231 3339 541 3410 θεράποντα
573 3343 809 3395 Μωῦσέα
833 3346 956 3406 τοὺς
990 3343 1138 3415 παρὰ
1174 3344 1307 3396 Θεοῦ
1351 3345 1449 3414 τὴν
1482 3343 1637 3414 νίκην
1670 3344 1800 3414 ἀρα-

233 3431 453 3500 μένους,
493 3432 633 3485 αὑτὰ
665 3433 728 3503 δὴ
768 3433 834 3486 τά
865 3433 1007 3486 κατὰ
1036 3434 1130 3487 τοῦ
1181 3435 1346 3489 πάλαι
1379 3433 1672 3498 δυσσεϐοῦς
1703 3451 1798 3486 τυ-

232 3521 430 3591 ράννου
459 3516 561 3575 ὧδέ
593 3540 708 3586 πως
739 3524 992 3594 ἁνυμνεῖν
1033 3524 1142 3596 (46)
1179 3526 1274 3577 καὶ
1315 3523 1518 3592 λέγειν·
1561 3543 1579 3576 ι
1627 3524 1794 3595 ’ᾼσωο

231 3629 332 3680 μεν
363 3609 443 3681 τῷ
474 3612 683 3682 Κυρίῳ,
717 3613 939 3676 ἐνδόξως
971 3614 1078 3684 γὰρ
1113 3613 1440 3677 δεδόξασται.
1480 3615 1675 3668 Ἵππον
1707 3613 1802 3668 καὶ

229 3699 510 3772 ἀναϐάτην
542 3702 761 3772 ἔρριψεν
794 3705 872 3767 εἰς
906 3703 1204 3756 θάλασσαν·
1246 3703 1434 3774 βοηθὸς
1470 3705 1565 3757 καὶ
1600 3720 1800 3756 σκεπα-

231 3796 361 3865 στής
376 3812 480 3864 μου
497 3793 699 3861 Κύριος
716 3793 926 3862 ἐγένετό
949 3811 1035 3864 μοι
1072 3796 1150 3856 εἰς
1181 3793 1470 3866 σωτηρίανο
1492 3793 1600 3862 (47)
1627 3812 1644 3844 ι
1672 3793 1760 3845 καί
1783 3809 1796 3822 ο

235 3904 256 3938 ι
301 3887 402 3948 Τίς
441 3885 623 3956 ὅμοιός
675 3903 756 3937 σοι
808 3888 864 3938 ἐν
896 3887 1053 3948 θεοῖς,
1088 3885 1280 3956 Κύριε,
1326 3884 1409 3948 τίς
1454 3884 1634 3954 ὅμοιός
1685 3900 1797 3946 σοι;

230 3976 616 4048 δεδοξασμένος
655 3977 711 4030 ἐν
743 3976 936 4043 ἁγίοις,
967 3975 1272 4046 θαυμαστὸς
1305 3977 1362 4028 ἐν
1394 3973 1591 4038 δόξαις,
1633 3973 1799 4026 ποιῶν

229 4070 456 4141 τέρατα.
497 4089 515 4121 ι
549 4068 734 4121 Ταῦτά
762 4086 822 4136 γε
859 4070 951 4121 καὶ
981 4069 1080 4121 ὅσα
1110 4067 1317 4129 τούτοις
1357 4065 1559 4133 ἀδελφά
1599 4082 1659 4118 τε
1706 4065 1801 4118 καὶ

231 4158 449 4232 ἐμφερῆ
480 4161 884 4221 Κωνσταντῖνος
911 4158 988 4229 τῷ
1018 4159 1352 4230 πανηγεμόνι
1394 4157 1487 4210 καὶ
1519 4156 1618 4226 τῆς
1647 4156 1802 4225 νίκης

230 4251 390 4320 αἰτίῳ
437 4249 554 4320 Θεῷ
604 4251 784 4312 αὐτοῖς
829 4249 1008 4321 ἔργοις
1053 4252 1386 4320 ἀνυμνήσας,
1443 4249 1534 4302 ἐπὶ
1587 4246 1802 4318 Ῥώμης

235 4340 351 4408 μετ’
382 4338 661 4392 ἐπινικίων
691 4340 994 4410 εἰσήλαυνε,
1025 4340 1239 4393 πάντων
1269 4338 1476 4410 ἀθρόως
1501 4337 1659 4390 αὑτὸν
1685 4337 1801 4407 ἅμα

231 4430 428 4500 κομιδῆ
457 4432 668 4502 νηπίοις
697 4433 787 4484 καὶ
812 4431 1043 4501 γυναιξὶ,
1078 4431 1186 4484 τῶν
1213 4449 1272 4484 τε
1302 4431 1410 4484 ἀπὸ
1433 4432 1528 4502 τῆς
1565 4429 1799 4500 συγκλή-

228 4539 322 4576 του
358 4523 553 4595 βουλῆς
585 4523 680 4576 καὶ
711 4524 818 4576 τῶν
860 4523 1032 4578 ἄλλων
1075 4524 1486 4594 διασημοτάτων
1533 4522 1664 4592 (48),
1702 4522 1797 4574 σὺν

300 4615 348 4647 ⁸³
379 4614 547 4670 ΕιυιΙ.
587 4632 670 4670 xv.
747 4616 794 4646 ³⁵⁸
838 4615 978 4670 Psal.
1013 4633 1104 4680 vn,
1138 4617 1220 4670 16.

299 4707 414 4778 (45)
454 4707 789 4774 Τριστάτας.
822 4710 894 4778 lta
932 4710 1124 4778 legitur
1151 4707 1312 4778 Exodi
1360 4722 1478 4773 cap.
1535 4722 1604 4759 xv
1633 4705 1786 4778 ,7ubi

227 4779 397 4830 multa
427 4778 747 4844 interpretes
782 4777 1016 4832 alierun’t
1047 4781 1113 4830 de
1146 4777 1302 4842 hujus
1340 4778 1487 4830 vocis
1517 4777 1790 4844 signiﬁca-

229 4848 400 4902 tione.
438 4847 549 4915 Ego
589 4858 772 4900 ternos
800 4865 867 4901 ex
902 4849 1153 4902 curribus
1176 4858 1477 4917 pugnantes
1527 4847 1783 4915 intelligo,

229 4927 288 4968 ut
321 4925 470 4969 recte
501 4917 660 4970 habet
683 4917 904 4985 Vulgata
929 4919 1106 4970 versio
1129 4958 1144 4979 ,
1199 4932 1356 4982 quam
1391 4917 1659 4970 immerito
1714 4931 1790 4969 rc-

228 4987 516 5058 prehendit
545 4985 922 5057 Hieronymus.
950 4987 1358 5058 Πρωτοστάτης,
1417 4985 1788 5058 παραστάτης,

227 5056 492 5110 vocabula
522 5066 649 5128 sunt
683 5056 892 5110 taetica.
924 5056 1122 5110 Eadem
1149 5056 1316 5110 forma
1349 5057 1660 5128 τριστάτης.
1691 5056 1792 5108 lle-

225 5135 317 5180 cte
347 5142 480 5193 ergo
511 5125 743 5179 'Rulinus
777 5138 949 5180 ternos
975 5139 1192 5180 statores
1227 5125 1405 5179 vertit.

299 5190 436 5266 (46f
453 5190 593 5249 ’Ὧδέ
621 5211 743 5262 πως
765 5197 1068 5266 ἀνυμνεῒν.
1112 5196 1226 5249 Non
1263 5196 1426 5264 probo
1479 5197 1796 5262 interpreta-

227 5265 432 5334 tionem
483 5265 986 5334 Christ0phorsoni,
1017 5268 1107 5334 qui
1133 5272 1492 5320 vertitcanere
1517 5266 1786 5332 potuisset.

226 5333 340 5389 lino
394 5333 717 5389 vertendum
746 5347 862 5389 erat
892 5333 1156 5400 cecinerit,
1215 5345 1272 5388 ut
1328 5351 1390 5388 ex
1439 5337 1790 5402 sequentibus

226 5417 474 5472 apparet.
507 5407 598 5457 Ait
625 5407 766 5458 enim
809 5406 1093 5467 Eusebius,
1120 5422 1223 5459 non
1252 5406 1454 5464 verbis,
1505 5407 1595 5458 sed
1632 5405 1788 5457 factis

227 5476 358 5542 ipsis
382 5477 800 5528 Constantinum
840 5477 910 5528 ita
937 5477 1236 5529 cecinisse:
1271 5473 1456 5527 Ταῦτά
1480 5492 1542 5542 γε
1571 5475 1662 5526 καὶ
1696 5475 1794 5526 ὅσα

223 5543 435 5608 τούτοις
472 5543 697 5614 ἀδελφὰ,
731 5546 1132 5608 Κωνσταντῖνος
1159 5544 1235 5614 τῷ
1267 5544 1384 5614 Θεῷ
1414 5545 1592 5614 ἔργοις
1614 5545 1794 5606 αὐτοῖς

225 5615 321 5668 ἀνυ
330 5618 571 5686 μνήσας.

291 5634 678 5757 ἴῐῆηὲἢθὸς
699 5685 791 5739 καὶ
818 5685 1164 5754 σκεπαστηής
1192 5703 1310 5753 μου
1327 5685 1541 5752 Κύριος
1564 5683 1797 5757 ἐγένετό

1911 1881 2233 1935 miraculum
2276 1884 2416 1951 quod
2447 1883 2641 1938 dicturi
2679 1900 2885 1948 sumus,
2921 1885 3092 1939 oculis
3127 1887 3236 1938 suis
3267 1897 3477 1956 specta-

1910 1981 2124 2036 verunt,
2144 1972 2421 2026 verissima
2459 1987 2579 2026 esse
2607 1989 2770 2042 opere
2794 1975 2909 2042 ipso
2932 1977 3322 2044 comprobavit.
3342 1975 3474 2029 Nam

1909 2061 2358 2126 quemadmodum
2399 2061 2565 2116 Mosis
2600 2078 2661 2115 ac
2695 2064 2956 2132 religiosae
3001 2067 3268 2132 quondam
3301 2068 3475 2135 gentis

1911 2149 2257 2206 Hebraeorum
2294 2155 2645 2221 temporibus,
2677 2154 2819 2210 Deus
2862 2171 3054 2209 currus
3093 2165 3144 2208 et
3177 2161 3472 2211 exercitum

1910 2239 2208 2296 Pharaonis
2238 2243 2458 2313 projecit
2499 2245 2550 2298 in
2582 2261 2752 2310 mare,
2777 2245 3102 2301 lectissimos
3140 2248 3338 2300 milites
3367 2259 3474 2302 ter-

1910 2352 2005 2391 nos
2035 2352 2100 2390 ex
2139 2353 2298 2392 curru
2339 2349 2639 2408 pugnantes
2687 2341 2977 2395 Submersit
3023 2342 3075 2395 in
3107 2343 3238 2395 mari
3267 2343 3470 2404 Rubro,

1909 2439 1962 2481 et
2002 2425 2244 2482 ﬂuctibus
2271 2431 2480 2496 operuit
2507 2430 2554 2461 ⁸³
2581 2448 2593 2482 :
2626 2431 2705 2484 sic
2743 2431 2903 2500 plane
2941 2431 3242 2486 Maxentius
3274 2445 3324 2486 et
3352 2435 3474 2502 qui-
3552 2443 3564 2455 ‘

1909 2533 2119 2586 cunque
2169 2520 2314 2574 circa
2372 2520 2518 2574 illum
2581 2508 2736 2575 erant
2787 2523 2984 2578 milites
3033 2539 3095 2578 ac
3158 2526 3469 2593 stipatores,

1910 2610 2081 2663 instar
2122 2611 2310 2678 lapidis
2353 2613 2404 2664 in
2437 2599 2755 2665 altissimum
2794 2616 3060 2681 gurgitem
3109 2617 3418 2670 ceciderunt
3450 2634 3467 2672 :

1908 2707 2038 2752 tunc
2081 2699 2330 2753 videlicet
2361 2715 2480 2754 cum
2511 2703 2687 2755 divina
2738 2703 2936 2758 virtute
2969 2704 3300 2758 Constantini
3343 2721 3467 2775 par~

1909 2789 2054 2843 tibus
2090 2790 2386 2844 auxiliante
2422 2791 2474 2844 in
2517 2789 2696 2861 fugam
2747 2808 2956 2858 versus,
2989 2793 3210 2850 ﬂuvium
3245 2797 3344 2851 sibi
3370 2801 3469 2852 ob-

1901 2879 2102 2947 jectum
2129 2882 2492 2949 pertransiret
2542 2897 2556 2933 :
2597 2883 2761 2954 359
2791 2887 2842 2937 in
2879 2901 3020 2954 quo,
3053 2897 3213 2956 ponte
3250 2904 3316 2943 et
3343 2905 3465 2944 sca-

1906 2972 2027 3042 phis
2073 2972 2438 3036 contabulato,
2516 2975 2630 3044 ipse
2684 2966 2992 3032 machinam
3039 2981 3326 3048 quamdam
3398 2983 3463 3034 ad

1907 3081 2056 3118 suam
2083 3065 2247 3133 ipsius
2268 3066 2562 3136 perniciem
2591 3078 2989 3124 construxerat.
3023 3067 3253 3125 Proinde
3284 3081 3337 3126 et
3363 3073 3465 3128 hoc

1829 3133 1868 3189 (ἶ
1903 3154 2006 3206 dici
2053 3154 2244 3208 merito
2268 3133 2455 3222 potuit
2487 3173 2503 3212 :
2544 3175 2562 3208 ι
2600 3157 2858 3212 Scrobem
2889 3159 3098 3226 aperuit
3137 3169 3298 3228 atque
3328 3159 3460 3213 ell'o-

1902 3243 2022 3295 dit:
2058 3250 2112 3295 et
2165 3241 2217 3295 in
2269 3242 2472 3299 foveam
2521 3261 2681 3316 quam
2729 3244 2854 3301 fecit
2901 3246 3014 3316 ipse
3060 3243 3278 3298 incidet.
3325 3247 3464 3300 Con-

1905 3341 2141 3386 vertetur
2169 3333 2322 3387 labor
2343 3335 2459 3403 ejus
2493 3336 2542 3386 in
2570 3341 2842 3405 proprium
2884 3349 3060 3405 caput,
3120 3346 3171 3391 et
3209 3336 3260 3388 in
3293 3338 3457 3389 verti.

1899 3437 2015 3478 cem
2054 3425 2223 3494 ipsius
2257 3419 2516 3486 injustitia
2545 3423 2661 3492 ejus
2683 3425 2958 3482 recidet“.
2995 3442 3012 3474 ι
3034 3425 3088 3477 In
3116 3424 3262 3478 hunc
3298 3428 3461 3494 igitur

1901 3525 2118 3566 modum
2171 3513 2347 3568 soluta
2393 3516 2571 3583 pontis
2608 3530 2886 3586 compage,
2932 3517 3194 3570 transitus
3239 3517 3458 3584 quidem

1899 3604 2179 3659 subsidere
2211 3605 2412 3672 cmpit;
2451 3607 2658 3674 navigia
2695 3621 2820 3660 vero
2851 3606 3159 3677 simttl_eum
3207 3608 3337 3677 ipsis
3364 3609 3455 3664 ho-

1899 3696 2133 3750 minibus
2192 3707 2412 3767 repente
2457 3699 2788 3766 pessumiere
2817 3716 2830 3752 :
2863 3674 3177 3767 primusque
3217 3701 3459 3756 omnium

1898 3787 2314 3842 scelestissimus
2345 3788 2430 3840 ille
2466 3797 2746 3858 tyrannus,
2792 3804 2855 3843 ac
2885 3789 3082 3843 deinde
3111 3791 3287 3844 cuncti
3323 3806 3461 3861 quos

1898 3881 2041 3934 circa
2091 3895 2148 3933 se
2201 3880 2434 3934 habebat
2481 3881 2726 3949 corporis
2776 3881 3045 3940 custodes,
3091 3883 3233 3935 sicut
3279 3883 3456 3934 divina

1899 3976 2263 4045 praidixeruut
2321 3973 2576 4037 oracula,
2629 3973 2799 4026 instar
2848 3971 3112 4040 plumbea:
3170 3987 3360 4026 massa:
3406 3973 3458 4024 in

1899 4065 2218 4120 altissimum
2264 4065 2527 4134 gurgitem
2579 4063 2780 4132 delapsi
2811 4073 2954 4117 sunt.
2989 4064 3136 4117 Adeo
3163 4073 3219 4115 ut
3264 4064 3460 4116 milites

1899 4157 1989 4226 qui
2015 4165 2140 4210 tunc
2160 4172 2261 4225 ope
2301 4156 2463 4210 divini
2509 4155 2746 4210 numinis
2780 4156 3064 4210 victoriam
3099 4156 3276 4224 adepti
3311 4164 3459 4217 sunt,

1898 4248 2119 4315 perinde
2165 4262 2229 4300 ac
2256 4247 2382 4300 olim
2418 4246 2671 4300 Israelita“:
2701 4263 2837 4314 quos
2879 4263 3102 4315 magnus
3127 4247 3217 4301 ille
3249 4246 3338 4298 Dei
3373 4245 3456 4298 ἵει-

1899 4339 2077 4393 mulus
2097 4337 2308 4410 Moyses
2325 4339 2570 4402 ducebat,
2590 4340 2803 4405 merito,
2829 4340 2872 4392 si
2907 4355 3010 4392 non
3043 4338 3241 4402 verbis,
3268 4337 3456 4391 saltent

1902 4431 2061 4484 rebus
2103 4429 2237 4498 ipsis
2267 4429 2454 4483 eadem
2483 4443 2603 4497 quae
2634 4429 2709 4482 illi
2755 4430 3024 4497 quondam
3056 4431 3316 4483 adversus
3359 4430 3457 4480 im-

1903 4521 2047 4590 pium
2083 4519 2230 4573 illum
2275 4517 2608 4574 Pharaonem
2651 4519 2917 4575 cantaturi
2976 4519 3173 4573 fuerint
3225 4520 3274 4572 in
3317 4519 3459 4572 hunc

1889 4723 1989 4774 μοι
2014 4707 2100 4769 εἰς
2125 4705 2441 4771 σωτηρίαν.
2481 4702 2603 4757 Πειιο
2638 4713 2718 4757 est
2744 4705 2906 4757 lectio
2935 4704 3089 4757 codd.
3122 4703 3258 4760 Maz.
3285 4714 3336 4757 et
3359 4704 3458 4757 Sa-

1895 4777 2197 4844 vil.,quant
2249 4779 2534 4828 conlirinat
2591 4776 2861 4838 llnl‘inus;
2920 4775 2996 4826 sic
3049 4776 3189 4826 enim
3245 4776 3452 4828 vertit:

1898 4864 1916 4896 ι
1949 4847 2175 4913 Αιιμιιυι·
2211 4853 2263 4897 et
2305 4854 2577 4911 protector
2609 4861 2777 4905 meus,
2809 4857 2862 4896 et
2901 4844 3078 4896 factus
3117 4854 3198 4894 est
3239 4845 3368 4897 mihi
3403 4847 3453 4897 in

1894 4915 2175 4968 salutem.»
2214 4914 2368 4985 Vulg.
2405 4914 2594 4985 βοηθὸς
2634 4915 2724 4966 καὶ
2755 4913 3061 4985 σκεπαπὴς
3094 4913 3451 4985 ἐγένετόᾼμοι,

1897 4985 2175 5038 Locusest
2222 4984 2274 5036 in
2313 4983 2432 5052 cap.
2490 4983 2556 5037 ιιν
2615 4985 2824 5048 Exodi,
2864 4985 2952 5036 ubi
3012 4983 3249 5036 llotnana
3311 4983 3452 5038 LXX

1899 5057 2257 5121 lnterpretum
2291 5057 2454 5106 editio
2486 5070 2644 5108 voces
2695 5055 2813 5106 illas
2847 5071 2946 5123 μου
2972 5052 3174 5123 Κύριος
3215 5069 3319 5106 non
3358 5056 3454 5106 ba-

1904 5125 2012 5176 bet.
2051 5124 2200 5189 Quod
2227 5125 2466 5192 profecto
2500 5125 2706 5190 miror:
2746 5140 2866 5176 nam
2897 5123 3182 5191 Eusebium
3219 5125 3454 5177 editione

1900 5193 2042 5247 LXX
2113 5193 2466 5262 interpretum
2525 5211 2677 5246 usum
2738 5208 2878 5252 esse,
2913 5209 3010 5260 pro
3057 5204 3208 5246 certo
3257 5194 3450 5247 haben.

1899 5263 2064 5317 Paulo
2086 5273 2204 5330 post
2231 5266 2316 5316 ubi
2347 5265 2617 5328 legebatur
2642 5283 2652 5315 :
2682 5263 2989 5332 θαυμαστὸς
3037 5263 3260 5328 ἐνδόξως
3288 5265 3452 5316 ποιῶν

1894 5334 2131 5405 τέρατα,
2150 5335 2356 5405 restitui
2392 5333 2700 5405 θαυμαστὸς
2734 5336 2790 5385 ἐν
2819 5333 2994 5405 δόξαις
3023 5350 3085 5385 ex
3113 5336 3453 5405 auctoritate

1899 5401 2053 5457 codd.
2120 5403 2252 5456 Maz.
2308 5413 2364 5456 et
2396 5401 2556 5464 Fuk.,
2596 5404 2790 5471 quibus
2819 5402 3057 5454 Romana
3113 5401 3256 5456 LXX
3333 5406 3455 5456 θυι»

1899 5475 2087 5527 scribit
2112 5473 2296 5530 editio.
2330 5484 2463 5523 utet
2499 5475 2873 5538 interpretatio
2906 5472 3107 5524 llutini.

1974 5543 2085 5611 (48)
2122 5541 2234 5596 Καὶ
2259 5540 2377 5595 τῶν
2400 5541 2603 5596 ἄλλων
2629 5540 3094 5610 διασημθτάτων.
3141 5541 3255 5595 Νοιι
3290 5541 3450 5595 intel-

1904 5613 2034 5666 lexil
2066 5614 2202 5666 hanc
2228 5628 2412 5666 vocem
2447 5612 2991 5680 Christupborsnnus,
3032 5627 3129 5664 nec
3162 5612 3451 5665 Musculus.

1907 5684 1996 5737 Sic
2017 5681 2187 5738 Graeci
2219 5684 2482 5740 vocabant
2515 5697 2626 5749 eos,
2655 5697 2789 5750 quos
2829 5681 3000 5736 Latini
3026 5682 3450 5752 prriecrissimos.
