3858 6260
247 322 352 376 8‘35

1220 315 1565 372 HISTORIA}
1605 315 2160 372 ECCLESIASTICE
2200 316 2329 374 LlB.
2370 315 2460 372 IX.

3363 317 3467 371 826

247 439 475 510 φανερὸν
503 435 640 492 εἶναι
665 437 919 500 πέποιθα,
953 436 1077 499 τοὺς
1107 436 1369 500 δεσπότας
1396 436 1551 507 ἡμῶν
1589 435 1798 506 Διοκλη-

1915 447 2047 500 tror,
2102 435 2334 504 qualiter
2383 431 2586 487 domini
2631 446 2691 486 ac
2735 441 2986 502 parentes
3041 431 3209 487 nostri
3255 430 3463 488 Diocle-

235 532 422 586 ,τιανδν
441 532 531 584 καὶ
555 529 890 600 Μαξιμιανὸν
907 530 1031 591 τοὺς
1052 529 1350 599 ἡμετέρους
1369 527 1628 599 πατέρας,
1647 526 1803 598 ἡνίκα

249 624 486 677 συνεῖδον
513 622 699 691 σχεδὸν
720 621 966 684 ἅπαντας
988 620 1082 674 ἀνθ
1093 619 1325 690 ρώπους,
1359 618 1805 688 καταλειφθείσης

246 717 338 785 τῆς
370 714 478 767 τῶν
511 712 647 766 θεῶν
683 712 995 783 θρησκείας,
1027 711 1104 782 τῷ
1140 711 1280 763 ἔθνει
1320 709 1427 763 τῶν
1470 710 1804 780 Χριστιανῶν

247 809 470 868 ἑαυτοὺς
504 805 934 875 συμμεμιχότας,
971 802 1145 874 ὀρθῶς
1181 799 1567 869 διατεταχέναι,
1599 801 1805 864 πάντας

244 897 556 968 ἀνθρώπους
582 897 706 958 τοὺς
732 897 838 948 ἀπὸ
869 896 968 965 τῆς
991 895 1096 948 τῶν
1124 895 1298 948 αὐτῶν
1353 894 1490 948 θεῶν
1534 895 1640 947 τῶν
1673 895 1803 948 ἀθα-

244 991 411 1041 νάτων
446 987 740 1059 θρησκείας
781 989 1258 1059 ἀναχωρήσαντας,
1302 988 1548 1058 προδήλῳ
1587 989 1801 1042 κολάσει

244 1082 333 1134 καὶ
359 1081 600 1150 τιμωρίᾳ
628 1080 706 1143 είς
740 1079 834 1150 τὴν
865 1080 1158 1150 θρησκείαν
1191 1079 1296 1132 τῶν
1325 1079 1460 1132 θεῶν
1499 1079 1803 1149 ἀνακληθῆ-

242 1187 341 1224 vat.
383 1169 519 1221 ’κᾶλλ’
545 1171 633 1222 ὅτε
664 1171 774 1237 ἐγὼ
799 1169 1037 1239 εὐτυχῶς
1058 1170 1119 1222 τὸ
1148 1168 1363 1238 πρῶτον
1405 1170 1482 1232 είς
1509 1171 1607 1240 τὴν
1645 1171 1800 1222 Ἀνα-

242 1261 392 1330 τολὴν
426 1261 538 1331 (52)
574 1261 969 1332 παρεγενόμην,
1004 1260 1095 1313 καὶ
1129 1261 1296 1328 ἔγνων
1324 1259 1402 1325 εἷς
1427 1279 1576 1324 τινας
1607 1261 1802 1324 τόπους

242 1352 518 1414 πλείστους
559 1352 669 1405 τῶν
702 1351 998 1422 ἀνθρώπων
1035 1352 1101 1404 τά
1133 1353 1364 1422 δημόσια
1392 1352 1619 1421 ὠφελεῖν
1647 1353 1801 1405 δυνα-

244 1444 450 1513 μένους,
488 1443 592 1496 ύπὺ
619 1443 724 1495 τῶν
753 1443 1018 1496 δικαστῶν
1047 1443 1132 1495 διὰ
1161 1444 1257 1513 τὴν
1291 1444 1692 1516 προειρημένην
1721 1448 1803 1498 αί-

239 1536 350 1587 τίαν
392 1533 751 1605 ὲξορίξεσθαι,
785 1535 996 1604 ἑκάστῳ
1028 1535 1134 1588 τῶν
1175 1535 1441 1589 δικαστῶν
1474 1536 1689 1599 ἐντολὰς
1719 1536 1803 1588 δέ-

239 1627 398 1687 δωκα,
426 1625 569 1678 ὥστε
605 1626 806 1696 μηδένα
832 1625 1034 1679 τούτων
1059 1625 1151 1678 τοῦ
1181 1626 1366 1678 λοιποῦ
1403 1627 1801 1698 προσφέρεσθαι

239 1720 342 1780 τοῖς
369 1716 740 1787 ὲπαρχιώταις
778 1717 1034 1787 ἀπηνῶς,
1081 1716 1214 1771 ἀλλά
1261 1717 1457 1786 μᾶλλον
1496 1717 1801 1781 κολακείαις

1909 533 2088 583 tianus
2117 539 2172 584 et
2223 528 2600 591 Maximianus,
2637 542 2756 581 cum
2786 537 3010 600 cunctos
3059 529 3173 582 fere
3196 527 3462 600 homines,

1907 619 2095 673 relicto
2142 620 2365 673 deorum
2399 616 2780 670 immortalium
2805 599 2984 684 'cultu,
3008 618 3073 670 ad
3126 599 3465 672 Christiano-

1906 727 2022 768 rum
2054 721 2256 766 sectam
2285 725 2344 764 se
2395 709 2722 778 applicuisse
2771 719 3079 775 cernerent,
3118 718 3261 763 recte
3301 721 3464 780 atque

1905 805 2093 858 ordine
2123 802 2537 866 constituerunt,
2584 811 2642 853 ut
2681 801 2987 870 quicunque
3033 817 3060 854 a
3092 801 3310 855 deormn
3339 817 3465 857 suo-

1905 912 2022 950 rum
2050 895 2304 964 religione
2331 895 2704 959 descivissent,
2737 894 2950 964 publica
2998 893 3462 949 animadversione

1903 997 1954 1039 et
2011 986 2268 1055 supplicio
2308 985 2373 1038 ad
2429 985 2743 1039 eorumdem
2795 985 2996 1038 cultum
3054 994 3461 1040 revocarentur.

1902 1076 2013 1145 Ego
2043 1091 2172 1129 vero
2207 1089 2328 1127 cum
2379 1075 2431 1128 in
2467 1073 2700 1129 Orientis
2739 1074 3041 1144 provincias
3089 1073 3332 1129 felicibus
3370 1089 3464 1129 au-

1904 1165 2088 1232 Spiciis
2118 1164 2348 1233 primum
2397 1167 2688 1227 venissem,
2735 1163 3228 1234 comperisset‘uque
3274 1179 3464 1233 quam-

1903 1257 2164 1326 plurimos
2204 1258 2450 1312 homines
2497 1257 2586 1326 qui
2641 1256 2957 1324 reipublicae
3006 1258 3124 1310 usui
3184 1271 3304 1311 esse
3343 1272 3466 1326 pus-

1907 1357 2043 1412 sent,
2071 1349 2140 1403 ob
2178 1362 2297 1401 eam
2322 1361 2482 1416 quam
2503 1346 2610 1400 dixi
2632 1360 2850 1402 causam
2875 1362 2904 1400 a
2929 1345 3201 1414 iudicibus
3230 1346 3281 1399 in
3315 1357 3463 1400 certa

1906 1440 2021 1495 loca
2064 1439 2332 1508 relegari;
2380 1437 2604 1506 singulis
2633 1437 2904 1508 judicibus
2969 1435 3023 1489 in
3069 1439 3340 1492 mandatis
3371 1438 3466 1492 de-

1905 1532 1991 1599 di,
2026 1545 2092 1584 ne
2123 1531 2242 1599 quis
2287 1544 2472 1583 eorum
2511 1530 2762 1598 deinceps
2797 1530 3058 1584 adversus
3110 1531 3467 1599 provinciales

1905 1625 2169 1680 atrociter
2208 1625 2457 1686 serviret;
2521 1623 2614 1676 sed
2671 1632 2730 1676 ut
2771 1624 2948 1691 potius
2986 1623 3259 1679 blanditiis
3291 1636 3345 1680 et
3372 1627 3464 1680 ad-

1907 1714 2306 1771 hortationibus
2328 1717 2392 1768 ad
2420 1715 2644 1766 deorum
2670 1711 2869 1766 cultum
2896 1729 2989 1768 eos
3022 1729 3276 1768 revocare
3305 1730 3464 1768 cona-

241 1810 326 1860 καὶ
366 1812 704 1878 προτροπαῖς
742 1809 874 1879 πρὸς
915 1808 1013 1879 τὴν
1049 1806 1156 1860 τῶν
1189 1807 1324 1860 θεῶν
1371 1807 1666 1877 θρησκείαν
1705 1808 1770 1860 αὐ

1910 1821 2114 1863 rentur.
2151 1806 2396 1874 Quandiu
2443 1807 2604 1874 igitur
2635 1805 2786 1871 juxta
2827 1806 3134 1858 mandatum
3171 1807 3467 1875 majestalis

239 1904 356 1964 τοὺς
387 1901 697 1955 ἀνακαλεῖν.
760 1903 1070 1973 Τηνικαῦτα
1108 1898 1199 1956 οὖν
1249 1903 1336 1956 ὅτε
1389 1902 1692 1966 ἀκολούθως
1738 1905 1801 1974 τῇ

240 1993 473 2045 κελεύσει
525 1997 591 2064 τῇ
636 1997 739 2064 ἐμῇ
776 1995 880 2048 ὑπὸ
920 1995 1026 2048 τῶν
1067 1995 1329 2048 δικαστῶν
1362 1996 1688 2065 ἐφυλάττετο
1734 1995 1804 2048 τά

240 2085 682 2153 προστεταγμένα
703 2126 716 2147 ,
751 2085 1025 2138 συνέϐαινε
1074 2086 1273 2156 μηδένα
1305 2087 1369 2139 ἐκ
1399 2086 1507 2137 τῶν
1537 2086 1805 2155 τῆςἈνα-

238 2174 387 2244 τολῆς
419 2175 626 2246 μερῶν,
661 2177 793 2245 μήτε
833 2176 1102 2246 ἐξόριστον
1139 2178 1273 2246 μήτε
1307 2175 1619 2246 ὲνύὸριστον
1648 2174 1804 2242 γενέ-

240 2265 372 2329 σθαι,
398 2267 538 2318 ἀλλά
577 2267 771 2336 μᾶλλον
807 2269 870 2319 ὲκ
914 2267 1007 2319 τοῦ
1040 2269 1112 2338 μὴ
1153 2267 1361 2339 βαρέως
1385 2268 1502 2320 κατ’
1538 2268 1717 2320 αὐτῶν
1748 2285 1801 2320 τι

240 2351 486 2418 γίνεσθαι,
523 2354 605 2415 είς
633 2352 728 2423 τὴν
756 2353 861 2406 τῶν
894 2353 1030 2407 θεῶν
1063 2355 1356 2425 θρησκείαν
1379 2356 1798 2426 ἁνακεκλῆσθαι.

239 2444 378 2496 Μετὰ
407 2444 460 2495 δὲ
490 2445 667 2496 ταῦτα
693 2447 780 2498 ὅτε
802 2444 878 2515 τῷ
905 2446 1220 2517 παρελθόντι
1249 2447 1474 2517 ἐνιαυτῷ
1510 2448 1618 2517 (55)
1652 2449 1804 2501 εὐτυ-

238 2538 338 2607 χῶς
379 2537 588 2607 ἐπέϐην
633 2539 714 2599 εἰς
757 2539 855 2609 τὴν
900 2539 1264 2610 Νικομήδειαν
1308 2540 1467 2592 κάκεῖ
1511 2539 1799 2605 διετέλουν,

239 2630 593 2701 παρεγένοντο
622 2632 830 2685 πολῖται
862 2633 960 2701 τῆς
987 2631 1157 2699 αὐτῆς
1187 2631 1390 2695 πϐλεως
1422 2632 1558 2704 πρὸς
1591 2634 1659 2702 μὲ
1687 2633 1801 2701 ἅμα

241 2721 364 2792 μετά
391 2722 497 2774 τῶν
543 2721 742 2785 ξοάνων
782 2722 888 2774 τῶν
919 2722 1077 2785 θεῶν,
1117 2723 1375 2792 μειζόνως
1416 2724 1680 2794 δεόμενοι,
1716 2724 1801 2776 ἵνα

237 2814 386 2867 παντὶ
418 2816 610 2886 τρόπῳ
635 2815 696 2868 τὸ
724 2815 959 2869 τοιοῦτον
984 2815 1134 2879 ἔθνος
1164 2816 1428 2886 μηδαμῶς
1461 2818 1802 2889 ἐπιτρέποιτο

238 2906 288 2959 ὲν
319 2910 377 2977 τῇ
419 2907 605 2961 αὐτῶν
652 2908 864 2980 πατρίδι
923 2910 1106 2963 οἰκεῖν,
1156 2909 1292 2961 Ἀλλ’
1325 2910 1411 2962 ὅτε
1447 2910 1616 2978 ἔγνων
1649 2910 1800 2963 πλεί-

237 3015 380 3062 στους
424 3000 530 3070 τῆς
563 3001 730 3070 αὐτῆς
783 3000 1074 3071 θρησκείας
1102 3001 1296 3071 ἄνδρας
1352 3003 1408 3054 ἐν
1463 3003 1645 3066 αὐτοῖς
1690 3005 1802 3066 τοῖς

240 3089 447 3159 μέρεσιν
501 3092 698 3153 οἰκεῖν,
747 3089 918 3152 οὕτως
961 3091 1143 3153 αὐτοῖς
1193 3090 1291 3153 τάς
1334 3092 1652 3162 ἀποκρίσεις
1697 3094 1802 3146 ἀπ-

1903 1901 2059 1972 361
2092 1912 2308 1963 nostrae,
2340 1901 2452 1955 lucc
2481 1919 2507 1954 a
2533 1901 2826 1971 judicibus,
2861 1911 3018 1969 prout
3046 1901 3338 1969 iusseram,
3366 1903 3466 1956 ob-

1905 2005 2118 2049 servata
2149 2005 2292 2058 sunt,
2327 2009 2484 2048 nemo
2526 2011 2592 2048 ex
2648 1995 2892 2060 partibus
2925 1993 3168 2048 Orientis
3199 2003 3290 2046 ant
3323 1992 3467 2047 rele-

1904 2097 2080 2155 gatus,
2111 2096 2203 2139 aut
2231 2085 2558 2140 contumelia
2587 2083 2813 2138 affectus
2841 2093 2943 2138 est.
2970 2084 3108 2150 Quin
3146 2085 3321 2152 potius
3351 2099 3468 2153 pro-

1905 2176 2161 2230 vinciales
2190 2175 2355 2228 nostri
2384 2190 2447 2228 eo
2484 2175 2624 2242 quod
2655 2175 2974 2229 clementius
3000 2190 3118 2228 cum
3166 2175 3294 2242 ipsis
3341 2191 3468 2244 age-

1903 2269 2080 2330 batur,
2113 2269 2178 2322 ad
2209 2267 2487 2322 numinum
2521 2268 2723 2322 cultum
2761 2268 3057 2321 redierunt.
3112 2266 3305 2320 Postea
3337 2283 3467 2321 vero

1903 2378 2024 2416 cum
2059 2377 2198 2416 anno
2225 2362 2501 2430 przeterito
2535 2360 2903 2415 Nicomediam
2937 2359 3169 2412 feliciter
3190 2360 3464 2413 essemin-

1903 2467 2144 2521 gressus,
2173 2452 2318 2505 cives
2343 2451 2462 2519 ejus
2487 2450 2636 2503 urbis
2683 2464 2769 2503 me
2801 2448 2909 2501 illic
2976 2449 3258 2518 degentem
3313 2449 3466 2502 adie-

1903 2556 2022 2599 runt
2058 2561 2182 2599 cum
2220 2545 2440 2598 deorum
2484 2541 2826 2604 simulacris;
2871 2540 3072 2594 obnixe
3122 2551 3368 2604 orantes,
3400 2556 3467 2595 ne

1901 2636 2204 2707 hujusmodi
2237 2635 2512 2689 hominum
2543 2650 2710 2703 genus
2761 2632 2813 2686 in
2842 2647 2938 2686 sua
2968 2632 3187 2686 civitate
3216 2633 3467 2688 habitare

1901 2727 2122 2783 omnino
2155 2728 2444 2782 sineretur.
2492 2727 2594 2779 Sed
2651 2728 2904 2795 quoniam
2966 2726 3274 2794 complures
3307 2726 3469 2794 hujus

1904 2822 2178 2892 religionis
2210 2821 2354 2876 viros
2382 2819 2487 2875 illis
2518 2820 2568 2872 in
2591 2821 2832 2888 partibus
2857 2820 3052 2888 degere
3079 2831 3463 2887 cognoveram,

1901 2913 2003 2968 hoc
2029 2913 2106 2967 eis
2134 2929 2447 2983 responsum
2479 2915 2618 2974 dedi,
2657 2928 2740 2968 me
2766 2914 2978 2981 quidem
3009 2927 3193 2966 eorum
3222 2910 3466 2980 petitioni

1902 3005 2132 3060 libenter
2183 3001 2664 3074 'gratiﬁcaturum;
2720 3005 2812 3058 sed
2870 3021 2976 3058 non
3033 3004 3467 3057 animadvertere

1903 3097 2132 3166 idipsum
2160 3112 2224 3157 ex
2254 3113 2408 3166 asquo
2440 3099 2505 3150 ab
2539 3098 2793 3152 omnibus
2817 3094 3102 3164 postulari.
3127 3095 3280 3161 Quod
3311 3095 3355 3147 si
3376 3095 3466 3162 qui

237 3179 452 3252 ἐνειμον,
488 3183 578 3235 ὅτι
621 3185 685 3253 τῇ
736 3184 830 3252 μὲν
877 3184 1087 3249 αἰτήσει
1139 3185 1314 3236 αὐτῶν
1362 3185 1610 3255 ἀσμένως
1644 3187 1798 3259 χάριν

1906 3189 2114 3258 sintqui
2142 3190 2192 3242 in
2215 3189 2647 3245 Christianorum
2671 3189 3057 3258 superstitione
3088 3197 3464 3258 permaneant,
3512 3232 3514 3234 .

237 3273 449 3344 ἔσχηκα,
483 3274 604 3326 ἀλλ’
640 3276 700 3326 ού
737 3274 886 3345 παρὰ
917 3275 1132 3328 πάντων
1173 3275 1579 3348 τοῦτοάίτηθὲν
1623 3280 1802 3330 κατεῖ-

235 3365 340 3417 δον·
369 3369 415 3419 εί
449 3367 557 3436 μὲν
584 3362 676 3420 οὖν
702 3385 844 3428 τινες
869 3363 976 3420 εἶεν
1012 3370 1078 3438 τῇ
1111 3369 1244 3439 αὐτῇ
1279 3369 1666 3440 δεισιδαιμονίᾳ
1688 3369 1801 3422 δια-

240 3459 494 3528 μένοντες,
537 3458 708 3519 οὖτως
744 3459 839 3514 ἕνα
869 3460 1096 3513 ἕκαστον
1140 3463 1197 3513 ὲν
1235 3465 1300 3532 τῇ
1339 3461 1444 3532 ἰδίᾳ
1485 3462 1798 3533 προαιρέσει

235 3554 324 3623 τὴν
345 3553 602 3624 βούλησιν
622 3553 762 3623 ἔχειν
784 3553 938 3625 (55⁸),
957 3555 1050 3607 καὶ
1071 3558 1118 3608 εἰ
1142 3555 1408 3625 βούλοιντο
1429 3556 1524 3627 τὴν
1539 3556 1643 3607 τῶν
1661 3554 1796 3607 θεῶν

238 3646 528 3716 θρησκείαν
567 3645 967 3714 ἐπιγινώσκειν.
1006 3650 1192 3718 Ὅμως
1233 3649 1324 3702 καὶ
1359 3649 1469 3712 τοῖς
1501 3649 1598 3718 τῆς
1634 3647 1803 3718 αὐτῆς

240 3738 432 3802 πόλεως
475 3739 875 3810 Νικομηδεῦσι,
923 3739 1018 3790 καὶ
1050 3742 1172 3801 ταῖς
1222 3737 1435 3801 λοιπαῖς
1476 3739 1692 3792 πόλεσιν
1746 3739 1802 3791 αἳ

242 3829 326 3882 καὶ
358 3832 514 3883 αὑταὶ
546 3834 628 3894 εἰς
655 3831 903 3884 τοσοῦτον
924 3831 1021 3902 τὴν
1046 3831 1235 3900 ὁμοίαν
1261 3830 1474 3899 αἴτησιν
1504 3847 1801 3901 περισπου-

241 3922 434 3986 δάστως
465 3925 607 3994 πρὸς
648 3925 714 3993 μὲ
743 3924 1125 3992 πεποιήκασιν,
1160 3922 1398 3992 δηλονότι
1433 3923 1518 3975 ἵνα.
1554 3921 1688 3994 μηδὲ
1723 3917 1803 3986 εἷς

241 4013 338 4064 τῶν
361 4016 696 4086 Χριστιανῶν
719 4019 836 4078 ταῖς
864 4015 1078 4068 πόλεσιν
1100 4015 1352 4086 ἐνοικοίη,
1380 4017 1622 4086 ἀνάγκην
1647 4015 1802 4085 ἔσχον

244 4108 539 4178 προσφιλῶς
572 4108 988 4179 ἀποκρίνασθαι,
1024 4111 1106 4162 ὅτι
1142 4109 1206 4180 δὴ
1252 4109 1382 4161 αὐτὸ
1411 4107 1568 4161 τοῦτο
1613 4110 1706 4162 καὶ
1752 4109 1800 4162 0i

245 4201 441 4269 ἀρχαῖοι
469 4201 870 4272 αὐτοκράτορες
901 4203 1098 4265 πάντες
1129 4201 1474 4269 διεφύλαξαν,
1505 4202 1598 4256 καὶ
1622 4204 1803 4266 αὐτοῖς

245 4298 343 4358 τοῖς
375 4295 514 4360 θεοῖς
556 4296 624 4348 δι’
658 4295 750 4359 οὓς
788 4299 986 4361 πάντες
1019 4299 1292 4369 ἄνθρωποι
1324 4300 1417 4351 καὶ
1450 4298 1586 4368 αύτὴ
1621 4299 1654 4368 ὴ
1696 4297 1802 4351 τῶν

243 4385 500 4457 δημοσίων
554 4387 818 4458 διοίκησις
882 4389 1212 4453 συνίσταται,
1271 4389 1466 4460 ἤρεσεν
1520 4383 1614 4442 οὖν
1662 4387 1798 4459 (54),

1904 3297 2343 3352 unumquemque
2378 3299 2473 3351 pro
2504 3283 2768 3336 arbitratu
2805 3299 2866 3336 ac
2907 3284 3102 3336 mentis
3134 3297 3243 3336 sum
3270 3295 3468 3350 propo-

1902 3377 2004 3430 sito
2031 3375 2229 3445 eligere
2255 3378 2394 3445 quod
2421 3375 2681 3440 vellet;et
2703 3376 2749 3430 si
2774 3379 2996 3430 deorum
3025 3376 3335 3444 religionem
3360 3389 3470 3434 am-

1902 3469 2060 3538 plecti
2092 3469 2308 3533 vellent,
2339 3469 2559 3536 perinde
2583 3470 2632 3520 id
2657 3467 2838 3523 licere.
2868 3467 2974 3521 Sed
3007 3477 3186 3520 tamen
3222 3476 3276 3519 et
3307 3463 3468 3520 Nico-

1903 3562 2283 3622 mediensibus,
2311 3571 2364 3613 et
2393 3561 2615 3628 reliquis
2643 3559 2956 3613 civitatibus
2982 3573 3100 3628 qua:
3129 3559 3372 3612 eamdem
3399 3558 3466 3610 ad

1901 3667 1985 3704 me
2019 3653 2327 3719 petitionem
2349 3668 2470 3705 cum
2498 3667 2712 3704 summa
2741 3652 3092 3704 contentione
3134 3649 3465 3715 detulerant,

1900 3754 1961 3798 ut
2001 3743 2248 3798 videlicet
2282 3743 2458 3797 nullus
2484 3742 2916 3798 Christianorum
2970 3745 3022 3797 in
3075 3745 3190 3798 suis
3241 3745 3468 3798 urbibus

1901 3837 2190 3902 habitaret,
2209 3851 2426 3889 necesse
2449 3835 2608 3888 habui
2628 3835 2858 3903 benigne
2879 3837 3200 3902 respondere
3216 3873 3230 3898 ,
3255 3836 3467 3902 quando

1902 3928 1971 3981 ita
2005 3927 2349 3982 observatum
2376 3926 2565 3980 fuisset
2615 3941 2644 3979 a
2687 3928 2898 3980 cunctis
2943 3937 3089 3980 retro
3125 3928 3466 3996 imperatori-

1905 4021 2035 4084 bus;
2070 4020 2172 4074 diis
2199 4035 2412 4088 quoque
2449 4018 2839 4080 immortalibus
2865 4035 2962 4088 per
2991 4035 3124 4087 quos
3158 4035 3326 4088 genus
3365 4021 3466 4073 hu-

1907 4125 2120 4164 manum
2147 4120 2199 4164 et
2224 4109 2530 4179 reipublica:
2557 4121 2835 4176 permanet
2868 4120 3058 4173 status,
3094 4110 3324 4179 idipsum
3354 4112 3469 4182 pla-

1903 4202 2148 4256 cuisset:
2183 4217 2268 4256 me
2319 4217 2533 4272 quoque
2571 4201 2877 4271 huiusmodi
2932 4204 3248 4273 petitionem
3307 4221 3466 4274 quam

1904 4294 1970 4348 de
2008 4294 2150 4348 eultu
2182 4297 2403 4350 deorum
2436 4312 2656 4349 suorum
2687 4295 2751 4349 ad
2783 4311 2868 4349 me
2892 4297 3242 4362 detulissent,
3271 4299 3472 4351 confir-

1905 4399 2198 4444 maturum.
2235 4388 2590 4455 Quamobrem
2630 4391 2730 4447 etsi
2779 4391 2888 4461 jam
2920 4402 3077 4447 antea
3133 4407 3274 4462 saepe
3303 4392 3470 4446 devo-

245 4566 452 4644 Or'ente
483 4569 833 4644 fere_semper
863 4578 1114 4644 versatus
1144 4577 1248 4644 est.
1277 4568 1461 4644 Qesar
1483 4569 1799 4644 _Jovius__e_st
1831 4575 1874 4631 ι)
1901 4567 2139 4644 Qrientis
2175 4581 2434 4644 recenset,
2473 4571 2616 4644 inter
2643 4571 2748 4644 has
2781 4581 3028 4644 numerat
3067 4571 3358 4644 Egyptum
3412 4582 3468 4627 et

247 4639 553 4705 appellatus.
588 4638 679 4692 Sic
704 4640 844 4691 enim
877 4640 926 4691 in
957 4638 1218 4692 Chronico
1253 4640 1614 4693 Alexandrino
1655 4640 1791 4692 dici-

250 4719 345 4770 tur,
377 4719 426 4761 et
455 4711 504 4762 in
539 4721 719 4762 vetere
747 4725 966 4761 nummo
993 4724 1151 4778 quem
1182 4710 1349 4762 edidit
1400 4709 1637 4763 Joannes
1669 4709 1792 4762 Tri-

249 4787 444 4848 stanus.
502 4780 850 4833 Constantius
890 4795 1044 4842 vero,
1107 4789 1291 4847 utpote
1341 4784 1429 4848 qui
1481 4779 1788 4833 Maximiani

250 4847 470 4901 Herculii
502 4850 794 4918 privignam
846 4851 1093 4912 duxerat,
1129 4859 1183 4902 et
1239 4847 1366 4902 cunt
1413 4851 1502 4903 illo
1534 4852 1584 4903 in
1641 4849 1790 4904 Occi-

249 4921 396 4972 dente
427 4918 764 4979 versabatur,
792 4919 975 4973 Cmsar
1002 4919 1286 4972 Herculius
1311 4921 1483 4974 dictus
1508 4929 1610 4980 est,
1645 4933 1700 4972 ut
1722 4936 1788 4974 ex

249 4997 416 5060 vetere
443 4989 764 5060 panegyrico
794 4991 1098 5042 observavit
1135 4991 1298 5043 frater
1342 5005 1490 5060 meus
1520 4991 1789 5045 Adrianus

251 5054 505 5110 Valesius.
567 5054 778 5112 Mortuo
829 5061 1021 5113 deinde
1061 5059 1665 5123 Galerio,Maxitninus.
1697 5061 1789 5128 qui

251 5128 416 5179 lla-sar
443 5131 510 5181 ab
541 5129 627 5182 illo
665 5130 835 5182 factus
870 5131 1064 5189 fuerat,
1101 5141 1515 5198 cognomentum
1542 5129 1677 5185 Jovii
1705 5146 1794 5184 as—

251 5201 488 5262 sumpsit,
521 5209 575 5252 ut
599 5217 660 5252 ex
697 5200 794 5251 hoc
826 5201 1036 5252 Eusebii
1084 5201 1198 5253 loco
1231 5201 1508 5254 discimus.

315 5266 420 5336 (5‘2)
452 5270 552 5340 Είς
578 5269 1052 5340 ’τὴιν“’ί¹.ναιόλήνςἒ
1082 5269 1321 5324 Orientis
1360 5271 1575 5323 nomine
1627 5269 1793 5340 Egy-

251 5347 364 5402 ptus
393 5339 552 5409 etiam
587 5341 980 5394 continebatur.
1009 5338 1180 5409 Hujus
1221 5341 1363 5394 enim
1395 5338 1791 5395 administratio

249 5408 526 5462 con'nnissa
554 5411 724 5463 fuerat
751 5411 1042 5463 Maximino
1070 5408 1287 5464 Cmsari.
1316 5411 1523 5478 Quippe
1553 5409 1793 5462 Maximi-

253 5491 342 5526 nus
369 5494 486 5530 eum
521 5480 698 5533 Caesar
732 5496 761 5532 a
786 5480 1001 5535 Galerio
1031 5481 1203 5534 factus
1232 5481 1441 5542 fuisset,
1478 5495 1666 5534 omnes
1697 5495 1790 5535 eas

251 5548 542 5618 provincias
563 5565 694 5618 quas
731 5549 1090 5604 Diocletianus
1117 5551 1216 5604 sibi
1258 5551 1570 5612 retinuerat,
1604 5564 1790 5617 regen-

253 5617 339 5665 das
372 5617 591 5690 accepit.
620 5621 789 5686 Atque
814 5621 937 5673 hinc
958 5620 1158 5674 factum
1189 5629 1292 5680 est,
1327 5631 1382 5672 ut
1408 5618 1671 5690 Aigypws
1699 5619 1785 5690 diu

255 5694 426 5746 postea
463 5689 600 5740 inter
632 5691 936 5754 provincias
991 5691 1226 5746 Orientis
1260 5688 1542 5743 numerata
1571 5691 1664 5743 sit.
1696 5688 1788 5744 Sic

253 5765 388 5809 Certe
423 5759 596 5813 Amm.
625 5759 967 5817 Marcellinus
993 5762 1046 5816 in
1073 5759 1165 5817 lib.
1190 5775 1304 5826 Ilv,
1348 5761 1437 5815 ubi
1489 5759 1791 5830 provincias

1901 4639 2360 4710 Mesopotamiam.
2388 4641 2491 4694 Sed
2527 4650 2581 4692 et
2620 4639 2884 4710 Egyptus
2917 4643 3070 4696 initio
3096 4639 3225 4696 ΐιιῖἵ
3247 4645 3344 4698 sub
3378 4659 3470 4698 co-

1901 4710 2032 4762 mite
2064 4709 2320 4767 Orientis,
2347 4719 2407 4761 ut
2436 4711 2594 4764 docet
2626 4709 2782 4762 vetus
2813 4712 3094 4781 inscriptio
3121 4729 3239 4780 qua!
3261 4715 3340 4768 sic
3370 4719 3467 4767 lia-

1897 4781 1988 4834 bet
2023 4795 2036 4830 ἶ
2069 4795 2124 4832 ιι.
2166 4795 2361 4834 ΙίΑΙΞϐΙΟ
2391 4795 2597 4834 MEMMIO
2650 4797 2809 4836 FURIO
2857 4799 3118 4838 BALBUBIO
3168 4799 3466 4838 (ΞᾹΞΟΙΙΛΑΝΟ

1897 4865 2122 4904 PLAClDO
2157 4867 2206 4904 C.
2239 4867 2288 4904 V.
2321 4865 2501 4904 COMITI
2538 4867 2786 4906 ORIENTIS
2824 4867 3030 4909 EGYP‘I'I
3079 4869 3461 4910 IESOPO'I'AMli-‘E

1896 4936 2112 4975 CONSULI
2146 4936 2457 4981 0RDINARIO.
2493 4934 2597 4974 CIC.
2655 4965 2660 4971 .

1968 4991 2078 5060 (55)
2125 4991 2208 5056 Τῷ
2230 4993 2583 5060 παρελθόντι
2625 4991 2893 5059 ἐνιαυτῷ.
2917 4993 3463 5059 Αιιηθεοίιὶοοιβὴιιί-

1901 5062 1966 5114 sti
1999 5061 2122 5123 5H,
2157 5061 2478 5115 Maximiano
2506 5066 2676 5118 octies
2720 5079 2834 5117 cos.
2874 5064 2948 5117 Eo
2997 5065 3140 5117 enim
3167 5080 3307 5118 anno
3337 5080 3458 5119 cum

1902 5131 2150 5186 Galerius
2188 5142 2448 5204 mortuus
2473 5143 2635 5199 esset,
2675 5134 2996 5187 Maximinus
3034 5134 3335 5204 Bithyniam
3367 5151 3460 5188 oc-

1899 5204 2138 5274 cupavit,
2172 5218 2330 5269 quam
2355 5203 2602 5274 Galerius
2625 5221 2728 5257 una
2753 5220 2874 5258 cum
2907 5205 3115 5274 Illyrico
3143 5203 3194 5258 et
3219 5204 3456 5258 Thracia

1899 5273 1999 5344 sibi
2035 5273 2354 5326 retinuerat.
2393 5273 2525 5327 Vide
2546 5290 2664 5344 quae
2691 5275 2872 5329 notavi
2901 5273 3064 5344 supra
3093 5289 3142 5329 c.
3183 5274 3240 5342 5,
3271 5275 3360 5329 ubi
3394 5275 3460 5329 de

1896 5340 2414 5421 L"£F§!¥9_'"3“.YF9:

1965 5413 2102 5480 (55‘)
2119 5413 2221 5465 Ἐν
2233 5412 2309 5480 τῇ
2329 5412 2447 5480 ἰδίᾳ
2467 5414 2803 5482 προαιρέσει
2823 5414 2937 5482 τὴν
2952 5415 3262 5482 βούλησιν
3271 5413 3453 5483 ἔχειν.

1897 5480 2019 5536 "are
2046 5484 2459 5550 proverbialiter
2487 5480 2590 5538 dici
2623 5480 2897 5539 videntur.
2931 5484 3043 5539 Hoc
3088 5480 3171 5540 est
3203 5480 3348 5553 quod
3376 5485 3459 5538 di-

1895 5553 1968 5607 cit
2003 5553 2219 5606 Persius
2246 5570 2259 5604 :

1977 5621 2114 5674 Velle
2141 5637 2292 5676 suum
2317 5624 2500 5687 cuique
2520 5633 2593 5676 est

1899 5692 2002 5746 Sed
2032 5703 2152 5763 post
2183 5694 2295 5746 haec
2319 5695 2481 5763 verba
2513 5693 2723 5757 videtur
2750 5693 3023 5763 quidpiam
3055 5695 3263 5748 deesse.

1970 5754 2081 5834 (si)
2128 5754 2378 5832 Ἠρεσεν
2399 5758 2530 5819 οὖν.
2570 5754 2900 5820 Ultima-vei
2938 5766 3203 5836 superﬂua
3227 5771 3332 5831 est,
3359 5779 3457 5820 nec
