3858 6260
381 311 489 371 821

1088 311 1356 370 EUSEBII
1393 296 1870 368 CESARIENSIS
1907 310 2061 367 OPP.
2104 308 2288 365 PARS
2326 309 2368 363 l.
2408 341 2481 352 —
2514 309 2905 367 HISTORICA.

3508 312 3616 370 828

382 432 513 486 tioni
542 439 645 486 tua:
665 432 860 501 partim
894 445 992 502 per
1022 432 1234 487 litteras
1265 432 1481 503 scripsi,
1515 433 1711 502 partim
1749 447 1919 488 coram

2035 431 2175 484 ὥστε
2222 431 2321 502 τὴν
2349 431 2617 502 τοσαύτην
2648 432 2864 504 αίτησιν
2893 434 2960 504 ῆν
2993 434 3129 506 ὑπὲρ
3171 434 3274 505 τῆς
3317 435 3614 508 θρησκείας

383 521 436 574 in
472 523 738 577 mandatis
766 521 907 585 dedi,
929 530 986 575 ut
1019 512 1278 594 adversus
1300 522 1659 591 provinciales
1683 524 1773 593 qui
1794 524 1936 578 hunc

380 608 706 664 Christianae
738 610 1015 678 religionis
1044 609 1207 663 ritum
1237 611 1474 665 retinere
1496 612 1784 676 voluerint,
1809 626 1937 681 pro-

381 700 677 754 vinciarum
707 708 946 754 rectores
974 699 1109 754 nihil
1130 702 1323 755 acerbe
1344 711 1605 766 statuant,
1633 704 1728 756 sed
1759 703 1936 772 potius

378 789 674 845 clementer
724 800 779 845 et
819 792 1094 845 moderate
1130 793 1460 864 indulgeant,
1508 809 1676 866 seque
1705 796 1814 851 illis
1845 812 1936 852 ac-

377 884 716 939 cummodent
745 895 961 938 :tamen
993 899 1058 939 ne
1089 884 1270 941 fortea
1305 887 1669 943 beneliciariis
1700 898 1793 943 aut
1815 890 1936 960 qui-

376 976 693 1043 buscunque
724 975 846 1031 aliis
878 976 1107 1046 injurias
1133 988 1187 1032 et
1221 983 1604 1036 concussiones
1634 982 1932 1052 patiantur,

376 1064 461 1120 bis
482 1066 647 1121 etiam
678 1067 873 1123 litteris
894 1071 1211 1138 gravitatem
1234 1082 1377 1126 tuam
1396 1074 1787 1129 admonendam
1811 1090 1933 1131 esse

374 1158 705 1225 existimavi,
738 1172 792 1214 ut
823 1164 1179 1230 provinciales
1203 1174 1415 1219 nostros
1451 1164 1726 1219 blanditiis
1754 1166 1933 1235 potius

373 1260 429 1305 et
458 1252 929 1309 exhortationibus
950 1255 1014 1309 ad
1046 1257 1271 1310 deorum
1301 1272 1487 1311 curam
1536 1272 1599 1311 ac
1641 1258 1930 1327 providen-

372 1344 501 1398 tiam
534 1348 928 1413 agnoscendam
949 1348 1176 1403 allicias.
1204 1348 1384 1419 itaque
1410 1350 1454 1403 si
1476 1350 1597 1418 quis
1617 1365 1711 1404 sua
1740 1360 1932 1420 sponte

370 1434 595 1489 deorum
626 1436 829 1491 cultum
862 1440 1262 1508 suscipiendum
1291 1441 1589 1509 agnoverit,
1642 1440 1788 1495 hunc
1812 1456 1929 1495 am-

369 1526 543 1583 babus
573 1529 715 1584 ulnis
748 1531 1000 1601 amplecti
1030 1540 1262 1600 oportet.
1293 1531 1446 1598 Quod
1486 1534 1530 1586 si
1563 1533 1651 1599 qui
1683 1533 1927 1603 religioni

370 1633 482 1673 sua:
512 1619 780 1675 inhaerere
811 1621 1117 1688 maluerint,
1163 1622 1390 1677 arbitrio
1437 1638 1501 1677 ac
1529 1624 1781 1693 potestati
1821 1639 1931 1679 suae

367 1719 494 1765 sunt
516 1713 878 1780 permittendi.
903 1713 1063 1784 362
1084 1713 1247 1768 Debet
1265 1715 1428 1781 igitur
1442 1715 1653 1769 devotio
1679 1725 1769 1769 tua
1787 1718 1926 1784 quod

367 1801 469 1871 ipsi
507 1804 821 1857 mandatum
863 1814 948 1859 est
981 1806 1166 1858 sedqu
1210 1806 1543 1870 observare;
1586 1821 1683 1861 nec
1711 1809 1931 1876 provin-

364 1893 533 1949 ciales
553 1904 765 1949 nostros
784 1895 996 1964 injuriis
1016 1906 1107 1951 aut
1134 1900 1923 1968 concussionibnsopprimendi

364 1982 585 2038 licentia
623 1985 872 2054 cuiquam
902 1987 1274 2041 concedatur:
1309 2003 1430 2041 cum
1477 1989 1681 2057 patius,
1706 1988 1783 2042 uti
1807 1987 1923 2055 jam

365 2073 568 2128 dictum
601 2083 703 2137 est,
770 2076 1239 2132 cohortationibus
1294 2078 1614 2147 blandisque
1656 2080 1926 2135 illecebris

363 2168 431 2220 ad
476 2167 697 2223 deorum
745 2168 946 2223 cultum
1011 2171 1294 2225 revocandi
1350 2171 1478 2224 sint.
1516 2169 1685 2226 Porro
1722 2181 1781 2226 ut
1820 2172 1923 2229 hoc

362 2268 691 2328 praeceptum
718 2258 1017 2327 majeStatis
1056 2272 1256 2316 nostra:
1302 2262 1583 2318 universis
1614 2264 1922 2332 provincia-

361 2347 502 2404 libus
543 2351 746 2405 nostris
804 2351 1146 2417 innotescat,
1206 2354 1384 2408 edicto
1425 2354 1524 2409 abs
1562 2366 1614 2409 te
1648 2358 1921 2424 proposito

355 2441 654 2510 jussionem
687 2453 926 2497 nostram
962 2443 1221 2512 publicari
1258 2443 1660 2499 curabisallazc
1683 2462 1805 2501 cum
1831 2446 1921 2502 ille

360 2546 465 2585 non
488 2545 555 2585 ex
581 2531 746 2586 animi
778 2532 858 2586 sui
890 2533 1181 2596 sententia,
1213 2534 1304 2587 sed
1331 2534 1651 2589 necessitate
1682 2537 1923 2605 compul-

357 2636 452 2677 sus
473 2624 839 2693 prmcepisset,
864 2639 967 2679 non
994 2624 1224 2694 amplius
1272 2640 1437 2679 verax
1468 2634 1562 2679 aut
1589 2626 1695 2682 ﬁde
1725 2628 1919 2698 dignus

354 2715 607 2769 omnibus
626 2715 929 2778 videbatur,
969 2728 1251 2785 prepterea
1286 2716 1430 2786 quod
1480 2715 1588 2785 jam
1621 2727 1776 2774 antea
1801 2729 1921 2789 post

356 2822 543 2878 pacem
582 2807 735 2863 nobis
754 2809 1006 2865 similiter
1029 2810 1315 2874 indultam,
1352 2808 1673 2863 versutiam.
1697 2826 1763 2865 ac
1791 2825 1914 2884 per-

356 2950 496 3017 apud
539 2947 894 3015 Nicephorum
939 2949 1186 3002 habetur.
1241 2949 1400 3003 Certe
1440 2957 1584 3001 totus
1632 2950 1723 3004 hic
1767 2949 1919 3007 locus

355 3020 510 3090 valde
542 3019 830 3090 intricatus
854 3030 936 3073 est
964 3030 1017 3071 et
1038 3021 1320 3073 obscurus.
1349 3021 1423 3074 Ac
1446 3019 1676 3090 primum
1698 3023 1915 3090 quidem

356 3087 641 3162 ditliciritas
666 3099 750 3143 est
772 3090 823 3142 in
869 3091 951 3162 his
979 3090 1199 3162 verbis:
1230 3091 1312 3142 ὃτι
1335 3090 1398 3162 δὴ
1429 3088 1559 3162 αὐτὸ
1584 3087 1741 3143 τοῦτο
1760 3130 1775 3153 ,
1807 3102 1911 3146 etc.

355 3139 492 3225 qua;
508 3139 749 3228 VLatiguvs'
869 3139 1420 3227 “Cliristophorsonu's
1433 3139 1460 3142 γ
1476 3139 1915 3225 interpretati
1940 3139 1981 3196 δ

359 3244 381 3279 ι
414 3240 694 3295 propterea
728 3231 889 3297 quod.
924 3249 941 3280 ι
980 3229 1160 3282 Potest
1199 3242 1375 3283 tamen
1416 3229 1731 3282 adverbium
1783 3231 1914 3285 illud

353 3297 436 3353 ὅτι
464 3297 563 3368 δὴ,
590 3300 901 3362 simpliciter
925 3300 1062 3352 sumi
1099 3316 1194 3364 pro
1228 3319 1246 3351 ι
1286 3300 1450 3366 quod.
1489 3316 1507 3350 ι
1556 3297 1626 3352 Ut
1667 3302 1739 3353 sit
1787 3316 1913 3355 sen-

354 3384 447 3422 sus
485 3372 572 3423 hic
624 3387 637 3423 :
692 3369 1192 3423 N'romediensibus
1238 3371 1467 3437 benigne
1513 3370 1795 3437 reSpondi,
1841 3372 1912 3424 ita

354 3451 572 3507 semper
601 3440 947 3493 observatum
979 3438 1144 3493 fuisse
1185 3454 1213 3491 a
1246 3439 1619 3508 superioribus
1657 3440 1915 3508 principi-

353 3508 475 3563 bus.
526 3511 700 3577 Atque
745 3510 831 3562 hic
866 3525 1055 3561 sensus
1092 3524 1148 3561 rc
1188 3526 1328 3562 Imuc
1373 3509 1678 3574 diligentius
1711 3510 1915 3563 exami-

354 3587 505 3655 ηειῑιι,
527 3581 657 3633 mihi
675 3580 851 3655 magis
873 3580 1063 3655 plac_et.
1088 3578 1394 3655 Posteapro
1416 3579 1497 3631 his
1518 3580 1698 3655 verbis
1719 3579 1914 3655 ἤρεσεν

352 3642 466 3720 οὑν,
492 3642 722 3703 eluendo
744 3642 908 3720 ἤρεσε
939 3648 1054 3713 νῦν,
1082 3642 1380 3702 certissima
1413 3642 1911 3720 conjecturaI'Nam

352 3717 448 3773 νῦν
479 3717 972 3787 ηβροιιίιιιτ⁷ἰ·ιιιυὺίε
1012 3720 1439 3788 pnecedentibus
1486 3720 1535 3773 οί
1566 3719 1779 3787 ἀρχαῖοι
1813 3720 1912 3772 αὑ-

350 3790 698 3861 τοκράτορες.
760 3789 853 3861 Sic
900 3790 1059 3861 igitur
1103 3790 1408 3861 vertendus
1438 3797 1519 3841 est
1572 3790 1659 3861 hic
1709 3789 1909 3842 locus:

357 3857 645 3933 (Necesse
687 3859 845 3933 habui
908 3857 1132 3929 benigne
1168 3859 1542 3933 respondere.
1581 3857 1651 3910 ita
1699 3873 1915 3933 semper

351 3929 692 3983 observatum
729 3928 893 3983 fuisse
930 3947 957 3981 a
1005 3927 1212 3985 cunctis
1249 3927 1395 3983 retro
1441 3927 1862 3996 imperatoribus
1896 3950 1908 3983 :

351 4009 407 4055 et
444 4016 586 4054 nunc
627 4015 843 4069 quoque
874 4000 977 4054 diis
1022 3999 1414 4053 immortalibus
1448 4012 1531 4065 pet
1580 4013 1716 4069 quos
1742 4013 1913 4066 genus

353 4068 659 4123 humanum
688 4079 742 4122 et
783 4070 1091 4136 reipublicae.
1128 4078 1407 4137 permanet
1458 4078 1632 4121 status
1681 4068 1910 4134 idipsum

351 4137 627 4206 placuisse
654 4178 670 4204 ,
701 4147 759 4190 nt
793 4139 1096 4207 huiusmodi
1127 4140 1437 4205 petitionem
1469 4152 1631 4207 quam
1660 4138 1725 4190 de
1763 4137 1910 4191 cultu

354 4208 575 4261 deorum
622 4222 842 4261 suorum
870 4206 939 4260 ad
971 4224 1055 4260 me
1084 4207 1420 4270 detulissent,
1451 4206 1849 4272 conﬁrmarem.
1889 4225 1909 4257 ι

352 4277 874 4400 genenaldverbium
901 4278 982 4331 ὅτι
1028 4278 1125 4349 δή,
1160 4278 1235 4330 ita
1283 4279 1517 4332 sumitur
1562 4277 1629 4331 ab
1678 4275 1913 4332 Eusebio

389 4361 474 4400 ac.
606 4385 620 4400 .

389 4362 474 4401 δα.
499 4362 620 4401 ‘lll.

294 4422 301 4427 “
352 4359 674 4487 ρεῗὲἐῖὶξαί
700 4416 776 4470 δι’
804 4414 1084 4471 ἐντολῶν,
1119 4415 1366 4487 Mandata
1398 4414 1505 4487 hoc
1525 4414 1642 4487 loco
1677 4414 1915 4470 Maximi-

2034 521 2128 575 τοῦ
2158 521 2302 575 θείου
2335 523 2511 577 αὐτῶν
2554 524 2904 596 ἀναφέρουσι,
2954 524 3334 597 βεϐαιώσαιμι.
3380 527 3612 600 Τοιγαρ-

2033 611 2129 666 οῦν
2179 615 2227 666 εί
2271 613 2366 667 καὶ
2403 613 2475 667 τὰ
2526 614 2755 685 μάλιστα
2796 615 2889 668 καὶ
2926 617 2991 686 τῇ
3041 617 3106 686 σῇ
3151 615 3476 671 καθοσιώσει
3509 618 3613 689 πρὸ

2033 704 2222 757 τούτου
2257 704 2352 757 τοῦ
2388 703 2579 775 χρόνου
2625 704 2713 759 διὰ
2745 706 3088 778 γραμμάτων
3129 707 3482 774 ἐπέσταλται,
3516 710 3611 763 καὶ

2032 794 2101 849 δι’
2139 793 2369 850 ἐντολῶν
2401 794 2513 865 (55)
2567 795 2769 865 ὁμοίως
2813 797 3185 862 κεκέλευσται,
3222 798 3311 852 ἴνα
3350 797 3426 869 μὴ
3472 799 3610 853 κατὰ

2033 886 2140 940 τῶν
2181 887 2533 957 ὲπαρχιωτῶν
2573 887 2634 940 τὸ
2668 886 2904 942 τοιοῦτον
2959 888 3078 952 ἔθος
3126 889 3448 958 διαφυλάξαι
3496 890 3605 959 (56)

2032 981 2502 1052 ἐπιμεληθέντων,
2574 982 2739 1052 μηδὲν
2812 982 3078 1053 τραχέως,
3153 984 3290 1038 ἀλλὰ
3350 984 3604 1051 ἀνεξικά-

2033 1087 2146 1134 κως
2191 1069 2302 1142 (57)
2356 1070 2452 1125 καὶ
2493 1072 2825 1144 συμμέτρως
2868 1075 3359 1145 συμπεριφέροιντο
3400 1077 3602 1142 αὐτοῖς,

2030 1162 2181 1232 ὅμως
2212 1162 2300 1217 ἵνα
2349 1165 2483 1234 μήτε
2530 1163 2635 1216 ὑπὸ
2667 1164 2776 1216 τῶν
2828 1163 3233 1234 βενεφικιαλίων
3283 1167 3419 1238 (58),
3467 1170 3604 1241 μήτε

2032 1250 2123 1303 ὑπ’
2176 1250 2350 1305 ἄλλων
2399 1250 2508 1305 τῶν
2557 1253 2847 1322 τυχόντων,
2905 1253 3090 1326 ὕϐρεις
3151 1258 3288 1328 μήτε
3346 1261 3603 1328 σεισμοὺς

2032 1342 2369 1412 ὑπομένοιεν,
2425 1342 2713 1398 ἀκόλουθον
2770 1344 3018 1415 ἐνόμισα,
3077 1347 3171 1400 καὶ
3221 1347 3434 1412 τούτοις
3490 1352 3600 1413 τοῖς

2029 1436 2317 1506 γράμμασι
2362 1435 2460 1507 τὴν
2508 1435 2605 1507 σὴν
2650 1436 3009 1508 στιϐαρότητα
3055 1439 3402 1509 ὑπομνῆσαι,
3453 1441 3600 1506 ὅπως

2027 1530 2146 1591 ταῖς
2175 1526 2484 1590 κολακείαις
2517 1518 2610 1580 καὶ
2641 1530 2762 1590 ταῖς
2782 1532 3119 1600 προτροπαῖς
3147 1529 3344 1600 μᾶλλον
3372 1530 3473 1601 τὴν
3493 1531 3599 1586 τῶν

2029 1618 2166 1672 θεῶν
2210 1619 2524 1690 ἐπιμέλειαν
2572 1621 2698 1683 τοὺς
2744 1620 3042 1692 ἡμετέρους
3068 1620 3417 1692 ὲπαρχιώτας
3443 1626 3599 1696 ποιή-

2033 1727 2185 1774 σειας
2229 1709 2633 1779 ἐπιγινώσκειν.
2671 1710 2833 1764 Ὅθεν
2866 1709 2920 1763 εί
2952 1729 3035 1775 τις
3054 1714 3121 1782 τῇ
3150 1712 3313 1765 αὑτοῦ
3342 1715 3598 1785 προαιρέ-

2032 1819 2113 1855 σει
2142 1802 2237 1873 τὴν
2263 1801 2558 1874 θρησκείαν
2583 1803 2691 1856 τῶν
2723 1802 2861 1856 θεῶν
2887 1804 3246 1871 ὲπιγνωστέον
3278 1806 3594 1876 προσλάϐοι,

2030 1894 2251 1958 τούτους
2298 1894 2657 1961 ὑποδέξασθαι
2698 1895 2989 1966 προσῆκεν
3026 1896 3074 1946 εί
3111 1894 3166 1949 δέ
3199 1912 3343 1958 τινες
3387 1898 3454 1966 τῇ
3493 1897 3595 1968 ἰδίᾳ

2031 1985 2294 2057 θρησκείᾳ
2320 1985 2627 2039 ἀκολουθεῖν
2656 1984 2943 2054 βούλοιντο,
2975 1985 3033 2037 ὲν
3064 1987 3129 2054 τῇ
3164 1984 3345 2038 αὐτῶν
3378 1985 3593 2059 ἐξουσία

2030 2079 2346 2140 καταλίποις
2379 2076 2509 2148 (59).
2540 2077 2738 2145 Διόπερ
2766 2078 2799 2147 ἡ
2831 2076 2899 2145 σὴ
2931 2076 3250 2139 καθοσίωσις
3276 2076 3340 2129 τὺ
3372 2078 3596 2149 ἐπιτρα-

2028 2172 2130 2224 πέν
2179 2188 2259 2224 σοι
2309 2170 2682 2238 διαφυλάττειν
2724 2168 2947 2238 ὀφείλει,
3006 2169 3099 2222 καλ¹
3147 2169 3337 2240 μηδενὶ
3382 2169 3592 2233 ἐξουσία

2024 2263 2172 2335 δοθῇ,
2213 2263 2354 2317 ὥστε
2382 2264 2508 2326 τοὺς
2543 2262 2842 2332 ἡμετέρους
2884 2260 3227 2333 ὲπαρχιώτας
3275 2261 3470 2332 ὕϐρεσι
3501 2263 3592 2315 καὶ

2026 2358 2266 2426 σεισμοῖς
2315 2354 2617 2425 ἐπιτρίψαι,
2672 2353 2851 2416 ὁπότε,
2908 2351 3094 2422 ὥσπερ
3155 2352 3587 2423 προγέγραπται,

2022 2450 2139 2509 ταῖς
2178 2448 2510 2518 προτροπαῖς
2554 2444 2751 2515 μᾶλλον
2791 2444 2885 2497 καὶ
2926 2447 3043 2507 ταῖς
3098 2444 3407 2508 κολακείαις
3458 2444 3590 2515 πρὸς

2025 2540 2121 2613 τὴν
2152 2540 2258 2592 τῶν
2287 2538 2422 2591 θεῶν
2454 2537 2746 2609 θρησκείαν
2776 2538 2898 2599 τοὺς
2920 2535 3221 2608 ἡμετέρους
3248 2537 3589 2608 ἐπαρχιὼτας

2025 2612 2287 2703 προσήκει
2316 2612 2627 2683 ἁνακαλείύξ
2656 2629 2773 2682 Ἵνα
2810 2628 2867 2681 δὲ
2904 2627 3038 2698 αὕτη
3082 2627 3234 2699 ἡμῶν
3268 2632 3302 2699 ἡ
3340 2630 3587 2693 κέλευσις

2018 2704 2102 2786 ἐίς
2128 2722 2327 2791 γνῶσιν
2364 2720 2576 2773 πάντων
2618 2719 2726 2773 τῶν
2756 2718 3107 2789 ἐπαρχιωτῶν
3146 2719 3255 2772 τῶν
3302 2721 3585 2792 ἡμετέρων

2024 2815 2171 2887 ἔλθῃ,
2200 2812 2525 2884 διατάγματι
2561 2811 2665 2864 ὑπὸ
2699 2811 2791 2864 σοῦ
2829 2810 3142 2882 προτεθέντι
3183 2811 3292 2883 (60)
3336 2814 3398 2867 τὸ
3429 2828 3584 2866 κεκε-

2016 2954 2269 3009 salarium
2304 2961 2413 3005 tum
2447 2950 2579 3019 ipsis
2619 2959 2729 3004 tum
2762 2950 2882 3005 aliis
2916 2952 3262 3019 prmberetur.
3297 2974 3316 3005 ι
3355 2954 3447 3009 Sic
3471 2970 3580 3010 ver-

2012 3027 2205 3079 tendus
2236 3031 2320 3076 est
2362 3021 2450 3075 ille
2479 3021 2660 3092 Dionis
2689 3021 2859 3092 locus,
2887 3035 3044 3089 quem
3070 3021 3346 3091 Xylander
3384 3037 3578 3092 parum

2014 3093 2226 3155 omisit,
2257 3092 2453 3159 partim
2504 3089 2867 3157 interpolavit.
2898 3089 3152 3159 Denique
3180 3092 3332 3146 Philo
3363 3089 3415 3147 in
3462 3111 3580 3147 ora-

2018 3167 2160 3233 tione
2195 3158 2544 3233 in’Flaccum
2592 3176 2713 3233 pag.
2747 3159 2847 3212 757
2887 3158 2975 3214 διὰ
3023 3161 3130 3233 τῶν
3181 3163 3325 3233 πρὸς
3361 3165 3578 3233 Μάγνον

2014 3232 2261 3303 Μάξιμον
2293 3230 2518 3287 ἐντολῶν
2554 3229 2863 3301 μέλλοντας,
2894 3241 3025 3296 etc.,
3057 3232 3143 3286 ubi
3166 3229 3422 3289 Gelenius
3446 3229 3581 3290 male

2016 3303 2287 3357 Epistolas
2316 3303 2496 3355 vertit.

2048 3303 2287 3356 Epistolas
2316 3303 2496 3355 vertit.

2066 3322 2287 3372 ptsroms
2316 3322 2496 3355 vertit.

2085 3372 2198 3443 (56)
2225 3370 2301 3425 Τὸ
2332 3371 2602 3443 τοιοῦτον
2623 3370 2797 3443 ἔθνος
2815 3368 3208 3443 διαφυλάξαι,
3222 3370 3577 3443 Scribendum

2013 3441 2103 3498 est
2123 3442 2263 3506 ἔθος,
2294 3456 2395 3493 nou
2418 3441 2602 3504 ἐθνος;
2641 3442 2783 3504 quod
2816 3442 2982 3493 miror
3009 3456 3106 3492 nec
3133 3456 3161 3491 a
3193 3441 3451 3507 Musculo,
3481 3459 3580 3497 nec

2016 3529 2045 3566 a
2078 3513 2567 3576 Christnpbnrsono
2595 3510 3027 3562 animadversum
3066 3508 3259 3563 fuisse.

2081 3583 2221 3653 (57),
2263 3581 2438 3653 Ἀλλὰ
2483 3576 2869 3653 ἀνεξικάκως.
2931 3579 3125 3653 (ξςιιΙςΙ.Δ
3170 3579 3452 3653 Μᾷοίίίρῖειιε
3522 3592 3577 3653 et

2014 3647 2152 3707 Mal.
2176 3647 2327 3705 'duas
2368 3651 2453 3703 hic
2486 3664 2644 3703 voces
2679 3649 2898 3715 addunt,
2939 3647 3073 3703 ἀλλὰ
3104 3649 3442 3715 ἀνεξικάκως
3484 3652 3578 3706 καὶ

2016 3720 2360 3793 συμμέτρως.
2396 3720 2604 3793 Quibus
2630 3717 2922 3793 subscribit
2951 3721 3114 3793 etiam
3138 3721 3312 3793 codex
3338 3720 3549 3793 Savilii,

2084 3786 2193 3864 (58)
2226 3786 2706 3864 Βενεφικιᾳλίωις.
2747 3786 3082 3864 Beneﬁciarii
3119 3789 3439 3864 dicebantur
3470 3791 3575 3843 mi-

2014 3858 2155 3925 lites,
2178 3858 2273 3927 'qui
2309 3858 2567 3913 benelicio
2598 3858 2794 3911 tribuni
2826 3859 3054 3924 promoti
3093 3869 3277 3920 erant,
3308 3860 3577 3915 immunes

2016 3946 2046 3985 a
2075 3932 2347 3999 plerisque
2374 3929 2575 3999 muniis
2613 3938 2667 3981 et
2701 3928 2952 3999 operibus
2977 3928 3337 3999 _n_tilitaribus,
3374 3939 3436 3983 ut
3473 3931 3571 3983 do-

2013 3995 2101 4054 cet
2130 3995 2400 4070 Vegetius.
2442 3999 2496 4070 lu
2527 3998 2725 4070 ultimo
2753 3998 2942 4070 edicto_
2971 3995 3252 4070 Maximini
3291 3998 3433 4066 quod
3486 4015 3573 4070 re-

2015 4066 2296 4137 ferturIc.
2336 4070 2433 4126 10.
2480 4067 2672 4134 legitur
2704 4066 3078 4137 6_:pcpt)ttalitnv.
3116 4066 3315 4120 Horum
3370 4068 3572 4122 mentio

2016 4142 2074 4193 lit
2126 4142 2176 4193 in
2208 4135 2456 4207 passione
2504 4137 2674 4190 sancti
2711 4135 2995 4207 Eructuosi
3033 4137 3304 4207 episcopi,
3329 4153 3450 4205 qua:
3497 4138 3574 4193 sic

2016 4204 2284 4280 incipit—iu
2312 4224 2411 4280 ms.
2438 4223 2501 4280 ιι
2534 4207 2668 4261 Cum
2693 4221 2721 4259 a
2743 4204 3025 4280 Valeriano
3055 4204 3374 4280 etAGallieuo
3408 4209 3570 4280 impp.

2014 4276 2138 4333 data
2174 4288 2317 4334 esset
2348 4278 2520 4347 jussio
2565 4291 2662 4346 per
2691 4276 3023 4347 _universum
3050 4278 3276 4342 orbem,
3328 4288 3384 4329 ut
3421 4278 3573 4331 Chrio

2014 4352 2177 4403 stiani
2227 4344 2618 4410 sacriﬁcarent,
2667 4344 3007 4401 IEmilianus
3030 4361 3230 4413 przcses
3277 4347 3572 4401 adveniens

2017 4420 2069 4471 in
2119 4419 2395 4473 civitatem
2448 4415 2931 4470 Terracouensium
2986 4415 3285 4470 immolavit
3334 4417 3479 4481 diis,
3521 4425 3574 4469 ct

354 4485 456 4542 nus
494 4485 561 4540 ab
582 4489 823 4555 epistolis
852 4487 1151 4549 distinguit.
1194 4485 1399 4555 Quippe
1427 4486 1666 4555 epistola:
1696 4487 1909 4553 quidem
1942 4489 1988 4549 D
2014 4504 2239 4554 surgens
2263 4489 2328 4541 de
2363 4497 2539 4553 nocte,
2559 4486 2661 4539 alia
2699 4488 2785 4538 die
2814 4486 3158 4555 illuceScente
3184 4486 3454 4539 Dominica
3474 4488 3577 4538 mi-

348 4559 680 4627 principum,
716 4561 784 4612 ad
828 4559 1077 4611 absentes
1124 4556 1467 4622 magistratus
1518 4555 1909 4622 mittebantur;

352 4628 609 4682 mandata
680 4645 809 4684 vero
879 4629 1009 4694 ipsis
1065 4628 1418 4697 pra-sentibus
1476 4627 1826 4697 tradebantur
1881 4641 1911 4678 a

352 4698 599 4767 principe
624 4739 637 4759 ,
675 4710 962 4768 antequam
995 4699 1045 4750 in
1070 4696 1376 4768 provincias
1418 4696 1909 4768 proﬁciscerentur,

356 4765 506 4822 brevi
545 4768 728 4823 libello
759 4765 1173 4835 comprehensa.
1199 4765 1343 4819 lutcr
1369 4781 1490 4835 quae
1511 4768 1742 4834 primum
1781 4765 1912 4817 illttd

354 4846 504 4902 erat,
533 4850 587 4892 ut
621 4840 881 4908 prta-sides
914 4838 1276 4891 valetudinem
1305 4853 1457 4889 suam
1487 4837 1777 4908 diligenter
1802 4850 1911 4908 Δειι-

358 4918 562 4962 rarent.
589 4903 862 4963 Lttciauus
895 4908 959 4959 de
989 4908 1137 4977 lapsu
1179 4921 1333 4973 quem
1356 4908 1524 4977 inter
1570 4903 1911 4977 salutandum

355 4977 656 5047 admiserat
692 4999 703 5030 :
747 4979 811 5030 Τί
848 4979 892 5030 δ’
924 4972 1054 5047 ούχῖ
1085 4978 1179 5029 καὶ
1222 4979 1279 5047 εν
1308 4975 1386 5045 τῷ
1418 4975 1525 5028 τῶν
1558 4975 1652 5047 καὶ
1684 4972 1914 5047 ὲντολιῦν

356 5045 566 5118 βιϐλίῳ,
605 5047 633 5099 ὃ
664 5050 750 5100 ἀεὶ
797 5050 888 5101 καὶ
921 5043 1068 5118 παρὰ
1104 5043 1368 5118 βασιλέως
1406 5045 1738 5118 λαμϐάνετε,
1761 5043 1917 5118 τοῦτο

356 5113 570 5187 πρῶτον
596 5118 725 5187 ὑμῖν
754 5119 867 5169 ἐστι
898 5113 1277 5187 παράγ-έελμα,
1311 5118 1408 5186 τῆς
1442 5113 1626 5183 ὑγείας
1654 5113 1751 5183 τῆς
1782 5116 1814 5184 ἡ
1825 5130 1918 5184 με-

354 5186 521 5257 τέρας
547 5186 723 5242 αὑτῶν
747 5186 1136 5258 ὲπιμελεῖσθαι;
1159 5186 1228 5240 lle
1258 5189 1338 5239 his
1361 5186 1917 5258 principuminauda-

360 5253 432 5308 tis
469 5258 667 5324 passim
707 5253 1003 5324 loquuntur
1034 5259 1173 5325 juris
1202 5271 1474 5309 auctores.
1521 5256 1637 5325 Dio,
1666 5253 1760 5307 lib.
1792 5269 1912 5325 Lttt_.

358 5341 410 5394 p.
446 5323 550 5380 506
584 5345 596 5380 :
649 5323 895 5391 Ἐντολάς
920 5327 981 5379 τέ
1003 5323 1153 5391 τινας
1188 5328 1282 5380 καὶ
1313 5330 1424 5388 τοῖς
1453 5324 1797 5395 ἐπιτρόποις,
1823 5323 1917 5380 καὶ

355 5393 469 5468 τοῖς
509 5396 869 5460 ἀνθυπάτοις,
920 5401 1030 5459 τοῖς
1071 5415 1130 5450 τε
1179 5393 1618 5468 ἀντιστρατήγοις
1683 5393 1914 5468 δίδωσιν,

356 5466 515 5540 ὅπως
548 5469 639 5520 ἐπὶ
665 5471 848 5540 ῥητοῖς
896 5468 1098 5534 ἐξίωσι.
1151 5468 1205 5520 Id
1231 5476 1315 5520 est
1347 5466 1378 5518 :'
1401 5468 1701 5540 (Quaedam
1752 5466 1914 5515 etiam

360 5538 608 5588 mandata
646 5537 939 5604 imperator
983 5544 1072 5591 dat
1117 5537 1557 5605 procuratoribus
1594 5544 1649 5588 et
1681 5547 1915 5605 procon-

360 5605 566 5659 sulibus
593 5617 647 5659 et
690 5603 877 5676 legatis
903 5603 1257 5675 propraetore,
1290 5616 1346 5658 ut
1383 5605 1483 5659 sub
1512 5605 1676 5658 certis
1713 5603 1918 5676 legibus

358 5683 412 5725 et
442 5671 840 5744 conditionibus
880 5671 932 5728 in
960 5671 1266 5744 provincias
1306 5676 1740 5743 proﬁciscantur.
1782 5671 1916 5725 Nam

360 5752 413 5797 et
445 5742 545 5796 hoc
580 5754 705 5797 tunc
731 5742 975 5814 primum
1017 5742 1317 5801 institutum
1357 5756 1459 5810 est,
1485 5755 1646 5813 utque
1677 5758 1914 5797 annuum

2013 4559 2087 4612 sit
2117 4557 2489 4613 beneﬁciarios
2534 4557 2598 4609 ad
2625 4557 2844 4609 domum
2883 4554 3165 4609 Fructuosi
3217 4557 3489 4624 episcopi,
3523 4557 3572 4609 id

2012 4637 2120 4691 est,
2146 4628 2444 4687 Aurelium,
2474 4625 2806 4689 Festucium,
2831 4625 3056 4685 Elinm,
3085 4625 3431 4687 Pollentium,
3469 4627 3571 4677 Do-

2013 4710 2199 4820 Batum
2231 4708 2287 4752 et
2315 4696 2709 4762 Maximum,ad
2738 4697 3109 4764 perducendos
3144 4697 3213 4749 ad
3257 4709 3316 4749 se
3350 4706 3567 4750 sanctos

2060 4785 2127 4820 ei.
2167 4785 2186 4817 ι

2060 4785 2127 4821 ei.
2167 4785 2186 4817 ι

2100 4836 2209 4908 (59)
2265 4835 2548 4903 Ἐξουσίᾳ
2601 4834 2970 4908 κατα-λίποις.
3052 4833 3406 4908 Scribendum
3491 4842 3572 4908 est

2013 4904 2353 4970 καταλίπειν,
2386 4915 2442 4958 ut
2478 4908 2636 4959 habet
2664 4906 3031 4973 Nicephorus.
3070 4904 3395 4959 subauditur
3423 4907 3566 4957 enim

2014 4979 2297 5046 προσήκει.
2371 4976 2532 5029 Paulo
2588 4983 2747 5046 ante,
2782 4976 2870 5028 ubi
2940 4976 3147 5046 dicitur
3211 4976 3572 5042 ἐπιγνωστέον

2015 5042 2306 5116 προσλάϐοι
2354 5055 2437 5100 est
2480 5045 2751 5116 euallage,
2800 5059 2897 5116 pro
2938 5042 3289 5116 ἐπιγινῴσκοι
3337 5046 3575 5116 προσλη-

2016 5112 2197 5170 πτέον.
2231 5116 2286 5169 lu
2318 5116 2504 5169 codice
2535 5112 2903 5185 Fttk.legit_ur
2939 5114 3219 5185 προλάϐοι.

2086 5187 2193 5258 (ϐυ)
2223 5183 2720 5258 Διατάῃιατι-ὺπὸ,
2741 5183 2857 5258 σοῦ
2882 5183 3241 5258 πρότεθέντι.
3270 5183 3434 5258 Moris
3460 5195 3576 5238 erat

2017 5270 2075 5309 nt
2096 5252 2348 5326 praefecti
2378 5252 2652 5326 praztorio,
2678 5252 2837 5306 simul
2872 5265 3033 5321 atque
3075 5255 3244 5323 legem
3279 5256 3572 5322 imperato-

2014 5328 2091 5380 ris
2117 5324 2460 5393 acceperant,
2493 5324 2668 5377 edicto
2698 5339 2796 5377 suo
2827 5326 3098 5393 proposito
3122 5339 3239 5377 eam
3272 5328 3572 5391 provinciae

2017 5397 2156 5449 libus
2186 5398 2541 5464 publicarent.
2584 5394 2649 5446 Et
2677 5393 2942 5446 interdqu
2990 5395 3206 5462 quidem
3261 5396 3433 5460 ipsam
3477 5394 3572 5445 imo

2016 5466 2285 5534 peratoris
2316 5466 2482 5533 legem
2507 5464 2816 5534 edictosuo
2855 5466 3275 5534 pratponebant,
3319 5473 3379 5515 ut
3417 5474 3569 5534 uota-

2014 5531 2092 5587 vit
2124 5534 2239 5590 Jac.
2269 5531 2587 5589 Sirmondus
2617 5534 2667 5585 in
2700 5532 2837 5587 libro
2863 5548 2898 5585 ιι
2934 5531 3291 5599 Propemptici
3314 5573 3330 5597 ,
3364 5548 3484 5600 cap.
3516 5532 3569 5586 ἒ.

2017 5604 2284 5658 Interdum
2346 5618 2473 5658 vero
2535 5603 2667 5672 legis
2751 5603 3022 5672 mentione
3081 5604 3348 5657 duntaxat
3406 5604 3569 5672 l‘acta.

2016 5676 2250 5727 edictmn
2315 5688 2470 5728 suum
2529 5670 2918 5740 proponebant.
2983 5672 3076 5726 Sic
3125 5683 3275 5726 certe
3335 5671 3568 5727 Sabinus

2015 5746 2301 5814 ptmlectus
2328 5744 2577 5813 praetorio
2602 5741 2795 5798 fecisse
2832 5741 3029 5798 dicitur
3060 5742 3114 5797 in
3152 5756 3276 5812 cap.
3306 5742 3377 5798 lo
3416 5742 3568 5811 hujus
