3858 6260
285 317 383 370 83.9

1275 321 1626 380 HISTORIE
1674 324 2236 382 ECCLESIASTICE
2272 323 2398 378 LIB.
2442 323 2532 378 lx.

3433 328 3536 383 830

281 435 570 504 >.ευσμὲνον
603 437 840 508 ὀφείλεις
859 441 1111 513 δηλῶσαι.
1145 462 1162 495 ι
1185 444 1349 498 Ταῦθ’
1367 445 1470 500 ὑπὸ
1503 447 1600 519 τῆς
1619 447 1846 518 ἀνάγκης

1972 448 2151 503 ﬁdiam
2174 447 2338 502 animi
2368 447 2450 502 sui
2482 446 2818 502 ostenderat.
2856 444 3043 517 ltaque
3099 461 3256 501 nemo
3291 455 3532 501 nostrum

281 531 727 604 ἐκϐεϐιασμένος,
780 534 894 588 ἀλλ’
955 536 1013 588 οὐ
1077 536 1219 590 κατὰ
1269 535 1496 610 γνώμην
1546 539 1644 609 τὴν
1690 539 1858 593 αὐτοῦ

278 626 788 697 διακελευσάμενος,
861 629 1038 682 οὐκέτ’
1095 630 1330 702 ἀληθὴς.
1388 632 1498 684 οὐδ’
1550 614 1860 697 ἀξιόπιστος

280 720 434 788 παρά
481 720 598 781 τοῖς
630 720 794 773 πᾶσιν
847 715 935 791 ἦν,
989 721 1088 792 τῆς
1133 722 1366 792 πρόσθεν
1415 724 1516 796 ἠδη
1569 724 1706 795 μετά
1761 725 1860 795 τὴν

276 810 474 881 όμοίαν
529 811 874 884 συγχώρησιν
936 813 1269 885 παλιμϐόλου
1324 817 1418 870 καὶ
1467 817 1860 888 διεψευσμένης

276 901 446 956 αὑτοῦ
482 902 706 975 γνώμης
738 905 917 959 ἕνεκα.
953 903 1161 959 Οῠκουν
1191 906 1394 978 ἐτόλμα
1420 925 1502 972 τις
1533 909 1642 967 τῶν
1663 908 1861 980 ἡμετέ-

277 1014 390 1070 ρων
425 996 642 1050 σύνοδον
685 999 1003 1068 συγκροτεῖν
1041 997 1174 1068 (61),
1213 998 1320 1052 οὐδ’
1353 999 1513 1053 αὐτὸν
1549 1001 1606 1053 ἐν
1641 999 1859 1071 φανερῷ

275 1087 746 1158 καταστήσασθαι,
803 1089 884 1140 ὅτι
948 1088 1079 1159 μηδὲ
1143 1088 1287 1142 τοῦτ’
1349 1088 1536 1160 ἤθελεν
1597 1089 1744 1160 αὐτῷ
1798 1091 1859 1143 τὸ

275 1179 536 1251 γράμμα,
571 1179 700 1232 αὐτὸ
744 1180 900 1249 μόνον
929 1180 988 1233 τὺ
1020 1181 1422 1252 ἀνεπηρέαστον
1465 1185 1599 1252 ἡμῖν
1639 1181 1860 1252 ἐπιτρέ-

275 1285 381 1326 πον
419 1273 799 1344 φυλάττεσθαι,
833 1273 892 1326 οὐ
924 1273 1028 1344 μὴν
1060 1274 1308 1337 συνόδους
1334 1273 1648 1327 ὲπικελεῦον
1691 1275 1859 1327 ποιεῖ-

277 1365 423 1428 σθαι,
480 1365 588 1418 οὐδ’
634 1364 816 1427 οἴκους
873 1363 1178 1434 ἐκκλησιῶν
1222 1364 1557 1435 οἰκοδομεῖν,
1592 1362 1699 1416 οὐδ’
1732 1362 1859 1417 ἄλλο

272 1473 328 1510 τι
385 1456 499 1510 τῶν
553 1457 796 1527 συνήθων
846 1458 976 1526 ἡμῖν
1027 1453 1474 1526 διαπράττεσθαι.
1517 1454 1624 1506 Καί
1670 1452 1753 1506 τοί
1791 1468 1856 1521 γε

272 1549 432 1603 ταῦθ’
460 1552 508 1604 οί
547 1550 648 1620 τῆς
686 1550 906 1619 εἰρήνης
941 1548 1235 1620 προήγοροι
1268 1547 1362 1601 καὶ
1392 1543 1672 1609 εὐσεϐείας
1699 1546 1856 1597 Κων-

276 1645 559 1706 σταντῖνος
599 1643 692 1695 καὶ
737 1642 1028 1704 Λικίννιος,
1080 1639 1228 1711 αὐτῷ
1298 1657 1358 1692 τε
1401 1638 1711 1706 ἐπιτρέπειν
1757 1637 1858 1689 ἐπ-

273 1733 610 1795 εστάλκεσαν
638 1734 769 1804 (6‘2),
803 1734 897 1788 καὶ
929 1735 1039 1797 τοῖς
1066 1732 1155 1786 ὑπ’
1183 1733 1378 1797 αὐτοὺς
1418 1732 1588 1787 ἅπασι
1611 1730 1698 1784 διὰ
1725 1746 1859 1801 προ-

1963 550 2057 594 aut
2086 549 2385 595 conventus
2411 538 2814 594 ecclesiasticos
2841 553 3024 609 agere,
3055 547 3147 592 ant
3172 539 3408 607 seipsnm
3439 554 3534 607 pa-

1963 629 2065 681 lam
2105 627 2283 682 facere
2309 628 2435 681 etin
2467 636 2712 695 apertum
2737 626 2984 697 proferre
3003 641 3166 681 ausus
3188 633 3300 681 est:
3334 625 3534 696 quippe

1961 735 2082 774 cum
2136 734 2237 774 nec
2272 718 2492 789 epistola
2535 720 2651 788 ipsa
2685 719 2735 772 id
2794 719 3113 772 nominatim
3165 719 3528 784 concederet;

1937 803 2052 865 sed
2085 820 2289 865 tantum
2311 810 2522 879 juberot
2578 821 2637 866 ut
2678 811 2746 866 ab
2773 811 2918 865 omni
2972 811 3244 865 calumnia
3276 821 3332 865 et
3367 825 3531 864 vexa-

1961 906 2105 960 tione
2131 905 2400 960 immunes
2425 919 2798 960 servaremur.
2824 904 3135 960 Conventus
3164 912 3342 959 autem
3367 918 3529 973 agere

1960 1007 2052 1051 aut
2080 997 2344 1053 ecclesias
2362 1009 2664 1062 exstruere,
2699 1007 2794 1052 aut
2848 999 2994 1053 aliud
3029 998 3158 1068 quid
3188 1013 3376 1052 eorum
3409 1011 3529 1066 qua:

1959 1088 2116 1142 nobis
2135 1087 2394 1143 solemnia
2452 1099 2582 1144 sunt
2629 1105 2912 1161 peragere,
2963 1104 3302 1159 nequaquam
3336 1088 3528 1157 praeci-

1959 1181 2160 1250 piebat.
2187 1181 2255 1235 Et
2285 1190 2462 1236 tamen
2498 1182 2648 1250 pacis
2671 1198 2732 1237 ac
2764 1183 2985 1252 pietatis
3018 1183 3233 1252 patroni
3262 1182 3531 1236 Constan-

1960 1274 2102 1326 tinus
2125 1281 2178 1327 et
2215 1271 2482 1340 Licinius,
2517 1283 2626 1327 tum
2660 1275 2854 1329 litteris
2891 1275 2956 1328 ad
2999 1275 3172 1344 ipsum
3198 1275 3338 1330 datis
3391 1276 3442 1330 id
3470 1289 3530 1330 se

1957 1360 2114 1416 nobis
2140 1363 2436 1418 concedere
2475 1362 2962 1433 signiticaverant:
2999 1373 3110 1418 tum
3144 1365 3416 1420 universis
3445 1366 3528 1419 di-

1959 1451 2092 1506 tioni
2120 1467 2232 1506 suae
2279 1452 2688 1518 l'amulantibus,
2732 1456 3028 1525 propositis
3075 1457 3268 1511 edictis
3302 1467 3355 1511 et
3396 1455 3529 1528 legi-

1957 1544 2057 1599 bus
2089 1544 2319 1616 idipsum
2349 1547 2731 1616 permiserant.
2765 1547 2962 1602 Verum
3004 1549 3202 1617 impius
3231 1548 3320 1603 ille
3347 1564 3418 1604 ne
3447 1549 3528 1603 sic

1956 1637 2173 1705 quidem
2226 1637 2368 1694 ﬂecti
2430 1654 2494 1695 ac
2553 1640 2826 1706 paululum
2874 1641 3071 1696 cedere
3102 1642 3362 1706 decrevit,
3422 1642 3526 1696 nisi

1955 1740 2243 1798 pOSanam
2275 1731 2456 1785 divina
2517 1747 2639 1785 eum
2697 1744 3060 1804 persequente
3114 1733 3326 1803 justitia
3370 1734 3436 1788 ad
3473 1735 3525 1788 id

272 1827 622 1897 γραμμάτων
668 1827 763 1880 καὶ
795 1826 975 1896 νόμων
1024 1826 1535 1896 συγκεχωρήκεσαν.
1571 1825 1644 1878 Οὐ
1684 1823 1788 1894 μὴν
1828 1823 1846 1874 ἐ

1963 1823 2173 1877 tandem
2206 1823 2407 1880 invitus
2440 1825 2735 1893 perductus
2758 1836 2861 1882 est.

272 1919 701 1990 δυσσεϐέστατος
740 1919 911 1992 ταύτῃ
940 1918 1180 1978 ἐνδοῦναι
1227 1920 1522 1998 προῄρητο,
1562 1922 1611 1979 εί
1674 1918 1749 1990 μὴ
1785 1916 1874 1978 ὅτε
1915 1915 2050 1986 πρὸς
2083 1918 2180 1995 τῆς
2213 1917 2361 1984 θείας
2395 1920 2738 1984 συνελασθεὶς
2785 1919 2960 1993 δίκης,
3005 1918 3229 1973 ὕστατόν
3282 1937 3346 1989 γε
3380 1919 3526 1975 ἄκων

273 2013 369 2076 ἐπὶ
401 2011 545 2066 τοῦτ’
581 2013 741 2086 ἤχθη.

813 2105 1206 2162 ΚΕΦΑΛΑΙΟΝ
1253 2105 1308 2160 I'.

395 2200 536 2268 Περὶ
566 2197 675 2268 τῆς
702 2197 818 2271 τῷν
856 2199 1150 2271 θεγοςςιᾼῶν
1168 2199 1478 2271 ,βασιλέων
1521 2201 1713 2271 νίκης.

734 2269 873 2340 (Nic.
904 2270 972 2326 Il.
999 2269 1064 2324 E.
1097 2269 1190 2335 vn,
1216 2271 1304 2336 57,
1329 2271 1439 2341 58).

362 2363 721 2435 Ἐκπεριῆλθε
769 2364 810 2416 δ’
847 2364 1009 2416 αὐτὸν
1053 2361 1160 2433 (65)
1196 2363 1416 2435 τοιαύτη
1451 2381 1534 2426 τις
1583 2367 1762 2422 αἰτία·
1796 2371 1857 2424 τὸ

277 2453 508 2524 μέγεθος
544 2455 642 2523 τῆς
681 2454 741 2506 οὑ
787 2454 904 2506 κατ’
946 2453 1103 2518 ἀξίαν
1135 2454 1529 2525 ἐπιτραπείσης
1557 2458 1854 2528 ἡγεμονίας

271 2542 425 2613 αὐτῷ
471 2543 664 2614 μηκέθ’
711 2541 819 2607 οἷός
851 2561 910 2596 τε
939 2544 1152 2616 φέρειν,
1180 2539 1327 2597 am‘
1356 2545 1424 2598 δι’
1453 2547 1706 2618 ἀπειρίαν
1741 2551 1847 2604 σώ-

271 2653 474 2707 φρονος
519 2635 778 2706 λογισμοῦ
828 2637 921 2689 καὶ
969 2635 1268 2705 βασιλικοῦ,
1325 2639 1700 2708 ἀπειροκάλως
1734 2647 1847 2707 τοῖς

271 2728 594 2799 πράγμασιν
651 2727 934 2802 ἐγχειρῶν,
993 2727 1085 2780 ἐπὶ
1143 2728 1289 2798 πάσῃ
1351 2745 1411 2780 τε
1474 2729 1847 2802 ὑπερηφανίας

275 2816 618 2888 μεγαλαυχία
641 2819 737 2888 τὴν
765 2816 942 2890 ψυχὴν
977 2817 1184 2885 ἀλόγως
1213 2818 1418 2889 ἀρθεὶς,
1462 2819 1558 2891 ἤδη
1591 2823 1683 2875 καὶ
1709 2825 1847 2879 κατὰ

269 2913 383 2966 τῶν
416 2914 512 2983 τῆς
550 2913 819 2982 βασιλείας
849 2914 1137 2977 κοινωνῶν,
1168 2912 1235 2965 τὰ
1260 2913 1436 2966 πάντα
1466 2915 1628 2968 αὐτοῦ
1658 2916 1846 2988 διαφε-

2569 2117 2798 2174 CAPUT
2825 2118 2892 2177 Χ.

1957 2206 2036 2262 De
2063 2210 2278 2267 victoria
2305 2211 2512 2279 piorum
2543 2210 2751 2280 Deoque
2769 2221 3099 2280 acceptorum
3129 2211 3521 2279 imperatorum.

2019 2361 2190 2419 Porro
2216 2365 2526 2435 huiusmodi
2551 2381 2712 2420 causa
2747 2381 2812 2421 ac
2869 2368 3168 2422 necessitas
3207 2382 3334 2421 eum
3366 2371 3520 2438 quasi

1948 2455 2189 2525 undique
2219 2458 2500 2512 obsessum
2542 2459 2896 2511 constrinxit.
2931 2459 3062 2513 Cum
3093 2459 3520 2528 magnitudinem

1947 2548 2280 2618 principatus
2309 2551 2513 2617 absque
2543 2549 2650 2602 ullo
2702 2551 2898 2605 merito
2935 2550 3034 2618 ipsi
3075 2551 3318 2604 concessi
3350 2551 3522 2604 susti-

1953 2662 2083 2702 nere
2112 2644 2343 2714 amplius
2371 2659 2477 2697 non
2511 2651 2691 2711 posset
2721 2659 2734 2695 :
2772 2643 2868 2696 sed
2901 2643 3176 2696 moderata
3201 2654 3256 2698 et
3285 2645 3524 2712 impera-

1953 2737 2091 2792 toria
2117 2735 2405 2804 prudentia
2436 2734 2655 2802 penitus
2685 2733 2997 2796 destitutus,
3030 2735 3211 2803 inepte
3244 2746 3404 2804 atque
3435 2739 3520 2790 in-

1953 2833 2148 2884 decore
2174 2827 2383 2897 pnblica
2408 2830 2621 2896 negotia
2651 2837 2946 2893 tractaret;
2971 2841 3033 2880 ac
3073 2837 3330 2893 praeterea
3367 2843 3522 2882 arro-

1954 2921 2099 2992 ganti
2135 2922 2331 2974 mentis
2357 2930 2568 2972 tumore
2611 2930 2810 2972 temere
2837 2927 2978 2972 esset
3004 2918 3197 2978 elatus,
3231 2919 3394 2972 etiam
3424 2920 3520 2971 ad-

273 3006 478 3078 ρόντων
503 3004 649 3072 γένει
677 3023 735 3057 τε
771 3006 864 3058 καὶ
898 3005 1133 3076 παιδείᾳ,
1175 3004 1444 3075 ἀξιώματί
1505 3025 1564 3059 τε
1607 3010 1700 3062 καὶ
1730 3029 1846 3065 συν-

1959 3028 2150 3068 vcrsus
2176 3012 2318 3082 ipsos
2347 3011 2558 3079 imperii
2585 3019 2865 3064 consortes
2885 3049 2901 3075 ,
2927 3011 3015 3078 qui
3046 3011 3298 3064 omnibus
3346 3012 3520 3066 modis

273 3099 411 3160 έσει,
448 3097 544 3152 καὶ
566 3097 642 3168 τῷ
675 3115 737 3165 γε
787 3099 1005 3151 πάντων
1047 3096 1476 3169 κορυφαιοτάτῳ,
1505 3103 1843 3176 σωφροσύνῃ,

272 3192 367 3244 καὶ
390 3192 453 3261 τῇ
481 3190 609 3262 περὶ
634 3189 722 3242 τὸν
746 3189 918 3259 ἀληθῆ
946 3189 1076 3242 Θεὸν
1100 3189 1368 3260 εὐσεϐείᾳ,
1399 3189 1600 3262 τολμᾷν
1625 3191 1847 3266 ὥρμητο

274 3277 661 3356 θρασύνεσθαι,
706 3285 796 3336 κα)⁹
838 3283 1049 3355 πρῶτον
1091 3283 1276 3336 ἑαυτὸν
1327 3286 1445 3348 ταῖς
1491 3289 1674 3354 τιμαῖς
1718 3289 1847 3341 ἁνα-

272 3375 520 3448 γορεύειν
545 3375 673 3447 (64).
720 3375 1020 3438 Ἐπιτείνας
1048 3374 1102 3430 δὲ
1126 3375 1203 3437 εἰς
1229 3375 1484 3428 ἀπόνοιαν
1519 3376 1628 3448 (65)
1655 3378 1721 3432 τά
1748 3382 1846 3452 τῆς

277 3480 494 3552 μανίας,
543 3479 811 3550 συνθήκας
844 3477 909 3541 ἃς
949 3476 1084 3550 πρὸς
1118 3475 1387 3529 Λικίννιον
1439 3477 1702 3548 πεποίητο
1739 3495 1845 3531 πα-

275 3640 416 3695 libri.
461 3638 774 3705 Quanquam
803 3636 1025 3690 Ruﬁnus
1049 3635 1310 3694 Sabinum
1368 3635 1498 3689 dicit
1540 3635 1710 3704 legem
1749 3635 1851 3690 im-

273 3712 543 3783 peratoris
571 3710 772 3783 edicto
802 3723 897 3783 suo
939 3707 1312 3783 praeposuisse.
1353 3705 1442 3760 Sic
1468 3707 1607 3783 enim
1638 3708 1837 3783 habet_:

281 3776 300 3834 ἱ
343 3781 450 3835 Sed
492 3778 840 3846 Sahinns,qni
873 3793 967 3844 per
1008 3778 1060 3829 id
1104 3785 1314 3841 tempus
1353 3776 1682 3842 praefecturae
1725 3776 1843 3830 cui.

278 3867 399 3906 men
452 3851 712 3920 gerebat,
763 3848 1002 3920 omnium
1070 3847 1472 3920 provinciarum
1535 3847 1841 3920 rectoribus

277 3917 524 3976 scribens
548 3960 563 3980 ,
593 3930 643 3972 et
673 3917 947 3986 praelatam
980 3917 1319 3985 imperatoris
1351 3917 1613 3986 inserens
1642 3917 1837 3984 legem,

277 4001 380 4046 etc.
423 4010 442 4042 ι
491 3985 783 4043 Fatendum
832 3996 980 4041 certe
1011 3998 1128 4046 est,
1170 3987 1315 4052 leges
1348 3985 1732 4055 imperatorum
1781 3996 1839 4039 ut

276 4061 602 4130 plurimum,
653 4057 1132 4130 antelatasuluisse
1189 4056 1380 4130 edictis
1457 4055 1835 4130 praefectorum

277 4125 540 4201 prmtorii.
582 4130 742 4201 Cujus
779 4129 852 4201 rei
900 4125 1107 4201 illustre
1133 4125 1445 4201 exemplum
1488 4126 1748 4201 habemus
1783 4126 1837 4181 in

277 4196 566 4254 collatione
595 4196 1024 4262 Carthaginensi,
1059 4196 1143 4248 tibi
1175 4205 1296 4262 post
1336 4196 1612 4248 recitatam
1645 4196 1841 4262 cpisto-

277 4272 381 4323 lam
415 4273 578 4339 impp.
615 4271 678 4324 ad
727 4267 1094 4339 Marcellinum
1137 4267 1408 4339 tribunum
1461 4273 1512 4317 et
1529 4265 1833 4339 notarium,

272 4334 504 4410 jnhctur'
528 4334 742 4392 recitari
768 4338 1002 4410 edictuin
1038 4335 1374 4410 Marcellini,
1402 4334 1839 4410 quodusicﬂinci-

279 4404 354 4480 pit
389 4429 403 4464 :
444 4428 462 4460 ι
499 4411 633 4477 Quid
667 4407 1116 4480 clementissimus
1159 4405 1407 4480 prrinCeps
1441 4404 1500 4460 D.
1529 4404 1608 4480 _N.
1650 4404 1834 4480 Hono-

1957 3109 2128 3176 ipsum
2167 3103 2469 3168 anteibant,
2507 3117 2728 3172 genere,
2764 3103 3107 3156 institutione
3131 3141 3146 3167 ,
3209 3102 3472 3170 dignitate
3498 3141 3516 3168 ,

1952 3199 2279 3269 prudentia:
2322 3198 2574 3266 quodque
2617 3196 2948 3266 praecipuum
3005 3205 3123 3256 est,
3171 3196 3432 3248 modestia
3465 3205 3516 3250 et

1953 3292 2155 3360 pietate
2187 3304 2314 3358 erga
2339 3303 2523 3342 verum
2551 3286 2790 3340 omnium
2835 3287 2999 3340 Deum
3029 3304 3042 3340 :
3079 3286 3405 3340 conﬁdentia
3433 3295 3516 3338 at-

1951 3398 2056 3452 que
2083 3381 2365 3436 insolentia
2391 3379 2556 3448 caspit
2606 3377 2807 3444 extolli,
2861 3378 3074 3447 sibique
3112 3378 3344 3445 primum
3379 3379 3519 3431 inter

1953 3476 2096 3544 ipsos
2128 3472 2304 3526 locum
2330 3473 2382 3525 in
2414 3473 2580 3527 titulis
2619 3472 2779 3543 363
2819 3483 2980 3541 atque
3011 3470 3310 3524 honoribus
3336 3469 3516 3524 vindi-

1958 3633 2190 3687 voluisse
2221 3632 2510 3686 Eusebium
2539 3630 2790 3685 existimo
2823 3646 2836 3681 :
2875 3629 3284 3684 Constantinum
3308 3626 3516 3682 scilicet

1949 3721 2013 3758 ac
2045 3703 2311 3756 Licinium
2361 3703 2647 3769 scripsisse
2706 3701 3036 3762 Maximino,
3092 3715 3149 3752 se
3203 3699 3514 3768 permisisse

1947 3773 2273 3828 Christianis
2303 3780 2360 3823 ut
2397 3781 2697 3824 conventus
2725 3781 2948 3837 agerent
2975 3783 3022 3822 et
3060 3769 3320 3822 ecclesias
3345 3769 3514 3829 aedili-

1945 3853 2154 3897 carent.
2215 3843 2270 3895 Si
2325 3843 2447 3907 quis
2499 3851 2675 3892 tamen
2735 3840 3232 3904 interpretationem
3283 3837 3512 3891 Muscnli

1942 3914 2094 3982 sequi
2129 3912 2413 3982 maluerit,
2448 3925 2543 3982 per
2572 3924 2658 3962 me
2693 3908 2835 3982 licet.
2867 3909 2994 3982 Mihi
3041 3911 3260 3982 quidem
3287 3921 3513 3982 nequa-

1944 3977 2108 4050 quam
2133 3981 2427 4035 verisimile
2452 3977 2683 4040 videtur,
2713 3978 3130 4050 Constantinum
3163 3995 3223 4030 ac
3241 3977 3507 4050 Licinium

1943 4048 2237 4107 Maximino
2275 4051 2491 4117 collegae
2523 4064 2620 4100 suo
2648 4049 2934 4100 mandasse
2983 4057 3040 4099 ut
3086 4048 3197 4099 haec
3235 4049 3510 4117 eunt-ede-

1945 4134 2022 4178 ret
2055 4116 2422 4175 Clirislianis.
2447 4119 2498 4172 Id
2539 4121 2682 4171 enim
2727 4119 2886 4171 nimis
2922 4133 3183 4185 arrogans
3223 4116 3434 4169 fuisset.

2014 4192 2122 4264 (65)
2162 4189 2536 4264 Ἐκπεριῆλθε
2563 4187 2615 4241 δ’
2641 4188 2843 4264 exordio.
2905 4187 3071 4264 l‘lnjns
3094 4188 3241 4264 verbi
3268 4188 3372 4264 vim
3401 4201 3505 4239 non

1945 4257 2339 4318 intellexerunt
2380 4263 2724 4328 interpretes.
2781 4259 2931 4323 Quod
2975 4260 3235 4323 ,equidem
3296 4257 3502 4322 miror;

1943 4349 2064 4386 cum
2097 4333 2310 4398 vulgata
2345 4332 2514 4384 lcxira
2547 4345 2640 4382 eos
2669 4331 2870 4382 docere
2901 4329 3178 4394 potuerint
3213 4328 3368 4378 verbi
3405 4328 3505 4398 hu-

1938 4403 2028 4471 jus
2076 4397 2546 4471 sigt'iilicationem.
2593 4399 2762 4451 Porro
2790 4398 2876 4471 ab
2934 4399 3032 4471 hac
3081 4411 3205 4471 voce
3237 4397 3504 4471 capntdO

277 4464 392 4534 rius
436 4464 536 4547 pro
581 4479 860 4542 catholica:
909 4476 1025 4530 lidei
1061 4464 1470 4529 con-lirmat'ione
1511 4475 1839 4537 decreverit,
1871 4464 2155 4547 D'orditnr
2225 4473 2621 4547 vetnstiss'nnns
2701 4469 2869 4522 codex
2941 4467 3267 4547 Maaarinus.
3337 4467 3504 4534 Citius

279 4552 640 4605 antelaturum
700 4550 907 4618 apicqu
969 4555 1156 4618 tenore
1216 4555 1584 4610 monstratur,
1628 4555 1759 4618 _etc_.
1817 4563 1838 4596 ι

278 4621 424 4674 Idem
456 4624 616 4673 etiam
665 4615 749 4671 de‘
784 4616 1026 4684 epistolis
1067 4617 1452 4682 imperatorum
1505 4615 1844 4668 sentiendum

277 4702 384 4756 est,
437 4707 572 4760 quas
603 4691 953 4760 magistratus
979 4701 1188 4760 semper
1210 4684 1321 4760 suis
1345 4685 1682 4760 ju_s_sioni_bus
1710 4699 1846 4760 pra;-

277 4753 570 4830 pouebant.
609 4753 1002 4830 Sie'llimcrius
1053 4755 1330 4808 rationalis
1376 4753 1589 4824 zEgypti
1618 4755 1691 4830 Δ-ἰιι
1725 4754 1842 4821 epi-

277 4825 413 4886 stola
448 4834 514 4884 ad
543 4831 884 4898 praepositum
909 4825 1161 4898 Marcone
1206 4840 1365 4898 quam
1396 4831 1561 4877 relert
1602 4825 1844 4898 Athana:-

276 4905 389 4956 sins
420 4903 469 4954 in
503 4892 752 4968 Apologia
800 4913 816 4951 :
850 4896 1148 4968 ⁴φρόντισονΔ
1171 4895 1346 4947 τοίνυν
1393 4892 1708 4968 προστυχῲν
1749 4894 1843 4968 κα).

275 4971 354 5043 τῷ
398 4962 687 5043 ἀντιτύπῳ⁷
719 4968 812 5022 τοῦ
861 4962 1002 5018 θείου
1031 4965 1403 5043 χρᾷμματος,
1441 4962 1522 5016 ’δ’
1563 4962 1699 5034 μετά
1747 4962 1840 5016 τοῦ

276 5035 478 5097 οίκείου
507 5035 842 5109 σεϐάσματος
880 5035 1263 5109 προτέτακται,
1292 5047 1396 5109 et_c_.

346 5113 460 5185 (b'l)
490 5102 1146 5185 Σύνοδὀι·συγκροτεῖν.
1180 5104 1283 5158 Pro
1308 5174 1319 5185 .
1341 5107 1421 5185 his
1465 5103 1642 5184 verbis
1676 5102 1845 5185 _Nice-

277 5174 481 5253 phorus
529 5183 688 5236 habet
721 5174 1002 5246 συνάγειν,
1036 5191 1194 5253 quam
1233 5174 1444 5253 quidem
1494 5175 1614 5253 eius
1674 5175 1841 5253 inter:

278 5242 638 5322 pretationem
673 5242 994 5319 magnopere
1037 5242 1413 5322 ΔιᾶινιξιιοξΝιιιῐι
1446 5243 1658 5322 σόνοδος
1700 5246 1840 5322 apud

276 5315 590 5384 Eusebium,
632 5336 734 5373 non
763 5315 979 5388 semper
1008 5317 1274 5388 signiﬁcat
1306 5316 1593 5388 concilium
1629 5315 1840 5388 episco-

278 5410 494 5462 porum,
530 5392 624 5445 sed
661 5385 927 5444 interdum
959 5403 1055 5457 pro
1080 5385 1458 5442 ecclesiasticis
1486 5385 1840 5438 conventibus

277 5475 524 5518 Sllllllllll'.
645 5496 656 5508 ι

349 5533 463 5604 (6‘2)
498 5529 668 5604 ᾼὺτῷ
685 5546 749 5604 τε
767 5525 1596 5604 ἐπιτρέπειν-ἐπεστάλκεσαν.
1631 5522 1838 5604 Museu-

278 5595 370 5671 ius‘
395 5595 555 5656 vertit
583 5617 596 5653 :
633 5595 651 5652 ι
688 5595 998 5664 Maximino,
1029 5608 1083 5651 ut
1111 5598 1210 5652 ista
1243 5600 1579 5671 concederet,
1608 5595 1838 5671 scripse-

282 5665 425 5728 rant.
475 5691 495 5724 ι
551 5673 807 5725 Eumdem
869 5683 1083 5738 quoque
1132 5682 1382 5730 sensum,
1415 5667 1537 5738 -_sed
1593 5665 1835 5738 pluribus

284 5744 465 5807 verbis
512 5744 782 5815 expressit
823 5733 1366 5809 Cliristophorsonus.
1413 5733 1525 5806 Ego
1557 5736 1699 5790 aliud
1728 5733 1831 5797 sibi

1947 4543 2275 4596 auctoritate
2305 4538 2668 4606 conjecturam
2701 4554 2872 4591 meam
2904 4537 3209 4590 conlirmari
3253 4551 3357 4589 non
3391 4551 3503 4589 tne-

1945 4614 2204 4667 diocriter
2250 4627 2368 4665 smn
2423 4611 2662 4678 gavisus.
2699 4609 2833 4660 Nam
2863 4621 3150 4676 antequam
3178 4623 3299 4678 enin
3347 4607 3502 4659 codi-

1944 4699 2061 4737 cem
2113 4693 2306 4735 nactus
2352 4677 2562 4744 essem,
2617 4694 2646 4732 a
2699 4679 2939 4744 proxime
2990 4677 3236 4744 sequenti
3279 4678 3501 4742 periodo

1943 4762 2103 4822 caput
2133 4751 2202 4804 10
2236 4751 2632 4822 inchoaveram.
2669 4750 2801 4803 Cum
2840 4748 3024 4802 codice
3050 4747 3187 4800 Maz.
3231 4747 3502 4802 consentit

1943 4819 2103 4876 etiam
2136 4821 2268 4890 Reg.
2300 4830 2352 4873 et
2384 4819 2517 4872 Fuk.

2013 4892 2122 4964 (6-1)
2175 4887 2414 4964 Πρῶτον
2445 4888 2664 4964 ἑαυτὸν
2703 4888 2832 4954 ταῖς
2865 4887 3056 4964 τιμαῖς
3095 4887 3495 4964 ἀναγορεύειν.

1939 4961 1995 5026 ω
2022 4957 2144 5030 ’θεί,
2179 4957 2237 5015 in
2265 4962 2432 5014 titulis
2468 4963 2643 5029 legum
2677 4969 2730 5011 et
2759 4957 3229 5012 constitutionum.
3272 4957 3400 5011 [tem
3443 4959 3496 5010 in

1943 5033 2394 5102 inscriptionibus
2430 5045 2651 5102 operum
2693 5030 3062 5102 publicorum,
3099 5039 3398 5102 statuarum
3445 5036 3498 5080 et

1941 5099 2230 5174 imaginum
2263 5117 2320 5156 se
2347 5099 2668 5174 Maximinus
2695 5099 2872 5174 priore
2902 5101 3018 5152 loco
3050 5099 3348 5174 nominavit
3372 5107 3498 5174 ante

1939 5169 2313 5228 ConEtantium
2337 5181 2389 5225 et
2415 5169 2678 5224 Licinium
2711 5170 2964 5239 collegas,
2997 5170 3085 5236 qui
3118 5178 3295 5222 tamen
3323 5169 3498 5239 senio-

1943 5258 2029 5308 res
2066 5253 2222 5298 erant
2267 5243 2514 5310 Augusti.
2553 5241 2746 5293 Verum
2801 5238 3139 5310 lllaximinus
3169 5255 3287 5292 cum
3321 5238 3498 5310 Caesar

1938 5307 2063 5380 ante
2106 5315 2252 5381 ipsos
2288 5307 2500 5366 creatus
2529 5310 2754 5376 fuisset,
2797 5311 3096 5380 principem
3129 5309 3306 5364 locum
3343 5309 3412 5362 ob
3441 5307 3493 5361 id

1937 5385 2037 5438 sibi
2070 5382 2396 5438 vindicabat.

2010 5454 2121 5526 (65)
2152 5452 2602 5526 Eigdao'romr.
2640 5451 2995 5526 Nicephorus
3035 5451 3256 5526 inverso
3303 5447 3496 5502 ordine

1937 5519 2065 5597 legit
2101 5519 2374 5597 ἐπιτείνας
2408 5524 2464 5577 δὲ
2490 5525 2568 5586 εἰς
2600 5519 2794 5597 μανίαν
2825 5523 2902 5597 τὰ.
2938 5521 3037 5597 τῆς
3068 5519 3323 5582 ἀπονοίας
3346 5557 3366 5597 ,_
3389 5534 3494 5597 non

1935 5587 2075 5650 male
2104 5595 2328 5648 ἀπόνοια
2360 5611 2454 5663 pro
2489 5587 2736 5663 superbia
2767 5587 3015 5663 sumitur,
3047 5605 3104 5644 ut
3132 5591 3401 5645 sexcentis
3436 5587 3492 5642 in

1935 5668 2069 5724 locis
2094 5668 2332 5722 occurrit
2362 5661 2500 5736 apud
2535 5661 2796 5719 Joannem
2829 5662 3290 5735 Cbrysostomum.
