3858 6260
351 310 464 364 831-

1056 309 1328 368 EUSEBII
1365 306 1839 364 CESARIENSIS
1873 305 2023 362 OPP.
2065 306 2244 361 PARS
2279 307 2318 362 1.
2362 338 2430 349 -
2470 306 2859 364 HISTORICA.

3497 310 3602 366 83?.

350 441 499 479 care.
533 425 661 478 Dein
693 426 757 479 ad
783 425 1218 494 desperationem
1248 438 1420 494 usque
1440 425 1820 496 progrediente
1845 425 1922 478 in-

2026 424 2437 497 ρασπονδήσας,
2494 425 2728 497 πόλεμον
2777 425 3037 480 ἄσπονδον
3090 428 3302 500 αἴρεται
3323 445 3337 459 ·
3397 424 3496 484 εἴτ’
3543 435 3600 485 ὲν

353 518 505 570 szmia
526 560 540 584 ,
578 518 780 572 violato
819 519 962 586 quod
998 533 1119 574 cum
1151 517 1361 573 Licinio
1390 519 1667 588 pepigerat
1693 515 1916 584 laedere,

357 608 557 663 bellum
593 609 922 676 inexpiabile
959 611 1221 678 suscepit.
1273 609 1403 665 Post
1448 610 1562 664 haec
1596 624 1721 663 cum
1772 610 1919 664 brevi

357 700 618 767 temporis
647 700 824 766 spatio
849 707 1040 753 cuncta
1071 699 1400 765 miscuisset,
1429 708 1484 753 et
1521 698 1803 752 universas
1833 713 1923 751 ur-

355 789 451 842 bes
489 801 697 844 terrore
721 804 786 843 ac
820 789 1050 843 tumultu
1084 780 1402 859 implesset;
1449 789 1699 844 collectis
1742 787 1925 842 omni-

355 883 454 938 bus
487 883 656 951 c0piis
693 893 747 936 et
775 883 1157 937 innumerabili
1195 892 1532 938 armatorum
1574 881 1922 937 multitudine

357 978 407 1030 in
434 993 595 1031 unum
621 985 832 1041 coacta,
867 977 1129 1031 adversus
1154 975 1420 1030 Licinium
1445 985 1782 1047 pugnaturus
1809 989 1925 1044 per-

355 1069 535 1134 rexit;
580 1068 884 1121 dmmonum
916 1083 1052 1138 quos
1096 1069 1210 1138 ipse
1249 1070 1376 1122 deos
1414 1067 1786 1129 existimabat,
1827 1081 1925 1120 au-

356 1161 503 1221 xilio.
529 1171 582 1215 et
606 1160 950 1214 multitudine
997 1161 1230 1214 militum
1277 1175 1438 1230 supra
1473 1160 1691 1214 modum
1725 1160 1920 1214 elatus.

356 1253 412 1306 In
450 1253 566 1321 ipso
597 1263 777 1306 autem
813 1251 1090 1317 conﬂictu,
1118 1268 1220 1322 ope
1242 1252 1419 1306 divina
1445 1252 1664 1322 penitus
1691 1250 1958 1304 nudatus‘

357 1346 616 1399 remansit
645 1360 660 1408 ;
695 1353 748 1399 et
779 1359 877 1414 per
908 1344 1055 1398 illum
1085 1345 1176 1413 qui
1207 1344 1355 1398 solus
1379 1351 1464 1398 est
1488 1341 1727 1396 omnium
1757 1342 1919 1409 Deus,

353 1436 580 1490 victoria
611 1433 823 1490 Licinio
849 1444 1161 1504 comparata
1188 1445 1292 1491 est.
1329 1437 1407 1489 Ac
1433 1435 1668 1504 primum
1699 1433 1921 1503 quidem

356 1529 623 1583 militares
649 1529 836 1598 copias
860 1528 1056 1597 quibus
1087 1529 1325 1583 maxime
1357 1526 1685 1592 conﬁdebat,
1717 1525 1919 1580 amisit.

354 1619 596 1686 Cumque
622 1628 954 1689 protectores
985 1633 1109 1671 cum
1141 1617 1347 1671 nudum
1379 1618 1764 1679 deseruissent,
1785 1628 1836 1670 et
1856 1616 1922 1670 ad

357 1709 621 1764 Licinium
670 1719 796 1765 tunc
857 1711 1115 1764 victorem
1161 1709 1581 1779 translugissent
1611 1748 1625 1774 ,
1677 1707 1923 1778 protinus

2024 515 2216 587 βραχεί
2245 515 2315 570 τὰ
2349 518 2525 571 πάντα
2561 518 2808 590 κυκήσας
2842 517 2972 590 (66),
3012 519 3192 572 πᾶσάν
3222 536 3284 573 τε
3318 520 3478 574 πόλιν
3511 523 3603 576 ὲκ-

2020 606 2291 679 ταράξας,
2327 609 2423 662 καὶ
2456 610 2563 664 πᾶν
2597 610 2956 682 στρατόπεδον
2997 610 3272 682 μυριάδων
3303 612 3365 665 τὸ
3399 613 3601 684 πλῆθος

2021 701 2336 772 ἀνηρίθμων
2369 701 2708 771 συναγαγὼν,
2744 701 2944 766 ἔξεισιν
2982 705 3062 767 είς
3097 704 3275 775 μάχην
3311 705 3461 775 αὐτῷ
3495 725 3598 759 πα·

2024 793 2413 864 ραταξάμενος,
2462 793 2734 864 δαιμόνων
2779 796 2991 850 ἐλπίσιν
3033 791 3109 852 ὧν
3151 798 3216 869 δὴ
3262 797 3401 868 ᾤετο
3437 797 3597 862 θεῶν,

2021 883 2114 936 καὶ
2143 887 2262 948 ταῖς
2293 883 2401 937 τῶν
2429 884 2660 940 ὁπλιτῶν
2703 889 2977 958 μυριάσιν,
3010 889 3106 961 τὴν
3147 890 3321 961 ψυχὴν
3351 891 3598 961 ἐπηρμέ-

2021 991 2129 1038 νος.
2165 975 2275 1028 Καὶ
2321 975 2385 1046 δὴ
2435 975 2726 1046 συμϐαλὼν
2763 981 2842 1042 εἰς
2885 982 3092 1050 χεῖρας,
3137 979 3342 1051 ἔρημος
3391 979 3486 1050 τῆς
3533 982 3599 1034 ὲκ

2020 1065 2155 1119 Θεοῦ
2196 1065 2519 1120 καθίσταται
2551 1071 2887 1140 ἐπισκοπῆς,
2923 1071 3180 1142 Λικιννίῳ
3207 1074 3305 1144 τῆς
3346 1073 3505 1143 νίκης
3537 1072 3598 1137 ἐξ

2022 1159 2186 1214 αὑτοῦ
2259 1159 2351 1213 τοῦ
2419 1161 2634 1215 πάντων
2698 1163 2814 1227 ἐνὸς
2875 1165 2968 1218 καὶ
3017 1165 3177 1236 μόνου
3236 1165 3370 1219 Θεοῦ
3459 1183 3597 1236 πρνο

2021 1251 2370 1324 τανευθείσης
2412 1252 2543 1323 (67).
2589 1254 2873 1309 Ἀπόλλυσι
2934 1256 2999 1328 δὴ
3067 1257 3280 1328 πρῶτον
3311 1258 3374 1310 τὸ
3427 1259 3511 1326 ἐφ’
3550 1249 3595 1325 ᾧ

2022 1341 2300 1396 ἐπεποίθει
2360 1343 2633 1398 ὁπλιτικὸν
2681 1345 2812 1415 (68),
2857 1346 2966 1401 τῶν
3010 1365 3070 1400 τε
3131 1347 3269 1419 ἀμφ’
3304 1348 3469 1402 αὑτὸν
3512 1347 3597 1401 δο-

2025 1435 2273 1508 ρυφόρων
2318 1436 2524 1505 γυμνὸν
2581 1437 2675 1489 καὶ
2709 1437 2925 1490 πάντων
2957 1437 3161 1510 ἔρημον
3215 1439 3383 1492 αὐτὸν
3429 1456 3595 1492 κατα-

2021 1523 2376 1591 λελοιπότων,
2428 1526 2522 1579 καὶ
2573 1526 2650 1596 τῷ
2703 1525 2825 1578 τότε
2879 1526 3167 1598 κρατοῦντι
3242 1543 3593 1597 προσπεφευ-

2021 1617 2218 1686 γότων,
2257 1617 2493 1680 ὑπεκδὺς
2534 1617 2562 1670 ό
2599 1617 2830 1682 δείλαιος
2857 1618 2933 1681 ώς
2974 1619 3203 1688 τάχιστα
3233 1618 3324 1672 τὸν
3355 1619 3418 1672 οὐ
3467 1619 3597 1689 πρέ·

2023 1724 2192 1761 ποντα
2235 1708 2382 1779 αὐτῷ
2417 1709 2690 1780 βασιλικὸν
2723 1710 2944 1780 κόσμον,
2977 1709 3162 1775 δειλῶς
3194 1711 3285 1763 καὶ
3324 1711 3594 1778 δυσγενῶς

356 1801 567 1872 abjecto
596 1801 866 1868 imperiali
892 1800 1040 1854 cultu
1074 1801 1165 1869 qui
1215 1801 1387 1868 ipsum
1419 1801 1640 1854 minime
1673 1799 1918 1865 decebat,

2026 1800 2117 1854 καὶ
2155 1801 2430 1872 ἀνάνδρως
2473 1800 2722 1854 ὑποδύνει
2769 1801 2830 1853 τὸ
2876 1801 3102 1871 πλῆθος,
3149 1801 3387 1856 κᾶπειτα
3425 1802 3592 1854 διαδι-

357 1893 547 1958 ignave
580 1889 868 1944 admodum
897 1901 952 1945 et
985 1907 1174 1960 parum
1210 1890 1440 1944 viriliter
1493 1891 1662 1945 turbae
1709 1904 1768 1945 se
1801 1904 1922 1958 gre-

356 1983 555 2052 galitun
588 1982 902 2036 immiscuit.
947 1983 1152 2038 Deinde
1203 1981 1412 2050 fugiens
1440 2022 1456 2048 ,
1508 1993 1563 2036 et
1598 1982 1649 2036 in
1682 1983 1828 2052 agris
1857 1997 1921 2036 ac

358 2076 491 2128 vicis
512 2089 629 2128 sese
657 2075 956 2142 occultans,
983 2075 1106 2128 dum
1147 2075 1308 2130 saluti
1357 2089 1465 2128 sua:
1515 2073 1791 2136 consulit.
1832 2074 1921 2128 vix

359 2167 572 2222 tandem
612 2183 643 2221 e
671 2169 919 2222 manibus
968 2168 1200 2221 bastium
1229 2166 1435 2232 evasit;
1473 2164 1652 2220 divina
1681 2165 1769 2219 illa
1797 2181 1921 2219 ora-

355 2260 476 2314 cula
507 2276 633 2314 vera
668 2276 890 2330 prorsus
923 2276 985 2313 ac
1016 2260 1118 2314 lide
1150 2259 1307 2324 digna
1338 2273 1456 2313 esse
1487 2259 1664 2327 reipsa
1717 2259 1921 2313 contir-

359 2368 555 2419 inans,
609 2368 730 2422 quae
775 2353 852 2408 sic
888 2353 1131 2406 habent:
1177 2370 1196 2404 ι
1238 2349 1354 2404 Non
1381 2350 1618 2404 salvatur
1682 2365 1776 2405 rex
1827 2364 1924 2419 per

357 2446 758 2500 multitudinem
793 2444 1006 2514 virtutis
1036 2459 1170 2507 suae,
1202 2458 1299 2498 nec
1332 2443 1483 2513 gigas
1517 2442 1703 2496 salvus
1733 2443 1838 2496 erit
1867 2441 1922 2495 in

359 2537 706 2590 multitudine
734 2536 1069 2592 fortitudinis
1098 2551 1225 2590 sine.
1275 2535 1464 2590 Fallax
1491 2549 1659 2604 equus
1687 2533 1750 2587 ad
1780 2533 1924 2588 salu-

354 2639 463 2684 tem
501 2648 514 2685 ε
551 2629 602 2683 in
659 2629 990 2682 abundantia
1029 2627 1242 2681 virtutis
1299 2641 1408 2680 Suae
1454 2641 1560 2680 non
1595 2625 1920 2680 servabitur.

355 2721 496 2776 Ecce
525 2720 664 2775 oculi
726 2720 938 2773 Domini
997 2733 1161 2787 super
1213 2727 1514 2771 metuentes
1544 2731 1690 2784 eum,
1726 2725 1782 2771 et
1831 2716 1920 2784 qui

356 2823 578 2885 sperant
608 2814 661 2868 in
699 2810 1068 2866 misericordia
1096 2809 1212 2876 eius
1245 2825 1259 2861 :
1303 2817 1360 2861 ut
1413 2807 1606 2861 liberet
1657 2822 1688 2862 a
1750 2816 1924 2861 morte

357 2909 571 2961 animas
601 2921 788 2960 eorum
815 2903 884 2961 ".
920 2922 938 2954 ι
971 2903 1061 2956 Sic
1089 2902 1253 2970 igitur
1285 2909 1542 2970 tyrannus
1567 2914 1687 2954 cum
1713 2913 1924 2954 summo

358 3001 624 3056 dedecore
671 3009 832 3068 atque
886 2997 1181 3069 ignominia
1246 2996 1312 3049 ad
1365 3003 1548 3064 partes
1594 2993 1804 3064 imperii
1839 2993 1923 3048 sui

360 3106 637 3156 reversus,
667 3091 900 3161 primum
935 3088 1150 3156 quidem
1195 3085 1377 3140 furore
1417 3085 1683 3155 percitus,
1729 3083 1924 3138 multos

358 3183 668 3239 Sacerdotes
696 3197 759 3237 ac
791 3181 1083 3251 prophetas
1116 3179 1339 3233 deorum
1368 3191 1610 3240 suorum,
1638 3188 1774 3244 quos
1803 3183 1927 3230 ante

359 3280 705 3342 suspexerat,
739 3281 793 3328 et
845 3285 1077 3340 quorum
1118 3268 1353 3323 oraculis
1399 3268 1674 3322 excitatus
1727 3264 1922 3320 bellum

359 3374 699 3434 susceperat,
736 3373 991 3432 tanquam
1033 3361 1458 3430 praestigiatores
1482 3373 1544 3413 ac
1565 3363 1880 3428 deceptores
1904 3396 1920 3421 ,

363 3468 524 3524 atque
560 3454 779 3523 insuper
829 3452 1020 3506 salutis
1072 3465 1184 3504 suae
1240 3449 1542 3519 proditores
1592 3450 1710 3504 neci
1755 3448 1922 3502 dedit.

362 3547 610 3602 Posthac
641 3559 763 3598 cum
807 3543 1241 3600 Christianorum
1280 3541 1389 3596 Deo
1420 3541 1648 3612 gloriam
1681 3540 1925 3595 laudent-

361 3653 468 3708 que
497 3637 795 3700 tribuisset,
829 3648 884 3690 et
915 3634 1374 3690 absolutissimam
1410 3643 1572 3702 atque
1594 3632 1923 3687 uberrimam

361 3733 534 3801 legem
568 3745 665 3800 pro
697 3731 1009 3784 eorumdem
1040 3727 1474 3782 Christianorum
1503 3727 1752 3780 libertate
1781 3725 1928 3780 tulis-

361 3836 466 3890 set,
501 3839 622 3879 mox
659 3823 977 3894 gravissima
1032 3821 1350 3890 aegritudine
1395 3829 1724 3887 correptus,
1782 3817 1926 3892 nulla

363 3918 462 3988 ipsi
495 3916 752 3970 dilatione
784 3929 1048 3970 concessa
1079 3951 1097 3978 ,
1157 3922 1463 3968 extremum
1511 3911 1650 3966 diem
1707 3909 1923 3967 clausit.

363 4013 472 4067 Lex
501 4025 664 4082 porro
693 4010 760 4065 ab
798 4009 890 4064 illo
917 4009 1112 4064 emissa
1143 4007 1221 4062 sic
1254 4006 1416 4061 habet
1443 4020 1459 4058 :

366 4105 676 4174 Exemplum
715 4102 1097 4174 constitutionis
1130 4118 1160 4154 a
1207 4110 1432 4174 tyranno
1468 4112 1563 4174 pro
1603 4091 1925 4148 Christianis

433 4165 596 4242 datin,
651 4186 699 4229 et
759 4188 826 4228 ex
864 4171 1052 4226 Latino
1095 4165 1330 4226 sermone
1375 4169 1431 4222 in
1481 4165 1723 4220 Gnaeum
1751 4174 1927 4218 trans-

435 4248 580 4302 latar.

437 4355 455 4389 ι
490 4334 789 4406 Imperator
831 4330 1014 4389 Caesar
1060 4330 1226 4386 Caius
1272 4328 1522 4384 Valerius
1569 4325 1920 4390 Maximinus,

363 4424 526 4497 36!.
540 4423 913 4489 Germanicus,
931 4423 1284 4485 Sarmaticus,
1303 4423 1450 4488 Pius,
1469 4422 1640 4490 Felix,
1659 4423 1922 4492 Invictus,
1957 4470 2002 4526 Β

366 4518 660 4588 Augustus.
695 4515 1119 4571 Provincialium
1156 4525 1463 4569 nostrorum
1499 4515 1722 4570 utilitati
1747 4514 1924 4569 omni-

367 4608 470 4663 bus
501 4609 674 4664 modis
704 4624 804 4663 nos
853 4615 1109 4682 perpetuo
1145 4607 1455 4673 consulere,
1488 4623 1660 4678 eaque
1692 4608 1827 4678 ipsis
1855 4607 1925 4662 li-

433 4734 477 4766 ⁵⁷
512 4734 650 4790 Psal.
678 4749 853 4800 xxxii,
894 4730 1076 4786 16-19.

435 4873 546 4945 (66)
584 4875 656 4929 Τὰ
687 4874 884 4931 πάντα
913 4874 1188 4944 κινήσας.
1238 4873 1442 4929 Nostri
1471 4875 1686 4931 codices
1738 4891 1926 4931 omnes

363 4946 564 5002 habent
591 4947 852 5017 κυκήσας.
885 4946 1035 5011 Quod
1069 4945 1356 5017 conﬁrmat
1383 4947 1544 5017 etiam
1570 4945 1926 5016 Nicepltorus.

363 5014 756 5086 Quareinesci'o
798 5020 941 5086 unde
979 5017 1261 5086 vulgatam
1295 5014 1631 5086 Scripturam
1688 5014 1928 5072 hauserit

366 5086 500 5140 Rob.
535 5085 860 5153 Stephanus.
903 5085 1035 5138 Nam
1058 5085 1112 5140 et
1142 5085 1339 5154 Regius
1367 5085 1532 5140 cotlex
1552 5129 1568 5151 ,
1600 5102 1758 5154 quem
1809 5090 1928 5141 tibi-

365 5155 828 5296 queﬂStephanus
872 5158 1174 5226 eXpressit,
1217 5157 1420 5210 diserte
1458 5159 1720 5226 scriptum
1763 5159 1926 5213 habet

365 5243 470 5279 κυκ
513 5241 631 5286 σας.

363 5241 631 5286 κυκησας.

433 5294 548 5418 (67)
581 5295 859 5363 Λικιννίῳ
893 5294 1001 5365 τῆς
1030 5295 1202 5365 νίκης
1231 5296 1299 5364 ἐξ
1323 5296 1512 5352 αὐτοῦ
1553 5297 1657 5352 τοῦ
1687 5295 1928 5353 πάντων

469 5387 501 5418 o
556 5364 655 5418 καὶ
713 5367 897 5418 ιιόνου
958 5365 1105 5418 Θεοῦ
1183 5384 1356 5418 πουτ.
1408 5367 1516 5418 Iloc
1574 5369 1691 5418 luco
1753 5369 1923 5418 nostri

362 5364 655 5436 ἐνὸς“καὶ
706 5367 897 5434 μόνου
958 5365 1105 5436 Θεοῦ
1157 5364 1356 5436 apvt.
1408 5367 1516 5422 lloc
1574 5369 1691 5423 loco
1753 5369 1924 5423 nostri

365 5437 521 5507 codd.
562 5435 724 5500 Maz.,
763 5436 901 5507 Med.
925 5447 978 5490 et
1009 5434 1142 5507 Euk.
1163 5434 1366 5507 aliquot
1405 5453 1565 5507 voces
1597 5441 1925 5492 interserttnt

365 5504 866 5582 i_n_buncnmodutn
918 5523 931 5560 :
971 5504 1050 5577 τῷ
1093 5504 1588 5582 τότεςκρςλι-ςοςῖλντι-Δ
1626 5524 1926 5582 πρυτανευ-

366 5575 566 5646 θείσης.
603 5576 730 5642 Quae
761 5591 918 5630 Voces
945 5575 1068 5631 cum
1125 5576 1282 5630 tertia
1315 5575 1530 5631 'abbinc
1557 5575 1695 5632 linea
1729 5579 1919 5632 iterum

367 5647 633 5715 legantur.
666 5661 850 5712 parum
886 5648 972 5700 hic
1004 5647 1322 5700 necessaria:
1352 5657 1498 5700 sunt.

437 5717 550 5787 (68)
595 5717 954 5769 Ὀπλιτικίν.
990 5716 1274 5772 Pedestres
1305 5716 1578 5772 Maximini
1621 5717 1805 5787 copias
1841 5719 1925 5771 in-

2021 1891 2246 1965 δράσκει
2277 1891 2723 1964 κρυπταζόμενός
2753 1909 2811 1945 τε
2850 1891 2952 1945 ἀνὰ
2981 1894 3107 1955 τοὺς
3137 1892 3339 1963 ἀγροὺς
3377 1893 3472 1945 καὶ
3499 1891 3594 1956 τὰς

2023 1984 2234 2055 κώμας,
2275 1986 2426 2057 μόλις
2455 1985 2562 2038 τῶν
2593 1984 2862 2056 πολεμίων
2887 1985 2986 2048 τὰς
3012 1988 3219 2056 χεῖρας,
3249 1985 3318 2039 τὰ
3348 1985 3452 2056 τῆς
3491 2004 3592 2040 σω-

2021 2077 2217 2147 τηρίας
2261 2075 2409 2146 αὑτῷ
2445 2074 2835 2148 προμνώμενος
2877 2075 3144 2142 διέξεισιν,
3194 2075 3376 2147 ἔργοις
3415 2077 3596 2141 αὐτοῖς

2023 2161 2082 2218 εὖ
2127 2165 2268 2236 μάλα
2311 2166 2533 2229 πιστοὺς
2567 2167 2660 2218 καὶ
2690 2166 2906 2236 ἀληθεῖς
2935 2167 3060 2228 τοὺς
3100 2165 3273 2229 Θείους
3312 2167 3596 2237 ἀποφήνας

2023 2255 2324 2329 χρησμοὺς,
2345 2259 2401 2310 ἐν
2421 2254 2501 2322 οἷς
2527 2257 2772 2330 εἴρηται·
2805 2278 2822 2309 ι
2865 2259 2939 2312 Οὐ
2972 2257 3198 2322 σώζεται
3228 2257 3482 2328 βασιλεὺς
3511 2259 3596 2312 διὰ

2022 2347 2223 2419 πολλὴν
2251 2347 2495 2418 δύναμιν,
2544 2347 2638 2400 καὶ
2677 2348 2838 2416 γίγας
2866 2349 2925 2401 οὐ
2960 2347 3261 2419 σωθήσεται
3296 2350 3354 2402 ὲν
3403 2349 3592 2420 πλήθει

2026 2439 2206 2510 ἰσχύος
2258 2439 2455 2493 αὐτοῦ’
2509 2440 2706 2510 ψευδὴς
2747 2441 2912 2503 ἵππος
2966 2441 3046 2503 είς
3097 2441 3391 2511 σωτηρίαν,
3435 2442 3493 2493 ἐν
3539 2441 3592 2494 δὲ

2025 2530 2216 2601 πλήθει
2242 2531 2519 2602 δυνάμεως
2542 2530 2704 2584 αὐτοῦ
2734 2532 2794 2584 οὐ
2823 2531 3141 2602 σωθήσεται.
3180 2532 3309 2584 Ἰδοὺ
3331 2535 3380 2586 οἱ
3407 2531 3593 2602 ὀφθαλ-

2027 2625 2115 2695 μοὶ
2143 2625 2346 2696 Κυρίου
2379 2626 2470 2678 ἐπὶ
2497 2627 2622 2689 τοὺς
2659 2625 3024 2695 φοϐουμένους
3068 2626 3252 2689 αὑτὸν,
3285 2627 3412 2690 τοὺς
3446 2627 3590 2681 ὲλπί-

2023 2715 2212 2782 ζοντας
2242 2718 2332 2770 ἐπὶ
2356 2718 2417 2771 τὸ
2449 2717 2595 2780 ἔλεος
2619 2716 2805 2779 αὑτοῦ,
2839 2717 3103 2788 ῥύσασθαι
3139 2720 3202 2772 ὲκ
3234 2719 3463 2772 θανάτου
3497 2719 3591 2782 τὰς

2021 2810 2199 2882 ψυχὰς
2223 2810 2419 2864 αὐτῶν.
2454 2829 2472 2862 ι
2506 2809 2661 2863 Οὕτω
2696 2811 2828 2881 δῆτα
2859 2793 3120 2882 αἰσίύνης
3150 2810 3398 2881 ἔμπλεως
3437 2811 3465 2864 ὁ
3498 2811 3588 2864 τύ-

2027 2919 2214 2975 ραννος
2245 2902 2337 2954 ἐπὶ
2363 2901 2433 2955 τὰ
2463 2901 2582 2955 καθ’
2611 2903 2800 2955 ἑαυτὸν
2837 2900 3003 2954 ἐλθὼν
3040 2902 3201 2973 μέρη,
3233 2901 3449 2974 πρῶτον
3493 2903 3589 2972 μὲν

2023 2997 2257 3067 ἐμμανεῖ
2277 2993 2452 3065 θυμῷ,
2488 2993 2713 3057 πολλοὺς
2741 2995 2905 3064 ἱερεῖς
2926 2993 3019 3047 καὶ
3045 2995 3328 3065 προφήτας
3350 2994 3459 3048 τῶν
3491 2996 3588 3049 πά-

2027 3085 2116 3140 λαι
2151 3083 2573 3156 θαυμαζομένων
2609 3085 2754 3156 αὑτῷ
2795 3085 2950 3149 θεῶν,
2985 3078 3060 3138 ὧν
3095 3083 3158 3156 δὴ
3181 3087 3293 3149 τοῖς
3327 3091 3589 3158 χρησμοῖς

2027 3177 2435 3250 ἀναῤῥιπισθεὶς
2458 3177 2548 3231 τὸν
2576 3176 2810 3248 πόλεμον
2835 3177 3024 3248 ἤρατο,
3057 3176 3132 3240 ὡς
3162 3175 3226 3229 ἂν
3263 3177 3466 3247 γόητας
3503 3181 3588 3232 καὶ

2026 3267 2344 3332 ἀπατεῶνας
2369 3268 2462 3321 καὶ
2488 3269 2578 3322 ἐπὶ
2610 3269 2739 3321 πᾶσι
2768 3267 3028 3338 προδότας
3055 3268 3151 3338 τῆς
3183 3267 3346 3321 αὑτοῦ
3371 3270 3588 3340 γενομέ-

2025 3377 2148 3424 νους
2181 3359 2470 3431 σωτηρίας,
2501 3360 2732 3430 ἀναιρεῖ,
2774 3355 2895 3413 εἶτα
2924 3358 2988 3430 δὴ
3018 3359 3140 3422 δοὺς
3174 3358 3329 3426 δόξαν
3367 3359 3445 3432 τῷ
3484 3361 3587 3414 τῶν

2025 3449 2360 3522 Χριστιανῶν
2398 3448 2535 3520 Θεῷ,
2571 3449 2733 3520 νόμον
2769 3465 2830 3502 τε
2860 3448 2947 3501 τὸν
2983 3449 3119 3520 ὑπὲρ
3146 3449 3458 3521 ἐλευθερίας
3490 3451 3587 3503 αὗ-

2024 3542 2133 3595 τῶν
2175 3541 2479 3595 τελεώτατα
2520 3541 2614 3595 καὶ
2660 3541 3004 3613 πληρέστατα
3027 3540 3433 3612 διαταξάμενος,
3462 3541 3584 3595 δυσ-

2025 3633 2328 3704 θανατήσας
2375 3631 2590 3690 αὐτίκα.
2633 3631 2899 3702 μηδεμιᾶς
2936 3631 3084 3702 αὑτῷ
3116 3632 3303 3703 χρόνου
3346 3631 3582 3702 δοθείσης

2026 3725 2380 3798 προθεσμίας,
2421 3724 2642 3795 τελευτᾷ
2670 3724 2760 3776 τὸν
2795 3723 2930 3792 βίον.
2972 3724 3031 3778 '0
3075 3725 3130 3777 δὲ
3178 3718 3585 3794 καταπεμφθεὶς

2027 3819 2117 3873 ὑπ’
2139 3816 2300 3872 αὑτοῦ
2326 3817 2506 3888 νόμος,
2528 3815 2765 3879 τοιοῦτος
2783 3811 2849 3887 ἦν
2873 3833 2886 3846 ·

2037 4089 2422 4159 Ἀντίτραφον
2453 4087 2766 4159 ἑρμηνείας
2793 4085 2904 4159 τῆς
2943 4085 3049 4159 τοῦ
3100 4083 3399 4159 τυράγνου
3427 4084 3584 4159 Δὑπὲρ

2096 4155 2461 4228 Χριᾶτιὰνῶν
2482 4155 2812 4223 διατάξεως
2830 4198 2845 4220 ,
2875 4156 2943 4209 ἐκ
2975 4156 3300 4226 Ῥωμαῖκῆς
3326 4155 3586 4227 γλώττης

2093 4233 2181 4296 εἰς
2204 4231 2317 4298 τὴν
2354 4229 2606 4284 Ἑλλάδα
2628 4230 3134 4297 μεταληφθείσης.

2101 4339 2119 4372 ι
2141 4317 2496 4390 Αὐτοκράτωρ
2523 4319 2730 4389 Καῖσαρ
2781 4318 2939 4382 Γάϊος
2956 4317 3246 4386 Οὐαλέριος
3265 4316 3583 4388 Μαξιμῖνος,

2026 4409 2379 4483 Γερμανικὸς,
2411 4410 2768 4482 Σαρματικὺς,
2798 4409 3060 4479 Εὐσεϐὴς,
3092 4409 3356 4481 Εὺτυχὴς,
3375 4409 3584 4480 Ἀνίκη-

2027 4521 2139 4568 τος,
2169 4500 2454 4564 Σεϐαστός.
2499 4501 2655 4556 Κατά
2709 4501 2886 4554 πάντα
2906 4501 3106 4573 τρόπον
3141 4503 3288 4572 ἡμᾶς
3325 4500 3584 4574 διηνεκῶς

2028 4592 2136 4648 τῶν
2178 4591 2529 4664 ὲπαρχιωτῶν
2570 4591 2677 4644 τῶν
2714 4593 2997 4665 ἡμετέρων
3033 4590 3126 4644 τοῦ
3165 4591 3434 4663 χρησίμου
3461 4609 3588 4664 προ-
3667 4617 3674 4627 -

2026 4871 2190 4941 telligi
2244 4881 2391 4939 puto.
2431 4868 2597 4941 Porro
2622 4869 2697 4941 de
2729 4869 2830 4922 hac
2873 4867 3149 4941 Maximini
3178 4869 3584 4941 pugnaadver-

2025 4960 2116 5001 Stis
2145 4938 2423 4997 'LiCiuittm
2475 4941 2528 4994 in
2577 4938 2790 5010 Illyrico
2838 4942 2992 5010 solus
3029 4955 3092 4992 ex
3116 4939 3409 5010 Abistoricis
3439 4940 3586 4993 Zosi-

2025 5030 2146 5069 mus
2183 5013 2420 5080 loquitur
2453 5013 2504 5064 in
2544 5008 2732 5073 libitt,
2767 5010 2852 5062 ubi
2889 5008 3080 5061 scribit
3114 5008 3376 5062 Licinium
3412 5013 3586 5078 primo

2024 5085 2241 5156 quidem
2265 5082 2470 5156 cladem
2487 5081 2730 5156 aliquant
2753 5080 3028 5156 accepisse
3053 5096 3066 5131 :
3092 5080 3184 5131 scd
3205 5095 3324 5156 mox
3357 5083 3586 5156 repetito

2024 5148 2252 5225 praelio,
2286 5151 2628 5225 Maximinum
2679 5149 2732 5225 in_
2787 5148 2966 5217 fugam
3001 5163 3216 5225 versum
3257 5151 3320 5225 ad
3349 5149 3586 5204 Orientis

2025 5219 2206 5294 partes
2232 5236 2289 5294 se
2311 5222 2596 5294 recepisse,
2623 5229 2676 5273 et
2704 5220 2771 5294 de
2791 5219 3094 5294 reparando
3123 5221 3585 5294 exercitugogita:

2025 5288 2188 5348 visse.
2229 5291 2382 5358 Quod
2409 5289 2623 5358 quidem
2654 5288 2884 5341 miriﬁce
2916 5289 3173 5358 convenit
3218 5304 3339 5358 cum
3368 5289 3582 5343 Eusebii

2027 5363 2198 5418 nostri
2226 5356 2554 5422 narratione,
2583 5360 2672 5426 qui
2701 5359 2890 5410 scribit
2914 5356 3261 5426 Maximinum
3287 5357 3406 5410 fuso
3430 5373 3584 5412 σχειν-

2023 5435 2134 5487 citu
2175 5447 2292 5495 suo,
2323 5432 2391 5484 ad
2420 5444 2547 5483 suas
2573 5425 2775 5496 partes,
2807 5427 2858 5480 id
2888 5436 2972 5496 est
3011 5428 3062 5480 in
3101 5425 3379 5479 Orientem
3410 5444 3468 5481 se
3500 5443 3583 5480 re-

2024 5505 2252 5573 cepisse.
2295 5501 2476 5568 Pugna
2506 5495 2668 5573 igitur
2700 5497 2894 5573 il|a_i_n_
2909 5495 3136 5573 Europa:
3178 5496 3425 5573 partibus
3481 5511 3578 5566 pu-

2025 5565 2182 5636 gn'ata
2216 5581 2319 5637 est,
2354 5565 2496 5624 anno
2528 5565 2735 5622 ‘Cbristi
2793 5567 2918 5629 515,
2972 5565 3328 5637 Constantino
3373 5580 3442 5637 _ttt
3488 5565 3491 5566 ⁷
3528 5578 3578 5619 et

2026 5634 2231 5696 Licinio
2261 5634 2318 5695 ni
2374 5649 2607 5701 coss..ut
2642 5645 2786 5692 recte
2814 5644 2960 5690 notat
2991 5634 3249 5705 Sigonius
3287 5635 3342 5689 in
3371 5635 3463 5691 lib.
3495 5650 3574 5701 tn,

2027 5715 2100 5768 De
2130 5710 2452 5767 Occidentali
2478 5709 2712 5778 imperio.
