3858 6260
309 328 412 380 837
1307 329 1658 386 ΠΙΞΤΟΒΙᾹΞ
1696 331 1893 387 ECCLE

1997 333 2254 388 \STICAL'
2298 335 2429 390 LIB.
2471 334 2560 393 IX.
3470 336 3573 394 858

309 446 571 510 πεσόντα,
616 449 793 520 πηρὸν
821 449 980 503 αὑτὸν
1009 451 1248 521 ἀφίησιν.
1289 452 1348 504 '0
1376 453 1421 506 δ’
1458 453 1548 504 ἐπὶ
1578 452 1784 516 τούτοις
1821 453 1893 507 ἔτι

2007 456 2120 511 hare
2185 473 2242 512 se
2319 460 2524 527 perpeti
2607 458 2924 524 confessus,
2988 457 3224 512 animam
3281 457 3570 512 exhalavit.

312 539 590 607 ἐμπνέων,
617 542 1145 614 ἀνθομολογούμενός
1173 544 1251 614 τῷ
1284 545 1493 616 Κυρίῳ,
1545 544 1770 599 Θάνατον
1819 549 1910 600 ἐπ-

311 630 584 692 εκαλεῖτο,
618 633 795 685 καὶτὸ
840 633 1194 700 πανύστατον,
1229 637 1451 699 ἐνδίκως
1477 635 1648 688 ταῦτα
1674 635 1772 706 τῆς
1795 637 1935 691 κατὰ
1965 640 2060 693 τοῦ
2091 640 2322 713 Χριστοῦ
2349 643 2632 713 παροινίας
2671 641 2828 713 χάριν
2883 639 3216 712 ὁμολογήσας
3242 638 3451 705 παθεῖν,
3475 647 3572 710 τὴν

310 722 496 792 ψυχὴν
525 722 774 792 ἁφιησιν.

842 817 1238 869 ΚΕΦᾹΛΑΙΟΝ
1273 819 1292 870 Ι
1298 819 1375 872 A'.

311 903 461 970 Περὶ
492 902 604 971 τῆς
644 903 908 971 ὑστάτης
943 908 1242 972 ἀπωλείας
1275 907 1394 961 τῶν
1421 907 1530 974 τῆς
1564 910 1907 974 θεοσεϐείας

707 975 935 1043 ἐχθρῶν
958 978 1094 1046 (δίο.
1131 977 1282 1030 (LE.
1325 993 1418 1038 vn,
1445 981 1555 1048 59).

392 1066 552 1121 υῦτω
579 1068 714 1137 δῆτα
741 1068 1048 1138 Μαξιμίνου
1081 1069 1324 1124 ἐκποδὼν
1357 1072 1671 1143 γενομένου,
1703 1073 1777 1136 ώς
1809 1073 1904 1144 μό-

316 1175 410 1222 νος
439 1158 518 1212 ἔτι
547 1158 745 1213 λείπων
775 1159 883 1212 τῶν
915 1160 1014 1230 τῆς
1045 1161 1353 1226 θεοσεϐείας
1384 1163 1616 1235 ἐχθρῶν,
1654 1165 1906 1217 ἁπάντων

317 1251 593 1322 χείριστος
629 1253 981 1324 ἀναπέφηνε,
1031 1254 1098 1307 τὰ
1155 1255 1254 1323 μὲν
1299 1257 1399 1326 τῆς
1443 1256 1550 1314 τῶν
1601 1257 1905 1328 ἐκκλησιῶν

317 1341 673 1408 ἀνανεώσεως
705 1346 772 1398 ἐκ
813 1345 1076 1415 θεμελίων
1105 1347 1286 1417 χάριτι
1317 1347 1450 1400 Θεοῦ
1485 1347 1578 1402 τοῦ
1607 1348 1907 1418 παντοκρά-

316 1448 480 1503 τορος
525 1431 797 1504 ἠγείρετο,
842 1436 870 1488 ὅ
917 1451 974 1488 τε
1006 1435 1242 1507 Χριστοῦ
1277 1436 1432 1505 λόγος
1479 1441 1562 1502 εἰς
1615 1438 1770 1502 δόξαν
1810 1438 1904 1493 τοῦ

317 1521 428 1574 τῶν
457 1521 593 1575 ὅλων
615 1523 749 1577 Θεοῦ
780 1525 1118 1596 διαλάμπῳν,
1151 1527 1368 1597 μείζονα
1405 1527 1503 1596 τὴν
1546 1529 1782 1600 πρόσθεν
1809 1531 1907 1584 ἀπ-

321 1612 604 1683 ελάμϐανε
635 1617 968 1687 παρρησίαν,
998 1615 1066 1668 τὰ
1103 1617 1160 1670 δὲ
1200 1619 1298 1689 τῆς
1327 1619 1640 1683 δυσσεϐείας
1667 1621 1774 1674 τῶν
1805 1622 1905 1692 τῆς

319 1703 632 1768 θεοσεϐείας
678 1707 886 1780 ἐχθρῶν
940 1709 1201 1780 αἰσχύνης
1251 1711 1344 1762 καὶ
1393 1710 1620 1781 ἀτιμίας
1669 1713 1905 1785 ἐσχάτης

318 1797 714 1866 ἐνεπίμπλατο.
769 1800 991 1871 Πρῶτός
1036 1819 1094 1854 τε
1135 1803 1244 1874 γὰρ
1277 1803 1440 1864 αὐτὸς
1486 1806 1690 1868 ἐκεῖνος
1727 1805 1903 1871 Magi-

322 1890 498 1956 μῖνος,
525 1889 779 1943 ἁπάντων
804 1891 1205 1962 πολεμιώτατος
1230 1893 1339 1965 (79)
1376 1895 1482 1947 ὑπὸ
1503 1895 1612 1948 τῶν
1641 1897 1903 1968 κρατούν-

2630 816 2854 872 CAPUT
2877 816 2967 871 XI.

2117 931 2191 987 De
2218 934 2399 986 ultima
2420 933 2576 985 exitio
2604 931 2830 984 hostium
2848 929 3165 984 Christiania
3184 930 3466 1000 religionis.

2077 1071 2136 1122 ln
2168 1071 2312 1123 hunc
2334 1067 2500 1136 igitur
2527 1068 2740 1122 modum
2769 1065 2980 1119 sublato
3009 1081 3040 1120 e
3096 1066 3230 1120 vivis
3260 1065 3567 1126 Maximino,

2007 1161 2096 1229 qui
2132 1161 2278 1214 solus
2303 1175 2368 1213 ex
2403 1158 2677 1228 religionis
2706 1157 2949 1212 hostibus
2988 1157 3164 1210 adhuc
3213 1157 3432 1209 relictus
3462 1172 3573 1210 om-

2007 1267 2102 1305 nes
2128 1251 2468 1320 improbitate
2491 1250 2786 1319 superavit,
2816 1249 3170 1303 ecclesiarum
3203 1247 3416 1314 quidem
3441 1248 3572 1302 mdi-

2008 1343 2125 1396 licia
2159 1343 2540 1410 omnipotentis
2570 1343 2660 1395 Dei
2692 1341 2956 1394 beneﬁcio
2989 1340 3054 1394 ab
3095 1340 3226 1408 ipsis
3249 1338 3572 1393 fundamen-

2009 1435 2075 1488 tis
2111 1443 2363 1487 renovata
2394 1435 2832 1497 exstruebantur,
2878 1432 3185 1500 Christique
3215 1431 3460 1485 doctrina
3502 1429 3570 1484 ad

2005 1524 2227 1594 gloriam
2287 1525 2480 1577 summi
2514 1525 2753 1578 omnium
2808 1525 2898 1578 Dei
2952 1523 3320 1593 resplendeus,
3367 1521 3570 1590 majore

2005 1631 2164 1684 quam
2192 1625 2347 1668 antea
2381 1614 2628 1669 libertate
2657 1613 2758 1668 frui
2795 1614 2980 1682 coepit.
3017 1613 3166 1682 lmpii
3203 1628 3331 1668 vero
3364 1623 3417 1668 et
3443 1613 3572 1667 reli-

2004 1708 2178 1777 gionis
2234 1708 2438 1773 hostes,
2497 1721 2708 1761 summo
2755 1708 3018 1760 dedecore
3066 1715 3227 1776 atque
3274 1705 3566 1775 ignominia

2004 1801 2394 1855 alliciebantur.
2425 1799 2664 1854 Primum
2693 1801 2832 1854 enim
2861 1800 3186 1854 Maximinus
3237 1800 3370 1868 ipse,
3398 1801 3568 1854 hostis

2004 1893 2249 1962 publicus
2286 1893 2354 1947 ab
2383 1892 2799 1961 imperatoribus
2853 1891 3211 1954 renuntiatus,
3246 1891 3436 1945 edictis
3468 1907 3569 1960 pu-

317 2000 430 2034 των
465 1982 886 2053 ἀναγορευθεὶς,
929 1985 1351 2048 δυσσεϐέστατος
1381 1987 1475 2040 καὶ
1505 1986 1893 2059 δυσωνυμώτα-

2006 1986 2142 2040 blico.
2173 1985 2458 2054 prepositis
2483 1985 2832 2059 impiissitpus
2862 1999 2925 2038 ac
2954 1983 3253 2038 detestandi
3312 1984 3567 2049 nominis,

316 2091 413 2137 τος
453 2076 547 2128 καὶ
595 2075 1012 2145 θεομισέστατος
1044 2076 1304 2146 τύραννος
1336 2078 1424 2130 διὰ
1453 2080 1904 2151 προγραμμάτων

317 2161 596 2232 δημοσίων
643 2164 1072 2235 ἀνεστηλίτευτο,
1116 2166 1324 2237 γραφαί
1367 2184 1426 2218 τε
1468 2169 1590 2220 ὅσαι
1629 2173 1709 2233 εἰς
1741 2168 1904 2240 τιμὴν

318 2254 487 2306 αὐτοῦ
532 2254 627 2307 καὶ
668 2255 776 2306 τῶν
807 2255 970 2308 αὑτοῦ
1003 2257 1205 2309 παίδων
1239 2259 1379 2311 κατὰ
1415 2260 1592 2313 πᾶσαν
1627 2261 1905 2316 ἀνέκειντο

321 2347 499 2409 πόλιν,
533 2349 586 2400 αἱ
622 2347 719 2418 μὲν
751 2346 810 2412 ἐξ
839 2347 1002 2417 ὕψους
1033 2352 1113 2412 εἰς
1162 2349 1355 2418 ἔδαφος
1399 2352 1754 2424 ῥιπτούμεναι
1788 2372 1904 2408 συν-

319 2439 617 2510 ετρίϐοντο,
657 2441 712 2492 αἱ
741 2440 793 2494 δὲ
825 2439 920 2503 τὰς
961 2441 1253 2512 προσόψεις
1278 2443 1610 2513 ἠχρειοῦντο,
1647 2447 1902 2518 σκοτεινῷ

319 2529 573 2602 χρώματι
623 2531 1192 2603 καταμελανούμεναι,
1228 2535 1556 2605 ἀνδριάντων
1599 2553 1658 2588 τε
1704 2538 1902 2606 ὁμοίως

318 2622 508 2674 ὁπόσει
539 2623 618 2684 είς
647 2622 745 2692 τὴν
780 2621 941 2674 αὐτοῦ
972 2623 1134 2695 τιμὴν
1161 2625 1579 2696 διανεστήκεσαν
1599 2665 1613 2690 ,
1642 2626 1901 2691 ὡσαύτως

322 2714 674 2784 ῥιπτούμενοι
723 2716 1130 2786 συνετρίϐοντο,
1188 2718 1362 2786 γέλως
1416 2721 1512 2772 καὶ
1559 2720 1747 2773 παιδιὰ
1791 2723 1900 2782 τοῖς

321 2806 622 2877 ἐνυϐρίζειν
644 2809 735 2860 καὶ
757 2811 1106 2879 ἐμπαροινεῖν
1130 2809 1398 2864 ἐθέλουσιν
1419 2812 1568 2865 ἐκκεί
1577 2829 1744 2883 μενοι.
1768 2809 1900 2866 Εἶτα

319 2897 376 2950 δὲ
406 2897 638 2950 καὶτῶν
671 2898 842 2951 ἄλλων
887 2899 981 2968 τῆς
1021 2897 1327 2962 θεοσεϐείας
1374 2900 1581 2971 ἐχθρῶν
1624 2903 1791 2954 πᾶσαι
1841 2903 1897 2953 αξ

319 2992 478 3059 τιμαὶ
521 2988 909 3060 περιῃροῦντο,
945 2990 1245 3042 ἐκτείνοντο
1289 2991 1345 3044 δὲ
1385 2993 1479 3045 καὶ
1517 2992 1716 3055 πάντες
1753 2995 1801 3045 οἱ
1831 2991 1897 3045 τὰ

318 3080 626 3151 Μαξιμίνου
655 3080 995 3152 φρονοῦντες,
1027 3083 1139 3134 ὅσοι
1171 3083 1403 3151 μάλιστα
1424 3084 1530 3137 τῶν
1563 3087 1621 3137 ἐν
1655 3087 1898 3156 ἀρχικοῖς

320 3172 626 3245 ἀξιώμασιν
670 3175 760 3226 ὑπ’
794 3173 958 3227 αὑτοῦ
1012 3175 1400 3245 τετιμημένοι,
1449 3179 1512 3247 τῇ
1560 3177 1695 3247 πρὸς
1739 3177 1897 3230 αὑτὸν

320 3261 583 3332 κολακείᾳ
609 3263 851 3333 σοϐαρῶς
875 3261 1293 3333 ἐνεπαρῴνησαν
1314 3263 1390 3334 τῷ
1415 3265 1534 3318 καθ’
1559 3268 1704 3336 ἡμᾶς
1732 3267 1894 3338 λόγῳο

2005 2075 2223 2144 Deoque
2247 2075 2452 2129 invisus
2485 2085 2745 2146 tyrannus
2767 2073 3066 2142 appellatus
3093 2082 3191 2128 est.
3227 2072 3330 2127 Sed
3353 2082 3408 2126 et
3439 2074 3571 2125 ima-

2006 2168 2155 2236 gines
2176 2183 2294 2235 qua:
2325 2166 2424 2236 ipsi
2452 2165 2746 2231 liberisque
2772 2166 2892 2234 ejus
2935 2164 3161 2219 honoris
3185 2180 3346 2217 causa
3383 2164 3570 2230 posita:

2005 2273 2099 2324 per
2131 2255 2370 2326 singulas
2399 2269 2564 2325 prope
2601 2255 2760 2309 urbes
2789 2255 3122 2318 visebantur,
3155 2255 3273 2308 alite
3302 2269 3332 2307 e
3353 2253 3566 2308 sublimi

2003 2349 2222 2416 dejectm
2252 2349 2648 2417 confractzeque
2685 2357 2811 2401 sunt
2839 2366 2854 2412 ;
2885 2349 3002 2402 alia:
3050 2349 3264 2403 inutiles
3321 2349 3566 2412 reddito),

2001 2443 2286 2496 obliterato
2325 2442 2533 2495 scilicet
2589 2442 2759 2511 nigris
2803 2443 3076 2496 coloribus
3138 2442 3309 2494 vultu.
3364 2441 3568 2494 Statuas

2003 2550 2216 2603 quoque
2241 2543 2505 2602 quotquot
2536 2534 2756 2588 honoris
2778 2534 2896 2601 ejus
2923 2549 3084 2588 causa
3103 2542 3298 2587 erecta;
3327 2531 3566 2597 fuerant,

2001 2627 2221 2694 dejectaa
2255 2626 2505 2680 similiter
2532 2637 2692 2695 atque
2729 2627 2998 2689 contritte,
3048 2627 3264 2680 cunctis
3317 2626 3406 2694 qui
3451 2626 3565 2680 illu-

2001 2718 2128 2768 dere
2156 2727 2319 2784 atque
2366 2716 2627 2769 insultare
2677 2717 2999 2780 voluissent,
3053 2718 3117 2770 ad
3173 2717 3458 2770 ludibrium
3510 2725 3567 2770 et

2001 2806 2378 2859 contumeliam
2411 2807 2667 2875 expositae
2701 2807 2872 2861 fuere.
2924 2807 3167 2861 Posthmc
3195 2809 3372 2862 caeteri
3399 2808 3564 2862 etiam

2001 2895 2275 2965 religionis
2306 2895 2484 2948 hostes
2537 2898 2745 2950 cunctis
2777 2897 3080 2950 honoribus
3135 2897 3349 2965 spoliati
3419 2909 3561 2952 sunt.

1999 2989 2201 3044 Omnes
2236 2989 2470 3058 denique
2520 2989 2611 3056 qui
2662 3005 2690 3042 a
2721 2988 2997 3043 Maximini
3061 2992 3260 3059 pariter
3320 2991 3566 3059 partibus

2003 3082 2258 3142 stabant;
2297 3082 2384 3148 qui
2417 3095 2525 3151 prie
2556 3079 2782 3152 reliquis
2823 3084 3221 3150 provinciarum
3263 3073 3566 3138 rectoribus

2001 3176 2069 3227 ab
2101 3189 2165 3227 eo
2196 3173 2328 3226 culti
2357 3181 2408 3226 et
2443 3173 2641 3234 ornati,
2676 3181 2731 3226 ut
2756 3173 2803 3227 ei
2829 3184 3259 3238 assentarenlur,
3303 3176 3566 3229 adversus

2001 3265 2313 3332 religionem
2349 3276 2589 3318 nostram
2627 3265 2920 3319 insolenter
2949 3266 3266 3320 debacchali
3321 3265 3561 3330 fuerant,

318 3347 429 3415 οἷος
453 3348 521 3423 ἦν
558 3353 586 3404 ὁ
629 3354 777 3424 παρὰ
810 3354 1016 3417 πάντας
1046 3353 1192 3424 αὐτῷ
1219 3353 1543 3425 τιμιώτατος
1574 3359 1668 3412 καὶ
1695 3358 1893 3411 αἰδεσι-

1999 3356 2174 3424 capite
2200 3355 2523 3424 plectuntur.
2550 3355 2625 3408 Ex
2645 3344 2878 3424 quorum
2903 3372 3129 3412 numero
3152 3357 3561 3420 fuitPicentius,

323 3441 589 3512 μώτατος,
632 3442 858 3513 ἑταίρων
897 3460 954 3494 τε
1001 3442 1364 3514 γνησιώτατος
1389 3486 1405 3509 ,
1439 3445 1728 3510 Πευκέτιος
1763 3447 1892 3519 (80),

319 3532 612 3596 δισύπατος
643 3535 735 3586 καὶ
778 3534 1106 3606 τρισύπατος
1128 3576 1142 3600 ,
1188 3537 1280 3589 καὶ
1314 3536 1418 3590 τῶν
1447 3537 1674 3592 καθόλου
1717 3540 1890 3608 λόγων

320 3625 558 3698 ἔπαρχος
589 3627 698 3697 (81)
729 3626 866 3699 πρὸς
928 3628 1091 3681 αὑτοῦ
1151 3629 1552 3700 καθεσταμένος
1571 3671 1586 3694 ,
1620 3631 1887 3684 Κουλκια-

318 3816 552 3886 periere.
602 3812 840 3886 Alterius
879 3816 1021 3886 enim
1069 3817 1245 3869 adhuc
1295 3815 1526 3869 viventis
1560 3817 1774 3884 pupilla:
1822 3833 1887 3870 ex

317 3884 491 3941 oculis
515 3884 836 3938 exsilierunt
873 3901 886 3936 :
931 3885 1204 3939 Maximini
1233 3887 1479 3940 videlicet
1507 3887 1682 3949 ;alter
1708 3888 1888 3940 lurore

319 3957 602 4026 percitus;
638 3956 777 4026 alius
806 3955 908 4009 alio
937 3973 1227 4026 oppressus
1285 3959 1624 4009 incommodo
1659 3969 1883 4010 mortem

316 4024 564 4095 oppetiit.
628 4044 646 4076 ι
708 4024 877 4078 Porro
921 4024 1218 4095 imperator
1271 4027 1360 4094 qui
1425 4027 1606 4079 lurore
1658 4028 1892 4094 percitus

315 4099 477 4159 obiit,
511 4096 870 4149 Diocletianus
913 4109 1016 4149 est.
1069 4096 1122 4150 id
1166 4096 1310 4149 enim
1364 4097 1430 4151 de
1480 4097 1570 4149 illo
1625 4105 1893 4151 testantur

319 4165 585 4221 Eusebius
619 4176 672 4218 et
702 4165 1108 4219 Constantinus.
1149 4165 1228 4219 De
1263 4165 1534 4219 Maximini
1571 4179 1748 4219 autem
1783 4183 1890 4220 ca:-

315 4240 485 4292 citate
509 4235 672 4288 habes
685 4238 826 4303 apud
850 4237 1204 4303 Epiphaniqu
1227 4237 1277 4288 in
1301 4237 1439 4290 libro
1467 4235 1889 4304 Deponderibus.

388 4307 501 4375 (79)
540 4305 852 4376 Ἀπάντωιί
870 4306 1325 4376 πολεμιώτατος.
1399 4307 1770 4376 Scribendunr
1814 4307 1894 4358 vi-

315 4374 781 4445 ᾶοιιιιίπολέμιος.
817 4374 938 4428 Vult
984 4374 1128 4429 enim
1179 4377 1354 4430 dicere
1403 4376 1687 4440 Eusebius,
1723 4374 1892 4428 Maxi-

315 4448 524 4501 minum
576 4446 783 4499 hostem
837 4448 1108 4516 publicum
1155 4462 1274 4500 esse
1317 4448 1674 4501 declaratum.
1733 4447 1884 4511 Quod

314 4517 634 4571 solemnitcr
667 4518 828 4570 liehat
854 4528 1074 4571 senatus
1109 4517 1381 4579 consulto,
1408 4527 1465 4569 ut
1499 4517 1693 4570 docent
1741 4517 1881 4569 seri-

315 4599 503 4655 ptores
523 4584 771 4658 Historiae
797 4589 1051 4657 Augustas
1075 4587 1254 4641 multis
1279 4587 1330 4639 in
1362 4587 1511 4651 locis,
1530 4597 1583 4658 e_t
1613 4587 1882 4655 praecipue

312 4659 408 4711 ubi
443 4658 507 4716 de
535 4655 850 4709 Maximino.

391 4727 502 4795 (80)
532 4725 866 4792 Πευκέτιος.
924 4726 1223 4780 Picentium
1271 4726 1408 4779 verti
1455 4742 1471 4782 :
1513 4741 1619 4795 quo
1665 4726 1882 4780 nomine

312 4799 536 4865 quidam
569 4800 665 4850 luit
695 4798 1056 4851 calomniator
1083 4798 1384 4851 Constantii
1418 4798 1749 4865 temporibus
1771 4836 1788 4859 ,
1823 4807 1883 4849 ιιι

313 4868 510 4921 scribit
539 4866 785 4919 Zosimus
809 4870 860 4920 in
887 4869 991 4920 line
1020 4869 1111 4920 lib.
1142 4883 1197 4920 ιι.
1241 4867 1400 4920 Certe
1426 4865 1602 4920 Latini
1631 4865 1882 4922 Picentes

313 4947 531 5004 vocant,
559 4953 693 5003 quos
719 4935 890 4990 Graeci
924 4937 1263 5000 Πευκετίους.

390 5007 501 5076 (81)
540 5007 660 5060 Τῶν
700 5009 957 5061 καθόλου
1002 5009 1198 5077 λόγων
1234 5008 1514 5076 ἔπαρχος.
1560 5006 1880 5061 Praefectum

315 5079 569 5149 pra-torio
607 5079 908 5149 intelligere
931 5080 1143 5131 videtur
1171 5097 1182 5132 :
1220 5079 1455 5149 ἔπαρχος
1481 5080 1632 5149 enim
1649 5093 1767 5149 non
1796 5079 1882 5130 di-

314 5151 461 5201 citur
480 5148 578 5200 nisi
599 5150 665 5200 de
683 5147 946 5215 prarl'ectis
971 5149 1242 5214 praetorio,
1265 5147 1516 5201 auturbi.
1542 5147 1695 5202 Adde
1717 5149 1891 5215 quod,

313 5235 438 5273 cunt
456 5218 947 5271 Eusebiusallirmet
964 5219 1258 5271 Picentium
1281 5219 1507 5271 sunnnis
1523 5218 1816 5271 honoribus
1830 5228 1884 5272 et.

315 5288 590 5357 geminato
607 5292 891 5341 Consulatu
919 5298 1164 5342 ornatum
1188 5289 1355 5342 fuisse
1380 5306 1406 5339 ιι
1427 5286 1742 5352 Maximino,
1796 5288 1880 5340 in-

314 5369 496 5428 eptum
528 5368 673 5411 esset
695 5359 889 5423 dicere,
908 5375 1028 5412 eum
1047 5370 1446 5426 procuratorem
1471 5373 1692 5411 summa:
1717 5358 1792 5411 rei
1818 5358 1883 5412 ab

316 5430 408 5482 illo
425 5428 623 5482 factum
643 5429 833 5494 fuisse,
859 5444 978 5496 qua:
1013 5429 1171 5484 exilis
1197 5429 1485 5481 admodum
1504 5428 1740 5496 dignitas
1759 5428 1880 5482 fuit.

317 5501 420 5554 Sed
457 5509 647 5552 contra
676 5500 815 5552 hanc
850 5500 1172 5552 sententiain
1201 5498 1337 5551 facit
1366 5501 1563 5561 primo,
1600 5499 1740 5565 quod
1775 5497 1883 5550 τῶν

313 5568 542 5625 καθόλου
561 5567 730 5636 λόγων
752 5568 1010 5622 vocabulo
1025 5582 1236 5636 semper
1274 5569 1537 5622 Eusebius
1569 5569 1883 5623 rationalem

312 5657 408 5696 seu
437 5652 842 5709 procuratorem
857 5653 1091 5709 summa:
1113 5639 1190 5691 rei
1221 5639 1487 5709 designat,
1511 5647 1568 5690 ut
1598 5653 1758 5706 supra
1790 5654 1887 5692 no-

315 5708 548 5764 tavimus
568 5724 679 5760 non
706 5708 888 5762 semel.
913 5708 1113 5762 Deinde
1165 5708 1447 5774 prwfectus
1477 5717 1624 5777 pust.
1650 5709 1887 5761 Maximi-

308 5786 361 5838 ni
393 5783 496 5836 l'uit
529 5777 785 5838 Sabinus.
811 5788 1043 5850 utsupra
1066 5779 1297 5834 vidimus
1328 5793 1470 5832 anno
1490 5780 1686 5834 Christi
1711 5779 1809 5833 511
1832 5789 1886 5834 et

2001 3451 2057 3504 in
2084 3464 2298 3503 smumo
2323 3448 2526 3504 honore
2557 3463 2622 3502 ac
2647 3449 2997 3504 veneratione
3019 3451 3087 3505 ab
3117 3451 3302 3504 eodem
3327 3451 3561 3515 habitus,

1997 3553 2047 3594 et
2078 3540 2338 3595 sodalium
2367 3539 2609 3592 omnium
2653 3541 2810 3609 longe
2837 3541 3194 3596 cbarissimus
3225 3558 3240 3595 :
3276 3556 3434 3610 quem
3475 3542 3564 3597 ille

1998 3634 2193 3687 iterum
2223 3647 2286 3686 ac
2316 3633 2476 3686 tertio
2509 3631 2784 3686 consulem
2824 3643 2877 3687 et
2906 3631 3217 3702 praefectum
3262 3649 3327 3690 ae
3377 3649 3565 3705 procu-

1994 3815 2118 3868 σιτ.
2151 3811 2258 3885 Nec
2289 3826 2417 3864 vero
2440 3811 2676 3880 dignitas
2706 3811 2794 3865 illa
2833 3817 3193 3880 procuratoris
3212 3832 3435 3873 summae
3456 3823 3559 3885 rei,

1995 3885 2136 3938 inter
2158 3883 2291 3936 viles
2323 3897 2382 3934 ac
2414 3894 2710 3948 postremas
2735 3885 3064 3939 numeranda
3089 3896 3190 3938 est.
3213 3885 3346 3941 Nam
3375 3898 3428 3942 et
3449 3883 3559 3944 Ma;

1993 3957 2233 4017 crianus,
2265 3954 2309 4003 is
2338 3951 2426 4024 qui
2455 3953 2555 4004 sub
2576 3950 2832 4024 Calliope
2855 3954 3136 4021 imperium
3166 3957 3412 4024 arripuit,
3435 3975 3556 4015 eum

1993 4022 2461 4096 honoremgessit;
2492 4030 2543 4073 et
2568 4021 2828 4096 Eusebius
2853 4024 2965 4096 ipse
2991 4026 3041 4078 in
3067 4027 3158 4079 lib.
3186 4021 3294 4090 vni,
3319 4021 3442 4096 cap.
3468 4032 3556 4094 10,

1988 4094 2161 4166 ἀρχὴν
2209 4093 2270 4166 oo
2317 4092 2414 4163 τὴν
2442 4091 2706 4166 τυχοῦσαν
2737 4093 2991 4162 appellat,
3023 4097 3110 4166 ubi
3153 4100 3218 4149 de
3247 4091 3558 4156 Philol-omo

1991 4163 2225 4233 mai-lyre
2249 4165 2508 4233 loquitur.
2545 4163 2694 4228 Quod
2725 4174 2903 4216 autem
2939 4168 3015 4219 ait
3047 4165 3332 4232 Eusebius,
3363 4168 3556 4225 Picen-

1991 4231 2145 4287 tiuur
2173 4250 2200 4286 a
2248 4231 2542 4288 Maximino
2598 4234 2678 4286 bis
2715 4247 2778 4286 ae
2819 4233 2976 4288 tertio
3021 4237 3294 4291 consulem
3323 4231 3552 4295 factum

1989 4307 2173 4380 luisse,
2213 4319 2315 4380 non
2345 4305 2609 4380 modicam
2632 4304 2790 4380 habet
2817 4303 3208 4380 ditiicultatem.
3239 4307 3356 4363 Jam
3389 4326 3551 4380 supra

1985 4375 2418 4437 observavimus,
2454 4373 2801 4444 Maximinum
2833 4375 3055 4444 Augusti
3092 4393 3286 4432 noinen
3327 4381 3429 4434 sibi
3456 4373 3552 4436 as-

1987 4444 2283 4512 sumpsisse
2333 4453 2450 4510 post
2498 4443 2702 4496 obitum
2744 4444 2964 4510 Galerii,
2997 4463 3139 4501 anno
3178 4448 3380 4503 Christi
3423 4451 3548 4505 511.

1984 4515 2153 4581 Igitur
2202 4524 2326 4566 ante
2371 4515 2470 4566 hoc
2506 4523 2717 4584 tempus
2764 4531 2886 4568 cum
2934 4518 3116 4571 Caesar
3148 4526 3354 4572 tantum
3383 4534 3548 4584 esset,

1986 4584 2286 4638 Picentium
2329 4583 2605 4637 consulem
2651 4582 2830 4637 facere
2872 4602 2974 4640 non
3023 4590 3213 4655 potuit.
3251 4587 3361 4643 Soli
3406 4582 3549 4646 enini

1985 4657 2212 4722 Augusti
2238 4655 2904 4730 creainlorttm_con_sulunl
2934 4657 3023 4730 jus
3057 4658 3346 4730 habebant.
3368 4659 3550 4730 Itaque

1988 4737 2109 4794 post
2129 4734 2356 4779 mortem
2374 4723 2918 4796 GaleriiMaximiuus
2934 4723 3545 4796 seipsuutetPicentium

1988 4793 2368 4868 ιεοιιιειιιῂιιιι-ιιι)Δ
2407 4793 2690 4868 consulem
2736 4793 3048 4868 declaravit.
3101 4795 3370 4868 Sequente
3420 4805 3546 4856 item

1990 4879 2136 4919 anno
2157 4864 2474 4917 Maximinus
2498 4879 2535 4917 ιι
2563 4873 2610 4914 et
2637 4863 2907 4918 Picentius
2925 4882 2960 4920 ιι
2988 4863 3239 4922 consules
3259 4870 3471 4925 fuerunt
3496 4876 3546 4926 in

1989 4934 2226 4996 Oriente,
2244 4951 2364 4989 eum
2385 4935 2434 4987 in
2455 4933 2746 4987 Occidente
2766 4936 3151 4992 Constantinus
3176 4955 3212 4992 ιι
3236 4949 3290 4992 et
3313 4940 3549 4996 Licinius

1989 5007 2238 5060 consules
2260 5014 2440 5058 essent
2475 5021 2488 5056 :
2525 5005 2576 5057 in
2608 5003 2754 5056 ltalia
2789 5019 2915 5058 vero
2943 5021 2997 5059 et
3029 5007 3211 5062 Africa
3246 5011 3548 5065 Maxentius

1990 5085 2241 5147 quartum
2266 5075 2430 5130 solus.
2459 5073 2653 5147 Secuto
2685 5077 2934 5147 deinceps
2961 5093 3124 5140 anno,
3149 5079 3237 5147 qui
3274 5079 3372 5135 fuit
3391 5082 3548 5136 Chri-

1990 5147 2063 5199 sti—
2085 5146 2210 5209 5l5,
2237 5147 2375 5198 idem
2414 5144 2736 5198 Maximinus
2762 5161 2821 5199 ιιι
2845 5157 2898 5200 et
2927 5144 3198 5203 Picentius
3220 5167 3275 5205 ιιι
3302 5153 3549 5206 consules

1992 5216 2044 5268 in
2079 5215 2301 5270 Oriente
2332 5215 2568 5279 luerunt,
2602 5225 2659 5268 ut
2691 5231 2770 5286 ex
2814 5219 2914 5271 hoe
2957 5219 3148 5286 insigni
3185 5223 3397 5276 Eusebii
3429 5222 3546 5276 loco

1967 5288 2271 5359 perspicue
2333 5283 2873 5359 col_ligi_tur.__Neque
2930 5283 3088 5343 enini
3129 5293 3387 5347 credibile
3442 5306 3543 5359 est,

1993 5356 2340 5409 Maximinum
2373 5356 2525 5408 alteri
2563 5356 2778 5423 quidem
2812 5360 3063 5414 tribuisse
3098 5364 3311 5414 tertium
3353 5356 3548 5417 censu-1

1991 5427 2179 5487 latum,
2211 5428 2398 5497 ipsunr
2423 5441 2552 5478 vero
2583 5443 2647 5478 ne
2680 5429 2844 5479 semel
2873 5430 3086 5497 quidem
3115 5431 3386 5485 consulem
3417 5431 3549 5488 fuis-

1991 5513 2069 5551 se.
2099 5498 2259 5549 Certe
2283 5497 2333 5548 in
2360 5493 2614 5549 Chronico
2635 5493 2998 5551 Alexandrino
3027 5499 3269 5554 Galerius
3301 5500 3550 5556 Maximi-

1992 5583 2092 5620 nus
2131 5568 2314 5619 consul
2371 5568 2590 5638 ponitur
2620 5582 2749 5638 cum
2801 5567 3124 5624 Maximiano
3177 5587 3273 5627 VIII
3301 5575 3544 5638 consule,

1992 5638 2083 5704 qui
2115 5647 2198 5690 est
2229 5653 2404 5708 annus
2429 5637 2629 5708 Christi
2649 5638 2781 5708 SH.
2829 5639 3144 5708 Quanquam
3179 5643 3230 5694 in
3263 5643 3353 5697 illo
3378 5637 3547 5697 Citra-4

1995 5708 2118 5781 nico
2139 5708 2337 5781 dicitur
2368 5706 2926 5781 CaleriusAMaximus.
2956 5706 3063 5764 Nos
3099 5713 3259 5781 igitur
3291 5723 3400 5766 tres
3433 5713 3546 5765 Ma-

1995 5777 2180 5832 ximini
2207 5777 2519 5833 consulatus
2549 5777 2704 5842 primi
2735 5783 2973 5834 omnium
3001 5777 3430 5839 observavimus.
3464 5784 3539 5837 ιιι
