3858 6260
358 326 466 385 839

1070 315 1337 376 EUSEBII
1370 311 1854 375 CASSARIENSIS
1889 312 2040 373 OPP.
2077 312 2258 372 PARS
2292 315 2333 373 l.
2368 340 2439 358 --
2476 312 2867 373 HISTORICA.

3495 319 3601 375 840

363 452 601 498 ratorem
630 452 856 497 summa
880 438 954 495 rei
980 445 1279 493 creaverat.
1328 436 1395 491 Et
1422 436 1710 491 Culcianus
1754 435 1928 490 omni-

2037 435 2116 500 νός
2146 436 2256 507 (82)
2289 452 2348 489 τε
2401 435 2661 500 ὡσαύτως
2689 436 2776 490 διὰ
2818 437 3001 510 πάσης
3039 438 3275 510 ἀρχικῆς
3320 438 3602 512 προελθὼν

361 536 465 593 bus
490 534 747 591 similiter
772 528 1178 601 magistratibus
1206 536 1262 583 et
1295 528 1694 599 provinciarum
1747 528 1923 581 admi-

364 626 775 682 nistrationibus
823 621 1160 691 perfunctus,
1223 620 1315 689 qui
1360 629 1417 675 et
1471 622 1585 689 ipse
1628 619 1928 674 innumeris

364 720 789 775 Christianorum
818 713 1058 768 caedibus
1085 712 1226 780 apud
1262 710 1551 783 AEgyptum
1576 710 1927 765 inclaruerat.

365 811 468 866 Alii
497 809 656 881 367
683 815 944 877 praeterea
982 818 1086 858 non
1133 802 1313 874 pauci,
1370 817 1401 856 a
1447 802 1645 872 quibus
1710 800 1930 871 potissi-

365 917 512 956 mum
541 898 857 955 conﬁrmata
886 903 942 951 et
966 905 1125 949 aucta
1175 910 1297 952 esse
1326 894 1599 949 Maximini
1653 894 1927 965 tyrannica

366 991 657 1049 crudelitas
687 989 993 1044 videbatur.
1041 987 1214 1043 Porro
1247 988 1412 1041 etiam
1452 985 1818 1042 Theotecnum
1864 985 1931 1040 ad

365 1086 687 1156 supplicium
722 1083 951 1138 vocabat
993 1081 1175 1137 divina
1233 1079 1467 1148 iustitia,
1520 1080 1931 1149 haudquaquam

366 1178 533 1233 oblita
559 1190 750 1230 eorum
787 1187 905 1242 quae
947 1171 1037 1226 ille
1065 1170 1327 1226 adversus
1378 1171 1716 1225 Christianos
1744 1183 1934 1239 perpe-

366 1275 627 1322 traverat.
657 1263 866 1319 Etenim
896 1262 965 1317 oh
1000 1260 1354 1317 simulacrum
1397 1259 1524 1315 illud
1578 1259 1717 1329 quod
1746 1259 1933 1314 Antio-

367 1358 505 1412 chiae
539 1360 982 1417 consecraverat,
1009 1352 1357 1422 prosperiore
1383 1349 1600 1405 fortuna
1640 1349 1715 1402 uti
1763 1350 1933 1414 visus,

366 1450 530 1503 etiam
554 1461 756 1518 praeses
783 1445 1073 1516 provinciae
1119 1457 1149 1497 a
1180 1443 1472 1498 Maximino
1510 1441 1685 1497 factus
1736 1440 1931 1496 fuerat.

372 1538 477 1593 Sed
504 1553 628 1593 cum
658 1537 901 1597 Licinius
942 1534 1281 1590 Antiochiam
1328 1531 1587 1594 venisset,
1617 1540 1670 1583 et
1731 1528 1938 1598 praesti-

370 1629 609 1699 giatures
642 1626 1006 1695 pervestigare
1061 1637 1124 1677 ac
1153 1620 1556 1691 deprehendere
1592 1618 1934 1682 instituisset,

369 1730 513 1783 inter
554 1732 778 1781 caeteros
820 1723 981 1778 etiam
1026 1716 1149 1774 novi
1189 1714 1338 1770 illius
1377 1709 1655 1767 simulacri
1696 1711 1929 1779 prophe-

2026 529 2296 594 ἐξουσίας,
2312 531 2341 582 ὁ
2370 524 2464 583 καὶ
2499 529 2659 593 αὐτὸς
2684 530 2896 602 μυρίοις
2907 534 3019 594 τοῖς
3039 531 3158 586 κατ’
3175 531 3450 600 Αἴγυπτον
3466 534 3599 605 Χρι-

2028 619 2257 674 στιανῶν
2313 620 2823 692 ἐλλαμπρυνόμενος
2877 621 3136 693 αῖμασιν,
3191 621 3342 676 ἄλλοι
3394 639 3455 675 τε
3508 624 3603 676 ἐπὶ

2024 710 2235 775 τούτοις
2266 711 2367 765 ούκ
2392 711 2581 779 ὀλίγοι,
2623 712 2691 765 δι’
2715 706 2790 766 ὧν
2823 712 3056 783 μάλιστα
3082 712 3151 766 τὰ
3175 712 3274 784 τῆς
3296 711 3604 783 Μαξιμίνου

2026 802 2336 876 τυραννίδος
2374 803 2726 874 ἐκραταιοῦτό
2772 821 2832 858 τε
2880 804 2973 859 καὶ
3020 804 3232 876 ηὔξετο.
3292 804 3503 859 Ἐκάλει
3546 805 3604 857 δὲ

2027 894 2135 967 ἄρα
2181 895 2274 950 καὶ
2303 894 2591 949 Θεότεκνον
2630 895 2742 967 (85)
2790 896 2823 969 ἡ
2872 893 3018 967 δίκη,
3057 897 3311 967 οὐδαμῶς
3350 897 3418 950 τά
3461 898 3606 950 κατὰ

2027 988 2367 1060 Χριστιανῶν
2415 986 2564 1058 αὐτῷ
2612 988 2973 1059 πεπραγμένα
3030 987 3167 1059 λήθῃ
3214 987 3603 1058 παραδιδοῦσα.

2041 1078 2165 1134 Ἐπὶ
2210 1078 2308 1151 μὲν
2348 1079 2457 1151 γάρ
2507 1077 2584 1150 τῷ
2627 1079 2747 1132 κατ’
2796 1078 3120 1149 Ἀντιόχειαν
3164 1079 3431 1151 ἱδρυθέντι
3474 1080 3606 1151 παρ’

2030 1171 2194 1227 αὐτοῦ
2243 1170 2416 1242 ξοάνῳ
2462 1170 2620 1237 δόξας
2667 1171 2975 1243 εὐημερεῖν,
3021 1172 3123 1244 ἤδη
3166 1173 3263 1225 καὶ
3311 1174 3607 1243 ἡγεμονίας

2031 1265 2230 1336 ἠξίωτο
2284 1265 2433 1335 ποιρά
2480 1264 2805 1335 Μαξιμίνου.
2857 1263 3128 1328 Λικίννιος
3174 1265 3219 1318 δ’
3255 1265 3452 1328 ἐπιϐὰς
3502 1268 3607 1337 τῆς

2044 1355 2358 1427 Ἀντιοχέων
2390 1356 2628 1421 πόλεως,
2663 1357 2851 1429 φωράν
2885 1374 2945 1410 τε
2979 1358 3189 1429 γοήτων
3217 1359 3606 1429 ποιησάμενος,

2030 1445 2157 1509 τοὺς
2180 1445 2275 1499 τοῦ
2317 1444 2616 1515 νεοπαγοῦς
2659 1444 2845 1510 ξοάνου
2869 1447 3151 1518 προφήτας
3183 1447 3278 1500 καὶ
3309 1448 3472 1519 ἱερεῖς
3506 1447 3607 1519 βα-

2035 1537 2215 1601 σάνοις
2253 1538 2507 1610 ᾐκίζετο,
2545 1537 2653 1590 τίνι
2691 1537 2835 1609 λόγῳ
2867 1537 2972 1608 τὴν
3015 1537 3229 1609 ἀπάτην
3265 1538 3607 1611 καθυπεκρί-

2033 1645 2185 1684 νοντο
2238 1629 2655 1699 πυνθανόμενος.
2716 1630 2806 1693 Ὠς
2855 1628 2900 1681 δ’
2940 1628 3372 1701 ἐπικρύπτεσθαι
3423 1631 3609 1696 αὐτοῖς

2035 1721 2169 1793 πρὸς
2217 1721 2324 1775 τῶν
2380 1721 2625 1791 βασάνων
2676 1719 3151 1790 συνελαυνομένοις
3205 1720 3465 1774 ἀδύνατον
3515 1718 3605 1793 ἦν,

370 1829 453 1875 tas
492 1825 546 1873 et
585 1814 898 1872 sacerdotes
942 1808 1223 1865 tormentis
1273 1804 1526 1885 subjecit,
1567 1816 1675 1870 qua
1722 1802 1933 1855 ratione

2037 1789 2255 1886 ἐδήλουν
2276 1814 2332 1867 δὲ
2359 1789 2420 1868 τὸ
2450 1816 2555 1866 πᾶν
2581 1813 2875 1885 μυστήριον
2899 1789 3115 1881 ἀπάτην
3134 1813 3422 1883 τυγχάνειν
3446 1789 3610 1887 τέχνῃ

371 1911 618 1965 fraudem
659 1907 1083 1963 concinnasscnt
1123 1898 1483 1966 interrogans.
1524 1893 1628 1960 Qui
1671 1906 1794 1946 cum
1840 1906 1932 1947 ve-

378 1992 597 2047 ritatem
651 1989 882 2061 amplius
913 1989 1088 2045 celare
1119 2003 1223 2044 non
1270 1997 1491 2057 possent
1546 1988 1596 2041 vi
1652 1998 1944 2043 tormento-

377 2099 498 2139 rum
528 2083 731 2149 adacti,
758 2083 1031 2152 totiusque
1052 2080 1299 2151 mysterii
1330 2094 1545 2134 scenam
1576 2095 1605 2132 a
1631 2078 1943 2134 Theotecno

378 2180 495 2225 arte
523 2170 754 2240 quadam
804 2169 1158 2239 compositam
1204 2167 1371 2222 fuisse
1420 2166 1757 2234 faterentur;
1797 2167 1941 2223 Lici-

377 2263 502 2319 nius
555 2263 748 2319 merito
784 2262 1047 2333 supplicio
1102 2271 1328 2318 cunctos
1391 2260 1651 2326 alliciens,
1710 2262 1940 2331 primum

377 2355 593 2423 quidem
631 2353 998 2408 Theotccnum
1026 2352 1225 2423 ipsum,
1253 2352 1446 2407 deinde
1484 2350 1717 2421 reliquos
1736 2350 1944 2407 fraudis

376 2460 441 2500 ac
462 2445 855 2516 praestigiarum
884 2443 1131 2499 conscios
1160 2458 1226 2498 ac
1271 2443 1581 2513 participes,
1626 2452 1744 2513 post
1771 2442 1941 2511 pluri-

377 2549 497 2591 mos
532 2536 806 2591 cruciatus
830 2533 1064 2589 interﬁci
1085 2532 1269 2603 jussit.
1300 2530 1517 2605 Adjecti
1559 2546 1685 2589 sunt
1714 2535 1799 2590 his
1824 2549 1944 2589 om-

376 2630 540 2685 nibus
568 2630 731 2685 etiam
762 2628 1043 2683 Maximini
1071 2628 1228 2683 liberi
1254 2645 1269 2694 ;
1300 2644 1436 2699 quos
1460 2628 1548 2683 ille
1580 2628 1693 2698 jam
1730 2629 1942 2697 imperii

377 2732 657 2779 consortes
701 2730 755 2777 et
792 2723 1069 2778 titulorum
1115 2732 1277 2791 atque
1319 2722 1611 2791 imaginum
1657 2721 1942 2791 participes

377 2812 601 2869 fecerat.
629 2814 866 2884 Denique
890 2814 1176 2885 propinqui
1203 2828 1391 2869 omnes
1418 2813 1655 2885 tyranni,
1682 2813 1771 2881 qui
1798 2811 1939 2868 fastu

376 2914 434 2960 et
460 2905 753 2962 insolentia
789 2906 917 2961 elati
976 2915 1203 2960 cunctos
1236 2904 1496 2959 mortales
1550 2904 1791 2975 potentia
1844 2919 1942 2960 sua

376 3004 788 3062 oppresserant,
822 2997 1008 3051 eadem
1034 3009 1154 3049 cum
1189 2995 1291 3049 illis
1315 3009 1451 3065 quos
1477 3010 1639 3065 supra
1679 2990 1941 3051 memora-

2035 1908 2101 1978 τῇ
2132 1906 2423 1960 Θεοτέκνου
2460 1904 2949 1977 μεμηχανημένην,
2996 1907 3107 1968 τοῖς
3145 1906 3280 1958 πᾶσι
3321 1905 3422 1976 τὴν
3453 1905 3610 1972 ἀξίαι

2036 1995 2245 2061 ἐπιθεὶς
2276 1995 2450 2068 δίκην,
2492 1994 2705 2067 πρῶτον
2736 1995 2896 2049 αὑτὸν
2927 1992 3234 2058 Θεότεκνον,
3272 1991 3389 2049 εἶτα
3427 1995 3485 2049 δὲ
3517 1996 3610 2049 καὶ

2034 2090 2159 2153 τοὺς
2188 2089 2289 2159 τῆς
2317 2087 2572 2159 γοητείας
2614 2089 2901 2151 κοινωνοὺς
2922 2124 2937 2153 ,
2994 2087 3132 2158 μετὰ
3181 2086 3610 2151 πλείσταςὸσας

2035 2180 2219 2245 αίκίας
2252 2178 2464 2250 θανάτῳ
2495 2177 2848 2251 παραδίδωσι.
2887 2178 3108 2242 Τούτοις
3145 2178 3314 2233 άπασι
3359 2179 3610 2251 προσετία

2036 2271 2190 2326 θεντο
2216 2272 2309 2325 καὶ
2335 2272 2384 2325 οἱ
2408 2270 2717 2342 Μαξιμίνου
2756 2271 2943 2333 παῖδες
2983 2269 3076 2335 οὓς
3112 2271 3211 2343 ἤδη
3248 2273 3341 2326 καὶ
3379 2272 3480 2343 τῆς
3513 2272 3610 2342 βαι

2036 2364 2248 2436 σιλικῆς
2278 2364 2471 2435 τιμῆς,
2515 2366 2613 2436 τῆς
2649 2381 2709 2418 τε
2738 2366 2797 2417 ἐν
2822 2364 3011 2429 πίναξι.
3028 2366 3122 2419 καὶ
3151 2369 3390 2437 γραφαῖς
3417 2366 3609 2420 ἀναθέε

2037 2474 2173 2521 σεως
2210 2456 2471 2527 πεποίητο
2511 2455 2798 2521 κοινωνούς
2818 2473 2832 2486 ·
2879 2458 2973 2511 καὶ
3008 2459 3057 2510 οἱ
3105 2459 3386 2527 συγγενεῖς
3421 2457 3480 2511 δὲ
3514 2459 3605 2512 τοῦ

2032 2549 2293 2617 τυράννου
2317 2546 2377 2601 τὸ
2404 2548 2534 2619 πρὶν
2574 2546 2885 2617 αὐχοῦντες,
2924 2547 3017 2600 καὶ
3051 2547 3257 2611 πάντας
3289 2547 3608 2619 ἀνθρώπους

2036 2636 2518 2691 καταδυναστεύειν
2550 2636 2872 2710 ἐπηρμένοι,
2922 2635 2986 2690 τά
3016 2636 3156 2690 αύτά
3196 2638 3309 2700 τοῖς
3343 2636 3607 2710 προδεδη-

2034 2726 2297 2797 λωμένοις
2339 2727 2476 2799 μετά
2516 2728 2615 2798 τῆς
2649 2728 2883 2799 ἐσχάτης
2913 2729 3134 2800 ἀτιμίας
3174 2729 3448 2800 ἔπασχον,
3486 2732 3608 2784 ἐπεὶ

2038 2818 2114 2890 μὴ
2139 2818 2386 2884 ἐδέξαντο
2413 2818 2657 2873 παιδείαν
2684 2818 2816 2889 (84),
2854 2819 2989 2891 μηδὲ
3028 2819 3270 2887 ἔγνωσαν
3302 2822 3440 2893 μηδὲ
3484 2840 3607 2876 συνι

2033 2911 2173 2983 ἧκαν
2204 2910 2301 2983 τὴν
2335 2909 2649 2981 φάσκουσαν
2676 2912 2735 2964 ἐν
2763 2912 2927 2983 ἱεροῖς
2955 2910 3134 2979 λόγοις
3167 2913 3569 2984 παρακέλευσιν
3587 2928 3603 2946 ο

2041 3023 2059 3057 ι
2079 3003 2170 3076 Μὴ
2203 3004 2489 3057 πεποίθετε
2520 3004 2606 3057 ἐπ’
2635 3004 2929 3076 ἄρχοντας,
2963 3006 3056 3057 ἐπὶ
3099 3008 3244 3070 υἱοὺς
3281 3006 3605 3079 ἀνθρώπων,

379 3089 553 3140 vimus
579 3102 792 3142 summa
823 3103 946 3141 cum
976 3087 1270 3158 ignominia
1296 3089 1535 3158 perpessi
1567 3098 1710 3143 sunt.
1735 3086 1938 3157 Quippe

2037 3090 2115 3159 οἷς
2138 3096 2238 3149 ούκ
2265 3094 2379 3149 ἔστι
2410 3096 2649 3167 σωτηρία
2673 3113 2688 3128 ο
2718 3096 3054 3161 ἐξελεύσεται
3082 3098 3142 3152 τὸ
3184 3098 3398 3170 πνεῦμα
3441 3100 3606 3153 αὐτοῦ

377 3179 470 3247 qui
500 3180 837 3250 disciplinam
876 3194 979 3233 non
1016 3181 1386 3248 accepissent;
1422 3193 1597 3249 neque
1622 3180 1941 3235 admonitio-

378 3286 503 3326 nem
552 3272 697 3325 illam
751 3270 1145 3326 intellexissent
1196 3287 1259 3325 ac
1294 3272 1663 3342 percepissent
1718 3286 1840 3340 quas
1888 3271 1939 3324 in

377 3364 551 3418 sacris
580 3362 804 3418 Litteris
840 3362 918 3416 sic
953 3363 1097 3418 edita
1126 3373 1211 3419 est
1250 3380 1264 3418 :
1304 3379 1324 3413 ι
1367 3361 1543 3417 Nolite
1564 3361 1837 3417 conﬁdere
1887 3360 1943 3415 in

379 3456 734 3525 principibus,
771 3456 824 3509 in
859 3456 983 3511 ﬁliis
1011 3456 1287 3511 hominum
1311 3455 1363 3510 in
1386 3455 1580 3526 quibus
1610 3470 1715 3509 non
1746 3465 1828 3509 est
1853 3469 1944 3509 sa-

377 3550 483 3605 lus.
521 3550 703 3605 Exibit
747 3550 975 3620 Spiritus
1026 3548 1144 3619 ejus
1170 3559 1227 3603 et
1280 3557 1586 3603 revertetur
1628 3547 1683 3600 in
1744 3557 1943 3599 terram

378 3663 531 3703 suam
565 3666 579 3702 :
612 3647 666 3701 in
715 3646 807 3701 illa
861 3646 948 3701 die
1014 3645 1268 3716 peribunt
1337 3658 1527 3700 omnes
1588 3642 1946 3714 cogitationes

378 3753 564 3795 eorum
589 3737 656 3794 ⁸⁸.
689 3756 710 3791 ι
740 3736 830 3792 Sic
854 3736 1015 3807 igitur
1033 3736 1180 3790 omni
1206 3734 1469 3789 malorum
1493 3735 1727 3790 colluvie
1747 3749 1946 3804 expur-

378 3841 526 3899 gata,
566 3828 697 3885 solis
732 3826 1090 3884 Constantino
1112 3839 1177 3881 ac
1226 3825 1437 3880 Licinio
1480 3826 1770 3895 imperium
1802 3824 1947 3894 quod

380 3923 514 3992 ipsis
537 3921 895 3991 competebat,
924 3919 1137 3974 ﬁrmum
1167 3918 1405 3985 nullique
1419 3916 1707 3973 obnoxium
1732 3916 1948 3971 invidiae

378 4013 664 4071 remansit.
688 4012 792 4080 Qui
825 4028 950 4067 cum
978 4011 1368 4066 beneﬁciorum
1423 4023 1543 4079 qua:
1572 4024 1604 4064 a
1635 4009 1745 4062 Deo
1794 4022 1949 4062 acce-

375 4119 570 4181 perant
598 4107 698 4164 sibi
736 4104 938 4161 conscii
986 4112 1190 4168 essent,
1238 4113 1368 4156 ante
1396 4102 1574 4156 omnia
1613 4102 1888 4170 impietate
1916 4113 1948 4154 e

380 4200 563 4255 medio
609 4199 841 4266 sublata,
898 4199 1137 4253 studium
1197 4196 1436 4256 virtutis,
1482 4194 1648 4249 divini
1708 4191 1947 4246 numinis

381 4299 619 4340 amorem
637 4293 691 4339 et
711 4284 985 4354 pietatem,
1004 4290 1326 4354 gratumque
1340 4295 1467 4353 erga
1490 4278 1659 4337 Deum
1680 4281 1944 4349 animum,

381 4376 506 4431 latis
520 4391 619 4447 pro
630 4374 1065 4431 Christianorum
1080 4374 1337 4445 religione
1351 4372 1560 4445 legibus
1571 4370 1939 4430 declararunt.

547 4461 699 4518 Finis
746 4462 866 4517 libri
904 4465 1028 4518 noni
1056 4462 1312 4520 Historia:
1340 4460 1724 4518 ecclesiasticae.

440 4611 489 4648 ⁸⁸
520 4613 660 4670 Psal.
693 4629 879 4681 cum,
908 4612 1033 4670 2-4.

2037 3188 2131 3240 καὶ
2171 3187 2500 3261 ἀποστρέψει
2549 3191 2628 3252 είς
2665 3187 2761 3260 τὴν
2809 3172 2914 3260 γῆν
2956 3191 3119 3245 αὑτοῦ
3146 3208 3158 3220 ·
3214 3194 3270 3245 ἐν
3309 3193 3495 3265 ἐκείνῃ
3542 3198 3607 3266 τῇ

2037 3278 2222 3353 ἡμέρᾳ
2253 3280 2573 3334 ἀπολοῦνται
2619 3281 2817 3346 πάντες
2865 3284 2914 3336 οἱ
2967 3283 3557 3355 διαλογισμοὶλαύτῶν.
3588 3307 3603 3337 ι

2038 3367 2195 3422 υῦτω
2237 3369 2374 3440 δῆτα
2418 3370 2526 3425 τῶν
2569 3370 2841 3425 δυσσεϐῶν
2893 3372 3367 3442 ἐκκαθαρθέντων,
3427 3374 3608 3444 μόνοις

2037 3461 2367 3530 ἐφυλάττετο
2391 3463 2459 3517 τὰ
2480 3467 2579 3537 τῆς
2602 3465 2982 3536 προσηκούης
3017 3466 3291 3535 βασιλείας
3321 3465 3518 3536 βέϐαιά
3551 3484 3606 3521 τε

2038 3554 2130 3606 καὶ
2157 3555 2489 3626 ἀνεπίφθονα
2512 3596 2527 3620 ,
2567 3557 2960 3629 Κωνσταντίνῳ
2998 3560 3092 3612 καὶ
3118 3560 3371 3630 Λικιννίῳ
3390 3576 3405 3590 ο
3450 3561 3501 3613 οἳ
3551 3562 3607 3614 τὸ

2039 3645 2271 3720 πρόσθεν
2318 3648 2567 3703 ἀπάντων
2612 3650 3015 3723 ἐκκαθάραντες
3057 3650 3150 3705 τοῦ
3201 3650 3315 3723 βίου
3351 3653 3452 3725 τὴν
3492 3653 3607 3706 θέο-

2038 3738 2279 3810 εχθρίαν,
2309 3739 2418 3794 τῶν
2463 3742 2528 3794 ἐκ
2559 3741 2693 3795 Θεοῦ
2739 3742 3225 3814 πρυτανευθέντων
3256 3745 3478 3813 ἀγαθῶν
3505 3747 3603 3799 αύο

2038 3832 2152 3892 τοῖς
2195 3829 2512 3902 ᾐσθημένοι,
2560 3831 2621 3885 τὸ
2660 3832 2946 3904 φιλάρετον
2992 3833 3084 3886 καὶ
3127 3834 3407 3903 θεοφιλὲς,
3444 3836 3505 3890 τό
3544 3853 3601 3889 τε

2039 3922 2175 3994 πρὸς
2196 3923 2258 3975 τὸ
2281 3922 2431 3977 Θεϊον
2464 3924 2683 3989 εὐσεὸὲς
2717 3926 2812 3979 καὶ¹
2854 3926 3171 3998 εὐχάριστον
3208 3927 3297 3983 διά
3339 3928 3439 4000 τῆς
3468 3928 3603 4001 ὑπὲρ

2038 4017 2375 4086 Χριστιανῶν
2400 4015 2729 4085 ἐνεδείξαντο
2753 4019 3093 4092 νομοθεσίας.

2104 4439 2283 4510 Τέλος
2326 4442 2435 4497 τοῦ
2478 4441 2536 4502 ,θ’
2591 4438 2963 4579 λόῃαέτοέίίἒ
3009 4438 3551 4511 Ἐκκλησιαστικῆς

371 4772 566 4843 quibus
618 4770 795 4843 colligi
831 4780 1035 4843 potest,
1083 4770 1427 4843 Maximinum
1452 4771 1685 4843 circiter
1709 4768 1927 4843 biennio
1956 4769 2001 4828 D
2030 4784 2131 4824 nus
2154 4768 2701 4843 tamenQuintianum
2722 4768 2903 4821 vertit.
2930 4766 3081 4843 Apud
3097 4765 3461 4843 Nicephorum
3483 4766 3603 4843 Δουι

368 4842 668 4911 Augustum
717 4841 907 4908 fuisse,
959 4858 1083 4897 cum
1111 4841 1220 4910 jam
1262 4854 1421 4897 antea
1444 4857 1513 4896 vn
1562 4841 1719 4895 annis
1748 4841 1929 4911 Caesar

369 4910 594 4979 fuisset;
638 4920 695 4966 et
719 4917 785 4968 ad
812 4929 1012 4967 annum
1040 4913 1239 4968 Christi
1264 4912 1368 4968 '5l5
1406 4912 1731 4979 pervenisse.
1776 4910 1930 4977 Quod

368 4983 534 5053 etiam
561 5000 625 5038 ex
652 4983 894 5050 epistolis
912 4985 1148 5053 ejusdem
1175 4982 1680 5037 demonstravimus.
1707 4980 1937 5053 Proinde

370 5052 558 5120 miror,
609 5054 751 5107 unde
794 5055 846 5108 in
894 5051 1110 5107 Eusebii
1146 5052 1440 5107 Chronicon
1485 5051 1770 5120 irrepserit
1804 5052 1937 5104 adeo

371 5116 553 5189 gravis
579 5136 763 5189 error,
798 5132 856 5175 ιιι
875 5139 1020 5179 mors
1041 5122 1320 5178 Maximini
1341 5132 1468 5176 ante
1500 5116 1698 5177 caedem
1727 5116 1937 5173 Maxen-

372 5192 444 5263 tii
465 5190 750 5263 referatur.
800 5192 952 5258 Quod
986 5194 1203 5263 quidem
1248 5191 1560 5263 Hieronymi
1596 5189 1751 5263 culpa
1786 5204 1935 5263 com—

372 5260 602 5333 missum
647 5261 879 5328 videtur,
925 5258 1121 5333 quippe
1182 5265 1278 5333 qui
1333 5258 1637 5317 Eusebiano
1669 5258 1932 5314 Chronico

373 5329 542 5383 multa
571 5328 637 5385 de
659 5346 757 5385 suo
791 5328 1018 5387 addidit.

442 5398 553 5472 (82)
584 5402 976 5468 Κουλκιανός.
1007 5401 1208 5457 Fuerat
1256 5402 1343 5456 hic
1370 5415 1565 5472 praeses
1620 5398 1934 5472 Thebaidis,

371 5478 432 5523 ut
454 5467 698 5525 testatur
730 5467 1060 5541 Epiphanius
1085 5473 1139 5526 in
1174 5467 1487 5530 haeresi'68.
1513 5485 1633 5541 qua}
1659 5479 1743 5541 est
1777 5467 1938 5521 Mele-

375 5537 787 5612 tianorum,hts'
812 5537 999 5612 verbis
1030 5557 1043 5592 :
1083 5541 1411 5612 Κουλκιανὸς
1456 5537 1555 5612 μὲν
1601 5537 1668 5612 ἦν
1702 5540 1938 5612 ἔπαρχος

370 5610 470 5679 τῆς
520 5607 829 5682 Θηὸαἳδοςοῗ
866 5610 1267 5682 Ἀλεξανδρείας
1325 5613 1382 5666 δέ
1404 5607 1719 5682 ΑἸεροκὶζῆς.
1751 5607 1941 5682 Scribe

373 5677 494 5735 meo
527 5677 764 5748 periculo
794 5677 1217 5744 Κουλκιανόςίιι
1248 5683 1349 5738 hoc
1377 5677 1592 5738 Eusebii
1623 5677 1759 5738 loco.
1792 5677 1943 5734 Ruﬁ-

2035 4838 2222 4905 κιανός
2243 4841 2521 4902 scribitur,
2546 4852 2836 4908 utrumque
2860 4836 3134 4894 mendose.
3156 4836 3445 4908 Culcianus
3464 4839 3600 4890 enim

2036 4910 2322 4966 dicebatur
2359 4912 2448 4965 hic
2491 4924 2712 4974 praeses,
2752 4907 2818 4962 ut
2865 4921 3059 4974 praeter
3089 4907 3383 4963 Eusebiqu
3412 4907 3602 4963 docent

2032 4982 2168 5035 Acta
2195 4982 2464 5049 passionis
2492 4978 2695 5034 Philete
2719 4978 2993 5049 martyris.

2104 5044 2242 5120 (83)
2274 5052 2621 5105 Θεότεκνον.
2648 5049 2757 5120 __De
2809 5044 2911 5120 hoc
2975 5047 3290 5120 Theotecnp
3317 5044 3606 5120 Eusebius

2030 5113 2192 5189 supra
2218 5123 2271 5176 in
2302 5124 2404 5175 hoc
2436 5121 2594 5173 libro.
2644 5117 2797 5172 Hunc
2838 5115 3203 5172 ‘l‘heotecnum
3233 5115 3454 5189 Galerio
3496 5113 3604 5169 Ma—

2029 5188 2271 5246 ximiano
2327 5191 2666 5260 persuasisse
2730 5199 2788 5241 ut
2847 5191 3276 5260 persecutionem
3328 5188 3604 5260 adversus

2030 5254 2373 5316 Christianos
2402 5262 2728 5325 institueret,
2759 5254 2949 5313 scribit
2977 5257 3281 5313 Cedrenus.
3323 5254 3604 5325 Sedgfalli-

2035 5340 2144 5395 tur,
2173 5332 2299 5385 dum
2323 5330 2596 5385 Galerium
2624 5323 3006 5381 Masimianum
3048 5342 3145 5397 pro
3174 5326 3394 5382 Galerio
3440 5323 3605 5397 Maxi-

2034 5401 2182 5471 mino
2208 5402 2447 5468 accepit,
2485 5400 2578 5471 qui
2621 5398 2881 5454 solemnis
2914 5407 2997 5451 est
3036 5395 3192 5453 error
3244 5395 3601 5451 recentiorum

2034 5467 2377 5609 (j’rfgiiniiii
2416 5532 2697 5603 ἐδέξάντο
2723 5535 3017 5609 παιδείαν.
3044 5535 3297 5609 .Locutio
3328 5545 3603 5609 estsaepe

2039 5602 2361 5678 Scriptura).
2387 5610 2478 5663 Sic
2507 5611 2558 5662 in
2600 5610 2805 5675 psalmo
2831 5623 2862 5661 ιι
2888 5623 2918 5678 γε
2960 5607 3343 5678 Apprelteudile
3377 5602 3602 5678 disciplis

2041 5674 2186 5746 nam,
2208 5690 2263 5734 et
2291 5674 2668 5735 innumerisin
2695 5679 2829 5734 locis
2860 5674 3069 5734 Veteris
3090 5674 3461 5733 ltistrumwti.
