3858 6260
236 290 338 348 845

1252 297 1602 356 HISTORIA]
1639 300 2199 358 ECCLESIASTICIE
2235 302 2361 357 LIB.
2411 303 2475 358 Χ.

3383 321 3488 376 846

236 385 332 458 μὲν
364 386 427 456 δὴ
461 387 579 440 καθ’
605 387 662 441 ὃν
695 389 988 461 δεδήλωται
1013 391 1233 464 τρόπον,
1267 398 1375 447 πᾶν
1406 396 1470 448 τὸ
1499 397 1606 451 τῶν
1635 397 1784 468 θεομι

1912 399 1979 452 ad
2018 398 2152 453 ﬁnes
2182 409 2361 455 terra}.
2391 400 2589 455 Arcum
2639 411 2899 469 conteret,
2952 408 3257 480 confringet
3312 429 3455 469 arma

234 481 340 534 σῶν
375 481 530 548 γένος
551 521 566 542 ,
603 483 695 535 καὶ
726 483 826 553 τῆς
859 485 1155 556 ἀνθρώπων
1187 486 1396 558 ἀθρόως
1435 488 1608 558 ὂψεως
1636 489 1802 553 οὕτως

230 572 600 642 ἐξαλήλειπτο,
649 575 724 636 ὡς
769 575 929 627 πάλιν
977 577 1128 647 ῥῆμα
1179 577 1318 630 Θεῖον
1364 579 1512 643 τέλος
1556 580 1698 651 ἔχειν
1745 581 1805 633 τὸ

230 664 414 732 λέγον·
455 660 646 717 «Εἶδον
689 667 859 736 ἀσεϐῆ
898 668 1342 739 ὑπεροψούμενον
1383 672 1474 723 καὶ
1508 671 1805 743 ἐπαιρόμε-

228 774 312 810 νον
346 755 422 819 ὡς
463 757 562 818 τὰς
603 757 824 828 κέδρους
857 758 950 811 τοῦ
984 760 1216 812 Λιϐάνου
1239 779 1252 791 ·
1284 763 1376 813 καὶ
1411 763 1682 834 παρῆλθον
1710 763 1803 816 καὶ

231 846 333 899 ξδοὺ
381 846 482 899 οὐκ
525 843 626 916 ἦν,
673 849 766 901 καὶ
805 848 1044 920 ἐζήτησα
1074 852 1163 904 τὸν
1196 852 1358 905 τόπον
1385 852 1547 904 αὑτοῦ
1579 853 1672 905 καὶ
1707 854 1802 923 οὐχ

227 938 420 1008 εὑρέθη
441 956 456 968 ο
483 958 501 990 ›
536 941 716 1010 ήμέρα
749 941 805 994 δὲ
836 941 1016 995 λοιπὸν
1054 945 1152 1014 ἤδη
1197 944 1396 1015 φαιδρὰ
1427 947 1521 998 καὶ
1551 945 1797 1018 διαυγὴς,

231 1032 447 1102 μηδενὸς
477 1033 674 1102 νέᾳους
701 1035 866 1106 αὐτὴν
893 1037 1318 1101 ἐπισκιάζοντος,
1347 1040 1521 1106 φωτὸς
1551 1040 1797 1110 οὐρανίου

228 1125 399 1192 βολαῖς
435 1126 542 1179 ἀνά
587 1127 684 1197 τὴν
717 1127 1039 1200 οἰκουμένην
1073 1129 1287 1183 ἃπασαν
1322 1134 1440 1193 ταῖς
1484 1133 1797 1202 ἐκκλησίαις

225 1216 310 1270 τοῦ
340 1216 578 1288 Χριστοῦ
621 1219 963 1290 κατηύγαζεν
983 1260 996 1285 ,
1032 1222 1152 1275 οὐδὲ
1184 1240 1268 1285 τις
1295 1217 1362 1292 ἦν
1391 1225 1481 1276 καὶ
1515 1226 1625 1287 τοῖς
1663 1223 1794 1290 ἔξω·

225 1307 308 1360 Οεν
335 1308 426 1360 τοῦ
457 1309 582 1361 καθ’
609 1312 756 1380 ἡμᾶς
790 1311 977 1365 Οιάσου
1011 1313 1203 1380 φθόνος
1233 1315 1365 1385 (89),
1388 1315 1795 1370 ,συναπολαύειν

223 1403 346 1470 ήμῖν
377 1399 487 1452 τῶν
523 1401 651 1454 ἴσων
685 1401 824 1471 (90),
861 1403 1141 1474 ἀπορροῆς
1172 1405 1217 1457 δ’
1247 1400 1339 1458 οὖν
1366 1406 1512 1475 ὅμως
1543 1407 1637 1457 καὶ
1673 1422 1799 1474 μετ-

223 1499 396 1562 ουσίας
421 1499 536 1552 τῶν
569 1499 750 1553 ΘεόΟεν
785 1503 916 1571 ἡμῖν
948 1501 1445 1572 πρυτανευοέντων.

1910 499 1964 544 et
1989 501 2137 544 scuta
2164 492 2447 546 comburet
2475 491 2596 560 igne
2624 493 2688 545 ⁸ο.
2715 512 2732 544 ι
2760 494 2890 560 Quae
2918 511 3040 552 cum
3072 503 3252 556 omnia
3288 509 3486 561 nostris

1913 588 2248 656 temporibus
2271 588 2557 644 manifeste
2595 592 2859 661 completa
2904 593 3032 658 sint,
3072 594 3178 649 laeti
3225 600 3484 670 deinceps

1913 690 1967 732 et
1991 679 2368 748 gratulabundi
2396 682 2760 736 narrationem
2799 694 3037 739 nostram
3069 703 3481 759 prosequamur.

1911 771 1991 823 Ad
2032 771 2174 825 hunc
2226 772 2387 841 igitur
2433 789 2593 842 quem
2653 775 2892 830 diximus
2953 779 3169 832 modum
3228 782 3480 837 lllllVC‘l'S-l

1909 865 2075 932 stirps
2100 863 2335 919 hostium
2370 865 2461 921 Dei
2506 866 2749 922 funditus
2773 871 2956 924 excisa
2998 881 3052 924 et
3081 886 3145 926 ex
3202 875 3478 928 hom'nun.

1912 964 2201 1022 conspectu
2230 955 2411 1011 subito
2449 959 2657 1013 sublata
2690 970 2805 1027 est;
2835 963 2908 1015 ita
2939 973 2999 1017 ut
3024 979 3210 1019 rursus
3239 966 3476 1020 divinum

1909 1045 2035 1098 illud
2079 1049 2443 1117 compleretur
2498 1054 2778 1108 oraculum
2809 1055 2951 1124 quod
3008 1059 3088 1112 sic
3139 1059 3254 1115 ait;
3298 1079 3316 1110 ι
3359 1060 3476 1114 Vidi

1908 1138 2129 1206 impium
2189 1141 2651 1210 superexaltatum
2690 1155 2744 1200 et
2780 1146 3049 1202 elevatum
3098 1150 3238 1204 sicut
3283 1152 3478 1207 cedros

1905 1228 2116 1287 Libani.
2149 1231 2212 1285 Et
2253 1233 2554 1301 transivi,et
2585 1250 2710 1291 ecce
2743 1254 2848 1290 non
2874 1249 2992 1292 erat
3025 1258 3038 1293 :
3067 1250 3120 1294 et
3145 1244 3368 1310 quaesivi
3400 1244 3479 1299 lo-

1903 1335 2027 1373 cum
2055 1321 2247 1393 ejus,et
2275 1339 2382 1378 non
2418 1335 2500 1380 est
2545 1328 2793 1382 inventus
2825 1329 2891 1386 “.
2928 1349 2949 1382 ›
2981 1329 3208 1400 Jamque
3235 1333 3352 1388 dies
3387 1353 3474 1392 se-

1905 1426 2071 1466 renus
2101 1429 2165 1467 ac
2219 1414 2472 1483 liquidus,
2523 1417 2667 1472 nulla
2700 1420 2933 1489 amplius
3001 1422 3143 1476 nube
3207 1423 3470 1490 fuscatus,

1899 1502 2176 1559 Ecclesias
2196 1504 2400 1560 Christi
2431 1518 2542 1563 toto
2576 1511 2710 1565 orbe
2773 1509 2995 1566 diffusas
3051 1515 3288 1570 emlestis
3331 1516 3472 1571 lucis

222 1596 500 1664 splendore
538 1597 867 1651 illustrahat.
903 1593 1236 1668 Licebatque
1273 1599 1344 1653 iis
1394 1598 1558 1652 etiam
1595 1597 1686 1666 qui
1736 1613 1765 1651 a
1800 1607 1939 1653 coetu
1971 1598 2245 1670 religionis
2279 1612 2476 1657 nostrm
2535 1605 2695 1659 alieni
2754 1618 2958 1672 essent,
3013 1611 3060 1662 si
3110 1624 3216 1663 non
3283 1611 3469 1666 iisdem

223 1692 320 1744 frui
356 1693 662 1758 nobiscum,
697 1693 859 1764 370
904 1705 959 1748 at
994 1703 1140 1750 certe
1169 1704 1375 1764 partem
1435 1694 1672 1763 aliquam
1708 1704 1761 1748 et
1800 1695 1953 1763 quasi
1979 1693 2230 1751 elliuxnnt
2275 1698 2555 1767 percipere
2578 1715 2769 1754 eorum
2826 1702 3091 1757 bonorum
3141 1718 3260 1773 qua:
3313 1704 3470 1759 nobis

223 1799 251 1838 a
279 1783 382 1840 Dee
415 1785 639 1840 fuerant
663 1797 977 1856 procurata.

754 1883 1150 1938 ΚΕΦΑΛΑῙΟΝ
1178 1883 1252 1936 B'.
1293 1911 1298 1914 -

221 1974 350 2042 Περὶ
388 1973 506 2043 τῆς
567 1973 1063 2044 τῶνξὲκχλησιῶν
1106 1976 1489 2038 ἀνανεΐλ-εως
1542 1973 1681 2044 (Nic.
1718 1974 1788 2033 11,

956 2061 1049 2110 vn,
1081 2045 1196 2116 40).

282 2137 420 2191 Πᾶσι
451 2137 556 2208 μὲν
598 2134 689 2192 οὖν
723 2137 1028 2210 ἀνθρώποις
1056 2138 1123 2192 τά
1161 2140 1224 2190 ἐκ
1251 2141 1351 2209 τῆς
1378 2137 1486 2190 τῶν
1513 2139 1792 2210 τυράννων

220 2230 678 2294 καταδυναστείας
735 2229 996 2302 ἐλεύθερα
1049 2226 1149 2301 ἦν,
1202 2231 1296 2284 καὶ
1351 2230 1458 2282 τῶν
1516 2229 1794 2302 προτέρων

220 2321 619 2392 ἀπηλλαγμένοι
646 2322 850 2386 κακῶν,
879 2321 1035 2386 ἄλλος
1062 2321 1236 2385 ἄλλως
1262 2321 1428 2411 μόνον
1457 2320 1631 2390 ἀληθῆ
1661 2319 1793 2372 Θεὸν

219 2414 299 2466 τὸν
337 2415 439 2466 τῶν
486 2415 732 2468 εὐσεϐῶν
777 2416 1091 2486 ὑπερμαχον
1134 2413 1432 2486 ὡμολόγει,
1479 2414 1715 2484 μάλιστα
1748 2413 1791 2464 δ’

218 2507 337 2575 ἡμῖν
377 2508 492 2570 τοῖς
547 2507 638 2560 ἐπὶ
682 2507 770 2559 τὸν
813 2508 1043 2578 Χριστὸν
1090 2506 1184 2560 τοῦ
1235 2506 1372 2559 Θεοῦ
1419 2505 1517 2569 τὰς
1571 2504 1792 2566 ἐλπίδας

217 2598 602 2670 ἀνηρτημένοις
636 2598 858 2662 ἄλεκτος
882 2599 1064 2670 παρῆν
1091 2597 1392 2670 εὐφροσύνη
1418 2637 1433 2662 ,
1468 2596 1561 2650 καί
1593 2613 1674 2660 τις
1705 2595 1789 2648 ἔν-

216 2689 324 2754 θεος
352 2692 560 2744 ἅπασιν
595 2691 816 2762 ἐπήνθει
847 2691 1011 2762 χαρὰ,
1052 2691 1229 2745 πάντα
1258 2690 1420 2744 τόπον
1446 2689 1536 2742 τὸν
1567 2687 1672 2759 πρὸ
1705 2705 1792 2758 μι-

217 2783 337 2854 κροῦ
381 2786 509 2845 ταῖς
546 2781 654 2835 τῶν
689 2783 963 2853 τυράννων
997 2781 1331 2846 δυσσεϐείαις
1392 2779 1787 2851 ὴρειπωμένον,

215 2875 388 2948 ὥσπερ
431 2879 508 2929 ἐκ
549 2877 764 2947 μακρᾶς
797 2877 892 2929 καὶ
925 2876 1296 2947 θανατηφόρου
1347 2875 1522 2946 λύμης
1561 2873 1791 2928 ἀναϐιώ-

216 2985 398 3021 σχοντα
426 2968 754 3039 Θεωμένοις,
790 2967 924 3032 νεώς
950 2986 1008 3021 τε
1040 2964 1195 3030 αὖθις
1226 2969 1288 3020 ἐκ
1316 2966 1532 3038 βάθρων
1557 2969 1634 3029 εἰς
1658 2965 1789 3037 ὕψος

214 3059 420 3132 ἄπειρον
440 3060 854 3131 ἐγειρομένους,
877 3060 972 3113 καὶ
994 3059 1125 3112 πολὺ
1149 3060 1430 3129 κρείττονα
1448 3059 1544 3130 τήν
1563 3059 1788 3128 ἀγλαΐαν

216 3152 312 3205 τῶν
343 3153 511 3206 πάλαι
541 3153 874 3223 πεπολιορκη
885 3152 1058 3222 μένων
1085 3151 1585 3222 ἀπολαμϐάνοντας.
1630 3153 1788 3206 Ἀλλά

218 3245 304 3296 καὶ
345 3243 600 3314 βασιλεῖς·
627 3245 677 3297 οἱ
724 3245 981 3298 ἀνωτάτω
1033 3245 1277 3314 συνεχέσι
1316 3249 1433 3309 ταῖς
1473 3247 1612 3317 ὑπὲρ
1654 3248 1787 3318 Χρι-

222 3338 433 3390 στιανῶν
459 3336 826 3409 νομοθεσίαις,
872 3337 940 3391 τὰ
980 3336 1080 3408 τῆς
1116 3338 1180 3390 ἐκ
1209 3337 1342 3390 Θεοῦ
1377 3338 1784 3410 μεγαλοδωρεᾶς

219 3427 336 3498 ἡμῖν
363 3429 438 3492 εἰς
473 3428 686 3500 μακρὸν
718 3427 796 3480 ἔτι
825 3427 920 3480 καὶ
952 3426 1134 3497 μεῖζον
1169 3428 1479 3499 ὲκράτυνον,
1510 3428 1698 3496 ἐφοίτα
1727 3428 1784 3480 δὲ

219 3520 304 3573 καὶ
348 3522 425 3584 εἰς
469 3521 764 3592 πρόσωπον
803 3520 1121 3584 ἐπισκόποις
1159 3519 1419 3590 βασιλέως
1457 3521 1780 3591 γράμματα,

218 3612 302 3663 καὶ
328 3613 479 3682 τιμαὶ
509 3611 609 3666 καὶ
635 3612 932 3683 χρημάτων
973 3611 1148 3675 δόσεις
1166 3628 1179 3641 ’
1217 3604 1291 3665 ὧν
1320 3613 1419 3665 οὐκ
1444 3612 1550 3664 ἀπὸ
1581 3612 1780 3684 τρόπου

219 3704 395 3770 γένοιτ’
425 3705 490 3758 ἂν
527 3704 670 3758 κατὰ
710 3705 800 3758 τὸν
833 3705 1177 3776 προσήκοντα
1221 3704 1411 3775 καιρὸν
1455 3703 1548 3757 τοῦ
1598 3704 1778 3772 λόγου,

219 3793 390 3868 ὥσπερ
417 3798 473 3849 ἐν
511 3798 635 3868 ἱερᾷ
666 3796 862 3868 στήλῃ,
895 3796 1019 3866 τῇδε
1051 3798 1116 3866 τῇ
1149 3795 1344 3865 βίϐλῳ,
1376 3793 1472 3858 τὰς
1498 3794 1682 3864 φωνὰς
1715 3797 1779 3848 ἐκ

219 3886 305 3957 τῆς
341 3889 626 3959 Ῥωμαίων
657 3889 748 3941 ἐπὶ
768 3887 864 3958 τὴν
899 3887 1120 3942 Ἐλλάδα
1149 3887 1398 3956 γλῶσσαν
1425 3885 1780 3957 μεταληφοεί-

220 3994 308 4041 σας
334 3979 650 4053 ἐγχαράξαι,
684 3981 758 4044 ὡς
786 3980 851 4034 ἂν
884 3982 977 4034 καὶ
1008 3984 1117 4043 τοῖς
1155 3979 1272 4052 μεθ’
1305 3982 1450 4050 ἡμᾶς
1480 3979 1649 4032 ἅπασι
1679 3978 1776 4046 φέ-

221 4085 380 4140 ροιντο
410 4073 497 4126 διὰ
531 4073 771 4142 μνήμης.

2523 1887 2748 1942 CAPUT
2779 1888 2841 1941 ll.

2247 1979 2320 2033 De
2341 1980 2724 2034 instauratione
2762 1983 3118 2037 ecclesiarum.

1969 2134 2036 2188 Et
2062 2136 2240 2189 cuncti
2265 2135 2483 2205 quidem
2515 2137 2770 2191 mortales
2813 2140 3111 2210 tyrannica:
3139 2140 3466 2195 dominatio-

1898 2227 1983 2281 nis
2016 2227 2333 2295 impotentia
2362 2226 2600 2290 liberati,
2638 2243 2828 2284 secure
2876 2231 3106 2300 agebant
3148 2253 3162 2286 :
3201 2234 3468 2302 malisque

1897 2320 2088 2388 quibus
2125 2329 2284 2374 antea
2313 2320 2696 2388 premebantur
2728 2322 2909 2389 soluti,
2937 2323 3100 2378 Deum
3129 2327 3220 2394 qui
3255 2325 3462 2394 piorum

1896 2421 2265 2482 pr0pugnator
2290 2413 2611 2477 exstitisset,
2642 2413 2813 2468 solum
2843 2431 2968 2472 vere
3000 2419 3166 2474 Deum
3201 2435 3322 2474 esse
3342 2421 3432 2487 qui
3453 2450 3466 2460 -

1894 2507 1997 2560 bus
2041 2508 2266 2576 quisque
2323 2516 2538 2576 poterat
2584 2509 2762 2563 verbis
2816 2511 3237 2565 confitebantur.
3298 2511 3464 2567 Nobis

1894 2614 2024 2654 vero
2049 2602 2317 2670 praecipue
2347 2602 2434 2670 qui
2460 2617 2608 2670 spem
2635 2620 2846 2658 omnem
2895 2606 2946 2658 in
2976 2603 3198 2660 Christo
3233 2608 3462 2675 positam

1889 2691 2176 2756 habemus,
2215 2692 2548 2748 incredibilis
2579 2697 2822 2763 quazdam
2851 2697 3022 2752 inerat
3049 2697 3256 2760 hetitia,
3294 2708 3350 2750 et
3375 2699 3455 2752 di-

1894 2781 2015 2834 vina
2044 2782 2292 2849 quaedam
2335 2783 2584 2838 hilaritas
2609 2784 2659 2838 in
2687 2787 2926 2839 omnium
2969 2787 3115 2839 vultu
3143 2789 3415 2842 emicabat
3443 2806 3460 2854 ;

1893 2892 2012 2928 cum
2043 2876 2157 2929 loca
2189 2887 2386 2930 cuncta
2428 2893 2547 2946 qua:
2600 2890 2950 2949 tyrannorum
2995 2879 3248 2949 impietas
3298 2884 3460 2952 paulo

1892 2977 2018 3019 ante
2045 2967 2352 3028 subruerat,
2388 2978 2642 3038 tanquam
2680 2985 2745 3024 ex
2775 2970 3032 3025 diuturna
3087 2988 3150 3026 ac
3201 2976 3456 3042 pestifera

1892 3057 2011 3112 labe
2055 3059 2382 3113 reviviscere
2442 3061 2794 3116 videremus:
2833 3061 3137 3130 templaque
3192 3079 3379 3118 rursus
3429 3084 3459 3117 ει

1890 3151 2004 3203 solo
2034 3151 2087 3203 in
2113 3151 2429 3205 immensam
2460 3153 2795 3207 altitudinem
2814 3155 2973 3222 erigi,
2993 3165 3046 3208 et
3065 3155 3221 3224 longe
3251 3156 3460 3225 majore

1887 3242 2034 3295 cultu
2064 3257 2128 3296 ac
2157 3243 2444 3312 splendore
2473 3260 2634 3313 quam
2666 3245 2754 3298 illa
2804 3262 2922 3313 qua:
2959 3247 3106 3315 prius
3152 3259 3458 3316 expugnata

1813 3315 1854 3372 (ἶ
1889 3335 2117 3389 fuissent
2147 3336 2427 3389 nitescere.
2455 3335 2593 3400 Quin
2637 3337 2799 3389 etiam
2854 3337 2952 3406 ipsi
3001 3353 3177 3391 rerum
3229 3339 3455 3402 domini,

1887 3428 2093 3482 crebris
2123 3442 2220 3496 pro
2271 3426 2706 3482 Christianorum
2767 3428 3024 3498 religione
3079 3429 3285 3500 legibus
3331 3445 3444 3499 pro-

1889 3520 2142 3588 mulgatis
2171 3520 2338 3575 divini
2383 3535 2512 3591 erga
2555 3536 2652 3575 nos
2696 3521 2944 3576 beneﬁcii
2997 3523 3459 3591 magniﬁcentiam

1889 3612 2305 3677 conﬁrmantes,
2362 3629 2655 3682 prorogare
2701 3615 2832 3669 illud
2913 3625 3073 3683 atque
3126 3616 3455 3686 ampliﬁcare

1887 3705 2228 3759 studuerunt.
2256 3704 2474 3759 Littera:
2503 3720 2718 3774 quoque
2747 3706 2815 3759 ad
2859 3707 3141 3776 episcopos
3178 3708 3327 3778 ipsos
3357 3726 3455 3763 no-

1886 3794 2129 3846 minatim
2178 3795 2490 3864 perscripta:
2545 3805 2670 3849 sunt
2707 3797 2773 3850 ab
2825 3796 3182 3866 imperatore;
3223 3799 3456 3854 honores

1885 3886 2027 3938 auc-ti
2060 3895 2114 3938 et
2144 3886 2384 3953 pecuniae
2415 3888 2645 3938 donatae.
2690 3886 2927 3952 Quarum
2972 3888 3191 3956 quidem
3242 3890 3452 3950 littera~

1889 3990 2003 4027 rum
2041 3976 2203 4028 verba
2232 3991 2296 4029 ex
2326 3975 2518 4030 Latina
2545 3977 2721 4044 lingua
2765 3977 2817 4030 iu
2849 3977 3110 4034 .Gra'cum
3146 3994 3450 4033 sermonem

1889 4065 2168 4128 translata,
2220 4067 2272 4119 in
2329 4067 2428 4122 hoc
2493 4067 2629 4121 libro
2689 4076 2946 4136 tanquam
3006 4069 3058 4122 in
3105 4079 3450 4124 sacrosancta

219 4162 430 4227 quadam
479 4163 661 4216 tabula
725 4172 1027 4232 opportune
1070 4162 1370 4217 inscribere
1406 4175 1512 4214 non
1559 4160 1795 4214 alienum
1840 4161 1967 4225 erit,
2023 4170 2079 4214 ut
2127 4160 2365 4214 omnium
2388 4160 2478 4228 qui
2509 4170 2630 4229 post
2661 4162 2773 4216 haec
2801 4165 3006 4216 venturi
3036 4175 3160 4217 sunt
3183 4174 3454 4232 perpetua:

220 4255 476 4310 memorise
514 4257 984 4310 commendantur.

731 4347 1124 4400 ΚΕΦΑΛΔΙΟΝ
1168 4347 1241 4398 Γ’.

347 4440 482 4507 Περὶ
526 4437 661 4508 τῶν·Β
679 4437 828 4491 κατὰ
864 4437 1061 4492 πάντα
1093 4441 1279 4491 τόπον
1316 4437 1636 4506 enutriun-

693 4508 830 4576 (Nic.
858 4508 926 4561 11.
959 4508 1024 4562 E.
1053 4510 1284 4576 “1,40).

287 4595 406 4650 Ἐπὶ
437 4599 493 4652 δὲ
521 4599 756 4662 τούτοις,
804 4598 866 4651 τὸ
909 4603 1072 4652 πᾶσιν
1113 4601 1358 4652 εὐκταῖον
1389 4601 1520 4669 ἡμῖν
1554 4597 1644 4650 καὶ
1677 4613 1762 4649 πο

279 4691 320 4722 ⁶⁰
338 4692 602 4758 Psal.xt.v,
628 4694 682 4758 9,
711 4695 797 4749 iO.
849 4680 915 4725 ’⁸³
937 4693 1078 4750 Psal.
1100 4710 1280 4760 xxxvr,
1305 4694 1395 4760 55,
1421 4693 1509 4747 56.

2494 4340 2720 4397 CAPUT
2748 4340 2828 4394 Ill.

2096 4435 2172 4489 De
2201 4437 2535 4489 ecclesiarum
2577 4425 2766 4501 ubique
2797 4432 3238 4490 dedicatiouibus.

1957 4593 2080 4649 Post
2116 4595 2228 4648 inec
2252 4593 2487 4648 votivum
2520 4593 2678 4647 nobis
2704 4609 2770 4649 ac
2817 4589 3180 4648 desideratum
3230 4605 3446 4664 Specta.

282 4784 387 4857 (8‘))
421 4787 571 4840 Οὺδέ
623 4805 711 4853 τις
759 4784 838 4857 ἦν
884 4788 1003 4853 τοῖς
1054 4789 1274 4854 ἔξωθεν
1304 4789 1408 4857 τοῦ
1459 4789 1586 4843 καθ’
1618 4787 1776 4857 ἡμᾶς

1897 4795 2027 4852 mnt,
2046 4794 2105 4838 ut
2133 4792 2346 4838 constet
2374 4799 2534 4857 quam
2559 4783 2782 4857 arduum
2802 4782 2888 4857 _sit
2909 4797 2972 4835 ac
3001 4783 3221 4857 minime
3251 4783 3450 4850 ωοοιί-

225 4853 416 4926 θιάσου
445 4860 686 4924 φθόνος.
724 4853 915 4911 Mirum
948 4870 1030 4912 est
1073 4862 1211 4913 hanc
1248 4853 1498 4926 loquendi
1543 4853 1770 4913 formam

225 4923 282 4974 ab
308 4923 690 4995 interpretibus
729 4929 1056 4982 intellectam
1101 4945 1207 4982 non
1246 4923 1431 4983 fuisse.
1464 4929 1596 4982 Nam
1622 4929 1773 4982 Ruti-

224 4997 551 5068 nusquidcm
593 4999 661 5050 ita
701 4999 906 5050 vertit:
939 4998 1048 5051 Nec
1086 5016 1304 5068 usquam
1333 5001 1425 5067 qui
1464 5000 1575 5053 ltwc
1621 5000 1773 5051 aliter

225 5065 479 5128 aspiceret,
506 5067 695 5119 lividus
728 5079 994 5134 supererat
1030 5065 1231 5121 oculus.
1268 5065 1517 5121 Ruﬁnum
1553 5079 1772 5122 secutus

224 5143 296 5206 est
331 5134 618 5191 Masculus.
661 5137 1194 5206 '(Ihristophorsonus
1237 5155 1365 5192 vero
1417 5138 1575 5204 paulo
1612 5139 1770 5192 aliter

223 5200 593 5276 interpretatus
619 5219 702 5260 est
746 5209 847 5261 hoc
874 5200 1030 5260 modo
1062 5227 1074 5260 :
1113 5227 1130 5258 ι
1166 5207 1271 5261 Nec
1300 5200 1592 5276 gentilibus
1624 5210 1770 5261 hunc

226 5274 730 5346 nostruuriusignem
755 5279 1082 5344 triumphum
1109 5278 1247 5332 Deus
1280 5274 1490 5330 invidit.
1519 5297 1537 5327 ι
1565 5279 1643 5330 Ex
1665 5294 1771 5346 quo

225 5354 430 5416 apparet
454 5344 594 5416 illum
626 5362 807 5399 Vocem
831 5347 1015 5399 Οίασον
1040 5364 1136 5414 pro
1165 5348 1427 5413 triumpho
1452 5344 1767 5416 sumpsisse,

225 5419 273 5486 et
305 5415 710 5486 verbaliusebii
747 5419 816 5469 ita
849 5420 1215 5472 cuustruxisse
1245 5433 1258 5468 :
1291 5417 1481 5486 φθόνος
1503 5415 1596 5470 τοῦ
1647 5417 1768 5470 καο’

230 5479 770 5556 ἡμᾶς’-θιάσου·νριιηι
828 5488 897 5540 ita
956 5490 1129 5556 potius
1193 5479 1551 5541 conétrueuda
1618 5489 1766 5541 sint:

227 5553 327 5627 rei;
347 5551 536 5627 ἔξωθεν
559 5555 650 5607 τοῦ
675 5556 794 5608 καθ’
823 5551 969 5627 ἡμᾶς
998 5558 1206 5620 Οιάσου,
1237 5557 1286 5609 id
1313 5568 1396 5610 est
1426 5559 1698 5611 extraneis
1718 5568 1772 5609 et

227 5621 406 5673 alienis
435 5638 461 5673 a
495 5627 592 5692 lide
627 5638 822 5679 nostra.
845 5621 988 5692 'Quts
1018 5645 1118 5681 non
1154 5628 1380 5679 miretur
1405 5638 1481 5680 tot
1505 5643 1567 5680 ac
1595 5638 1770 5680 tantos

227 5691 573 5765 erroresllile
594 5691 1063 5762 certejamtaulet,
1099 5707 1177 5750 tot
1197 5699 1388 5750 urenda
1420 5699 1768 5765 interpretum

230 5769 426 5816 notare.
463 5763 587 5826 Quae
622 5776 794 5821 tamen
847 5769 1031 5824 lectori
1085 5769 1155 5823 ob
1197 5768 1381 5823 oculos
1425 5763 1769 5836 prouenenda

1880 4872 1962 4920 ve,
2029 4858 2081 4908 in
2117 4854 2356 4922 antiquis
2398 4852 2758 4920 scriptoribus
2801 4852 3220 4919 interpretandis
3263 4869 3448 4905 verum

1877 4927 2076 4993 ubique
2102 4939 2322 4977 sensum
2349 4924 2588 4992 assequi.

1950 4989 2062 5065 (907)
2095 4989 2550 5053 Συγαπολαύεὶν
2572 4991 2714 5060 ἡμῖν
2736 4989 2858 5065 τῶν
2889 4991 3058 5065 ἴσων,
3090 4991 3243 5065 Hunc
3273 4991 3446 5044 locum

1878 5061 1978 5121 nec
2011 5064 2284 5118 Musculus
2329 5079 2429 5116 nec
2477 5061 3003 5129 Christophorsouus
3040 5062 3446 5115 intellexerunt.
3493 5094 3513 5118 ρ

1880 5139 1971 5190 Sic
2005 5144 2183 5188 autent
2213 5133 2582 5186 emendamlus
2623 5141 2706 5202 est
2732 5149 2758 5202 _:
2803 5131 3193 5184 συναπολαύειν
3233 5134 3364 5202 ἡμῖν
3401 5135 3450 5185 εξ

1883 5206 1957 5277 μὴ
1988 5204 2096 5256 τῶν
2121 5203 2269 5277 ἴσων,
2310 5204 2587 5272 ἀπορροῆς
2627 5201 2671 5252 δ’
2701 5197 2792 5257 οὖν
2816 5202 2988 5271 ὅμως,
3017 5213 3226 5277 et__post
3255 5197 3445 5277 vocer»:

1877 5272 2350 5347 πρυτανευθέντων
2397 5277 2690 5324 ﬁniendum
2727 5283 2811 5347 est
2848 5287 3030 5341 caput.
3065 5273 3178 5347 Non
3209 5273 3449 5338 cujusvis

1876 5341 1997 5400 erat
2049 5347 2190 5397 hunc
2221 5345 2392 5396 locum
2429 5347 2740 5395 emendare.
2773 5341 3129 5406 Quamobrem
3161 5342 3448 5410 ignoscen—

1879 5419 2003 5467 dum
2058 5425 2140 5466 est
2198 5411 2690 5478 Christophorsono
2743 5422 2796 5464 et
2839 5411 3101 5475 Musculo,
3146 5413 3233 5478 qui
3263 5429 3443 5465 veram

1880 5481 2192 5546 hujus’loci
2249 5483 2682 5534 emelulutionem
2741 5498 2842 5534 non
2892 5485 3163 5535 viderunt.
3217 5481 3448 5534 lluﬁnus

1879 5556 2095 5623 quidem
2159 5553 2232 5605 ita
2284 5553 2513 5623 videtur“
2555 5551 2768 5623 legisse,
2817 5562 2975 5618 prout
3018 5551 3443 5623 emendzuinius.

1881 5621 1972 5678 Sic
2012 5626 2154 5676 enim
2195 5621 2399 5675 vertit:
2432 5638 2450 5671 ι
2484 5621 2588 5673 Sed
2634 5623 2814 5673 cuncti
2855 5621 3108 5673 tnortales
3155 5622 3448 5687 tyrannicus

1878 5711 1997 5763 quae
2025 5693 2356 5760 praeterierat
2385 5689 2721 5745 crudelitatis
2749 5691 2994 5752 horrore,
3035 5691 3198 5743 etiam
3228 5692 3270 5744 si
3309 5708 3444 5747 non:

1880 5775 2007 5819 dum
2044 5765 2171 5830 ﬁde,
2201 5763 2338 5817 votis
2373 5774 2546 5815 tamen
2581 5776 2698 5828 qum
2738 5770 2916 5815 nostra
2951 5773 3073 5821 sunt
3113 5763 3445 5826 τιιιιυιριτιειιυ
