3858 6260
414 323 513 378 851

1123 325 1388 382 EUSEBll
1428 328 1907 384 CIESARIENSIS
1947 329 2098 386 OPP.
2139 329 2324 387 PARS
2359 331 2400 387 l.
2441 359 2512 372 ---
2548 330 2940 388 HISTORICA.

3552 327 3652 383 85%

416 440 600 510 gloriae
629 449 732 495 tua:
754 441 819 494 ⁸⁷.
846 461 864 492 ι
910 441 1018 498 Nec
1053 442 1228 497 solum
1251 445 1641 514 unusquisque,
1685 445 1780 501 sed
1819 445 1974 502 simul

2082 447 2216 502 ἀλλὰ
2252 449 2346 502 καὶ
2377 449 2426 502 οἱ
2463 447 2666 511 πάντες
2704 447 2916 518 ἀθρόως
2967 447 3048 502 ἐνὶ
3099 447 3370 518 πνεύματι
3417 443 3514 498 καὶ
3558 445 3647 516 μιᾷ

415 547 606 588 omnes
635 548 740 588 uno
765 533 961 603 spiritu
991 550 1204 604 unoque
1253 537 1556 590 animorum
1591 551 1855 592 consensu
1887 553 1978 591 ve-

417 627 718 681 nerabundi
751 627 1110 682 acclamemns
1150 629 1201 682 in
1232 630 1372 682 hunc
1408 629 1622 682 modum
1655 647 1669 682 :
1707 647 1725 680 ι
1753 628 1980 700 Magnus

418 719 674 772 Dominus
700 727 754 772 et
789 718 1077 774 laudabilis
1116 720 1300 787 nimis,
1333 720 1386 774 in
1453 721 1673 774 civitate
1732 721 1823 776 Dei
1889 737 1980 774 ne-

413 809 531 874 stri,
569 811 620 863 in
671 821 850 866 monte
890 819 1080 866 sancto
1143 812 1340 881 ejus“.
1373 832 1391 864 ι
1443 811 1576 866 Nam
1607 822 1660 868 et
1689 813 1804 881 ipse
1831 827 1956 866 vere

413 915 638 970 magnus
667 911 768 964 est,
805 911 860 954 et
911 917 1103 973 magna
1138 905 1328 959 domus
1359 905 1513 976 ejus:
1547 904 1816 966 sublimis,
1847 919 1964 957 am-

411 992 496 1058 pla
536 1001 591 1046 et
627 993 870 1061 speciosa
907 1008 1018 1062 pra:
1049 995 1174 1049 ﬁliis
1199 995 1498 1049 hominum.
1537 995 1762 1066 Magnus
1797 995 1982 1049 Domi-

410 1100 512 1139 nus
545 1086 636 1153 qui
695 1085 826 1138 facit
875 1085 1146 1140 mirabilia
1199 1085 1382 1140 solus:
1429 1085 1654 1158 Magnus
1707 1087 1797 1156 qui
1851 1085 1980 1141 facit

411 1191 602 1246 magna
635 1185 834 1244 etquze
867 1176 1178 1247 investigari
1217 1192 1321 1232 non
1378 1190 1626 1246 possunt,
1667 1188 1720 1232 et
1747 1177 1976 1243 gloriosa

408 1284 472 1324 ac
517 1269 803 1338 stupenda,
851 1283 1080 1338 quorum
1135 1284 1244 1323 non
1291 1278 1378 1325 est
1423 1285 1704 1325 numerus.
1756 1270 1980 1341 Magnus

405 1361 568 1433 373
593 1362 684 1432 qui
717 1371 1016 1416 commutat
1047 1373 1318 1417 momenta
1348 1378 1413 1418 ac
1459 1370 1702 1433 tempora
1729 1381 1744 1430 ;
1775 1363 1866 1434 qui
1903 1377 1981 1418 re-

407 1472 501 1525 ges
527 1464 1029 1526 exauctoratatque
1052 1455 1338 1510 constituit
1366 1471 1382 1508 :
1419 1472 1439 1507 ι
1463 1453 1750 1511 Suscitans
1778 1472 1808 1510 a
1833 1469 1976 1510 terra

408 1549 642 1617 inopem,
669 1557 720 1604 et
739 1549 806 1602 de
825 1558 1065 1604 stercore
1087 1548 1300 1618 erigens
1326 1562 1616 1619 pauperem
1633 1549 1700 1603 ".
1725 1568 1745 1601 ›
1785 1548 1916 1604 Detu
1927 1565 1980 1600 r-

405 1640 560 1694 bavit
599 1648 851 1710 potentes
887 1653 953 1693 ex
991 1637 1148 1702 solio,
1177 1647 1236 1692 et
1263 1653 1293 1692 a
1327 1649 1475 1694 terra
1498 1638 1767 1693 exaltavit
1796 1639 1978 1693 humi-

409 1727 487 1781 les
515 1741 532 1776 :
564 1727 869 1782 esurientes
897 1727 1138 1797 implevit
1169 1726 1350 1790 bonis,
1379 1735 1436 1782 et
1457 1727 1678 1782 brachia
1717 1734 1978 1798 superbo-

2079 539 2222 611 ψυχῇ
2251 541 2599 612 γεραίροντες
2630 539 3053 611 ἀνευφημῶμεν,
3091 559 3109 590 ι
3150 540 3343 610 Μέγας
3367 536 3596 608 Κύριος,
3627 557 3644 588 ι

2080 627 2442 698 ἐπιλέγοντες,
2470 649 2488 680 ι
2525 630 2620 684 καὶ
2645 629 2852 692 αἰνετὸς
2883 629 3111 701 σφόδρα,
3141 632 3198 684 ἐν
3221 630 3372 684 πόλει
3400 627 3496 681 τοῦ
3522 625 3649 680 Θεοῦ

2081 718 2320 791 ήμῶν,ἐν
2336 721 2450 793 ὄρει
2476 721 2615 792 ἁγίῳ
2636 719 2820 774 αὑτοῦ.
2835 721 2972 774 »Καὶ
2985 721 3093 792 γάρ
3113 715 3205 774 οὖν
3229 722 3402 794 μέγας
3425 719 3506 781 ὡς
3524 718 3650 790 ἀλη-

2082 811 2190 877 θῶς
2221 813 2314 866 καὶ
2349 813 2520 884 μέγας
2541 814 2570 866 6
2596 809 2744 876 οἶκος
2775 811 2958 876 αὐτοῦ,
2983 811 3203 884 ὑψηλὸς,
3227 813 3322 866 καὶ
3349 811 3650 881 ἐπιμήκης,

2081 906 2174 958 καὶ
2195 905 2390 977 ὡραῖος
2411 905 2594 958 κάλλει
2613 903 2764 975 παρά
2777 905 2899 968 τοὺς
2923 905 3071 968 υἱοὺς
3085 905 3192 958 τῶν
3206 904 3304 959 ἀνθ
3313 903 3536 976 ρώπων·
3561 904 3652 973 μέο

2081 1011 2185 1063 γας
2210 997 2238 1047 6
2261 993 2462 1066 Κύριος
2481 997 2510 1047 6
2539 993 2707 1048 ποιῶν
2727 993 3002 1064 θαυμάσια
3025 995 3204 1064 μόνος·
3239 995 3412 1064 μέγας
3439 995 3469 1046 6
3492 991 3654 1044 ποιῶν

2085 1086 2294 1157 μεγάλα
2333 1087 2425 1139 καῖ¹
2451 1086 2849 1156 ἀνεξιχνίαστα,
2891 1085 3074 1151 ἐνδοξά
3108 1102 3166 1139 τε
3196 1086 3291 1138 καὶ
3323 1083 3559 1149 ἐξαίσια,
3581 1084 3654 1138 ὧν

2080 1177 2181 1228 οὐκ
2232 1177 2378 1231 ἔστιν
2431 1177 2696 1249 ἀριθμός·
2731 1177 2904 1248 μέγας
2945 1179 2974 1231 6
3018 1175 3244 1230 ἀλλοιῶν
3291 1176 3522 1244 καιροὺς
3567 1172 3656 1226 καὶ

2080 1267 2338 1337 χρόνους,
2385 1265 2653 1338 μεθιστῶν
2689 1265 2929 1337 βασιλεῖς
2969 1266 3063 1318 καὶ
3093 1261 3388 1326 καθιστῶν,
3429 1261 3658 1330 ἐγείρων

2082 1357 2191 1410 ἀπὸ
2208 1359 2312 1428 γῆς
2326 1357 2562 1426 πτωχὸν,
2581 1356 2673 1410 καὶ
2692 1355 2800 1410 ἀπὸ
2813 1355 3046 1426 κοπρίας
3062 1353 3278 1424 ἀνυψῶν
3294 1351 3508 1424 πένητα
3526 1350 3655 1421 (98).

2079 1447 2312 1502 Καθεῖλε
2340 1448 2605 1512 δυνάστας
2631 1448 2740 1502 ἀπὸ
2771 1445 2997 1520 θρόνων,
3028 1447 3122 1500 καὶ
3151 1444 3335 1516 ῦψωσε
3363 1443 3661 1506 ταπεινοὺς

2080 1540 2187 1594 ἀπὸ
2213 1541 2340 1612 γῆς·
2389 1539 2686 1604 πεινῶντας
2713 1538 3008 1610 ἐνέπλησεν
3045 1536 3262 1608 ἀγαθῶν
3281 1575 3297 1602 ,
3333 1537 3432 1590 καὶ
3465 1534 3658 1607 βραχί-

2079 1651 2206 1696 ονας
2253 1635 2618 1706 ὑπερηφάνων
2651 1632 3000 1705 συνέτριψεν·
3049 1651 3068 1684 ι
3115 1631 3176 1684 οὗ
3225 1633 3441 1694 πιστοῖς
3477 1629 3658 1700 μόνον,

2079 1725 2213 1779 ἀλλὰ
2259 1727 2354 1780 καὶ
2395 1725 2664 1790 ἀπίστοις,
2706 1725 2814 1778 τῶν
2867 1723 3112 1778 παλαιῶν
3169 1723 3528 1795 διηγημάτων
3568 1721 3662 1792 τὴν

411 1834 526 1871 rum
558 1820 905 1874 contrivit".
935 1839 953 1873 ι
983 1821 1158 1890 Atque
1184 1821 1254 1876 ita
1275 1821 1576 1898 nonsolum
1605 1822 1744 1892 apud
1773 1823 1974 1882 ﬁdeles,

2085 1818 2302 1888 μνήμην
2325 1818 2754 1888 πιστωσάμενος,
2783 1818 2810 1870 6
2840 1815 3274 1887 θαυματουργὸς,
3299 1816 3328 1868 6
3359 1814 3663 1886 μεγαλουρ-

409 1923 596 1963 rerum
654 1911 819 1964 etiam
864 1911 1005 1980 apud
1055 1911 1320 1976 inﬁdeles,
1373 1928 1560 1966 earum
1617 1927 1800 1966 rerum
1856 1927 1980 1982 quas

406 2001 534 2054 olim
573 2011 740 2070 gesta:
769 2001 1028 2056 dicuntur
1067 2001 1225 2056 ﬁdem
1253 2001 1618 2058 conﬁrmavit.
1651 2003 1792 2060 Vere
1815 2004 1978 2058 mira-

407 2093 656 2148 culorum
717 2094 921 2163 opifex,
957 2110 1276 2166 magnorum
1329 2111 1556 2166 operum
1616 2107 1976 2168 perpetrator,

406 2187 783 2242 universorum
815 2187 1093 2253 Dominus,
1123 2187 1284 2242 totius
1335 2189 1519 2243 mundi
1543 2189 1812 2252 conditor,
1863 2204 1979 2245 om-

407 2279 679 2350 nipotens,
711 2279 972 2350 optimus,
1019 2280 1310 2348 maximus,
1335 2297 1476 2336 unus
1522 2297 1588 2336 ac
1631 2281 1778 2338 solus
1813 2281 1974 2343 Deus.

402 2374 500 2426 (Ini
546 2389 742 2427 novum
793 2372 1064 2428 canticum
1113 2386 1406 2440 canamus;
1455 2374 1771 2430 obedientes
1801 2375 1850 2429 ei
1885 2376 1976 2446 qui

404 2463 536 2520 iacit
563 2465 830 2520 mirabilia
875 2464 1052 2532 solus,
1077 2466 1337 2544 quoniam
1377 2465 1430 2520 in
1463 2467 1721 2522 saeculum
1754 2468 1976 2522 miseri-

401 2556 584 2610 cordia
621 2557 776 2628 ejns:
810 2558 902 2627 qui
935 2559 1208 2626 percussit
1251 2571 1406 2628 reges
1446 2573 1696 2628 magnos,
1729 2569 1786 2613 et
1831 2559 1976 2614 occi-

401 2647 479 2701 dit
511 2662 668 2717 reges
723 2647 912 2711 fortes,
946 2649 1202 2718 quoniam
1235 2649 1288 2704 in
1319 2649 1574 2706 saeculum
1602 2651 1974 2706 misericordia

399 2737 519 2808 ejus
551 2757 566 2794 :
595 2740 720 2808 quia
756 2739 812 2794 in
873 2739 1181 2794 humilitate
1221 2750 1408 2795 nostra
1455 2741 1714 2814 Dominus
1769 2757 1979 2797 memor

401 2831 500 2884 fuit
530 2832 722 2895 nostri,
763 2839 819 2884 et
852 2830 1081 2886 redemit
1119 2848 1216 2888 nos
1247 2832 1315 2886 ab
1349 2830 1582 2887 inimicis
1631 2833 1835 2888 nostris
1851 2833 1918 2886 ".
1951 2851 1972 2886 ι

401 2925 476 2977 Ac
503 2922 670 2978 Deum
715 2924 934 2992 quidem
965 2925 1210 2979 omnium
1241 2925 1460 2979 Patrem
1489 2924 1576 2979 his
1607 2923 1861 2982 laudibus
1883 2941 1975 2981 ce-

401 3012 614 3068 lebrare
658 3030 934 3084 nunquam
967 3031 1266 3072 cessemus.
1301 3015 1454 3070 Illum
1487 3032 1619 3073 vero
1645 3019 1736 3088 qui
1775 3033 1973 3074 secun-

398 3103 500 3158 dus
525 3114 714 3158 auctor
746 3105 1010 3161 bonorum
1059 3107 1216 3164 nobis
1247 3109 1492 3174 exstitit;
1531 3110 1626 3180 qui
1657 3125 1757 3165 nos
1781 3111 1848 3164 ad
1878 3111 1974 3166 Dei

2083 1909 2198 1979 γδς,
2233 1911 2261 1962 ὁ
2290 1909 2398 1962 τῶν
2425 1908 2560 1962 ὅλων
2587 1907 2874 1980 δεσπότης,
2907 1908 2935 1960 6
2967 1907 3061 1961 τοῦ
3101 1907 3416 1978 σύμπαντος
3451 1905 3660 1976 κόσμου

2079 2001 2426 2074 δημιουργὸς,
2461 2003 2490 2055 6
2523 2001 2935 2072 παντοκράτωρ,
2975 2002 3002 2054 ὁ
3029 1999 3359 2068 πανάγαθος,
3391 1996 3423 2053 6
3453 1993 3538 2062 εἷς
3570 1996 3660 2050 καὶ

2088 2095 2245 2167 μόνος
2278 2093 2431 2157 Θεὸς,
2459 2086 2503 2162 ᾧ
2529 2093 2589 2147 τὸ
2617 2093 2802 2147 καινὸν
2837 2089 2990 2165 ᾆσμα
3057 2093 3374 2165 μέλπωμεν,
3398 2101 3662 2164 ῖπροσυπ-

2083 2187 2374 2250 ἀκούοντες
2403 2187 2480 2258 τῷ
2510 2186 2748 2240 ποιοῦντι
2778 2186 3057 2258 θαυμάσια
3115 2186 3280 2257 μόνῳ,
3305 2177 3387 2238 ὅτι.
3441 2187 3526 2249 εἰς
3573 2184 3660 2238 τὸν

2081 2278 2252 2334 αἰῶνα
2278 2280 2338 2334 τὸ
2358 2279 2503 2344 ἕλεος
2528 2279 2692 2333 αὐτοῦ
2713 2296 2728 2310 ο
2763 2277 2840 2350 τῷ
2865 2277 3164 2344 πατάξαντι
3202 2277 3450 2348 βασιλεῖς
3488 2275 3657 2348 μεγά-

2079 2370 2204 2436 λους
2248 2371 2341 2424 καὶ
2380 2371 2762 2426 ἀποκτείναντι
2807 2371 3044 2442 βασιλεῖς
3099 2370 3414 2442 κραταιοῦς,
3456 2371 3542 2422 ὅτι
3582 2371 3658 2432 εἰς

2077 2460 2171 2514 τὸν
2211 2461 2384 2514 αἰῶνα
2435 2462 2495 2516 τὸ
2541 2461 2688 2527 ἕλεος
2734 2461 2922 2528 αὑτοῦ,
2978 2462 3060 2514 ὅτι
3109 2463 3166 2514 ἐν
3212 2465 3278 2532 τῇ
3329 2459 3656 2515 ταπεινώσει

2079 2553 2236 2625 ἡμῶν
2261 2553 2503 2626 ἐμνήσθη
2532 2555 2686 2626 ἡμῶν
2713 2557 2742 2608 ὁ
2763 2555 2987 2627 Κύριος,
3017 2555 3113 2608 καὶ
3137 2552 3486 2626 ὲλυτρὼσατο
3514 2554 3658 2624 ἡμᾶς

2079 2649 2145 2700 ἐκ
2175 2646 2284 2700 τῶν
2323 2646 2532 2720 ἐχθρῶν
2561 2647 2739 2719 ἡμῶν.
2782 2647 2892 2702 Καὶ
2923 2648 3014 2702 τὸν
3068 2647 3168 2719 μὲν
3219 2647 3329 2699 τῶν
3373 2645 3514 2700 ὅλων
3547 2647 3656 2700 Πα-

2078 2737 2214 2809 τέρα
2243 2737 2452 2801 τούτοις
2496 2737 2954 2810 ἀνευφημοῦντες,
2991 2739 3063 2810 μή
3105 2753 3234 2790 ποτε
3272 2735 3654 2808 διαλίποιμενσ

2077 2829 2168 2882 τὸν
2197 2829 2252 2882 δὲ
2277 2829 2382 2882 τῶν
2411 2828 2631 2898 ἀγαθῶν
2659 2833 2790 2901 ἡμῖν
2813 2831 3062 2903 δεύτερον
3083 2829 3254 2884 αἴτιον
3279 2828 3412 2901 (99),
3445 2830 3539 2882 τὸν
3563 2829 3656 2899 τῆς

2079 2920 2410 2990 θεογνωσίας
2437 2923 2763 2994 εἰσηγητὴν,
2795 2923 2887 2976 τὸν
2925 2924 3022 2996 τῆς
3060 2921 3294 2994 ἀληθοῦς
3347 2920 3657 2984 θεοσεϐείας

2077 3013 2418 3078 διδάσκαλον,
2462 3016 2553 3070 τὸν
2601 3014 2710 3069 τῶν
2755 3016 2967 3070 ἀσεϐῶν
3009 3015 3266 3088 ὀλετῆρα,
3315 3015 3409 3068 τὸν
3465 3031 3658 3087 τυραν-

2077 3109 2348 3171 νοκτόνον,
2397 3109 2486 3161 τὸν
2531 3107 2624 3162 τοῦ
2668 3108 2781 3178 βίου
2831 3107 3126 3178 διορθωτὴν
3145 3103 3169 3172 ,³
3199 3107 3290 3159 τὸν
3344 3107 3505 3178 ἡμῶν
3553 3105 3656 3160 τῶν

401 3195 646 3251 notitiam
678 3198 992 3252 informavit
1014 3213 1309 3269 veramque
1357 3199 1678 3271 religionem
1709 3201 1964 3267 edocuit;

2079 3201 2509 3274 ἀπεγνωσμένων
2537 3203 2766 3274 Σωτῆρα
2811 3202 3037 3274 Ἰησοῦν,
3065 3201 3170 3256 ἀνά
3196 3201 3373 3272 στόμα
3400 3201 3659 3274 φέροντες

399 3289 490 3358 qui
526 3289 718 3360 impios
749 3291 1024 3346 destruxit
1052 3301 1108 3347 et
1159 3302 1422 3364 tyrannos
1468 3293 1703 3362 occidit;
1743 3295 1836 3364 qui
1873 3311 1976 3351 sa:-

399 3381 504 3435 cnli
531 3397 710 3438 mores
737 3383 980 3437 correxit
1009 3401 1024 3438 :
1052 3384 1142 3453 qui
1177 3399 1279 3440 nos
1305 3385 1538 3456 denique
1561 3401 1684 3441 cum
1709 3385 1980 3456 deplorati

396 3471 640 3528 essemus
669 3475 908 3530 servavit
934 3473 1148 3530 :Jesum
1178 3477 1391 3532 scilicet
1422 3477 1630 3547 pariter
1651 3489 1974 3535 venerantes

398 3564 451 3618 in
482 3579 580 3619 ore
614 3580 828 3636 semper
854 3568 1174 3623 habeamus.
1198 3569 1359 3624 Solus
1384 3570 1528 3624 enim
1561 3569 1650 3624 ille
1678 3578 1733 3625 et
1757 3571 1972 3632 unicus.

399 3667 586 3730 utpote
614 3660 803 3730 optimi
841 3661 1059 3716 maximi
1099 3661 1278 3716 Patris
1301 3663 1544 3732 Optimus
1575 3664 1848 3718 maximus
1879 3662 1972 3716 Fi-

398 3753 522 3817 lius,
561 3768 684 3807 cum
735 3761 976 3822 paterna:
1023 3753 1326 3810 clementiae
1357 3755 1676 3821 obsecutus,
1719 3767 1971 3810 naturam

396 3851 663 3909 nostram,
689 3845 780 3913 qui
813 3845 866 3899 in
891 3845 1160 3902 altissimo
1185 3845 1553 3916 corruptionis
1587 3846 1802 3916 gurgite
1821 3845 1973 3912 jace-

393 3939 612 4003 bamus,
638 3938 1003 3995 libentissime
1054 3939 1361 4005 induisset;
1405 3939 1554 3994 velut
1585 3939 1976 4009 praeStantissio

395 4044 515 4084 mus
567 4031 786 4099 quidam
847 4033 1087 4086 medicus
1133 4046 1404 4102 aegrorum
1468 4031 1628 4086 saluti
1661 4031 1968 4096 consulens,

394 4121 644 4176 morbum
687 4123 960 4192 inspexit;
993 4131 1132 4176 tetra
1159 4134 1326 4192 atque
1365 4123 1589 4178 horrida
1620 4122 1804 4176 ulcera
1834 4137 1970 4176 con-

393 4213 682 4279 trectavit;
708 4221 764 4268 et
785 4229 851 4267 cx
879 4213 1092 4272 .alienis
1123 4213 1534 4268 calamitatibus
1559 4213 1662 4268 sibi
1701 4214 1802 4284 ipsi
1839 4229 1962 4284 pro-

393 4307 572 4374 prium
599 4305 845 4360 dolorem
897 4307 1150 4375 paravit:
1184 4321 1394 4374 nosque
1443 4321 1548 4359 non
1591 4307 1755 4362 modo
1794 4321 1969 4374 πετο-

395 4409 592 4464 tantes,
618 4409 672 4452 et
697 4398 1039 4469 gravissimis
1087 4414 1148 4452 ac
1181 4397 1412 4466 putridis
1443 4397 1720 4452 ulceribus
1747 4412 1973 4468 Oppres-

389 4509 516 4560 sus;
543 4493 636 4547 sed
663 4493 771 4546 vita
809 4492 1026 4562 penitus
1051 4489 1342 4564 destitutos
1385 4493 1500 4561 ipse
1547 4506 1644 4560 per
1665 4505 1724 4546 se
1746 4507 1814 4544 ex
1848 4507 1974 4559 pro-

2075 3293 2458 3366 γεραερωμενο
2506 3295 2589 3348 ὅτι
2635 3293 2699 3366 δὴ
2734 3293 2891 3366 μόνος
2937 3288 3027 3346 οἷα
3072 3292 3391 3362 παναγάθου
3444 3289 3656 3364 Πατρδς

2080 3383 2386 3456 μονώτατος
2432 3385 2692 3457 ὑπάρχων
2742 3383 3056 3451 πανάγαθος
3106 3382 3509 3454 Παῖς,“γνὼμῃ
3559 3381 3659 3450 τῆς

2077 3478 2351 3548 πατρικῆς
2395 3475 2834 3548 φιλανθρωπίας,
2884 3474 2992 3528 τῶν
3042 3477 3099 3529 ἐν
3149 3475 3327 3548 φθορᾷ
3354 3476 3508 3529 κάτω
3555 3489 3656 3528 που

2077 3573 2346 3642 κειμένων
2373 3568 2528 3641 ἡμῶν
2553 3565 2612 3624 εὖ
2641 3570 2784 3635 μάλα
2807 3568 3104 3640 προθύμως
3127 3569 3325 3634 ὑποδὺς
3350 3569 3448 3640 τὴν
3476 3567 3656 3638 φύσιν,

2074 3657 2164 3716 οἷὰ
2194 3679 2277 3726 τις
2307 3663 2506 3734 ἰατρῶν
2545 3663 2783 3734 ἀριστος,
2824 3663 2924 3733 τῆς
2953 3661 3059 3716 τῶν
3087 3661 3402 3732 καμνόντων
3433 3659 3508 3730 (1)
3539 3658 3658 3711 ἓνεο

2078 3772 2170 3810 κεν
2207 3756 2500 3828 σωτηρίας,
2530 3755 2634 3828 ὁρᾷ
2657 3755 2754 3825 μὲν
2777 3753 2944 3819 δεινά,
2971 3753 3214 3824 θιγγάνει
3239 3752 3283 3806 δ’
3313 3752 3540 3822 ἀηδέων,
3571 3752 3657 3804 ἐπ’

2075 3845 2385 3918 ἀλλοτρίῃσι
2417 3863 2474 3898 τε
2503 3845 2841 3915 ξυμφορῇσιν
2879 3843 3010 3907 ἰδίας
3035 3842 3342 3916 καρποῦται
3368 3841 3567 3910 λύπας,
3595 3841 3653 3896 οὐ

2077 3939 2366 4003 νοσοῦντας
2403 3939 2534 3992 αὐτὸ
2579 3938 2758 4010 μόνον,
2795 3937 2904 3990 οὐδ’
2933 3936 3116 3991 ἕλκεσι
3144 3937 3336 4000 δεινοῖς
3374 3936 3468 3989 καὶ
3500 3951 3658 4008 σεση-

2077 4032 2234 4086 πόσιν
2285 4030 2384 4101 ἤδη
2425 4028 2704 4101 τραύμασι
2749 4027 3103 4098 πιεζομένους
3125 4067 3140 4091 ,
3173 4027 3308 4080 ἀλλά
3339 4027 3433 4079 καὶ
3481 4026 3538 4078 ἐν
3571 4041 3656 4078 νε-

2077 4127 2228 4196 κροῖς
2255 4122 2542 4194 κειμένους
2574 4124 2722 4192 ἡμᾶς
2761 4121 2820 4186 ἐξ
2853 4121 3032 4174 αὐτῶν
3072 4119 3254 4192 μυχῶν
3287 4118 3382 4172 τοῦ
3422 4117 3652 4171 Θανάτου

2077 4217 2237 4280 αὐτὸς
2271 4215 2450 4286 ἐαυτῷ
2480 4213 2795 4277 διεσώσατο,
2831 4215 2912 4267 ὃτι
2949 4213 3082 4284 μηδέ
3111 4213 3255 4266 ἄλλω
3281 4229 3359 4282 τῳ
3391 4211 3502 4264 τῶν
3534 4211 3652 4263 κατ’

2075 4308 2302 4380 οὐρανὸν
2349 4306 2600 4360 τοσοῦτον
2643 4306 2825 4378 παρῆν
2866 4305 3068 4378 ἰσχύος,
3105 4305 3182 4369 ὡς
3211 4307 3276 4375 τῇ
3321 4303 3428 4357 τῶν
3473 4300 3654 4355 τοσού-

2075 4419 2182 4455 των
2215 4399 2468 4462 ἀὸλαϐῶς
2505 4397 2923 4470 διακονήσασθαι
2964 4397 3228 4470 σωτηρίᾳ.
3266 4396 3442 4458 Μόνος
3480 4395 3523 4448 δ’
3563 4391 3650 4448 οῦν

2079 4494 2171 4546 καὶ
2195 4492 2296 4562 τῆς
2338 4491 2494 4562 ἡμῶν
2533 4491 2710 4544 αὐτῶν
2747 4489 3094 4562 βαρυπαθοῦς
3135 4491 3339 4560 φθορᾶς
3374 4487 3652 4558 ἐφαψάμε-

391 4585 557 4640 l'undo
597 4586 788 4640 mortis
849 4583 1106 4638 barathro
1160 4583 1362 4651 eripuit
1407 4598 1472 4638 ac
1527 4583 1787 4638 servavit.
1821 4583 1965 4636 Nulli

2079 4601 2180 4648 νος,
2217 4584 2378 4654 μόνος
2405 4584 2531 4647 τοῦς
2564 4583 2866 4654 ἡμετέρους
2894 4581 3129 4646 ἀνατλὰς
3164 4583 3376 4646 πόνους,
3405 4582 3564 4653 μόνος
3588 4580 3651 4633 τά

459 4701 504 4734 ’⁷
530 4703 676 4758 Psal.
720 4721 847 4768 xxv,
878 4705 932 4760 8.

460 4827 571 4898 (98)
615 4827 895 4896 ’Λνυψῶν
931 4827 1180 4896 πένητα.
1229 4829 1320 4883 Sic
1351 4830 1517 4898 habet
1543 4831 1756 4898 vulgata
1797 4831 1962 4884 editio

389 4897 604 4953 l’salmo
633 4915 774 4961 cxn;
807 4902 898 4954 sed
931 4903 1099 4952 nostri
1157 4901 1312 4953 codd.
1361 4897 1523 4964 illam,
1551 4897 1690 4956 Med.
1725 4911 1779 4956 et
1825 4901 1964 4956 Fnk.

387 4967 683 5040 praeferunt
711 4967 946 5022 ἀνιστῶν
978 4970 1205 5040 πένητα.

457 5038 570 5108 (9:1)
616 5041 902 5108 Δεύτερον
946 5038 1158 5094 αἴτιον.
1217 5040 1271 5092 In
1314 5041 1508 5094 codice
1565 5040 1820 5095 Medicam
1867 5042 1972 5095 hoc

387 5109 634 5180 scliolion
665 5113 730 5180 ad
762 5110 1060 5180 marginem
1097 5111 1390 5180 ascriptum
1423 5123 1545 5166 est:
1581 5110 1782 5175 Κακῶς
1839 5112 1973 5166 κάν-

385 5177 560 5253 ταῦθα
574 5177 1255 5253 θεολογεῐς,1ἐύσέ6ιε,περὶ’
1271 5181 1362 5253 τοῦ
1393 5181 1836 5253 συνανάρχου-καὶ
1853 5200 1977 5236 συν-

387 5249 593 5322 αἴδίου,
642 5252 735 5304 καὶ
778 5254 1120 5322 συμποιητοῦ
1165 5249 1273 5306 τῶν
1318 5252 1453 5305 ὅλων
1482 5249 1759 5306 mem:
1801 5254 1970 5306 Θεοῦο

385 5321 637 5392 δεύτερον
671 5321 831 5374 αὐτὸν
859 5321 1148 5377 ἀποκαλῶν
1177 5322 1347 5377 αἴτιον
1379 5321 1488 5376 τῶν
1515 5321 1756 5392 ἀγαθῶν,
1793 5323 1978 5378 συναί-

385 5409 498 5466 τιον
527 5393 656 5466 ᾅντα
684 5393 778 5466 καὶ
807 5394 1233 5465 συνδημιουργὸν
1253 5393 1330 5466 τῷ
1348 5395 1531 5466 Πατρὶ
1559 5393 1860 5466 τῶννὸλων,
1887 5397 1978 5448 καὶ

386 5461 690 5532 ὑμοούσιον.
739 5463 794 5517 in
838 5461 1029 5518 codice
1061 5461 1279 5531 quoque
1303 5461 1592 5518 ⁷Μςιῑηὲιιιιι
1615 5465 1858 5518 scholion
1892 5483 1975 5519 re-

1009 4704 1054 4737 ⁵⁸
1083 4705 1225 4761 Psal.
1273 4706 1496 4770 anﬂ.

387 5535 629 5590 lentiore
655 5550 816 5588 manu
843 5535 1150 5604 apposilun't
1175 5545 1279 5591 est.
1307 5551 1417 5603 quo
1440 5535 1702 5588 Eusebius
1727 5536 1978 5589 similiter

385 5605 827 5671 ueprehenditnr,
873 5607 966 5668 qui
1015 5604 1209 5657 Filium
1263 5605 1410 5656 Patri
1443 5604 1740 5672 snhjecerit
1797 5617 1847 5660 et
1889 5623 1977 5662 ει·-

381 5675 697 5750 Cttttdtttirei
731 5677 924 5750 locunr
941 5675 1285 5750 attribuerim
1312 5676 1354 5726 Τ
1361 5674 1976 5750 ἱταῦτ’,ἄνθρωπε.ἐπὶ

382 5743 542 5820 κακῷ
585 5745 685 5811 τῆς
711 5745 928 5820 -σαυτοῦ
960 5745 1230 5820 θεολογεῖς
1276 5745 1546 5820 κεφαλῆς·
1580 5743 1842 5820 ξύν’δόξῃ
1887 5750 1982 5802 καὶ

382 5814 611 5883 δυνάμει
641 5815 732 5868 καὶ
763 5816 920 5886 ούσὲᾳ
957 5815 1099 5869 κατά
1127 5815 1302 5867 πάντα
1333 5814 1516 5885 ὅμοιον
1538 5816 1614 5887 τῷ
1647 5814 1979 5887 improm-

1575 4707 1618 4738 "
1645 4706 1789 4762 Psal.
1821 4722 1952 4771 cxu,
1985 4707 2038 4761 7.

2113 4708 2160 4738 7°
2191 4706 2326 4762 Luc.
2355 4723 2395 4776 ι,
2435 4707 2521 4771 52,
2553 4705 2641 4760 ὃὸ.
2715 4706 2762 4738 τί
2787 4705 2928 4761 Psal.
2978 4720 3177 4768 cxxxv,
3204 4705 3258 4772 4,
3297 4705 3384 4768 l'i,
3416 4704 3506 4759 9.5.

2072 4832 2310 4916 fitﬁdthw
2339 4830 2752 4916 xabbmctﬂetg,
2787 4833 2882 4914 καὶ
2913 4830 2981 4885 τά
3007 4831 3284 4916 δευτερεῖα
3323 4827 3427 4916 τοῦ
3446 4827 3652 4916 Πμτρδς

2072 4897 2360 4974 ἀπονέμων
2383 4919 2397 4932 ·
2435 4903 2654 4956 ἐναντία
2691 4902 2907 4974 φρονῶν
2943 4902 3037 4956 καὶ
3072 4897 3300 4974 γράφων
3341 4902 3456 4974 τοῖς
3491 4897 3652 4969 ὁμού-

2076 4990 2188 5026 σιον
2236 4970 2316 5044 τῷ
2339 4975 2516 5045 ῐξατρὶ
2573 4974 2663 5026 τὸν
2706 4970 2868 5045 Ῡίὸνῌ
2890 4970 3281 5045 δογματίσσσιν
3333 4970 3510 5045 ἰιγέοις
3542 4987 3654 5045 μπα-

2075 5045 2266 5116 τράσιν
2287 5038 2310 5074 ⁷·
2368 5038 2442 5116 ὧν
2464 5038 2475 5045 ’
2497 5045 2791 5116 συνήγορος
2837 5039 2943 5116 ἦς,
2963 5038 3032 5116 is!
3070 5044 3142 5112 μὴ
3175 5039 3469 5116 προφῄανῶς
3493 5114 3501 5116 ᾗ
3526 5039 3656 5109 ψεύ-

2075 5111 2255 5188 δονται
2285 5116 2334 5188 οἱ
2359 5115 2462 5188 τὰς
2486 5111 2712 5188 πράξεις
2735 5111 3154 5188 συγγράψαντες
3193 5111 3396 5188 αὐτῶν.
3448 5114 3510 5188 ιιι
3538 5120 3654 5188 est:

2085 5205 2102 5237 ι
2141 5185 2254 5241 Cur
2291 5183 2595 5250 hujusmodi
2623 5187 2688 5239 de
2723 5183 2940 5238 Christo
2967 5183 3246 5238 sermones
3273 5185 3325 5235 in
3355 5183 3653 5252 perniciem

2081 5257 2276 5325 capitis
2305 5258 2379 5310 tui
2414 5258 2650 5324 profers,
2687 5271 2720 5308 o
2753 5257 2938 5318 homo,
2961 5271 3081 5308 eum
3111 5255 3200 5322 qui
3232 5254 3430 5325 gloria,
3462 5255 3656 5325 virtute.

2082 5323 2159 5382 τεο
2175 5323 2474 5381 substantia
2507 5327 2868 5395 undequaquc
2919 5326 3114 5380 similis
3157 5323 3251 5378 est
3277 5324 3461 5386 Patri,
3491 5323 3626 5388 suhji

2081 5398 2232 5451 ciens
2259 5413 2321 5450 ac
2352 5411 2694 5466 snpponens,
2727 5408 2782 5450 et
2809 5398 3105 5450 secundum
3137 5410 3165 5466 a
3207 5395 3373 5448 Patre
3407 5395 3584 5448 locum
3609 5395 3659 5446 ei

2081 5465 2492 5521 attribuens.ln
2538 5483 2648 5536 quo
2679 5469 2959 5520 contraria
3007 5465 3179 5519 sentis
3214 5482 3278 5519 ac
3304 5466 3503 5520 scribis
3533 5481 3651 5518 sano

2082 5539 2346 5592 ctissimis
2363 5535 2636 5603 Patribus,
2661 5539 2752 5606 qui
2774 5536 3292 5590 consubstantialem
3316 5551 3440 5590 esse
3465 5535 3656 5590 Filium

2086 5611 2530 5677 pronuntiarunt.
2574 5605 2815 5672 Quorum
2865 5607 3152 5660 sententia:
3200 5619 3252 5658 tu
3285 5621 3506 5677 quoque
3535 5605 3659 5658 sub-

2085 5681 2376 5748 scripsisti,
2408 5681 2509 5733 nisi
2543 5680 2722 5746 palam
2753 5678 3087 5731 mentiuntur
3130 5677 3225 5745 qui
3271 5689 3394 5732 acta
3447 5679 3653 5732 illorum

2087 5751 2363 5804 memoriae
2394 5750 2772 5818 produlerunt.
2810 5767 2830 5799 ι
2991 5803 2996 5808 ,

2108 5863 2112 5866 η
2158 5822 2234 5881 (Ι)
2282 5817 2410 5882 Ἰτιῖςῖ
2449 5819 2566 5872 τᾶν
2603 5819 2972 5885 καμνόντων.
3026 5817 3250 5874 lambici
3293 5827 3422 5874 sunt.
3477 5831 3640 5874 versu.
