3858 6260
437 342 544 401 855

1143 330 1414 391 EUSEBI!
1450 330 1927 389 CJESARIENSIS
1964 332 2114 391 OPP.
2157 334 2336 390 PARS
2376 334 2415 391 Ι.
2456 365 2526 377 --
2564 333 2961 392 HISTORICA.

3551 321 3667 378 εεσ

438 460 640 515 milites
662 453 950 512 durissima
977 442 1204 521 quaeque
1229 458 1547 505 constanter
1568 449 1885 506 sustinendo
1927 451 2006 507 de-

2115 451 2208 504 καὶ
2238 450 2317 522 τῷ
2360 449 2876 523 σύμπαντινούρανῷ
2911 466 2971 503 τε
3003 450 3098 504 καὶ
3126 450 3313 522 κόσμῳ
3346 448 3681 522 προήγαγεν,

436 554 806 613 claraverant;
834 553 1053 614 repente
1098 557 1387 611 apparens,
1422 552 1645 597 cunctos
1668 542 1880 612 quidem
1919 544 2014 598 ini-

367 654 379 669 ‘
437 643 608 698 micos
631 640 919 707 hostesque
941 633 1139 690 delevit
1167 642 1222 688 et
1256 634 1323 688 ad
1346 634 1575 689 nihilum
1609 635 1832 703 redegit,
1875 636 2011 690 adeo

363 707 373 716 ’
437 742 498 787 ιιι
550 747 617 787 ne
655 728 918 785 nottiinati
971 726 1189 796 quidem
1221 741 1460 795 unquam
1504 724 1671 781 fuisse
1701 726 2009 781 videantur.

433 824 650 880 Amicos
671 834 800 875 vero
814 828 869 875 et
890 817 1186 874 familiares
1203 832 1351 881 suos,
1375 817 1515 887 apud
1536 831 1724 872 omnes
1738 832 1843 871 non
1868 833 2012 871 inor—

438 915 574 969 tales
603 912 979 977 modo,vernm
1023 910 1186 965 etiam
1209 909 1459 965 caelestes
1506 918 1821 978 potestates,
1844 909 2010 964 solem

434 1020 665 1076 quoque,
684 1003 866 1058 lunam
889 1018 953 1058 ac
991 1001 1196 1072 reliqua
1213 1000 1413 1066 sidera,
1444 1000 1752 1070 coelumque
1779 1016 1844 1056 ac
1867 1017 2013 1054 num.

434 1100 563 1152 dum
587 1096 897 1152 universum
918 1135 934 1160 ,
962 1110 1123 1167 supra
1153 1108 1368 1149 omnem
1397 1092 1622 1162 gloriam
1644 1093 1843 1148 evexit.
1864 1093 2013 1148 Adeo

436 1195 487 1240 ut
501 1187 669 1257 ,quod
697 1202 969 1257 nunquam
988 1194 1144 1241 antea
1161 1186 1483 1252 contigerat,
1497 1184 1693 1240 summi
1716 1185 2010 1255 imperato-

437 1293 523 1336 ‘es
541 1279 702 1351 375
719 1278 938 1335 honoris
955 1279 1096 1334 illius
1122 1292 1280 1348 quem
1310 1277 1402 1333 Dei
1417 1276 1677 1333 beneﬂcio
1694 1286 2014 1344 acceperunt

435 1369 535 1425 sibi
567 1369 790 1437 conscii,
816 1368 930 1438 jam
951 1369 1002 1423 in
1022 1378 1354 1423 mortuorum
1388 1367 1796 1425 simulacrorum
1821 1367 2010 1422 faciem

436 1471 759 1532 conspuant,
795 1471 849 1516 et
884 1461 1146 1532 profanos
1174 1463 1474 1516 daemonum
1510 1461 1650 1516 ritus
1673 1462 2009 1529 conculceut,

434 1569 500 1609 ac
526 1561 794 1609 vetustum
817 1568 1057 1609 errorem
1080 1570 1110 1607 a
1135 1553 1428 1620 majoribus
1454 1554 1708 1607 traditum
1729 1553 2008 1619 irrideant,

436 1661 600 1698 unum
625 1660 756 1699 vero
787 1660 851 1700 ac
892 1645 1066 1701 solum
1099 1646 1267 1700 Deum
1295 1660 1417 1700 cum
1443 1659 1570 1715 erga
1603 1660 1794 1700 omnes
1823 1654 1932 1698 tum
1958 1646 2008 1698 in

437 1735 640 1805 seipsos
670 1737 901 1790 maxime
925 1735 1226 1792 beneficum
1275 1745 1571 1807 agnoscant
1601 1754 1615 1801 ;
1651 1746 1706 1790 et
1733 1734 2007 1791 Christum

438 1819 532 1875 Dei
562 1819 759 1875 Filium
811 1823 1188 1878 universorum
1231 1838 1410 1894 regem
1449 1840 1571 1880 esse
1600 1827 1958 1895 protiteantur
1989 1843 2005 1890 ;
2040 1810 2079 1864 Β

437 1926 560 1965 enm
599 1912 944 1968 Servatorem
980 1915 1031 1968 in
1059 1914 1250 1970 edictis
1275 1916 1388 1971 suis
1416 1915 1710 1985 praedicent
1741 1934 1756 1984 ;
1787 1915 2009 1986 ejusque

438 2019 525 2058 res
561 2004 821 2073 praeclare
846 2015 1028 2074 gestas
1059 2016 1111 2062 et
1137 2007 1393 2063 victorias
1416 2010 1481 2064 de
1514 2008 1693 2078 impiis
1713 2020 1919 2079 partas,
1955 2010 2006 2064 in

438 2094 611 2148 media
645 2097 778 2150 urbe
807 2113 925 2164 quae
982 2098 1224 2152 omnium
1280 2107 1392 2153 toto
1445 2100 1575 2154 orbe
1610 2099 1893 2155 civitatum
1926 2117 2010 2156 re-

437 2187 558 2254 gina
604 2197 706 2253 est,
747 2190 1015 2259 regalibus
1055 2190 1306 2260 apicibus
1338 2191 1404 2245 ad
1434 2201 1748 2262 perpetuam
1778 2196 2010 2262 posteri-

437 2278 563 2333 tatis
597 2282 915 2335 memoriam
958 2283 1331 2351 przescribant.
1357 2283 1509 2340 Adeo
1539 2294 1597 2340 ut
1623 2283 1883 2342 Servator
1914 2302 2010 2342 no-

437 2383 547 2426 ster
566 2368 726 2429 Jcsns
760 2373 1033 2441 Christus,
1076 2378 1224 2432 solus
1250 2391 1317 2431 ex
1352 2378 1606 2435 omnibus
1630 2380 1722 2450 qui
1763 2380 1832 2434 ab
1862 2381 2007 2436 omni

334 2534 341 2541 ,
435 2480 549 2521 ι)νο
600 2483 840 2538 unquam
876 2470 1226 2537 exstiterunt,
1259 2474 1326 2527 ab
1375 2473 1506 2543 ipsis
1553 2475 1702 2530 orbis
1741 2484 2008 2530 terrarum

436 2559 659 2612 tulitmis
691 2558 1029 2629 principibus
1056 2576 1162 2616 non
1193 2572 1251 2616 ut
1280 2578 1374 2618 rex
1397 2565 1638 2634 vulgaris
1670 2583 1738 2622 ex
1774 2566 2009 2622 homini-

436 2663 531 2703 uns
554 2650 727 2705 factus
753 2651 1098 2721 pra-dicetur,
1128 2653 1221 2707 sed
1252 2663 1509 2725 tanquam
1539 2659 1738 2712 summi
1764 2659 2007 2714 omnium

434 2736 527 2792 Dei
576 2739 838 2796 naturalis
872 2740 1068 2806 Filius,
1098 2759 1163 2798 ac
1198 2758 1294 2813 per
1326 2759 1386 2799 se
1420 2743 1564 2801 Deus
1589 2747 1846 2803 adoretur
1875 2765 1889 2803 :
1927 2761 2009 2804 at-

434 2844 539 2898 que
564 2829 619 2884 id
646 2830 772 2898 jure
821 2833 1038 2888 merito.
1070 2834 1202 2899 Quis
1237 2836 1381 2890 enim
1416 2851 1479 2892 ex
1512 2838 1769 2895 omnibus
1789 2843 1879 2912 qui
1908 2858 2009 2896 un-

436 2936 594 2990 quam
646 2922 866 2978 fuerunt
897 2926 1134 2995 regibus,
1182 2925 1250 2979 ad
1285 2934 1493 2982 tantum
1550 2929 1772 2985 virtutis
1803 2946 1868 2986 ac
1916 2948 2008 3002 po-

434 3016 616 3069 tentia:
666 3017 882 3071 culmen
923 3026 1146 3074 evectus
1185 3029 1290 3085 est,
1319 3030 1378 3076 ut
1405 3023 1651 3078 omnium
1696 3027 2006 3082 mortalium

437 3121 596 3162 aures
625 3117 785 3178 atque
814 3109 1024 3180 linguas
1055 3112 1420 3182 appellatione
1447 3116 1528 3170 sui
1559 3117 1796 3173 nominis
1819 3120 2006 3190 imple-

433 3199 568 3254 ret?
602 3200 734 3267 Quis
774 3216 844 3257 ex
888 3203 1103 3272 regibus
1147 3205 1295 3273 leges
1340 3205 1477 3261 adeo
1502 3208 1617 3277 pias
1642 3224 1706 3263 ac
1732 3210 2004 3267 modestus

434 3290 738 3357 constituit,
772 3301 938 3361 utque
970 3295 1038 3346 ah
1060 3293 1265 3349 ultimis
1291 3297 1406 3351 oris
1435 3297 1501 3352 ad
1535 3307 1810 3356 extremos
1833 3317 2004 3372 usque

435 3390 706 3437 terrarum
741 3383 879 3439 ﬁnes
904 3387 1118 3440 cunctis
1155 3386 1466 3444 hominibus
1494 3391 1836 3448 audientibus
1876 3410 2002 3464 per—

434 3481 594 3542 petuo
629 3473 957 3544 legerentur,
1005 3477 1286 3532 obtinuit?
1327 3479 1462 3546 Quis
1497 3480 1732 3538 ferarum
1766 3488 2004 3556 gentium

434 3565 670 3620 immites
699 3575 755 3621 et
777 3567 1038 3621 barbaros
1077 3583 1257 3625 mores
1296 3567 1598 3630 utilissimis
1622 3584 1784 3645 atque
1815 3579 2006 3632 huma-

435 3656 673 3713 nissimis
726 3658 934 3726 legibus
991 3661 1333 3730 abrogavit?
1377 3663 1513 3730 Quis
1559 3675 1637 3721 tot
1683 3669 2003 3726 saeculorum

436 3748 611 3817 spatio
653 3750 722 3806 ab
770 3750 1022 3807 omnibus
1076 3752 1447 3825 impugnatus,
1480 3757 1589 3813 vim
1637 3774 1702 3813 ac
1751 3762 2002 3816 virtutem

434 3842 667 3901 humana
708 3843 967 3913 majorem
1016 3849 1276 3915 ostendit,
1317 3849 1455 3905 adeo
1482 3859 1541 3906 ut
1569 3850 1622 3906 in
1658 3852 1776 3908 dies
1797 3851 2005 3908 efﬂore-

434 3941 572 4000 scat,
605 3934 865 4005 omnique
910 3937 1142 3993 subinde
1195 3955 1311 3996 aevo
1338 3940 1652 3998 adolescere
1699 3943 1944 3998 videatur
1980 3945 2005 3998 ?

431 4024 564 4091 Quis
592 4035 940 4097 gentemquze
960 4046 1026 4085 ne
1051 4031 1240 4087 auditu
1270 4034 1492 4104 quidem
1524 4036 1757 4090 antehac
1788 4038 2002 4105 cognita

432 4117 632 4181 fuerat,
666 4133 772 4173 non
831 4121 883 4173 in
917 4123 1153 4179 obscuro
1210 4126 1392 4196 aliquo
1433 4137 1595 4182 terra:
1647 4127 1863 4198 angulo,
1909 4131 2005 4183 sed

431 4224 530 4277 per
561 4223 777 4264 omnem
823 4211 916 4279 qui
952 4214 1053 4268 sub
1103 4214 1244 4271 casio
1284 4226 1369 4271 est
1413 4225 1683 4272 terrarum
1742 4216 2003 4272 ambitum

432 4300 760 4357 constituit?
789 4303 919 4368 Quis
946 4305 1147 4360 milites
1175 4323 1305 4362 suos
1333 4308 1552 4378 pietatis
1589 4308 1760 4361 armis
1790 4309 1862 4362 ita
1892 4325 2006 4362 tnu-

2112 541 2253 596 ὥστε
2295 543 2417 614 ἤδη,
2447 541 2476 595 ὃ
2495 542 2627 613 μηδὲ
2661 542 2846 597 ἄλλοτέ
2881 559 2988 607 πω,
3020 543 3146 605 τοὺς
3174 542 3392 597 πάντων
3424 539 3685 595 ἀνωτάτω

2116 634 2387 705 βασιλέας,
2420 631 2488 707 ἧς
2516 634 2799 705 λελόγχασι
2838 636 2967 706 παρ’
3010 634 3172 688 αὐτοῦ
3217 634 3388 706 τιμῆς
3418 632 3687 704 συνῃσθη-

2115 728 2326 800 μένους,
2357 729 2564 801 νεκρῶν
2601 729 2697 800 μὲν
2729 727 2959 782 εἰδώλων
2987 727 3317 782 καταπτύειν
3349 726 3703 801 προσώποις,ε

2113 822 2304 873 πατεῖν
2329 820 2373 872 δ’
2401 819 2615 891 ἄθεσμα
2631 820 2898 891 δαιμόνων
2921 817 3139 889 θέσμια,
3162 818 3256 872 καὶ
3275 816 3516 880 παλαιᾶς
3540 816 3661 869 ἀπα
3676 804 3699 851 ν’

2109 926 2210 980 της
2242 909 2721 981 πατροπαραδότου
2760 908 3113 979 κατεγγελᾷν,
3147 907 3243 961 ἕνα
3272 907 3329 960 δὲ
3361 907 3525 978 μόνον
3555 907 3687 961 Θεὸν
3719 910 3725 926 ‘

2109 1000 2203 1054 τὸν
2234 1001 2408 1055 κοινὸν
2437 1000 2689 1055 ἀπάντων
2711 1001 2804 1053 καὶ
2826 998 3032 1053 ἑαυτῶν
3052 990 3343 1071 εὐεργέτην
3371 998 3683 1071 γνωρίζειν,
3696 983 3715 1042 ⁸»

2112 1092 2344 1164 Χριστόν
2377 1109 2440 1145 τε
2478 1090 2572 1147 τοῦ
2614 1091 2750 1145 Θεοῦ
2782 1090 2955 1145 Παῖδα
3003 1090 3355 1164 παμϐασιλέα
3394 1091 3507 1143 τῶν
3550 1089 3687 1144 ὅλων

2111 1182 2413 1254 ὁμολογεῖν,
2444 1182 2672 1253 Σωτῆρα
2695 1199 2754 1235 τε
2780 1182 2942 1234 αὐτὸν
2970 1183 3026 1235 ἐν
3058 1180 3283 1252 στήλαις
3307 1179 3687 1251 ἀναγορεύειν,

2112 1275 2480 1346 ἀνεξαλείπτῳ
2525 1276 2713 1347 μνήμῃ
2743 1275 2813 1328 τὰ
2849 1272 3244 1346 κατορθώματα
3281 1274 3378 1327 καὶ
3407 1271 3509 1336 τὰς
3546 1273 3691 1326 κατά

2110 1366 2219 1421 τῶν
2244 1365 2454 1420 ἀσεϐῶν
2488 1365 2650 1419 αὐτοῦ
2689 1365 2864 1429 νικας,
2904 1365 3041 1436 μέσῃ
3071 1367 3136 1436 τῇ
3171 1363 3537 1435 βασιλευούσῃ
3578 1364 3691 1417 τῶν

2110 1458 2204 1511 ἐπὶ
2235 1458 2338 1528 γῆς
2364 1457 2513 1511 πόλει
2543 1457 2839 1529 βασιλικοῖς
2872 1456 3212 1528 χαρακτῆρσι
3239 1455 3317 1527 (5)
3349 1455 3692 1527 προσεγγρά-

2112 1564 2309 1617 φοντας
2329 1565 2344 1578 ο
2375 1547 2514 1600 ὥστε
2552 1547 2708 1619 μόνον
2744 1547 2853 1602 τῶν
2882 1546 2942 1612 ἐξ
2973 1546 3167 1610 αἰῶνος
3211 1546 3423 1619 Ἰησοῦν
3455 1546 3691 1618 Χριστὸν

2108 1638 2200 1691 τὸν
2224 1637 2378 1708 ἡμῶν
2403 1637 2652 1709 Σωτῆρα,
2679 1637 2773 1692 καὶ
2798 1636 2935 1708 πρὸς
2956 1634 3136 1690 αὐτῶν
3162 1634 3270 1689 τῶν
3297 1636 3391 1688 ἐπὶ
3423 1634 3533 1705 γῆς
3558 1637 3690 1689 ἀνω-

2108 1731 2276 1793 τάτω,
2323 1730 2422 1802 οὐχ
2451 1726 2540 1785 οἶα
2572 1730 2749 1784 κοινὸν
2778 1728 2838 1795 ἐξ
2864 1726 3166 1801 ἀνθρώπων
3192 1726 3417 1798 βασιλέα
3469 1729 3690 1798 γενόμε-

2108 1838 2196 1875 νον
2226 1820 2632 1892 ὁμολογεῖσθαι,
2674 1821 2789 1876 ἀλλ’
2815 1816 2903 1875 οἶα
2932 1820 3027 1875 τοῦ
3072 1821 3300 1875 καθόλου
3344 1821 3485 1875 Θεοῦ
3520 1821 3688 1876 Παῖδα

2106 1914 2326 1984 γνήσιον
2374 1914 2469 1968 καὶ
2506 1913 2762 1968 αὐτόθεον
2806 1913 2880 1986 (6)
2921 1915 3363 1987 προσκυνεῖσθαι,
3416 1915 3518 1968 καὶ
3549 1916 3688 1972 size-

2107 2021 2235 2068 τως.
2265 2005 2360 2068 Τίς
2401 2004 2512 2077 γὰρ
2541 2004 2650 2060 τῶν
2696 2004 2915 2059 πώποτε
2952 2006 3215 2076 βασιλέων
3257 2006 3519 2061 τοσοῦτον
3564 2009 3688 2080 ἀρε-

2106 2094 2206 2165 τῆς
2239 2095 2541 2164 ἠνέγκατο,
2574 2094 2650 2157 ὡς
2698 2095 2913 2151 πάντων
2944 2095 3054 2150 τῶν
3102 2097 3195 2151 ἐπὶ
3233 2097 3337 2167 γῆς
3378 2096 3688 2169 ἀνθρώπων

2108 2187 2276 2260 ἀκοὴν
2316 2189 2408 2242 καὶ
2453 2187 2698 2256 γλῶτταν
2735 2188 3011 2260 ἐμπλῆσαι
3056 2188 3156 2260 τῆς
3195 2189 3362 2244 αὐτοῦ
3413 2207 3688 2261 προσηγο-

2104 2279 2230 2353 ρίας
2273 2279 2383 2349 (7);
2440 2278 2537 2343 Τίς
2582 2279 2832 2349 βασιλεὺς
2874 2280 3070 2352 νόμους
3127 2281 3370 2346 εὐσεϐεῖς
3405 2282 3552 2336 οὕτω
3597 2284 3688 2337 καὶ

2110 2371 2392 2444 σώφρονας
2418 2372 2827 2443 διαταξάμενος,
2861 2374 2970 2427 ἀπὸ
3012 2374 3265 2447 περάτων
3312 2376 3420 2446 γῆς
3465 2377 3566 2429 καὶ
3611 2378 3686 2438 εἰς

2107 2465 2255 2536 ἄκρα
2293 2464 2393 2536 τῆς
2420 2464 2547 2536 ὅλης
2579 2467 2920 2536 οἰκουμένης,
2971 2469 3052 2531 είς
3094 2469 3328 2541 ἐπήκοον
3360 2468 3570 2523 ἅπασιν
3602 2469 3684 2522 ἀν-

2108 2554 2346 2626 θρώποις
2401 2555 2867 2625 ἀναγινώσκεσθαι
2916 2559 3157 2630 διαρκῶς
3208 2560 3552 2632 ὲκράτυνεν;
3595 2560 3687 2625 Τίς

2106 2649 2400 2721 ἀνημέρων
2448 2650 2618 2704 ἐθνῶν
2671 2650 2766 2722 ἔθη
2823 2651 3074 2726 βάρϐαρα
3123 2654 3217 2708 καὶ
3268 2655 3527 2727 ἀνήμερα
3580 2656 3686 2717 τοῖς

2106 2742 2334 2814 ἡμέροις
2378 2742 2539 2797 αὐτοῦ
2588 2745 2681 2797 καὶ
2724 2743 3255 2817 φιλανθρωποτάτοις
3298 2746 3579 2818 παρέλυσε
3612 2747 3684 2802 νό-

2111 2851 2264 2905 μοις;
2302 2835 2399 2900 Τίς
2431 2834 2623 2890 αἰῶσιν
2653 2835 2796 2901 ὅλοις
2838 2836 2943 2890 ὑπὸ
2988 2836 3206 2892 πάντων
3255 2837 3684 2909 πολεμούμενος,

2105 2925 2204 2998 τὴν
2247 2926 2389 2999 ὑπὲρ
2427 2926 2712 2998 ἄνθρωπον
2760 2926 2958 3000 ἀρετὴν
3010 2927 3343 2995 ἐπεδείξατο,
3393 2928 3474 2990 ῶς
3509 2928 3685 2983 ἀνθεῖν

2105 3018 2377 3089 ὁσημέραι
2402 3019 2495 3071 καὶ
2527 3018 2738 3084 νεάζειν
2763 3018 2853 3074 διὰ
2877 3020 3077 3084 παντὸς
3104 3019 3199 3073 τοῦ
3229 3020 3378 3091 βίου;
3414 3018 3514 3084 Τίς
3541 3019 3683 3083 ἔθνος,

2106 3109 2168 3162 τὸ
2204 3109 2325 3181 μηδ’
2358 3110 2625 3164 ἀκουσθὲν
2657 3110 2714 3178 ἐξ
2758 3111 2973 3176 αἰῶνος.
3007 3112 3107 3166 οὐκ
3145 3114 3203 3165 ἐν
3235 3112 3411 3182 γωνίᾳ
3451 3129 3544 3165 ποι
3585 3111 3682 3180 γῆς

2109 3200 2351 3271 λεληθὸς,
2385 3201 2519 3257 ἀλλά
2551 3201 2671 3255 καθ’
2707 3201 2836 3274 ὅλης
2866 3204 2965 3275 τῆς
2988 3204 3077 3274 ὑφ’
3109 3203 3244 3275 ήλὶῳ
3278 3203 3568 3275 ἱδρύσατος
3593 3204 3682 3267 Τίς

2109 3295 2389 3360 εὐσεϐείας
2422 3298 2607 3362 ὅπλοις
2648 3298 2821 3363 οὕτως
2853 3299 3126 3372 ὲφράξατο
3153 3301 3280 3363 τοὺς
3322 3298 3682 3371 στρατιώτας,

2108 3386 2184 3452 ὡς
2216 3388 2522 3460 ἀδάμαντος
2545 3389 2644 3455 τὰς
2669 3390 2847 3462 ψυχὰς
2874 3391 3299 3463 κραταιοτέρους
3332 3392 3390 3443 ἐν
3413 3393 3531 3454 τοῖς
3554 3389 3682 3461 πρὸς

2104 3481 2235 3544 τοὺς
2265 3483 2588 3548 ἀντιπάλους
2632 3483 2808 3552 ἀγῶσι
2838 3483 3246 3553 διαφαίνεσθαι;
3284 3484 3383 3547 Τίς
3425 3483 3681 3553 βασιλέων

2105 3575 2188 3637 είς
2219 3573 2472 3628 τοσοῦτον
2506 3577 2716 3647 κρατεῖ,
2751 3575 2846 3628 καὶ
2892 3578 3188 3647 στρατηγεῖ
3227 3592 3290 3644 γε
3332 3574 3478 3645 μετά
3521 3573 3681 3628 θάνα-

2106 3682 2219 3731 τον,
2250 3667 2344 3720 καὶ
2375 3668 2611 3739 τρόπαια
2642 3669 2762 3722 κατ’
2787 3667 2996 3741 ἐχθρῶν
3038 3668 3240 3738 ἵστησι,
3267 3667 3364 3720 καὶ
3392 3667 3574 3720 πάντα
3600 3665 3683 3719 τό·

2109 3776 2210 3813 πον
2234 3761 2328 3813 καὶ
2359 3758 2543 3832 χώραν
2575 3761 2668 3814 καὶ
2697 3760 2868 3827 πόλιν,
2911 3760 3137 3815 Ἐλλάδα
3165 3778 3226 3814 τε
3258 3760 3354 3813 καὶ
3385 3758 3681 3830 βάρὸαρον,

2113 3849 2406 3922 βασιλικῶν
2461 3850 2624 3904 οἴκων
2684 3851 2847 3905 αὐτοῦ
2908 3849 3125 3925 πληροῖ,
3181 3850 3275 3904 καὶ
3326 3848 3495 3902 θείων
3546 3847 3681 3902 ναῶν

2110 3940 2485 4014 ἀφιερώμασσν
2512 3942 2586 4013 (8)
2608 3960 2622 4008 ;
2648 3938 2751 3997 Οἷα
2786 3942 2913 3996 τάδε
2942 3942 3012 3996 τὰ
3050 3940 3205 3996 τοῦδε
3245 3940 3342 3995 τοῦ
3383 3939 3495 3994 νεὼ
3529 3957 3680 4010 περι-

2110 4033 2280 4103 καλλῆ
2318 4034 2649 4105 κοσμήματά
2688 4051 2750 4087 τε
2800 4035 2895 4088 καὶ
2931 4033 3254 4105 ἀναθήματα
3279 4050 3292 4063 ·
3338 4031 3377 4086 ἃ.
3412 4032 3513 4085 καὶ
3549 4030 3679 4085 αὐτὰ

2109 4123 2283 4194 σεμνά
2310 4126 2407 4196 μὲν
2431 4125 2506 4189 ὡς
2537 4126 2752 4198 ἀληθῶς
2783 4129 2877 4182 καὶ
2907 4126 3137 4197 μεγάλα,
3162 4122 3481 4194 ἐκπλήξεώς
3508 4141 3566 4178 τε
3591 4125 3676 4177 καὶ

2109 4215 2382 4289 θαύματος
2414 4216 2559 4282 ἄξια,
2592 4220 2686 4273 καὶ
2713 4213 2799 4272 οἷα
2819 4218 2921 4288 τῆς
2945 4218 3037 4272 τοῦ
3062 4219 3313 4288 Σωτῆρος
3343 4214 3504 4287 ἡμῶν
3536 4215 3678 4285 βασιο

2108 4310 2257 4373 λείας
2298 4308 2502 4379 ἐναργῆ
2538 4308 2801 4379 δείγματα
2835 4310 2930 4381 (9),
2974 4310 3055 4363 ὅτι
3088 4309 3180 4362 καὶ
3222 4306 3318 4361 νῦν
3366 4307 3531 4370 αὐτὸς
3563 4301 3677 4358 εἷπε

504 4457 600 4543 (5).
632 4462 1004 4543 Βασςιλι-ξιοῖς-
1027 4462 1420 4543 χαρακτῆρσι.
1485 4464 2006 4535 Christophorsonus

2117 4465 2260 4543 quod
2288 4466 2504 4535 quidem
2539 4480 2643 4519 non
2681 4465 2907 4533 faceret,
2932 4464 2977 4519 si
3009 4464 3075 4519 de
3108 4463 3240 4534 ipsis
3270 4472 3428 4517 antea
3472 4461 3679 4517 locutus

434 4553 455 4585 ι
496 4531 814 4600 maiusculis
843 4531 1302 4590 litteris'rvertit}

504 4603 580 4673 (6)
623 4602 737 4677 Κᾳὶ
791 4606 1099 4660 αὐτόοεον.
1124 4604 1434 4677 ίΝοιιιιιιίιιε
1475 4614 1560 4660 est.
1613 4605 1666 4661 in
1702 4606 1894 4677 primis
1922 4606 2010 4677 hic

433 4675 624 4737 locus,
680 4675 735 4728 in
802 4690 909 4744 quo
979 4676 1247 4730 Eusebius
1301 4675 1577 4731 Christum
1632 4675 1794 4731 vocat
1844 4676 2009 4732 αὐτὼ

430 4745 577 4808 θεον,
609 4744 661 4799 id
689 4755 773 4799 est
829 4762 924 4815 per
952 4762 1011 4800 se
1040 4763 1104 4801 ac
1135 4762 1260 4800 vere
1290 4747 1480 4802 Deum.
1511 4747 1610 4802 llic
1643 4748 1786 4801 enim
1818 4747 2010 4801 unicus

436 4817 621 4877 locus,
660 4832 781 4870 tneo
822 4816 1040 4886 quidem
1075 4817 1314 4883 judicio,
1349 4819 1547 4873 sullicit
1573 4819 1639 4870 ad
1674 4818 2008 4886 repellendas

430 4900 624 4942 omnes
674 4887 973 4941 Calumnias
1023 4903 1245 4950 eorum,
1274 4889 1365 4956 qui
1424 4888 1715 4944 Eusebium
1764 4898 2005 4942 nostrum

435 4956 909 5027 Arianidogmatis
954 4957 1074 5012 labe
1116 4972 1397 5027 aspersum
1436 4961 1603 5017 tuisse
1634 4958 1999 5027 crediderunt.

434 5026 530 5100 Sic
557 5027 717 5079 etiam
755 5027 892 5100 infra
927 5026 1191 5100 nominati
1212 5029 1313 5100 hae
1343 5044 1465 5100 pag.
1498 5029 1591 5084 τοῦ
1622 5026 2008 5100 παμβασιλὲως

432 5095 533 5147 καὶ
573 5094 970 5170 πανηγεμόνος,
1018 5099 1112 5153 καὶ
1150 5099 1314 5152 αὐτοῦ
1343 5094 1492 5154 ’Θεοῦ
1529 5094 1716 5170 λόγουζ
1762 5099 1856 5152 Est.
1893 5114 2006 5170 an-

440 5176 544 5217 tem
593 5167 703 5218 hare
748 5167 949 5220 locutio
997 5170 1296 5223 Platonica.
1358 5170 1491 5224 Nam
1537 5167 1612 5226 ut'
1643 5170 1798 5222 Plato
1845 5169 2006 5221 αὐτο-

432 5232 639 5311 αλγαρόν
691 5247 847 5311 vocat.
882 5240 1048 5311 _qn_ml
1115 5251 1225 5311 est,
1257 5256 1381 5295 tere
1405 5258 1468 5295 ac
1525 5259 1619 5311 per
1668 5256 1729 5295 Se
1785 5239 2005 5300 bonum,

436 5308 515 5428 abit:
546 5304 809 5361 Eusebius
836 5308 1088 5362 αὐτόθεον
1119 5310 1254 5364 dixit
1295 5314 1384 5379 qui
1418 5322 1500 5366 est
1525 5304 1662 5367 ’νοω
1709 5326 1772 5363 ac
1819 5326 1916 5378 per
1947 5325 2007 5364 se

481 5392 600 5428 eus.

481 5392 600 5429 eus.

504 5444 955 5520 (ημῖῆςηαὺτοῦ
990 5452 1412 5520 προσηγερίας.
1439 5450 1869 5507 Christianorum
1905 5468 2004 5505 no-

436 5529 558 5568 men
594 5516 862 5587 intelligit,
896 5536 992 5588 per
1029 5516 1220 5591 minus;
1258 5516 1461 5590 ultique
1494 5534 1683 5591 gentes
1724 5522 1901 5576 fusum
1941 5538 2004 5574 ac

437 5595 794 5662 propagatum
821 5606 836 5652 ;
865 5606 964 5662 nec
986 5591 1156 5662 solum
1184 5590 1464 5662 Romanis,
1495 5595 1590 5646 sed
1620 5594 1780 5645 etiam
1811 5593 2006 5646 barba-

445 5656 842 5732 riscogttitutn,
869 5658 1092 5732 Quodsi
1123 5660 1245 5728 quis
1276 5663 1448 5730 ipsum
1474 5662 1679 5717 Christi
1710 5664 2006 5732 nomentu-

443 5721 688 5805 telligerc
716 5721 1157 5805 tnalit_,'eqni_d.eni
1187 5721 2001 5805 uota-magnopererepugnabo,

443 5793 604 5856 paulo
638 5804 759 5860 post
790 5798 933 5851 cnim
961 5793 1185 5865 ’subjicit
1226 5793 1489 5857 Eusebius
1517 5793 1595 5859 'de
1638 5793 1999 5871 Christianis:

2116 4539 2474 4677 Ιυιῶθὲείων
2512 4602 2679 4677 ναῶν
2713 4604 3133 4675 ἀφιερώμασιν.
3164 4603 3439 4677 Musonius
3482 4603 3677 4677 vertit:

2118 4696 2137 4728 ι
2178 4672 2486 4730 Divinorunt
2524 4672 2840 4744 templorum
2879 4672 3407 4730 consecrationibus.
3447 4693 3466 4725 ι
3524 4672 3680 4728 Chri-

2111 4747 2506 4815 stophorsonus
2548 4743 2676 4799 vero
2720 4744 3158 4814 interpretatur:
3216 4761 3236 4795 ι
3288 4743 3495 4797 Divinis
3539 4753 3678 4815 tent-

2073 4855 2085 4865 .
2113 4812 2217 4887 ptis
2245 4828 2469 4885 auguste
2495 4812 2902 4872 consecratis.)
2937 4816 3159 4887 Videtur
3185 4824 3373 4887 tamen
3393 4828 3495 4867 vox
3527 4812 3678 4887 ἀφιέτ

2114 4884 2294 4959 ρωμα,
2308 4884 2411 4940 non
2430 4887 2900 4959 consecrationem
2924 4885 3244 4959 templorum
3258 4884 3576 4959 designare.
3590 4886 3680 4935 sed

2112 4953 2288 5027 potius
2301 4959 2438 5010 dona
2449 4958 2521 5009 ria
2538 4972 2656 5027 quin
2672 4958 2778 5011 Deo
2791 4965 3199 5027 consecrantur.
3217 4954 3380 5027 quue
3393 4953 3662 5027 continua

2115 5018 2201 5081 iur
2225 5018 2579 5094 sequentibus
2601 5023 2816 5081 Eusebii
2843 5027 3039 5079 verbis.
3067 5025 3157 5078 Sic
3183 5018 3327 5094 enim
3352 5024 3571 5094 subdit:
3598 5018 3679 5075 οἷα

2108 5098 2233 5152 τάδε
2264 5092 2333 5150 τὰ
2375 5096 2469 5149 τοῦ
2505 5095 2609 5151 νεὼ
2637 5096 2934 5168 περικαλλῆ
2969 5092 3299 5168 κοσμήματά
3330 5111 3391 5168 τε
3422 5093 3677 5168 καὶῌάνα-

2110 5168 2348 5238 ϐήματα.
2375 5168 2536 5221 Certe
2567 5169 2610 5220 si
2636 5164 3100 5221 consecrationem
3130 5164 3483 5238 intellexisset
3516 5164 3679 5238 Euse-

2110 5235 2326 5306 sebins,
2359 5238 2657 5310 ἀφιέρωσιν
2707 5239 2973 5310 dixisset,
3010 5247 3069 5291 ut
3124 5251 3286 5310 supra
3336 5236 3391 5310 in
3444 5248 3566 5300 cap.
3603 5235 3675 5310 β.

2110 5309 2277 5364 Porro
2313 5304 2651 5364 cod'tlfFuk.
2697 5318 2753 5362 et.
2797 5308 2924 5362 Suv.
2970 5322 3079 5359 uno
3121 5308 3286 5358 verbo
3342 5305 3430 5361 hic
3468 5304 3675 5356 anetin-

2108 5396 2196 5434 res
2235 5390 2379 5433 sunt.
2406 5379 2498 5432 Sic
2526 5379 2669 5434 enim
2696 5380 2915 5433 habent:
2949 5379 3045 5432 καὶ
3074 5375 3232 5430 θείων
3260 5374 3405 5429 ναῶν
3436 5372 3673 5446 ἀφιερώι-

2111 5452 2518 5530 μασιν-κοσμεῖ.

2175 5522 2247 5591 (9)
2273 5515 2543 5589 Σωτῆρος
2564 5519 2730 5590 ἡμῶν
2747 5519 3068 5585 ,ϐασιλείας
3086 5518 3389 5587 δείγματα.
3414 5520 3470 5591 In
3495 5515 3672 5591 codice

2109 5587 2278 5660 Regio
2311 5593 2377 5646 ad
2415 5587 2553 5645 latus
2583 5587 2737 5655 hujus
2768 5592 2922 5643 linea:
2965 5591 3209 5657 apposita
3238 5599 3325 5643 est
3361 5587 3669 5655 huiusmodi

2108 5659 2233 5716 nota
2263 5679 2364 5734 mp,
2396 5662 2462 5734 de
2489 5677 2593 5734 qua
2622 5671 2745 5716 nota
2780 5662 2994 5734 abunde
3021 5661 3257 5713 diximus
3285 5659 3669 5734 inadnotatioc

2107 5734 2268 5786 nibus
2300 5730 2366 5784 ad
2416 5731 2453 5782 Ι.
2489 5748 2523 5784 ι.
2562 5733 2616 5785 ln
2649 5748 2765 5799 cap.
2799 5730 2865 5784 i6
2889 5770 2903 5793 ,
2934 5731 3029 5785 lib.
3057 5746 3108 5784 tv
3130 5769 3146 5789 .
3190 5730 3443 5784 eamdem
3493 5740 3668 5784 notam

2108 5803 2270 5859 habet
2316 5801 2515 5871 Regius
2575 5805 2743 5859 codex
2792 5802 2858 5857 ad
2913 5802 2999 5859 illa
3046 5800 3209 5856 verba
3262 5800 3468 5861 Justini
3510 5814 3666 5869 appo-
