3858 6260
379 316 484 372 859

1084 315 1354 374 EUSEBII
1390 314 1873 373 CAESARIENSIS
1913 317 1953 374 0

2059 361 2063 372 .
2110 317 2286 374 PARS
2324 318 2365 375 Ι.
2409 349 2477 362 -
2516 316 2913 373 ΗΚΞΤΟΚΠΟΑ.

3529 315 3629 372 860

381 430 614 501 cuipiam
664 432 817 487 alteri
855 431 1096 487 secundo
1145 447 1173 485 a
1207 432 1428 487 Christo
1468 432 1589 487 loco
1634 448 1949 488 concessum

2059 434 2204 488 δειαν
2236 432 2646 505 διατεθειμένῳ,
2682 432 2888 503 δυνατῷ
2938 449 2998 485 τε
3045 432 3157 485 ὂντι
3208 427 3413 502 μᾶλλον
3461 429 3632 482 ἁπάν-

381 533 508 588 est;
542 524 666 578 huic
718 522 966 577 videlicet
1012 524 1284 578 exercitus
1336 524 1491 592 hujus
1529 525 1760 589 doctori,
1793 541 1950 596 quem

387 614 591 679 primus
616 614 727 681 ipse
755 624 810 669 et
867 615 1133 670 maximus
1174 615 1444 681 Pontifex,
1480 619 1706 673 secundi
1743 628 1863 688 post
1894 636 1952 673 se

387 703 485 755 lori
538 704 838 757 sacerdotio
880 705 933 757 itt
973 706 1073 759 hoc
1126 707 1369 761 sacrario
1418 707 1749 771 decoratum,
1788 710 1950 763 divini

333 808 345 822 θ
387 793 561 860 gregis
587 794 750 846 vestri
778 805 1232 862 pastorem,sorte
1257 813 1321 851 ac
1348 795 1551 865 judicio
1572 797 1748 851 Patris
1779 800 1953 852 omni-

386 886 619 951 potentis
672 886 795 940 huic
847 888 1044 955 populo
1096 887 1431 959 przrfeetum,
1470 900 1654 959 utpote
1690 892 1951 945 cultorem

386 982 544 1040 atque
581 975 930 1043 interpretem
975 995 1152 1044 suum,
1185 956 1465 1033 constituit
1510 998 1521 1035 :
1560 998 1757 1034 novum
1787 983 1955 1035 Aaro-

385 1079 533 1126 nem,
566 1074 618 1119 et
664 1065 1131 1131 Melrhiscdeccm,
1180 1070 1466 1138 imaginem
1520 1071 1642 1124 Filii
1693 1073 1779 1125 Dei
1821 1074 1953 1141 :qui

387 1151 440 1209 iit
471 1170 787 1227 perpetuum
834 1170 1036 1224 manet,
1072 1170 1126 1215 et
1174 1164 1552 1217 communibus
1590 1168 1829 1218 omnium
1864 1184 1956 1219 ve-

386 1261 561 1305 strttm
596 1253 735 1306 votis
764 1253 830 1307 ab
858 1269 923 1307 eo
948 1264 1322 1309 conservatur.
1360 1255 1493 1310 lluic
1522 1256 1683 1325 igitur
1716 1259 1804 1310 uui
1838 1269 1959 1326 post

382 1345 619 1411 primum
651 1345 798 1399 illum
833 1355 889 1401 et
926 1347 1216 1401 maximum
1250 1349 1582 1416 pontificem,
1608 1350 1653 1403 si
1696 1366 1798 1403 non
1845 1352 1955 1420 pri-

389 1453 526 1500 mas,
554 1447 608 1490 at
636 1449 783 1493 certe
823 1440 1090 1505 secundas
1124 1450 1308 1507 partes
1335 1441 1487 1494 obire
1516 1440 1678 1496 liceat
1707 1442 1757 1495 iu
1790 1443 1959 1511 inspi-

387 1529 597 1584 ciendis
632 1530 991 1598 eurandisque
1031 1531 1338 1586 animarum
1370 1545 1673 1589 vestrarum
1707 1545 1956 1604 penetra—

388 1622 530 1680 libus
574 1640 588 1677 :
623 1626 822 1694 quippe
852 1626 942 1696 qui
978 1636 1089 1680 tum
1114 1628 1286 1680 multo
1308 1644 1407 1683 usu
1437 1641 1489 1682 et
1518 1630 1680 1701 longo
1706 1633 1959 1699 temporis

391 1719 568 1787 spatio
602 1735 1037 1789 unumquemque
1069 1728 1305 1775 vestrum
1342 1731 1595 1777 accurate
1627 1727 1956 1793 cognoverit,

2053 542 2179 588 των,
2215 519 2289 578 ὧν
2329 525 2490 587 αὐτὸς
2520 525 2616 577 σὺν
2650 524 2769 596 θείᾳ
2811 524 3036 595 δυνάμει
3078 521 3450 594 κατηρτίσατο
3499 519 3629 590 (Η),

2052 619 2255 670 τούτων
2281 620 2390 680 τοῖς
2415 616 2591 687 ἕργοις
2618 615 2924 686 ἐφαμίλλως
2951 613 3238 668 ἀποδοῦναι
3256 613 3388 675 τοὺς
3415 610 3626 677 λόγους.

2067 709 2123 761 '0
2156 709 2252 780 μὲν
2283 705 2373 762 οὖν
2418 710 2629 781 πρῶτος
2658 710 2752 761 καὶ
2797 708 2969 778 μέγας
2997 704 3151 777 ἡμῶν
3186 704 3507 775 ἀρχιερεὺς,
3535 703 3630 755 ὅσα

2057 799 2238 870 βλέπει
2266 800 2355 853 τὸν
2381 801 2596 872 Πατέρα
2642 799 2917 857 ποιοῦντα,
2957 798 3148 859 ταῦτα,
3192 798 3380 868 φησιν,
3434 794 3629 863 ὁμοίως

2055 890 2148 944 καὶ
2173 892 2200 942 ὁ
2233 891 2353 954 Υἱὸς
2380 894 2552 943 ποιεῖ·
2585 894 2612 944 ὁ
2637 890 2692 943 δὲ
2726 890 2819 943 καὶ
2847 890 3008 952 αὐτὸς
3039 890 3115 952 ὡς
3143 889 3206 942 ἂν
3244 890 3337 941 ἐπὶ
3374 886 3629 940 διδάσκα-

2054 981 2143 1033 λον
2176 983 2265 1034 τὸν
2303 982 2516 1053 πρῶτον
2547 982 2801 1052 καθαροῖς
2829 982 2946 1043 νοὸς
2983 980 3222 1052 δμμασιν
3262 978 3510 1050 ἀφορῶν,
3534 978 3631 1030 ὅσα

2059 1070 2241 1140 βλέπει
2256 1072 2528 1134 ποιοῦντα,
2549 1072 2622 1135 ὡς
2646 1074 2708 1125 ἂν
2730 1072 3054 1143 ἀρχετύποις
3073 1070 3353 1141 χρώμενος
3373 1068 3632 1139 παραδεί-

2057 1180 2251 1231 γμασι,
2266 1163 2468 1216 τούτων
2484 1164 2582 1227 τὰς
2601 1163 2813 1226 εἰκόνας
2832 1164 2905 1225 ὡς
2930 1163 3005 1215 ἔνι
3032 1163 3262 1232 μάλιστα
3283 1161 3531 1223 δυνατὸν,
3554 1161 3631 1222 είς

2056 1253 2116 1306 ea
2141 1255 2451 1323 ὁμοιότατον
2480 1253 2825 1325 δημιουργῶν
2850 1254 3240 1325 ἀπειργάσατο,
3258 1253 3417 1306 οὐδὲν
3442 1253 3631 1321 ἐκείνῳ

2058 1345 2368 1399 καταλιπὼν
2394 1346 2471 1416 τῷ
2497 1346 2781 1420 Βεσελεὴλ,
2824 1346 2882 1399 ὃν
2912 1346 3072 1410 αὐτὸς
3098 1348 3126 1399 ό
3158 1346 3292 1409 Θεὸς
3324 1346 3631 1416 πνεύματος

2059 1437 2342 1508 ἐμπλήσας
2376 1438 2564 1506 σοφίας
2584 1438 2678 1491 καὶ
2716 1437 2981 1500 συνέσεως
3017 1437 3111 1491 καὶ
3158 1437 3258 1507 τῆς
3296 1436 3469 1507 ἄλλης
3496 1435 3632 1488 ἐντέ-

2058 1548 2186 1601 χνου
2217 1530 2309 1583 καὶ
2346 1530 2771 1601 ἐπιστημονικῆς
2794 1529 3066 1599 γνώσεως,
3096 1529 3194 1599 τῆς
3222 1528 3334 1581 τῶν
3362 1527 3629 1599 οὐρανίων

2058 1621 2260 1684 τύπων,
2287 1620 2374 1672 διὰ
2394 1638 2456 1673 συ
2466 1621 2675 1691 μϐόλων
2700 1621 2825 1674 ναοῦ
2854 1622 3196 1692 κατασκευῆς
3212 1620 3257 1689 (1
3268 1620 3346 1685 5),
3370 1620 3632 1690 δημιουρ-

2058 1711 2153 1778 γὸν
2202 1711 2587 1782 ἀνακέκληται.
2617 1710 2798 1786 Ταύτῃ
2823 1714 2866 1765 δ’
2894 1710 2985 1766 οὖν
3004 1714 3095 1766 καὶ
3114 1713 3198 1766 ὅδε
3228 1711 3466 1784 Χριστὸν
3489 1712 3627 1774 ὅλον,

393 1825 505 1867 tum
532 1815 712 1869 studio
736 1831 833 1870 suo
862 1831 927 1871 ac
960 1815 1240 1885 diligentia
1268 1824 1495 1870 cunctos
1534 1820 1603 1870 ad
1640 1818 1953 1873 modestiam

2061 1799 2149 1853 τὸν
2197 1801 2387 1869 Λόγον,
2431 1801 2527 1873 τὴν
2568 1804 2779 1872 σοφίαν,
2805 1804 2864 1856 τὸ
2890 1803 3024 1873 φῶς,
3057 1806 3115 1856 ἐν
3148 1806 3212 1874 τῇ
3251 1802 3417 1867 αὐτὸς
3458 1802 3629 1856 αὑτοῦ

390 1914 447 1959 et
502 1906 717 1973 pietatis
768 1907 1069 1961 doctrinam
1103 1908 1266 1979 377
1314 1909 1692 1964 iuformaverit
1727 1925 1740 1961 :
1772 1919 1826 1964 et
1862 1914 1953 1981 qui

391 2009 502 2061 pra:
527 1995 739 2049 caeteris
768 1997 1021 2050 omnibus
1047 2014 1234 2051 carum
1272 2014 1451 2052 rerum
1477 2014 1611 2068 quas
1640 2000 1816 2054 divina
1843 2003 1954 2054 vir-

394 2093 505 2136 tute
540 2085 804 2152 perfecit,
843 2089 1078 2143 ratioues
1130 2089 1358 2145 reddere
1406 2091 1549 2145 valet
1600 2092 1953 2161 magnitudini

389 2190 610 2246 opermn
663 2180 1069 2247 respondentes.
1117 2183 1195 2235 Ac
1253 2184 1460 2250 primus
1517 2186 1732 2252 quidem
1777 2184 1864 2239 ille
1901 2194 1955 2238 et

392 2266 660 2319 maximus
694 2267 942 2321 Pontifex
990 2279 1197 2332 noster,
1249 2286 1583 2340 quaecunque
1626 2273 1839 2327 Patrem
1878 2273 1954 2326 fa-

390 2357 617 2412 cientem
640 2358 806 2423 videt,
848 2359 1251 2431 eadem,inquit
1281 2402 1296 2422 ,
1332 2363 1494 2416 simili
1536 2364 1692 2417 modo
1726 2363 1853 2418 facit
1900 2374 1955 2420 et

387 2446 555 2504 [ilius
576 2450 641 2504 ⁷³.
699 2449 797 2503 llic
833 2466 960 2504 vero
1018 2459 1271 2519 tauquam
1316 2453 1368 2505 itt
1430 2454 1747 2522 magistrum
1790 2470 1955 2523 puros

387 2541 581 2597 tuentis
614 2542 800 2597 oculos
856 2543 1067 2597 defixus
1128 2544 1371 2597 habens:
1412 2560 1748 2614 quau-Imque
1773 2548 1840 2600 ab
1888 2563 1953 2601 eo

387 2634 504 2689 fieri
529 2635 690 2697 videt,
719 2636 888 2688 instar
913 2634 1240 2703 exemplaris
1265 2635 1363 2688 sibi
1401 2651 1729 2705 proponens,
1766 2653 1951 2693 eorum

387 2725 651 2797 imagines
682 2725 862 2793 quoad
916 2724 1030 2791 ejus
1072 2725 1183 2778 ﬁeri
1219 2734 1412 2792 potest,
1440 2725 1504 2777 ad
1541 2727 1949 2782 similitudinem

383 2831 672 2884 expressas
692 2815 914 2873 elliuxit.
945 2818 1090 2871 Nihil
1122 2818 1276 2886 plane
1302 2818 1524 2876 inferior
1548 2817 1813 2874 Beseleele
1841 2820 1950 2883 illo,

386 2922 544 2978 quem
586 2906 729 2959 Deus
772 2909 885 2975 ipse
931 2908 1122 2977 Spiriltl
1170 2908 1451 2976 sapientiae
1483 2920 1537 2962 et
1585 2908 1953 2979 intelligentiae

384 2998 671 3067 omnisque
701 2998 990 3068 ingeniosa:
1017 3014 1081 3053 ac
1109 2998 1324 3053 solertis
1369 3001 1574 3069 perime
1607 3016 1729 3055 cum
1765 3002 1953 3071 imple—

388 3091 589 3155 visset,
625 3090 925 3144 cmlestium
969 3091 1148 3158 templi
1184 3092 1476 3163 imaginum
1528 3109 1624 3163 per
1666 3095 1952 3149 adumbra-

2056 1892 2519 1963 ἀγαλματοφορῶν
2533 1892 2645 1965 (16)
2662 1894 2828 1967 ψυχῇ,
2848 1896 2953 1949 οὐδ’
2972 1896 3115 1949 ἐστιν
3131 1897 3305 1948 εἰπεῖν
3319 1896 3408 1967 οἵᾳ
3429 1897 3525 1949 σὺν
3544 1911 3634 1965 με·

2055 1983 2445 2058 γαλοιρροσιῖνῃ,
2470 1984 2698 2059 πλουσίᾳ
2717 2005 2777 2041 τε
2803 1990 2897 2041 καὶ
2919 1988 3180 2059 ἀπλήστῳ
3201 1986 3438 2051 διανοίας
3464 1986 3631 2059 χειρὶ,

2055 2082 2147 2134 καὶ
2181 2082 2278 2134 σὺν
2306 2083 2393 2154 οἵᾳ
2426 2083 2639 2137 πάντων
2679 2083 2831 2155 ὑμῶν
2868 2082 3166 2155 φιλοτιμίᾳ,
3197 2085 3263 2153 τῇ
3300 2083 3410 2136 τῶν
3445 2084 3632 2149 εἰσφο-

2058 2172 2167 2245 ρῶν
2200 2174 2594 2246 μεγαλοψυχία,
2626 2175 2726 2245 τῆς
2773 2175 2945 2245 αὐτῆς
2978 2174 3124 2245 αὐτῷ
3154 2174 3463 2245 προθέσεως
3490 2173 3634 2226 κατὰ

2058 2264 2262 2337 μηδένα
2288 2267 2486 2339 τρόπον
2519 2266 2905 2335 ἀπολειφθῆναι
2940 2265 3363 2337 φιλονεικότερον
3400 2266 3634 2336 μεγαλο-

2055 2359 2453 2430 φρονουμένων,
2489 2360 2577 2412 τὸν
2610 2358 2997 2430 μεγαλοπρεπῆ
3026 2356 3173 2410 τόνδε
3200 2356 3335 2410 θεοῦ
3367 2357 3461 2411 τοῦ
3502 2360 3630 2428 ὑψί-

2056 2467 2180 2504 στου
2212 2450 2367 2517 νεὼν,
2400 2451 2479 2523 τῷ
2527 2450 2620 2505 τοῦ
2668 2450 2974 2522 κρείττονος
3021 2450 3421 2521 παραδείγματι
3453 2451 3530 2513 ὡς
3562 2451 3630 2503 ἂν

2052 2543 2326 2615 ὁρώμενον
2355 2543 2429 2615 μὴ
2459 2542 2757 2617 ὁρωμένου,
2790 2543 2889 2614 τὴν
2924 2542 3083 2611 φύσιν
3113 2543 3326 2614 ἐμφερῆ
3364 2544 3632 2614 συνεστή-

2054 2652 2182 2689 σατο
2200 2653 2212 2666 ’
2248 2633 2422 2707 χῶρον
2454 2636 2550 2706 μὲν
2578 2635 2747 2690 τόνδε.
2782 2635 2863 2687 ὅτι
2892 2634 2985 2688 καὶ
3015 2632 3160 2699 ἄξιον
3188 2636 3382 2697 εἰπεῖν,
3413 2633 3629 2705 πρῶτον

2054 2730 2324 2795 ἁπάντων,
2359 2727 2539 2799 πάσης
2564 2729 2623 2781 οὐ
2648 2728 2891 2801 καθαρᾶς
2918 2725 3049 2798 ὕλης
3078 2725 3286 2797 ἐχθρῶν
3318 2726 3629 2790 ἐπιϐουλαῖς

2051 2819 2534 2889 κατακεχωσμένον
2588 2819 2649 2871 οὐ
2697 2817 2961 2889 παριδὼν,
3013 2817 3133 2871 οὐδὲ
3172 2819 3237 2887 τῇ
3284 2816 3395 2869 τῶν
3441 2816 3630 2870 αἰτίων

2052 2912 2455 2982 παραχωρήσας
2487 2909 2675 2981 κακίᾳ,
2714 2909 2831 2975 ἐξὸν
2878 2909 2962 2977 ἐφ’
3013 2908 3199 2978 ἕτερον
3243 2906 3485 2970 ἐλθόντα,
3525 2925 3628 2977 μυ·-

2053 3003 2183 3074 ρίων
2230 3001 2401 3055 ἄλλων
2450 3001 2858 3071 εὐπορουμένων
2904 3003 2968 3071 τῇ
3005 3000 3176 3062 πόλει,
3213 2998 3495 3072 ῥᾳστώνην
3540 2998 3632 3052 εὖ·

2060 3093 2254 3166 ρασθαι
2291 3093 2386 3147 τοῦ
2435 3093 2618 3155 πόνου,
2660 3093 2754 3145 καὶ
2788 3093 3126 3164 πραγμάτων
3169 3091 3534 3163 ἀπηλλάχθαι.
3573 3092 3631 3146 ’0

390 3193 473 3235 tas
504 3183 764 3250 quasdam
802 3180 1000 3250 figuras
1041 3183 1249 3235 fabrum
1282 3195 1445 3253 atque
1468 3186 1731 3240 artificem
1771 3187 1948 3255 elegit.

2059 3189 2110 3242 δὲ
2144 3188 2356 3259 πρῶτον
2397 3188 2558 3241 αὑτὸν
2593 3188 2682 3241 ἐπὶ
2714 3187 2774 3241 τὸ
2821 3188 2979 3258 ἔργον
3026 3187 3263 3258 ἐγείρας,
3300 3183 3421 3241 εἶτα
3451 3188 3507 3241 δὲ
3538 3190 3631 3241 τὸν

384 3276 468 3329 Ad
502 3275 748 3329 eumdem
778 3275 940 3341 igitur
981 3275 1196 3329 modum
1232 3276 1317 3330 hic
1361 3285 1545 3330 noster
1584 3287 1749 3331 totum
1802 3278 1957 3333 Chri-

387 3376 555 3430 stum,
588 3366 679 3436 qui
732 3365 986 3432 Verbum,
1036 3368 1302 3437 sapientia
1355 3377 1410 3421 et
1457 3366 1547 3420 lux
1603 3377 1721 3434 est,
1761 3369 1812 3422 in
1858 3384 1952 3423 sua

392 3461 556 3530 ipsius
597 3469 776 3513 tuente
808 3467 1063 3528 tanquam
1100 3460 1386 3529 imaginem
1419 3468 1638 3531 gestans
1665 3480 1678 3515 :
1711 3460 1812 3513 dici
1850 3476 1961 3514 non

386 3563 565 3622 potest
596 3562 795 3622 quanta
824 3568 945 3606 cum
978 3553 1141 3605 animi
1174 3554 1564 3622 magnitudine,
1630 3566 1790 3624 quam
1821 3570 1956 3624 opu-

391 3646 531 3699 lenta
581 3654 634 3698 et
678 3643 899 3714 prodiga
947 3643 1142 3697 mentis
1181 3659 1377 3710 manu,
1414 3654 1616 3712 quanta
1647 3646 1807 3699 etiam
1840 3661 1956 3698 ont-

388 3737 537 3790 nium
570 3746 805 3789 vestrum
830 3735 1171 3798 liberalitate,
1204 3738 1295 3804 qui
1329 3746 1509 3790 vestra
1536 3739 1586 3790 in
1610 3737 1955 3793 conferendis

388 3827 689 3896 sumptibus
739 3828 1134 3898 magnificentia
1162 3829 1318 3899 quasi
1365 3847 1487 3885 cum
1530 3831 1620 3885 illo
1659 3841 1955 3895 certantes,

388 3934 456 3973 ne
478 3915 595 3993 ejus
632 3918 853 3973 consilio
882 3919 1166 3974 inferiores
1202 3920 1307 3974 ulla
1339 3936 1406 3975 ex
1452 3933 1605 3991 parte
1636 3921 1955 3976 videremiui

386 4009 725 4063 ambitiosius
754 4011 1143 4065 contendistis:
1172 4011 1275 4066 hoc
1301 4012 1647 4082 magnificum
1680 4013 1771 4067 Dei
1801 4013 1955 4066 altis-

387 4102 512 4155 simi
555 4102 807 4169 templum
843 4103 985 4170 quod
1011 4105 1111 4157 sub
1161 4115 1440 4172 aspectum
1471 4106 1633 4169 cadit,
1670 4105 1734 4159 ad
1772 4120 1954 4159 exem-

391 4194 535 4262 plum
571 4195 958 4263 prtrstautioris
1007 4196 1150 4251 illius
1201 4198 1381 4267 templi
1422 4198 1564 4267 quod
1608 4197 1755 4252 cerni
1782 4198 1954 4253 oculis

390 4302 498 4339 non
535 4295 727 4355 potest.
754 4300 914 4353 quam
962 4287 1076 4342 fieri
1118 4289 1290 4356 potuit
1338 4289 1669 4343 simillimum
1723 4288 1943 4345 fabrica-

396 4377 549 4430 verit.
578 4374 643 4427 Et
687 4378 831 4429 hunc
862 4377 1073 4444 quidem
1127 4378 1300 4432 locum
1347 4380 1436 4449 (de
1486 4380 1586 4433 hoc
1627 4379 1770 4434 enim
1828 4390 1953 4434 ante

389 4467 570 4520 omnia
614 4466 899 4521 dicendum
934 4467 1162 4539 videtur)
1219 4486 1379 4539 quem
1427 4472 1668 4525 omnium
1711 4470 1950 4525 sordium

391 4575 455 4614 ac
504 4567 974 4628 purgamentorum
1031 4562 1285 4627 congerie
1335 4563 1539 4616 inimici
1587 4562 1955 4619 fraudulenter

390 4653 777 4712 adobrttcraot,
834 4650 1053 4704 minime
1105 4652 1478 4722 negligendum
1537 4663 1685 4709 ratus
1726 4673 1740 4709 :
1780 4670 1953 4725 neque

460 4747 507 4780 "
530 4747 685 4802 Joan.
720 4764 770 4811 ι’,
799 4746 882 4800 l9.

466 4835 716 4912 (Ι-ἢὯν
739 4838 989 4912 adadp...
1028 4838 1439 4912 κατηρτίσατο.
1489 4838 1738 4907 lntelligit
1778 4838 1945 4912 fabri-

394 4909 513 4963 cant
552 4911 807 4964 Eeclesim
843 4909 970 4978 'l'yri
1014 4919 1120 4961 tam
1158 4910 1451 4977 spiritalem
1494 4925 1654 4976 quam
1700 4911 1954 4961 materia-

395 4982 499 5035 lent
540 4998 553 5034 :
593 4980 747 5045 cujus
786 4980 1014 5032 fortnam
1058 4993 1118 5032 ac
1157 4978 1419 5032 rationem
1456 4980 1629 5030 solum
1684 4979 1757 5030 ait
1793 4979 1956 5033 edere

398 5064 557 5117 posse
598 5050 899 5113 l’attlintt'n,
931 5049 1021 5118 qui
1060 5064 1178 5102 eam
1223 5048 1480 5102 fabricam
1517 5050 1695 5102 divina
1736 5062 1835 5117 ope
1865 5062 1956 5101 ar-

398 5119 721 5170 chitectatus
750 5127 846 5171 est.

466 5186 574 5256 (15)
606 5186 767 5239 Ναοῦ
797 5187 1193 5257 κατασκευῆς.
1238 5186 1470 5241 Beseleel
1503 5203 1688 5241 arcam
1738 5202 1829 5240 seu
1875 5195 1957 5240 ta-

401 5257 747 5309 bernaculum
781 5258 865 5310 Dei
900 5256 1205 5318 fabricavit,
1236 5272 1339 5310 nou
1373 5268 1551 5312 autem
1583 5257 1860 5325 templum,
1897 5267 1956 5311 ttt

399 5327 596 5397 legitur
628 5328 679 5379 in
706 5326 875 5379 Exodi
912 5343 1031 5396 cap.
1066 5341 1295 5381 xxxvnt.
1341 5328 1620 5395 Templum
1656 5328 1819 5397 igitur
1854 5328 1955 5397 im-

399 5395 612 5463 proprie
656 5399 820 5449 sumit
873 5395 1136 5450 Eusebius
1178 5412 1278 5464 pro
1334 5395 1703 5451 tabernaculo.
1755 5395 1955 5449 Eodem

398 5468 513 5519 fere
545 5468 700 5519 modo
724 5506 737 5523 .
784 5481 891 5535 quo
939 5468 989 5519 in
1041 5468 1259 5520 Actibus
1298 5468 1659 5534 apostolorum
1699 5465 1952 5533 templum

402 5536 580 5588 Diana:
604 5536 799 5588 dicitur
829 5552 923 5601 pro
952 5538 1200 5589 mdicula.

471 5605 577 5672 (Hi)
635 5605 1179 5675 Ἀγαλματοερορῶν.
1232 5603 1539 5674 Metaphora
1586 5614 1668 5661 est
1701 5620 1729 5658 a
1767 5617 1956 5675 sacer-

396 5672 928 5746 du_tibt_ts_gentilium
951 5672 1085 5746 ,‘qui
1130 5672 1417 5729 simulacra
1445 5677 1668 5730 deorum
1715 5673 1956 5746 humeris

398 5743 512 5796 suis
558 5740 884 5811 bajttlabant.
922 5755 982 5799 ut
1014 5740 1195 5798 notavi
1222 5746 1287 5798 ad
1319 5746 1411 5799 lib.
1440 5761 1550 5799 ml
1600 5747 1775 5799 Amm.
1806 5743 1953 5798 Mar-

930 5853 953 5860 ο

2058 3275 2344 3347 σύμπαντα
2376 3275 2501 3328 λαὸν
2534 3275 2811 3348 προθυμίᾳ
2855 3276 3032 3346 ῥώσας
3072 3279 3163 3331 καὶ
3204 3278 3331 3347 μίαν
3366 3277 3425 3344 ἐξ
3455 3278 3630 3331 ἁπάν-

2053 3386 2159 3422 των
2202 3368 2440 3439 μεγάλην
2470 3371 2623 3440 χεῖρα
2658 3368 2999 3436 συναγαγὼν,
3040 3370 3253 3441 πρῶτον
3287 3365 3449 3423 ἆθλον
3483 3374 3632 3439 ἠγω-

2054 3459 2227 3524 νίζετο
2251 3457 2381 3531 (l7),
2418 3458 2584 3528 αὐτὴν
2627 3458 2689 3528 δὴ
2728 3459 2960 3529 μάλιστα
2992 3459 3087 3530 τὴν
3126 3460 3230 3513 ὑπὸ
3263 3461 3371 3514 τῶν
3422 3463 3632 3534 ἐχθρῶν

2056 3550 2578 3622 πεπολιορκημένην,
2606 3549 2771 3619 αὐτὴν
2797 3551 2896 3620 τὴν
2920 3553 3158 3623 προπονή
3169 3570 3360 3616 σασαν,
3388 3557 3482 3608 καὶ
3506 3557 3631 3620 τοὺς

2055 3643 2248 3705 αὐτοὺς
2285 3644 2416 3713 ἡμῖν
2462 3641 2553 3694 καὶ
2586 3641 2691 3712 πρὸ
2731 3639 2887 3712 ἡμῶν
2924 3641 3195 3712 διωγμοὺς
3230 3644 3628 3714 ὑπομείνασαν,

2055 3736 2151 3805 τὴν
2188 3733 2388 3805 μητρὸς
2418 3733 2574 3801 δίκην
2600 3733 2707 3785 τῶν
2739 3733 2942 3785 τέκνων
2986 3733 3363 3804 ἐρημωθεῖσαν
3402 3736 3626 3808 Ἐκκλη-

2059 3828 2196 3890 σίαν,
2234 3823 2628 3878 συναπολαῦσαι
2659 3823 2765 3876 δεῖν
2791 3824 3034 3895 οἰόμενος
3059 3825 3156 3894 τῆς
3190 3824 3280 3877 τοῦ
3314 3826 3628 3892 παναγάθου

2060 3917 2486 3989 μεγαλοδωρεᾶς.
2531 3915 2747 3986 Ἐπειδὴ
2796 3914 2903 3986 γὰρ
2930 3916 3056 3979 τοὺς
3097 3916 3293 3979 παῖδας
3321 3913 3479 3980 αὖθις
3514 3919 3628 3985 (l8)

2055 4010 2084 4061 ὁ
2116 4007 2285 4079 μέγας
2335 4006 2556 4077 ποιμὴν,
2606 4006 2731 4067 τοὺς
2775 4004 2946 4077 θῆρας
2985 4007 3077 4058 καὶ
3115 4006 3241 4068 τοὺς
3286 4005 3487 4068 λύκους
3535 4008 3629 4061 καὶ

2057 4101 2162 4152 πᾶν
2195 4099 2398 4168 ἀπηνὲς
2446 4097 2537 4150 καὶ
2566 4096 2756 4167 ἄγριον
2800 4098 2955 4165 γένος
2992 4096 3359 4167 ἀποσοϐήσας,
3409 4099 3503 4151 καὶ
3531 4100 3629 4160 τὰς

2059 4192 2226 4264 μύλας
2257 4191 2364 4244 τῶν
2395 4191 2641 4252 λεόντων,
2765 4206 2895 4259 φησι
2931 4189 2999 4242 τὰ
3049 4190 3166 4243 θεῖα
3198 4190 3379 4259 λόγια,
3417 4192 3629 4263 συντρίο

2054 4285 2179 4356 ψας,
2215 4285 2306 4336 ἐπὶ
2335 4283 2527 4336 ταύτὸν
2570 4277 2721 4346 αὖθις
2753 4280 3023 4334 συνελθεῖν
3061 4282 3280 4351 ἠξίωσε,
3311 4283 3629 4337 δικαιότατα

2055 4377 2148 4430 καὶ
2180 4376 2277 4446 τῆς
2308 4374 2539 4443 ποίμνης
2570 4373 2667 4443 τὴν
2699 4372 2939 4444 μάνδραν
2968 4374 3176 4442 ἀνίστη,
3207 4372 3298 4426 τοῦ
3331 4375 3627 4446 καταισχὺς

2055 4487 2141 4524 ναι
2184 4465 2375 4537 ἐχθρὸν
2416 4464 2511 4518 καὶ⁵
2553 4463 2847 4534 ἐκδικητὴν
2877 4463 3009 4533 (l9),
3045 4466 3140 4517 καὶ
3182 4464 3257 4528 ὡς
3306 4464 3373 4518 ἂν
3408 4466 3629 4536 ἔλεγχον

1984 4543 2029 4598 D
2056 4563 2174 4624 ταῖς
2211 4556 2493 4628 θεομάχοις
2525 4554 2631 4608 τῶν
2671 4555 2881 4608 ἀσεϐῶν
2914 4556 3213 4627 προαγάγοι
3240 4558 3490 4628 τόλμαις.
3520 4562 3627 4613 Καὶ

2057 4651 2152 4707 νῦν
2200 4651 2247 4704 οἱ
2301 4649 2396 4721 μὲν
2445 4647 2543 4700 οὐκ
2595 4648 2731 4700 εἰσιν
2766 4646 2877 4719 (20)
2914 4649 2964 4700 oi.
3020 4647 3314 4719 θεομισεῖς,
3363 4650 3444 4702 ὅτι
3494 4652 3626 4722 μηδέ

2053 4835 2231 4892 cellini
2252 4875 2266 4900 ,
2297 4836 2384 4890 1ώί
2415 4837 2481 4906 de
2508 4836 2725 4891 Iuliano
2757 4838 2886 4904 imp.
2916 4838 3082 4892 dicit:
3121 4836 3368 4891 «Vebens
3396 4839 3621 4893 liceum

2055 4922 2152 4974 pro
2183 4909 2555 4963 sacerdotibus
2584 4923 2760 4964 sacra.
2789 4925 2809 4959 ι
2840 4908 3043 4962 Eadem
3074 4923 3178 4962 vox
3208 4910 3428 4962 occurri
3489 4911 3622 4963 infra

2091 4991 2177 5039 ag.
2207 4977 2331 5031 584.

2051 4993 2501 5117 νπῗίῖῗδῆρῶτον
2538 5041 2724 5103 ἆθλον
2748 5047 3090 5118 ἠγωνίζετο.
3134 5047 3341 5103 Alludit
3376 5052 3445 5103 ad
3484 5050 3623 5103 llerv

2051 5117 2186 5169 culis
2220 5117 2428 5171 labores
2460 5133 2552 5171 seu
2592 5120 2917 5172 certamina.

2121 5186 2232 5261 (l8_)
2265 5186 2414 5261 Τοὺς
2433 5183 2859 5261 πα-ῖδαςμαῦθιςλ.
2893 5187 3173 5261 Legum);
3193 5189 3392 5253 παῖδας
3425 5191 3619 5261 αὐτῆς,

2053 5256 2241 5324 supple
2265 5256 2608 5326 Ἐκκλησίας.
2639 5258 2978 5324 Alioquimisi
3016 5258 3088 5326 ita
3109 5261 3416 5326 scripseris,
3448 5263 3533 5314 bis
3558 5256 3618 5315 ιιι

2055 5323 2243 5379 eadem
2271 5323 2495 5390 periodo
2527 5323 2863 5393 repeteretur
2895 5342 2996 5378 vox
3020 5323 3194 5390 αὖθις.

2127 5395 2235 5465 (l9)
2277 5395 2524 5467 ’βχθρόν
2544 5396 2639 5467 καί
2662 5395 2997 5461 ἐκδικητήν.
3027 5396 3194 5450 Verba
3227 5408 3353 5450 sunt
3380 5414 3448 5453 ex
3483 5403 3621 5467 psal-

2056 5481 2142 5517 mo
2166 5480 2260 5518 VIII
2292 5465 2528 5524 Davtdis,
2554 5465 2639 5518 ttbi
2669 5468 2825 5518 hodie
2848 5468 3061 5533 legitur,
3093 5485 3112 5517 ι
3148 5476 3205 5517 ttt
3239 5465 3491 5523 destruas
3521 5473 3618 5522 ini-

2056 5538 2253 5589 tuicunt
2283 5546 2337 5587 et
2369 5534 2618 5588 ultorem.
2667 5556 2684 5587 ι
2723 5534 2884 5588 Vetus
2916 5537 3092 5588 vet-sio
3119 5536 3403 5592 Gallicana
3448 5541 3613 5594 habe--

2053 5605 2165 5665 hat,
2203 5623 2224 5654 ι
2261 5613 2317 5657 ut
2346 5604 2595 5658 destruas
2629 5605 2904 5659 inimicum
2943 5615 2994 5659 et
3026 5606 3390 5671 defensorem,
3431 5629 3452 5662 ι
3484 5622 3616 5663 teste

2054 5674 2297 5740 Sulpicio
2324 5674 2374 5725 in
2415 5673 2527 5726 Vita
2555 5673 2799 5728 Martini.

2122 5743 2233 5805 120)
2265 5745 2369 5797 Kal
2397 5743 2513 5798 νῦν
2540 5745 2648 5799 οὐκ
2673 5747 2853 5798 εἰσίν.
2886 5744 3129 5799 Imitatur
3154 5746 3417 5800 Eusebius
3444 5754 3611 5802 locum
