3858 6260
179 349 292 409 861

1245 365 1590 422 HISTORle
1632 337 2191 428 ECCLESLItsrtm:
2231 374 2340 428 LIB
2401 372 2465 428 Χ.

3372 381 3476 437 86?.

187 473 371 549 ἦσαν’
420 482 506 544 εἰς
575 483 750 554 βραχύ
796 485 852 536 δέ
901 485 1236 556 ταράξαντες
1285 488 1378 539 καὶ
1420 485 1781 560 ταραχθέντες

1909 507 2092 545 eorum
2129 495 2220 564 qui
2277 496 2392 565 ejus
2431 497 2508 550 rei
2565 506 2815 553 auctores
2850 498 3090 566 fuerant,
3143 501 3471 570 improbitati

197 568 301 627 εἷθ’
337 574 679 645 ὑποσχόντες
704 578 973 647 τιμωρίαν
1006 580 1065 631 ού
1115 580 1367 651 μεμπτὴν
1395 585 1461 652 τῇ
1494 582 1638 655 δίκῃ,
1667 585 1792 636 ἐαυ-

203 668 331 730 τοὺς
360 667 460 720 καὶ⁸
484 668 676 734 φίλους
701 671 793 722 καὶ
818 670 1018 734 οἴκους,
1047 672 1214 743 ἄρδην
1275 675 1603 738 ἀναστάτους
1667 694 1798 730 κατ-

206 759 473 828 έστησαψ
504 759 579 822 ὡς
602 760 700 822 τὰς
724 760 886 813 πάλαι
921 761 1141 831 στήλαις
1159 763 1328 832 ἱεραῖς
1359 766 1798 835 καταγραφείσας

207 849 568 917 προρρήσεις,
605 849 782 919 ἔργοις
815 850 1007 912 πιστάς
1033 850 1425 920 ὁμολογεῖσθαι,
1454 853 1521 906 δι’
1545 847 1616 906 ὧν
1645 855 1714 907 τά
1739 870 1798 908 τε

205 939 344 991 ἄλλα
379 941 408 990 6
451 938 594 1002 θεῖος
627 940 954 1010 ἐπαληθεύει
1005 941 1180 1010 λόγος,
1214 943 1352 1016 ἀτὰρ
1394 944 1488 998 καὶ
1517 946 1640 999 τάδε
1672 948 1797 1020 περὶ

204 1031 392 1084 αὐτῶν
433 1032 899 1104 ἀποφαινόμενος·
935 1055 953 1085 ‹
1029 1036 1329 1106 Ῥομφαίαν
1388 1038 1696 1091 ἐσπάσαντο
1749 1041 1796 1091 οἱ

205 1126 549 1196 ἁμαρτωλοὶ,
587 1129 853 1182 ἐνέτειναν
897 1129 1048 1194 τόξον
1090 1131 1288 1194 αὐτῶν,
1329 1130 1422 1184 τοῦ
1473 1132 1797 1186 καταϐαλεῖν

206 1219 428 1287 πτωχὸν
466 1221 558 1272 καὶ
588 1220 812 1292 πένητα,
846 1221 938 1274 τοῦ
975 1222 1170 1292 σφάξαι
1197 1226 1323 1287 τοὺς
1356 1224 1533 1288 εύθεῖς
1564 1229 1628 1296 τῇ
1665 1243 1799 1297 καρ-

203 1311 297 1380 δία
319 1329 330 1340 ·
362 1315 395 1382 ἡ
453 1312 694 1383 ῥομφαία
724 1313 900 1366 αὐτῶν
931 1315 1160 1367 εἰσέλθοι
1194 1318 1274 1378 εἰς
1320 1316 1547 1387 καρδίαν
1597 1317 1792 1382 αὐτῶν,

206 1406 304 1458 καὶ
335 1404 404 1458 τὰ
423 1405 550 1469 τόξα
573 1405 748 1457 αὐτῶν
780 1406 1106 1477 συντριϐείη.
1141 1426 1158 1457 ι
1199 1409 1306 1460 Καὶ
1363 1407 1550 1462 πάλιν·
1581 1426 1600 1460 ‹
1664 1411 1798 1463 Ἀπ-

206 1495 385 1551 ώλετο
415 1497 476 1550 τὸ
513 1498 850 1569 μνημόσυνον
871 1499 1048 1553 αὐτῶν
1069 1503 1184 1570 μετ’
1217 1501 1372 1572 ἤχου,
1413 1502 1504 1556 καὶ
1537 1503 1596 1556 τὸ
1629 1503 1797 1575 ὄνομα

209 1591 396 1643 αὐτῶν
434 1589 719 1661 ἐξήλειψας
750 1593 829 1654 είς
863 1591 954 1644 τὸν
997 1591 1189 1654 αἰῶνα,
1235 1593 1330 1646 καὶ
1363 1595 1441 1657 εἰς
1485 1595 1577 1648 τὸν
1623 1596 1796 1650 αἰῶνα

207 1682 306 1734 τοῦ
337 1682 532 1747 αἰῶνος
551 1699 563 1713 ο
599 1684 681 1736 ὅτι
716 1683 778 1754 δὴ
813 1685 905 1736 καὶ
934 1685 991 1737 ἐν
1015 1688 1204 1748 κακοῖς
1237 1685 1537 1756 γενόμενοι,
1568 1687 1796 1758 ἐκέκρα-

209 1777 338 1843 ξαν,
373 1777 468 1828 καὶ
502 1776 601 1829 οὐκ
625 1772 691 1847 ἦν
723 1778 750 1828 ὁ
775 1774 982 1841 σώζων,
1009 1780 1144 1848 πρὸς
1170 1777 1392 1847 Κύριον,
1424 1780 1516 1832 καὶ
1560 1781 1658 1832 οὐκ
1679 1781 1789 1832 εἰσ-

1906 589 2097 642 cedere
2136 589 2580 643 sustinens:cum
2615 591 2842 659 qumsito
2881 592 2986 645 alio
3009 593 3143 655 loco,
3173 597 3469 663 cuiusmodi

1902 679 2128 745 plurima
2188 681 2312 734 huic
2352 682 2556 735 civitati
2608 694 2933 752 supersunt,
2969 685 3167 738 laboris
3215 703 3473 755 compen-

1901 771 2046 822 dium
2078 772 2278 832 facere,
2315 789 2480 841 seque
2523 775 2703 829 multis
2733 777 2963 844 negotiis
2992 777 3223 832 liba-rare
3255 794 3469 847 posset;

1903 871 2077 917 tamen
2103 867 2309 932 primus
2337 867 2447 934 ipse
2485 868 2549 919 ad
2582 883 2717 936 opus
2765 885 2883 922 sese
2915 872 3202 938 accingeris
3233 889 3246 934 ;
3281 872 3471 926 deinde

1903 957 2066 1010 totius
2095 958 2273 1024 populi
2311 960 2506 1013 animis
2543 961 2843 1014 incredibili
2878 962 3158 1016 alacritate
3192 965 3470 1024 conﬁrma-

1899 1048 1990 1111 tis,
2026 1061 2188 1118 atque
2220 1067 2284 1104 ex
2337 1051 2586 1106 omnibus
2618 1070 2721 1105 una
2760 1054 2962 1123 ingenti
3019 1072 3177 1108 mamt
3219 1056 3467 1119 conflata,

1899 1143 2128 1206 primunt
2162 1143 2265 1196 hoc
2295 1153 2569 1195 certamen
2602 1144 2803 1205 subiit;
2846 1145 3208 1212 teqnissimum
3261 1147 3471 1203 srilieet

1897 1242 2070 1294 ratus,
2100 1244 2149 1286 ut
2176 1236 2288 1287 hare
2329 1235 2438 1302 ipsa
2467 1236 2809 1304 potissimum
2848 1237 3086 1290 Ecdesia
3116 1255 3234 1305 qua:
3278 1240 3344 1290 ab
3375 1240 3470 1293 lio-

1895 1326 2072 1381 stibus
2125 1337 2426 1396 expugnata
2485 1327 2704 1391 fuerat;
2750 1343 2869 1397 quae
2921 1331 3067 1398 prior
3120 1331 3467 1399 gravissimos

1895 1416 2139 1471 labores
2171 1427 2354 1471 nostra
2405 1433 2568 1472 causa
2625 1419 2957 1474 sustinuerat
2997 1438 3013 1474 :
3061 1437 3178 1489 qui»
3221 1424 3463 1477 eamdem

1896 1507 2174 1562 nobiscmn
2208 1509 2661 1577 persecutionem,
2697 1516 2805 1564 imo
2852 1521 2978 1565 ante
3021 1527 3116 1565 nos
3145 1514 3462 1582 pertulerat,

1895 1613 2014 1667 qua:
2039 1599 2182 1653 velut
2213 1608 2385 1652 mater
2408 1601 2643 1668 propriis
2681 1601 2804 1654 {iliis
2833 1609 2948 1654 erat
2969 1603 3185 1666 orbata,
3218 1604 3309 1657 Dei
3347 1615 3457 1673 opt.

1894 1706 2043 1744 max.
2103 1689 2471 1744 munificentia
2519 1689 2798 1744 nobiscum
2839 1692 3126 1747 frueretur.
3159 1693 3290 1747 Nam
3330 1711 3466 1764 quo-

1883 1774 2036 1840 niam
2074 1801 2300 1855 magnus
2349 1784 2436 1839 ille
2479 1783 2691 1849 Pastor,
2725 1786 2852 1840 feris
2896 1801 2960 1840 ac
3004 1787 3171 1853 lupis,
3208 1788 3374 1860 373
3410 1800 3465 1845 et

208 1872 448 1942 ήκουσεν
474 1870 669 1922 αὐτῶν.
698 1869 836 1921 Ἀλλ’
856 1871 904 1920 oi
936 1870 1030 1940 μὲν
1063 1870 1519 1940 συνεποδίσθησαν
1549 1871 1641 1924 καὶ⁸
1665 1871 1784 1924 ἔπε-

1892 1877 2036 1930 omni
2067 1878 2358 1947 agrestium
2394 1888 2556 1946 atque
2589 1878 2904 1931 immanium
2939 1880 3233 1933 bestiarum
3265 1899 3463 1949 genere

209 1981 324 2027 σον,
365 1965 526 2034 ἡμεῖς
571 1964 626 2016 δὲ
667 1964 971 2034 ἀνέστημεν
1020 1965 1113 2016 καὶ
1162 1965 1624 2036 ἀνωρθώθημεν.»
1679 1967 1788 2019 Καὶ

206 2053 334 2121 τόγε
362 2056 419 2105 ἐν
451 2053 664 2117 τούτοις
697 2053 1115 2125 προαναιρωνοῦν
1135 2070 1148 2082 ·
1191 2073 1207 2103 ι
1234 2055 1424 2125 Κύριε,
1458 2057 1608 2125 ἐν’τῇ
1640 2056 1787 2107 πόλει

209 2164 304 2199 σου
352 2147 454 2218 τὴν
505 2147 688 2200 εἰκόνα
741 2146 917 2200 αὐτῶν
963 2145 1398 2210 ἐξουδενὼσεις,›
1448 2147 1643 2217 ἀληθὲς
1696 2149 1786 2201 ὑπ’

207 2239 504 2310 ὀφθαλμοῖς
535 2240 749 2292 πάντων
779 2239 1173 2308 ἀναπέφανται.
1215 2238 1355 2291 Ἀλλ’
1387 2241 1434 2291 οἱ
1467 2240 1566 2308 μὲν
1598 2242 1788 2308 γιγάν-

206 2349 314 2384 των
348 2333 546 2403 τρόπον
583 2331 878 2401 θεομαχίαν
927 2332 1316 2401 ἐνστησάμενοι
1361 2332 1614 2401 τοιαύτην
1645 2331 1786 2402 εἰλή-

205 2442 335 2495 χασι
390 2425 489 2495 τὴν
519 2423 612 2476 τοῦ
651 2424 763 2494 βίου
798 2425 1211 2494 καταστροφήν·
1243 2424 1339 2494 τῆς
1376 2424 1418 2476 δ’
1453 2425 1660 2495 ἐρήμου
1695 2425 1789 2476 καὶ

207 2519 338 2588 παρ’
367 2515 674 2588 ἀνθρώποις
709 2515 1152 2586 ἀπεγνωσμένης,
1189 2514 1412 2568 τοιαῦτα
1437 2510 1524 2568 οἷα
1549 2516 1615 2569 τά
1648 2515 1787 2587 ἐρώ-

210 2627 347 2681 μενα
376 2609 476 2680 τῆς
498 2610 638 2663 κατά
663 2609 792 2661 Θεὸν
821 2609 1095 2678 ὑπομονῆς
1119 2607 1188 2659 τά
1209 2607 1356 2678 τέλη,
1389 2607 1463 2670 ὡς
1490 2607 1788 2675 ἀναφωνεῖν

205 2704 344 2772 αὐτῇ
380 2703 478 2771 τὴν
513 2701 846 2772 προφητείαν
891 2701 1113 2754 Ἡσαΐου
1147 2701 1319 2754 ταῦτα
1343 2718 1357 2731 ο
1383 2720 1400 2750 ‹
1438 2701 1786 2772 Εὐφράνθητι

207 2794 412 2865 ἔρημος
446 2793 674 2862 διψῶσα,
709 2793 1052 2862 ἀγαλλιάσθω
1084 2793 1287 2864 ἕρημος
1319 2793 1412 2846 καὶ
1453 2794 1681 2846 ἀνθείτω
1712 2795 1788 2856 ὡς

207 2886 426 2956 κρίνον·
464 2886 556 2937 καὶ
598 2884 882 2955 ἐξανθήσει
927 2886 1021 2938 καὶ
1065 2884 1449 2952 ἀγαλλιάσεται
1480 2885 1549 2937 τά
1583 2885 1781 2957 ἔρημα.

219 2975 498 3046 Ἰηύσατε
533 2980 712 3047 χεῖρες
761 2977 1061 3048 ἀνειμέναι,
1101 2977 1193 3030 καὶ
1241 2977 1443 3045 γόνατα
1479 2978 1784 3050 παραλελυ-

210 3069 382 3138 μένα·
430 3067 846 3140 παρακαλέσατε
891 3068 1196 3137 ὀλιγόψυχοι
1239 3071 1304 3138 τῇ
1359 3068 1585 3140 διανοίᾳ,
1635 3069 1784 3141 ἰσχύ-

1890 1969 2137 2037 depulso,
2173 1969 2409 2037 ipsisque
2438 1968 2653 2022 leonum
2685 1969 3010 2034 maxillis,ut
3029 1971 3205 2024 divina
3234 1972 3465 2042 loquun-

1893 2071 1982 2114 tur
2008 2061 2250 2125 oracula,
2280 2061 2549 2123 contritis,
2593 2061 2736 2116 ﬁlios
2785 2063 2950 2131 ipsius
2982 2080 3169 2119 rursus
3212 2066 3263 2119 in
3298 2084 3460 2121 utmtn

1889 2169 2212 2224 congregare
2238 2156 2484 2226 dignatus
2511 2156 2836 2226 fueral,jure
2869 2159 3060 2211 merito
3093 2160 3259 2226 ipsam
3284 2163 3462 2229 gregis

1889 2247 2096 2301 caulam
2128 2247 2468 2313 instauravit,
2492 2258 2548 2301 ut
2579 2249 2869 2318 ignominia
2915 2250 3150 2305 allireret
3182 2253 3459 2308 inimicum

1891 2350 1942 2394 et
1969 2340 2278 2406 ultorem",
2307 2349 2468 2410 utque
2507 2341 2791 2412 impiorum
2832 2345 3092 2399 adversus
3140 2347 3459 2416 Demnprre-

1890 2432 2136 2485 lianlium
2174 2432 2410 2485 nefarios
2451 2449 2614 2486 ausus
2646 2434 2836 2488 illustri
2887 2447 3204 2506 argumento
3233 2442 3458 2492 convin-

1889 2534 2056 2579 ceret.
2082 2521 2268 2592 ltaque
2300 2524 2372 2576 illi
2405 2525 2510 2577 Deo
2542 2526 2720 2588 invisi,
2749 2543 2890 2580 mine
2911 2529 3140 2597 amplius
3172 2547 3277 2585 non
3311 2541 3454 2596 sunt,

1888 2617 2105 2685 quando
2138 2631 2202 2670 ne
2243 2625 2353 2668 tum
2385 2617 2600 2684 quidem
2635 2627 2810 2672 erant.
2859 2621 2922 2672 Et
2961 2633 3306 2691 posteaquam
3344 2641 3457 2680 mo-

1890 2709 2010 2761 dico
2041 2707 2301 2775 temporis
2335 2709 2510 2776 spatio
2539 2710 2726 2764 turbas
2757 2713 3064 2766 excitarunt
3109 2715 3318 2784 ipsique
3343 2726 3456 2771 tur-

1888 2799 1971 2852 bis
2009 2799 2193 2868 agitati
2235 2809 2396 2864 sunt;
2430 2812 2616 2867 pmnas
2659 2801 2854 2856 deinde
2884 2807 3231 2872 gravissimas
3265 2809 3456 2863 divina:

1884 2886 2106 2954 iustitiae
2158 2888 2562 2957 persolventes,
2615 2892 2934 2960 semetipsos
2991 2910 3110 2948 cum
3167 2899 3357 2951 amicis
3402 2910 3455 2953 et

1888 2981 2034 3032 omni
2070 2980 2275 3032 familia
2335 2978 2574 3034 funditus
2624 2992 2962 3037 everterunt.
3002 2987 3150 3041 Adeo
3183 2999 3238 3040 ut
3269 2989 3466 3056 praedi-

1888 3073 2098 3127 ctiones
2130 3073 2231 3125 illic
2262 3073 2434 3126 sacris
2455 3072 2582 3126 olim
2618 3073 2812 3129 tabulis
2857 3076 3147 3146 inscripta}.
3187 3096 3332 3135 nunc
3368 3098 3455 3136 ve-

210 3179 362 3225 σατε,
415 3163 489 3232 μὴ
532 3161 800 3230 φοϐεῖσθε.
849 3159 980 3213 Ἰδοὺ
1009 3163 1037 3213 6
1069 3161 1198 3222 Θεὸς
1231 3160 1386 3230 ἡμῶν
1427 3161 1604 3230 κρίσιν
1654 3165 1781 3216 ἀντ-

1889 3163 2118 3217 rissimae
2150 3178 2270 3217 esse
2309 3164 2464 3216 factis
2509 3164 2639 3231 ipsis
2679 3167 3132 3234 eomprobentur,
3175 3169 3226 3223 in
3257 3173 3456 3240 quibus

208 3255 501 3308 ἀποδίδωσι
530 3254 624 3306 καὶ
657 3252 1020 3306 ἀνταποδώσει
1046 3292 1059 3316 ,
1105 3253 1264 3316 αὐτὸς
1309 3252 1426 3324 ἥξει
1477 3256 1570 3307 καὶ
1618 3255 1782 3308 σώσει

207 3349 388 3417 ἡμᾶς·
453 3347 553 3409 ὅτι,
629 3347 811 3416 φησὶν,
871 3346 1076 3417 ἐρράγη
1136 3348 1193 3398 ἐν
1240 3350 1305 3417 τῇ
1366 3349 1556 3418 ἐρήμῳ
1615 3347 1778 3419 ὓδωρ,

209 3441 302 3492 καὶ
349 3439 566 3511 φάραγξ
611 3441 669 3490 ἐν
712 3441 780 3509 γῇ
828 3437 1054 3511 διψώσῃ,
1113 3441 1205 3492 καὶ
1269 3442 1300 3510 ἡ
1355 3440 1579 3512 ἄνυδρος
1631 3440 1780 3494 ἔσται

207 3535 286 3594 είς
331 3531 458 3603 ἕλη,
521 3531 615 3584 καὶ
670 3533 749 3593 είς
805 3530 900 3600 τὴν
967 3531 1204 3600 διψῶσαν
1271 3531 1375 3600 γῆν
1452 3533 1600 3604 πηγὴ
1650 3531 1780 3586 ὓδα-

206 3641 297 3686 τος
366 3624 587 3678 ἕσται.»
645 3624 754 3675 Καὶ
820 3623 942 3675 τάδε
1014 3624 1111 3693 μὲν
1164 3623 1342 3691 λόγοις
1407 3624 1573 3677 πάλαι
1649 3643 1780 3697 προ-

208 3716 587 3777 θεσπισθέντα,
636 3715 846 3778 Βίϐλοις
905 3717 1074 3786 ἱεραῖς
1131 3716 1536 3786 καταϐέϐλητο·
1595 3718 1663 3770 τά
1716 3735 1780 3786 γε

210 3809 313 3879 μὴν
347 3808 483 3878 ἔργα
511 3807 686 3860 οὐκέτ’
721 3809 930 3869 ἀκοαῖς,
962 3807 1072 3858 ἀλλ’
1109 3806 1290 3878 ἔργοις
1319 3810 1451 3878 ἡμῖν
1479 3807 1777 3878 παραδέδο-

204 3919 312 3954 Ιται.
361 3901 425 3952 Ἦ
455 3899 655 3970 ἔρημος
689 3899 805 3968 ἣδε,
849 3901 880 3969 ὴ
923 3899 1165 3968 ἄνυδρος,
1199 3902 1230 3970 ή
1266 3902 1410 3970 χήρα
1453 3900 1547 3952 καὶ
1591 3901 1780 3971 ἀπερί-

207 4009 421 4053 στατος,
439 3986 507 4061 ἧς
528 4011 544 4042 ι
561 3992 638 4053 ὡς
663 3991 718 4041 ἐν
735 3989 923 4060 δρυμῷ
957 3989 1125 4053 ξύλων
1155 3991 1361 4054 ἀξίναις
1394 3991 1655 4060 ἐξέκοψαν
1682 3992 1778 4056 τάς

205 4085 380 4146 πύλας
413 4083 505 4136 ἐπὶ
547 4083 607 4135 τὸ
647 4083 797 4143 αὐτὸ,
846 4086 901 4134 ἐν
935 4083 1131 4134 πέλυκι
1166 4083 1258 4136 καὶ
1292 4082 1630 4154 λαξευτηρίῳ
1660 4100 1781 4135 συν-

203 4175 496 4247 τρίψαντες
524 4173 712 4244 αὐτὴν,
756 4169 822 4244 ἦς
855 4174 948 4227 καὶ
977 4173 1076 4237 τὰς
1103 4173 1316 4243 βίϐλους
1347 4174 1776 4246 διαφθείραντες,

201 4268 533 4338 ἐνεπύρισαν
585 4267 641 4318 ἐν
692 4267 825 4338 πυρὶ
857 4268 915 4319 τὸ
961 4269 1312 4339 ἁγιαστήριον
1361 4267 1455 4320 τοῦ
1501 4267 1656 4332 Θεοῦ,
1701 4270 1780 4332 εἰς

199 4364 298 4434 τὴν
357 4363 463 4432 γῆν
511 4361 853 4432 ὲδεὸἠλωσαν
889 4362 944 4413 τὸ
978 4363 1238 4432 σκήνωμα
1265 4361 1357 4414 τοῦ
1391 4362 1651 4431 ὀνόματος
1680 4364 1778 4415 αν)-

197 4457 315 4518 τού,
363 4455 434 4526 ἣν
477 4453 780 4526 ἐτρύγησαν
810 4453 1007 4516 πάντες
1039 4455 1087 4505 οἱ
1133 4455 1640 4526 παραπορευόμενοι
1681 4455 1778 4526 τὴν

1888 3273 2008 3311 cum
2040 3255 2141 3309 alia
2196 3256 2406 3312 divinus
2456 3272 2635 3313 sermo
2672 3275 2794 3314 vere.
2841 3266 3170 3327 pronuntiat,
3201 3279 3307 3318 tum
3344 3271 3455 3323 haec

1889 3351 1954 3403 de
1989 3350 2175 3403 iisdem
2200 3351 2396 3404 diserte
2427 3351 2693 3420 profatur:
2718 3373 2734 3403 ι
2759 3352 3004 3407 Gladium
3037 3357 3455 3424 evaginaverunt

1889 3450 2242 3508 peccatores;
2295 3443 2644 3495 intenderunt
2701 3460 2886 3496 areum
2940 3462 3128 3509 sutnn,
3163 3457 3216 3498 ut
3266 3464 3454 3516 percit-

1891 3534 2026 3584 tiant
2062 3533 2364 3586 mendicum
2402 3544 2456 3587 et
2511 3549 2824 3602 pauperem,
2873 3547 2926 3589 οι
2973 3537 3222 3592 occidant
3280 3549 3454 3594 rectos

1887 3627 2070 3679 corde.
2113 3625 2337 3680 Gladius
2369 3641 2556 3678 eorum
2595 3630 2761 3679 intret
2796 3628 2846 3679 iu
2889 3630 3050 3681 corda
3096 3631 3356 3697 ipsorum,
3401 3643 3455 3685 et

1885 3731 2043 3770 arcus
2076 3733 2259 3771 eorum
2292 3715 2698 3784 confringantur
2719 3717 2784 3769 ⁷⁸.
2817 3735 2834 3768 ι
2871 3717 2934 3769 Et
2968 3717 3160 3772 iterum
3189 3736 3202 3770 :
3227 3739 3246 3772 ‹
3291 3721 3455 3774 Periit

1889 3805 2141 3859 memoria
2187 3805 2422 3872 ipsorum
2476 3820 2596 3857 cum
2651 3806 2852 3859 sonitu.
2901 3806 2964 3860 Et
3011 3823 3206 3862 nomen
3264 3825 3450 3864 eorum

1885 3895 2132 3952 delevisti
2161 3896 2210 3949 in
2241 3898 2496 3951 StBCUlum
2523 3907 2574 3950 et
2599 3896 2648 3948 in
2677 3898 2932 3951 saeculum
2959 3900 3138 3953 saeculi
3187 3899 3255 3952 ⁷⁷.
3309 3902 3453 3968 Quc-

1888 3990 2030 4041 niam
2060 4004 2181 4040 cum
2217 3990 2266 4040 in
2311 3989 2464 4042 malis
2503 3999 2711 4058 essent,
2774 3989 3142 4043 elatnavernnt
3175 4031 3190 4050 .
3222 4007 3317 4046 nec
3353 3995 3454 4046 fuit
3505 4056 3510 4062 ν

1885 4081 1974 4148 qui
2006 4088 2289 4143 servaret,
2315 4082 2377 4134 ad
2416 4080 2721 4146 Dominum,
2764 4096 2860 4135 nec
2885 4083 3160 4135 exaudivit
3201 4099 3295 4137 eos
3382 4079 3448 4131 ⁷⁸.

1891 4175 2085 4228 Verum
2173 4174 2270 4242 ipsi
2322 4174 2537 4242 quidem
2584 4174 2802 4243 obligati
2850 4187 2977 4227 sunt
3019 4186 3073 4229 et
3103 4177 3448 4244 ceciderunt,

1887 4282 1982 4318 nos
2017 4273 2194 4320 autem
2230 4265 2567 4319 surreximus
2619 4275 2667 4317 et
2717 4266 2880 4320 erecti
2938 4282 3124 4320 sumus
3151 4267 3218 4322 7°.
3265 4287 3282 4319 ι
3318 4268 3448 4321 Illud

1885 4373 2099 4427 quoque
2144 4358 2286 4426 quod
2335 4357 2648 4425 ptaazdietum
2686 4357 2862 4410 fuerat
2907 4356 2988 4410 ltis
3029 4358 3246 4412 verbis:
3277 4378 3295 4409 ‹
3346 4358 3451 4412 Do-

1888 4452 2051 4509 mine,
2093 4450 2388 4502 incivitate
2427 4459 2512 4500 tua
2565 4448 2852 4518 imaginem
2897 4463 3081 4501 eorum
3132 4450 3198 4502 ad
3229 4448 3448 4502 nihilum

195 4550 342 4610 ὁδὸν,
381 4547 804 4619 προκαθελόντες
837 4547 1005 4618 αὐτῆς
1045 4547 1171 4609 τοὺς
1217 4548 1523 4616 φραγμοὺς,
1567 4547 1633 4617 ἦν
1670 4547 1780 4599 ἐλυ-

1889 4543 2094 4610 rediges
2124 4541 2193 4604 ⁸ο,
2239 4559 2255 4592 ι
2284 4541 2621 4593 verissimum
2647 4557 2765 4596 esse
2811 4558 2997 4595 omnes
3039 4541 3210 4596 oculis
3251 4543 3451 4595 nostris

198 4642 417 4712 μήνατο
444 4632 508 4701 ὗς
553 4641 617 4691 ἐκ
661 4639 887 4711 δρυμοῦ,
917 4639 1011 4691 καὶ
1058 4638 1240 4708 μονιὸς
1267 4638 1455 4710 ἄγριος
1482 4641 1783 4712 κατενεμή-

195 4718 354 4792 σατοξ
388 4729 652 4798 ’Χριστοῦ
670 4729 892 4797 δυνάμει
920 4729 1204 4802 παραδόξῳ
1243 4729 1357 4794 νῦν,
1392 4731 1480 4783 ὅτε
1519 4731 1659 4783 θέλει
1685 4731 1782 4783 αὐ-

193 4824 312 4886 τὸς,
337 4822 558 4890 γέγονεν
579 4822 653 4884 ὡς
677 4823 857 4893 κρίνον
876 4839 889 4851 ·
914 4824 1034 4875 ἐπεὶ
1064 4823 1158 4875 καὶ
1185 4821 1303 4874 τότε
1333 4822 1498 4874 αὐτοῦ
1531 4823 1776 4893 νεύματι,

192 4916 272 4977 ὼς
328 4914 396 4966 ἂν
445 4912 848 4984 προκηδομένου
893 4913 1097 4982 πατρὸς
1158 4911 1649 4966 ὲπαιδεύετο.‹“⁸ον
1671 4912 1779 4984 γὰρ

192 5007 391 5075 ἀγαπᾷ
425 5004 648 5075 Κύριος,
687 5004 946 5066 παιδεύει,
998 5007 1251 5075 μαστιγοῖ
1278 5003 1333 5056 δὲ
1367 5004 1545 5056 πάντα
1573 5003 1687 5055 υἱὸν
1718 5003 1777 5055 ὃν

191 5096 586 5169 παραδέχεται.
608 5093 980 5166 »Μέτρῳδῆτα
1010 5096 1152 5148 κατὰ
1179 5095 1239 5147 τὸ
1270 5096 1386 5148 δέον
1431 5097 1780 5165 ἐπιστραφεῖ-

192 5207 290 5250 σα,
325 5185 484 5251 αὖθις
523 5188 726 5242 ἄνωθεν
758 5188 818 5252 ἐξ
860 5189 1110 5258 ὑπαρχῆς
1152 5189 1411 5259 ἁγαλλιᾷν
1444 5189 1778 5260 προστάττε-

193 5301 310 5347 ται,
345 5282 560 5347 ἐξανθεῖ
600 5299 660 5334 τε
697 5282 770 5344 ὡς
817 5282 1019 5353 κρίνον,
1049 5283 1141 5334 καὶ
1178 5283 1276 5351 τῆς
1322 5281 1504 5334 ἐνθέου
1551 5283 1777 5345 εὐωδίας

194 5378 277 5436 εἰς
307 5375 517 5435 πάντας
561 5373 792 5424 ἀποπνεῖ
819 5370 1137 5441 ἀνθρώπους
1162 5388 1175 5400 ’
1211 5373 1313 5434 ὅτι,
1334 5369 1547 5436 φησ“ιν,‹
1564 5373 1775 5443 ἐρράγη

197 5469 253 5520 ἐν
281 5470 349 5538 τῇ
378 5467 575 5538 ἐρήμῳ
603 5464 766 5534 ὓδωρ,
789 5485 806 5516 ι
824 5464 884 5517 τὸ
901 5467 1044 5534 νᾶμα
1079 5464 1174 5533 τῆς
1209 5463 1358 5526 θείας
1385 5463 1477 5515 τοῦ
1508 5466 1773 5537 σωτηρίου

1881 4634 2275 4704 perspeximus.
2330 4632 2393 4686 Et
2441 4633 2494 4685 bi
2557 4634 2772 4700 quidem
2833 4633 2936 4688 Deo
2998 4634 3194 4687 bellum
3249 4634 3450 4688 inferre

1883 4740 2030 4777 more
2061 4725 2336 4793 gigantum
2361 4723 2500 4782 ausi,
2529 4723 2832 4789 liujusmodi
2875 4725 2994 4776 vitae
3030 4725 3234 4777 exitum
3275 4725 3448 4778 sortiti

1879 4827 2024 4869 sunt.
2071 4816 2157 4868 llla
2219 4830 2346 4869 vero
2383 4829 2549 4866 vacua
2595 4829 2659 4866 ac
2703 4815 2914 4867 deserta
2951 4824 3005 4868 et
3053 4817 3309 4883 opinione
3337 4833 3444 4867 om.

1883 4908 2028 4961 nium
2061 4907 2492 4975 deplorata,su;e
2528 4915 2750 4976 propter
2780 4907 2946 4960 Deum
2981 4906 3276 4960 tolerantia:
3309 4907 3450 4959 hunc

1879 5017 2036 5070 quem
2069 5002 2344 5055 cernimus
2383 5000 2543 5054 finem
2581 5009 2871 5053 consecuta
2907 5008 3011 5054 est.
3041 5002 3187 5054 Adeo
3214 4999 3449 5054 utlsaias

1878 5095 2136 5162 propheta
2159 5095 2270 5146 ltzec
2314 5092 2390 5144 illi
2430 5093 2781 5159 pronuntiare
2824 5093 3067 5146 videatur
3100 5111 3112 5146 :
3151 5113 3168 5144 ι
3215 5093 3444 5155 Lmtare,

1878 5187 2112 5242 solitudo
2144 5186 2444 5249 siticulosa,
2473 5184 2704 5238 exsultet
2738 5184 2969 5237 solitudo
2999 5195 3050 5238 et
3079 5185 3268 5238 ﬂoreat
3301 5195 3358 5237 ut
3381 5185 3446 5236 li-

1881 5279 2032 5343 lium,
2059 5290 2112 5332 et
2147 5277 2414 5332 florebunt
2439 5288 2493 5330 et
2522 5275 2873 5330 exsultabnnt
2906 5275 3022 5330 loca
3074 5281 3308 5330 deserta.
3341 5276 3448 5328 Ro-

1881 5372 2175 5447 boramini,
2209 5385 2397 5423 manus
2444 5371 2784 5439 languentes,
2831 5380 2886 5423 et
2932 5385 3103 5438 genua
3136 5369 3392 5422 dissoluta
3428 5386 3442 5422 :

1891 5465 2280 5528 consulamini,
2308 5480 2404 5518 vos
2445 5464 2833 5532 pusillanimes,
2863 5464 3263 5526 confortamini,
3291 5477 3357 5516 ne
3388 5463 3447 5515 ti-

3357 5555 3366 5576 Ι

263 5610 307 5641 τε
321 5607 477 5664 Psal.
497 5605 688 5672 “11,5.
743 5605 789 5637 "
812 5605 952 5660 Psal.
982 5620 1166 5671 xxxvi,
1193 5604 1278 5669 14,
1298 5603 1380 5659 15.
1446 5604 1645 5661 "Psal.
1669 5609 1784 5672 ωε]

1941 5602 1986 5632 ’⁸
2013 5601 2155 5656 Psal.
2172 5615 2300 5666 xvii,
2322 5599 2412 5653 42.
2465 5597 2509 5628 τ’
2523 5597 2663 5651 Psal.
2684 5613 2798 5664 nx,
2825 5598 2876 5652 9.
2943 5596 2987 5627 ⁸ο
3009 5595 3147 5650 Psal.
3171 5610 3334 5659 Lxxit,
3352 5594 3444 5651 ‘20.

187 5747 434 5822 Dionysii
473 5742 962 5822 Al_exan_drini,lqni
988 5743 1053 5822 de
1082 5742 1355 5822 llfacriano
1376 5741 1602 5809 ejusque
1627 5741 1760 5797 lihe-

179 5839 252 5878 rts
280 5814 356 5877 ita
396 5817 651 5881 loquitur
681 5815 731 5868 iit
777 5816 936 5878 epist.
985 5814 1049 5867 ad
1096 5815 1562 5868 Ilermannnoucm
1597 5829 1753 5878 quam

1868 5742 2029 5796 refert
2060 5740 2326 5794 Eusebius
2361 5739 2412 5794 in
2443 5738 2647 5803 lib.vn,
2671 5751 2788 5806 cap.
2823 5735 2928 5790 ‘25:
2965 5736 2992 5787 6
3032 5734 3130 5805 μὲν
3165 5735 3264 5787 οὐκ
3297 5732 3445 5789 ἔστιν

1861 5806 2154 5882 ἐπεὶμηδδὲ
2199 5806 2284 5877 ἦν.
