3858 6260
403 331 507 389 86⁸5

1106 321 1374 383 sesama
1413 303 1890 378 assumens
1927 316 1979 374 0.

2123 311 2299 369 PARS
2339 311 2382 366 Ι.
2422 340 2492 353 —-
2535 310 2921 370 HISTORICA.

3552 304 3672 356 86’.

406 450 621 505 Ineaiis.
645 447 782 504 Ecce
810 447 948 501 Deus
975 451 1157 500 noster
1171 443 1434 512 judicium
1467 443 1644 496 reddit
1678 459 1742 497 ac
1763 441 1972 504 reddet,

2086 435 2302 509 λουτροῦ
2335 435 2779 504 παλιγγενεσίαςο
2824 438 2918 492 καὶ
2961 436 3054 490 νῦν
3101 433 3326 505 γέγονεν
3358 432 3398 504 ἡ
3437 427 3546 501 πρὸ
3570 443 3681 498 μι-

409 543 524 611 ipse
567 540 744 596 veniet
775 548 825 592 et
851 536 1090 592 servabit
1135 551 1232 590 nos
1258 535 1328 589 ⁸⁸.
1359 553 1378 587 ι
1435 534 1697 600 Quoniam
1721 575 1738 599 ,
1775 531 1970 600 inquit,

408 630 591 699 erupit
665 642 801 698 aqua
876 629 928 683 in
985 628 1298 693 solitudine,
1346 637 1404 684 et
1435 627 1590 682 vallis
1629 627 1682 682 in
1719 635 1864 681 terra
1899 625 1974 680 si-

409 725 658 788 ticulosa,
691 730 746 774 ct
793 721 946 775 arida
1001 721 1300 774 minabitur
1349 719 1403 774 in
1447 719 1699 788 paludes,
1754 729 1811 773 et
1853 715 1973 770 l‘ons

408 831 558 884 aqua!
599 815 650 868 in
705 823 900 867 terram
925 814 1259 870 siticulosam
1301 813 1370 868 ⁸⁸.
1421 831 1440 866 ι
1476 813 1542 868 Ει
1603 813 1717 866 lucc
1759 809 1972 881 quidem

402 903 570 976 379
595 905 722 958 olim
748 905 1090 960 verbisteuus
1141 905 1419 974 pra-dicta,
1454 906 1626 959 sacris
1671 901 1975 957 Volumini-

407 1000 506 1050 11115
535 997 732 1050 inserta
764 1006 910 1052 sunt.
945 995 1097 1052 Nunc
1125 1009 1306 1051 autent
1340 1011 1426 1052 res
1455 997 1585 1064 ipsa:
1610 1011 1713 1050 non
1743 993 1973 1061 simplici

407 1086 702 1150 auditione,
731 1093 822 1142 sed
867 1087 1026 1141 factis
1054 1088 1183 1157 ipsis
1207 1087 1363 1143 nobis
1391 1087 1744 1142 exhibentur.
1769 1084 1976 1153 Quippe

408 1178 522 1231 lucc
553 1176 790 1232 solitudo
838 1177 1117 1233 siticulosa
1149 1219 1164 1244 ,
1224 1178 1341 1232 lucc
1366 1179 1528 1232 vidua
1562 1177 1816 1249 omnique
1843 1189 1976 1244 prae-

407 1267 548 1322 sidio
579 1267 859 1336 destituta,
889 1268 1045 1339 cujus
1069 1267 1268 1338 januas
1298 1289 1316 1322 ‹
1343 1269 1498 1340 quasi
1545 1270 1598 1324 in
1643 1269 1778 1324 silva
1805 1266 1978 1336 ligno-

408 1375 552 1423 rum,
583 1361 864 1416 securibus
892 1361 1215 1415 exciderunt
1245 1363 1300 1416 in
1333 1361 1586 1430 idipsum,
1621 1361 1673 1414 in
1705 1358 1884 1414 securi
1921 1366 1976 1410 et

407 1451 556 1506 ascia
581 1450 982 1522 conti-ingentes
1011 1469 1130 1506 eam
1161 1451 1210 1484 ⁸⁸
1238 1470 1254 1506 ι
1304 1448 1464 1520 cujus
1525 1453 1698 1508 libros
1731 1467 1978 1508 corrum-

409 1552 596 1610 peutes
631 1543 986 1598 incenderunt
1016 1543 1136 1612 igne
1163 1543 1535 1597 sanctuarium
1571 1542 1706 1606 Dei;
1749 1542 1800 1597 in
1835 1553 1977 1596 terra

408 1632 830 1703 profanaverunt
899 1637 1307 1690 tabernaculum
1369 1634 1606 1688 nominis
1668 1632 1782 1701 ejus
1872 1631 1974 1682 ’δι

405 1727 1006 1794 quaintviudemiarnnt
1025 1737 1566 1782 omnestranseuutes
1586 1741 1680 1796 per
1703 1726 1846 1778 viam
1860 1723 1926 1787 ⁸³,
1953 1740 1970 1773 ι

407 1818 698 1870 destructis
743 1817 892 1886 prius
937 1817 1056 1881 eius
1104 1817 1325 1886 sepibus
1371 1831 1387 1882 ;
1435 1831 1598 1886 quam
1667 1835 1686 1866 ε
1743 1815 1978 1870 vastavit

408 1927 540 1980 aper
569 1913 634 1965 de
663 1911 820 1974 silva,
845 1921 899 1964 et
933 1911 1223 1981 singularis
1260 1911 1406 1965 ferus
1438 1912 1692 1977 depastus
1727 1919 1810 1963 est
1833 1907 1912 1971 ⁸⁸,
1951 1927 1970 1959 ι

410 2017 551 2055 nunc
583 2012 864 2072 postquam
888 2002 1109 2056 Christo
1137 2002 1311 2056 visum
1347 2011 1449 2063 est,
1483 2015 1578 2068 per
1606 1999 1976 2054 admirabilem

408 2092 528 2161 ejus
560 2091 853 2161 potentiam
889 2093 1060 2145 instar
1097 2091 1197 2145 lilii
1246 2091 1558 2148 cillorescit.
1603 2089 1738 2144 Nam
1769 2099 1824 2143 et
1853 2099 1980 2142 tunc

407 2183 644 2252 ejusdem
677 2195 808 2236 nqu
841 2199 904 2239 ac
933 2183 1233 2251 voluntate,
1273 2191 1530 2252 tanquam
1580 2183 1826 2254 parentis
1879 2198 1976 2236 cn-

406 2275 614 2344 jusdam
679 2277 909 2330 liliorunt
969 2292 1156 2330 curam
1227 2277 1508 2344 gerentis,
1587 2276 1974 2345 rastigabatnr.

411 2382 432 2417 ι
471 2364 641 2432 Quem
675 2365 820 2420 enim
859 2367 1037 2437 diligit
1092 2365 1358 2420 Dominus
1399 2367 1655 2432 castigat,
1705 2365 1980 2420 verberat-

405 2473 510 2527 que
537 2472 750 2511 omnem
785 2457 947 2512 lilium
973 2473 1130 2527 quem
1165 2459 1357 2528 recipit
1388 2457 1454 2512 "’.
1487 2476 1505 2510 ι
1529 2457 1821 2528 Postquam
1851 2471 1979 2512 vero

405 2549 687 2604 moderate
713 2558 766 2603 et
801 2559 1062 2618 quantum
1112 2551 1355 2618 oportuit
1397 2550 1656 2616 casugata
1707 2561 1810 2614 εει,
1861 2564 1978 2602 rur-

407 2655 502 2694 sus
530 2639 806 2694 exsultare
825 2639 1042 2694 cmlitns
1068 2639 1406 2708 prmcipitnr,
1443 2651 1498 2694 rt
1528 2649 1783 2708 tanquam
1805 2639 1976 2692 lilium

405 2727 719 2796 elﬁoresc-it,
759 2739 1094 2798 cunctosque
1129 2731 1386 2784 mortales
1417 2731 1584 2784 divini
1635 2728 1818 2784 odoris
1854 2744 1980 2783 sua-

408 2821 578 2876 vitate
617 2820 913 2891 perfundit.
949 2819 1240 2886 Quoniam,
1295 2820 1490 2888 tnquit,
1534 2837 1554 2870 ι
1603 2821 1784 2886 erupit
1835 2833 1974 2888 aqua

408 2915 466 2970 in
493 2915 781 2969 solitudine
807 2913 900 2981 ⁸⁸;
941 2937 960 2966 ι
1012 2913 1135 2967 lotis
1175 2913 1426 2966 videlicet
1459 2926 1566 2980 quo
1623 2911 1880 2965 divinitus
1922 2911 1976 2963 in

410 3005 636 3060 salutari
691 3005 912 3058 lavacro
961 3004 1264 3074 regenerati
1320 3018 1530 3057 sumus.
1560 3000 1627 3054 Et
1662 3017 1783 3069 qua:
1818 3000 1978 3070 paulo

2073 531 2207 605 κροῦ
2237 530 2442 602 ἕρημος
2469 530 2548 594 είς
2571 529 2688 600 ἕλη,
2723 529 2816 584 καὶ
2840 530 2918 593 είς
2942 527 3040 600 τὴν
3067 525 3306 596 διψῶσαν
3326 523 3436 594 γῆν
3465 517 3680 590 ἔδρας-ε

2076 625 2226 697 πηγὴ
2261 623 2450 688 ὓδατος
2499 622 2726 688 ζῶντοςο
2763 621 2987 694 ἴσχυσάν
3027 637 3088 674 τε
3124 619 3200 684 ὡς
3223 615 3446 690 ἀληθῶς
3477 615 3682 684 χεῖρες

2075 720 2132 772 αἱ
2161 717 2224 771 τὸ
2255 717 2380 788 πρὶν
2430 715 2732 786 ἁνειμέναι,
2776 715 2870 768 καὶ
2907 713 3009 784 τῆς
3049 712 3157 766 τῶν
3207 708 3412 782 χειρῶν
3472 703 3680 774 turb;

2075 811 2233 880 ἔργα,
2265 789 2390 862 τάδε
2438 808 2506 862 τὰ
2549 807 2760 880 μεγάλα
2805 808 2900 862 καὶ
2937 805 3144 876 ἐναργῆ
3181 803 3482 873 δείγματα-
3522 795 3679 851 ἀλλὰ

2077 904 2171 958 καὶ
2203 902 2272 956 τὰ
2311 899 2480 956 πάλαι
2526 898 2912 972 σεσαθρωμένα
2957 897 3054 951 καὶ
3095 893 3399 967 παρειμένα
3424 891 3674 960 γόνατι-ι,

2074 997 2175 1060 τὰς
2217 995 2425 1058 οἰκείας
2467 993 2804 1048 ἀπολαϐόντα
2855 991 3040 1063 βάσεις
3065 989 3198 1062 (Ἥ),
3245 987 3344 1058 τὴν
3389 985 3511 1038 ὁδὸν
3553 982 3676 1052 τῆς

2077 1087 2400 1156 θεογνωσίας
2444 1085 2848 1158 εύθυποροῦντα
2899 1082 3124 1154 βαδίζει,
3169 1081 3260 1134 ἐπὶ
3303 1077 3403 1150 τὴν
3440 1074 3674 1130 οἰκείαν

2078 1179 2312 1251 ποίμνην
2358 1177 2451 1232 τοῦ
2501 1176 2812 1247 παναγάθου
2849 1175 3114 1247 Ποιμένος
3145 1172 3464 1226 σπεύδοντα.
3493 1169 3567 1222 ΕΞ
3601 1164 3678 1222 δὲ

2077 1271 2171 1326 καὶ
2215 1273 2336 1335 ταῖς
2379 1270 2486 1324 τῶν
2528 1269 2804 1342 τυράννων
2855 1267 3102 1330 ἀπειλαῖς
3149 1265 3245 1328 τὰς
3288 1262 3468 1334 ψυχάς
3504 1275 3678 1324 τινες

2076 1363 2482 1433 ἁπενάρκησαν,
2531 1361 2650 1416 οὐδὲ
2696 1360 2919 1423 τούτους
2959 1361 2988 1414 ὁ
3038 1359 3300 1430 σωτήριος
3341 1353 3678 1428 ἀθεραπεύ-

2077 1471 2202 1518 τους
2235 1456 2450 1526 παρορᾷ
2493 1453 2681 1522 λόγος⁸
2722 1448 2780 1506 εὖ
2825 1451 2968 1522 μάλα
3017 1449 3076 1504 δὲ
3109 1449 3202 1502 καὶ
3238 1447 3436 1512 αὐτοὺς
3483 1444 3678 1516 ἰώμε-

2078 1562 2187 1609 νος,
2223 1547 2302 1609 είς
2341 1545 2438 1616 τὴν
2483 1546 2576 1600 τοῦ
2615 1544 2760 1598 θείου
2790 1543 3130 1614 παράκλησιν
3155 1541 3409 1612 παρορμᾷ
3437 1539 3672 1606 λέγων’

2085 1655 2104 1687 ι
2125 1636 2566 1708 Παρακαλέσατε,
2590 1639 2638 1690 οἱ
2669 1635 2976 1706 omet-opt
3009 1637 3074 1706 τῇ
3103 1633 3330 1702 διανοίᾳ,
3363 1632 3674 1701 ἰσχύσατε,

2083 1729 2156 1800 μὴ
2184 1715 2452 1798 φοϐεῖσθε.
2482 1749 2501 1782 ι
2537 1729 2753 1784 Τούτων
2791 1729 2900 1783 δεῖν
2933 1726 3238 1781 ἀπολαῦσαι
3265 1724 3362 1796 τὴν
3393 1723 3488 1778 διὰ
3515 1723 3676 1778 Θεδν

2078 1819 2373 1890 γενομένην
2423 1819 2643 1891 ἔρημον,
2691 1819 2786 1874 τοῦ
2838 1819 2996 1888 λόγου
3044 1819 3502 1890 προαγορεύοντος
3559 1817 3680 1870 ἑπ-

2078 1910 2314 1975 ακούσας
2341 1910 2491 1982 ὀξείᾳ
2525 1911 2764 1976 διανοίας
2799 1913 2934 1982 ἀκοῇ
2962 1903 3115 1974 οὗτος
3150 1911 3180 1964 δ
3226 1891 3342 1973 νέος
3369 1908 3528 1979 ἡμῶν
3564 1907 3676 1962 καὶ

2077 2003 2242 2066 καλὸς
2265 2002 2583 2074 Ζοροϐάϐελ,
2613 2005 2750 2074 μετὰ
2774 2004 2872 2076 τὴν
2905 2001 3106 2074 πικρὰν
3137 2001 3348 2072 ἐκείνην
3369 2001 3676 2072 αἰχμαλω-

2079 2095 2221 2158 σίαν,
2253 2094 2348 2146 καὶ
2390 2095 2452 2147 τὸ
2486 2093 2758 2166 βδέλυγμα
2796 2095 2897 2165 τῆς
2937 2092 3291 2166 ἐρημώσεως,
3319 2093 3378 2146 ού
3406 2089 3676 2164 παριδὼν

2077 2187 2138 2240 τὸ
2189 2186 2386 2258 πτῶμα
2429 2187 2640 2260 νεκρὸν,
2691 2185 2972 2260 πρώτιστα
3006 2186 3222 2240 πάντων
3271 2183 3673 2256 παρακλήσεσι

2079 2283 2172 2334 καὶ
2203 2281 2395 2345 λιταῖς,
2436 2280 2592 2335 ἵλεων
2635 2279 2725 2334 τὸν
2761 2279 2975 2352 Πατέρα
3006 2277 3140 2350 μετὰ
3165 2277 3266 2348 τῆς
3287 2277 3473 2346 κοινῆς
3495 2273 3674 2346 ὑμῶν

2079 2372 2332 2427 ἁπάντων
2375 2371 2750 2444 ὁμοφροσύνης
2789 2371 3288 2441 καταστησάμενος.
3315 2369 3409 2422 καὶ
3432 2367 3526 2421 τδν
3560 2365 3674 2436 μό-

2077 2483 2166 2520 νον
2195 2463 2406 2534 νεκρῶν
2449 2463 2710 2528 ζωοποιδν
2743 2463 3026 2534 σύμμαχον
3052 2461 3376 2534 παραλαϐὼν
3403 2461 3500 2514 καὶ
3527 2475 3675 2512 συν-

2078 2557 2258 2630 εργὸν,
2303 2556 2402 2627 τὴν
2448 2557 2720 2612 πεσοῦσαν
2755 2556 3024 2628 ἐξήγειρε,
3054 2552 3512 2628 πρωποκαθὰρας
3557 2551 3674 2606 καὶ

2080 2649 2526 2722 προθεραπεύσας
2571 2649 2680 2703 τῶν
2730 2648 2941 2704 κακῶνο
2993 2647 3087 2702 καὶ
3129 2646 3320 2717 στολὴν
3363 2645 3423 2698 ού
3469 2643 3568 2715 τὴν
3601 2643 3675 2710 ἐξ

2079 2741 2310 2814 ἀρχαίου
2341 2741 2575 2796 παλαιὰν
2604 2742 2741 2814 αὐτῇ
2773 2741 3160 2811 περιτέθεικεν,
3194 2739 3304 2794 ἀλλ’
3330 2739 3523 2793 ὁποίαν
3548 2734 3672 2794 αὖ·

2081 2833 2164 2898 θις
2209 2833 2359 2905 παρὰ
2401 2834 2510 2888 τῶν
2537 2833 2695 2888 θείων
2740 2834 3002 2904 χρησμῶν
3032 2832 3425 2898 ὲξεπαιδεύετο,
3461 2831 3672 2900 σαφῶς

2080 2917 2182 2981 ὧδε
2213 2925 2507 2996 λεγόντωνο
2529 2948 2548 2979 ι
2581 2929 2693 2982 Καὶ
2735 2927 2888 2981 ἔσται
2918 2930 2950 2998 ἡ
2995 2926 3122 2993 δόξα
3149 2925 3240 2980 τοῦ
3273 2925 3420 2978 οἴκου
3459 2922 3672 2978 τούτσυ

2079 3019 2116 3091 ἡ
2143 3019 2370 3090 ἐσχάτη,
2403 3019 2544 3089 ὑπὲρ
2574 3018 2674 3090 τὴν
2716 3019 3010 3090 προτέραν.
3038 3037 3056 3070 ι
3100 3015 3284 3094 Ταύτῃ
3317 3015 3360 3068 δ’
3389 3009 3481 3068 οὖν
3517 3013 3671 3068 πολὺ

411 3103 536 3150 ante
565 3106 716 3150 vasta
749 3095 980 3150 solitudo
997 3079 1148 3158 'crat,
1179 3108 1323 3147 nunc
1350 3103 1553 3147 mutata
1599 3103 1684 3147 cst
1738 3093 1790 3146 in
1832 3093 1977 3162 palu-

2086 3109 2302 3182 μείζονα
2341 3110 2432 3163 τὸν
2459 3109 2634 3180 χῶρον
2671 3110 2883 3163 ἅπαντα
2919 3107 3246 3180 περιλαϐὼν,
3273 3107 3363 3160 τὸν
3401 3107 3498 3176 μὲν
3527 3107 3674 3172 ἔξω·

411 3187 544 3251 des;
577 3195 629 3239 et
656 3185 709 3238 in
745 3195 946 3238 terram
990 3183 1324 3238 siticulosam
1359 3183 1648 3238 scaturivit
1675 3182 1798 3237 l‘ous
1825 3199 1980 3252 aquae

409 3280 569 3333 vivae.
625 3277 911 3332 lloboratze
954 3286 1078 3332 sunt
1137 3275 1381 3348 profecto
1442 3290 1635 3331 manus
1678 3292 1797 3348 qua:
1833 3279 1980 3346 prius

411 3379 568 3424 erant
595 3369 859 3440 languida:
883 3385 896 3434 ;
927 3377 984 3423 et
1017 3370 1132 3423 haec
1156 3383 1274 3436 qua:
1299 3366 1520 3422 cernitis
1550 3382 1738 3438 opera,
1767 3369 1980 3424 roboris

414 3476 668 3516 manuum
706 3476 898 3532 magna
931 3469 982 3514 et
1012 3459 1294 3529 perspicua
1325 3469 1642 3526 argtnnenta
1662 3469 1808 3514 sunt.
1839 3459 1978 3528 Quin

413 3563 468 3607 et
488 3567 660 3621 genua
685 3552 772 3605 illa
799 3567 915 3622 qum
937 3551 1257 3622 jamdudum
1285 3551 1564 3606 debilitata
1586 3562 1744 3607 erant
1773 3567 1836 3607 ac
1872 3553 1982 3607 dis-

414 3646 611 3708 soluta,
649 3659 791 3698 nunc
846 3651 1161 3712 recuperata
1217 3657 1503 3714 gressuum
1551 3642 1832 3704 lit'tnitale.
1899 3659 1982 3700 re-

413 3746 556 3788 ctam
605 3733 800 3788 divina:
822 3733 1146 3804 cognitionis
1192 3732 1443 3786 semitam
1490 3733 1888 3800 ingrediuntur,
1929 3743 1984 3788 et

414 3825 480 3878 ad
523 3829 797 3894 proprium
849 3825 1038 3894 Optimi
1090 3823 1333 3878 Pastoris
1379 3838 1596 3894 gregem
1665 3834 1980 3894 preperant.

413 3917 567 3985 Quod
599 3917 643 3972 si
675 3919 765 3988 qui
796 3920 936 3974 l'orte
977 3930 1334 3990 tyrannorum
1369 3920 1532 3974 minis
1583 3919 1982 3992 perterrefacti,

414 4011 610 4065 animis
635 4012 1047 4082 obtorpuerunt,
1081 4028 1148 4066 ne
1180 4012 1278 4066 ltos
1305 4013 1527 4078 quidem
1592 4013 1852 4066 salutaris
1891 4011 1980 4066 Dei

415 4119 598 4158 sermo
623 4105 923 4162 curationis
977 4117 1228 4173 expert-cs
1274 4105 1569 4175 relinquit:
1611 4104 1704 4160 sed
1750 4105 1984 4170 benigne

413 4211 510 4252 eos
543 4189 800 4251 remediis
831 4196 1039 4260 fovens,
1072 4196 1138 4249 ad
1179 4195 1582 4265 percipiendam
1637 4196 1730 4250 Dei
1785 4211 1982 4250 conso-

416 4288 670 4342 lationem
696 4289 897 4342 excitat
929 4289 1015 4342 bis
1056 4287 1276 4342 verbis:
1319 4306 1338 4339 ι
1367 4287 1862 4357 Consolamini,vos
1889 4304 1984 4356 pu-

416 4379 757 4435 sillanimes:
802 4377 1204 4446 confortamini,
1247 4378 1414 4432 nolite
1439 4357 1632 4432 timere
1663 4378 1736 4432 ”.
1776 4397 1794 4430 ι
1848 4377 1982 4432 Cum

2080 3201 2172 3257 θεν
2194 3202 2469 3274 ὠχυροῦτο
2492 3201 2772 3274 περίϐολον
2800 3202 2876 3272 τῷ
2894 3201 2988 3256 τοῦ
3017 3202 3215 3264 παντὸς
3245 3201 3674 3272 περιτειχίσμα-

2079 3311 2152 3360 τι,
2183 3293 2258 3358 ὡς
2288 3292 2352 3348 ἂν
2395 3293 2798 3362 ἀσφαλέστατον
2827 3293 2912 3364 εἴη
2946 3291 3041 3346 τοῦ
3077 3281 3483 3364 παντός’ἓρκος.
3515 3293 3675 3364 Πρό-

2081 3386 2248 3440 πυλον
2275 3385 2332 3438 δὲ
2364 3385 2504 3457 μέγα
2545 3385 2636 3438 καὶ
2675 3387 2754 3449 είς
2795 3383 2926 3454 ὕψος
2974 3383 3282 3455 ἐπηρμένον
3313 3383 3446 3455 πρὸς
3484 3381 3674 3448 αὐτὲις

2080 3478 2388 3550 ἀνίσχοντος
2422 3477 2572 3549 ἡλίου
2618 3479 2842 3540 ἀκτῖνας
2884 3475 3250 3539 ἀναπετάσας,
3285 3475 3384 3547 ἥδη
3417 3474 3515 3529 καὶ
3545 3478 3676 3539 τοῖς

2085 3570 2302 3642 μακρὰν
2335 3568 2632 3642 περιϐόλων
2665 3569 2770 3632 ἔξω
2809 3567 2968 3640 ἱερῶν
3001 3567 3220 3626 ἑστῶσι,
3250 3567 3350 3638 τῆς
3375 3567 3486 3619 τῶν
3512 3565 3673 3622 ἔνδον

2082 3664 2354 3735 παρέσχεν
2401 3660 2660 3732 ἀφθονίαν
2706 3659 2854 3724 θέας,
2902 3660 3181 3730 μονονουχὶ
3209 3659 3303 3712 καὶ
3343 3659 3452 3712 τῶν
3497 3658 3671 3712 ἀλλο-

2081 3755 2250 3830 τρίων
2269 3758 2368 3826 τῆς
2392 3754 2626 3817 πίστεως
2657 3753 2748 3806 ἐπὶ
2778 3751 2875 3817 τὰς
2902 3751 3121 3825 πρώτας
3142 3752 3377 3814 εἰσόδους
3407 3750 3672 3823 ὲπιστρὲι

2084 3865 2196 3916 (ρων
2229 3847 2327 3910 τὰς
2353 3845 2524 3917 ὄψεις,
2559 3845 2634 3909 ὡς
2658 3843 2721 3897 ἂν
2751 3843 2825 3915 μὴ
2860 3843 3178 3916 παρατρέχῃ
3206 3861 3310 3908 τις,
3342 3844 3425 3896 ὅτι
3461 3841 3536 3912 μὴ

2081 3937 2256 4009 ψυχὴν
2287 3936 2609 4006 κατανυγεὶς
2641 3935 2902 4006 πρότερον
2933 3937 3121 4006 μνήμῃ
3148 3935 3247 4006 τῆς
3277 3951 3337 3988 τε
3370 3935 3504 4005 πρὶν
3535 3935 3671 4006 ὲρη-

2088 4031 2234 4102 μίας,
2289 4029 2384 4082 καὶ
2428 4029 2527 4098 τῆς
2569 4027 2664 4081 νῦν
2711 4027 3016 4098 παραδόξου
3067 4026 3535 4098 θαυματουργίας,
3569 4026 3669 4096 ὑφ’

2082 4117 2152 4194 ἦς
2179 4121 2320 4191 τάχα
2361 4119 2455 4172 καὶ
2497 4117 2922 4190 ἑλκυσθήσεσθαι
2962 4117 3354 4186 κατανυγὲντα,
3382 4116 3480 4170 καὶ
3525 4115 3672 4188 πρὸς

2085 4211 2255 4280 αὐτῆς
2293 4210 2393 4280 τῆς
2441 4209 2615 4278 ὅψεως
2657 4210 2750 4262 ἐπὶ
2782 4207 2879 4280 τὴν
2923 4207 3126 4261 εἴσοδον
3177 4207 3670 4280 προτραπησεσθαι

2085 4301 2330 4372 ἤλπισεν.
2361 4301 2504 4354 Είσω
2529 4299 2584 4352 δὲ
2613 4297 2934 4372 παρελθόντι
2967 4296 3170 4362 πυλῶν,
3232 4299 3335 4352 οὐκ
3367 4295 3532 4361 εὐθὺς
3564 4300 3672 4368 3:9-

2085 4391 2216 4464 ἧκεν
2243 4392 2494 4460 ἀνάγνοις
2517 4391 2608 4447 καὶ
2629 4391 2870 4454 ἀνίπτοις
2900 4390 3026 4443 ποσὶ
3051 4390 3160 4444 τῶν
3189 4389 3330 4444 ἕνδοί
3363 4389 3669 4443 ἐπιϐαίνειν

417 4469 584 4542 igitur
616 4486 788 4526 novus
818 4472 906 4524 bic
943 4481 1124 4525 noster
1163 4483 1217 4526 ct
1245 4471 1498 4542 egregius
1529 4469 1850 4537 Zurobabel,
1897 4486 1979 4524 so-

2092 4487 2284 4556 ἁγίων,
2319 4485 2586 4539 διαλαεὼν
2623 4484 2680 4540 δὲ
2714 4483 2960 4539 πλεῖστον
2991 4486 3112 4538 ὅσον
3153 4484 3211 4538 τὸ
3245 4483 3451 4556 μεταξὺ
3478 4483 3574 4538 τοῦ
3605 4501 3668 4538 τε

416 4562 714 4619 lertissimo
767 4564 962 4620 mentis
1018 4564 1272 4620 acmniue
1325 4564 1680 4620 intellexisset
1737 4563 1884 4629 fore,
1930 4573 1988 4618 ut

418 4655 508 4710 illa
537 4671 658 4725 quze
698 4667 920 4727 propter
962 4655 1127 4711 Deum
1161 4657 1377 4711 deserta
1414 4656 1611 4720 fuerat,
1655 4657 1986 4727 supradictis

414 4745 574 4801 bonis
601 4748 750 4802 brevi
782 4747 1072 4814 frueretur,
1093 4747 1544 4819 quemadmodum
1572 4749 1786 4803 divinus
1803 4764 1985 4805 sermo

417 4837 782 4908 praedixerat:
817 4851 940 4910 post
976 4843 1232 4897 acerbam
1283 4840 1430 4895 illam
1481 4841 1876 4910 captivitatem,
1931 4851 1985 4895 et

417 4938 537 4998 post
566 4931 1028 4987 abominationcm
1061 4932 1438 4998 desolationis,
1487 4935 1719 4988 cadaver
1749 4935 1849 4989 hoc
1883 4934 1984 4988 mi-

2093 4578 2196 4634 νεὼ
2229 4579 2324 4632 καὶ
2365 4577 2470 4631 τῶν
2510 4576 2741 4650 πρώτων
2785 4577 3022 4634 εἰσόδων.
3071 4575 3325 4648 τέτταρσι
3374 4575 3476 4646 μὲν
3506 4576 3671 4650 πέριξ

2092 4668 2402 4743 ὲγκαρσίοις
2444 4667 2819 4740 κατεκόσμησε
2866 4671 3065 4732 στοαῖς,
3112 4669 3192 4732 είς
3238 4653 3588 4740 τετράγωνόν
3617 4685 3666 4722 τι

2094 4763 2279 4833 σχῆμα
2307 4759 2648 4834 περιφράξας
2694 4760 2786 4814 τὸν
2826 4759 2990 4814 τόπον
3017 4759 3148 4831 (22),
3179 4759 3320 4813 κίοσι
3391 4759 3668 4832 πανταχό-

2091 4853 2182 4908 θεν
2228 4853 2644 4923 ὲπαιρομέναις·
2696 4846 2770 4906 ὧν
2819 4851 2890 4906 τὰ
2940 4852 3080 4925 μέσα
3119 4851 3231 4922 (25)
3285 4851 3667 4924 διαφράγμασι

2088 4949 2201 5011 τοῖς
2232 4945 2340 4998 ἀπὸ
2384 4943 2538 5010 ξύλου
2571 4944 2882 5009 δικτυωτοίς
2915 4945 2974 5008 ὲς
3016 4943 3078 4998 τδ
3123 4943 3437 5015 σύμμετρον
3471 4943 3668 5014 ἥκουσι

483 5069 850 5150 "153.33%
881 5073 906 5128 1
941 5071 994 5126 4.
1069 5071 1367 5150 θξιιιίίι..-δ,
1394 5071 1483 5150 _7._
1527 5074 1576 5106 ⁸³
1611 5072 1750 5128 Psal.
1793 5087 1985 5150 tum,
2019 5081 2144 5148 5,6.
2219 5075 2416 5134 “Ibid.
2444 5077 2496 5133 Ἰ.
2572 5076 2616 5109 ⁸⁵
2637 5075 2777 5130 Psal.
2806 5075 3087 5137 uim”.
3159 5074 3206 5106 "
3231 5073 3370 5128 ibid.
3443 5073 3494 5106 ⁸⁷
3527 5071 3660 5128 lleb.

671 5139 716 5172 ⁸⁸
742 5141 844 5196 lsa.
880 5159 1042 5209 xxxv,
1092 5146 1146 5199 6.
1219 5143 1266 5196 εξ
1288 5143 1428 5198 Ibid.
1455 5144 1509 5198 4.

485 5259 597 5332 (2|)
618 5260 730 5333 Τὰς
742 5263 964 5330 οἰκείας
975 5263 1354 5318 ἀπολαϐόντα
1361 5263 1698 5330 βάσεις.8ῑσ
1707 5261 1987 5333 legendum

419 5341 531 5391 t-sl,
567 5341 625 5385 ut
655 5332 856 5387 habent
888 5335 1044 5387 COtili.
1082 5333 1244 5398 Μαί..
1277 5333 1412 5388 Fuit.
1445 5347 1500 5390 ct
1531 5335 1698 5390 Savil.
1743 5332 1796 5388 et
1827 5335 1988 5399 Muz.,

420 5416 518 5480 pro
543 5404 758 5471 vulgato
779 5402 1142 5480 απολαύοντα.
1175 5407 1248 5458 Ac
1272 5405 1514 5480 profecto
1532 5407 1717 5480 miror,
1737 5415 1986 5458 neutrum

425 5475 772 5550 interpretem
807 5475 1130 5550 itl_vi_disse,
1159 5493 1280 5530 cum
1310 5477 1616 5530 emendatio
1650 5475 1704 5528 in
1737 5487 1987 5544 promptu

422 5543 512 5593 sit.
547 5551 600 5593 et
632 5543 804 5596 cuivis
825 5543 1006 5598 obvia.

488 5607 598 5684 (22)
631 5611 736 5684 ξις
767 5611 1131 5684 τςρτρᾴγωνόν
1155 5633 1209 5668 τι
1250 5613 1458 5684 σχῆμα
1489 5613 1854 5684 περιφράξας
1886 5612 1992 5666 τὸν·

427 5676 631 5760 τόποις,
657 5676 891 5760 Pessime
903 5676 1426 5760 Christopliorso'uiis
1447 5687 1512 5740 de
1531 5676 1846 5760 gaudeant;
1875 5684 1990 5760 haec

430 5754 657 5818 accepit,
682 5765 803 5806 cum
836 5754 901 5808 de
937 5756 1110 5818 spatio
1139 5754 1228 5810 illo
1258 5757 1509 5819 loquatur
1531 5754 1818 5820 Eusebius,
1842 5755 1988 5820 quod

337 5122 347 5127 ’
417 5157 516 5205 xu,
542 5122 596 5196 6.

2097 5271 2218 5318 erat
2246 5261 2387 5315 inter
2415 5258 2736 5312 vestibulum
2769 5266 2824 5310 et
2864 5255 3162 5309 basilicam.
3200 5255 3313 5309 Hoc
3347 5256 3513 5326 igitur
3549 5273 3664 5325 spa-

2099 5336 2232 5388 tiutn
2294 5333 2346 5384 in
2419 5328 2775 5399 qllatll'altgllll
2830 5327 3061 5399 speciem
3121 5327 3667 5399 conclusum,_qna-

2103 5415 2225 5458 tuor
2245 5393 2478 5470 obliquis
2505 5393 2801 5468 porticibus
2835 5393 2867 5450 α
2888 5393 3116 5448 Paulino
3145 5408 3470 5451 exornatum
3499 5393 3667 5453 fuisse

2101 5475 2251 5528 dicit.

2171 5545 2282 5615 (25)
2315 5535 2428 5615 Ὧν
2453 5538 2525 5593 τὰ
2550 5537 2731 5615 μέσα.
2765 5534 2963 5615 Supple
2991 5535 3204 5615 κιόνων.
3231 5538 3424 5615 Itaque
3455 5554 3477 5588 ι
3506 5537 3666 5615 inter:

2099 5607 2370 5668 col'uuinia
2406 5629 2424 5662 ι
2461 5607 2624 5670 verti,
2659 5623 2765 5660 non
2806 5607 2968 5672 male,
3003 5616 3060 5658 ut
3094 5609 3306 5676 opinor.
3333 5607 3473 5661 ’llmc
3505 5608 3667 5676 igitur

2099 5681 2533 5743 intercolumnia,
2560 5679 2636 5732 ait
2656 5677 3196 5743 Eusebius,undique
3213 5678 3472 5731 conclusa
3498 5677 3668 5732 fuisse

2100 5752 2371 5819 repagulis
2404 5749 2595 5817 ligneis
2621 5747 2962 5812 cancellatis,
2987 5747 3040 5801 in
3064 5747 3398 5802 mediocrem
3424 5747 3663 5802 altitudi-
