3858 6260
167 305 292 361 865

1223 305 1565 364 HISTOR'A'.
1606 303 2162 363 ECCLESIASTICAZ
2199 307 2324 363 LIB.
2365 309 2431 364 Χ.

3343 319 3448 378 866

181 424 404 494 μήκους
433 424 807 496 περικλείσας,
842 427 1004 497 μέσον
1030 424 1240 498 αἴθριον
1269 425 1420 496 ἠφίει
1446 425 1556 497 (24)
1581 426 1661 488 εἰς
1683 423 1756 495 τηε

1884 425 2028 479 nime
2057 427 2311 495 neglexit.
2347 426 2453 481 Sed
2495 445 2616 483 cum
2659 439 2785 485 ante
2813 432 2992 486 omnia
3029 433 3193 490 Deum
3231 435 3444 494 Patrem

178 513 284 566 τοῦ
331 515 566 586 οὐρανοῦ
604 518 850 588 κάτοψινν
900 517 1148 590 λαμπρὸν
1195 521 1288 573 καὶ
1321 523 1442 582 ταῖς
1471 520 1564 572 τοῦ
1602 519 1778 589 φωτὸς

185 607 414 659 Ξκτισιν
443 608 729 679 ἀνειμένον
763 609 897 681 ἀέρα
947 610 1204 681 παρέχον.
1250 611 1430 683 Ἱερῶν
1468 612 1513 665 δ’
1543 610 1780 666 ἐνταῦθα

194 698 519 770 καθαρσίων
540 703 704 756 ἐτίθει
731 702 991 773 σύμϐολα,
1007 706 1210 775 κρήνας
1235 705 1492 775 ἄντικρυς
1516 707 1594 768 εἰς
1609 706 1776 775 πρόσ-

180 809 348 844 ωπον
383 793 760 857 ἐπισκευάζων
789 795 880 847 τοῦ
915 794 1038 858 νεὼ,
1070 795 1249 866 πολλῷ
1280 797 1358 866 τῷ
1417 797 1648 867 χεύματι
1680 797 1774 851 τοῦ

187 883 446 953 νάματος
472 888 584 948 τοῖς
613 885 909 957 περιϐόλων
954 888 1113 959 ἱερῶν
1144 890 1237 942 ἐπὶ
1283 890 1350 942 τὰ
1388 888 1494 942 ἔσω
1530 890 1775 961 προϊοῦσι

182 974 295 1044 τὴν
325 975 630 1047 ἀπορῥυψιν
657 977 1051 1047 παρεχομένας.
1087 980 1196 1032 Καὶ
1227 980 1414 1051 πρώτη
1456 981 1553 1050 μὲν
1583 980 1776 1033 εἰσιόν-

185 1082 310 1118 των
363 1065 503 1134 αὕτη
537 1066 806 1136 διατριϐὴ,
858 1067 1058 1136 κόσμον
1100 1068 1233 1138 ὁμοῦ
1285 1070 1374 1121 καὶ
1428 1069 1656 1136 ἀγλαΐαν
1696 1069 1774 1140 τῷ

188 1159 385 1218 παντὶ,
421 1163 531 1221 τοῖς
559 1175 619 1210 τε
639 1158 746 1211 τῶν
779 1158 1006 1231 πρώτων
1035 1160 1348 1229 εἰσαγωγῶν
1375 1159 1452 1213 ἔτι
1481 1161 1770 1230 δεομένοις,

187 1252 533 1322 κατάλληλον
575 1252 674 1322 τὴν
724 1252 888 1324 μονὴν
935 1253 1298 1325 παρεχομένη.
1349 1253 1506 1306 Ἀλλά
1539 1254 1645 1325 γὰρ
1680 1255 1772 1308 καὶ

186 1345 298 1414 τὴν
326 1344 532 1397 τούτων
583 1343 711 1397 θέαν
754 1345 1234 1415 παραμειῲάμενος
1257 1345 1390 1414 (ἓὸ),
1427 1347 1663 1399 πλείοσιν
1693 1346 1772 1398 ἔτι

191 1433 404 1502 μᾶλλον
440 1436 550 1496 τοῖς
602 1433 863 1488 ἐνδοτάτω
908 1433 1203 1504 προπύλοις
1235 1434 1332 1498 τὰς
1381 1436 1471 1487 ἐπὶ
1507 1435 1597 1488 τὸν
1635 1434 1770 1491 νεὼν

187 1523 464 1595 παρόδους
495 1523 944 1594 ἀναπεπταμένας
976 1524 1173 1588 ἐποίει,
1209 1525 1314 1578 ὑπὸ
1349 1527 1444 1596 μὲν
1471 1528 1588 1589 ταῖς
1619 1527 1767 1597 ήλίου

191 1615 382 1685 βολαῖς
415 1613 569 1680 αὖθις
596 1621 742 1688 τρεῖς
772 1617 946 1680 πύλας
983 1617 1072 1687 ὑφ’
1123 1617 1182 1671 ἓν
1223 1619 1478 1682 καταθεὶς
1510 1619 1764 1689 πλευρόν·

187 1704 265 1762 ὧν
297 1711 359 1763 τὸ
391 1711 525 1762 πολὺ
565 1711 661 1774 τὰς
689 1710 818 1780 παρ’
850 1711 1084 1783 ἑκάτερα
1117 1710 1332 1782 μεγέθει
1358 1729 1418 1765 τε
1451 1714 1546 1767 καὶ
1577 1713 1767 1768 πλάτει

1880 519 2128 586 precibus
2157 519 2321 592 380
2351 537 2414 574 ac
2441 521 2926 590 supplicationibus
2970 527 3261 596 placasset,
3310 545 3444 584 con-

1879 610 2209 678 spirautibus
2232 610 2725 668 omniumvestrum
2751 621 2893 672 votis
2917 627 3080 687 atque
3123 622 3439 688 sententiis;

1876 714 2106 768 cumque
2133 717 2252 754 cum
2289 704 2379 770 qui
2411 703 2558 758 solus
2593 717 2837 760 mortuos
2882 708 2948 761 ad
2981 708 3145 762 vitam
3199 723 3440 778 revocat,

1875 792 2253 846 auxiliatorem
2294 795 2396 848 sibi
2427 805 2591 866 atque
2619 799 2925 867 adjutoretn
2963 802 3306 867 adscivisset,
3334 805 3443 861 Ec-

1874 885 2089 937 clcsiam
2128 887 2263 941 hanc
2295 888 2596 957 prolapsam
2627 893 2910 956 excitavit,
2947 909 3069 948 cum
3115 896 3260 950 illam
3293 899 3444 966 prius

1873 980 2016 1031 oumi
2049 979 2168 1034 labe
2203 993 2511 1052 purgasset,
2558 995 2613 1038 et
2667 989 3080 1043 medicamentis
3132 991 3442 1044 salubribus

1873 1070 2194 1124 Curavissct.
2231 1069 2348 1125 Jan:
2381 1087 2508 1126 vero
2555 1089 2674 1126 eam
2711 1086 2861 1130 veste
2911 1078 3297 1142 circmndedit,
3335 1097 3440 1134 nou

1875 1160 1964 1213 illa
1994 1174 2196 1229 vetere,
2231 1165 2324 1218 sed
2361 1181 2520 1234 quam
2560 1184 2749 1222 rursus
2773 1185 2836 1222 ex
2863 1171 3060 1225 divinis
3089 1174 3327 1228 oraculis
3358 1177 3442 1229 di-

1872 1251 2099 1316 dicerat,
2139 1254 2190 1306 in
2225 1255 2420 1322 quibus
2451 1257 2652 1312 diserte
2692 1260 3007 1328 praadictnm
3035 1272 3158 1317 est:
3199 1282 3215 1313 ι
3247 1263 3312 1316 Ει
3336 1265 3441 1317 erit

1873 1341 2143 1407 posterior
2187 1343 2364 1410 gloria
2414 1347 2609 1398 domus
2658 1347 2818 1412 hujus
2859 1349 3014 1419 longe
3073 1365 3235 1419 Supra
3288 1352 3440 1420 prio-

1875 1445 1984 1483 rem
2018 1431 2089 1484 9°.
2125 1450 2145 1484 ›
2186 1432 2368 1502 Itaque
2419 1436 2586 1489 multo
2615 1437 2928 1505 ampliorem
2966 1440 3142 1494 locum
3187 1450 3435 1506 metatus,

1870 1523 2192 1576 exteriorem
2217 1524 2432 1593 quidem
2457 1527 2721 1580 ambitum
2761 1545 2914 1583 muro
2941 1532 3177 1600 umlique
3201 1549 3442 1586 cornum-

1871 1615 2026 1679 nivit,
2056 1614 2147 1684 qui
2182 1617 2348 1670 totius
2373 1618 2552 1684 operis
2580 1620 2909 1672 tutissimum
2935 1630 3077 1676 esset
3122 1639 3437 1693 propugna-

1870 1708 2073 1762 culum.
2101 1707 2351 1778 Magnum
2393 1710 2585 1766 deinde
2611 1721 2773 1780 atque
2799 1712 3072 1766 excelsum
3103 1716 3430 1770 vestibulum

189 1802 535 1855 πλεονεκτεῖν
572 1805 636 1873 τῇ
683 1802 822 1875 μέσῃ
855 1802 1237 1874 χαρισάμενος,
1272 1805 1674 1878 παραπήγμασί
1705 1824 1756 1860 τε

1869 1801 1937 1854 ad
1981 1801 2129 1869 ipsos
2158 1801 2290 1856 solis
2327 1803 2559 1857 orientis
2610 1804 2792 1857 radios
2841 1807 3124 1871 extendit;
3177 1807 3244 1861 iis
3285 1808 3435 1876 quia

187 1893 396 1964 χαλκοῦ
423 1894 530 1967 (26)
565 1895 920 1966 σιδηροδέτοις
945 1898 1037 1950 καὶ
1069 1898 1416 1968 ποικίλμασιν
1439 1900 1766 1969 ἁναγλύφοις

187 1984 554 2056 διαφερόντως
581 1986 747 2056 αὐτὴν
777 1986 1092 2057 φαιδρύνας,
1121 1989 1196 2052 ὡς
1229 1988 1293 2041 ἂν
1323 1988 1568 2058 βασιλίδι,
1593 1991 1764 2064 ταύτῃ

185 2077 314 2139 τοὺς
342 2077 672 2148 δορυφόρους
716 2078 997 2145 ὑπέζευξε.
1047 2080 1148 2132 Τὸν
1178 2081 1336 2133 αὑτὸν
1361 2081 1417 2134 δὲ
1448 2081 1644 2153 τρόπον
1673 2084 1765 2136 καὶ

184 2172 306 2233 ταῖς
351 2171 484 2241 παρ’
517 2171 752 2242 ἑκάτερα
798 2171 890 2224 τοῦ
930 2173 1128 2234 παντὸς
1171 2173 1276 2225 νεὼ
1323 2177 1501 2237 στοαῖς
1536 2175 1625 2227 τὸν
1656 2175 1762 2228 τῶν

188 2261 485 2330 προπόλιον
509 2262 737 2334 ἀριθμὸν
755 2263 1029 2328 διατάξας,
1049 2264 1253 2318 ἄνωθεν
1275 2265 1368 2320 ἐπὶ
1386 2267 1606 2331 ταύταις
1621 2268 1763 2341 ἄλλῳ

186 2352 396 2405 πλείονι
430 2354 567 2421 φωτὶ
606 2353 893 2424 διαφόρους
929 2354 1026 2418 τὰς
1062 2356 1153 2408 ἐπὶ
1196 2356 1287 2409 τὸν
1327 2353 1474 2410 οἷκον
1517 2358 1764 2422 εἰσϐολάς

187 2446 423 2507 ἐπενόει,
455 2448 576 2509 ταῖς
607 2446 716 2499 άπὸ
749 2446 904 2512 ξύλου
945 2442 1326 2520 λεπτουργίαις
1373 2451 1466 2504 καὶ
1503 2451 1592 2505 τὸν
1635 2455 1762 2524 περὶ

187 2536 358 2599 αὐτας
398 2537 598 2607 κόσμον
633 2539 1082 2593 καταποικίλλων.
1119 2542 1220 2604 Τὸν
1248 2543 1304 2595 δὲ
1332 2542 1597 2611 βασίλειον
1617 2541 1761 2599 οἷκον

189 2627 613 2698 πλουσιωτέραις
659 2629 756 2700 ἤδη
792 2630 887 2683 καὶ
915 2630 1157 2700 δαψιλέσι
1184 2636 1305 2696 ταῖς
1332 2633 1484 2698 ὕλαις
1526 2635 1759 2707 ὠχύρου,

189 2719 407 2790 ἀφθόνῳ
433 2720 711 2792 φιλοτιμίᾳ
743 2721 849 2775 τῶν
871 2723 1236 2795 ἀναλωμάτων
1269 2725 1569 2798 χρώμενος.
1594 2729 1762 2783 Ἔνθα

190 2829 278 2881 μοι
311 2813 456 2866 δοκῶ
484 2814 732 2884 περιττὸν
763 2810 900 2868 εἶναι
923 2815 1016 2868 τοῦ
1049 2817 1361 2888 δομήματος
1394 2819 1541 2890 μήκη
1571 2837 1632 2873 τε
1667 2822 1761 2874 καὶ

187 2903 792 2976 πλάτη-,καταγράφειν,
826 2907 892 2960 τὰ
925 2907 1125 2976 φαιδρὰ
1152 2907 1326 2962 ταῦτα
1355 2910 1546 2981 κάλλη,
1577 2912 1668 2964 καὶ
1695 2913 1761 2966 τά

185 2994 344 3063 λόγου
372 2996 652 3067 κρείττονα
685 2997 907 3068 μεγέθη,
940 2999 1038 3070 τήν
1066 3015 1125 3051 τε
1158 2999 1266 3053 τῶν
1300 2999 1474 3070 ἔργων
1503 3003 1760 3058 ἀποστίλ-

188 3082 386 3136 ϐουσαν
419 3083 538 3153 ὄψιν
562 3083 639 3154 τῷ
663 3083 806 3155 λόγῳ
834 3086 1100 3152 διεξιόντι,
1130 3087 1237 3160 ὕψη
1290 3109 1347 3144 τε
1370 3093 1436 3146 τὰ
1467 3093 1761 3166 οὐρανομή-

184 3194 290 3248 κη,
342 3177 438 3230 καὶ
487 3177 584 3241 τὰς
626 3179 828 3231 τούτων
873 3180 1270 3251 ὑπερκειμένας
1312 3184 1620 3251 πολυτελεῖς
1666 3186 1758 3240 τοῦ

186 3270 419 3323 Λιϐάνου
453 3271 672 3342 κέδρους
699 3263 773 3324 ὧν
805 3271 925 3325 οὐδὲ
973 3273 1034 3326 τὸ
1061 3272 1200 3327 θεῖον
1219 3274 1396 3343 λόγιον
1421 3275 1516 3347 τὴν
1543 3279 1761 3350 μνήμην

184 3361 571 3433 ἀπεσιώπησεν
593 3403 606 3426 ,
647 3381 666 3412 ι
688 3362 1150 3434 Εὑιρρανθήσεται,
1173 3383 1191 3416 ι
1230 3366 1455 3434 φάσκον,
1495 3387 1514 3418 ι
1532 3367 1602 3421 τά
1630 3366 1760 3433 ξύλα

184 3450 274 3503 τοῦ
303 3451 533 3522 Κυρίου,
563 3452 657 3504 καὶ
687 3453 744 3504 αἱ
773 3452 950 3524 κέδροι
978 3453 1070 3506 τοῦ
1094 3453 1323 3507 Λιϐάνου
1346 3453 1411 3517 ἃς
1440 3455 1754 3524 ἐφύτευσε.»

185 3543 248 3596 Τί
281 3562 349 3613 με
377 3544 460 3597 δεῖ
489 3543 584 3598 νῦν
609 3545 709 3614 τῆς
747 3545 1020 3614 πανσόφου
1049 3547 1141 3598 καὶ
1165 3547 1613 3619 ἀρχιτεκτονικῆς
1641 3549 1759 3604 διαο

184 3633 408 3698 τάξεως,
457 3635 548 3687 καὶ
588 3632 681 3686 τοῦ
729 3633 956 3697 κάλλους
996 3634 1092 3703 τῆς
1141 3634 1226 3703 ἐφ’
1274 3635 1506 3689 ἑκάστου
1561 3638 1758 3708 μέρους

185 3725 489 3797 ὑπερϐολῆς
530 3724 998 3796 ἀκριϐολογεῖσθαι
1054 3725 1151 3797 τὴν
1198 3727 1490 3797 ὑφήγησιν,
1535 3729 1623 3781 ὅτε
1658 3730 1756 3800 τῆς

184 3818 358 3886 ὅψεως
406 3817 504 3887 τὴν
547 3817 636 3870 διὰ
663 3817 771 3870 τῶν
800 3815 950 3869 ὢτων
989 3815 1266 3869 ἀποκλείει
1304 3816 1588 3889 μάθησινὴ
1621 3837 1758 3891 μαρ-

162 3909 378 3981 -τυρία;
445 3908 606 3962 Ἀλλά
653 3908 764 3980 γάρ
819 3902 920 3961 ὦδε
965 3908 1185 3962 καὶτὸν
1235 3907 1367 3961 νεὼν
1419 3910 1752 3975 ἐπιτελέσας,

185 4002 392 4074 θρόνοις
417 4019 477 4054 τε
503 4004 614 4064 τοῖς
632 4001 891 4054 ἀνωτάτω
919 4002 998 4064 εἰς
1017 4001 1114 4072 τὴν
1135 4000 1243 4054 τῶν
1271 4001 1546 4073 προέδρων
1567 4003 1751 4073 τιμὴν,

185 4097 277 4150 καὶ
303 4095 530 4167 προσέτι
553 4093 772 4166 βάθροις
799 4095 856 4147 ὲν
883 4093 1033 4158 τάξει
1058 4094 1169 4156 τοῖς
1198 4091 1316 4145 καθ’
1341 4092 1463 4144 ὅλου
1476 4093 1588 4163 (27)
1614 4096 1754 4147 κατὰ

184 4187 242 4242 τὸ
273 4187 484 4260 πρέπον
527 4188 828 4259 κοσμήσας,
872 4186 956 4255 ἐφ’
1001 4183 1171 4239 ἆπασί
1213 4200 1274 4237 τε
1323 4184 1383 4238 τὸ
1424 4185 1532 4238 τῶν
1583 4186 1752 4255 ἁγίων

187 4278 372 4346 Ἀγιον
396 4278 777 4347 θυσιαστήριον
805 4278 863 4328 ὲν
893 4277 1041 4348 μέσῳ
1067 4279 1196 4342 θεὶς,
1228 4276 1384 4342 αὖθις
1411 4279 1502 4331 καὶ
1528 4278 1654 4332 τάδε
1679 4279 1756 4341 ὡς

187 4368 248 4423 ἂν
269 4370 353 4437 εἴη
374 4370 487 4430 τοῖς
509 4367 718 4431 πολλοῖς
744 4368 938 4429 ἆὸατα,
963 4373 1073 4432 τοῖς
1096 4370 1202 4422 ἀπὸ
1224 4368 1378 4433 ξύλου
1396 4371 1755 4440 περιέφραττε

1868 1908 2026 1947 sacro
2059 1893 2162 1947 loci
2215 1896 2418 1949 ambitu
2445 1895 2662 1963 longius
2693 1898 2880 1950 remoti
2907 1907 3054 1962 sunt,
3083 1909 3435 1968 conspectum

1867 1985 2148 2054 quemdam
2179 2001 2391 2052 eorum,
2422 2003 2541 2056 qua:
2587 1991 2728 2042 intus
2775 1989 3164 2057 reconduntur,
3222 1993 3437 2048 abunde

1863 2077 2145 2140 exhibens,
2175 2088 2230 2132 et
2257 2077 2445 2132 oculos
2468 2093 2656 2132 eorum
2687 2078 2776 2142 qui
2821 2095 2850 2131 a
2899 2079 3000 2134 fide
3035 2091 3220 2135 nostra
3269 2082 3434 2136 alieni

1865 2177 2010 2232 sunt,
2031 2169 2097 2221 ad
2119 2169 2504 2238 conspicienda
2528 2170 2712 2224 limina
2735 2172 3134 2238 quodammodo
3159 2174 3432 2239 inritans;

1864 2275 1932 2314 ne
1957 2265 2236 2330 quisquam
2265 2261 2400 2316 forte
2431 2273 2836 2330 prmtercurrat,
2881 2259 2975 2333 qui
3024 2281 3127 2320 non
3175 2281 3436 2334 compun-

1864 2365 2016 2422 gatur
2041 2353 2244 2416 animo,
2269 2362 2378 2406 tmn
2396 2369 2462 2408 ex
2491 2354 2748 2408 memoria
2775 2355 3065 2422 prarteritrc
3095 2355 3429 2420 solitudinis.

1865 2456 1975 2498 tmn
2011 2460 2075 2499 ex
2118 2447 2382 2514 stupendo
2425 2447 2709 2514 praesentis
2751 2447 2933 2515 operis
2984 2447 3271 2503 miraculo.
3321 2447 3435 2504 Hoc

1861 2535 2003 2588 enim
2060 2536 2218 2589 modo
2265 2545 2644 2604 compunctos,
2701 2537 2902 2591 attrahi
2935 2546 2989 2591 et
3023 2536 3089 2591 ad
3119 2540 3432 2608 ingredien-

1862 2629 1988 2680 dum
2035 2626 2173 2680 allici
2227 2643 2386 2696 posse
2437 2638 2658 2697 aspectu
2692 2628 2809 2698 ipso
2843 2630 3103 2698 speravit.
3161 2631 3428 2687 (Steterunt

1863 2718 1948 2770 ubi
1975 2727 2158 2786 portas
2185 2717 2464 2787 ingressus
2499 2719 2598 2782 sis,
2627 2733 2734 2772 non
2782 2720 2968 2774 statim
3021 2722 3247 2790 ἱιιιριινία
3279 2732 3335 2777 et
3364 2723 3429 2776 il-

1862 2811 1988 2864 lotis
2014 2810 2246 2878 pedibus
2290 2809 2342 2862 in
2387 2809 2684 2864 sacrarium
2734 2810 2961 2865 introire
3004 2811 3269 2880 permisit.
3322 2812 3427 2867 Sed

1860 2901 2002 2956 inter
2046 2900 2301 2970 templum
2353 2915 2418 2956 ac
2470 2901 2794 2957 vestibulum
2847 2907 3084 2957 niaximo
3144 2906 3431 2962 iutcrvalfa

1861 2993 2072 3058 relicto,
2105 2993 2207 3047 hoc
2233 2994 2464 3062 spatium
2503 2995 2555 3046 in
2603 2994 2852 3063 quadrati
2906 2997 3140 3063 speciem
3193 2997 3428 3050 circum-

1861 3093 2069 3153 septum
2103 3093 2334 3154 quatuor
2365 3084 2609 3154 obliquis.
2641 3085 2942 3154 porticibus
2993 3088 3424 3158 circumquaque

1861 3181 2169 3245 exornavit,
2201 3194 2321 3250 qua:
2371 3179 2638 3234 columnis
2684 3181 2923 3251 undique
2957 3182 3300 3237 attolluntur.
3337 3183 3428 3239 lu-

1863 3271 2217 3326 tercolumnia
2253 3286 2418 3341 porro
2452 3273 2563 3340 ipsa
2595 3273 2763 3341 septis
2787 3289 2823 3328 .e
2855 3275 2999 3344 ligno
3024 3275 3343 3340 retiuulatis,
3375 3277 3425 3329 in

1861 3365 2188 3419 mediocrem
2224 3374 2280 3419 et
2319 3376 2613 3434 congruam
2647 3365 2987 3420 altitudinem
3018 3365 3429 3430 elatiscircum-

1860 3453 2041 3510 clusit.
2083 3453 2314 3508 Medium
2342 3465 2521 3509 autem
2571 3453 2808 3523 spatium
2845 3464 3093 3524 apertum
3135 3467 3190 3510 et
3240 3467 3428 3526 patens

1861 3545 2104 3613 reliquit,
2138 3553 2198 3599 ut
2247 3555 2302 3600 et
2349 3545 2472 3601 cadi
2521 3555 2798 3615 aspectum
2842 3549 3128 3615 praeberet,
3165 3559 3423 3604 ctaerem

1859 3635 2193 3700 splendidum
2220 3635 2458 3703 solisque
2494 3637 2660 3689 radiis
2691 3635 3071 3689 collustratum
3112 3647 3420 3704 przestarct.

1859 3725 2627 3794 llicsacrarumcxpiationnm
2646 3727 2796 3795 signa
2827 3729 3036 3796 posuit;
3075 3729 3250 3784 fontes
3276 3732 3427 3786 scili-

1858 3826 1942 3871 cet
1969 3831 2036 3871 ex
2069 3816 2296 3868 adverso
2325 3815 2568 3869 ecclesia:
2604 3825 2864 3879 structos,
2922 3816 3012 3884 qui
3067 3817 3296 3874 interius
3335 3836 3424 3874 sa-

1856 3910 2089 3965 crarium
2126 3908 2453 3978 iugressuris
2487 3907 2740 3977 copiosos
2769 3907 2961 3962 latices
2996 3913 3062 3962 ad
3093 3909 3420 3965 abluendqu

1857 4003 2248 4057 ministrarent.
2277 4001 2456 4068 Atque
2483 4000 2589 4054 hoc
2629 4001 2860 4069 primum
2897 4000 3220 4056 intrantium
3245 4004 3424 4057 diver-

1855 4095 2057 4148 sorimn
2101 4102 2224 4156 est;
2276 4093 2486 4145 cunctis
2535 4092 2752 4160 quidem
2796 4101 3048 4146 ornatum
3095 4108 3158 4148 ac
3188 4094 3418 4151 nitorem

1855 4187 2194 4243 concilians:
2235 4185 2300 4240 iis
2355 4200 2482 4238 vero
2531 4185 2621 4253 qui
2668 4185 3008 4240 institutione
3052 4187 3230 4242 adhuc
3279 4203 3420 4258 opus

1853 4283 2078 4343 habent,
2116 4287 2504 4348 congruentem
2551 4278 2799 4346 praebens
2871 4279 3232 4336 mansionem.
3295 4280 3416 4336 Jam

1852 4389 1980 4428 vero
2006 4373 2108 4426 hoc
2136 4369 2502 4441 spectaculum
2554 4380 2963 4438 prietervcctns,
3000 4371 3246 4439 pluribus
3291 4375 3416 4429 aliis

186 4461 440 4522 δικτύοις,
475 4463 553 4522 εἰς
581 4461 746 4530 ἄκρον
775 4463 1034 4530 ἐντέχνου
1061 4462 1418 4532 λεπτουργίας
1447 4462 1752 4533 ἐξησκημέ-

1861 4463 2206 4518 lntcrioribus
2230 4458 2518 4514 vestibulis
2548 4459 2728 4512 aditus
2757 4461 2821 4511 ad
2859 4459 3117 4527 templum
3161 4464 3414 4531 patentes

251 4550 299 4583 ὀ
326 4552 462 4621 Agg.
490 4567 552 4618 ιι,
587 4550 674 4606 10.

185 4658 303 4718 nem
332 4646 552 4708 erectis,
574 4645 901 4716 μῆκος-οιιῑπι
927 4646 1102 4712 posuit
1132 4659 1229 4714 pro
1264 4646 1571 4711 altitudine,
1599 4655 1738 4718 quod

184 4715 510 4782 interpretes
540 4715 645 4769 non
682 4717 949 4770 viderunt.

181 4793 202 4835 ἢ
244 4785 358 4856 (24)
389 4784 594 4839 Μέσον
617 4785 845 4853 αἴθριον
869 4785 1050 4854 ἠφίει.
1074 4784 1326 4853 lntclligit
1353 4787 1583 4841 medium
1617 4790 1743 4847 illud

183 4857 417 4920 spatium
451 4857 551 4908 sub
579 4857 722 4915 divo,
745 4856 885 4923 quod
915 4867 1149 4925 quatuor
1175 4858 1410 4924 undique
1442 4860 1741 4925 porticibus

183 4925 569 4980 claudebatur:
603 4927 790 4980 eadem
825 4925 982 4994 plane
1007 4926 1202 4989 forma,
1231 4941 1337 4994 qua
1379 4926 1430 4978 in
1463 4930 1739 4985 hodiernis

183 4995 528 5049 monasteriis
552 5005 679 5048 sunt
707 5010 825 5062 qua:
854 5006 1112 5050 vocantur
1135 4996 1380 5062 pratella.
1412 4997 1564 5063 Quod
1591 5002 1734 5054 enim

183 5067 433 5118 monachi
466 5074 659 5137 vocant
703 5066 1050 5137 claustrum,
1085 5066 1215 5119 nihil
1251 5067 1393 5137 aliud
1443 5076 1528 5122 est
1569 5085 1730 5137 quam

183 5145 416 5200 quatuor
457 5136 696 5203 porticus
719 5173 735 5199 ,
763 5149 989 5203 quarum
1039 5135 1091 5189 in
1124 5135 1300 5190 medio
1342 5137 1491 5190 locus
1521 5135 1605 5192 est
1635 5143 1734 5192 sub

185 5207 302 5255 divo
330 5220 488 5271 quem
530 5206 814 5274 pratellum
852 5215 1063 5259 vocant.
1099 5203 1206 5260 Sed
1243 5216 1296 5259 et
1328 5206 1379 5259 in
1412 5209 1732 5274 quibusdam

189 5275 522 5330 monasteriis
547 5317 562 5339 ,
591 5275 738 5328 locus
773 5275 859 5328 ille
889 5276 1182 5329 subdivalis
1215 5275 1470 5331 cancellis
1496 5279 1736 5333 Inunitus

186 5347 496 5414 rs,t.ieodem
527 5346 685 5414 plane
714 5346 870 5398 modo
900 5359 1006 5413 quo
1052 5345 1315 5399 Eusebius
1359 5346 1410 5398 in
1459 5349 1598 5401 atrio
1632 5349 1731 5400 Ec-

182 5413 352 5487 clesia:
383 5413 900 5487 'l‘yri’l'actum‘esse
942 5416 1106 5479 dicit,
1138 5431 1213 5487 ne
1233 5415 1443 5487 scilicet
1477 5414 1736 5481 juventus

182 5483 230 5535 in
265 5499 384 5540 eum
423 5483 603 5539 locum
639 5487 727 5552 qui
759 5483 980 5537 ﬂoribus
1008 5486 1218 5539 conseri
1251 5485 1408 5546 solet,
1434 5486 1647 5540 insiliat.
1677 5487 1733 5540 -l..|

181 5565 346 5609 autem
379 5556 559 5610 Latini
605 5557 818 5623 proprie
843 5557 1037 5608 atrium
1082 5555 1552 5623 vocabant.rCerle
1579 5555 1738 5611 lsulo—

181 5639 262 5679 rus
300 5628 445 5682 atrio
495 5622 616 5679 tres
661 5622 900 5693 perticas
937 5627 1273 5679 extrinsecus
1303 5622 1514 5694 adjungi
1551 5627 1736 5680 solitas

173 5711 282 5751 esse
297 5699 466 5752 dicit.

227 5768 336 5841 (25)
367 5768 495 5836 Τὴν
529 5758 757 5819 τούτων
787 5764 928 5818 θέαν
955 5762 1492 5834 παραμειψάμενος.
1525 5763 1735 5820 Musca-

1846 4655 1929 4704 ιιις,
1967 4646 2162 4702 vertit:
2198 4661 2217 4694 ι
2253 4641 2394 4709 Quin
2420 4649 2480 4696 et
2508 4642 2701 4694 horum
2730 4653 3025 4712 conspectu
3057 4647 3350 4713 praeterito.
3395 4666 3413 4700 ι

1841 4717 2372 4784 (lhristophorsorms
2402 4727 2528 4784 vero
2563 4713 2717 4781 longa
2746 4716 3036 4784 verborum
3070 4716 3321 4784 ambage,
3359 4730 3418 4770 ut

1841 4792 2002 4853 solet,
2039 4783 2178 4855 hunc
2213 4784 2384 4855 locum
2416 4783 2490 4855 ita
2514 4783 2826 4848 expressit:
2866 4801 2885 4834 ι
2922 4784 3064 4849 Quin
3101 4783 3266 4838 etiam
3311 4802 3421 4855 quo

1845 4863 1978 4915 istas
1998 4870 2081 4910 res
2092 4853 2364 4931 οιίροιιιοε
2377 4853 2668 4931 capiendos
2693 4867 3126 4931 magu_a_opcr_nm
3150 4870 3212 4906 va
3223 4853 3418 4931 rietate

1843 4928 2107 4984 concinne
2157 4923 2475 4992 illustraret.
2519 4941 2538 4972 ι
2590 4922 2718 4986 Qua:
2764 4924 2984 4991 quidem
3031 4922 3417 4992 interpretatio

1843 4998 2024 5054 verbis
2069 4992 2289 5046 Eusebii
2343 4991 2654 5063 nullatenus
2698 4993 3005 5063 respondet.
3039 4991 3225 5063 Itaque
3259 5010 3417 5048 nemo

1839 5080 1942 5133 est,
1974 5075 2031 5120 ut
2056 5064 2276 5131 opinor,
2313 5062 2403 5129 qui
2449 5060 2675 5133 Musculi
2710 5062 3032 5133 versionem
3064 5060 3413 5117 commodio-

1842 5132 1952 5191 rem
1982 5145 2043 5204 et
2064 5133 2338 5204 meliorem
2367 5145 2470 5204 non
2490 5132 2717 5204 judicet.
2750 5132 3251 5204 Παραμειψάμενος
3285 5149 3415 5200 ergo

1837 5209 1935 5279 τὴν
1957 5203 2163 5260 τούτων
2185 5201 2321 5279 θέαν.
2343 5203 2479 5254 idem
2507 5202 2647 5254 valet
2668 5215 2753 5264 ac,
2777 5201 3197 5279 praetergressus
3221 5205 3413 5259 harum

1841 5272 2023 5330 rerum
2049 5272 2449 5342 spectaculum;
2478 5286 2596 5334 seu,
2628 5291 2646 5322 ι
2675 5275 2990 5328 transmisso
3015 5276 3203 5328 harum
3231 5288 3413 5327 rerum

1855 5343 2164 5416 spectaculo
2197 5343 2419 5416 ulti-rius
2446 5357 2783 5416 progressus.

1910 5417 2019 5488 (26)
2047 5410 2484 5488 Παραπήγμασί
2524 5428 2587 5464 τε
2608 5413 2860 5481 χαλκοῦ.
2887 5412 3410 5484 Christophorsonns

1845 5486 2007 5541 vertit
2043 5504 2060 5535 ι
2098 5486 2383 5550 repagulis.
2425 5499 2444 5531 ι

1915 5557 2026 5625 (‘27)
2055 5553 2302 5625 Βὰθροις
2325 5551 2394 5603 ἐν
2426 5550 2588 5625 τάξει
2629 5551 2751 5619 τοῖς
2780 5553 2909 5606 καθ’
2940 5553 3106 5607 ὅλου.
3140 5553 3231 5606 Sic
3271 5551 3398 5618 jam-

1845 5624 2052 5695 pridem
2081 5624 2418 5692 coujeceratn
2443 5624 2785 5695 scribcndmu
2818 5639 2958 5684 esse,
2984 5633 3041 5695 ut
3070 5638 3135 5677 ex
3162 5625 3408 5687 versione

1846 5691 2030 5748 nostra
2059 5691 2194 5762 appa
2207 5701 2287 5744 ret
2313 5706 2408 5759 pro
2434 5691 2576 5760 vnlg.
2599 5693 2856 5746 καθόλουο
2885 5693 3098 5747 tandem
3124 5707 3252 5746 vero
3277 5708 3411 5747 cou-

1840 5767 2108 5832 jecturam
2163 5777 2339 5816 meam
2409 5765 2750 5819 conllrmavit
2803 5763 3194 5818 vetustissimus
3242 5772 3404 5818 codex
