3858 6260
191 307 291 363 869

1198 303 1544 363 Hts'roatAs
1585 277 2152 363 ECCLESIASTICE
2192 308 2319 366 LlB.
2362 309 2428 366 x.

3345 320 3450 378 870

188 423 386 494 ἡψυχὴ
425 437 528 493 μου
558 420 650 474 ἐπὶ
679 419 756 492 τῷ
798 421 1016 491 Κυρίῳ·
1050 420 1265 475 ἐνέδυσε
1295 423 1402 493 γάρ
1454 439 1519 493 με
1558 421 1732 493 ἱμάτιο

1839 473 1845 482 ,
1872 426 2025 493 gneis
2050 425 2309 479 cancellis
2339 424 2590 487 munivit,
2625 425 2990 482 minutissimo
3018 441 3182 497 opere
3209 429 3273 482 ad
3304 446 3448 484 smu-

187 515 470 585 σωτηρίου,
498 514 590 568 καὶ
615 514 816 584 χιτῶνα
849 514 1212 584 εὐφροσύνηςο
1249 515 1540 589 περιέθηκέ
1574 533 1662 586 μοι
1688 515 1762 580 ὡς

188 605 397 675 νυμφίῳ
442 605 672 676 μίτραν,
723 606 816 659 καὶ
864 606 939 668 ὼς
989 605 1205 678 νύμφην
1253 608 1635 678 κατεκόσμησε
1694 624 1761 677 με

192 697 385 766 κόσμῳ,
437 697 533 749 καὶ
565 695 638 759 ὼς
669 697 772 765 γῆν
817 695 1084 761 αὔξουσαν
1135 699 1195 750 τὸ
1233 699 1390 761 ἄνθος
1429 699 1629 768 αὐτῆς.
1667 700 1760 752 καὶ

191 789 254 852 ὼς
284 790 455 858 κῆπος
489 787 557 840 τὰ
605 788 893 857 σπέρματα
933 788 1098 842 αὑτοῦ
1149 791 1413 855 ἀνατελεῖ,
1450 791 1620 854 οὕτως
1647 791 1758 843 Κύ-

175 897 293 950 πριος
339 879 579 934 ἀνέτειλε
629 880 976 953 δικαιοσύνην
1029 883 1123 936 καὶ
1167 883 1478 953 ἀγαλλίαμα
1531 882 1756 937 ἐνώπιον

187 973 390 1025 πάντων
422 970 533 1023 τῶν
565 972 752 1026 ἐθνῶν.
781 993 799 1024 ι
841 975 1063 1038 Τούτοις
1099 976 1196 1045 μὲν
1228 972 1320 1028 οὖν
1345 975 1480 1046 αῦτη
1509 975 1753 1046 χορεύει·

186 1064 307 1125 οἵοις
361 1063 416 1116 δὲ
484 1067 581 1117 καὶ
638 1066 666 1117 6
737 1065 969 1134 νυμφίος
1042 1067 1215 1134 Λόγος
1283 1069 1310 1119 6
1364 1068 1614 1138 οὐράνιος
1660 1069 1756 1120 αύ-

185 1155 266 1217 τὸς
294 1154 493 1224 Ἰησοῦς
517 1156 750 1226 Χριστὸς
769 1157 936 1228 αὐτὴν
969 1159 1275 1229 ἀμείϐεται,
1309 1160 1469 1214 ἄκουε
1504 1161 1754 1229 λέγοντος

186 1249 270 1303 τοῦ
316 1247 550 1318 Κυρίου·
613 1251 745 1320 «Μὴ
802 1250 965 1318 φοϐοῦ
1019 1253 1100 1304 ὅτι
1150 1253 1561 1324 κατῃσχύνθης,
1617 1253 1752 1324 μηδὲ

188 1343 444 1411 ἑντραπῇς
474 1342 556 1393 ὅτι
589 1341 934 1411 ὼνειδίσθης·
968 1343 1049 1395 ὅτι
1085 1345 1348 1416 αἰσχύνην
1382 1344 1594 1398 αἰώνιον
1629 1347 1750 1398 ἐπι-

188 1433 335 1506 λήσῃ,
369 1433 460 1485 καὶ
491 1432 695 1496 ὄνειδος
728 1434 826 1504 τῆς
859 1435 1084 1505 χηρείας
1113 1453 1204 1489 σου
1238 1438 1296 1489 ού
1335 1439 1407 1508 μὴ
1443 1439 1745 1511 μνησθήσῃ.

187 1527 285 1596 οὐχ
316 1526 386 1589 ὡς
417 1529 650 1593 γυναῖκα
694 1528 1263 1600 ὲγκαταλελειμμένην
1307 1530 1399 1583 καὶ
1432 1531 1747 1601 ὀλιγόψυχον

187 1618 402 1688 κέκληκέ
434 1636 492 1670 σε
522 1619 747 1689 Κύριος,
785 1620 890 1672 οὐδ’
921 1621 996 1684 ὡς
1028 1624 1260 1689 γυναῖκα
1290 1624 1352 1675 ἐκ
1378 1624 1624 1693 νεότητος
1661 1641 1748 1693 με·

189 1711 490 1780 μισημὲνην.
528 1707 698 1764 Εἶπεν
728 1714 756 1764 6
787 1710 917 1774 Θεός
952 1729 1064 1766 σου⁹
1085 1714 1286 1782 Χρόνον
1317 1715 1512 1786 μικρὸν
1545 1719 1742 1783 ἐγκατ-

1869 531 2014 568 mnm
2040 517 2173 572 artis
2203 515 2478 586 fastigium
2509 516 2830 582 elaboratis,
2865 519 2998 573 adeo
3023 532 3083 572 ιιι
3118 521 3444 578 admirabile

1867 610 2200 663 intuentibus
2232 610 2598 679 spectaculum
2632 613 2946 668 exhibeant.
2990 612 3131 677 Qttin
3154 615 3318 667 etiam
3372 633 3441 669 ue

1865 701 2039 769 ipsum
2083 703 2297 770 quidem
2343 703 2518 755 solum
2564 704 2944 772 negligendum
2993 706 3224 771 putavit.
3282 706 3435 772 Quod

1865 808 1986 847 eum
2016 795 2213 847 mirum
2245 796 2298 847 in
2331 795 2547 848 modum
2597 811 2868 848 marmore
2916 809 3262 859 exornasset,
3314 802 3435 852 inde

1863 889 1928 938 ad
1957 901 2018 940 ea
2053 901 2172 955 qua:
2205 897 2356 940 extra
2405 889 2662 958 templum
2717 890 2888 955 posita
2940 899 3066 941 sunt
3116 906 3430 954 conversus,

1861 978 2130 1032 exhedras
2178 987 2232 1032 et
2278 993 2427 1034 (eoos
2471 981 2834 1049 amplissimos
2917 985 3170 1051 utrinque
3223 1001 3430 1039 sutmna

1859 1085 1982 1124 cum
2015 1072 2207 1140 peritia
2247 1072 2562 1137 fabricavit,
2590 1075 2680 1142 qui
2709 1075 2808 1127 sibi
2853 1076 3081 1129 invicem
3143 1078 3208 1128 atl
3262 1078 3426 1130 latera

1857 1163 2025 1232 ipsius
2050 1164 2292 1218 basilicae
2324 1164 2756 1235 coujnuguntur,
2795 1170 3073 1237 portisque
3129 1171 3326 1236 quibus
3375 1172 3425 1224 in

1855 1255 2091 1308 medium
2129 1256 2385 1325 templum
2418 1259 2668 1323 intratur,
2697 1261 2930 1313 etmnexi
2959 1271 3104 1313 sunt.
3136 1261 3280 1327 Quas
3304 1264 3428 1330 qui—

1855 1346 1974 1400 dem
2003 1348 2145 1401 sedes
2180 1348 2232 1401 in
2268 1349 2502 1417 gratiam
2539 1350 2704 1419 332
2744 1366 2929 1404 eormn
2979 1352 3069 1419 qui
3115 1353 3426 1419 expiatione

1851 1448 1905 1495 et
1959 1441 2278 1510 purgatione
2337 1457 2434 1509 per
2489 1459 2683 1511 aquam
2737 1452 2791 1497 et
2849 1445 3113 1512 Spiritum
3172 1455 3422 1498 sanctum

1849 1546 1983 1600 opus
2023 1534 2243 1596 habent,
2275 1533 2532 1586 Salomon
2571 1544 2754 1588 noster
2788 1551 2912 1588 vere
2949 1535 3202 1604 pacificus
3238 1537 3424 1604 templi

1849 1623 2006 1693 hujus
2034 1625 2280 1678 conditor
2311 1626 2600 1679 exstruxit.
2631 1627 2781 1680 Adeo
2811 1637 2867 1680 ut
2893 1629 3132 1683 ccelestis
3167 1627 3252 1681 illa
3286 1643 3424 1696 pra)—

1849 1716 2011 1770 dictio
2035 1716 2186 1786 cujus
2214 1731 2376 1785 supra
2427 1718 2670 1780 memini,
2727 1734 2832 1772 non
2888 1720 3120 1788 amplius
3175 1723 3333 1774 nudis
3367 1721 3420 1772 iu

188 1801 348 1854 έλιπόν
375 1818 452 1865 σε,
485 1802 582 1854 καὶ
611 1804 666 1854 ἐν
697 1801 834 1874 ὲλέῳ
888 1804 1106 1874 μεγάλῳ
1131 1803 1338 1874 ἐλεήσω
1374 1821 1433 1856 σε
1459 1821 1472 1834 ·
1508 1807 1565 1857 ὲν
1595 1805 1732 1877 θυμιῖ

1853 1809 2031 1863 verbis
2061 1810 2342 1873 subsistat,
2379 1810 2473 1863 sed
2507 1825 2674 1878 opere
2724 1811 2843 1880 ipso
2893 1812 3108 1880 impleta
3144 1826 3418 1866 cernatur.

189 1893 347 1964 μικρῷ
374 1895 691 1964 ἀπέστρεψα
723 1899 782 1949 τὸ
817 1897 1102 1968 πρόσωπόν
1139 1914 1240 1966 μου
1270 1898 1378 1951 ἀπὸ
1410 1897 1524 1961 σοῦ,
1560 1900 1652 1952 καὶ
1685 1901 1742 1952 ἐν

186 1988 302 2057 ἐλέῳ
333 1989 529 2058 αἰωνίῳ
559 1989 767 2060 ἐλεήσω
814 2008 892 2054 σε,
939 1986 1090 2042 εἶπεν
1133 1993 1160 2044 ὁ
1197 1992 1495 2061 ρυσάμενός
1529 2010 1587 2044 σε
1626 1993 1740 2044 K6-

189 2096 301 2151 ριος.
339 2081 667 2151 Ἑξεγείρου,
705 2080 1000 2152 ὲξεγείρου,
1044 2086 1076 2149 ἡ
1105 2082 1304 2136 πιοῦσα
1328 2085 1393 2136 ὲκ
1425 2083 1606 2155 χειρὸς
1630 2087 1740 2136 Κυ-

189 2173 288 2245 ρίου
317 2173 373 2226 τὺ
410 2175 672 2246 ποτήριον
719 2174 813 2227 τοῦ
861 2175 1031 2245 θυμοῦ
1081 2175 1282 2229 αὐτοῦ’
1330 2179 1585 2246 ποτήριον
1633 2177 1737 2248 γὰρ

185 2262 268 2330 τῆς
298 2262 569 2326 πτώσεως,
614 2263 672 2315 τὸ
703 2265 857 2317 κόνδυ
902 2265 993 2318 τοῦ
1025 2264 1196 2336 θυμοῦ
1234 2283 1366 2335 μου,
1403 2266 1618 2332 ἐξέπιες
1647 2267 1738 2347 καὶ.

187 2351 511 2417 ἑξεκένωσας.
549 2356 662 2407 Καὶ
693 2357 791 2408 οὐκ
829 2351 896 2425 ἦν
928 2358 955 2409 ό
992 2356 1319 2428 παρακαλῶν
1366 2375 1424 2409 σε
1459 2359 1565 2410 ἀπὸ
1600 2359 1734 2412 πάν-

185 2459 276 2495 των
302 2445 401 2496 τῶν
428 2446 643 2498 τέκνων
676 2463 767 2499 σου
789 2486 802 2509 ,
838 2440 910 2499 ὧν
949 2448 1133 2509 ἔτεκες
1150 2488 1163 2510 ,
1197 2447 1289 2500 καὶ
1324 2448 1421 2500 ούκ
1447 2443 1514 2518 ἦν
1541 2450 1568 2500 ὀ
1591 2450 1737 2502 ἀντι-

185 2536 561 2608 λαμϐανόμενος
611 2539 709 2609 τῆς
757 2540 932 2610 χειρός
980 2557 1094 2594 σου.
1141 2540 1271 2592 Ἰδοὺ
1307 2540 1502 2612 εἱληφα
1540 2544 1602 2594 ὲκ
1634 2543 1737 2612 τῆς

184 2631 338 2698 χειρός
380 2647 468 2682 σου
509 2631 578 2683 τὸ
621 2635 872 2702 ποτήριον
917 2632 1014 2700 τῆς
1055 2630 1330 2696 πτώσεως,
1368 2631 1427 2685 τὸ
1461 2633 1614 2686 κόνδυ
1641 2635 1734 2687 τοῦ

185 2718 333 2790 θυμοῦ
378 2739 494 2791 μου,
539 2722 640 2774 καὶ
680 2722 740 2773 ού
785 2722 1112 2793 προσθήσεις
1141 2723 1222 2775 ἔτι
1265 2726 1407 2776 πιεῖν
1442 2725 1604 2777 αὑτό·
1642 2728 1735 2779 καὶ

183 2811 316 2864 δώσω
353 2812 477 2864 αὐτὸ
510 2813 600 2874 είς
630 2811 728 2874 τὰς
762 2813 952 2882 χεῖρας
992 2811 1100 2864 τῶν
1134 2812 1506 2883 ἀδικησάντων
1541 2831 1600 2868 σε
1641 2816 1734 2868 καὶ

183 2907 607 2960 ταπεινωσάντων
655 2923 732 2961 σε.
788 2907 1094 2978 Ἐξεγείρου
1118 2947 1132 2971 ,
1177 2906 1482 2979 ἐξεγείρου,
1519 2909 1731 2962 ἔνδυσαι

182 2996 266 3066 τὴν
308 2998 476 3068 ἰσχὺν,
524 2997 747 3052 ἔνδυσαι
794 2999 892 3068 τὴν
941 2997 1096 3061 δόξαν
1142 3014 1256 3050 σου.
1308 2997 1611 3062 Ἐκτίναξαι
1642 2998 1731 3051 τὸν

183 3087 293 3156 χοῦν
319 3091 406 3142 καὶ
432 3090 720 3161 ἀνάστηθι.
755 3090 1011 3155 Κάθισον,
1047 3088 1268 3142 ἔκλυσαι
1295 3090 1384 3144 τὸν
1417 3091 1613 3160 δεσμὸν
1636 3091 1730 3144 τοῦ

1850 1899 2014 1952 Facta
2065 1909 2149 1953 est
2187 1900 2329 1953 enim
2389 1914 2532 1953 nunc
2576 1914 2761 1953 revera
2811 1901 2981 1969 gloria
3033 1903 3223 1956 domus
3265 1903 3422 1972 huius

1849 1991 2120 2058 posterior
2148 2005 2306 2059 supra
2345 1992 2598 2059 priorem.
2635 1991 2769 2045 Nam
2801 2009 2922 2047 eum
2973 1992 3164 2046 Pastor
3212 1992 3326 2060 ejus
3355 2010 3420 2050 ac

1851 2084 2129 2146 Dominus,
2152 2100 2250 2151 pro
2281 2084 2452 2138 salute
2481 2085 2622 2137 illius
2652 2085 2818 2138 semel
2855 2093 3080 2138 mortem
3107 2100 3416 2154 perpessus,

1844 2183 1970 2243 post
2004 2174 2314 2243 passionem
2354 2190 2552 2244 corpus
2604 2178 2746 2245 quod
2802 2178 2972 2243 ipsius
3024 2178 3198 2245 gratia
3239 2179 3417 2232 sordi-

1847 2267 1970 2319 dum
2009 2266 2276 2329 induerat,
2327 2267 2377 2320 in
2423 2268 2762 2335 splendidum
2806 2279 2859 2320 et
2888 2269 3192 2338 gloriosum
3233 2281 3414 2324 trans-

1847 2365 2130 2421 mutasset,
2184 2367 2237 2412 et
2288 2373 2506 2412 carnem
2557 2359 2668 2424 jam
2723 2361 3090 2413 tabescentem
3126 2378 3192 2414 ex
3228 2377 3416 2416 corru-

1845 2450 2027 2516 ptione
2078 2451 2143 2504 ad
2196 2450 2662 2503 immortalitatem
2725 2451 3073 2515 traduxisset,
3121 2463 3413 2505 consenta-

1845 2555 2002 2592 neum
2029 2553 2152 2594 erat
2186 2551 2244 2594 ut
2289 2543 2404 2596 hzec
2437 2557 2650 2611 quoque
2697 2540 3004 2596 Servatoris
3051 2543 3412 2610 dispensatio-

1843 2632 2002 2684 nibus
2027 2633 2275 2686 similiter
2309 2633 2600 2688 frueretur.
2637 2632 2846 2700 Quippe
2879 2647 2998 2701 quae
3032 2633 3198 2688 multo
3237 2635 3411 2702 potio-

1845 2719 1998 2774 ribus
2025 2721 2094 2773 ab
2125 2723 2241 2788 ipso
2275 2723 2556 2789 promissis
2607 2722 2872 2789 acceptis,
2927 2721 3087 2790 longe
3139 2721 3407 2788 majorem

1840 2814 2274 2881 regenerationis
2330 2813 2563 2882 gloriam
2606 2815 2659 2867 in
2691 2812 2936 2882 corporis
2988 2813 3356 2881 incorruptibil
3384 2831 3409 2866 s

1845 2905 2260 2969 resurrectione,
2309 2921 2430 2959 cum
2482 2906 2794 2968 coelestibus
2851 2907 3166 2974 angelorum
3202 2908 3405 2972 charis,

1841 2996 1896 3050 in
1935 2997 2048 3066 ipsa
2084 2997 2174 3050 Dei
2210 2997 2352 3065 regia
2385 2997 2524 3050 ultra
2553 2996 2722 3051 etelos
2749 2999 2944 3066 posita,
2983 3013 3086 3051 una
3139 3014 3260 3052 cum
3292 2999 3407 3067 ipso

1839 3091 2082 3144 omnium
2149 3090 2536 3145 beneﬁciorum
2594 3104 2815 3144 auctore
2859 3106 2924 3143 ac
2957 3089 3246 3146 Servatore
3273 3090 3401 3146 Jesu

183 3183 420 3252 τραχήλου
452 3199 543 3237 σου
567 3200 582 3212 σ
622 3179 753 3253 ἆρον
787 3183 973 3254 κύκλῳ
1003 3185 1124 3247 τοὺς
1162 3183 1468 3254 ὀφθαλμούς
1501 3200 1594 3236 σου
1639 3185 1730 3238 καὶ

1839 3181 2052 3235 Christo
2084 3181 2136 3235 in
2166 3191 2486 3251 perpetuum
2520 3183 2774 3252 deinceps
2800 3184 3078 3254 percipere
3109 3187 3399 3240 desiderat.

187 3273 248 3326 ίδε
276 3276 583 3347 συνηγμένα
614 3275 682 3328 τὰ
716 3275 879 3330 τέκνα
926 3294 1018 3329 σου
1042 3293 1053 3306 ’
1108 3277 1216 3330 ἰδοὺ
1265 3277 1604 3348 συνήχθησαν
1637 3277 1734 3330 καὶ

183 3361 319 3435 ἦλθον
361 3369 492 3438 παρος
537 3371 631 3420 σέ·
671 3368 746 3432 ζῶ
781 3368 924 3435 ἐγὼ,
957 3369 1102 3436 λέγει
1132 3368 1334 3440 Κύριος
1356 3385 1370 3399 ’
1413 3369 1494 3421 ὅτι
1527 3368 1733 3432 πάντας

188 3458 356 3521 αὐτοὺς
394 3459 471 3523 ’ὼς
513 3461 720 3531 κόσμον
753 3459 946 3532 ἐνδύσῃ
980 3461 1073 3514 καὶ
1119 3461 1387 3533 περιθὴσῃ
1426 3462 1622 3524 αὐτοὺς
1657 3460 1733 3524 ὡς

187 3549 359 3620 κόσμον
401 3551 616 3623 νύμφης
647 3568 662 3584 ο
702 3553 784 3606 ὅτι
816 3552 882 3605 τὰ
917 3552 1097 3624 ἔρημά
1131 3570 1224 3606 σου
1258 3553 1351 3606 καὶ
1382 3553 1448 3606 τὰ
1475 3552 1730 3622 διεφθαρ-

191 3643 306 3711 μένα
330 3645 416 3697 καὶ
446 3647 512 3698 τὰ
537 3646 1033 3711 καταπεπτωκότα,
1075 3645 1168 3697 νῦν
1205 3648 1596 3716 στενοχωρήσει
1625 3645 1732 3698 ἀπὸ

187 3734 276 3786 τῶν
306 3737 691 3790 κατοικούντων
722 3754 781 3790 σε
809 3755 822 3768 ·
865 3739 956 3791 καὶ
990 3737 1458 3808 μακρυνθήσονται
1496 3738 1600 3790 ἀπὸ
1637 3737 1729 3790 σοῦ

187 3826 228 3877 οί
255 3829 620 3893 καταπίνοντες
657 3845 738 3884 σε.
783 3829 997 3900 Ἐροῦσι
1035 3829 1141 3900 γὰρ
1171 3830 1248 3892 εἰς
1281 3829 1348 3881 τὰ
1391 3823 1502 3882 ὦτά
1540 3847 1633 3882 σου
1679 3829 1729 3880 οἱ

188 3916 274 3968 υἱοί
300 3933 381 3970 σου
405 3918 494 3982 οὓς
519 3917 870 3980 ἀπολώλεκας
897 3933 909 3945 '
932 3919 1123 3982 Στενός
1159 3937 1247 3989 μοι
1275 3919 1303 3970 ὁ
1347 3920 1508 3982 τόπος
1525 3937 1537 3948 ’
1568 3919 1728 3988 ποίη-

189 4007 263 4058 σόν
286 4025 364 4078 μοι
388 4011 544 4064 τόπον
572 4011 660 4063 ἵνα
689 4011 1000 4081 κατοικήσω
1023 4029 1035 4040 ⁸
1069 4012 1162 4064 καὶ
1191 4013 1334 4082 ἐρεῖς
1361 4014 1417 4064 ὲν
1443 4015 1508 4080 τῇ
1535 4010 1728 4081 καρδίᾳ

189 4115 290 4150 σουο
313 4101 399 4163 Τίς
423 4102 678 4173 ὲγὲννησέ
716 4119 804 4172 μοι
831 4102 1088 4165 τούτους;
1126 4101 1235 4170 ἐγὼ
1293 4102 1346 4154 δὲ
1391 4103 1612 4164 ἄτεκνος
1637 4103 1728 4154 καὶ

187 4191 308 4262 χήρα
329 4209 341 4220 ·
374 4194 590 4258 τούτους
615 4195 670 4247 δὲ
696 4195 780 4254 τίς
805 4194 1060 4266 ἐξέθρεψέ
1099 4213 1220 4266 μοι;
1252 4196 1361 4263 ἐγὼ
1391 4195 1447 4247 δὲ
1485 4195 1726 4247 κατελεί-

187 4281 303 4351 φθην
340 4285 488 4354 μόνη.
520 4277 681 4338 Οὗτοι
708 4284 763 4336 δέ
793 4302 881 4354 μοι
907 4284 1008 4337 ποῦ
1042 4281 1180 4355 ἦσαν
1203 4302 1216 4349 ;
1239 4306 1257 4336 ι
1288 4285 1470 4338 Ταῦτα
1503 4287 1727 4348 Ἡσαΐας

186 4375 539 4443 προεθέσπισε,
573 4375 746 4430 ταῦτα
779 4376 1051 4445 πρόπαλαι
1099 4379 1226 4448 περὶ
1263 4377 1416 4448 ἡμῶν
1454 4380 1508 4431 ἐν
1555 4382 1725 4450 ἱεραῖς

185 4465 364 4530 Βίϐλοις
411 4468 799 4537 καταϐέϐλητο.
871 4469 1065 4538 Ἐχρῆν
1119 4469 1174 4520 δέ
1221 4487 1320 4522 που
1374 4470 1574 4522 τούτων
1623 4471 1719 4541 τὴν

186 4555 435 4624 ἀψεύδειαν
475 4560 573 4631 ἤδη
610 4560 740 4612 ποτὲ
784 4559 964 4630 ἔργοις
1013 4552 1360 4630 παραλαϐεῖν.
1411 4561 1569 4612 Ἀλλὰ
1610 4564 1717 4632 γὰρ

182 4648 374 4700 τοιαῦτα
400 4649 486 4701 τοῦ
517 4651 750 4721 νυμφίου
787 4652 956 4718 Λόγου
987 4652 1120 4722 πρὸς
1151 4652 1248 4722 τὴν
1283 4653 1471 4703 ἑαυτοῦ
1501 4653 1716 4722 νύμφην

181 4737 261 4808 τὴν
293 4742 428 4812 ἱερὰν
461 4745 553 4796 καὶ
587 4744 745 4812 ἁγίαν
787 4745 1107 4817 Ἐκκλησίαν
1137 4745 1551 4814 ἐπιφωνοῦντος,
1585 4749 1718 4800 εἰκό⁴

181 4845 268 4888 ’τως
290 4835 315 4884 ὁ
340 4836 692 4904 νυμφοστόλος
724 4836 807 4888 ὅδε
850 4837 990 4908 (51),
1026 4837 1190 4908 αὐτὴν
1218 4839 1315 4908 τὴν
1347 4837 1548 4908 ἔρημον
1570 4877 1583 4901 ,
1619 4838 1715 4910 τὴν

183 4928 353 4991 πτῶμα
407 4927 687 4998 κειμένην,
741 4928 836 4999 τὴν
881 4930 1031 5000 παρά
1083 4929 1386 5000 ἀνθρώποις
1440 4930 1714 4992 ἀνὲλπιδα,

180 5015 278 5076 ταῖς
307 5022 494 5082 κοιναῖς
522 5021 771 5074 ἁπάντων
798 5023 825 5074 ὑ
835 5021 949 5092 μῶν
976 5023 1160 5092 εύχαῖς
1181 5062 1193 5082 ,
1230 5025 1416 5092 χεῖρας
1443 5021 1541 5084 τὰς
1564 5023 1592 5073 ύ
1601 5023 1716 5092 μῶν

185 5103 334 5159 αὐτῶν
365 5110 577 5180 ὀρέξας,
614 5113 862 5184 ἐξήγειρε
909 5115 1000 5166 καὶ
1047 5113 1404 5183 ἐξανέστησε,
1442 5113 1576 5165 Θεοῦ
1622 5113 1714 5166 τοῦ

185 5199 530 5268 παμϐασιλέως
558 5208 804 5276 νεύματι,
836 5207 930 5259 καὶ
963 5206 1059 5276 τῆς
1097 5205 1269 5276 Ἰησοῦ
1299 5204 1530 5276 Χριστοῦ
1559 5205 1717 5259 δυνά-

186 5303 307 5354 μεως
349 5296 660 5368 ἐπιφανείᾳ,
700 5298 956 5368 τοιαύτην
1006 5317 1064 5350 τε
1104 5300 1408 5370 ἀναστήσας
1445 5299 1711 5367 κατεστή-

185 5394 321 5444 σιτο,
352 5387 460 5439 οἵαν
487 5390 550 5441 ἐκ
584 5394 681 5461 τῆς
717 5389 821 5441 τῶν
859 5389 1016 5461 ἱερῶν
1046 5390 1306 5460 χρησμῶν
1347 5389 1711 5461 καταγραφῆς

239 5494 278 5524 ⁹²
303 5497 634 5568 lsa.t.xt,10,
669 5506 755 5560 Η.

241 5629 337 5697 (5i)
380 5637 430 5687 Ὀ
457 5644 868 5708 νυμφοστόλος
896 5644 1016 5698 ὅδε.
1055 5640 1221 5694 Recte
1251 5639 1702 5707 Christophorso-

183 5712 271 5777 E‘I'S
295 5721 311 5752 ί
339 5721 537 5778 Sponsa:
558 5727 930 5767 exornatorem
971 5733 988 5763 ι
1018 5712 1201 5766 vertit.
1247 5711 1371 5763 hinc
1403 5727 1676 5778 νυμφοστο

185 5777 277 5820 ιιαι
299 5779 422 5838 apud
449 5777 694 5837 Basiliam
731 5782 1107 5839 Seleucensem
1152 5785 1202 5834 iu
1238 5779 1375 5836 libro
1411 5798 1424 5834 ι
1462 5777 1534 5834 oe
1598 5781 1700 5833 rita

1834 3271 2056 3327 interim
2091 3284 2265 3327 tamen
2309 3273 2362 3328 in
2409 3275 2655 3342 prmseuti
2701 3275 2898 3328 smculo
2949 3278 3065 3331 hwc
3088 3277 3213 3331 olim
3245 3278 3401 3332 vidua

1835 3380 1899 3418 ac
1931 3366 2162 3431 deserta,
2195 3365 2342 3419 hisce
2368 3381 2464 3434 per
2511 3365 2603 3419 Dei
2661 3367 2892 3436 gratiam
2917 3378 3109 3429 ornata
3147 3369 3395 3432 ﬂoribus,

1833 3456 1974 3511 facta
2006 3466 2089 3511 est
2120 3472 2306 3511 revera
2349 3467 2406 3510 ut
2431 3457 2619 3522 lilium,
2645 3458 3098 3527 quemadmodum
3136 3461 3396 3530 propheta

1832 3550 1990 3604 dixit.
2017 3549 2260 3616 Qualiter
2285 3564 2412 3602 vero
2446 3547 2682 3618 spousali
2715 3558 2868 3603 veste
2921 3549 3128 3614 induta,
3161 3567 3397 3606 corona-

1832 3658 1938 3711 que
1973 3643 2186 3696 decoris
2213 3640 2486 3706 redimita,
2516 3641 2584 3694 ab
2615 3637 2750 3692 Isaia
2780 3639 2984 3694 saltare
3011 3641 3295 3706 doceatur,
3342 3653 3397 3696 et

1831 3731 2026 3787 faustis
2081 3732 2297 3786 vocibus
2345 3732 2454 3785 Deo
2505 3730 2707 3799 gratias
2759 3745 2880 3783 cum
2925 3733 3273 3788 veneratione
3305 3749 3400 3787 ca-

1834 3837 1984 3888 nere,
2036 3822 2205 3890 ipsius
2249 3821 2431 3874 verbis
2484 3821 2819 3874 audiamus:
2866 3839 2884 3873 ι
2939 3823 3184 3877 Exsultat
3215 3826 3394 3879 anima

1832 3928 1947 3964 mea
1980 3911 2030 3964 in
2073 3911 2323 3964 Domino.
2370 3909 2546 3962 Induit
2591 3910 2737 3962 enim
2775 3926 2858 3962 me
2888 3913 3212 3966 vestimento
3245 3913 3396 3966 salu-

1831 4005 1917 4068 tis,
1955 4014 2008 4057 et
2042 4003 2220 4056 tunica
2256 4003 2453 4057 lwtitiae
2475 4003 2833 4058 circumdedit
2864 4020 2970 4057 me.
3002 4004 3164 4070 Quasi
3198 4022 3396 4073 sponso

1828 4112 2084 4151 coronam
2119 4097 2505 4164 circumposuit
2534 4099 2684 4160 mihi,
2739 4107 2791 4149 et
2832 4099 2982 4165 quasi
3019 4112 3276 4165 sponsam
3307 4116 3396 4149 or-

1830 4191 1984 4242 navit
2015 4204 2101 4242 me
2140 4189 2390 4242 muliebri
2427 4192 2647 4243 tnundo.
2704 4191 2770 4243 Et
2803 4193 2941 4244 sicut
2985 4201 3125 4243 terra
3151 4207 3269 4258 qua:
3301 4207 3393 4241 an-

1827 4293 1917 4348 get.
1949 4281 2136 4335 ﬂorem
2172 4298 2350 4346 suum,
2387 4292 2441 4336 et
2465 4284 2605 4337 sicut
2635 4285 2824 4337 hortus
2874 4287 3142 4353 germinat
3187 4285 3390 4338 semina

1825 4391 1960 4441 sua;
1998 4375 2076 4428 sie
2108 4373 2369 4426 Dominus
2402 4376 2728 4442 germinahit
2767 4373 3033 4440 justitiam
3086 4385 3138 4427 et
3181 4382 3393 4428 exulta—

1830 4468 2024 4520 tionem
2053 4481 2233 4520 coram
2263 4467 2527 4520 universis
2559 4469 2804 4533 gentibus
2836 4467 2902 4520 9'.
2968 4485 2986 4516 ι
3027 4465 3093 4520 Et
3127 4467 3238 4520 haec
3276 4469 3394 4535 qui-

1827 4560 1945 4612 dem
1992 4573 2196 4613 canens
2247 4558 2331 4611 illa
2383 4558 2664 4627 tripudiat.
2708 4559 2917 4624 Quibus
2971 4569 3150 4611 autem
3207 4561 3391 4613 verbis

1825 4665 2056 4719 sponsus
2111 4651 2371 4715 caelestis,
2405 4652 2520 4720 ipse
2564 4650 2771 4704 scilicet
2825 4650 2983 4704 Jesus
3013 4651 3265 4705 Christus
3299 4653 3387 4720 qtti

1821 4753 1905 4796 est
1935 4742 2166 4797 Verbum
2205 4743 2405 4807 Patris,
2466 4744 2538 4797 illi
2585 4742 2823 4796 vicissim
2872 4745 3213 4812 respondeat,
3266 4747 3387 4798 audi

1826 4834 2110 4888 Dominum
2145 4837 2412 4892 dicentem
2443 4855 2455 4890 :
2493 4855 2511 4885 ι
2543 4835 2660 4889 Noli
2700 4836 2894 4890 timere
2939 4852 3006 4890 eo
3060 4829 3200 4905 Quod
3233 4839 3386 4906 igno-

1825 4927 1989 4979 minia
2044 4926 2235 4984 aﬂ'ecta
2294 4927 2464 4982 fueris
2517 4945 2529 4981 :
2603 4941 2703 4980 nec
2754 4929 3055 4982 reverearis
3121 4943 3186 4982 eo
3223 4932 3385 4994 quod

1823 5019 2111 5086 opprobria
2188 5035 2348 5086 passa
2425 5019 2522 5072 sis.
2586 5017 2855 5084 Quoniam
2902 5031 3199 5088 perpetum
3241 5021 3385 5090 igtur

1823 5111 2001 5164 minia:
2059 5111 2418 5177 Oblivisceris,
2480 5119 2534 5164 et
2594 5112 2779 5179 probri
2824 5111 3102 5164 viduitatis
3149 5122 3249 5164 tua:
3283 5131 3381 5165 tttw

1824 5205 2217 5271 recordaberis,
2270 5219 2372 5254 non
2421 5213 2479 5256 ut
2536 5205 2815 5258 tuulierem
2868 5205 3138 5259 desertam
3181 5217 3235 5256 et
3293 5221 3372 5271 pu-

1819 5297 2140 5351 sillanimem
2187 5296 2398 5349 vocavit
2452 5305 2501 5348 le
2558 5297 2836 5360 Dominus,
2894 5311 3066 5363 neque
3150 5305 3208 5347 ιιι
3267 5310 3365 5346 mu-

1821 5388 2005 5441 lierem
2077 5389 2145 5441 ah
2236 5387 2600 5442 adulescentia
2682 5389 2809 5442 odio
2901 5389 3162 5443 habitam.
3241 5384 3384 5437 Dixit

1813 5641 2034 5695 Tltcclm.
2067 5655 2188 5706 pag.
2221 5640 2288 5693 10
2324 5640 2576 5695 editionis
2609 5635 3063 5705 Autwerpicusis,
3090 5644 3151 5706 el
3174 5649 3354 5702 νυμφο

1813 5710 2155 5779 στολισθῆναι
2191 5712 2330 5777 apud
2355 5713 2622 5772 eumdem,
2665 5727 2716 5776 p.
2744 5711 2848 5779 40;
2899 5705 3168 5759 Musculus
3200 5717 3380 5757 tamen

1817 5801 1834 5832 ι
1871 5778 2298 5846 parauvinphum
2341 5800 2358 5831 ι
2393 5781 2571 5844 vertit,
2603 5792 2712 5832 non
2745 5778 2906 5834 male.
