  <div class='ocr_page' id='page_1' title='image "/cluster/home/n/w/nwhite01/storage/ocr_20150623/20/mdp.39015008802764/441.png"; bbox 0 0 3858 6260; ppageno 0'>
   <div class='ocr_carea' id='block_1_1' title="bbox 493 253 596 310">
    <p class='ocr_par' dir='ltr' id='par_1_1' title="bbox 493 253 596 310">
     <span class='ocr_line' id='line_1_1' title="bbox 493 253 596 310; baseline -0.019 0"><span class='ocrx_word' id='word_1_1' title='bbox 493 253 596 310; x_wconf 70' lang='grc'><strong>871</strong></span> 
     </span>
    </p>
   </div>
   <div class='ocr_carea' id='block_1_2' title="bbox 497 372 870 429">
    <p class='ocr_par' dir='ltr' id='par_1_2' title="bbox 497 372 870 429">
     <span class='ocr_line' id='line_1_2' title="bbox 497 372 870 429; baseline -0.008 0"><span class='ocrx_word' id='word_1_2' title='bbox 497 372 638 429; x_wconf 82' lang='lat' dir='ltr'><strong>Deus</strong></span> <span class='ocrx_word' id='word_1_3' title='bbox 682 379 808 428; x_wconf 85' lang='lat' dir='ltr'><strong>tuus</strong></span> <span class='ocrx_word' id='word_1_4' title='bbox 853 387 870 426; x_wconf 93' lang='lat'><strong>:</strong></span> 
     </span>
    </p>
   </div>
   <div class='ocr_carea' id='block_1_3' title="bbox 495 463 2064 536">
    <p class='ocr_par' dir='ltr' id='par_1_3' title="bbox 495 463 2064 536">
     <span class='ocr_line' id='line_1_3' title="bbox 495 463 2064 536; baseline -0.001 -17"><span class='ocrx_word' id='word_1_5' title='bbox 495 465 657 536; x_wconf 73' lang='lat'><strong>383</strong></span> <span class='ocrx_word' id='word_1_6' title='bbox 698 466 750 519; x_wconf 93' lang='lat' dir='ltr'><strong>in</strong></span> <span class='ocrx_word' id='word_1_7' title='bbox 784 464 1159 520; x_wconf 79' lang='lat' dir='ltr'><strong>misericordia</strong></span> <span class='ocrx_word' id='word_1_8' title='bbox 1190 478 1387 533; x_wconf 81' lang='lat' dir='ltr'><strong>magna</strong></span> <span class='ocrx_word' id='word_1_9' title='bbox 1407 463 1729 520; x_wconf 89' lang='lat' dir='ltr'><strong>.miserebor</strong></span> <span class='ocrx_word' id='word_1_10' title='bbox 1758 464 1857 519; x_wconf 85' lang='lat' dir='ltr'><strong>lui.</strong></span> <span class='ocrx_word' id='word_1_11' title='bbox 1897 464 1952 519; x_wconf 91' lang='lat' dir='ltr'><strong>In</strong></span> <span class='ocrx_word' id='word_1_12' title='bbox 1983 464 2064 518; x_wconf 87' lang='lat' dir='ltr'><strong>ira</strong></span> 
     </span>
    </p>
   </div>
   <div class='ocr_carea' id='block_1_4' title="bbox 500 554 2061 621">
    <p class='ocr_par' dir='ltr' id='par_1_4' title="bbox 500 554 2061 621">
     <span class='ocr_line' id='line_1_4' title="bbox 500 554 2061 621; baseline 0 -11"><span class='ocrx_word' id='word_1_13' title='bbox 500 556 600 611; x_wconf 88' lang='lat' dir='ltr'><strong>levi</strong></span> <span class='ocrx_word' id='word_1_14' title='bbox 626 556 795 611; x_wconf 83' lang='lat' dir='ltr'><strong>arerti</strong></span> <span class='ocrx_word' id='word_1_15' title='bbox 826 555 1022 610; x_wconf 80' lang='lat' dir='ltr'><strong>faciem</strong></span> <span class='ocrx_word' id='word_1_16' title='bbox 1041 568 1217 609; x_wconf 88' lang='lat' dir='ltr'><strong>meam</strong></span> <span class='ocrx_word' id='word_1_17' title='bbox 1260 554 1361 610; x_wconf 88' lang='lat' dir='ltr'><strong>abs</strong></span> <span class='ocrx_word' id='word_1_18' title='bbox 1395 565 1489 621; x_wconf 89' lang='lat' dir='ltr'><strong>te;</strong></span> <span class='ocrx_word' id='word_1_19' title='bbox 1526 564 1581 609; x_wconf 88' lang='lat' dir='ltr'><strong>et</strong></span> <span class='ocrx_word' id='word_1_20' title='bbox 1611 558 1662 609; x_wconf 93' lang='lat' dir='ltr'><strong>in</strong></span> <span class='ocrx_word' id='word_1_21' title='bbox 1695 556 2061 612; x_wconf 77' lang='lat' dir='ltr'><strong>misericordia</strong></span> 
     </span>
    </p>
   </div>
   <div class='ocr_carea' id='block_1_5' title="bbox 499 648 2061 719">
    <p class='ocr_par' dir='ltr' id='par_1_5' title="bbox 499 648 2061 719">
     <span class='ocr_line' id='line_1_5' title="bbox 499 648 2061 719; baseline 0.002 -13"><span class='ocrx_word' id='word_1_22' title='bbox 499 661 695 706; x_wconf 78' lang='lat' dir='ltr'><strong>aeterna</strong></span> <span class='ocrx_word' id='word_1_23' title='bbox 723 649 1021 705; x_wconf 86' lang='lat' dir='ltr'><strong>miserebor</strong></span> <span class='ocrx_word' id='word_1_24' title='bbox 1043 649 1117 702; x_wconf 91' lang='lat' dir='ltr'><strong>tui</strong></span> <span class='ocrx_word' id='word_1_25' title='bbox 1141 688 1157 712; x_wconf 94' lang='lat'><strong>,</strong></span> <span class='ocrx_word' id='word_1_26' title='bbox 1176 648 1312 703; x_wconf 75' lang='lat' dir='ltr'><strong>dixit</strong></span> <span class='ocrx_word' id='word_1_27' title='bbox 1336 649 1664 719; x_wconf 74' lang='lat' dir='ltr'><strong>Redemptor</strong></span> <span class='ocrx_word' id='word_1_28' title='bbox 1694 650 1957 708; x_wconf 85' lang='lat' dir='ltr'><strong>Dominus</strong></span> <span class='ocrx_word' id='word_1_29' title='bbox 1974 651 2061 709; x_wconf 75' lang='lat' dir='ltr'><strong>“z</strong></span> 
     </span>
    </p>
   </div>
   <div class='ocr_carea' id='block_1_6' title="bbox 495 739 2063 809">
    <p class='ocr_par' dir='ltr' id='par_1_6' title="bbox 495 739 2063 809">
     <span class='ocr_line' id='line_1_6' title="bbox 495 739 2063 809; baseline -0.001 -12"><span class='ocrx_word' id='word_1_30' title='bbox 495 740 762 809; x_wconf 70' lang='lat' dir='ltr'><strong>Exsurge,</strong></span> <span class='ocrx_word' id='word_1_31' title='bbox 816 753 1067 806; x_wconf 79' lang='lat' dir='ltr'><strong>exsurge,</strong></span> <span class='ocrx_word' id='word_1_32' title='bbox 1127 754 1250 808; x_wconf 76' lang='lat' dir='ltr'><strong>qua:</strong></span> <span class='ocrx_word' id='word_1_33' title='bbox 1289 739 1475 795; x_wconf 75' lang='lat' dir='ltr'><strong>bibisti</strong></span> <span class='ocrx_word' id='word_1_34' title='bbox 1541 741 1607 796; x_wconf 84' lang='lat' dir='ltr'><strong>de</strong></span> <span class='ocrx_word' id='word_1_35' title='bbox 1642 757 1802 796; x_wconf 85' lang='lat' dir='ltr'><strong>manu</strong></span> <span class='ocrx_word' id='word_1_36' title='bbox 1850 742 2063 798; x_wconf 87' lang='lat' dir='ltr'><strong>Domini</strong></span> 
     </span>
    </p>
   </div>
   <div class='ocr_carea' id='block_1_7' title="bbox 496 832 2066 906">
    <p class='ocr_par' dir='ltr' id='par_1_7' title="bbox 496 832 2066 906">
     <span class='ocr_line' id='line_1_7' title="bbox 496 832 2066 906; baseline 0.001 -18"><span class='ocrx_word' id='word_1_37' title='bbox 496 835 722 889; x_wconf 79' lang='lat' dir='ltr'><strong>calicem</strong></span> <span class='ocrx_word' id='word_1_38' title='bbox 759 832 963 889; x_wconf 78' lang='lat' dir='ltr'><strong>furoris</strong></span> <span class='ocrx_word' id='word_1_39' title='bbox 997 832 1138 903; x_wconf 83' lang='lat' dir='ltr'><strong>ejus.</strong></span> <span class='ocrx_word' id='word_1_40' title='bbox 1170 833 1406 889; x_wconf 87' lang='lat' dir='ltr'><strong>Calicem</strong></span> <span class='ocrx_word' id='word_1_41' title='bbox 1460 836 1603 891; x_wconf 89' lang='lat' dir='ltr'><strong>enim</strong></span> <span class='ocrx_word' id='word_1_42' title='bbox 1657 837 1850 902; x_wconf 68' lang='lat' dir='ltr'><strong>ruinae,</strong></span> <span class='ocrx_word' id='word_1_43' title='bbox 1898 851 2066 906; x_wconf 88' lang='lat' dir='ltr'><strong>pocu-</strong></span> 
     </span>
    </p>
   </div>
   <div class='ocr_carea' id='block_1_8' title="bbox 495 926 2061 998">
    <p class='ocr_par' dir='ltr' id='par_1_8' title="bbox 495 926 2061 998">
     <span class='ocr_line' id='line_1_8' title="bbox 495 926 2061 998; baseline 0.002 -17"><span class='ocrx_word' id='word_1_44' title='bbox 495 927 608 981; x_wconf 85' lang='lat' dir='ltr'><strong>lum</strong></span> <span class='ocrx_word' id='word_1_45' title='bbox 644 926 848 982; x_wconf 85' lang='lat' dir='ltr'><strong>t‘uroris</strong></span> <span class='ocrx_word' id='word_1_46' title='bbox 885 928 987 982; x_wconf 90' lang='lat' dir='ltr'><strong>mei</strong></span> <span class='ocrx_word' id='word_1_47' title='bbox 1034 928 1245 983; x_wconf 78' lang='lat' dir='ltr'><strong>ebibisti</strong></span> <span class='ocrx_word' id='word_1_48' title='bbox 1279 937 1443 998; x_wconf 87' lang='lat' dir='ltr'><strong>atque</strong></span> <span class='ocrx_word' id='word_1_49' title='bbox 1485 929 1817 984; x_wconf 71' lang='lat' dir='ltr'><strong>exbansisti:</strong></span> <span class='ocrx_word' id='word_1_50' title='bbox 1859 938 1915 984; x_wconf 87' lang='lat' dir='ltr'><strong>et</strong></span> <span class='ocrx_word' id='word_1_51' title='bbox 1953 944 2061 984; x_wconf 84' lang='lat' dir='ltr'><strong>nou</strong></span> 
     </span>
    </p>
   </div>
   <div class='ocr_carea' id='block_1_9' title="bbox 495 1019 2065 1092">
    <p class='ocr_par' dir='ltr' id='par_1_9' title="bbox 495 1019 2065 1092">
     <span class='ocr_line' id='line_1_9' title="bbox 495 1019 2065 1092; baseline 0.004 -19"><span class='ocrx_word' id='word_1_52' title='bbox 495 1028 615 1073; x_wconf 88' lang='lat' dir='ltr'><strong>erat</strong></span> <span class='ocrx_word' id='word_1_53' title='bbox 641 1019 738 1088; x_wconf 85' lang='lat' dir='ltr'><strong>qui</strong></span> <span class='ocrx_word' id='word_1_54' title='bbox 766 1019 1143 1074; x_wconf 80' lang='lat' dir='ltr'><strong>consolaretur</strong></span> <span class='ocrx_word' id='word_1_55' title='bbox 1172 1029 1222 1074; x_wconf 88' lang='lat' dir='ltr'><strong>te</strong></span> <span class='ocrx_word' id='word_1_56' title='bbox 1252 1020 1305 1074; x_wconf 91' lang='lat' dir='ltr'><strong>in</strong></span> <span class='ocrx_word' id='word_1_57' title='bbox 1336 1021 1590 1077; x_wconf 82' lang='lat' dir='ltr'><strong>omnibus</strong></span> <span class='ocrx_word' id='word_1_58' title='bbox 1612 1020 1745 1077; x_wconf 83' lang='lat' dir='ltr'><strong>ﬁliis</strong></span> <span class='ocrx_word' id='word_1_59' title='bbox 1785 1023 1894 1076; x_wconf 89' lang='lat' dir='ltr'><strong>tuis</strong></span> <span class='ocrx_word' id='word_1_60' title='bbox 1928 1038 2065 1092; x_wconf 90' lang='lat' dir='ltr'><strong>quos</strong></span> 
     </span>
    </p>
   </div>
   <div class='ocr_carea' id='block_1_10' title="bbox 494 1112 2060 1182">
    <p class='ocr_par' dir='ltr' id='par_1_10' title="bbox 494 1112 2060 1182">
     <span class='ocr_line' id='line_1_10' title="bbox 494 1112 2060 1182; baseline 0.003 -18"><span class='ocrx_word' id='word_1_61' title='bbox 494 1112 760 1181; x_wconf 77' lang='lat' dir='ltr'><strong>genuisti:</strong></span> <span class='ocrx_word' id='word_1_62' title='bbox 798 1126 899 1166; x_wconf 90' lang='lat' dir='ltr'><strong>nec</strong></span> <span class='ocrx_word' id='word_1_63' title='bbox 922 1122 1040 1166; x_wconf 89' lang='lat' dir='ltr'><strong>erat</strong></span> <span class='ocrx_word' id='word_1_64' title='bbox 1064 1112 1154 1182; x_wconf 89' lang='lat' dir='ltr'><strong>qui</strong></span> <span class='ocrx_word' id='word_1_65' title='bbox 1182 1112 1614 1182; x_wconf 78' lang='lat' dir='ltr'><strong>apprehenderet</strong></span> <span class='ocrx_word' id='word_1_66' title='bbox 1641 1129 1860 1168; x_wconf 86' lang='lat' dir='ltr'><strong>manum</strong></span> <span class='ocrx_word' id='word_1_67' title='bbox 1893 1122 2060 1169; x_wconf 81' lang='lat' dir='ltr'><strong>tuam.</strong></span> 
     </span>
    </p>
   </div>
   <div class='ocr_carea' id='block_1_11' title="bbox 495 1206 2060 1279">
    <p class='ocr_par' dir='ltr' id='par_1_11' title="bbox 495 1206 2060 1279">
     <span class='ocr_line' id='line_1_11' title="bbox 495 1206 2060 1279; baseline 0.001 -18"><span class='ocrx_word' id='word_1_68' title='bbox 495 1206 636 1261; x_wconf 83' lang='lat' dir='ltr'><strong>Ecce</strong></span> <span class='ocrx_word' id='word_1_69' title='bbox 683 1207 780 1262; x_wconf 88' lang='lat' dir='ltr'><strong>tuli</strong></span> <span class='ocrx_word' id='word_1_70' title='bbox 827 1208 892 1263; x_wconf 87' lang='lat' dir='ltr'><strong>de</strong></span> <span class='ocrx_word' id='word_1_71' title='bbox 936 1224 1100 1262; x_wconf 89' lang='lat' dir='ltr'><strong>manu</strong></span> <span class='ocrx_word' id='word_1_72' title='bbox 1159 1219 1250 1264; x_wconf 89' lang='lat' dir='ltr'><strong>tua</strong></span> <span class='ocrx_word' id='word_1_73' title='bbox 1296 1211 1523 1265; x_wconf 87' lang='lat' dir='ltr'><strong>calicem</strong></span> <span class='ocrx_word' id='word_1_74' title='bbox 1568 1211 1759 1275; x_wconf 45' lang='lat' dir='ltr'><strong>ruinae,</strong></span> <span class='ocrx_word' id='word_1_75' title='bbox 1807 1210 2060 1279; x_wconf 82' lang='lat' dir='ltr'><strong>poculum</strong></span> 
     </span>
    </p>
   </div>
   <div class='ocr_carea' id='block_1_12' title="bbox 493 1299 2062 1374">
    <p class='ocr_par' dir='ltr' id='par_1_12' title="bbox 493 1299 2062 1374">
     <span class='ocr_line' id='line_1_12' title="bbox 493 1299 2062 1374; baseline 0.003 -21"><span class='ocrx_word' id='word_1_76' title='bbox 493 1299 699 1355; x_wconf 82' lang='lat' dir='ltr'><strong>furoris</strong></span> <span class='ocrx_word' id='word_1_77' title='bbox 730 1303 856 1355; x_wconf 91' lang='lat' dir='ltr'><strong>mei.</strong></span> <span class='ocrx_word' id='word_1_78' title='bbox 898 1301 1004 1358; x_wconf 81' lang='lat' dir='ltr'><strong>Nec</strong></span> <span class='ocrx_word' id='word_1_79' title='bbox 1037 1303 1260 1374; x_wconf 81' lang='lat' dir='ltr'><strong>adjicies</strong></span> <span class='ocrx_word' id='word_1_80' title='bbox 1300 1303 1440 1357; x_wconf 89' lang='lat' dir='ltr'><strong>ultra</strong></span> <span class='ocrx_word' id='word_1_81' title='bbox 1475 1311 1539 1357; x_wconf 87' lang='lat' dir='ltr'><strong>ut</strong></span> <span class='ocrx_word' id='word_1_82' title='bbox 1585 1304 1740 1359; x_wconf 84' lang='lat' dir='ltr'><strong>bibas</strong></span> <span class='ocrx_word' id='word_1_83' title='bbox 1768 1304 1957 1358; x_wconf 89' lang='lat' dir='ltr'><strong>illum:</strong></span> <span class='ocrx_word' id='word_1_84' title='bbox 1998 1304 2062 1358; x_wconf 86' lang='lat' dir='ltr'><strong>Et</strong></span> 
     </span>
    </p>
   </div>
   <div class='ocr_carea' id='block_1_13' title="bbox 492 1391 2061 1466">
    <p class='ocr_par' dir='ltr' id='par_1_13' title="bbox 492 1391 2061 1466">
     <span class='ocr_line' id='line_1_13' title="bbox 492 1391 2061 1466; baseline 0.004 -21"><span class='ocrx_word' id='word_1_85' title='bbox 492 1391 635 1447; x_wconf 89' lang='lat' dir='ltr'><strong>dabo</strong></span> <span class='ocrx_word' id='word_1_86' title='bbox 674 1392 821 1448; x_wconf 91' lang='lat' dir='ltr'><strong>illum</strong></span> <span class='ocrx_word' id='word_1_87' title='bbox 872 1394 924 1447; x_wconf 91' lang='lat' dir='ltr'><strong>in</strong></span> <span class='ocrx_word' id='word_1_88' title='bbox 974 1409 1167 1449; x_wconf 87' lang='lat' dir='ltr'><strong>manus</strong></span> <span class='ocrx_word' id='word_1_89' title='bbox 1193 1410 1379 1449; x_wconf 89' lang='lat' dir='ltr'><strong>eorum</strong></span> <span class='ocrx_word' id='word_1_90' title='bbox 1416 1396 1507 1465; x_wconf 85' lang='lat' dir='ltr'><strong>qui</strong></span> <span class='ocrx_word' id='word_1_91' title='bbox 1549 1406 1601 1451; x_wconf 91' lang='lat' dir='ltr'><strong>te</strong></span> <span class='ocrx_word' id='word_1_92' title='bbox 1630 1396 1891 1466; x_wconf 68' lang='lat' dir='ltr'><strong>iniustitia</strong></span> <span class='ocrx_word' id='word_1_93' title='bbox 1934 1395 2061 1451; x_wconf 62' lang='lat' dir='ltr'><strong>alre-</strong></span> 
     </span>
    </p>
   </div>
   <div class='ocr_carea' id='block_1_14' title="bbox 491 1485 2063 1558">
    <p class='ocr_par' dir='ltr' id='par_1_14' title="bbox 491 1485 2063 1558">
     <span class='ocr_line' id='line_1_14' title="bbox 491 1485 2063 1558; baseline 0.005 -23"><span class='ocrx_word' id='word_1_94' title='bbox 491 1493 690 1539; x_wconf 85' lang='lat' dir='ltr'><strong>cerunt</strong></span> <span class='ocrx_word' id='word_1_95' title='bbox 728 1501 792 1540; x_wconf 88' lang='lat' dir='ltr'><strong>ac</strong></span> <span class='ocrx_word' id='word_1_96' title='bbox 837 1485 1243 1556; x_wconf 80' lang='lat' dir='ltr'><strong>depresserunt.</strong></span> <span class='ocrx_word' id='word_1_97' title='bbox 1286 1487 1559 1558; x_wconf 79' lang='lat' dir='ltr'><strong>Exsurge,</strong></span> <span class='ocrx_word' id='word_1_98' title='bbox 1603 1503 1856 1558; x_wconf 75' lang='lat' dir='ltr'><strong>exsurge,</strong></span> <span class='ocrx_word' id='word_1_99' title='bbox 1902 1488 2063 1543; x_wconf 89' lang='lat' dir='ltr'><strong>indue</strong></span> 
     </span>
    </p>
   </div>
   <div class='ocr_carea' id='block_1_15' title="bbox 490 1576 2062 1650">
    <p class='ocr_par' dir='ltr' id='par_1_15' title="bbox 490 1576 2062 1650">
     <span class='ocr_line' id='line_1_15' title="bbox 490 1576 2062 1650; baseline 0.003 -21"><span class='ocrx_word' id='word_1_100' title='bbox 490 1576 897 1644; x_wconf 79' lang='lat' dir='ltr'><strong>fortitudinem,</strong></span> <span class='ocrx_word' id='word_1_101' title='bbox 948 1578 1112 1632; x_wconf 87' lang='lat' dir='ltr'><strong>indue</strong></span> <span class='ocrx_word' id='word_1_102' title='bbox 1156 1578 1378 1647; x_wconf 76' lang='lat' dir='ltr'><strong>gloriam</strong></span> <span class='ocrx_word' id='word_1_103' title='bbox 1413 1588 1580 1633; x_wconf 86' lang='lat' dir='ltr'><strong>tuam.</strong></span> <span class='ocrx_word' id='word_1_104' title='bbox 1626 1578 1834 1634; x_wconf 76' lang='lat' dir='ltr'><strong>Excute</strong></span> <span class='ocrx_word' id='word_1_105' title='bbox 1873 1579 2062 1650; x_wconf 74' lang='lat' dir='ltr'><strong>pulve-</strong></span> 
     </span>
    </p>
   </div>
   <div class='ocr_carea' id='block_1_16' title="bbox 490 1670 2057 1742">
    <p class='ocr_par' dir='ltr' id='par_1_16' title="bbox 490 1670 2057 1742">
     <span class='ocr_line' id='line_1_16' title="bbox 490 1670 2057 1742; baseline 0.001 -17"><span class='ocrx_word' id='word_1_106' title='bbox 490 1685 609 1725; x_wconf 81' lang='lat' dir='ltr'><strong>rem</strong></span> <span class='ocrx_word' id='word_1_107' title='bbox 648 1683 704 1725; x_wconf 91' lang='lat' dir='ltr'><strong>et</strong></span> <span class='ocrx_word' id='word_1_108' title='bbox 743 1686 922 1742; x_wconf 74' lang='lat' dir='ltr'><strong>surge.</strong></span> <span class='ocrx_word' id='word_1_109' title='bbox 971 1670 1145 1735; x_wconf 88' lang='lat' dir='ltr'><strong>Sede,</strong></span> <span class='ocrx_word' id='word_1_110' title='bbox 1201 1671 1348 1725; x_wconf 89' lang='lat' dir='ltr'><strong>solve</strong></span> <span class='ocrx_word' id='word_1_111' title='bbox 1397 1671 1680 1724; x_wconf 78' lang='lat' dir='ltr'><strong>vinculum</strong></span> <span class='ocrx_word' id='word_1_112' title='bbox 1719 1671 1841 1726; x_wconf 89' lang='lat' dir='ltr'><strong>colli</strong></span> <span class='ocrx_word' id='word_1_113' title='bbox 1886 1672 1962 1725; x_wconf 91' lang='lat' dir='ltr'><strong>tui</strong></span> <span class='ocrx_word' id='word_1_114' title='bbox 1989 1671 2057 1726; x_wconf 75' lang='lat'><strong>“.</strong></span> 
     </span>
    </p>
   </div>
   <div class='ocr_carea' id='block_1_17' title="bbox 488 1764 2058 1835">
    <p class='ocr_par' dir='ltr' id='par_1_17' title="bbox 488 1764 2058 1835">
     <span class='ocr_line' id='line_1_17' title="bbox 488 1764 2058 1835; baseline 0.002 -18"><span class='ocrx_word' id='word_1_115' title='bbox 488 1764 696 1819; x_wconf 77' lang='lat' dir='ltr'><strong>Attolle</strong></span> <span class='ocrx_word' id='word_1_116' title='bbox 725 1766 1149 1834; x_wconf 86' lang='lat' dir='ltr'><strong>circumquaque</strong></span> <span class='ocrx_word' id='word_1_117' title='bbox 1177 1765 1364 1821; x_wconf 90' lang='lat' dir='ltr'><strong>oculos</strong></span> <span class='ocrx_word' id='word_1_118' title='bbox 1407 1776 1550 1831; x_wconf 87' lang='lat' dir='ltr'><strong>tuos,</strong></span> <span class='ocrx_word' id='word_1_119' title='bbox 1580 1775 1635 1820; x_wconf 91' lang='lat' dir='ltr'><strong>et</strong></span> <span class='ocrx_word' id='word_1_120' title='bbox 1663 1765 1783 1820; x_wconf 84' lang='lat' dir='ltr'><strong>vide</strong></span> <span class='ocrx_word' id='word_1_121' title='bbox 1823 1780 2058 1835; x_wconf 74' lang='lat' dir='ltr'><strong>congre-</strong></span> 
     </span>
    </p>
   </div>
   <div class='ocr_carea' id='block_1_18' title="bbox 491 1856 2050 1926">
    <p class='ocr_par' dir='ltr' id='par_1_18' title="bbox 491 1856 2050 1926">
     <span class='ocr_line' id='line_1_18' title="bbox 491 1856 2050 1926; baseline 0.003 -20"><span class='ocrx_word' id='word_1_122' title='bbox 491 1863 649 1924; x_wconf 81' lang='lat' dir='ltr'><strong>gatos</strong></span> <span class='ocrx_word' id='word_1_123' title='bbox 694 1856 835 1910; x_wconf 83' lang='lat' dir='ltr'><strong>ﬁlios</strong></span> <span class='ocrx_word' id='word_1_124' title='bbox 888 1866 1027 1911; x_wconf 90' lang='lat' dir='ltr'><strong>tuos.</strong></span> <span class='ocrx_word' id='word_1_125' title='bbox 1073 1856 1211 1909; x_wconf 82' lang='lat' dir='ltr'><strong>Ecce</strong></span> <span class='ocrx_word' id='word_1_126' title='bbox 1259 1857 1572 1926; x_wconf 74' lang='lat' dir='ltr'><strong>congregati</strong></span> <span class='ocrx_word' id='word_1_127' title='bbox 1626 1867 1751 1912; x_wconf 86' lang='lat' dir='ltr'><strong>sunt</strong></span> <span class='ocrx_word' id='word_1_128' title='bbox 1792 1868 1849 1912; x_wconf 91' lang='lat' dir='ltr'><strong>et</strong></span> <span class='ocrx_word' id='word_1_129' title='bbox 1894 1871 2050 1913; x_wconf 85' lang='lat' dir='ltr'><strong>vene-</strong></span> 
     </span>
    </p>
   </div>
   <div class='ocr_carea' id='block_1_19' title="bbox 491 1946 2062 2018">
    <p class='ocr_par' dir='ltr' id='par_1_19' title="bbox 491 1946 2062 2018">
     <span class='ocr_line' id='line_1_19' title="bbox 491 1946 2062 2018; baseline 0.003 -18"><span class='ocrx_word' id='word_1_130' title='bbox 491 1957 621 2001; x_wconf 86' lang='lat' dir='ltr'><strong>runt</strong></span> <span class='ocrx_word' id='word_1_131' title='bbox 657 1947 723 2001; x_wconf 88' lang='lat' dir='ltr'><strong>ad</strong></span> <span class='ocrx_word' id='word_1_132' title='bbox 765 1958 836 2002; x_wconf 90' lang='lat' dir='ltr'><strong>te.</strong></span> <span class='ocrx_word' id='word_1_133' title='bbox 872 1946 1011 2002; x_wconf 73' lang='lat' dir='ltr'><strong>Viro</strong></span> <span class='ocrx_word' id='word_1_134' title='bbox 1045 1962 1165 2018; x_wconf 81' lang='lat' dir='ltr'><strong>ego,</strong></span> <span class='ocrx_word' id='word_1_135' title='bbox 1208 1949 1342 2002; x_wconf 86' lang='lat' dir='ltr'><strong>dicit</strong></span> <span class='ocrx_word' id='word_1_136' title='bbox 1378 1948 1671 2003; x_wconf 82' lang='lat' dir='ltr'><strong>Dominus:</strong></span> <span class='ocrx_word' id='word_1_137' title='bbox 1717 1949 1840 2017; x_wconf 88' lang='lat' dir='ltr'><strong>quia</strong></span> <span class='ocrx_word' id='word_1_138' title='bbox 1877 1951 2062 2005; x_wconf 85' lang='lat' dir='ltr'><strong>omni-</strong></span> 
     </span>
    </p>
   </div>
   <div class='ocr_carea' id='block_1_20' title="bbox 494 2039 2062 2101">
    <p class='ocr_par' dir='ltr' id='par_1_20' title="bbox 494 2039 2062 2101">
     <span class='ocr_line' id='line_1_20' title="bbox 494 2039 2062 2101; baseline 0.004 -7"><span class='ocrx_word' id='word_1_139' title='bbox 494 2044 596 2095; x_wconf 89' lang='lat' dir='ltr'><strong>bus</strong></span> <span class='ocrx_word' id='word_1_140' title='bbox 633 2039 721 2093; x_wconf 86' lang='lat' dir='ltr'><strong>bis</strong></span> <span class='ocrx_word' id='word_1_141' title='bbox 764 2040 909 2093; x_wconf 91' lang='lat' dir='ltr'><strong>velut</strong></span> <span class='ocrx_word' id='word_1_142' title='bbox 942 2051 1263 2095; x_wconf 85' lang='lat' dir='ltr'><strong>ornamento</strong></span> <span class='ocrx_word' id='word_1_143' title='bbox 1304 2041 1574 2101; x_wconf 80' lang='lat' dir='ltr'><strong>vestieris,</strong></span> <span class='ocrx_word' id='word_1_144' title='bbox 1612 2041 2062 2100; x_wconf 84' lang='lat' dir='ltr'><strong>etcircumdabis</strong></span> 
     </span>
    </p>
   </div>
   <div class='ocr_carea' id='block_1_21' title="bbox 494 2133 2061 2202">
    <p class='ocr_par' dir='ltr' id='par_1_21' title="bbox 494 2133 2061 2202">
     <span class='ocr_line' id='line_1_21' title="bbox 494 2133 2061 2202; baseline 0.004 -17"><span class='ocrx_word' id='word_1_145' title='bbox 494 2133 591 2186; x_wconf 89' lang='lat' dir='ltr'><strong>tibi</strong></span> <span class='ocrx_word' id='word_1_146' title='bbox 625 2148 721 2187; x_wconf 83' lang='lat' dir='ltr'><strong>eos</strong></span> <span class='ocrx_word' id='word_1_147' title='bbox 759 2133 916 2201; x_wconf 86' lang='lat' dir='ltr'><strong>quasi</strong></span> <span class='ocrx_word' id='word_1_148' title='bbox 967 2142 1226 2187; x_wconf 84' lang='lat' dir='ltr'><strong>ornatum</strong></span> <span class='ocrx_word' id='word_1_149' title='bbox 1261 2148 1478 2202; x_wconf 88' lang='lat' dir='ltr'><strong>sponsa.</strong></span> <span class='ocrx_word' id='word_1_150' title='bbox 1528 2134 1664 2201; x_wconf 84' lang='lat' dir='ltr'><strong>Quia</strong></span> <span class='ocrx_word' id='word_1_151' title='bbox 1708 2136 1921 2191; x_wconf 88' lang='lat' dir='ltr'><strong>deserta</strong></span> <span class='ocrx_word' id='word_1_152' title='bbox 1971 2145 2061 2191; x_wconf 78' lang='lat' dir='ltr'><strong>tua</strong></span> 
     </span>
    </p>
   </div>
   <div class='ocr_carea' id='block_1_22' title="bbox 491 2226 2059 2298">
    <p class='ocr_par' dir='ltr' id='par_1_22' title="bbox 491 2226 2059 2298">
     <span class='ocr_line' id='line_1_22' title="bbox 491 2226 2059 2298; baseline 0.003 -21"><span class='ocrx_word' id='word_1_153' title='bbox 491 2233 547 2277; x_wconf 85' lang='lat' dir='ltr'><strong>et</strong></span> <span class='ocrx_word' id='word_1_154' title='bbox 593 2239 718 2292; x_wconf 69' lang='lat' dir='ltr'><strong>quae</strong></span> <span class='ocrx_word' id='word_1_155' title='bbox 754 2234 1011 2294; x_wconf 81' lang='lat' dir='ltr'><strong>corrupta</strong></span> <span class='ocrx_word' id='word_1_156' title='bbox 1041 2236 1196 2279; x_wconf 89' lang='lat' dir='ltr'><strong>erant</strong></span> <span class='ocrx_word' id='word_1_157' title='bbox 1227 2240 1290 2279; x_wconf 90' lang='lat' dir='ltr'><strong>ae</strong></span> <span class='ocrx_word' id='word_1_158' title='bbox 1332 2226 1607 2295; x_wconf 85' lang='lat' dir='ltr'><strong>prolapsa,</strong></span> <span class='ocrx_word' id='word_1_159' title='bbox 1647 2242 1793 2281; x_wconf 85' lang='lat' dir='ltr'><strong>nunc</strong></span> <span class='ocrx_word' id='word_1_160' title='bbox 1830 2239 2059 2298; x_wconf 77' lang='lat' dir='ltr'><strong>angusta</strong></span> 
     </span>
    </p>
   </div>
   <div class='ocr_carea' id='block_1_23' title="bbox 491 2317 2063 2387">
    <p class='ocr_par' dir='ltr' id='par_1_23' title="bbox 491 2317 2063 2387">
     <span class='ocr_line' id='line_1_23' title="bbox 491 2317 2063 2387; baseline 0.001 -18"><span class='ocrx_word' id='word_1_161' title='bbox 491 2328 654 2370; x_wconf 88' lang='lat' dir='ltr'><strong>erunt</strong></span> <span class='ocrx_word' id='word_1_162' title='bbox 686 2317 879 2371; x_wconf 85' lang='lat' dir='ltr'><strong>incolis</strong></span> <span class='ocrx_word' id='word_1_163' title='bbox 903 2319 1048 2387; x_wconf 87' lang='lat' dir='ltr'><strong>tuis;</strong></span> <span class='ocrx_word' id='word_1_164' title='bbox 1095 2328 1149 2373; x_wconf 90' lang='lat' dir='ltr'><strong>et</strong></span> <span class='ocrx_word' id='word_1_165' title='bbox 1181 2317 1339 2387; x_wconf 81' lang='lat' dir='ltr'><strong>longe</strong></span> <span class='ocrx_word' id='word_1_166' title='bbox 1376 2317 1504 2371; x_wconf 83' lang='lat' dir='ltr'><strong>ﬁent</strong></span> <span class='ocrx_word' id='word_1_167' title='bbox 1547 2319 1646 2372; x_wconf 91' lang='lat' dir='ltr'><strong>abs</strong></span> <span class='ocrx_word' id='word_1_168' title='bbox 1680 2327 1733 2372; x_wconf 85' lang='lat' dir='ltr'><strong>te</strong></span> <span class='ocrx_word' id='word_1_169' title='bbox 1765 2319 1855 2387; x_wconf 89' lang='lat' dir='ltr'><strong>qui</strong></span> <span class='ocrx_word' id='word_1_170' title='bbox 1900 2319 2063 2373; x_wconf 77' lang='lat' dir='ltr'><strong>devo-</strong></span> 
     </span>
    </p>
   </div>
   <div class='ocr_carea' id='block_1_24' title="bbox 489 2410 2059 2481">
    <p class='ocr_par' dir='ltr' id='par_1_24' title="bbox 489 2410 2059 2481">
     <span class='ocr_line' id='line_1_24' title="bbox 489 2410 2059 2481; baseline 0.001 -15"><span class='ocrx_word' id='word_1_171' title='bbox 489 2410 691 2466; x_wconf 82' lang='lat' dir='ltr'><strong>l‘abant</strong></span> <span class='ocrx_word' id='word_1_172' title='bbox 721 2420 793 2465; x_wconf 90' lang='lat' dir='ltr'><strong>te.</strong></span> <span class='ocrx_word' id='word_1_173' title='bbox 841 2412 1031 2466; x_wconf 86' lang='lat' dir='ltr'><strong>Dicent</strong></span> <span class='ocrx_word' id='word_1_174' title='bbox 1066 2413 1213 2467; x_wconf 88' lang='lat' dir='ltr'><strong>enim</strong></span> <span class='ocrx_word' id='word_1_175' title='bbox 1243 2412 1299 2465; x_wconf 89' lang='lat' dir='ltr'><strong>in</strong></span> <span class='ocrx_word' id='word_1_176' title='bbox 1336 2425 1497 2465; x_wconf 82' lang='lat' dir='ltr'><strong>aures</strong></span> <span class='ocrx_word' id='word_1_177' title='bbox 1534 2419 1654 2465; x_wconf 88' lang='lat' dir='ltr'><strong>tuas</strong></span> <span class='ocrx_word' id='word_1_178' title='bbox 1683 2411 1782 2465; x_wconf 74' lang='lat' dir='ltr'><strong>filii</strong></span> <span class='ocrx_word' id='word_1_179' title='bbox 1814 2412 1888 2466; x_wconf 87' lang='lat' dir='ltr'><strong>tui</strong></span> <span class='ocrx_word' id='word_1_180' title='bbox 1924 2427 2059 2481; x_wconf 88' lang='lat' dir='ltr'><strong>quos</strong></span> 
     </span>
    </p>
   </div>
   <div class='ocr_carea' id='block_1_25' title="bbox 489 2501 2058 2573">
    <p class='ocr_par' dir='ltr' id='par_1_25' title="bbox 489 2501 2058 2573">
     <span class='ocr_line' id='line_1_25' title="bbox 489 2501 2058 2573; baseline 0.005 -21"><span class='ocrx_word' id='word_1_181' title='bbox 489 2501 817 2570; x_wconf 76' lang='lat' dir='ltr'><strong>perdidisti:</strong></span> <span class='ocrx_word' id='word_1_182' title='bbox 849 2505 1124 2573; x_wconf 73' lang='lat' dir='ltr'><strong>Angustus</strong></span> <span class='ocrx_word' id='word_1_183' title='bbox 1170 2513 1252 2557; x_wconf 87' lang='lat' dir='ltr'><strong>est</strong></span> <span class='ocrx_word' id='word_1_184' title='bbox 1292 2503 1425 2558; x_wconf 91' lang='lat' dir='ltr'><strong>mibi</strong></span> <span class='ocrx_word' id='word_1_185' title='bbox 1477 2503 1662 2571; x_wconf 90' lang='lat' dir='ltr'><strong>locus;</strong></span> <span class='ocrx_word' id='word_1_186' title='bbox 1705 2505 1875 2560; x_wconf 81' lang='lat' dir='ltr'><strong>facito</strong></span> <span class='ocrx_word' id='word_1_187' title='bbox 1928 2507 2058 2560; x_wconf 86' lang='lat' dir='ltr'><strong>mibi</strong></span> 
     </span>
    </p>
   </div>
   <div class='ocr_carea' id='block_1_26' title="bbox 494 2593 2062 2664">
    <p class='ocr_par' dir='ltr' id='par_1_26' title="bbox 494 2593 2062 2664">
     <span class='ocr_line' id='line_1_26' title="bbox 494 2593 2062 2664; baseline 0.004 -18"><span class='ocrx_word' id='word_1_188' title='bbox 494 2593 669 2649; x_wconf 92' lang='lat' dir='ltr'><strong>locum</strong></span> <span class='ocrx_word' id='word_1_189' title='bbox 703 2604 764 2649; x_wconf 82' lang='grc' dir='ltr'><strong>ιιι</strong></span> <span class='ocrx_word' id='word_1_190' title='bbox 808 2594 1132 2650; x_wconf 88' lang='lat' dir='ltr'><strong>iubabitem.</strong></span> <span class='ocrx_word' id='word_1_191' title='bbox 1180 2596 1246 2651; x_wconf 84' lang='lat' dir='ltr'><strong>Et</strong></span> <span class='ocrx_word' id='word_1_192' title='bbox 1293 2595 1438 2652; x_wconf 79' lang='lat' dir='ltr'><strong>dices</strong></span> <span class='ocrx_word' id='word_1_193' title='bbox 1480 2596 1535 2651; x_wconf 91' lang='lat' dir='ltr'><strong>in</strong></span> <span class='ocrx_word' id='word_1_194' title='bbox 1569 2598 1735 2652; x_wconf 90' lang='lat' dir='ltr'><strong>corde</strong></span> <span class='ocrx_word' id='word_1_195' title='bbox 1764 2606 1889 2652; x_wconf 90' lang='lat' dir='ltr'><strong>tuo:</strong></span> <span class='ocrx_word' id='word_1_196' title='bbox 1928 2598 2062 2664; x_wconf 86' lang='lat' dir='ltr'><strong>Quis</strong></span> 
     </span>
    </p>
   </div>
   <div class='ocr_carea' id='block_1_27' title="bbox 488 2682 2063 2755">
    <p class='ocr_par' dir='ltr' id='par_1_27' title="bbox 488 2682 2063 2755">
     <span class='ocr_line' id='line_1_27' title="bbox 488 2682 2063 2755; baseline 0.004 -15"><span class='ocrx_word' id='word_1_197' title='bbox 488 2682 624 2740; x_wconf 84' lang='lat' dir='ltr'><strong>Istos</strong></span> <span class='ocrx_word' id='word_1_198' title='bbox 673 2685 859 2753; x_wconf 75' lang='lat' dir='ltr'><strong>genuit</strong></span> <span class='ocrx_word' id='word_1_199' title='bbox 900 2685 1072 2739; x_wconf 79' lang='lat' dir='ltr'><strong>mihi?</strong></span> <span class='ocrx_word' id='word_1_200' title='bbox 1113 2685 1221 2755; x_wconf 77' lang='lat' dir='ltr'><strong>Ego</strong></span> <span class='ocrx_word' id='word_1_201' title='bbox 1262 2686 1395 2740; x_wconf 89' lang='lat' dir='ltr'><strong>orba</strong></span> <span class='ocrx_word' id='word_1_202' title='bbox 1428 2694 1481 2740; x_wconf 88' lang='lat' dir='ltr'><strong>et</strong></span> <span class='ocrx_word' id='word_1_203' title='bbox 1512 2687 1695 2741; x_wconf 87' lang='lat' dir='ltr'><strong>vidua.</strong></span> <span class='ocrx_word' id='word_1_204' title='bbox 1742 2687 1851 2743; x_wconf 82' lang='lat' dir='ltr'><strong>lies</strong></span> <span class='ocrx_word' id='word_1_205' title='bbox 1882 2700 2063 2746; x_wconf 87' lang='lat' dir='ltr'><strong>autem</strong></span> 
     </span>
    </p>
   </div>
   <div class='ocr_carea' id='block_1_28' title="bbox 489 2776 2061 2848">
    <p class='ocr_par' dir='ltr' id='par_1_28' title="bbox 489 2776 2061 2848">
     <span class='ocr_line' id='line_1_28' title="bbox 489 2776 2061 2848; baseline 0.006 -19"><span class='ocrx_word' id='word_1_206' title='bbox 489 2776 616 2848; x_wconf 86' lang='lat' dir='ltr'><strong>quis</strong></span> <span class='ocrx_word' id='word_1_207' title='bbox 656 2777 912 2831; x_wconf 80' lang='lat' dir='ltr'><strong>educavit</strong></span> <span class='ocrx_word' id='word_1_208' title='bbox 951 2776 1124 2830; x_wconf 70' lang='lat' dir='ltr'><strong>mibi!</strong></span> <span class='ocrx_word' id='word_1_209' title='bbox 1173 2777 1283 2839; x_wconf 70' lang='lat' dir='ltr'><strong>Ego</strong></span> <span class='ocrx_word' id='word_1_210' title='bbox 1324 2778 1579 2833; x_wconf 86' lang='lat' dir='ltr'><strong>derelicta</strong></span> <span class='ocrx_word' id='word_1_211' title='bbox 1627 2794 1746 2834; x_wconf 90' lang='lat' dir='ltr'><strong>sum</strong></span> <span class='ocrx_word' id='word_1_212' title='bbox 1799 2781 1945 2835; x_wconf 84' lang='lat' dir='ltr'><strong>soia:</strong></span> <span class='ocrx_word' id='word_1_213' title='bbox 1994 2781 2061 2838; x_wconf 76' lang='grc' dir='ltr'><strong>ιιι</strong></span> 
     </span>
    </p>
   </div>
   <div class='ocr_carea' id='block_1_29' title="bbox 491 2867 2063 2928">
    <p class='ocr_par' dir='ltr' id='par_1_29' title="bbox 491 2867 2063 2928">
     <span class='ocr_line' id='line_1_29' title="bbox 491 2867 2063 2928; baseline 0.004 -8"><span class='ocrx_word' id='word_1_214' title='bbox 491 2882 625 2923; x_wconf 86' lang='lat' dir='ltr'><strong>vero</strong></span> <span class='ocrx_word' id='word_1_215' title='bbox 672 2870 896 2923; x_wconf 86' lang='lat' dir='ltr'><strong>ubinam</strong></span> <span class='ocrx_word' id='word_1_216' title='bbox 943 2878 1100 2922; x_wconf 89' lang='lat' dir='ltr'><strong>erant</strong></span> <span class='ocrx_word' id='word_1_217' title='bbox 1140 2867 1319 2922; x_wconf 66' lang='lat' dir='ltr'><strong>mihi?</strong></span> <span class='ocrx_word' id='word_1_218' title='bbox 1353 2886 1373 2919; x_wconf 74' lang='grc' dir='ltr'><strong>ι</strong></span> <span class='ocrx_word' id='word_1_219' title='bbox 1424 2867 1550 2924; x_wconf 67' lang='lat' dir='ltr'><strong>llaec</strong></span> <span class='ocrx_word' id='word_1_220' title='bbox 1598 2868 1764 2926; x_wconf 87' lang='lat' dir='ltr'><strong>Isaias</strong></span> <span class='ocrx_word' id='word_1_221' title='bbox 1803 2872 2063 2928; x_wconf 85' lang='lat' dir='ltr'><strong>vaticina-</strong></span> 
     </span>
    </p>
   </div>
   <div class='ocr_carea' id='block_1_30' title="bbox 493 2958 2064 3019">
    <p class='ocr_par' dir='ltr' id='par_1_30' title="bbox 493 2958 2064 3019">
     <span class='ocr_line' id='line_1_30' title="bbox 493 2958 2064 3019; baseline 0.003 -6"><span class='ocrx_word' id='word_1_222' title='bbox 493 2969 579 3014; x_wconf 87' lang='lat' dir='ltr'><strong>tus</strong></span> <span class='ocrx_word' id='word_1_223' title='bbox 611 2960 783 3015; x_wconf 84' lang='lat' dir='ltr'><strong>est&quot;:</strong></span> <span class='ocrx_word' id='word_1_224' title='bbox 823 2960 936 3014; x_wconf 64' lang='lat' dir='ltr'><strong>haec</strong></span> <span class='ocrx_word' id='word_1_225' title='bbox 965 2960 1015 3014; x_wconf 81' lang='lat' dir='ltr'><strong>in</strong></span> <span class='ocrx_word' id='word_1_226' title='bbox 1034 2960 1208 3015; x_wconf 85' lang='lat' dir='ltr'><strong>sacris</strong></span> <span class='ocrx_word' id='word_1_227' title='bbox 1229 2958 1606 3017; x_wconf 69' lang='lat' dir='ltr'><strong>Voluminibus</strong></span> <span class='ocrx_word' id='word_1_228' title='bbox 1621 2961 1689 3016; x_wconf 90' lang='lat' dir='ltr'><strong>de</strong></span> <span class='ocrx_word' id='word_1_229' title='bbox 1716 2963 1872 3019; x_wconf 92' lang='lat' dir='ltr'><strong>nobis</strong></span> <span class='ocrx_word' id='word_1_230' title='bbox 1894 2965 2064 3019; x_wconf 85' lang='lat' dir='ltr'><strong>multo</strong></span> 
     </span>
    </p>
   </div>
   <div class='ocr_carea' id='block_1_31' title="bbox 493 3051 2061 3125">
    <p class='ocr_par' dir='ltr' id='par_1_31' title="bbox 493 3051 2061 3125">
     <span class='ocr_line' id='line_1_31' title="bbox 493 3051 2061 3125; baseline 0.006 -21"><span class='ocrx_word' id='word_1_231' title='bbox 493 3060 621 3107; x_wconf 88' lang='lat' dir='ltr'><strong>ante</strong></span> <span class='ocrx_word' id='word_1_232' title='bbox 651 3054 965 3122; x_wconf 71' lang='lat' dir='ltr'><strong>praescripta</strong></span> <span class='ocrx_word' id='word_1_233' title='bbox 1006 3062 1180 3107; x_wconf 82' lang='lat' dir='ltr'><strong>erant.</strong></span> <span class='ocrx_word' id='word_1_234' title='bbox 1214 3051 1489 3107; x_wconf 71' lang='lat' dir='ltr'><strong>Cmterum</strong></span> <span class='ocrx_word' id='word_1_235' title='bbox 1534 3056 1824 3125; x_wconf 83' lang='lat' dir='ltr'><strong>oportebat</strong></span> <span class='ocrx_word' id='word_1_236' title='bbox 1861 3067 1920 3110; x_wconf 90' lang='lat' dir='ltr'><strong>ut</strong></span> <span class='ocrx_word' id='word_1_237' title='bbox 1962 3059 2061 3113; x_wconf 88' lang='lat' dir='ltr'><strong>bo-</strong></span> 
     </span>
    </p>
   </div>
   <div class='ocr_carea' id='block_1_32' title="bbox 1204 247 3665 331">
    <p class='ocr_par' dir='ltr' id='par_1_32' title="bbox 1204 247 3665 331">
     <span class='ocr_line' id='line_1_32' title="bbox 1204 247 3665 331; baseline 0.004 -26"><span class='ocrx_word' id='word_1_238' title='bbox 1204 248 1474 309; x_wconf 77' lang='lat' dir='ltr'><strong>EUSEBII</strong></span> <span class='ocrx_word' id='word_1_239' title='bbox 1509 247 1997 308; x_wconf 63' lang='lat' dir='ltr'><strong>CIESAR&#39;ENSIS</strong></span> <span class='ocrx_word' id='word_1_240' title='bbox 2032 248 2185 309; x_wconf 68' lang='lat' dir='ltr'><strong>ODP.</strong></span> <span class='ocrx_word' id='word_1_241' title='bbox 2227 249 2409 309; x_wconf 76' lang='lat' dir='ltr'><strong>PARS</strong></span> <span class='ocrx_word' id='word_1_242' title='bbox 2444 251 2489 308; x_wconf 73' lang='lat'><strong>1&#39;.</strong></span> <span class='ocrx_word' id='word_1_243' title='bbox 2526 281 2599 296; x_wconf 86' lang='lat'><strong>-—</strong></span> <span class='ocrx_word' id='word_1_244' title='bbox 2635 250 3035 310; x_wconf 78' lang='lat' dir='ltr'><strong>HISTORICA.</strong></span> <span class='ocrx_word' id='word_1_245' title='bbox 3589 271 3665 331; x_wconf 60' lang='grc' dir='ltr'><strong>κῃ</strong></span> 
     </span>
    </p>
   </div>
   <div class='ocr_carea' id='block_1_33' title="bbox 925 368 2059 462">
    <p class='ocr_par' dir='ltr' id='par_1_33' title="bbox 925 368 2059 441">
     <span class='ocr_line' id='line_1_33' title="bbox 925 368 2059 441; baseline 0.002 -16"><span class='ocrx_word' id='word_1_246' title='bbox 925 368 1137 425; x_wconf 74' lang='lat' dir='ltr'><strong>Modico</strong></span> <span class='ocrx_word' id='word_1_247' title='bbox 1205 378 1447 441; x_wconf 88' lang='lat' dir='ltr'><strong>tempore</strong></span> <span class='ocrx_word' id='word_1_248' title='bbox 1512 370 1773 441; x_wconf 86' lang='lat' dir='ltr'><strong>dereliqui</strong></span> <span class='ocrx_word' id='word_1_249' title='bbox 1840 383 1933 438; x_wconf 88' lang='lat' dir='ltr'><strong>te;</strong></span> <span class='ocrx_word' id='word_1_250' title='bbox 2018 385 2059 427; x_wconf 45' lang='lat' dir='ltr'><strong>et</strong></span> 
     </span>
    </p>
   </div>
   <div class='ocr_carea' id='block_1_34' title="bbox 2161 368 3668 462">
    <p class='ocr_par' dir='ltr' id='par_1_34' title="bbox 2174 369 3668 462">
     <span class='ocr_line' id='line_1_34' title="bbox 2174 369 3668 462; baseline 0.011 -37"><span class='ocrx_word' id='word_1_251' title='bbox 2174 370 2505 429; x_wconf 84' lang='grc' dir='ltr'>ὲδιδάσκετο.</span> <span class='ocrx_word' id='word_1_252' title='bbox 2534 370 2730 446; x_wconf 87' lang='grc' dir='ltr'>Θαῦμα</span> <span class='ocrx_word' id='word_1_253' title='bbox 2759 374 2857 445; x_wconf 77' lang='grc' dir='ltr'>μὲν</span> <span class='ocrx_word' id='word_1_254' title='bbox 2886 369 2979 429; x_wconf 79' lang='grc' dir='ltr'>οὖν</span> <span class='ocrx_word' id='word_1_255' title='bbox 3008 374 3258 447; x_wconf 76' lang='grc' dir='ltr'>μέγιστον</span> <span class='ocrx_word' id='word_1_256' title='bbox 3287 379 3435 435; x_wconf 85' lang='grc' dir='ltr'>τοῦτο</span> <span class='ocrx_word' id='word_1_257' title='bbox 3461 385 3540 439; x_wconf 77' lang='grc' dir='ltr'><strong>καί</strong></span> <span class='ocrx_word' id='word_1_258' title='bbox 3561 389 3668 462; x_wconf 73' lang='grc' dir='ltr'>πέρα</span> 
     </span>
    </p>
   </div>
   <div class='ocr_carea' id='block_1_35' title="bbox 2167 464 3668 550">
    <p class='ocr_par' dir='ltr' id='par_1_35' title="bbox 2167 464 3668 550">
     <span class='ocr_line' id='line_1_35' title="bbox 2167 464 3668 550; baseline 0.027 -51"><span class='ocrx_word' id='word_1_259' title='bbox 2167 464 2347 535; x_wconf 70' lang='grc' dir='ltr'>πάσης</span> <span class='ocrx_word' id='word_1_260' title='bbox 2395 465 2740 539; x_wconf 73' lang='grc' dir='ltr'>ἐκπλήξεως,</span> <span class='ocrx_word' id='word_1_261' title='bbox 2788 468 3026 539; x_wconf 87' lang='grc' dir='ltr'>μάλιστα</span> <span class='ocrx_word' id='word_1_262' title='bbox 3071 472 3182 536; x_wconf 78' lang='grc' dir='ltr'>τοῖς</span> <span class='ocrx_word' id='word_1_263' title='bbox 3229 472 3318 527; x_wconf 79' lang='grc' dir='ltr'><strong>ἐπὶ</strong></span> <span class='ocrx_word' id='word_1_264' title='bbox 3350 473 3472 548; x_wconf 77' lang='grc' dir='ltr'>μόνῃ</span> <span class='ocrx_word' id='word_1_265' title='bbox 3504 481 3558 550; x_wconf 81' lang='grc' dir='ltr'><strong>τῇ</strong></span> <span class='ocrx_word' id='word_1_266' title='bbox 3589 484 3668 539; x_wconf 81' lang='grc' dir='ltr'><strong>τῶν</strong></span> 
     </span>
    </p>
   </div>
   <div class='ocr_carea' id='block_1_36' title="bbox 2166 559 3668 643">
    <p class='ocr_par' dir='ltr' id='par_1_36' title="bbox 2166 559 3668 643">
     <span class='ocr_line' id='line_1_36' title="bbox 2166 559 3668 643; baseline 0.009 -30"><span class='ocrx_word' id='word_1_267' title='bbox 2166 559 2367 628; x_wconf 74' lang='grc' dir='ltr'>ἔξωθεν</span> <span class='ocrx_word' id='word_1_268' title='bbox 2406 561 2677 635; x_wconf 80' lang='grc' dir='ltr'><strong>φαντασίᾳ</strong></span> <span class='ocrx_word' id='word_1_269' title='bbox 2700 562 2793 616; x_wconf 82' lang='grc' dir='ltr'>τὸν</span> <span class='ocrx_word' id='word_1_270' title='bbox 2824 563 2950 618; x_wconf 89' lang='grc' dir='ltr'>νοῦν</span> <span class='ocrx_word' id='word_1_271' title='bbox 2988 565 3392 638; x_wconf 80' lang='grc' dir='ltr'>προσανέχουσι.</span> <span class='ocrx_word' id='word_1_272' title='bbox 3425 569 3668 643; x_wconf 81' lang='grc' dir='ltr'>Θαυμάτων</span> 
     </span>
    </p>
   </div>
   <div class='ocr_carea' id='block_1_37' title="bbox 2160 651 3669 729">
    <p class='ocr_par' dir='ltr' id='par_1_37' title="bbox 2160 651 3669 729">
     <span class='ocr_line' id='line_1_37' title="bbox 2160 651 3669 729; baseline 0.013 -25"><span class='ocrx_word' id='word_1_273' title='bbox 2160 651 2224 705; x_wconf 78' lang='grc' dir='ltr'>δὲ</span> <span class='ocrx_word' id='word_1_274' title='bbox 2265 651 2688 727; x_wconf 77' lang='grc' dir='ltr'><strong>θαυμασιώτερα</strong></span> <span class='ocrx_word' id='word_1_275' title='bbox 2728 656 2800 710; x_wconf 87' lang='grc' dir='ltr'><strong>τά</strong></span> <span class='ocrx_word' id='word_1_276' title='bbox 2840 673 2900 710; x_wconf 87' lang='grc' dir='ltr'><strong>τε</strong></span> <span class='ocrx_word' id='word_1_277' title='bbox 2949 655 3257 729; x_wconf 73' lang='grc' dir='ltr'><strong>ἀρχέτυπα,</strong></span> <span class='ocrx_word' id='word_1_278' title='bbox 3299 661 3389 715; x_wconf 76' lang='grc' dir='ltr'>καὶ</span> <span class='ocrx_word' id='word_1_279' title='bbox 3425 661 3598 720; x_wconf 74' lang='grc' dir='ltr'>τούτων</span> <span class='ocrx_word' id='word_1_280' title='bbox 3620 671 3669 726; x_wconf 74' lang='grc' dir='ltr'><strong>τὰ</strong></span> 
     </span>
    </p>
   </div>
   <div class='ocr_carea' id='block_1_38' title="bbox 2166 746 3669 833">
    <p class='ocr_par' dir='ltr' id='par_1_38' title="bbox 2166 746 3669 833">
     <span class='ocr_line' id='line_1_38' title="bbox 2166 746 3669 833; baseline 0.011 -35"><span class='ocrx_word' id='word_1_281' title='bbox 2166 746 2498 817; x_wconf 86' lang='grc' dir='ltr'>πρωτότυπα</span> <span class='ocrx_word' id='word_1_282' title='bbox 2524 746 2693 818; x_wconf 88' lang='grc' dir='ltr'>νοητά</span> <span class='ocrx_word' id='word_1_283' title='bbox 2719 748 2813 801; x_wconf 78' lang='grc' dir='ltr'>καὶ</span> <span class='ocrx_word' id='word_1_284' title='bbox 2841 748 3119 820; x_wconf 82' lang='grc' dir='ltr'><strong>θεοπρεπῆ</strong></span> <span class='ocrx_word' id='word_1_285' title='bbox 3158 752 3571 825; x_wconf 86' lang='grc' dir='ltr'>παραδείγματα,</span> <span class='ocrx_word' id='word_1_286' title='bbox 3596 762 3669 833; x_wconf 70' lang='grc' dir='ltr'>τῆς</span> 
     </span>
    </p>
   </div>
   <div class='ocr_carea' id='block_1_39' title="bbox 2164 836 3667 921">
    <p class='ocr_par' dir='ltr' id='par_1_39' title="bbox 2164 836 3667 921">
     <span class='ocr_line' id='line_1_39' title="bbox 2164 836 3667 921; baseline 0.007 -31"><span class='ocrx_word' id='word_1_287' title='bbox 2164 836 2349 892; x_wconf 80' lang='grc' dir='ltr'>ἐνθέου</span> <span class='ocrx_word' id='word_1_288' title='bbox 2393 838 2536 909; x_wconf 79' lang='grc' dir='ltr'>φημὶ</span> <span class='ocrx_word' id='word_1_289' title='bbox 2581 838 2677 892; x_wconf 74' lang='grc' dir='ltr'>καὶ</span> <span class='ocrx_word' id='word_1_290' title='bbox 2714 838 2941 911; x_wconf 81' lang='grc' dir='ltr'><strong>λογικῆς</strong></span> <span class='ocrx_word' id='word_1_291' title='bbox 2966 841 3025 893; x_wconf 81' lang='grc' dir='ltr'>ὲν</span> <span class='ocrx_word' id='word_1_292' title='bbox 3052 840 3247 913; x_wconf 78' lang='grc' dir='ltr'>ψυχαῖς</span> <span class='ocrx_word' id='word_1_293' title='bbox 3277 845 3535 921; x_wconf 74' lang='grc' dir='ltr'>οἰκοδομῆς</span> <span class='ocrx_word' id='word_1_294' title='bbox 3568 853 3667 907; x_wconf 74' lang='grc' dir='ltr'>ἀνα.</span> 
     </span>
    </p>
   </div>
   <div class='ocr_carea' id='block_1_40' title="bbox 2163 926 3669 1011">
    <p class='ocr_par' dir='ltr' id='par_1_40' title="bbox 2163 926 3669 1011">
     <span class='ocr_line' id='line_1_40' title="bbox 2163 926 3669 1011; baseline 0.009 -29"><span class='ocrx_word' id='word_1_295' title='bbox 2163 926 2448 999; x_wconf 75' lang='grc' dir='ltr'>νεώματαο</span> <span class='ocrx_word' id='word_1_296' title='bbox 2481 929 2548 1000; x_wconf 77' lang='grc' dir='ltr'>ἢν</span> <span class='ocrx_word' id='word_1_297' title='bbox 2578 928 2742 994; x_wconf 84' lang='grc' dir='ltr'>αὐτὸς</span> <span class='ocrx_word' id='word_1_298' title='bbox 2777 930 2807 988; x_wconf 83' lang='grc' dir='ltr'><strong>ὁ</strong></span> <span class='ocrx_word' id='word_1_299' title='bbox 2833 931 3067 998; x_wconf 85' lang='grc' dir='ltr'>Θεόπαις</span> <span class='ocrx_word' id='word_1_300' title='bbox 3101 937 3220 988; x_wconf 87' lang='grc' dir='ltr'>κατ’</span> <span class='ocrx_word' id='word_1_301' title='bbox 3254 936 3425 999; x_wconf 79' lang='grc' dir='ltr'>εἰκόνα</span> <span class='ocrx_word' id='word_1_302' title='bbox 3445 938 3530 1011; x_wconf 80' lang='grc' dir='ltr'>τὴν</span> <span class='ocrx_word' id='word_1_303' title='bbox 3549 943 3669 1009; x_wconf 72' lang='grc' dir='ltr'>αὐτὸς</span> 
     </span>
    </p>
   </div>
   <div class='ocr_carea' id='block_1_41' title="bbox 2163 1017 3670 1095">
    <p class='ocr_par' dir='ltr' id='par_1_41' title="bbox 2163 1017 3670 1095">
     <span class='ocr_line' id='line_1_41' title="bbox 2163 1017 3670 1095; baseline 0.009 -22"><span class='ocrx_word' id='word_1_304' title='bbox 2163 1017 2330 1073; x_wconf 82' lang='grc' dir='ltr'>αὐτοῦ</span> <span class='ocrx_word' id='word_1_305' title='bbox 2372 1019 2783 1092; x_wconf 77' lang='grc' dir='ltr'><strong>δημιουργήσας</strong></span> <span class='ocrx_word' id='word_1_306' title='bbox 2804 1060 2819 1084; x_wconf 92' lang='grc'><strong>,</strong></span> <span class='ocrx_word' id='word_1_307' title='bbox 2855 1022 3029 1095; x_wconf 86' lang='grc' dir='ltr'>πάντη</span> <span class='ocrx_word' id='word_1_308' title='bbox 3063 1040 3124 1075; x_wconf 86' lang='grc' dir='ltr'><strong>τε</strong></span> <span class='ocrx_word' id='word_1_309' title='bbox 3163 1024 3256 1078; x_wconf 60' lang='grc' dir='ltr'><strong>καὶ⁵</strong></span> <span class='ocrx_word' id='word_1_310' title='bbox 3283 1025 3415 1080; x_wconf 84' lang='grc' dir='ltr'>κατὰ</span> <span class='ocrx_word' id='word_1_311' title='bbox 3452 1028 3601 1085; x_wconf 83' lang='grc' dir='ltr'>πάντα</span> <span class='ocrx_word' id='word_1_312' title='bbox 3626 1034 3670 1087; x_wconf 66' lang='grc' dir='ltr'>ιδ</span> 
     </span>
    </p>
   </div>
   <div class='ocr_carea' id='block_1_42' title="bbox 2164 1107 3669 1190">
    <p class='ocr_par' dir='ltr' id='par_1_42' title="bbox 2164 1107 3669 1190">
     <span class='ocr_line' id='line_1_42' title="bbox 2164 1107 3669 1190; baseline 0.01 -28"><span class='ocrx_word' id='word_1_313' title='bbox 2164 1107 2461 1162; x_wconf 83' lang='grc' dir='ltr'>θεοείκελον</span> <span class='ocrx_word' id='word_1_314' title='bbox 2485 1109 2691 1182; x_wconf 88' lang='grc' dir='ltr'>δεδωρη</span> <span class='ocrx_word' id='word_1_315' title='bbox 2700 1111 2877 1181; x_wconf 83' lang='grc' dir='ltr'>μένος,</span> <span class='ocrx_word' id='word_1_316' title='bbox 2915 1111 3191 1185; x_wconf 75' lang='grc' dir='ltr'>ἄφθαρτον</span> <span class='ocrx_word' id='word_1_317' title='bbox 3221 1114 3394 1184; x_wconf 81' lang='grc' dir='ltr'>φύσιν,</span> <span class='ocrx_word' id='word_1_318' title='bbox 3419 1117 3669 1190; x_wconf 83' lang='grc' dir='ltr'>ἀσώματον,</span> 
     </span>
    </p>
   </div>
   <div class='ocr_carea' id='block_1_43' title="bbox 2162 1199 3670 1286">
    <p class='ocr_par' dir='ltr' id='par_1_43' title="bbox 2162 1199 3670 1286">
     <span class='ocr_line' id='line_1_43' title="bbox 2162 1199 3670 1286; baseline 0.009 -31"><span class='ocrx_word' id='word_1_319' title='bbox 2162 1199 2406 1272; x_wconf 81' lang='grc' dir='ltr'>λογικὴν,</span> <span class='ocrx_word' id='word_1_320' title='bbox 2442 1202 2622 1274; x_wconf 80' lang='grc' dir='ltr'><strong>πάσης</strong></span> <span class='ocrx_word' id='word_1_321' title='bbox 2654 1201 2890 1270; x_wconf 75' lang='grc' dir='ltr'>γεώδους</span> <span class='ocrx_word' id='word_1_322' title='bbox 2924 1203 3057 1277; x_wconf 82' lang='grc' dir='ltr'>ῦλης</span> <span class='ocrx_word' id='word_1_323' title='bbox 3083 1204 3380 1279; x_wconf 76' lang='grc' dir='ltr'>ἀλλοτρίαν,</span> <span class='ocrx_word' id='word_1_324' title='bbox 3406 1209 3670 1286; x_wconf 75' lang='grc' dir='ltr'>αὑτονοερὰν</span> 
     </span>
    </p>
   </div>
   <div class='ocr_carea' id='block_1_44' title="bbox 2161 1296 3669 1374">
    <p class='ocr_par' dir='ltr' id='par_1_44' title="bbox 2161 1296 3669 1374">
     <span class='ocr_line' id='line_1_44' title="bbox 2161 1296 3669 1374; baseline 0.008 -25"><span class='ocrx_word' id='word_1_325' title='bbox 2161 1296 2351 1350; x_wconf 86' lang='grc' dir='ltr'>οὐσίαν</span> <span class='ocrx_word' id='word_1_326' title='bbox 2379 1297 2490 1369; x_wconf 73' lang='grc'><strong>(52)</strong></span> <span class='ocrx_word' id='word_1_327' title='bbox 2510 1337 2526 1363; x_wconf 91' lang='grc'><strong>,</strong></span> <span class='ocrx_word' id='word_1_328' title='bbox 2558 1297 2706 1363; x_wconf 73' lang='grc' dir='ltr'>ἅπαξ</span> <span class='ocrx_word' id='word_1_329' title='bbox 2729 1298 2790 1352; x_wconf 84' lang='grc' dir='ltr'>τὸ</span> <span class='ocrx_word' id='word_1_330' title='bbox 2823 1299 3039 1372; x_wconf 85' lang='grc' dir='ltr'>πρῶτον</span> <span class='ocrx_word' id='word_1_331' title='bbox 3067 1301 3134 1355; x_wconf 76' lang='grc' dir='ltr'>ἐκ</span> <span class='ocrx_word' id='word_1_332' title='bbox 3163 1301 3256 1355; x_wconf 88' lang='grc' dir='ltr'><strong>τοῦ</strong></span> <span class='ocrx_word' id='word_1_333' title='bbox 3288 1302 3363 1374; x_wconf 81' lang='grc' dir='ltr'>μὴ</span> <span class='ocrx_word' id='word_1_334' title='bbox 3390 1302 3523 1368; x_wconf 81' lang='grc' dir='ltr'>ὖντος</span> <span class='ocrx_word' id='word_1_335' title='bbox 3545 1309 3605 1368; x_wconf 81' lang='grc' dir='ltr'><strong>εἰς</strong></span> <span class='ocrx_word' id='word_1_336' title='bbox 3626 1308 3669 1361; x_wconf 79' lang='grc' dir='ltr'><strong>τὺ</strong></span> 
     </span>
    </p>
   </div>
   <div class='ocr_carea' id='block_1_45' title="bbox 2162 1384 3670 1464">
    <p class='ocr_par' dir='ltr' id='par_1_45' title="bbox 2162 1384 3670 1464">
     <span class='ocr_line' id='line_1_45' title="bbox 2162 1384 3670 1464; baseline 0.007 -22"><span class='ocrx_word' id='word_1_337' title='bbox 2162 1384 2301 1444; x_wconf 83' lang='grc' dir='ltr'>εἶναι</span> <span class='ocrx_word' id='word_1_338' title='bbox 2340 1391 2768 1462; x_wconf 79' lang='grc' dir='ltr'>συστησάμενος,</span> <span class='ocrx_word' id='word_1_339' title='bbox 2793 1390 3011 1464; x_wconf 81' lang='grc' dir='ltr'>νύμφην</span> <span class='ocrx_word' id='word_1_340' title='bbox 3046 1392 3207 1462; x_wconf 83' lang='grc' dir='ltr'>ἁγίαν</span> <span class='ocrx_word' id='word_1_341' title='bbox 3225 1432 3241 1459; x_wconf 88' lang='grc'><strong>,</strong></span> <span class='ocrx_word' id='word_1_342' title='bbox 3270 1395 3362 1448; x_wconf 84' lang='grc' dir='ltr'><strong>καί</strong></span> <span class='ocrx_word' id='word_1_343' title='bbox 3383 1395 3504 1451; x_wconf 87' lang='grc' dir='ltr'>νεὼν</span> <span class='ocrx_word' id='word_1_344' title='bbox 3528 1400 3670 1454; x_wconf 62' lang='lat' dir='ltr'><strong>nevis-</strong></span> 
     </span>
    </p>
   </div>
   <div class='ocr_carea' id='block_1_46' title="bbox 2160 1481 3669 1557">
    <p class='ocr_par' dir='ltr' id='par_1_46' title="bbox 2160 1481 3669 1557">
     <span class='ocr_line' id='line_1_46' title="bbox 2160 1481 3669 1557; baseline 0.007 -23"><span class='ocrx_word' id='word_1_345' title='bbox 2160 1498 2285 1554; x_wconf 86' lang='grc' dir='ltr'>ρον,</span> <span class='ocrx_word' id='word_1_346' title='bbox 2333 1481 2509 1553; x_wconf 80' lang='grc' dir='ltr'>ὲαυτῷ</span> <span class='ocrx_word' id='word_1_347' title='bbox 2540 1500 2601 1536; x_wconf 86' lang='grc' dir='ltr'><strong>τε</strong></span> <span class='ocrx_word' id='word_1_348' title='bbox 2634 1484 2729 1536; x_wconf 76' lang='grc' dir='ltr'>καὶ</span> <span class='ocrx_word' id='word_1_349' title='bbox 2769 1482 2847 1555; x_wconf 82' lang='grc' dir='ltr'>τῷ</span> <span class='ocrx_word' id='word_1_350' title='bbox 2874 1485 3047 1555; x_wconf 76' lang='grc' dir='ltr'>Πατρὶ</span> <span class='ocrx_word' id='word_1_351' title='bbox 3092 1486 3490 1557; x_wconf 84' lang='grc' dir='ltr'>κατειργάσατο.</span> <span class='ocrx_word' id='word_1_352' title='bbox 3522 1493 3575 1543; x_wconf 73' lang='lat'><strong>&#39;0</strong></span> <span class='ocrx_word' id='word_1_353' title='bbox 3602 1493 3669 1545; x_wconf 75' lang='grc' dir='ltr'><strong>καὶ</strong></span> 
     </span>
    </p>
   </div>
   <div class='ocr_carea' id='block_1_47' title="bbox 2162 1571 3669 1654">
    <p class='ocr_par' dir='ltr' id='par_1_47' title="bbox 2162 1571 3669 1654">
     <span class='ocr_line' id='line_1_47' title="bbox 2162 1571 3669 1654; baseline 0.008 -30"><span class='ocrx_word' id='word_1_354' title='bbox 2162 1571 2351 1642; x_wconf 82' lang='grc' dir='ltr'>σαφῶς</span> <span class='ocrx_word' id='word_1_355' title='bbox 2373 1574 2536 1638; x_wconf 75' lang='grc' dir='ltr'>αὐτὸς</span> <span class='ocrx_word' id='word_1_356' title='bbox 2556 1574 2832 1646; x_wconf 85' lang='grc' dir='ltr'>ὁμολογῶν</span> <span class='ocrx_word' id='word_1_357' title='bbox 2856 1576 3104 1646; x_wconf 78' lang='grc' dir='ltr'>ἐκφαίνει</span> <span class='ocrx_word' id='word_1_358' title='bbox 3120 1616 3137 1641; x_wconf 89' lang='grc'><strong>,</strong></span> <span class='ocrx_word' id='word_1_359' title='bbox 3163 1577 3333 1647; x_wconf 80' lang='grc' dir='ltr'>λέγων</span> <span class='ocrx_word' id='word_1_360' title='bbox 3355 1594 3369 1608; x_wconf 81' lang='grc'><em>’</em></span> <span class='ocrx_word' id='word_1_361' title='bbox 3400 1597 3417 1631; x_wconf 83' lang='grc' dir='ltr'><strong>ι</strong></span> <span class='ocrx_word' id='word_1_362' title='bbox 3438 1579 3669 1654; x_wconf 79' lang='grc' dir='ltr'>Ἐνοικήσω</span> 
     </span>
    </p>
   </div>
   <div class='ocr_carea' id='block_1_48' title="bbox 2163 1666 3667 1743">
    <p class='ocr_par' dir='ltr' id='par_1_48' title="bbox 2163 1666 3667 1743">
     <span class='ocr_line' id='line_1_48' title="bbox 2163 1666 3667 1743; baseline 0.007 -25"><span class='ocrx_word' id='word_1_363' title='bbox 2163 1666 2222 1719; x_wconf 86' lang='grc' dir='ltr'>ὲν</span> <span class='ocrx_word' id='word_1_364' title='bbox 2250 1666 2435 1730; x_wconf 83' lang='grc' dir='ltr'>αὐτοῖς</span> <span class='ocrx_word' id='word_1_365' title='bbox 2457 1667 2552 1721; x_wconf 72' lang='grc' dir='ltr'>καὶ</span> <span class='ocrx_word' id='word_1_366' title='bbox 2573 1669 3029 1741; x_wconf 83' lang='grc' dir='ltr'>ὲμπεριπατήσω,</span> <span class='ocrx_word' id='word_1_367' title='bbox 3055 1670 3151 1724; x_wconf 76' lang='grc' dir='ltr'>καὶ</span> <span class='ocrx_word' id='word_1_368' title='bbox 3172 1670 3360 1743; x_wconf 75' lang='grc' dir='ltr'>ἔσομαι</span> <span class='ocrx_word' id='word_1_369' title='bbox 3382 1673 3539 1727; x_wconf 79' lang='grc' dir='ltr'>αὐτῶν</span> <span class='ocrx_word' id='word_1_370' title='bbox 3556 1674 3667 1741; x_wconf 79' lang='grc' dir='ltr'>Θεὸς,</span> 
     </span>
    </p>
   </div>
   <div class='ocr_carea' id='block_1_49' title="bbox 2094 1730 3666 1837">
    <p class='ocr_par' dir='ltr' id='par_1_49' title="bbox 2094 1730 3666 1837">
     <span class='ocr_line' id='line_1_49' title="bbox 2094 1730 3666 1837; baseline 0.017 -29"><span class='ocrx_word' id='word_1_371' title='bbox 2094 1730 2135 1790; x_wconf 70' lang='grc' dir='ltr'><strong><em>Β</em></strong></span> <span class='ocrx_word' id='word_1_372' title='bbox 2163 1756 2264 1810; x_wconf 80' lang='grc' dir='ltr'>καὶ</span> <span class='ocrx_word' id='word_1_373' title='bbox 2296 1757 2450 1811; x_wconf 73' lang='grc' dir='ltr'>αὐτοὶ</span> <span class='ocrx_word' id='word_1_374' title='bbox 2492 1730 2733 1812; x_wconf 47' lang='grc' dir='ltr'>ἔσονταί·</span> <span class='ocrx_word' id='word_1_375' title='bbox 2753 1775 2843 1829; x_wconf 90' lang='grc' dir='ltr'><strong>μοι</strong></span> <span class='ocrx_word' id='word_1_376' title='bbox 2888 1730 3033 1822; x_wconf 39' lang='grc' dir='ltr'>λαόςλ</span> <span class='ocrx_word' id='word_1_377' title='bbox 3061 1777 3082 1810; x_wconf 72' lang='grc' dir='ltr'><strong><em>ι</em></strong></span> <span class='ocrx_word' id='word_1_378' title='bbox 3134 1759 3246 1813; x_wconf 64' lang='grc' dir='ltr'><strong>Καὶ</strong></span> <span class='ocrx_word' id='word_1_379' title='bbox 3268 1730 3493 1834; x_wconf 61' lang='grc' dir='ltr'>’τοιαύτη</span> <span class='ocrx_word' id='word_1_380' title='bbox 3532 1762 3608 1833; x_wconf 70' lang='grc' dir='ltr'><strong>μὲν</strong></span> 
     </span>
    </p>
   </div>
   <div class='ocr_carea' id='block_1_50' title="bbox 2167 1848 3669 1924">
    <p class='ocr_par' dir='ltr' id='par_1_50' title="bbox 2167 1848 3669 1924">
     <span class='ocr_line' id='line_1_50' title="bbox 2167 1848 3669 1924; baseline 0.003 -21"><span class='ocrx_word' id='word_1_381' title='bbox 2167 1848 2348 1903; x_wconf 85' lang='grc' dir='ltr'>τελεία</span> <span class='ocrx_word' id='word_1_382' title='bbox 2379 1850 2474 1904; x_wconf 76' lang='grc' dir='ltr'>καὶ</span> <span class='ocrx_word' id='word_1_383' title='bbox 2502 1849 2886 1923; x_wconf 82' lang='grc' dir='ltr'>κεκαθαρμένη</span> <span class='ocrx_word' id='word_1_384' title='bbox 2921 1850 3066 1922; x_wconf 75' lang='grc' dir='ltr'>ψυχὴ</span> <span class='ocrx_word' id='word_1_385' title='bbox 3086 1890 3101 1915; x_wconf 89' lang='grc'><strong>,</strong></span> <span class='ocrx_word' id='word_1_386' title='bbox 3150 1851 3380 1924; x_wconf 78' lang='grc' dir='ltr'>ἀρχῆθεν</span> <span class='ocrx_word' id='word_1_387' title='bbox 3408 1852 3534 1906; x_wconf 83' lang='grc' dir='ltr'>οῦτω</span> <span class='ocrx_word' id='word_1_388' title='bbox 3554 1871 3669 1923; x_wconf 82' lang='grc' dir='ltr'>γεγε-</span> 
     </span>
    </p>
   </div>
   <div class='ocr_carea' id='block_1_51' title="bbox 2168 1941 3667 2018">
    <p class='ocr_par' dir='ltr' id='par_1_51' title="bbox 2168 1941 3667 2018">
     <span class='ocr_line' id='line_1_51' title="bbox 2168 1941 3667 2018; baseline 0.006 -24"><span class='ocrx_word' id='word_1_389' title='bbox 2168 1941 2373 2014; x_wconf 80' lang='grc' dir='ltr'>νημένη</span> <span class='ocrx_word' id='word_1_390' title='bbox 2400 1982 2415 2007; x_wconf 92' lang='grc'><strong>,</strong></span> <span class='ocrx_word' id='word_1_391' title='bbox 2472 1942 2558 1997; x_wconf 80' lang='grc' dir='ltr'>οἵα</span> <span class='ocrx_word' id='word_1_392' title='bbox 2607 1944 2700 1997; x_wconf 78' lang='grc' dir='ltr'>τὸν</span> <span class='ocrx_word' id='word_1_393' title='bbox 2749 1943 2998 2017; x_wconf 83' lang='grc' dir='ltr'>οὐράνιον</span> <span class='ocrx_word' id='word_1_394' title='bbox 3046 1944 3203 2012; x_wconf 85' lang='grc' dir='ltr'>λόγον</span> <span class='ocrx_word' id='word_1_395' title='bbox 3251 1944 3667 2018; x_wconf 79' lang='grc' dir='ltr'>ἀγαλματοφορεῖν.</span> 
     </span>
    </p>
   </div>
   <div class='ocr_carea' id='block_1_52' title="bbox 2181 2033 3667 2110">
    <p class='ocr_par' dir='ltr' id='par_1_52' title="bbox 2181 2033 3667 2110">
     <span class='ocr_line' id='line_1_52' title="bbox 2181 2033 3667 2110; baseline 0.002 -22"><span class='ocrx_word' id='word_1_396' title='bbox 2181 2034 2341 2089; x_wconf 83' lang='grc' dir='ltr'>Ἀλλά</span> <span class='ocrx_word' id='word_1_397' title='bbox 2376 2033 2484 2107; x_wconf 85' lang='grc' dir='ltr'><strong>γὰρ</strong></span> <span class='ocrx_word' id='word_1_398' title='bbox 2515 2034 2694 2107; x_wconf 86' lang='grc' dir='ltr'>φθόνῳ</span> <span class='ocrx_word' id='word_1_399' title='bbox 2721 2035 2816 2090; x_wconf 74' lang='grc' dir='ltr'>καὶ</span> <span class='ocrx_word' id='word_1_400' title='bbox 2850 2034 2997 2110; x_wconf 73' lang='grc' dir='ltr'>ζήλῳ</span> <span class='ocrx_word' id='word_1_401' title='bbox 3037 2037 3133 2091; x_wconf 84' lang='grc' dir='ltr'><strong>τοῦ</strong></span> <span class='ocrx_word' id='word_1_402' title='bbox 3164 2037 3501 2110; x_wconf 82' lang='grc' dir='ltr'>φιλοπονήρου</span> <span class='ocrx_word' id='word_1_403' title='bbox 3524 2039 3667 2110; x_wconf 68' lang='grc' dir='ltr'>δαίμο-</span> 
     </span>
    </p>
   </div>
   <div class='ocr_carea' id='block_1_53' title="bbox 2162 2129 3668 2204">
    <p class='ocr_par' dir='ltr' id='par_1_53' title="bbox 2162 2129 3668 2204">
     <span class='ocr_line' id='line_1_53' title="bbox 2162 2129 3668 2204; baseline 0.001 -20"><span class='ocrx_word' id='word_1_404' title='bbox 2162 2144 2277 2195; x_wconf 85' lang='grc' dir='ltr'>νος,</span> <span class='ocrx_word' id='word_1_405' title='bbox 2307 2129 2608 2204; x_wconf 60' lang='lat' dir='ltr'><strong>eamqu</strong></span> <span class='ocrx_word' id='word_1_406' title='bbox 2626 2131 2722 2184; x_wconf 74' lang='grc' dir='ltr'>καὶ</span> <span class='ocrx_word' id='word_1_407' title='bbox 2744 2129 3103 2202; x_wconf 72' lang='grc' dir='ltr'>φιλοπόνηρος</span> <span class='ocrx_word' id='word_1_408' title='bbox 3137 2130 3196 2197; x_wconf 79' lang='grc' dir='ltr'>ἐξ</span> <span class='ocrx_word' id='word_1_409' title='bbox 3221 2130 3537 2199; x_wconf 66' lang='grc' dir='ltr'>αὐτεξουσὼυ</span> <span class='ocrx_word' id='word_1_410' title='bbox 3558 2131 3668 2202; x_wconf 61' lang='lat' dir='ltr'><strong>alpi—</strong></span> 
     </span>
    </p>
   </div>
   <div class='ocr_carea' id='block_1_54' title="bbox 2168 2204 3665 2294">
    <p class='ocr_par' dir='ltr' id='par_1_54' title="bbox 2168 2204 3665 2294">
     <span class='ocr_line' id='line_1_54' title="bbox 2168 2204 3665 2294; baseline 0 -20"><span class='ocrx_word' id='word_1_411' title='bbox 2168 2238 2307 2286; x_wconf 85' lang='grc' dir='ltr'>σεως</span> <span class='ocrx_word' id='word_1_412' title='bbox 2342 2204 2640 2294; x_wconf 49' lang='grc' dir='ltr'>γενομένη,</span> <span class='ocrx_word' id='word_1_413' title='bbox 2670 2221 3202 2293; x_wconf 79' lang='grc' dir='ltr'>ὑπαναχωρήσαντος</span> <span class='ocrx_word' id='word_1_414' title='bbox 3243 2221 3404 2291; x_wconf 76' lang='grc' dir='ltr'>αὐτῆς</span> <span class='ocrx_word' id='word_1_415' title='bbox 3429 2220 3512 2274; x_wconf 84' lang='grc' dir='ltr'><strong>τοῦ</strong></span> <span class='ocrx_word' id='word_1_416' title='bbox 3535 2221 3665 2284; x_wconf 66' lang='lat' dir='ltr'><strong>Getes,</strong></span> 
     </span>
    </p>
   </div>
   <div class='ocr_carea' id='block_1_55' title="bbox 2162 2311 3668 2385">
    <p class='ocr_par' dir='ltr' id='par_1_55' title="bbox 2162 2311 3668 2385">
     <span class='ocr_line' id='line_1_55' title="bbox 2162 2311 3668 2385; baseline -0.003 -18"><span class='ocrx_word' id='word_1_417' title='bbox 2162 2314 2247 2377; x_wconf 82' lang='grc' dir='ltr'>ὡς</span> <span class='ocrx_word' id='word_1_418' title='bbox 2269 2313 2335 2367; x_wconf 83' lang='grc' dir='ltr'>ἂν</span> <span class='ocrx_word' id='word_1_419' title='bbox 2364 2313 2459 2385; x_wconf 74' lang='grc' dir='ltr'>ἔρη</span> <span class='ocrx_word' id='word_1_420' title='bbox 2469 2330 2567 2385; x_wconf 88' lang='grc' dir='ltr'><strong>μος</strong></span> <span class='ocrx_word' id='word_1_421' title='bbox 2590 2312 2916 2384; x_wconf 80' lang='grc' dir='ltr'>προστάτου,</span> <span class='ocrx_word' id='word_1_422' title='bbox 2944 2311 3214 2376; x_wconf 80' lang='grc' dir='ltr'>εὐάλωτος</span> <span class='ocrx_word' id='word_1_423' title='bbox 3234 2312 3323 2366; x_wconf 79' lang='grc' dir='ltr'>καὶ</span> <span class='ocrx_word' id='word_1_424' title='bbox 3346 2312 3421 2377; x_wconf 82' lang='grc' dir='ltr'><strong>είς</strong></span> <span class='ocrx_word' id='word_1_425' title='bbox 3438 2311 3668 2382; x_wconf 72' lang='grc' dir='ltr'>ἐπιϐουλὴν</span> 
     </span>
    </p>
   </div>
   <div class='ocr_carea' id='block_1_56' title="bbox 2164 2401 3667 2478">
    <p class='ocr_par' dir='ltr' id='par_1_56' title="bbox 2164 2401 3667 2478">
     <span class='ocr_line' id='line_1_56' title="bbox 2164 2401 3667 2478; baseline -0.002 -19"><span class='ocrx_word' id='word_1_426' title='bbox 2164 2405 2398 2478; x_wconf 78' lang='grc' dir='ltr'>εὐχερὴς</span> <span class='ocrx_word' id='word_1_427' title='bbox 2413 2408 2523 2469; x_wconf 82' lang='grc' dir='ltr'>τοῖς</span> <span class='ocrx_word' id='word_1_428' title='bbox 2540 2406 2606 2459; x_wconf 76' lang='grc' dir='ltr'>ἐκ</span> <span class='ocrx_word' id='word_1_429' title='bbox 2627 2404 2837 2476; x_wconf 81' lang='grc' dir='ltr'>μακροῦ</span> <span class='ocrx_word' id='word_1_430' title='bbox 2855 2402 3141 2473; x_wconf 87' lang='grc' dir='ltr'>διαφθονου</span> <span class='ocrx_word' id='word_1_431' title='bbox 3148 2403 3324 2475; x_wconf 82' lang='grc' dir='ltr'>μένοις</span> <span class='ocrx_word' id='word_1_432' title='bbox 3339 2401 3667 2474; x_wconf 79' lang='grc' dir='ltr'>ἀπελήλεγκτιιι</span> 
     </span>
    </p>
   </div>
   <div class='ocr_carea' id='block_1_57' title="bbox 2165 2494 3668 2568">
    <p class='ocr_par' dir='ltr' id='par_1_57' title="bbox 2165 2494 3668 2568">
     <span class='ocr_line' id='line_1_57' title="bbox 2165 2494 3668 2568; baseline -0.004 -16"><span class='ocrx_word' id='word_1_433' title='bbox 2165 2497 2302 2568; x_wconf 78' lang='lat'><strong>(55),</strong></span> <span class='ocrx_word' id='word_1_434' title='bbox 2315 2499 2435 2561; x_wconf 82' lang='grc' dir='ltr'>ταῖς</span> <span class='ocrx_word' id='word_1_435' title='bbox 2452 2514 2512 2550; x_wconf 87' lang='grc' dir='ltr'><strong>τε</strong></span> <span class='ocrx_word' id='word_1_436' title='bbox 2529 2497 2638 2551; x_wconf 86' lang='grc' dir='ltr'><strong>τῶν</strong></span> <span class='ocrx_word' id='word_1_437' title='bbox 2655 2496 2900 2566; x_wconf 82' lang='grc' dir='ltr'>ἀοράτων</span> <span class='ocrx_word' id='word_1_438' title='bbox 2915 2494 3124 2568; x_wconf 71' lang='grc' dir='ltr'>ἐχθρῶν</span> <span class='ocrx_word' id='word_1_439' title='bbox 3145 2495 3239 2549; x_wconf 77' lang='grc' dir='ltr'>καὶ</span> <span class='ocrx_word' id='word_1_440' title='bbox 3252 2495 3443 2566; x_wconf 84' lang='grc' dir='ltr'>νοητῶν</span> <span class='ocrx_word' id='word_1_441' title='bbox 3457 2494 3668 2565; x_wconf 71' lang='grc' dir='ltr'>πολεμίων</span> 
     </span>
    </p>
   </div>
   <div class='ocr_carea' id='block_1_58' title="bbox 2162 2583 3666 2658">
    <p class='ocr_par' dir='ltr' id='par_1_58' title="bbox 2162 2583 3666 2658">
     <span class='ocr_line' id='line_1_58' title="bbox 2162 2583 3666 2658; baseline -0.004 -16"><span class='ocrx_word' id='word_1_442' title='bbox 2162 2586 2443 2642; x_wconf 62' lang='grc' dir='ltr'>ἀλεπόλεσι</span> <span class='ocrx_word' id='word_1_443' title='bbox 2471 2586 2567 2641; x_wconf 74' lang='grc' dir='ltr'>καὶ</span> <span class='ocrx_word' id='word_1_444' title='bbox 2611 2589 2879 2658; x_wconf 83' lang='grc' dir='ltr'>μηχαναῖς</span> <span class='ocrx_word' id='word_1_445' title='bbox 2911 2585 3332 2656; x_wconf 74' lang='grc' dir='ltr'>καταδληθείσα.</span> <span class='ocrx_word' id='word_1_446' title='bbox 3358 2585 3535 2656; x_wconf 83' lang='grc' dir='ltr'>πτῶμα</span> <span class='ocrx_word' id='word_1_447' title='bbox 3561 2583 3666 2652; x_wconf 79' lang='grc' dir='ltr'>ὲξαί·</span> 
     </span>
    </p>
   </div>
   <div class='ocr_carea' id='block_1_59' title="bbox 2171 2675 3668 2750">
    <p class='ocr_par' dir='ltr' id='par_1_59' title="bbox 2171 2675 3668 2750">
     <span class='ocr_line' id='line_1_59' title="bbox 2171 2675 3668 2750; baseline -0.003 -16"><span class='ocrx_word' id='word_1_448' title='bbox 2171 2697 2284 2734; x_wconf 91' lang='grc' dir='ltr'>σιον</span> <span class='ocrx_word' id='word_1_449' title='bbox 2316 2679 2769 2741; x_wconf 83' lang='grc' dir='ltr'>καταπέπτωκεν.</span> <span class='ocrx_word' id='word_1_450' title='bbox 2798 2680 2880 2744; x_wconf 86' lang='grc' dir='ltr'><strong>είς</strong></span> <span class='ocrx_word' id='word_1_451' title='bbox 2905 2679 3029 2734; x_wconf 84' lang='grc' dir='ltr'>ὅσον</span> <span class='ocrx_word' id='word_1_452' title='bbox 3066 2678 3178 2732; x_wconf 84' lang='grc' dir='ltr'>οὐδ’</span> <span class='ocrx_word' id='word_1_453' title='bbox 3201 2679 3293 2732; x_wconf 68' lang='grc' dir='ltr'><strong>ἐπὶ</strong></span> <span class='ocrx_word' id='word_1_454' title='bbox 3321 2677 3444 2750; x_wconf 84' lang='grc' dir='ltr'>λίθῳ</span> <span class='ocrx_word' id='word_1_455' title='bbox 3463 2676 3585 2731; x_wconf 79' lang='grc' dir='ltr'>λίθον</span> <span class='ocrx_word' id='word_1_456' title='bbox 3596 2675 3668 2747; x_wconf 80' lang='grc' dir='ltr'>τῆς</span> 
     </span>
    </p>
   </div>
   <div class='ocr_carea' id='block_1_60' title="bbox 2166 2768 3668 2846">
    <p class='ocr_par' dir='ltr' id='par_1_60' title="bbox 2166 2768 3668 2846">
     <span class='ocr_line' id='line_1_60' title="bbox 2166 2768 3668 2846; baseline -0.005 -19"><span class='ocrx_word' id='word_1_457' title='bbox 2166 2773 2371 2846; x_wconf 82' lang='grc' dir='ltr'>ἀρετῆς</span> <span class='ocrx_word' id='word_1_458' title='bbox 2394 2773 2606 2826; x_wconf 78' lang='grc' dir='ltr'>ἑστῶτα</span> <span class='ocrx_word' id='word_1_459' title='bbox 2629 2772 2687 2825; x_wconf 82' lang='grc' dir='ltr'>ἐν</span> <span class='ocrx_word' id='word_1_460' title='bbox 2713 2772 2849 2842; x_wconf 79' lang='grc' dir='ltr'>αὐτῇ</span> <span class='ocrx_word' id='word_1_461' title='bbox 2874 2770 3170 2842; x_wconf 81' lang='grc' dir='ltr'>διαμεῖναι,</span> <span class='ocrx_word' id='word_1_462' title='bbox 3206 2770 3330 2842; x_wconf 80' lang='grc' dir='ltr'>ὃλην</span> <span class='ocrx_word' id='word_1_463' title='bbox 3347 2770 3402 2824; x_wconf 79' lang='grc' dir='ltr'>δὲ</span> <span class='ocrx_word' id='word_1_464' title='bbox 3427 2768 3572 2824; x_wconf 80' lang='grc' dir='ltr'>διόλου</span> <span class='ocrx_word' id='word_1_465' title='bbox 3594 2783 3668 2838; x_wconf 66' lang='grc' dir='ltr'>χαι</span> 
     </span>
    </p>
   </div>
   <div class='ocr_carea' id='block_1_61' title="bbox 2166 2858 3669 2939">
    <p class='ocr_par' dir='ltr' id='par_1_61' title="bbox 2166 2858 3669 2939">
     <span class='ocr_line' id='line_1_61' title="bbox 2166 2858 3669 2939; baseline -0.004 -20"><span class='ocrx_word' id='word_1_466' title='bbox 2166 2867 2272 2939; x_wconf 77' lang='grc' dir='ltr'>μαὶ</span> <span class='ocrx_word' id='word_1_467' title='bbox 2303 2865 2515 2921; x_wconf 86' lang='grc' dir='ltr'>κεῖσθαι</span> <span class='ocrx_word' id='word_1_468' title='bbox 2564 2865 2785 2939; x_wconf 81' lang='grc' dir='ltr'>νεκρὰν,</span> <span class='ocrx_word' id='word_1_469' title='bbox 2814 2864 2921 2918; x_wconf 88' lang='grc' dir='ltr'><strong>τῶν</strong></span> <span class='ocrx_word' id='word_1_470' title='bbox 2943 2864 3071 2937; x_wconf 76' lang='grc' dir='ltr'>περὶ</span> <span class='ocrx_word' id='word_1_471' title='bbox 3093 2863 3228 2919; x_wconf 86' lang='grc' dir='ltr'>Θεοῦ</span> <span class='ocrx_word' id='word_1_472' title='bbox 3257 2861 3484 2934; x_wconf 72' lang='grc' dir='ltr'>φυσικῶν</span> <span class='ocrx_word' id='word_1_473' title='bbox 3502 2858 3669 2915; x_wconf 72' lang='grc' dir='ltr'>ἐννοιῶν</span> 
     </span>
    </p>
   </div>
   <div class='ocr_carea' id='block_1_62' title="bbox 2170 2948 3669 3030">
    <p class='ocr_par' dir='ltr' id='par_1_62' title="bbox 2170 2948 3669 3030">
     <span class='ocr_line' id='line_1_62' title="bbox 2170 2948 3669 3030; baseline -0.007 -17"><span class='ocrx_word' id='word_1_474' title='bbox 2170 2958 2400 3030; x_wconf 82' lang='grc' dir='ltr'>πάμπαν</span> <span class='ocrx_word' id='word_1_475' title='bbox 2418 2959 2695 3029; x_wconf 86' lang='grc' dir='ltr'>ἁπεστερη</span> <span class='ocrx_word' id='word_1_476' title='bbox 2704 2956 2891 3027; x_wconf 79' lang='grc' dir='ltr'>μένην.</span> <span class='ocrx_word' id='word_1_477' title='bbox 2912 2955 3273 3010; x_wconf 80' lang='grc' dir='ltr'>Πεπτωκυίαν</span> <span class='ocrx_word' id='word_1_478' title='bbox 3296 2953 3358 3025; x_wconf 84' lang='grc' dir='ltr'>δὴ</span> <span class='ocrx_word' id='word_1_479' title='bbox 3380 2952 3555 3022; x_wconf 84' lang='grc' dir='ltr'>ταύτην</span> <span class='ocrx_word' id='word_1_480' title='bbox 3573 2948 3669 3004; x_wconf 71' lang='grc' dir='ltr'><strong>ἔχει</strong></span> 
     </span>
    </p>
   </div>
   <div class='ocr_carea' id='block_1_63' title="bbox 2166 3045 3668 3123">
    <p class='ocr_par' dir='ltr' id='par_1_63' title="bbox 2166 3045 3668 3123">
     <span class='ocr_line' id='line_1_63' title="bbox 2166 3045 3668 3123; baseline -0.004 -19"><span class='ocrx_word' id='word_1_481' title='bbox 2166 3067 2266 3123; x_wconf 79' lang='grc' dir='ltr'><strong>νην</strong></span> <span class='ocrx_word' id='word_1_482' title='bbox 2294 3049 2392 3123; x_wconf 77' lang='grc' dir='ltr'>τὴν</span> <span class='ocrx_word' id='word_1_483' title='bbox 2424 3051 2545 3104; x_wconf 83' lang='grc' dir='ltr'>κατ’</span> <span class='ocrx_word' id='word_1_484' title='bbox 2575 3049 2756 3103; x_wconf 79' lang='grc' dir='ltr'>εἰκόνα</span> <span class='ocrx_word' id='word_1_485' title='bbox 2781 3047 2915 3102; x_wconf 85' lang='grc' dir='ltr'>Θεοῦ</span> <span class='ocrx_word' id='word_1_486' title='bbox 2952 3047 3489 3111; x_wconf 81' lang='grc' dir='ltr'>κατασκευασθεῖσαν,</span> <span class='ocrx_word' id='word_1_487' title='bbox 3518 3045 3668 3116; x_wconf 63' lang='grc' dir='ltr'>ὲλυμήυ</span> 
     </span>
    </p>
   </div>
   <div class='ocr_carea' id='block_1_64' title="bbox 493 3135 2059 3218">
    <p class='ocr_par' dir='ltr' id='par_1_64' title="bbox 493 3146 2059 3218">
     <span class='ocr_line' id='line_1_64' title="bbox 493 3146 2059 3218; baseline 0.003 -18"><span class='ocrx_word' id='word_1_488' title='bbox 493 3162 617 3200; x_wconf 78' lang='lat' dir='ltr'><strong>rum</strong></span> <span class='ocrx_word' id='word_1_489' title='bbox 666 3147 956 3200; x_wconf 77' lang='lat' dir='ltr'><strong>verborum</strong></span> <span class='ocrx_word' id='word_1_490' title='bbox 1008 3146 1293 3199; x_wconf 78' lang='lat' dir='ltr'><strong>veritatem</strong></span> <span class='ocrx_word' id='word_1_491' title='bbox 1346 3146 1512 3201; x_wconf 82' lang='lat' dir='ltr'><strong>rebus</strong></span> <span class='ocrx_word' id='word_1_492' title='bbox 1569 3148 1700 3217; x_wconf 85' lang='lat' dir='ltr'><strong>ipsis</strong></span> <span class='ocrx_word' id='word_1_493' title='bbox 1742 3150 2059 3218; x_wconf 86' lang='lat' dir='ltr'><strong>completam</strong></span> 
     </span>
    </p>
   </div>
   <div class='ocr_carea' id='block_1_65' title="bbox 2161 3135 3666 3218">
    <p class='ocr_par' dir='ltr' id='par_1_65' title="bbox 2163 3135 3666 3215">
     <span class='ocr_line' id='line_1_65' title="bbox 2163 3135 3666 3215; baseline -0.005 -18"><span class='ocrx_word' id='word_1_494' title='bbox 2163 3160 2292 3197; x_wconf 85' lang='grc' dir='ltr'>νατο</span> <span class='ocrx_word' id='word_1_495' title='bbox 2312 3143 2418 3215; x_wconf 82' lang='grc' dir='ltr'>οὺχ</span> <span class='ocrx_word' id='word_1_496' title='bbox 2442 3135 2508 3209; x_wconf 76' lang='grc' dir='ltr'><strong>ῦς</strong></span> <span class='ocrx_word' id='word_1_497' title='bbox 2533 3135 2686 3207; x_wconf 72' lang='grc' dir='ltr'>οὗτος</span> <span class='ocrx_word' id='word_1_498' title='bbox 2709 3143 2739 3196; x_wconf 86' lang='grc' dir='ltr'>ὀ</span> <span class='ocrx_word' id='word_1_499' title='bbox 2766 3142 2830 3195; x_wconf 80' lang='grc' dir='ltr'>ὲκ</span> <span class='ocrx_word' id='word_1_500' title='bbox 2854 3141 3061 3213; x_wconf 84' lang='grc' dir='ltr'>δρυμοῦ</span> <span class='ocrx_word' id='word_1_501' title='bbox 3091 3140 3188 3195; x_wconf 85' lang='grc' dir='ltr'><strong>τοῦ</strong></span> <span class='ocrx_word' id='word_1_502' title='bbox 3214 3142 3338 3212; x_wconf 77' lang='grc' dir='ltr'>παρ’</span> <span class='ocrx_word' id='word_1_503' title='bbox 3357 3141 3477 3210; x_wconf 82' lang='grc' dir='ltr'>ἡμῖν</span> <span class='ocrx_word' id='word_1_504' title='bbox 3500 3136 3666 3210; x_wconf 77' lang='grc' dir='ltr'>ὁρατοῦ,</span> 
     </span>
    </p>
   </div>
   <div class='ocr_carea' id='block_1_66' title="bbox 494 3234 2062 3307">
    <p class='ocr_par' dir='ltr' id='par_1_66' title="bbox 494 3234 2062 3307">
     <span class='ocr_line' id='line_1_66' title="bbox 494 3234 2062 3307; baseline 0.003 -17"><span class='ocrx_word' id='word_1_505' title='bbox 494 3237 712 3291; x_wconf 80' lang='lat' dir='ltr'><strong>tandem</strong></span> <span class='ocrx_word' id='word_1_506' title='bbox 745 3236 1142 3305; x_wconf 83' lang='lat' dir='ltr'><strong>acciperemus.</strong></span> <span class='ocrx_word' id='word_1_507' title='bbox 1172 3234 1443 3300; x_wconf 82' lang='lat' dir='ltr'><strong>Quoniam</strong></span> <span class='ocrx_word' id='word_1_508' title='bbox 1473 3236 1638 3305; x_wconf 78' lang='lat' dir='ltr'><strong>igitur</strong></span> <span class='ocrx_word' id='word_1_509' title='bbox 1665 3253 1894 3307; x_wconf 90' lang='lat' dir='ltr'><strong>sponsus</strong></span> <span class='ocrx_word' id='word_1_510' title='bbox 1923 3240 2062 3294; x_wconf 81' lang='lat' dir='ltr'><strong>Ver-</strong></span> 
     </span>
    </p>
   </div>
   <div class='ocr_carea' id='block_1_67' title="bbox 491 3328 2065 3397">
    <p class='ocr_par' dir='ltr' id='par_1_67' title="bbox 491 3328 2065 3397">
     <span class='ocr_line' id='line_1_67' title="bbox 491 3328 2065 3397; baseline 0.004 -14"><span class='ocrx_word' id='word_1_511' title='bbox 491 3330 621 3383; x_wconf 88' lang='lat' dir='ltr'><strong>bum</strong></span> <span class='ocrx_word' id='word_1_512' title='bbox 657 3328 748 3384; x_wconf 89' lang='lat' dir='ltr'><strong>Dei</strong></span> <span class='ocrx_word' id='word_1_513' title='bbox 792 3330 905 3383; x_wconf 73' lang='lat' dir='ltr'><strong>bmc</strong></span> <span class='ocrx_word' id='word_1_514' title='bbox 934 3341 1149 3397; x_wconf 75' lang='lat' dir='ltr'><strong>sponsae</strong></span> <span class='ocrx_word' id='word_1_515' title='bbox 1179 3343 1311 3392; x_wconf 66' lang='lat' dir='ltr'><strong>suae,</strong></span> <span class='ocrx_word' id='word_1_516' title='bbox 1339 3340 1701 3387; x_wconf 79' lang='lat' dir='ltr'><strong>sacrosanctae</strong></span> <span class='ocrx_word' id='word_1_517' title='bbox 1726 3332 1933 3388; x_wconf 91' lang='lat' dir='ltr'><strong>scilicet</strong></span> <span class='ocrx_word' id='word_1_518' title='bbox 1963 3334 2065 3390; x_wconf 85' lang='lat' dir='ltr'><strong>Ee-</strong></span> 
     </span>
    </p>
   </div>
   <div class='ocr_carea' id='block_1_68' title="bbox 492 3421 2062 3492">
    <p class='ocr_par' dir='ltr' id='par_1_68' title="bbox 492 3421 2062 3492">
     <span class='ocr_line' id='line_1_68' title="bbox 492 3421 2062 3492; baseline 0.004 -18"><span class='ocrx_word' id='word_1_519' title='bbox 492 3421 697 3484; x_wconf 73' lang='lat' dir='ltr'><strong>clesize,</strong></span> <span class='ocrx_word' id='word_1_520' title='bbox 747 3421 1068 3491; x_wconf 83' lang='lat' dir='ltr'><strong>prolocutus</strong></span> <span class='ocrx_word' id='word_1_521' title='bbox 1110 3424 1308 3487; x_wconf 81' lang='lat' dir='ltr'><strong>fuerat,</strong></span> <span class='ocrx_word' id='word_1_522' title='bbox 1346 3430 1494 3475; x_wconf 89' lang='lat' dir='ltr'><strong>recte</strong></span> <span class='ocrx_word' id='word_1_523' title='bbox 1532 3432 1699 3492; x_wconf 87' lang='lat' dir='ltr'><strong>atque</strong></span> <span class='ocrx_word' id='word_1_524' title='bbox 1743 3425 1932 3481; x_wconf 87' lang='lat' dir='ltr'><strong>ordine</strong></span> <span class='ocrx_word' id='word_1_525' title='bbox 1964 3440 2062 3481; x_wconf 86' lang='lat' dir='ltr'><strong>no-</strong></span> 
     </span>
    </p>
   </div>
   <div class='ocr_carea' id='block_1_69' title="bbox 491 3512 2062 3583">
    <p class='ocr_par' dir='ltr' id='par_1_69' title="bbox 491 3512 2062 3583">
     <span class='ocr_line' id='line_1_69' title="bbox 491 3512 2062 3583; baseline 0.002 -16"><span class='ocrx_word' id='word_1_526' title='bbox 491 3522 608 3567; x_wconf 89' lang='lat' dir='ltr'><strong>ster</strong></span> <span class='ocrx_word' id='word_1_527' title='bbox 656 3512 758 3567; x_wconf 89' lang='lat' dir='ltr'><strong>iste</strong></span> <span class='ocrx_word' id='word_1_528' title='bbox 812 3528 1025 3583; x_wconf 70' lang='lat' dir='ltr'><strong>sponsae</strong></span> <span class='ocrx_word' id='word_1_529' title='bbox 1068 3513 1336 3579; x_wconf 88' lang='lat' dir='ltr'><strong>vcstitor,</strong></span> <span class='ocrx_word' id='word_1_530' title='bbox 1383 3513 1524 3567; x_wconf 89' lang='lat' dir='ltr'><strong>banc</strong></span> <span class='ocrx_word' id='word_1_531' title='bbox 1573 3516 1841 3569; x_wconf 84' lang='lat' dir='ltr'><strong>desertam</strong></span> <span class='ocrx_word' id='word_1_532' title='bbox 1877 3524 1932 3571; x_wconf 91' lang='lat' dir='ltr'><strong>et</strong></span> <span class='ocrx_word' id='word_1_533' title='bbox 1970 3532 2062 3570; x_wconf 82' lang='lat' dir='ltr'><strong>va-</strong></span> 
     </span>
    </p>
   </div>
   <div class='ocr_carea' id='block_1_70' title="bbox 488 3604 2062 3675">
    <p class='ocr_par' dir='ltr' id='par_1_70' title="bbox 488 3604 2062 3675">
     <span class='ocr_line' id='line_1_70' title="bbox 488 3604 2062 3675; baseline 0.001 -14"><span class='ocrx_word' id='word_1_534' title='bbox 488 3619 679 3669; x_wconf 86' lang='lat' dir='ltr'><strong>cuam,</strong></span> <span class='ocrx_word' id='word_1_535' title='bbox 715 3613 769 3659; x_wconf 89' lang='lat' dir='ltr'><strong>et</strong></span> <span class='ocrx_word' id='word_1_536' title='bbox 807 3612 1061 3675; x_wconf 86' lang='lat' dir='ltr'><strong>tauquam</strong></span> <span class='ocrx_word' id='word_1_537' title='bbox 1093 3606 1334 3661; x_wconf 80' lang='lat' dir='ltr'><strong>cadaver</strong></span> <span class='ocrx_word' id='word_1_538' title='bbox 1367 3604 1517 3659; x_wconf 89' lang='lat' dir='ltr'><strong>humi</strong></span> <span class='ocrx_word' id='word_1_539' title='bbox 1554 3606 1849 3673; x_wconf 78' lang='lat' dir='ltr'><strong>iacentem,</strong></span> <span class='ocrx_word' id='word_1_540' title='bbox 1888 3609 2062 3663; x_wconf 83' lang='lat' dir='ltr'><strong>omni-</strong></span> 
     </span>
    </p>
   </div>
   <div class='ocr_carea' id='block_1_71' title="bbox 489 3696 2060 3766">
    <p class='ocr_par' dir='ltr' id='par_1_71' title="bbox 489 3696 2060 3766">
     <span class='ocr_line' id='line_1_71' title="bbox 489 3696 2060 3766; baseline -0.001 -13"><span class='ocrx_word' id='word_1_541' title='bbox 489 3712 600 3766; x_wconf 85' lang='lat' dir='ltr'><strong>que</strong></span> <span class='ocrx_word' id='word_1_542' title='bbox 639 3697 876 3752; x_wconf 84' lang='lat' dir='ltr'><strong>humana</strong></span> <span class='ocrx_word' id='word_1_543' title='bbox 910 3711 1007 3765; x_wconf 88' lang='lat' dir='ltr'><strong>spe</strong></span> <span class='ocrx_word' id='word_1_544' title='bbox 1037 3696 1378 3761; x_wconf 85' lang='lat' dir='ltr'><strong>destitutam,</strong></span> <span class='ocrx_word' id='word_1_545' title='bbox 1411 3698 1787 3753; x_wconf 86' lang='lat' dir='ltr'><strong>communibus</strong></span> <span class='ocrx_word' id='word_1_546' title='bbox 1820 3700 2060 3754; x_wconf 88' lang='lat' dir='ltr'><strong>omnimu</strong></span> 
     </span>
    </p>
   </div>
   <div class='ocr_carea' id='block_1_72' title="bbox 489 3787 2058 3860">
    <p class='ocr_par' dir='ltr' id='par_1_72' title="bbox 489 3787 2058 3860">
     <span class='ocr_line' id='line_1_72' title="bbox 489 3787 2058 3860; baseline 0.004 -21"><span class='ocrx_word' id='word_1_547' title='bbox 489 3798 735 3843; x_wconf 68' lang='lat' dir='ltr'><strong>vestrum</strong></span> <span class='ocrx_word' id='word_1_548' title='bbox 796 3787 1080 3858; x_wconf 82' lang='lat' dir='ltr'><strong>precibus,</strong></span> <span class='ocrx_word' id='word_1_549' title='bbox 1130 3802 1330 3843; x_wconf 80' lang='lat' dir='ltr'><strong>manus</strong></span> <span class='ocrx_word' id='word_1_550' title='bbox 1380 3789 1428 3844; x_wconf 88' lang='lat' dir='ltr'><strong>ei</strong></span> <span class='ocrx_word' id='word_1_551' title='bbox 1485 3797 1695 3845; x_wconf 90' lang='lat' dir='ltr'><strong>vestras</strong></span> <span class='ocrx_word' id='word_1_552' title='bbox 1739 3790 2058 3860; x_wconf 83' lang='lat' dir='ltr'><strong>porrigens,</strong></span> 
     </span>
    </p>
   </div>
   <div class='ocr_carea' id='block_1_73' title="bbox 490 3879 2059 3950">
    <p class='ocr_par' dir='ltr' id='par_1_73' title="bbox 490 3879 2059 3950">
     <span class='ocr_line' id='line_1_73' title="bbox 490 3879 2059 3950; baseline -0.001 -14"><span class='ocrx_word' id='word_1_553' title='bbox 490 3880 588 3936; x_wconf 90' lang='lat' dir='ltr'><strong>Dei</strong></span> <span class='ocrx_word' id='word_1_554' title='bbox 623 3880 823 3935; x_wconf 90' lang='lat' dir='ltr'><strong>summi</strong></span> <span class='ocrx_word' id='word_1_555' title='bbox 871 3879 1113 3933; x_wconf 89' lang='lat' dir='ltr'><strong>omnium</strong></span> <span class='ocrx_word' id='word_1_556' title='bbox 1144 3879 1309 3948; x_wconf 66' lang='lat' dir='ltr'><strong>Regis</strong></span> <span class='ocrx_word' id='word_1_557' title='bbox 1337 3889 1496 3946; x_wconf 87' lang='lat' dir='ltr'><strong>nutu,</strong></span> <span class='ocrx_word' id='word_1_558' title='bbox 1537 3888 1595 3934; x_wconf 89' lang='lat' dir='ltr'><strong>et</strong></span> <span class='ocrx_word' id='word_1_559' title='bbox 1639 3882 1887 3950; x_wconf 79' lang='lat' dir='ltr'><strong>praesenti</strong></span> <span class='ocrx_word' id='word_1_560' title='bbox 1935 3881 2059 3936; x_wconf 82' lang='lat' dir='ltr'><strong>Jesu</strong></span> 
     </span>
    </p>
   </div>
   <div class='ocr_carea' id='block_1_74' title="bbox 480 3970 2059 4043">
    <p class='ocr_par' dir='ltr' id='par_1_74' title="bbox 480 3970 2059 4043">
     <span class='ocr_line' id='line_1_74' title="bbox 480 3970 2059 4043; baseline 0 -17"><span class='ocrx_word' id='word_1_561' title='bbox 480 3970 695 4026; x_wconf 74' lang='lat' dir='ltr'><strong>Christi</strong></span> <span class='ocrx_word' id='word_1_562' title='bbox 733 3971 974 4040; x_wconf 90' lang='lat' dir='ltr'><strong>potentia</strong></span> <span class='ocrx_word' id='word_1_563' title='bbox 1016 3972 1199 4026; x_wconf 83' lang='lat' dir='ltr'><strong>erein</strong></span> <span class='ocrx_word' id='word_1_564' title='bbox 1244 3978 1409 4043; x_wconf 75' lang='lat' dir='ltr'><strong>at‘qne</strong></span> <span class='ocrx_word' id='word_1_565' title='bbox 1438 3973 1717 4027; x_wconf 79' lang='lat' dir='ltr'><strong>excitavit.</strong></span> <span class='ocrx_word' id='word_1_566' title='bbox 1759 3972 2059 4028; x_wconf 82' lang='lat' dir='ltr'><strong>Excitatam</strong></span> 
     </span>
    </p>
   </div>
   <div class='ocr_carea' id='block_1_75' title="bbox 488 4063 2058 4135">
    <p class='ocr_par' dir='ltr' id='par_1_75' title="bbox 488 4063 2058 4135">
     <span class='ocr_line' id='line_1_75' title="bbox 488 4063 2058 4135; baseline 0.001 -18"><span class='ocrx_word' id='word_1_567' title='bbox 488 4078 623 4118; x_wconf 74' lang='lat' dir='ltr'><strong>vero</strong></span> <span class='ocrx_word' id='word_1_568' title='bbox 656 4063 722 4117; x_wconf 80' lang='lat' dir='ltr'><strong>ad</strong></span> <span class='ocrx_word' id='word_1_569' title='bbox 770 4078 892 4116; x_wconf 91' lang='lat' dir='ltr'><strong>eum</strong></span> <span class='ocrx_word' id='word_1_570' title='bbox 928 4063 1145 4117; x_wconf 81' lang='lat' dir='ltr'><strong>modum</strong></span> <span class='ocrx_word' id='word_1_571' title='bbox 1178 4064 1464 4119; x_wconf 89' lang='lat' dir='ltr'><strong>constituit</strong></span> <span class='ocrx_word' id='word_1_572' title='bbox 1491 4078 1556 4118; x_wconf 86' lang='lat' dir='ltr'><strong>ac</strong></span> <span class='ocrx_word' id='word_1_573' title='bbox 1586 4065 1873 4135; x_wconf 84' lang='lat' dir='ltr'><strong>disposuit,</strong></span> <span class='ocrx_word' id='word_1_574' title='bbox 1899 4079 2058 4134; x_wconf 88' lang='lat' dir='ltr'><strong>quem</strong></span> 
     </span>
    </p>
   </div>
   <div class='ocr_carea' id='block_1_76' title="bbox 487 4155 2058 4226">
    <p class='ocr_par' dir='ltr' id='par_1_76' title="bbox 487 4155 2058 4226">
     <span class='ocr_line' id='line_1_76' title="bbox 487 4155 2058 4226; baseline 0.001 -18"><span class='ocrx_word' id='word_1_575' title='bbox 487 4170 557 4209; x_wconf 83' lang='lat' dir='ltr'><strong>ex</strong></span> <span class='ocrx_word' id='word_1_576' title='bbox 611 4170 888 4210; x_wconf 81' lang='lat' dir='ltr'><strong>sacrorum</strong></span> <span class='ocrx_word' id='word_1_577' title='bbox 942 4155 1289 4210; x_wconf 84' lang='lat' dir='ltr'><strong>oraculorum</strong></span> <span class='ocrx_word' id='word_1_578' title='bbox 1353 4155 1723 4226; x_wconf 87' lang='lat' dir='ltr'><strong>descriptione</strong></span> <span class='ocrx_word' id='word_1_579' title='bbox 1769 4156 2058 4212; x_wconf 84' lang='lat' dir='ltr'><strong>didicerat.</strong></span> 
     </span>
    </p>
   </div>
   <div class='ocr_carea' id='block_1_77' title="bbox 486 4244 2062 4315">
    <p class='ocr_par' dir='ltr' id='par_1_77' title="bbox 486 4244 2062 4315">
     <span class='ocr_line' id='line_1_77' title="bbox 486 4244 2062 4315; baseline -0.001 -14"><span class='ocrx_word' id='word_1_580' title='bbox 486 4247 591 4301; x_wconf 69' lang='lat' dir='ltr'><strong>Est</strong></span> <span class='ocrx_word' id='word_1_581' title='bbox 638 4244 852 4315; x_wconf 80' lang='lat' dir='ltr'><strong>quidem</strong></span> <span class='ocrx_word' id='word_1_582' title='bbox 898 4245 1002 4300; x_wconf 89' lang='lat' dir='ltr'><strong>boe</strong></span> <span class='ocrx_word' id='word_1_583' title='bbox 1046 4260 1184 4315; x_wconf 89' lang='lat' dir='ltr'><strong>opus</strong></span> <span class='ocrx_word' id='word_1_584' title='bbox 1224 4244 1569 4314; x_wconf 87' lang='lat' dir='ltr'><strong>miraculum,</strong></span> <span class='ocrx_word' id='word_1_585' title='bbox 1607 4258 1661 4302; x_wconf 90' lang='lat' dir='ltr'><strong>et</strong></span> <span class='ocrx_word' id='word_1_586' title='bbox 1696 4247 1843 4301; x_wconf 86' lang='lat' dir='ltr'><strong>omni</strong></span> <span class='ocrx_word' id='word_1_587' title='bbox 1887 4247 2062 4301; x_wconf 84' lang='lat' dir='ltr'><strong>admi-</strong></span> 
     </span>
    </p>
   </div>
   <div class='ocr_carea' id='block_1_78' title="bbox 492 4335 2059 4407">
    <p class='ocr_par' dir='ltr' id='par_1_78' title="bbox 492 4335 2059 4407">
     <span class='ocr_line' id='line_1_78' title="bbox 492 4335 2059 4407; baseline 0.002 -18"><span class='ocrx_word' id='word_1_588' title='bbox 492 4338 705 4397; x_wconf 79' lang='lat' dir='ltr'><strong>ratione</strong></span> <span class='ocrx_word' id='word_1_589' title='bbox 741 4335 937 4403; x_wconf 73' lang='lat' dir='ltr'><strong>majus,</strong></span> <span class='ocrx_word' id='word_1_590' title='bbox 978 4336 1050 4392; x_wconf 79' lang='lat' dir='ltr'><strong>iis</strong></span> <span class='ocrx_word' id='word_1_591' title='bbox 1076 4338 1380 4407; x_wconf 73' lang='lat' dir='ltr'><strong>praesertim</strong></span> <span class='ocrx_word' id='word_1_592' title='bbox 1410 4338 1501 4407; x_wconf 89' lang='lat' dir='ltr'><strong>qui</strong></span> <span class='ocrx_word' id='word_1_593' title='bbox 1544 4339 1612 4392; x_wconf 88' lang='lat' dir='ltr'><strong>ad</strong></span> <span class='ocrx_word' id='word_1_594' title='bbox 1652 4339 1823 4394; x_wconf 87' lang='lat' dir='ltr'><strong>solam</strong></span> <span class='ocrx_word' id='word_1_595' title='bbox 1874 4355 2059 4394; x_wconf 89' lang='lat' dir='ltr'><strong>rerum</strong></span> 
     </span>
    </p>
   </div>
   <div class='ocr_carea' id='block_1_79' title="bbox 2156 3230 3668 3305">
    <p class='ocr_par' dir='ltr' id='par_1_79' title="bbox 2156 3230 3668 3305">
     <span class='ocr_line' id='line_1_79' title="bbox 2156 3230 3668 3305; baseline -0.005 -17"><span class='ocrx_word' id='word_1_596' title='bbox 2156 3233 2301 3288; x_wconf 77' lang='grc' dir='ltr'>ἀλλά</span> <span class='ocrx_word' id='word_1_597' title='bbox 2332 3250 2417 3297; x_wconf 86' lang='grc' dir='ltr'><strong>τις</strong></span> <span class='ocrx_word' id='word_1_598' title='bbox 2445 3233 2766 3305; x_wconf 84' lang='grc' dir='ltr'>φθοροποιὺς</span> <span class='ocrx_word' id='word_1_599' title='bbox 2789 3232 3028 3303; x_wconf 86' lang='grc' dir='ltr'>δαίμων,</span> <span class='ocrx_word' id='word_1_600' title='bbox 3073 3231 3171 3285; x_wconf 81' lang='grc' dir='ltr'>καὶ</span> <span class='ocrx_word' id='word_1_601' title='bbox 3210 3230 3370 3302; x_wconf 80' lang='grc' dir='ltr'>θῆρες</span> <span class='ocrx_word' id='word_1_602' title='bbox 3395 3230 3551 3302; x_wconf 79' lang='grc' dir='ltr'>ἄγριοι</span> <span class='ocrx_word' id='word_1_603' title='bbox 3581 3244 3668 3296; x_wconf 79' lang='grc' dir='ltr'>νοη-</span> 
     </span>
    </p>
   </div>
   <div class='ocr_carea' id='block_1_80' title="bbox 2161 3318 3669 3395">
    <p class='ocr_par' dir='ltr' id='par_1_80' title="bbox 2161 3318 3669 3395">
     <span class='ocr_line' id='line_1_80' title="bbox 2161 3318 3669 3395; baseline -0.004 -16"><span class='ocrx_word' id='word_1_604' title='bbox 2161 3326 2283 3379; x_wconf 83' lang='grc' dir='ltr'>τοί·</span> <span class='ocrx_word' id='word_1_605' title='bbox 2327 3325 2377 3379; x_wconf 83' lang='grc' dir='ltr'>οἳ</span> <span class='ocrx_word' id='word_1_606' title='bbox 2415 3324 2511 3380; x_wconf 79' lang='grc' dir='ltr'>καὶ</span> <span class='ocrx_word' id='word_1_607' title='bbox 2542 3327 2656 3389; x_wconf 87' lang='grc' dir='ltr'>τοῖς</span> <span class='ocrx_word' id='word_1_608' title='bbox 2696 3323 2924 3378; x_wconf 84' lang='grc' dir='ltr'>πάθεσιν</span> <span class='ocrx_word' id='word_1_609' title='bbox 2960 3318 3050 3379; x_wconf 79' lang='grc' dir='ltr'>οἷα</span> <span class='ocrx_word' id='word_1_610' title='bbox 3091 3322 3575 3395; x_wconf 82' lang='grc' dir='ltr'>πεπυρακτωμένοις</span> <span class='ocrx_word' id='word_1_611' title='bbox 3597 3318 3669 3388; x_wconf 81' lang='grc' dir='ltr'>τῆς</span> 
     </span>
    </p>
   </div>
   <div class='ocr_carea' id='block_1_81' title="bbox 2164 3411 3669 3488">
    <p class='ocr_par' dir='ltr' id='par_1_81' title="bbox 2164 3411 3669 3488">
     <span class='ocr_line' id='line_1_81' title="bbox 2164 3411 3669 3488; baseline -0.003 -16"><span class='ocrx_word' id='word_1_612' title='bbox 2164 3417 2313 3487; x_wconf 88' lang='grc' dir='ltr'>σφῶν</span> <span class='ocrx_word' id='word_1_613' title='bbox 2341 3418 2539 3482; x_wconf 82' lang='grc' dir='ltr'>κακίας</span> <span class='ocrx_word' id='word_1_614' title='bbox 2567 3417 2778 3488; x_wconf 81' lang='grc' dir='ltr'>βέλεσιν</span> <span class='ocrx_word' id='word_1_615' title='bbox 2800 3416 2912 3486; x_wconf 70' lang='grc'><strong>(54)</strong></span> <span class='ocrx_word' id='word_1_616' title='bbox 2937 3417 3107 3488; x_wconf 76' lang='grc' dir='ltr'>αὐτὴν</span> <span class='ocrx_word' id='word_1_617' title='bbox 3133 3415 3505 3486; x_wconf 76' lang='grc' dir='ltr'>ὲξυφάψαντες.</span> <span class='ocrx_word' id='word_1_618' title='bbox 3526 3411 3669 3468; x_wconf 73' lang='grc' dir='ltr'><strong>ἐνεπύ-</strong></span> 
     </span>
    </p>
   </div>
   <div class='ocr_carea' id='block_1_82' title="bbox 2167 3503 3670 3582">
    <p class='ocr_par' dir='ltr' id='par_1_82' title="bbox 2167 3503 3670 3582">
     <span class='ocr_line' id='line_1_82' title="bbox 2167 3503 3670 3582; baseline -0.002 -19"><span class='ocrx_word' id='word_1_619' title='bbox 2167 3526 2322 3582; x_wconf 85' lang='grc' dir='ltr'>ρισαν</span> <span class='ocrx_word' id='word_1_620' title='bbox 2362 3513 2421 3563; x_wconf 85' lang='grc' dir='ltr'>ὲν</span> <span class='ocrx_word' id='word_1_621' title='bbox 2465 3510 2600 3581; x_wconf 79' lang='grc' dir='ltr'>πυρὶ</span> <span class='ocrx_word' id='word_1_622' title='bbox 2631 3509 2693 3563; x_wconf 82' lang='grc' dir='ltr'>τὸ</span> <span class='ocrx_word' id='word_1_623' title='bbox 2717 3509 2860 3563; x_wconf 88' lang='grc' dir='ltr'>θεῖον</span> <span class='ocrx_word' id='word_1_624' title='bbox 2887 3509 3055 3572; x_wconf 79' lang='grc' dir='ltr'>ὅντως</span> <span class='ocrx_word' id='word_1_625' title='bbox 3081 3510 3427 3582; x_wconf 80' lang='grc' dir='ltr'>άγιαστήριον</span> <span class='ocrx_word' id='word_1_626' title='bbox 3450 3507 3531 3561; x_wconf 82' lang='grc' dir='ltr'><strong>τοῦ</strong></span> <span class='ocrx_word' id='word_1_627' title='bbox 3552 3503 3670 3566; x_wconf 78' lang='grc' dir='ltr'>Θεοῦ,</span> 
     </span>
    </p>
   </div>
   <div class='ocr_carea' id='block_1_83' title="bbox 2163 3598 3671 3674">
    <p class='ocr_par' dir='ltr' id='par_1_83' title="bbox 2163 3598 3671 3674">
     <span class='ocr_line' id='line_1_83' title="bbox 2163 3598 3671 3674; baseline -0.003 -18"><span class='ocrx_word' id='word_1_628' title='bbox 2163 3605 2245 3666; x_wconf 87' lang='grc' dir='ltr'><strong>εἰς</strong></span> <span class='ocrx_word' id='word_1_629' title='bbox 2270 3602 2367 3674; x_wconf 81' lang='grc' dir='ltr'>τὴν</span> <span class='ocrx_word' id='word_1_630' title='bbox 2389 3602 2494 3674; x_wconf 82' lang='grc' dir='ltr'>γῆν</span> <span class='ocrx_word' id='word_1_631' title='bbox 2518 3618 2577 3655; x_wconf 86' lang='grc' dir='ltr'><strong>τε</strong></span> <span class='ocrx_word' id='word_1_632' title='bbox 2603 3601 2945 3674; x_wconf 78' lang='grc' dir='ltr'>ὲσεῦήλωσαν</span> <span class='ocrx_word' id='word_1_633' title='bbox 2974 3601 3034 3655; x_wconf 79' lang='grc' dir='ltr'><strong>τὸ</strong></span> <span class='ocrx_word' id='word_1_634' title='bbox 3061 3603 3325 3674; x_wconf 85' lang='grc' dir='ltr'>σκήνωμα</span> <span class='ocrx_word' id='word_1_635' title='bbox 3354 3598 3441 3655; x_wconf 81' lang='grc' dir='ltr'><strong>τοῦ</strong></span> <span class='ocrx_word' id='word_1_636' title='bbox 3467 3599 3671 3670; x_wconf 76' lang='grc' dir='ltr'>ὀνόματος</span> 
     </span>
    </p>
   </div>
   <div class='ocr_carea' id='block_1_84' title="bbox 2161 3690 3670 3766">
    <p class='ocr_par' dir='ltr' id='par_1_84' title="bbox 2161 3690 3670 3766">
     <span class='ocr_line' id='line_1_84' title="bbox 2161 3690 3670 3766; baseline -0.003 -18"><span class='ocrx_word' id='word_1_637' title='bbox 2161 3694 2354 3748; x_wconf 73' lang='grc' dir='ltr'>αὐτοῦ·</span> <span class='ocrx_word' id='word_1_638' title='bbox 2388 3690 2507 3748; x_wconf 69' lang='grc' dir='ltr'>εἶτα</span> <span class='ocrx_word' id='word_1_639' title='bbox 2540 3692 2720 3764; x_wconf 83' lang='grc' dir='ltr'>πολλῴ</span> <span class='ocrx_word' id='word_1_640' title='bbox 2747 3693 2826 3764; x_wconf 82' lang='grc' dir='ltr'><strong>τῷ</strong></span> <span class='ocrx_word' id='word_1_641' title='bbox 2851 3693 3210 3766; x_wconf 77' lang='grc' dir='ltr'>προσχώματι</span> <span class='ocrx_word' id='word_1_642' title='bbox 3251 3693 3349 3765; x_wconf 85' lang='grc' dir='ltr'>τῆν</span> <span class='ocrx_word' id='word_1_643' title='bbox 3384 3691 3549 3746; x_wconf 83' lang='grc' dir='ltr'>ἀθλίαν</span> <span class='ocrx_word' id='word_1_644' title='bbox 3576 3704 3670 3744; x_wconf 78' lang='grc' dir='ltr'>κατ·</span> 
     </span>
    </p>
   </div>
   <div class='ocr_carea' id='block_1_85' title="bbox 2162 3785 3670 3863">
    <p class='ocr_par' dir='ltr' id='par_1_85' title="bbox 2162 3785 3670 3863">
     <span class='ocr_line' id='line_1_85' title="bbox 2162 3785 3670 3863; baseline -0.003 -23"><span class='ocrx_word' id='word_1_645' title='bbox 2162 3786 2481 3863; x_wconf 75' lang='grc' dir='ltr'>ορῠξαντες,</span> <span class='ocrx_word' id='word_1_646' title='bbox 2505 3788 2584 3851; x_wconf 79' lang='grc' dir='ltr'><strong>είς</strong></span> <span class='ocrx_word' id='word_1_647' title='bbox 2613 3785 2932 3841; x_wconf 78' lang='grc' dir='ltr'>ἀνέλπιστον</span> <span class='ocrx_word' id='word_1_648' title='bbox 2960 3786 3141 3857; x_wconf 80' lang='grc' dir='ltr'>πάσης</span> <span class='ocrx_word' id='word_1_649' title='bbox 3168 3785 3510 3860; x_wconf 77' lang='grc' dir='ltr'>περιέτρεψαν</span> <span class='ocrx_word' id='word_1_650' title='bbox 3538 3796 3670 3850; x_wconf 77' lang='grc' dir='ltr'>σωτη-</span> 
     </span>
    </p>
   </div>
   <div class='ocr_carea' id='block_1_86' title="bbox 2164 3872 3671 3951">
    <p class='ocr_par' dir='ltr' id='par_1_86' title="bbox 2164 3872 3671 3951">
     <span class='ocr_line' id='line_1_86' title="bbox 2164 3872 3671 3951; baseline 0.003 -18"><span class='ocrx_word' id='word_1_651' title='bbox 2164 3878 2307 3951; x_wconf 87' lang='grc' dir='ltr'>ρίας.</span> <span class='ocrx_word' id='word_1_652' title='bbox 2345 3878 2483 3933; x_wconf 76' lang='grc' dir='ltr'>Ἀλλ’</span> <span class='ocrx_word' id='word_1_653' title='bbox 2515 3880 2608 3948; x_wconf 84' lang='grc' dir='ltr'>ὅγε</span> <span class='ocrx_word' id='word_1_654' title='bbox 2637 3877 2888 3950; x_wconf 84' lang='grc' dir='ltr'>κηδεμὼν</span> <span class='ocrx_word' id='word_1_655' title='bbox 2919 3878 3091 3950; x_wconf 75' lang='grc' dir='ltr'>αὐτῆς</span> <span class='ocrx_word' id='word_1_656' title='bbox 3120 3880 3293 3951; x_wconf 82' lang='grc' dir='ltr'>Λόγος</span> <span class='ocrx_word' id='word_1_657' title='bbox 3311 3918 3326 3945; x_wconf 86' lang='grc'><strong>,</strong></span> <span class='ocrx_word' id='word_1_658' title='bbox 3364 3881 3393 3933; x_wconf 87' lang='grc' dir='ltr'>ὁ</span> <span class='ocrx_word' id='word_1_659' title='bbox 3429 3872 3671 3947; x_wconf 74' lang='grc' dir='ltr'>θεοφεγγὴς</span> 
     </span>
    </p>
   </div>
   <div class='ocr_carea' id='block_1_87' title="bbox 2160 3965 3670 4044">
    <p class='ocr_par' dir='ltr' id='par_1_87' title="bbox 2160 3965 3670 4044">
     <span class='ocr_line' id='line_1_87' title="bbox 2160 3965 3670 4044; baseline 0 -20"><span class='ocrx_word' id='word_1_660' title='bbox 2160 3971 2259 4025; x_wconf 73' lang='grc' dir='ltr'>καὶ</span> <span class='ocrx_word' id='word_1_661' title='bbox 2287 3972 2573 4043; x_wconf 80' lang='grc' dir='ltr'>σωτήριος,</span> <span class='ocrx_word' id='word_1_662' title='bbox 2603 3971 2702 4042; x_wconf 80' lang='grc' dir='ltr'>τὴν</span> <span class='ocrx_word' id='word_1_663' title='bbox 2732 3970 2851 4025; x_wconf 84' lang='grc' dir='ltr'>κατ’</span> <span class='ocrx_word' id='word_1_664' title='bbox 2884 3971 3043 4038; x_wconf 83' lang='grc' dir='ltr'>ἀξίαν</span> <span class='ocrx_word' id='word_1_665' title='bbox 3086 3971 3245 4044; x_wconf 76' lang='grc' dir='ltr'>δίκην</span> <span class='ocrx_word' id='word_1_666' title='bbox 3274 3973 3380 4027; x_wconf 89' lang='grc' dir='ltr'><strong>τῶν</strong></span> <span class='ocrx_word' id='word_1_667' title='bbox 3403 3965 3670 4043; x_wconf 77' lang='grc' dir='ltr'>ἁμαρτημά-</span> 
     </span>
    </p>
   </div>
   <div class='ocr_carea' id='block_1_88' title="bbox 2160 4058 3670 4137">
    <p class='ocr_par' dir='ltr' id='par_1_88' title="bbox 2160 4058 3670 4137">
     <span class='ocr_line' id='line_1_88' title="bbox 2160 4058 3670 4137; baseline -0.003 -21"><span class='ocrx_word' id='word_1_668' title='bbox 2160 4079 2270 4117; x_wconf 85' lang='grc' dir='ltr'><strong>των</strong></span> <span class='ocrx_word' id='word_1_669' title='bbox 2299 4062 2661 4133; x_wconf 78' lang='grc' dir='ltr'>ὖποσχοῦσαν,</span> <span class='ocrx_word' id='word_1_670' title='bbox 2697 4058 2851 4127; x_wconf 81' lang='grc' dir='ltr'>αὖθις</span> <span class='ocrx_word' id='word_1_671' title='bbox 2882 4062 3198 4137; x_wconf 79' lang='grc' dir='ltr'>ὲξυπαρχῆς</span> <span class='ocrx_word' id='word_1_672' title='bbox 3229 4062 3561 4136; x_wconf 79' lang='grc' dir='ltr'>ἀνελάμϐανε,</span> <span class='ocrx_word' id='word_1_673' title='bbox 3588 4058 3670 4113; x_wconf 80' lang='grc' dir='ltr'><strong>Πα-</strong></span> 
     </span>
    </p>
   </div>
   <div class='ocr_carea' id='block_1_89' title="bbox 2160 4147 3670 4228">
    <p class='ocr_par' dir='ltr' id='par_1_89' title="bbox 2160 4147 3670 4228">
     <span class='ocr_line' id='line_1_89' title="bbox 2160 4147 3670 4228; baseline -0.003 -21"><span class='ocrx_word' id='word_1_674' title='bbox 2160 4154 2289 4226; x_wconf 79' lang='grc' dir='ltr'>τρὸς</span> <span class='ocrx_word' id='word_1_675' title='bbox 2320 4153 2633 4224; x_wconf 86' lang='grc' dir='ltr'>παναγάθου</span> <span class='ocrx_word' id='word_1_676' title='bbox 2664 4153 3041 4228; x_wconf 70' lang='grc' dir='ltr'>φιλανθρωπίᾳ</span> <span class='ocrx_word' id='word_1_677' title='bbox 3084 4155 3418 4227; x_wconf 81' lang='grc' dir='ltr'>πειθόμενος.</span> <span class='ocrx_word' id='word_1_678' title='bbox 3455 4151 3603 4213; x_wconf 81' lang='grc' dir='ltr'><strong>Δύτάς</strong></span> <span class='ocrx_word' id='word_1_679' title='bbox 3623 4147 3670 4218; x_wconf 79' lang='grc' dir='ltr'><strong>δὴ</strong></span> 
     </span>
    </p>
   </div>
   <div class='ocr_carea' id='block_1_90' title="bbox 2160 4241 3669 4320">
    <p class='ocr_par' dir='ltr' id='par_1_90' title="bbox 2160 4241 3669 4320">
     <span class='ocr_line' id='line_1_90' title="bbox 2160 4241 3669 4320; baseline 0.003 -21"><span class='ocrx_word' id='word_1_680' title='bbox 2160 4242 2253 4300; x_wconf 80' lang='grc' dir='ltr'>οὖν</span> <span class='ocrx_word' id='word_1_681' title='bbox 2284 4246 2505 4320; x_wconf 80' lang='grc' dir='ltr'>πρώτας</span> <span class='ocrx_word' id='word_1_682' title='bbox 2549 4247 2647 4312; x_wconf 84' lang='grc' dir='ltr'><strong>τὰς</strong></span> <span class='ocrx_word' id='word_1_683' title='bbox 2680 4247 2790 4302; x_wconf 84' lang='grc' dir='ltr'><strong>τῶν</strong></span> <span class='ocrx_word' id='word_1_684' title='bbox 2832 4248 3092 4303; x_wconf 86' lang='grc' dir='ltr'>ἀνωτάτω</span> <span class='ocrx_word' id='word_1_685' title='bbox 3125 4248 3503 4320; x_wconf 81' lang='grc' dir='ltr'>βασιλευόντων</span> <span class='ocrx_word' id='word_1_686' title='bbox 3535 4241 3669 4316; x_wconf 69' lang='grc' dir='ltr'>ψυχὰς</span> 
     </span>
    </p>
   </div>
   <div class='ocr_carea' id='block_1_91' title="bbox 2164 4335 3671 4413">
    <p class='ocr_par' dir='ltr' id='par_1_91' title="bbox 2164 4335 3671 4413">
     <span class='ocr_line' id='line_1_91' title="bbox 2164 4335 3671 4413; baseline -0.001 -21"><span class='ocrx_word' id='word_1_687' title='bbox 2164 4338 2518 4410; x_wconf 85' lang='grc' dir='ltr'>προελόμενος</span> <span class='ocrx_word' id='word_1_688' title='bbox 2537 4379 2552 4404; x_wconf 93' lang='grc'><strong>,</strong></span> <span class='ocrx_word' id='word_1_689' title='bbox 2595 4339 2704 4394; x_wconf 90' lang='grc' dir='ltr'><strong>τῶν</strong></span> <span class='ocrx_word' id='word_1_690' title='bbox 2745 4341 2844 4413; x_wconf 79' lang='grc' dir='ltr'>μὲν</span> <span class='ocrx_word' id='word_1_691' title='bbox 2880 4340 3156 4396; x_wconf 78' lang='grc' dir='ltr'>δυσσεσῶν</span> <span class='ocrx_word' id='word_1_692' title='bbox 3182 4344 3278 4398; x_wconf 77' lang='grc' dir='ltr'>καὶ</span> <span class='ocrx_word' id='word_1_693' title='bbox 3308 4340 3541 4413; x_wconf 84' lang='grc' dir='ltr'>ὀλεθρίων</span> <span class='ocrx_word' id='word_1_694' title='bbox 3569 4335 3671 4391; x_wconf 80' lang='grc' dir='ltr'>πάν·</span> 
     </span>
    </p>
   </div>
   <div class='ocr_carea' id='block_1_92' title="bbox 482 4428 2059 4507">
    <p class='ocr_par' dir='ltr' id='par_1_92' title="bbox 482 4428 2057 4498">
     <span class='ocr_line' id='line_1_92' title="bbox 482 4428 2057 4498; baseline -0.001 -14"><span class='ocrx_word' id='word_1_695' title='bbox 482 4430 820 4485; x_wconf 80' lang='lat' dir='ltr'><strong>&#39;exteriorum</strong></span> <span class='ocrx_word' id='word_1_696' title='bbox 868 4428 1105 4498; x_wconf 84' lang='lat' dir='ltr'><strong>speciem</strong></span> <span class='ocrx_word' id='word_1_697' title='bbox 1140 4430 1447 4484; x_wconf 88' lang='lat' dir='ltr'><strong>attendunt.</strong></span> <span class='ocrx_word' id='word_1_698' title='bbox 1488 4428 1754 4485; x_wconf 85' lang='lat' dir='ltr'><strong>Omnibus</strong></span> <span class='ocrx_word' id='word_1_699' title='bbox 1792 4445 1921 4486; x_wconf 89' lang='lat' dir='ltr'><strong>vero</strong></span> <span class='ocrx_word' id='word_1_700' title='bbox 1950 4430 2057 4486; x_wconf 84' lang='lat' dir='ltr'><strong>mi-</strong></span> 
     </span>
    </p>
   </div>
   <div class='ocr_carea' id='block_1_93' title="bbox 2161 4428 3668 4507">
    <p class='ocr_par' dir='ltr' id='par_1_93' title="bbox 2161 4428 3668 4505">
     <span class='ocr_line' id='line_1_93' title="bbox 2161 4428 3668 4505; baseline 0.003 -24"><span class='ocrx_word' id='word_1_701' title='bbox 2161 4445 2269 4482; x_wconf 87' lang='grc' dir='ltr'><strong>των</strong></span> <span class='ocrx_word' id='word_1_702' title='bbox 2293 4469 2308 4493; x_wconf 94' lang='grc'><strong>,</strong></span> <span class='ocrx_word' id='word_1_703' title='bbox 2339 4429 2519 4483; x_wconf 78' lang='grc' dir='ltr'>αὐτῶν</span> <span class='ocrx_word' id='word_1_704' title='bbox 2546 4446 2606 4483; x_wconf 87' lang='grc' dir='ltr'><strong>τε</strong></span> <span class='ocrx_word' id='word_1_705' title='bbox 2636 4429 2744 4484; x_wconf 88' lang='grc' dir='ltr'><strong>τῶν</strong></span> <span class='ocrx_word' id='word_1_706' title='bbox 2773 4431 2961 4485; x_wconf 90' lang='grc' dir='ltr'>δεινῶν</span> <span class='ocrx_word' id='word_1_707' title='bbox 2995 4432 3090 4486; x_wconf 72' lang='grc' dir='ltr'>καὶ</span> <span class='ocrx_word' id='word_1_708' title='bbox 3123 4432 3389 4505; x_wconf 84' lang='grc' dir='ltr'>θεομισῶν</span> <span class='ocrx_word' id='word_1_709' title='bbox 3428 4428 3668 4501; x_wconf 56' lang='grc' dir='ltr'>τυράννων,</span> 
     </span>
    </p>
   </div>
   <div class='ocr_carea' id='block_1_94' title="bbox 491 4520 2056 4594">
    <p class='ocr_par' dir='ltr' id='par_1_94' title="bbox 491 4520 2056 4594">
     <span class='ocr_line' id='line_1_94' title="bbox 491 4520 2056 4594; baseline 0 -16"><span class='ocrx_word' id='word_1_710' title='bbox 491 4523 695 4579; x_wconf 86' lang='lat' dir='ltr'><strong>raculis</strong></span> <span class='ocrx_word' id='word_1_711' title='bbox 733 4521 1063 4577; x_wconf 86' lang='lat' dir='ltr'><strong>mirabiliora</strong></span> <span class='ocrx_word' id='word_1_712' title='bbox 1099 4520 1265 4594; x_wconf 65' lang='grc'><strong>384</strong></span> <span class='ocrx_word' id='word_1_713' title='bbox 1307 4532 1432 4577; x_wconf 89' lang='lat' dir='ltr'><strong>sunt</strong></span> <span class='ocrx_word' id='word_1_714' title='bbox 1475 4524 1805 4594; x_wconf 81' lang='lat' dir='ltr'><strong>archetypa,</strong></span> <span class='ocrx_word' id='word_1_715' title='bbox 1843 4532 1898 4578; x_wconf 88' lang='lat' dir='ltr'><strong>et</strong></span> <span class='ocrx_word' id='word_1_716' title='bbox 1938 4524 2056 4594; x_wconf 87' lang='lat' dir='ltr'><strong>pri-</strong></span> 
     </span>
    </p>
   </div>
   <div class='ocr_carea' id='block_1_95' title="bbox 491 4614 2058 4687">
    <p class='ocr_par' dir='ltr' id='par_1_95' title="bbox 491 4614 2058 4687">
     <span class='ocr_line' id='line_1_95' title="bbox 491 4614 2058 4687; baseline 0 -16"><span class='ocrx_word' id='word_1_717' title='bbox 491 4617 693 4671; x_wconf 77' lang='lat' dir='ltr'><strong>tuitira:</strong></span> <span class='ocrx_word' id='word_1_718' title='bbox 736 4629 922 4670; x_wconf 87' lang='lat' dir='ltr'><strong>eorum</strong></span> <span class='ocrx_word' id='word_1_719' title='bbox 972 4614 1274 4685; x_wconf 80' lang='lat' dir='ltr'><strong>imagines,</strong></span> <span class='ocrx_word' id='word_1_720' title='bbox 1315 4616 1582 4687; x_wconf 83' lang='lat' dir='ltr'><strong>spiritalia</strong></span> <span class='ocrx_word' id='word_1_721' title='bbox 1630 4614 1849 4684; x_wconf 86' lang='lat' dir='ltr'><strong>Deoque</strong></span> <span class='ocrx_word' id='word_1_722' title='bbox 1896 4615 2058 4686; x_wconf 80' lang='lat' dir='ltr'><strong>digna</strong></span> 
     </span>
    </p>
   </div>
   <div class='ocr_carea' id='block_1_96' title="bbox 2162 4519 3670 4594">
    <p class='ocr_par' dir='ltr' id='par_1_96' title="bbox 2162 4519 3670 4594">
     <span class='ocr_line' id='line_1_96' title="bbox 2162 4519 3670 4594; baseline -0.001 -20"><span class='ocrx_word' id='word_1_723' title='bbox 2162 4521 2262 4592; x_wconf 84' lang='grc' dir='ltr'>τὴν</span> <span class='ocrx_word' id='word_1_724' title='bbox 2285 4522 2608 4594; x_wconf 73' lang='grc' dir='ltr'>οἰκουμένην</span> <span class='ocrx_word' id='word_1_725' title='bbox 2638 4522 2852 4578; x_wconf 74' lang='grc' dir='ltr'>ἃπασαν</span> <span class='ocrx_word' id='word_1_726' title='bbox 2879 4523 2947 4576; x_wconf 78' lang='grc' dir='ltr'>δι’</span> <span class='ocrx_word' id='word_1_727' title='bbox 2971 4525 3150 4579; x_wconf 84' lang='grc' dir='ltr'>αὐτῶν</span> <span class='ocrx_word' id='word_1_728' title='bbox 3178 4525 3287 4579; x_wconf 86' lang='grc' dir='ltr'><strong>τῶν</strong></span> <span class='ocrx_word' id='word_1_729' title='bbox 3308 4519 3670 4594; x_wconf 77' lang='grc' dir='ltr'>θεοφιλεστάτων</span> 
     </span>
    </p>
   </div>
   <div class='ocr_carea' id='block_1_97' title="bbox 2162 4611 3669 4690">
    <p class='ocr_par' dir='ltr' id='par_1_97' title="bbox 2162 4611 3669 4690">
     <span class='ocr_line' id='line_1_97' title="bbox 2162 4611 3669 4690; baseline 0.003 -23"><span class='ocrx_word' id='word_1_730' title='bbox 2162 4613 2502 4686; x_wconf 78' lang='grc' dir='ltr'>ὲκαθήρατο,</span> <span class='ocrx_word' id='word_1_731' title='bbox 2542 4611 2663 4668; x_wconf 79' lang='grc' dir='ltr'>εἶτα</span> <span class='ocrx_word' id='word_1_732' title='bbox 2705 4615 2762 4670; x_wconf 72' lang='grc' dir='ltr'>δὲ</span> <span class='ocrx_word' id='word_1_733' title='bbox 2806 4618 2933 4681; x_wconf 80' lang='grc' dir='ltr'>τοὺς</span> <span class='ocrx_word' id='word_1_734' title='bbox 2974 4616 3124 4689; x_wconf 85' lang='grc' dir='ltr'>αὐτῷ</span> <span class='ocrx_word' id='word_1_735' title='bbox 3165 4616 3462 4690; x_wconf 87' lang='grc' dir='ltr'>γνωρίμους</span> <span class='ocrx_word' id='word_1_736' title='bbox 3497 4612 3669 4683; x_wconf 63' lang='grc' dir='ltr'>ἄνδρας,</span> 
     </span>
    </p>
   </div>
   <div class='ocr_carea' id='block_1_98' title="bbox 560 4754 2059 4827">
    <p class='ocr_par' dir='ltr' id='par_1_98' title="bbox 560 4754 2059 4827">
     <span class='ocr_line' id='line_1_98' title="bbox 560 4754 2059 4827; baseline 0.003 -17"><span class='ocrx_word' id='word_1_737' title='bbox 560 4756 607 4788; x_wconf 78' lang='grc'><em>³³</em></span> <span class='ocrx_word' id='word_1_738' title='bbox 642 4755 743 4810; x_wconf 88' lang='lat' dir='ltr'><strong>lsa.</strong></span> <span class='ocrx_word' id='word_1_739' title='bbox 778 4771 889 4820; x_wconf 83' lang='lat' dir='ltr'><strong>uv,</strong></span> <span class='ocrx_word' id='word_1_740' title='bbox 928 4754 1044 4812; x_wconf 72' lang='grc'><strong>4-8.</strong></span> <span class='ocrx_word' id='word_1_741' title='bbox 1119 4756 1165 4790; x_wconf 79' lang='grc'><strong>’⁸</strong></span> <span class='ocrx_word' id='word_1_742' title='bbox 1195 4755 1299 4811; x_wconf 84' lang='lat' dir='ltr'><strong>lsa.</strong></span> <span class='ocrx_word' id='word_1_743' title='bbox 1336 4772 1411 4821; x_wconf 73' lang='grc' dir='ltr'><strong>ιι,</strong></span> <span class='ocrx_word' id='word_1_744' title='bbox 1449 4757 1789 4827; x_wconf 68' lang='lat' dir='ltr'><strong>17-25;ut,</strong></span> <span class='ocrx_word' id='word_1_745' title='bbox 1829 4759 1948 4814; x_wconf 68' lang='lat'><strong>1-2.</strong></span> <span class='ocrx_word' id='word_1_746' title='bbox 2017 4760 2059 4793; x_wconf 81' lang='lat'><strong>&quot;</strong></span> 
     </span>
    </p>
   </div>
   <div class='ocr_carea' id='block_1_99' title="bbox 2161 4754 2588 4827">
    <p class='ocr_par' dir='ltr' id='par_1_99' title="bbox 2161 4756 2588 4821">
     <span class='ocr_line' id='line_1_99' title="bbox 2161 4756 2588 4821; baseline 0.007 -9"><span class='ocrx_word' id='word_1_747' title='bbox 2161 4773 2200 4813; x_wconf 77' lang='grc' dir='ltr'>ι.</span> <span class='ocrx_word' id='word_1_748' title='bbox 2227 4774 2374 4821; x_wconf 66' lang='grc' dir='ltr'>χιιι,</span> <span class='ocrx_word' id='word_1_749' title='bbox 2404 4756 2588 4816; x_wconf 68' lang='lat' dir='ltr'><strong>iii-2|.</strong></span> 
     </span>
    </p>
   </div>
   <div class='ocr_carea' id='block_1_100' title="bbox 561 4889 2056 4961">
    <p class='ocr_par' dir='ltr' id='par_1_100' title="bbox 561 4889 2056 4961">
     <span class='ocr_line' id='line_1_100' title="bbox 561 4889 2056 4961; baseline 0.005 -18"><span class='ocrx_word' id='word_1_750' title='bbox 561 4889 674 4960; x_wconf 74' lang='lat'><strong>(52)</strong></span> <span class='ocrx_word' id='word_1_751' title='bbox 710 4890 1088 4961; x_wconf 78' lang='grc' dir='ltr'>Αὑτονοερὰν</span> <span class='ocrx_word' id='word_1_752' title='bbox 1113 4893 1350 4948; x_wconf 80' lang='grc' dir='ltr'>οὐσίαν.</span> <span class='ocrx_word' id='word_1_753' title='bbox 1385 4892 1478 4949; x_wconf 89' lang='lat' dir='ltr'><strong>Sic</strong></span> <span class='ocrx_word' id='word_1_754' title='bbox 1500 4892 1732 4947; x_wconf 89' lang='lat' dir='ltr'><strong>animam</strong></span> <span class='ocrx_word' id='word_1_755' title='bbox 1765 4893 2056 4950; x_wconf 83' lang='lat' dir='ltr'><strong>humanam</strong></span> 
     </span>
    </p>
   </div>
   <div class='ocr_carea' id='block_1_101' title="bbox 489 4961 2058 5032">
    <p class='ocr_par' dir='ltr' id='par_1_101' title="bbox 489 4961 2058 5032">
     <span class='ocr_line' id='line_1_101' title="bbox 489 4961 2058 5032; baseline 0.003 -19"><span class='ocrx_word' id='word_1_756' title='bbox 489 4971 649 5032; x_wconf 68' lang='lat' dir='ltr'><strong>vocat</strong></span> <span class='ocrx_word' id='word_1_757' title='bbox 677 4961 962 5032; x_wconf 75' lang='lat' dir='ltr'><strong>Eusebius,</strong></span> <span class='ocrx_word' id='word_1_758' title='bbox 996 4965 1137 5030; x_wconf 89' lang='lat' dir='ltr'><strong>quod</strong></span> <span class='ocrx_word' id='word_1_759' title='bbox 1175 4966 1247 5018; x_wconf 90' lang='lat' dir='ltr'><strong>sit</strong></span> <span class='ocrx_word' id='word_1_760' title='bbox 1279 4978 1374 5032; x_wconf 87' lang='lat' dir='ltr'><strong>per</strong></span> <span class='ocrx_word' id='word_1_761' title='bbox 1399 4979 1457 5018; x_wconf 88' lang='lat' dir='ltr'><strong>se</strong></span> <span class='ocrx_word' id='word_1_762' title='bbox 1496 4974 1552 5018; x_wconf 90' lang='lat' dir='ltr'><strong>et</strong></span> <span class='ocrx_word' id='word_1_763' title='bbox 1578 4974 1771 5018; x_wconf 91' lang='lat' dir='ltr'><strong>natura</strong></span> <span class='ocrx_word' id='word_1_764' title='bbox 1825 4980 1921 5020; x_wconf 85' lang='lat' dir='ltr'><strong>sua</strong></span> <span class='ocrx_word' id='word_1_765' title='bbox 1973 4966 2058 5019; x_wconf 83' lang='lat' dir='ltr'><strong>iu-</strong></span> 
     </span>
    </p>
   </div>
   <div class='ocr_carea' id='block_1_102' title="bbox 494 5031 2058 5106">
    <p class='ocr_par' dir='ltr' id='par_1_102' title="bbox 494 5031 2058 5106">
     <span class='ocr_line' id='line_1_102' title="bbox 494 5031 2058 5106; baseline 0.004 -23"><span class='ocrx_word' id='word_1_766' title='bbox 494 5031 757 5106; x_wconf 69' lang='lat' dir='ltr'><strong>telligens.</strong></span> <span class='ocrx_word' id='word_1_767' title='bbox 821 5031 1291 5106; x_wconf 83' lang='lat' dir='ltr'><strong>Sie_pbi_losopbi</strong></span> <span class='ocrx_word' id='word_1_768' title='bbox 1336 5033 1559 5106; x_wconf 69' lang='grc' dir='ltr'><strong>νοερόιςΔ</strong></span> <span class='ocrx_word' id='word_1_769' title='bbox 1599 5033 1786 5106; x_wconf 75' lang='grc' dir='ltr'>οὐσίας</span> <span class='ocrx_word' id='word_1_770' title='bbox 1852 5044 2058 5106; x_wconf 83' lang='lat' dir='ltr'><strong>vocant</strong></span> 
     </span>
    </p>
   </div>
   <div class='ocr_carea' id='block_1_103' title="bbox 495 5101 2056 5174">
    <p class='ocr_par' dir='ltr' id='par_1_103' title="bbox 495 5101 2056 5174">
     <span class='ocr_line' id='line_1_103' title="bbox 495 5101 2056 5174; baseline 0.003 -22"><span class='ocrx_word' id='word_1_771' title='bbox 495 5101 823 5174; x_wconf 64' lang='lat' dir='ltr'><strong>substantias</strong></span> <span class='ocrx_word' id='word_1_772' title='bbox 846 5103 1159 5174; x_wconf 29' lang='lat' dir='ltr'><strong>“spiritales,</strong></span> <span class='ocrx_word' id='word_1_773' title='bbox 1187 5101 1322 5171; x_wconf 82' lang='lat' dir='ltr'><strong>quas</strong></span> <span class='ocrx_word' id='word_1_774' title='bbox 1353 5101 1513 5174; x_wconf 79' lang='lat' dir='ltr'><strong>vulgo</strong></span> <span class='ocrx_word' id='word_1_775' title='bbox 1532 5103 1935 5174; x_wconf 82' lang='lat' dir='ltr'><strong>iutelligentias</strong></span> <span class='ocrx_word' id='word_1_776' title='bbox 1962 5121 2056 5157; x_wconf 92' lang='lat' dir='ltr'><strong>vo-</strong></span> 
     </span>
    </p>
   </div>
   <div class='ocr_carea' id='block_1_104' title="bbox 497 5171 2055 5244">
    <p class='ocr_par' dir='ltr' id='par_1_104' title="bbox 497 5171 2055 5244">
     <span class='ocr_line' id='line_1_104' title="bbox 497 5171 2055 5244; baseline 0.003 -20"><span class='ocrx_word' id='word_1_777' title='bbox 497 5185 700 5224; x_wconf 82' lang='lat' dir='ltr'><strong>ramus.</strong></span> <span class='ocrx_word' id='word_1_778' title='bbox 731 5173 799 5223; x_wconf 87' lang='lat' dir='ltr'><strong>At.</strong></span> <span class='ocrx_word' id='word_1_779' title='bbox 834 5171 1359 5242; x_wconf 84' lang='lat' dir='ltr'><strong>Cbristopborsouus</strong></span> <span class='ocrx_word' id='word_1_780' title='bbox 1386 5171 1576 5242; x_wconf 76' lang='grc' dir='ltr'>νοέράν</span> <span class='ocrx_word' id='word_1_781' title='bbox 1643 5171 1783 5227; x_wconf 80' lang='lat' dir='ltr'><strong>idem</strong></span> <span class='ocrx_word' id='word_1_782' title='bbox 1848 5176 2055 5244; x_wconf 89' lang='lat' dir='ltr'><strong>putavit</strong></span> 
     </span>
    </p>
   </div>
   <div class='ocr_carea' id='block_1_105' title="bbox 498 5244 2053 5313">
    <p class='ocr_par' dir='ltr' id='par_1_105' title="bbox 498 5244 2053 5313">
     <span class='ocr_line' id='line_1_105' title="bbox 498 5244 2053 5313; baseline 0.002 -19"><span class='ocrx_word' id='word_1_783' title='bbox 498 5254 713 5313; x_wconf 80' lang='lat' dir='ltr'><strong>esseac</strong></span> <span class='ocrx_word' id='word_1_784' title='bbox 770 5244 996 5313; x_wconf 78' lang='grc' dir='ltr'>νοητήν,</span> <span class='ocrx_word' id='word_1_785' title='bbox 1054 5246 1200 5312; x_wconf 80' lang='lat' dir='ltr'><strong>gravi</strong></span> <span class='ocrx_word' id='word_1_786' title='bbox 1258 5259 1468 5298; x_wconf 90' lang='lat' dir='ltr'><strong>errore.</strong></span> <span class='ocrx_word' id='word_1_787' title='bbox 1523 5244 1613 5298; x_wconf 89' lang='lat' dir='ltr'><strong>Sic</strong></span> <span class='ocrx_word' id='word_1_788' title='bbox 1650 5246 1793 5298; x_wconf 90' lang='lat' dir='ltr'><strong>enim</strong></span> <span class='ocrx_word' id='word_1_789' title='bbox 1854 5246 2053 5299; x_wconf 88' lang='lat' dir='ltr'><strong>vertit:</strong></span> 
     </span>
    </p>
   </div>
   <div class='ocr_carea' id='block_1_106' title="bbox 501 5312 2054 5384">
    <p class='ocr_par' dir='ltr' id='par_1_106' title="bbox 501 5312 2054 5384">
     <span class='ocr_line' id='line_1_106' title="bbox 501 5312 2054 5384; baseline 0.006 -24"><span class='ocrx_word' id='word_1_790' title='bbox 501 5329 517 5360; x_wconf 79' lang='grc' dir='ltr'><strong>ι</strong></span> <span class='ocrx_word' id='word_1_791' title='bbox 548 5312 1054 5384; x_wconf 52' lang='grc' dir='ltr'>ξιιὺεῑειιιιὶειιιιεοιιι</span> <span class='ocrx_word' id='word_1_792' title='bbox 1093 5313 1290 5368; x_wconf 89' lang='lat' dir='ltr'><strong>mentis</strong></span> <span class='ocrx_word' id='word_1_793' title='bbox 1321 5314 1689 5384; x_wconf 67' lang='lat' dir='ltr'><strong>intelligentia:</strong></span> <span class='ocrx_word' id='word_1_794' title='bbox 1710 5315 1980 5383; x_wconf 82' lang='lat' dir='ltr'><strong>cognitam</strong></span> <span class='ocrx_word' id='word_1_795' title='bbox 2005 5316 2054 5370; x_wconf 91' lang='lat' dir='ltr'><strong>ei</strong></span> 
     </span>
    </p>
   </div>
   <div class='ocr_carea' id='block_1_107' title="bbox 497 5382 2053 5457">
    <p class='ocr_par' dir='ltr' id='par_1_107' title="bbox 497 5382 2053 5457">
     <span class='ocr_line' id='line_1_107' title="bbox 497 5382 2053 5457; baseline 0.004 -24"><span class='ocrx_word' id='word_1_796' title='bbox 497 5382 962 5457; x_wconf 68' lang='lat' dir='ltr'><strong>tribttens.iA__tqui</strong></span> <span class='ocrx_word' id='word_1_797' title='bbox 987 5399 1238 5457; x_wconf 77' lang='lat' dir='ltr'><strong>maguum</strong></span> <span class='ocrx_word' id='word_1_798' title='bbox 1258 5382 1550 5457; x_wconf 77' lang='lat' dir='ltr'><strong>discrimen</strong></span> <span class='ocrx_word' id='word_1_799' title='bbox 1581 5382 1828 5457; x_wconf 76' lang='lat' dir='ltr'><strong>estinter</strong></span> <span class='ocrx_word' id='word_1_800' title='bbox 1842 5385 2053 5457; x_wconf 85' lang='grc' dir='ltr'>νοητόν,</span> 
     </span>
    </p>
   </div>
   <div class='ocr_carea' id='block_1_108' title="bbox 496 5452 2049 5526">
    <p class='ocr_par' dir='ltr' id='par_1_108' title="bbox 496 5452 2049 5526">
     <span class='ocr_line' id='line_1_108' title="bbox 496 5452 2049 5526; baseline 0.005 -25"><span class='ocrx_word' id='word_1_801' title='bbox 496 5453 546 5526; x_wconf 78' lang='lat' dir='ltr'><strong>id</strong></span> <span class='ocrx_word' id='word_1_802' title='bbox 581 5452 1079 5526; x_wconf 75' lang='lat' dir='ltr'><strong>est,__iutelligibile,_</strong></span> <span class='ocrx_word' id='word_1_803' title='bbox 1099 5454 1525 5526; x_wconf 70' lang='grc' dir='ltr'>οινοερόν,ιιιιοιι</span> <span class='ocrx_word' id='word_1_804' title='bbox 1554 5462 1635 5526; x_wconf 86' lang='lat' dir='ltr'><strong>est</strong></span> <span class='ocrx_word' id='word_1_805' title='bbox 1667 5452 2049 5526; x_wconf 84' lang='lat' dir='ltr'><strong>intellectuale.</strong></span> 
     </span>
    </p>
   </div>
   <div class='ocr_carea' id='block_1_109' title="bbox 497 5522 2054 5592">
    <p class='ocr_par' dir='ltr' id='par_1_109' title="bbox 497 5522 2054 5592">
     <span class='ocr_line' id='line_1_109' title="bbox 497 5522 2054 5592; baseline 0.004 -18"><span class='ocrx_word' id='word_1_806' title='bbox 497 5522 627 5574; x_wconf 74' lang='lat' dir='ltr'><strong>Nam</strong></span> <span class='ocrx_word' id='word_1_807' title='bbox 652 5522 922 5592; x_wconf 68' lang='lat' dir='ltr'><strong>tibimmra</strong></span> <span class='ocrx_word' id='word_1_808' title='bbox 974 5522 1125 5577; x_wconf 81' lang='lat' dir='ltr'><strong>verbi</strong></span> <span class='ocrx_word' id='word_1_809' title='bbox 1156 5522 1352 5591; x_wconf 75' lang='lat' dir='ltr'><strong>gratia,</strong></span> <span class='ocrx_word' id='word_1_810' title='bbox 1392 5533 1446 5577; x_wconf 92' lang='lat' dir='ltr'><strong>et</strong></span> <span class='ocrx_word' id='word_1_811' title='bbox 1477 5525 1781 5592; x_wconf 77' lang='lat' dir='ltr'><strong>huiusmodi</strong></span> <span class='ocrx_word' id='word_1_812' title='bbox 1840 5525 2054 5580; x_wconf 85' lang='lat' dir='ltr'><strong>intelle-</strong></span> 
     </span>
    </p>
   </div>
   <div class='ocr_carea' id='block_1_110' title="bbox 495 5590 2051 5666">
    <p class='ocr_par' dir='ltr' id='par_1_110' title="bbox 495 5590 2051 5666">
     <span class='ocr_line' id='line_1_110' title="bbox 495 5590 2051 5666; baseline 0.004 -24"><span class='ocrx_word' id='word_1_813' title='bbox 495 5602 611 5666; x_wconf 61' lang='lat' dir='ltr'><strong>ctus</strong></span> <span class='ocrx_word' id='word_1_814' title='bbox 641 5590 915 5658; x_wconf 75' lang='lat' dir='ltr'><strong>ﬁgmenta,</strong></span> <span class='ocrx_word' id='word_1_815' title='bbox 951 5592 1131 5666; x_wconf 50' lang='grc' dir='ltr'>νοητάᾷ</span> <span class='ocrx_word' id='word_1_816' title='bbox 1162 5590 1649 5666; x_wconf 18' lang='grc' dir='ltr'>ίειιιιιιεειιᾉνοερά</span> <span class='ocrx_word' id='word_1_817' title='bbox 1692 5610 2051 5664; x_wconf 85' lang='lat' dir='ltr'><strong>nequaquam.</strong></span> 
     </span>
    </p>
   </div>
   <div class='ocr_carea' id='block_1_111' title="bbox 497 5659 2048 5732">
    <p class='ocr_par' dir='ltr' id='par_1_111' title="bbox 497 5659 2048 5732">
     <span class='ocr_line' id='line_1_111' title="bbox 497 5659 2048 5732; baseline 0.005 -20"><span class='ocrx_word' id='word_1_818' title='bbox 497 5659 694 5732; x_wconf 74' lang='lat' dir='ltr'><strong>Eadem</strong></span> <span class='ocrx_word' id='word_1_819' title='bbox 720 5676 823 5714; x_wconf 70' lang='lat' dir='ltr'><strong>vox</strong></span> <span class='ocrx_word' id='word_1_820' title='bbox 852 5659 1095 5718; x_wconf 76' lang='lat' dir='ltr'><strong>occurrit</strong></span> <span class='ocrx_word' id='word_1_821' title='bbox 1121 5662 1282 5717; x_wconf 84' lang='lat' dir='ltr'><strong>intra.</strong></span> <span class='ocrx_word' id='word_1_822' title='bbox 1312 5659 1599 5718; x_wconf 71' lang='lat' dir='ltr'><strong>Nebridius</strong></span> <span class='ocrx_word' id='word_1_823' title='bbox 1639 5664 1691 5719; x_wconf 92' lang='lat' dir='ltr'><strong>in</strong></span> <span class='ocrx_word' id='word_1_824' title='bbox 1730 5659 1956 5732; x_wconf 79' lang='lat' dir='ltr'><strong>epistola</strong></span> <span class='ocrx_word' id='word_1_825' title='bbox 1985 5668 2048 5720; x_wconf 72' lang='grc' dir='ltr'><strong>τι</strong></span> 
     </span>
    </p>
   </div>
   <div class='ocr_carea' id='block_1_112' title="bbox 498 5729 2055 5802">
    <p class='ocr_par' dir='ltr' id='par_1_112' title="bbox 498 5729 2055 5802">
     <span class='ocr_line' id='line_1_112' title="bbox 498 5729 2055 5802; baseline 0.005 -20"><span class='ocrx_word' id='word_1_826' title='bbox 498 5730 564 5782; x_wconf 78' lang='lat' dir='ltr'><strong>ad</strong></span> <span class='ocrx_word' id='word_1_827' title='bbox 614 5729 973 5795; x_wconf 74' lang='lat' dir='ltr'><strong>Augustinum</strong></span> <span class='ocrx_word' id='word_1_828' title='bbox 1042 5743 1331 5800; x_wconf 85' lang='lat' dir='ltr'><strong>utrumque</strong></span> <span class='ocrx_word' id='word_1_829' title='bbox 1402 5732 1606 5802; x_wconf 85' lang='lat' dir='ltr'><strong>optime</strong></span> <span class='ocrx_word' id='word_1_830' title='bbox 1672 5729 1924 5789; x_wconf 79' lang='lat' dir='ltr'><strong>distinxit</strong></span> <span class='ocrx_word' id='word_1_831' title='bbox 1971 5737 2055 5790; x_wconf 84' lang='lat' dir='ltr'><strong>bis</strong></span> 
     </span>
    </p>
   </div>
   <div class='ocr_carea' id='block_1_113' title="bbox 2164 4889 3668 4971">
    <p class='ocr_par' dir='ltr' id='par_1_113' title="bbox 2164 4889 3668 4971">
     <span class='ocr_line' id='line_1_113' title="bbox 2164 4889 3668 4971; baseline -0.006 -18"><span class='ocrx_word' id='word_1_832' title='bbox 2164 4898 2366 4971; x_wconf 85' lang='lat' dir='ltr'><strong>verbis.</strong></span> <span class='ocrx_word' id='word_1_833' title='bbox 2414 4897 2801 4971; x_wconf 25' lang='lat' dir='ltr'><strong>Potestuenim</strong></span> <span class='ocrx_word' id='word_1_834' title='bbox 2845 4900 3292 4970; x_wconf 86' lang='lat' dir='ltr'><strong>quemadmodum</strong></span> <span class='ocrx_word' id='word_1_835' title='bbox 3345 4889 3668 4971; x_wconf 74' lang='lat' dir='ltr'><strong>intellectualis</strong></span> 
     </span>
    </p>
   </div>
   <div class='ocr_carea' id='block_1_114' title="bbox 2164 4965 3667 5040">
    <p class='ocr_par' dir='ltr' id='par_1_114' title="bbox 2164 4965 3667 5040">
     <span class='ocr_line' id='line_1_114' title="bbox 2164 4965 3667 5040; baseline -0.007 -16"><span class='ocrx_word' id='word_1_836' title='bbox 2164 4969 2377 5024; x_wconf 86' lang='lat' dir='ltr'><strong>animus</strong></span> <span class='ocrx_word' id='word_1_837' title='bbox 2403 4969 2469 5023; x_wconf 87' lang='lat' dir='ltr'><strong>ad</strong></span> <span class='ocrx_word' id='word_1_838' title='bbox 2505 4965 2992 5040; x_wconf 49' lang='lat' dir='ltr'><strong>intelligibilia&#39;sua</strong></span> <span class='ocrx_word' id='word_1_839' title='bbox 3023 4972 3248 5026; x_wconf 80' lang='lat' dir='ltr'><strong>videnda</strong></span> <span class='ocrx_word' id='word_1_840' title='bbox 3282 4986 3313 5026; x_wconf 91' lang='lat' dir='ltr'><strong>a</strong></span> <span class='ocrx_word' id='word_1_841' title='bbox 3343 4984 3493 5025; x_wconf 87' lang='lat' dir='ltr'><strong>sensu</strong></span> <span class='ocrx_word' id='word_1_842' title='bbox 3517 4965 3667 5019; x_wconf 80' lang='lat' dir='ltr'><strong>admo-</strong></span> 
     </span>
    </p>
   </div>
   <div class='ocr_carea' id='block_1_115' title="bbox 2163 5048 3634 5111">
    <p class='ocr_par' dir='ltr' id='par_1_115' title="bbox 2163 5048 3634 5111">
     <span class='ocr_line' id='line_1_115' title="bbox 2163 5048 3634 5111; baseline 0.013 -19"><span class='ocrx_word' id='word_1_843' title='bbox 2163 5049 2346 5111; x_wconf 66' lang='lat' dir='ltr'><strong>netur,</strong></span> <span class='ocrx_word' id='word_1_844' title='bbox 2370 5048 2477 5093; x_wconf 92' lang='lat' dir='ltr'><strong>etc.</strong></span> <span class='ocrx_word' id='word_1_845' title='bbox 2721 5098 2724 5103; x_wconf 64' lang='grc'><strong>,</strong></span> <span class='ocrx_word' id='word_1_846' title='bbox 3164 5109 3174 5111; x_wconf 79' lang='lat'><strong><em>_</em></strong></span> <span class='ocrx_word' id='word_1_847' title='bbox 3501 5105 3547 5111; x_wconf 82' lang='lat'><strong>_.</strong></span> <span class='ocrx_word' id='word_1_848' title='bbox 3625 5099 3634 5111; x_wconf 94' lang='lat'><strong>.</strong></span> 
     </span>
    </p>
   </div>
   <div class='ocr_carea' id='block_1_116' title="bbox 2232 5105 3663 5184">
    <p class='ocr_par' dir='ltr' id='par_1_116' title="bbox 2232 5105 3663 5184">
     <span class='ocr_line' id='line_1_116' title="bbox 2232 5105 3663 5184; baseline -0.016 -7"><span class='ocrx_word' id='word_1_849' title='bbox 2232 5109 2926 5184; x_wconf 57' lang='grc' dir='ltr'>(,55),,Λιᾳφθονουμένοις</span> <span class='ocrx_word' id='word_1_850' title='bbox 2984 5109 3436 5184; x_wconf 58' lang='lat' dir='ltr'><strong>(immutarunt.</strong></span> <span class='ocrx_word' id='word_1_851' title='bbox 3498 5105 3575 5184; x_wconf 66' lang='lat' dir='ltr'><strong>sic</strong></span> <span class='ocrx_word' id='word_1_852' title='bbox 3597 5105 3663 5184; x_wconf 53' lang='grc' dir='ltr'><strong>λιι</strong></span> 
     </span>
    </p>
   </div>
   <div class='ocr_carea' id='block_1_117' title="bbox 2162 5170 3666 5255">
    <p class='ocr_par' dir='ltr' id='par_1_117' title="bbox 2162 5170 3666 5255">
     <span class='ocr_line' id='line_1_117' title="bbox 2162 5170 3666 5255; baseline 0.005 -24"><span class='ocrx_word' id='word_1_853' title='bbox 2162 5170 2878 5255; x_wconf 31' lang='lat' dir='ltr'><strong>codtlaMedicmoﬂet&#39;blaz.</strong></span> <span class='ocrx_word' id='word_1_854' title='bbox 2901 5170 3173 5255; x_wconf 34' lang='lat' dir='ltr'><strong>scribitur.</strong></span> <span class='ocrx_word' id='word_1_855' title='bbox 3208 5170 3305 5250; x_wconf 69' lang='lat' dir='ltr'><strong>pro</strong></span> <span class='ocrx_word' id='word_1_856' title='bbox 3336 5179 3473 5249; x_wconf 81' lang='lat' dir='ltr'><strong>vulg.</strong></span> <span class='ocrx_word' id='word_1_857' title='bbox 3507 5170 3666 5255; x_wconf 68' lang='grc' dir='ltr'><strong>ἀεξολέ⁴</strong></span> 
     </span>
    </p>
   </div>
   <div class='ocr_carea' id='block_1_118' title="bbox 2160 5243 3665 5325">
    <p class='ocr_par' dir='ltr' id='par_1_118' title="bbox 2160 5243 3665 5325">
     <span class='ocr_line' id='line_1_118' title="bbox 2160 5243 3665 5325; baseline -0.003 -22"><span class='ocrx_word' id='word_1_858' title='bbox 2160 5249 2395 5325; x_wconf 83' lang='grc' dir='ltr'>λειπται.</span> <span class='ocrx_word' id='word_1_859' title='bbox 2432 5250 2582 5314; x_wconf 88' lang='lat' dir='ltr'><strong>Quod</strong></span> <span class='ocrx_word' id='word_1_860' title='bbox 2615 5251 2751 5325; x_wconf 76' lang='lat' dir='ltr'><strong>Rob.</strong></span> <span class='ocrx_word' id='word_1_861' title='bbox 2807 5252 3115 5325; x_wconf 77' lang='lat' dir='ltr'><strong>Stephanus</strong></span> <span class='ocrx_word' id='word_1_862' title='bbox 3153 5243 3665 5325; x_wconf 12' lang='lat' dir='ltr'><strong>adnota_vefat.rl§alftl-</strong></span> 
     </span>
    </p>
   </div>
   <div class='ocr_carea' id='block_1_119' title="bbox 2155 5310 3663 5443">
    <p class='ocr_par' dir='ltr' id='par_1_119' title="bbox 2155 5310 3663 5443">
     <span class='ocr_line' id='line_1_119' title="bbox 2155 5310 3663 5443; baseline -0.009 -69"><span class='ocrx_word' id='word_1_863' title='bbox 2155 5323 2273 5443; x_wconf 67' lang='lat' dir='ltr'><strong>delun</strong></span> <span class='ocrx_word' id='word_1_864' title='bbox 2308 5310 2523 5390; x_wconf 77' lang='lat' dir='ltr'><strong>quoque</strong></span> <span class='ocrx_word' id='word_1_865' title='bbox 2560 5322 2886 5391; x_wconf 90' lang='lat' dir='ltr'><strong>scripturam</strong></span> <span class='ocrx_word' id='word_1_866' title='bbox 2909 5310 3096 5378; x_wconf 61' lang='lat' dir='ltr'><strong>&#39;habet</strong></span> <span class='ocrx_word' id='word_1_867' title='bbox 3121 5324 3293 5377; x_wconf 79' lang='lat' dir='ltr'><strong>codex</strong></span> <span class='ocrx_word' id='word_1_868' title='bbox 3339 5312 3468 5374; x_wconf 82' lang='lat' dir='ltr'><strong>Fuk.</strong></span> <span class='ocrx_word' id='word_1_869' title='bbox 3495 5324 3543 5370; x_wconf 86' lang='lat' dir='ltr'><strong>et</strong></span> <span class='ocrx_word' id='word_1_870' title='bbox 3586 5310 3663 5364; x_wconf 82' lang='lat' dir='ltr'><strong>Sa-</strong></span> 
     </span>
     <span class='ocr_line' id='line_1_120' title="bbox 2155 5404 3135 5443; baseline -0.001 -3"><span class='ocrx_word' id='word_1_871' title='bbox 2155 5404 2203 5443; x_wconf 80' lang='grc' dir='ltr'><strong>νι</strong></span> <span class='ocrx_word' id='word_1_872' title='bbox 2235 5429 2248 5443; x_wconf 76' lang='grc' dir='ltr'><strong><em>ο</em></strong></span> <span class='ocrx_word' id='word_1_873' title='bbox 3022 5431 3025 5435; x_wconf 92' lang='grc'>.</span> <span class='ocrx_word' id='word_1_874' title='bbox 3134 5426 3135 5429; x_wconf 62' lang='grc' dir='ltr'><strong>η</strong></span> 
     </span>
    </p>
   </div>
   <div class='ocr_carea' id='block_1_120' title="bbox 2154 5404 3135 5444">
    <p class='ocr_par' dir='ltr' id='par_1_120' title="bbox 2154 5404 3135 5444">
     <span class='ocr_line' id='line_1_121' title="bbox 2154 5404 3135 5444; baseline 0.007 -5"><span class='ocrx_word' id='word_1_875' title='bbox 2154 5404 2248 5444; x_wconf 82' lang='grc' dir='ltr'>νιΙ.</span> <span class='ocrx_word' id='word_1_876' title='bbox 3022 5431 3025 5435; x_wconf 95' lang='grc'><strong>-</strong></span> <span class='ocrx_word' id='word_1_877' title='bbox 3134 5426 3135 5429; x_wconf 55' lang='grc' dir='ltr'><strong>π</strong></span> 
     </span>
    </p>
   </div>
   <div class='ocr_carea' id='block_1_121' title="bbox 2223 5444 3662 5531">
    <p class='ocr_par' dir='ltr' id='par_1_121' title="bbox 2223 5444 3662 5531">
     <span class='ocr_line' id='line_1_122' title="bbox 2223 5444 3662 5531; baseline -0.005 -17"><span class='ocrx_word' id='word_1_878' title='bbox 2223 5461 2334 5530; x_wconf 70' lang='grc'><strong>(54)</strong></span> <span class='ocrx_word' id='word_1_879' title='bbox 2350 5461 2932 5531; x_wconf 76' lang='grc' dir='ltr'>Πεπυρακτωμένοις.</span> <span class='ocrx_word' id='word_1_880' title='bbox 2946 5502 2982 5517; x_wconf 93' lang='grc'><strong>..</strong></span> <span class='ocrx_word' id='word_1_881' title='bbox 3003 5461 3273 5527; x_wconf 70' lang='grc' dir='ltr'><strong>βέλεσιν.</strong></span> <span class='ocrx_word' id='word_1_882' title='bbox 3299 5455 3529 5531; x_wconf 70' lang='lat' dir='ltr'><strong>lutelligit</strong></span> <span class='ocrx_word' id='word_1_883' title='bbox 3553 5444 3662 5531; x_wconf 60' lang='lat' dir='ltr'><strong>mal:</strong></span> 
     </span>
    </p>
   </div>
   <div class='ocr_carea' id='block_1_122' title="bbox 2154 5528 3664 5601">
    <p class='ocr_par' dir='ltr' id='par_1_122' title="bbox 2154 5528 3664 5601">
     <span class='ocr_line' id='line_1_123' title="bbox 2154 5528 3664 5601; baseline -0.009 -18"><span class='ocrx_word' id='word_1_884' title='bbox 2154 5528 2343 5596; x_wconf 79' lang='lat' dir='ltr'><strong>leolos,</strong></span> <span class='ocrx_word' id='word_1_885' title='bbox 2375 5543 2430 5584; x_wconf 82' lang='lat' dir='ltr'><strong>et</strong></span> <span class='ocrx_word' id='word_1_886' title='bbox 2457 5528 2762 5601; x_wconf 73' lang='lat' dir='ltr'><strong>huiusmodi</strong></span> <span class='ocrx_word' id='word_1_887' title='bbox 2818 5528 3147 5588; x_wconf 80' lang='lat' dir='ltr'><strong>incendiaria</strong></span> <span class='ocrx_word' id='word_1_888' title='bbox 3203 5532 3419 5601; x_wconf 88' lang='lat' dir='ltr'><strong>tela,_ut</strong></span> <span class='ocrx_word' id='word_1_889' title='bbox 3468 5528 3664 5601; x_wconf 47' lang='lat' dir='ltr'><strong>loquitur</strong></span> 
     </span>
    </p>
   </div>
   <div class='ocr_carea' id='block_1_123' title="bbox 2153 5584 3661 5673">
    <p class='ocr_par' dir='ltr' id='par_1_123' title="bbox 2153 5584 3661 5673">
     <span class='ocr_line' id='line_1_124' title="bbox 2153 5584 3661 5673; baseline 0.003 -18"><span class='ocrx_word' id='word_1_890' title='bbox 2153 5603 2191 5655; x_wconf 82' lang='lat' dir='ltr'><strong>A</strong></span> <span class='ocrx_word' id='word_1_891' title='bbox 2203 5584 2361 5673; x_wconf 32' lang='lat' dir='ltr'><strong>tum}:</strong></span> <span class='ocrx_word' id='word_1_892' title='bbox 2372 5601 2425 5673; x_wconf 15' lang='grc' dir='ltr'><strong>ΑΜ</strong></span> <span class='ocrx_word' id='word_1_893' title='bbox 2434 5584 2761 5673; x_wconf 52' lang='lat' dir='ltr'><strong>minimus.</strong></span> <span class='ocrx_word' id='word_1_894' title='bbox 2775 5584 2976 5657; x_wconf 76' lang='lat' dir='ltr'><strong>Alludit</strong></span> <span class='ocrx_word' id='word_1_895' title='bbox 2990 5584 3191 5657; x_wconf 56' lang='lat' dir='ltr'><strong>autem</strong></span> <span class='ocrx_word' id='word_1_896' title='bbox 3236 5584 3325 5673; x_wconf 41' lang='lat' dir='ltr'><strong>ad,</strong></span> <span class='ocrx_word' id='word_1_897' title='bbox 3342 5599 3504 5673; x_wconf 62' lang='lat' dir='ltr'><strong>locum</strong></span> <span class='ocrx_word' id='word_1_898' title='bbox 3532 5584 3661 5673; x_wconf 53' lang='grc' dir='ltr'><strong>’Ῑῖἒηίξ</strong></span> 
     </span>
    </p>
   </div>
   <div class='ocr_carea' id='block_1_124' title="bbox 2154 5661 3661 5739">
    <p class='ocr_par' dir='ltr' id='par_1_124' title="bbox 2154 5661 3661 5739">
     <span class='ocr_line' id='line_1_125' title="bbox 2154 5661 3661 5739; baseline -0.001 -17"><span class='ocrx_word' id='word_1_899' title='bbox 2154 5669 2408 5737; x_wconf 85' lang='lat' dir='ltr'><strong>apostoli,</strong></span> <span class='ocrx_word' id='word_1_900' title='bbox 2449 5672 2540 5739; x_wconf 90' lang='lat' dir='ltr'><strong>qui</strong></span> <span class='ocrx_word' id='word_1_901' title='bbox 2569 5673 2784 5729; x_wconf 79' lang='lat' dir='ltr'><strong>Satana:</strong></span> <span class='ocrx_word' id='word_1_902' title='bbox 2840 5673 3026 5728; x_wconf 84' lang='lat' dir='ltr'><strong>tribuit</strong></span> <span class='ocrx_word' id='word_1_903' title='bbox 3069 5673 3173 5729; x_wconf 85' lang='lat' dir='ltr'><strong>tela</strong></span> <span class='ocrx_word' id='word_1_904' title='bbox 3218 5666 3452 5727; x_wconf 80' lang='lat' dir='ltr'><strong>ardentia</strong></span> <span class='ocrx_word' id='word_1_905' title='bbox 3500 5661 3661 5732; x_wconf 59' lang='lat' dir='ltr'><strong>quib“!</strong></span> 
     </span>
    </p>
   </div>
   <div class='ocr_carea' id='block_1_125' title="bbox 2154 5741 2717 5812">
    <p class='ocr_par' dir='ltr' id='par_1_125' title="bbox 2154 5741 2717 5812">
     <span class='ocr_line' id='line_1_126' title="bbox 2154 5741 2717 5812; baseline 0.005 -18"><span class='ocrx_word' id='word_1_906' title='bbox 2154 5741 2398 5795; x_wconf 82' lang='lat' dir='ltr'><strong>homines</strong></span> <span class='ocrx_word' id='word_1_907' title='bbox 2421 5752 2717 5812; x_wconf 73' lang='lat' dir='ltr'><strong>oppugnat.</strong></span> 
     </span>
    </p>
   </div>
  </div>
