3858 6260
302 289 404 345 977

1322 281 1674 340 1118Τοῐῖῐῶ
1715 277 2279 341 ECCLESLASTICE
2319 276 2449 333 Lm.
2495 253 2572 331 κζ

3452 275 3561 330 878

300 401 585 475 ριξόμεναι
614 378 1033 471 γλῶσσαίῶσεὶ
1068 402 1240 474 πυρός
1265 418 1278 432 ·
1316 402 1538 458 ἐκάθισέ
1569 421 1629 457 τε
1662 403 1749 473 ἐφ’
1782 402 1881 457 ἕνα

1994 410 2227 457 vestrum
2265 406 2694 468 coagmentans;
2732 402 2794 451 ut
2826 394 2944 452 suis
2969 377 3114 465 erga
3158 407 3256 450 vos
3301 394 3557 466 operibus

296 494 529 547 ἕκαστον
576 493 774 546 αὐτῶν.
826 492 962 545 Ἀλλ’
1006 495 1063 546 ἐν
1109 494 1207 563 μὲν
1260 493 1338 564 τῷ
1379 495 1597 549 πάντων
1638 496 1877 567 ἄρχοντι,

296 586 433 648 ῐσως
464 585 624 649 αὐτὸς
654 584 772 648 ὅλος
801 584 1100 654 ἐγκάθηται
1134 585 1388 655 Χριστὸς,
1419 587 1476 639 ἐν
1518 585 1575 639 δὲ
1616 589 1730 650 τοῖς
1765 587 1881 657 μετ’

293 678 462 732 αὑτὸν
510 677 915 748 δευτερεύουσιν
962 676 1072 748 (46)
1098 716 1113 739 ,
1156 677 1433 746 ἀναλόγως
1485 677 1713 732 καθόσον
1754 678 1885 733 ἕκα-

296 788 429 833 στος
458 772 625 841 χωρεῖ
654 769 892 841 Χριστοῦ
926 768 1209 840 δυνάμεως
1253 770 1346 822 καὶ¹
1379 769 1698 840 Πνεῦματος
1722 770 1878 839 ἁγίου

298 860 628 933 μερισμούς.
666 860 851 930 Βάθρα
882 860 925 913 δ’
948 858 1013 913 ἂν
1040 854 1149 912 εἷεν
1176 860 1269 912 καὶ
1298 859 1563 929 ἀγγέλων,
1594 860 1689 914 καὶ
1714 862 1770 913 αἱ
1802 878 1883 913 τι.-

295 953 411 1008 νῶν
437 951 627 1023 ψυχαὶ,
670 952 777 1004 τῶν
816 954 897 1016 εἰς
938 951 1316 1020 παιδαγωγίαν
1358 952 1449 1005 καί¹
1478 952 1717 1025 φρουρὰν
1751 952 1881 1006 ἑκάς

298 1063 418 1117 στῳ
443 1044 914 1116 παραδεδομένων.
958 1044 1161 1114 Σεμνὸν
1193 1044 1252 1097 δὲ
1286 1044 1378 1097 καὶ
1427 1044 1569 1114 μέγα
1602 1045 1696 1097 καὶ
1730 1062 1884 1115 μονο-

296 1138 457 1207 γενὲς
486 1136 902 1209 θυσιαστήριον,
942 1138 1092 1188 ποῖον
1130 1136 1202 1207 ἂν
1246 1136 1332 1207 εἴη
1377 1136 1410 1207 ἦ
1448 1138 1546 1207 τῆς
1574 1136 1667 1190 τοῦ
1703 1136 1880 1190 κοινοῦ

298 1229 523 1283 πάντων
570 1228 759 1301 ἱερέως
799 1228 898 1299 τῆς
938 1226 1119 1298 ψυχῆς
1163 1225 1224 1279 τὸ
1256 1228 1544 1299 εἰλικρινὲς
1587 1229 1679 1282 καὶ
1712 1228 1882 1296 ἁγίων

304 1320 533 1388 Ἀγιον;
664 1318 954 1390 παρεστὼς
987 1319 1080 1371 ἐπὶ
1120 1318 1269 1389 δεξιᾷ
1314 1321 1341 1372 ὁ
1386 1320 1557 1390 μέγας
1598 1320 1706 1373 τῶν
1745 1320 1883 1373 ὅλων

297 1412 593 1482 ἀρχιερεὺς
623 1410 785 1474 αὐτὸς
831 1408 1039 1481 Ἰησοῦς
1085 1412 1114 1463 ὁ
1142 1410 1451 1479 Μονογενὴς
1494 1410 1585 1463 τοῦ
1616 1410 1749 1463 Θεοῦ
1773 1451 1787 1473 ,
1823 1410 1884 1463 τὸ

298 1499 459 1571 παρὰ
500 1498 716 1555 πάντων
758 1498 956 1562 εὐῶδες
1005 1499 1292 1569 θυμίαμα,¹
1328 1498 1550 1562 καὶτὰς
1598 1499 1666 1550 δι’
1709 1498 1883 1569 εὐχῶν

297 1591 565 1663 ἀναίμους
613 1592 707 1643 καὶ
748 1590 945 1654 ἁΰλους
979 1590 1188 1655 Θυσίας,
1236 1588 1446 1661 φαιδρῷ
1488 1590 1567 1660 τῷ
1611 1590 1883 1661 βλέμματι

299 1683 398 1736 καὶ
448 1681 664 1745 ὑπτίαις
714 1681 1105 1753 ὑποδεχόμενος
1154 1682 1327 1753 χερσὶ,
1371 1682 1447 1753 τῷ
1492 1682 1612 1734 κατ’
1653 1680 1882 1753 οὐρανὸν

1987 506 2203 548 sacram
2228 491 2408 545 denuo
2433 498 2488 545 et
2511 503 2768 543 arcanam
2791 489 3197 559 praedictionem
3223 487 3516 557 adimpleat
3536 526 3554 552 ,

1984 600 2103 654 qua
2141 584 2219 639 sic
2251 583 2449 638 habet:
2492 600 2509 632 ι
2548 581 2687 637 Ecce
2718 597 2816 652 ego
2840 594 3086 652 praparo
3125 579 3219 635 tibi
3251 579 3559 635 carbuncu-

1985 679 2096 734 lum
2140 677 2372 747 lapidem
2413 684 2581 736 tuum.
2619 684 2674 731 et
2714 676 3064 731 fundamenta
3095 684 3184 729 tua
3215 673 3555 745 sapphirum,

1985 778 2039 824 et
2069 767 2475 839 propugnacula
2506 776 2593 823 tua
2621 768 2915 839 jaspidem,
2958 776 3012 821 et
3043 776 3228 836 portas
3266 775 3388 822 tuas
3423 765 3561 835 lapi-

1986 863 2082 918 des
2117 859 2379 933 crystalli,
2421 871 2472 916 et
2517 877 2733 916 murum
2783 870 2932 915 tuum
2978 859 3185 930 lapides
3222 857 3457 914 electos:
3499 866 3558 913 et

1984 968 2179 1008 omnes
2211 952 2351 1007 ﬁlios
2392 963 2513 1007 tuos
2543 954 2736 1008 doctos
2783 968 2814 1006 a
2846 934 2977 1018 Deo,
3026 962 3080 1006 et
3112 951 3166 1005 in
3212 950 3380 1005 multa
3420 966 3558 1020 pace

1987 1044 2125 1099 ﬁlios
2170 1055 2321 1111 tuos;
2353 1055 2409 1101 et
2456 1046 2511 1100 in
2537 1044 2750 1114 justitia
2778 1043 3137 1101 adiﬁcaberis
3156 1041 3322 1096 ".«ln
3345 1042 3557 1111 justitia

1985 1136 2150 1207 igitur
2189 1138 2505 1203 adilicans,
2550 1137 2715 1192 totius
2749 1137 2936 1206 populi
2977 1137 3122 1191 vires
3164 1152 3228 1191 ac
3270 1134 3559 1190 facultates

1985 1242 2223 1297 congrua
2263 1226 2474 1282 ratione
2526 1224 2777 1281 distinxit
2820 1240 2838 1309 ρ
2902 1222 3003 1277 hos
3056 1222 3273 1293 quidem
3330 1226 3560 1282 exterio-

1984 1334 2045 1375 re
2076 1321 2343 1377 duntaxat
2380 1324 2606 1389 cingens
2664 1335 2844 1387 muro,
2884 1320 2939 1375 id
2972 1330 3055 1375 est
3094 1320 3246 1374 ﬁrma
3280 1319 3405 1375 ﬁde.
3446 1319 3561 1375 Cu-

1978 1410 2069 1481 jus
2097 1413 2315 1482 generis
2355 1413 2567 1467 inﬁnita
2594 1422 2679 1467 est
2716 1412 3035 1477 multitudo,
3067 1427 3185 1481 qua
3218 1412 3561 1481 prastantio-

1987 1517 2099 1557 rem
2133 1512 2465 1557 structuram
2514 1504 2659 1558 l‘erre
2701 1518 2810 1558 non
2842 1511 3046 1573 potest.
3075 1503 3186 1557 lllis
3220 1517 3351 1556 vero
3380 1502 3561 1558 aditus

1986 1595 2040 1649 in
2077 1596 2341 1664 templum
2374 1595 2733 1665 permittens;
2770 1595 2835 1649 ad
2864 1605 3051 1665 portas
3078 1606 3226 1651 stare
3255 1603 3310 1650 et
3350 1595 3562 1650 intran-

1987 1694 2069 1740 tes
2110 1685 2378 1739 deducere
2420 1698 2514 1739 eos
2552 1684 2734 1752 jubet:
2795 1685 2888 1753 qui
2938 1701 3047 1739 non
3088 1685 3327 1740 absurde
3374 1686 3559 1754 templi

300 1777 480 1847 Πατρὶ
529 1777 623 1828 καὶ
667 1774 786 1845 Θεῷ
827 1776 936 1827 τῶν
988 1775 1124 1827 ὅλων
1172 1772 1622 1843 παραπέμπεται,
1669 1772 1883 1842 πρῶτος

1994 1776 2267 1831 vestibulis
2303 1786 2710 1846 comparantur.
2744 1776 2896 1832 Alios
2922 1777 3114 1846 primis
3137 1778 3405 1832 columnis
3440 1794 3563 1847 qua

300 1868 467 1933 αὐτὸς
496 1866 834 1940 προσκυνῶν,
866 1866 961 1919 καὶ
992 1867 1151 1938 μόνος
1187 1865 1264 1936 τῷ
1291 1866 1466 1936 Πατρὶ
1498 1866 1559 1919 τὸ
1585 1868 1702 1919 κατ’
1725 1865 1883 1930 ἀξίαν

300 1963 593 2033 ἀπονέμων
646 1961 847 2025 σέϐας,
888 1955 1007 2013 εἶτα
1056 1960 1113 2013 δὲ
1152 1960 1245 2011 καὶ
1294 1961 1457 2012 πᾶσιν
1505 1961 1634 2030 ἡμῖν
1677 1960 1882 2031 εὐμενῆ

302 2057 576 2133 διαμένειν
605 2056 699 2109 καὶ
721 2053 891 2121 δεξιὸν
920 2055 998 2115 εἰς
1029 2052 1115 2105 ἀεὶ
1145 2051 1595 2124 παραιτούμενος.
1632 2051 1886 2116 Τοιοῦτος

302 2151 334 2202 ὁ
370 2151 543 2221 μέγας
574 2147 730 2211 νεὼς,
759 2146 817 2199 ὃν
848 2146 966 2201 καθ’
991 2145 1118 2217 ὅλης
1145 2146 1243 2217 τῆς
1274 2147 1362 2214 ὑφ’
1385 2145 1534 2215 ἥλιον
1560 2145 1883 2216 οἰκουμένης

303 2244 333 2295 ό
382 2242 553 2313 μέγας
595 2240 701 2293 τῶν
743 2238 880 2293 ὅλων
920 2238 1252 2309 δημιουργὸς
1284 2236 1456 2304 Λόγος
1497 2238 1883 2308 συνεστήσατο,

304 2336 415 2389 τῶν
451 2334 705 2387 ἐπέκεινα
726 2331 987 2404 οὐρανίων
1014 2330 1215 2401 ἀψίδων
1245 2330 1405 2384 πάλιν
1443 2330 1537 2384 καὶ
1560 2331 1721 2394 αὐτὸς
1760 2347 1883 2383 νοε-

306 2428 414 2501 ράν
459 2426 661 2497 ταύτην
705 2426 798 2478 ἐπὶ
826 2424 930 2495 γῆς
962 2422 1146 2476 εἰκόνα
1181 2421 1678 2493 κατεργασάμενος,
1710 2422 1785 2485 ὡς
1817 2419 1883 2473 ἂν

302 2518 398 2574 διὰ
446 2519 624 2588 πάσης
665 2518 763 2589 τῆς
806 2518 1066 2581 κτίσεως,
1111 2514 1219 2567 τῶν
1278 2531 1336 2567 τε
1382 2514 1474 2567 ἐπὶ
1507 2514 1609 2586 γῆς
1652 2512 1885 2582 λογικῶν

304 2611 462 2677 ζώων
493 2614 520 2664 ὁ
548 2610 738 2681 Πατὴρ
770 2608 915 2679 αὐτῷ
946 2605 1152 2677 τιμῷτό
1188 2622 1248 2659 τε
1282 2607 1375 2659 καὶ
1409 2605 1640 2658 σέϐοιτο.
1691 2602 1800 2659 Τὸν
1826 2604 1883 2656 δὲ

303 2704 698 2774 ὑπερουράνιον
740 2700 916 2772 χῶρον
960 2698 1070 2771 (Η)
1121 2698 1213 2752 καὶ
1266 2698 1336 2752 τὰ
1392 2698 1571 2751 ἐκεῖσε
1615 2695 1723 2749 τῶν
1757 2696 1883 2766 τῇδε

303 2792 767 2863 παραδείγματα,
805 2790 907 2861 τήν
953 2807 1011 2841 τε
1053 2789 1164 2843 ἄνω
1195 2787 1491 2859 λεγομένην
1533 2785 1886 2858 Ἰερουσαλὴμ

303 2885 405 2938 καὶ
427 2883 489 2937 τὸ
515 2882 651 2936 Σιὼν
671 2883 797 2955 ὅρος
816 2883 877 2934 τὸ
900 2881 1238 2952 ἐπουράνιον,
1268 2883 1361 2935 καὶ
1392 2883 1488 2953 τὴν
1515 2881 1885 2954 ὑπερκόσμιον

304 2976 465 3029 πόλιν
498 2974 591 3028 τοῦ
624 2973 824 3038 ζῶντος
847 2972 1004 3037 Θεοῦ,
1034 2974 1091 3026 ἐν
1194 2974 1449 3049 μυριάδες
1473 2973 1717 3041 ἀγγέλων
1748 2991 1886 3027 παν-

303 3066 534 3138 ηγύρεις
576 3066 675 3120 καὶ
714 3066 1011 3138 Ἐκκλησία
1057 3066 1417 3139 πρωτοτόκων
1454 3065 1887 3137 ἀπογεγραμμέ-

303 3179 416 3216 νων
450 3164 507 3214 ὲν
541 3161 821 3232 οὐρανοῖς,
865 3161 988 3223 ταῖς
1030 3160 1286 3232 ἀρρήτοις
1327 3158 1419 3211 καὶ
1459 3157 1887 3225 ἀνεπιλογίστοις

307 3256 453 3326 ἡμῖν
480 3253 798 3321 θεολογίαις,
840 3251 930 3305 τὸν
965 3251 1113 3321 σφῶν
1148 3251 1377 3322 ποιητὴν
1417 3251 1508 3303 καὶ
1539 3250 1889 3321 πανηγεμόνα

305 3345 419 3397 τῶν
459 3343 593 3397 ὅλων
636 3343 1011 3415 γεραίρουσιν,
1068 3334 1128 3394 οὗ
1175 3340 1257 3403 τίς
1306 3340 1498 3410 θνητὸς
1535 3334 1645 3401 οἷός
1677 3356 1735 3391 τε
1771 3339 1888 3392 κατ’

306 3437 468 3503 ἀξίαν
510 3438 777 3508 ὑμνῆσαι;
804 3436 869 3490 Ὀ
891 3454 943 3488 τι
974 3434 1036 3505 δὴ
1069 3433 1345 3505 ὀφθαλμὸς
1372 3434 1472 3486 οὐκ
1501 3428 1629 3494 εἶδε,
1663 3432 1757 3484 καὶ
1798 3427 1889 3495 οὖς

306 3533 413 3585 οὐκ
454 3531 653 3602 ἢκουσε
674 3571 688 3595 ,
726 3529 820 3583 καὶ
859 3528 953 3581 ἐπὶ
981 3528 1206 3599 καρδίαν
1238 3525 1526 3597 ἀνθρώπου
1568 3526 1667 3577 οὐκ
1698 3524 1887 3596 ἀνέϐη,

305 3625 454 3679 αὐτά
491 3624 556 3695 δὴ
597 3624 771 3677 ταῦτα
810 3621 846 3676 ἃ
887 3622 1180 3693 ἡτοίμασεν
1218 3622 1247 3673 ὁ
1281 3619 1413 3682 Θεὸς
1453 3621 1564 3682 τοῖς
1606 3616 1892 3686 ἀγαπῶσιν

308 3716 475 3770 αὐτόν
500 3733 514 3745 ⁸
549 3708 624 3768 ὧν
655 3716 754 3785 ἤδη
790 3716 848 3767 ὲν
896 3714 1052 3785 μέρει
1095 3711 1521 3776 καταξιωθέντες
1560 3709 1748 3780 ἄνδρες
1778 3708 1893 3779 ἅμα

310 3808 470 3863 παισὶ
498 3808 593 3862 καὶ
615 3806 847 3875 γυναιξὶ,
872 3806 1057 3876 μικροὶ
1076 3804 1169 3858 καὶ
1193 3802 1439 3874 μεγάλοι,
1463 3801 1663 3864 πάντες
1685 3799 1748 3852 ἀθ
1759 3799 1895 3869 ρόως

310 3903 369 3956 ὲν
395 3900 479 3954 ἑνὶ
505 3899 775 3971 πνεύματι
813 3898 908 3952 καὶ
956 3899 1054 3969 μιᾷ
1090 3896 1235 3967 ψυχῇ
1257 3935 1272 3958 ,
1333 3896 1405 3967 μὴ
1439 3893 1771 3962 διαλίπωμεν
1808 3890 1895 3955 ἐξ·

308 3993 754 4066 ομολογούμενοι,
794 3992 889 4047 καὶ
921 3990 1012 4046 τὸν
1037 3990 1146 4044 τῶν
1175 3989 1443 4043 τοσούτων
1472 3989 1604 4058 ἡμῖν
1628 3985 1735 4053 (48)
1760 3985 1895 4051 ἀγα-

310 4088 421 4141 θῶν
475 4086 761 4158 παραίτιον
810 4083 1273 4154 ἀνευκρημοῦντες,
1329 4099 1346 4130 ι
1374 4080 1464 4132 τὸν
1520 4074 1895 4130 εὐῐλατεύοντα

310 4180 517 4242 πάσαις
546 4181 664 4241 ταῖς
705 4176 959 4247 ἀνομίαις
999 4174 1178 4246 ἡμῶν,
1207 4173 1298 4226 τὸν
1334 4170 1561 4242 ἰώμενον
1599 4169 1775 4231 πάσας
1797 4167 1895 4228 τὰς

309 4270 503 4333 νόσους
533 4267 723 4340 ἡμῶν,
751 4267 840 4320 τὸν
874 4263 1236 4335 λυτρούμενον
1278 4263 1342 4314 ἐκ
1383 4258 1585 4328 φθορᾶς
1614 4256 1710 4327 τὴν
1752 4254 1897 4325 ζωὴν

310 4363 492 4434 ἡμῶν,
515 4361 605 4414 τὸν
631 4355 998 4426 στεφανοῦντα
1026 4357 1173 4425 ἡμᾶς
1202 4354 1259 4406 ὲν
1284 4352 1423 4405 ἐλέει
1452 4349 1546 4403 καὶ
1569 4348 1894 4418 οἱκτιρμοῖς,

308 4455 403 4509 τὸν
418 4451 819 4524 ὲμπιμπλῶντα
836 4448 946 4519 (49)
962 4451 1018 4502 ἐν
1035 4446 1259 4516 ἀγαθοῖς
1282 4446 1380 4516 τὴν
1404 4441 1697 4513 ἐπιθυμίαν
1715 4438 1890 4511 ἡμῶν·

311 4545 392 4599 ὅτι
428 4544 490 4596 οὐ
520 4542 661 4595 κατά
694 4540 792 4604 τὰς
825 4537 1099 4609 ἁμαρτίας
1127 4533 1282 4606 ἡμῶν
1308 4526 1562 4602 ἐποίησεν
1586 4530 1741 4600 ἡμῖν,
1771 4525 1893 4579 οὐδὲ

310 4633 458 4688 κατὰ
488 4632 585 4695 τάς
615 4630 846 4702 ἀνομίας
875 4628 1034 4700 ἡμῶν
1064 4625 1441 4679 ἀνταπέδωκεν
1464 4622 1594 4692 ἡμῖν
1615 4636 1628 4649 ·
1664 4620 1745 4670 ὅτι
1767 4617 1891 4669 καθ’

311 4728 437 4780 ὅσον
462 4725 754 4795 ἀπέχουσιν
782 4719 1036 4775 ἀνατολαὶ
1066 4717 1172 4773 ἀπὸ
1198 4714 1434 4787 δυσμῶν,
1468 4714 1775 4783 ὲμάκρυνεν
1797 4711 1891 4780 ἀφ’

385 4841 430 4872 ⁹⁷
458 4843 560 4895 lsa.
588 4856 695 4904 Liv,
731 4836 917 4891 ll-l/i».

390 4958 502 5030 (46)
544 4960 646 5014 Ἐν
692 4956 760 5011 δὲ
829 4955 955 5030 τοῖς
999 4954 1150 5030 μετί
1179 4950 1365 5007 αὑτὸν
1406 4948 1885 5030 δευτερεύουσιῂτ

318 5018 693 5100 Ρςτὲειίγιετοε
726 5018 1016 5100 intellig-it;
1052 5024 1153 5100 qui
1228 5021 1527 5100 secundum
1600 5018 1886 5100 sacerdotii

320 5090 549 5171 graduin
585 5099 859 5171 obtinent.
896 5090 961 5171 Et
983 5090 1291 5165 episcopum
1325 5090 1541 5171 quidem
1576 5092 1887 5171 tie-presby-

321 5157 470 5225 ἵει-οε
500 5170 709 5225 thronis
736 5168 995 5224 Ecclesia:
1016 5157 1305 5233 comparat
1341 5157 1371 5212 ἰ
1424 5157 1695 5214 subselliis
1760 5172 1885 5211 vero

319 5244 648 5377 dux???»
663 5306 731 5361 δὲ
756 5304 1190 5376 ὐπερουράνιον
1229 5301 1443 5377 χῶρονς.
1494 5298 1586 5353 Sic
1611 5296 1881 5377 vulgatam

315 5371 627 5443 lectionem,
669 5378 763 5432 τόν
790 5396 851 5431 τε
868 5371 988 5431 ’ὑπζ
1013 5394 1089 5446 χι,
1139 5371 1521 5446 corrigendum
1550 5375 1639 5446 est
1669 5384 1892 5446 prorsus

318 5439 627 5507 necessaria
651 5439 1046 5502 emendatione.
1062 5439 1351 5512 Postquam
1375 5442 1517 5496 enim
1548 5439 1812 5512 Eusebius
1826 5442 1892 5512 de

317 5523 513 5590 duplici
540 5520 792 5590 Ecclesia
817 5518 1017 5590 fabrica
1042 5508 1254 5571 abunde
1271 5512 1481 5590 locutus
1505 5521 1607 5589 est,
1626 5508 1890 5565 materiali

315 5580 530 5646 scilicet
554 5606 618 5644 ac
639 5588 890 5658 spiritali,
916 5598 971 5641 et
1005 5595 1288 5658 utramque
1326 5582 1426 5637 sibi
1465 5580 1698 5658 invicem
1742 5594 1889 5633 com-

355 5662 551 5720 aravit.
586 5646 1019 5712 transittandem
1052 5661 1115 5709 ad
1141 5646 1412 5708 cuilestem
1464 5652 1608 5704 illam
1664 5646 1889 5704 Jerusa-

335 5750 439 5798 etn,
464 5732 667 5801 quippe
690 5744 808 5794 qua
832 5729 950 5782 idea
972 5741 1035 5781 ac
1052 5726 1381 5796 ;rimitivum
1396 5722 1783 5795 exemplarﬁst
1798 5720 1890 5774 dc-

1986 1868 2290 1924 forinsecus
2340 1870 2488 1925 circa
2546 1870 2749 1924 atrium
2803 1871 2856 1923 in
2909 1871 3268 1940 quadranguli
3322 1872 3561 1939 speciem

1984 1961 2260 2029 disposita
2289 1972 2414 2016 sunt
2460 1959 2714 2025 suffulsit,
2749 1963 2891 2015 intra
2924 1963 3130 2031 primos
3154 1962 3402 2018 litteralis
3426 1978 3563 2033 qua-

1988 2060 2108 2107 tuor
2132 2052 2543 2120 EVangeliorum
2569 2067 2759 2107 sensus
2788 2054 2970 2108 obices
3000 2069 3096 2109 eos
3126 2054 3410 2110 inducens.
3441 2055 3563 2111 Jam

1985 2162 2114 2201 vero
2141 2145 2429 2201 nonnullos
2460 2146 2603 2202 circa
2646 2146 2846 2217 regiam
2876 2149 3046 2202 adem
3082 2149 3335 2218 utrinque
3373 2150 3562 2205 lateri-

1986 2237 2087 2292 bus
2124 2237 2379 2307 applicat,
2408 2238 2499 2306 qui
2535 2237 2714 2292 adliuc
2741 2239 2959 2307 quidem
2994 2240 3370 2295 catechumeni
3402 2252 3560 2296 suut:

1986 2338 2040 2384 et
2079 2338 2431 2398 augmentum
2467 2344 2531 2384 ac
2564 2344 2913 2400 prOgressum
2956 2330 3196 2396 faciunt,
3237 2348 3343 2389 non
3383 2344 3560 2389 tamen

1988 2422 2171 2489 procul
2209 2420 2376 2492 386
2424 2422 2620 2476 absunt
2667 2423 2735 2477 ab
2782 2423 2896 2492 ipsa
2954 2424 3412 2481 abditissimorum
3467 2427 3564 2483 Dei

1989 2513 2368 2583 mysteriorum
2411 2512 2744 2583 inspectione
2794 2530 2900 2585 qua
2938 2515 3122 2572 ﬁdeles
3169 2516 3438 2572 fruuntur.
3481 2518 3563 2573 Ex

1988 2605 2183 2659 borum
2215 2618 2442 2657 numero
2470 2619 2564 2659 eos
2584 2619 2817 2674 quorum
2840 2608 3033 2663 anima
3061 2609 3422 2664 immaculata
3437 2619 3565 2664 sunt

1988 2704 2043 2749 et
2086 2696 2270 2750 divino
2322 2694 2540 2749 lavacro
2588 2696 2761 2751 instar
2800 2700 2915 2754 auri
2958 2710 3198 2771 purgata
3236 2716 3561 2758 assumens:

1990 2786 2125 2842 alios
2180 2787 2449 2842 columnis
2498 2801 2618 2856 qua
2658 2790 3018 2847 exterioribus
3067 2793 3175 2847 illis
3229 2793 3390 2864 longe
3420 2809 3563 2864 pra-

1988 2879 2279 2934 stantiores
2322 2889 2487 2946 sunt,
2534 2881 2750 2936 arcanis
2801 2882 3006 2938 scilicet
3040 2892 3095 2938 et
3146 2884 3354 2940 intimis
3394 2900 3564 2941 sacra

1991 2968 2287 3039 Scriptura
2324 2972 2615 3028 sententiis
2644 2971 2902 3029 suilulcit.
2948 2975 3097 3029 Alios
3137 2990 3267 3030 vero
3311 2976 3565 3034 fenestris

1989 3062 2057 3115 ad
2092 3061 2270 3116 lumen
2300 3062 2354 3117 in
2382 3065 2525 3119 ades
2562 3066 2961 3121 immittendum
3002 3065 3161 3123 factis
3196 3068 3455 3124 illustrat.
3486 3070 3565 3125 Ac

1912 3138 1956 3196 C
1991 3154 2301 3210 universum
2335 3156 2554 3225 quidem
2587 3155 2843 3226 templum
2875 3173 2983 3212 uno
3012 3160 3247 3214 maximo
3275 3160 3563 3226 vestibulo,

1991 3247 2151 3301 unius
2189 3248 2403 3303 scilicet
2439 3250 2531 3303 Dei
2566 3251 2763 3303 summi
2789 3250 3031 3304 omnium
3066 3252 3212 3321 regis
3247 3253 3566 3309 adoratione

1989 3341 2297 3395 exornavit.
2357 3339 2636 3398 Christum
2695 3355 2827 3397 vero
2889 3352 2945 3398 et
2984 3342 3249 3411 Spiritum
3316 3354 3564 3399 sanctum

1992 3431 2249 3501 utrinque
2286 3433 2353 3488 ad
2390 3433 2533 3490 latus
2571 3444 2816 3504 paterna
2850 3436 3229 3501 auctoritatis,
3278 3438 3431 3504 quasi
3480 3451 3568 3492 se-

1992 3524 2226 3579 cundum
2271 3525 2453 3582 lumen
2490 3530 2710 3598 prabet.
2757 3529 2863 3584 Sed
2905 3539 2961 3585 et
2993 3529 3046 3583 in
3098 3529 3325 3600 reliquis
3377 3530 3566 3600 singil-

1994 3615 2144 3670 latim
2192 3616 2313 3672 ﬁdei
2355 3631 2557 3676 nostra
2609 3623 2918 3687 sententiis,
2959 3637 3056 3691 per
3082 3633 3249 3677 totam
3284 3622 3565 3678 basilicam

1994 3707 2425 3776 c0piosissimam
2458 3727 2522 3767 ac
2552 3714 3059 3782 prastantissimam
3103 3712 3353 3767 veritatis
3390 3713 3565 3767 lucem

1995 3808 2160 3866 atque
2199 3800 2529 3856 evidentiam
2573 3804 2832 3859 ostendit.
2877 3802 3147 3857 Praterea
3182 3803 3334 3856 vivos
3367 3811 3422 3856 et
3453 3809 3569 3856 sta-

1995 3888 2133 3944 biles
2158 3904 2222 3945 ac
2252 3889 2435 3947 ﬁrmos
2480 3894 2784 3949 animarum
2816 3895 3018 3964 lapides
3048 3893 3287 3962 undique
3315 3892 3566 3961 seligens,

1999 3982 2234 4052 amplam
2275 3999 2339 4037 ac
2385 3985 2593 4056 regiam
2632 3986 2853 4041 demum
2912 4001 2980 4040 ex
3020 3986 3271 4041 omnibus
3320 3994 3570 4041 constru»

1999 4075 2113 4128 xit:
2152 4074 2461 4144 splendoris
2488 4092 2552 4132 ac
2578 4077 2797 4135 luminis
2826 4079 3039 4149 plenam
3079 4089 3188 4133 tam
3224 4078 3370 4134 intus
3407 4093 3571 4149 quam

1999 4174 2200 4219 extra:
2246 4168 2688 4238 quandoquidem
2749 4186 2858 4225 non
2908 4172 3086 4224 anima
3137 4169 3310 4226 solum
3360 4170 3468 4225 illis
3507 4155 3584 4223 ac'

2000 4269 2195 4323 mens,
2243 4259 2340 4314 sed
2394 4262 2561 4315 etiam
2620 4278 2819 4333 corpus
2874 4262 3142 4319 castitatis
3185 4277 3250 4318 ac
3295 4262 3572 4317 modestia

2000 4344 2194 4402 ﬂorido
2250 4360 2447 4405 ornatu
2498 4354 2869 4423 resplendent.
2924 4354 3111 4410 lnsunt
3155 4354 3318 4409 etiam
3368 4352 3421 4407 in
3470 4352 3573 4406 hoc

2002 4440 2205 4507 templo
2245 4440 2447 4505 throni.
2487 4454 2544 4498 et
2581 4445 2834 4500 subsellia
2875 4459 3206 4516 scamnaque
3238 4446 3566 4500 innumera:

2002 4530 2056 4583 in
2096 4533 2309 4587 cunctis
2346 4534 2558 4590 scilicet
2592 4537 2879 4592 animabus
2915 4538 2967 4592 in
3000 4538 3197 4606 quibus
3231 4534 3407 4591 sancti
3450 4534 3573 4603 Spi-

2003 4621 2141 4677 ritus
2184 4626 2425 4692 resident
2463 4629 2629 4693 dona,
2666 4626 2967 4697 cujusmodi
3002 4630 3130 4684 olim
3168 4629 3282 4684 visa
3327 4637 3456 4684 sunt
3482 4642 3574 4682 sa-

2000 4718 2299 4772 crosanctis
2358 4720 2657 4790 apostolis:
2706 4723 2905 4792 quibus
2959 4721 3155 4790 lingua
3206 4721 3382 4776 instar
3430 4719 3572 4790 ignis

1996 4947 2175 5014 gentis
2197 4945 2251 5001 in
2284 4944 2445 5000 terris
2465 4942 2738 5001 Ecclesia.
2772 4942 2837 4996 At
2869 4939 3157 5005 Mnsculus,
3181 4937 3336 5007 cujus
3364 4938 3566 5014 versio-

1998 5010 2122 5071 nem
2149 5032 2300 5071 more
2331 5032 2430 5069 suo
2457 5025 2672 5070 secutus
2700 5024 2783 5069 est
2803 5014 3353 5078 Chrismpborsonns,
3378 5017 3431 5063 et
3460 5010 3573 5076 ipse

1996 5089 2048 5141 in
2084 5087 2241 5154 hujus
2271 5087 2372 5140 loci
2407 5086 2653 5141 versione
2677 5085 2804 5136 nihil
2835 5084 3056 5154 omnino
3094 5082 3244 5141 vidit.
3277 5087 3343 5154 _et
3398 5088 3562 5133 totam

2001 5151 2342 5211 venustatem
2372 5156 2652 5210 sententia
2685 5154 2979 5208 lectoribus
3004 5151 3337 5205 obscuravit.

2065 5228 2177 5297 (48)
2198 5228 2355 5294 Vulg.
2373 5229 2479 5281 τὸν
2492 5226 2790 5297 τοσοῦτον
2806 5224 2967 5293 ἡμῖν.
2991 5222 3196 5297 Scripti
3223 5220 3441 5297 codices
3462 5232 3571 5297 uno

1992 5285 2258 5352 consensu
2300 5285 2502 5352 habent
2557 5296 2648 5348 τὸν
2693 5295 2801 5348 τῶν
2832 5285 3135 5347 ”τοσούτων’
3164 5292 3294 5361 ἡμῖν
3350 5285 3570 5356 ἀγαθῶν

2001 5364 2309 5439 παραίτιον,
2356 5376 2431 5439 (ειΔ
2461 5367 2527 5419 ad
2561 5382 2733 5439 oram
2801 5367 3005 5439 codicis
3051 5362 3209 5438 Med.
3270 5368 3569 5410 annotatnr

2002 5435 2211 5509 σκληρὰ
2248 5436 2519 5503 σύνταξις,
2558 5438 2751 5491 idest:
2791 5454 2808 5487 ι
2842 5437 2974 5489 dura
3004 5435 3169 5502 atque
3192 5444 3385 5498 aSpera
3433 5439 3569 5480 con-

1999 5511 2246 5563 structio.
2279 5527 2297 5557 ι

2070 5578 2181 5650 (49)
2224 5576 2705 5650 Ἐμπιμπλῶντα.
2733 5574 2813 5630 Ita
2846 5576 2898 5629 in
2937 5571 3343 5650 uetustissimo“
3381 5568 3570 5650 codice

1998 5640 2133 5702 Ma‘z.
2164 5640 2417 5701 scribitur
2446 5649 2644 5701 rectius
2673 5662 2831 5714 quam
2864 5644 3007 5714 vulg.
3033 5640 3263 5715 ἐμπιπλ.
3306 5640 3567 5694 Eumdem

2005 5733 2246 5774 errorem
2272 5717 2384 5787 jam
2425 5727 2580 5772 antea
2614 5726 2804 5771 notare
2839 5717 3077 5770 memini.
