3858 6260
260 360 263 361 ν
353 299 459 357 879

1057 290 1327 349 EUSEBH
1362 284 1845 345 CESARIENSIS
1881 283 2031 341 OPP.
2073 281 2254 339 PARS
2289 282 2332 339 1.
2372 314 2439 323 -
2478 282 2865 340 IIISTORICA.

3502 285 3598 342 880

354 417 561 482 divisse,
592 422 650 470 et
688 412 915 481 singulis
955 410 1254 465 insidentes
1284 414 1676 477 apparuerunt.
1717 402 1921 460 Verum

2037 402 2180 473 ἡμῶν
2229 401 2326 466 τὰς
2370 403 2603 473 ἀνομίας
2647 402 2833 473 ἡμῶν
2878 401 3059 467 καθὼς
3113 402 3374 475 οἰκ-τείρει
3427 402 3601 475 πατὴρ

352 511 408 565 iu
456 509 576 580 ipso
613 507 831 577 quidem
871 502 1113 559 omnium
1162 499 1408 570 principe
1450 513 1515 552 ac
1546 495 1801 568 prmside,
1839 505 1923 549 to-

356 611 468 665 tus,
508 608 571 655 ut
610 595 908 652 verisimile
933 600 1038 659 est,
1074 592 1274 646 insidet
1305 589 1574 646 Christus.
1608 587 1666 642 In
1699 588 1765 641 iis
1796 599 1925 640 vero

356 696 449 765 qui
490 693 784 749 secundum
815 688 1100 759 dignitatis
1131 686 1311 741 locum
1349 685 1623 749 obtinent,
1656 691 1926 753 quatenus

356 789 587 858 quisque
634 784 917 854 dispertita
959 781 1179 835 virtutis
1225 777 1427 833 Christi
1472 776 1757 843 sanctique
1803 773 1928 843 Spi-

356 884 495 937 ritus
533 880 675 934 dona
721 891 918 945 capere
958 881 1157 944 potest.
1202 869 1483 925 Subsellia
1521 881 1736 936 quoque
1765 879 1930 934 ange-

353 974 530 1029 lorum
561 979 689 1027 sunt
728 968 1086 1038 quorumdam
1122 964 1340 1024 animm,
1379 974 1609 1030 quorum
1659 956 1931 1013 institutio

354 1081 412 1123 ct
467 1063 716 1121 custodia
771 1061 880 1117 illis
924 1059 1248 1115 demandata
1294 1063 1397 1110 est.
1452 1054 1754 1124 Augustum
1799 1064 1931 1105 vero

353 1171 725 1232 magnumque
756 1165 813 1211 et
847 1154 1065 1209 unicum
1110 1150 1284 1205 altare
1319 1145 1598 1217 quodnam
1634 1143 1779 1232 aliud
1826 1150 1928 1207 est,

357 1230 520 1321 quam
562 1246 759 1303 summi
822 1243 1066 1300 omnium
1114 1235 1414 1295 sacerdotis
1456 1230 1747 1302 purissima
1778 1243 1935 1321 meus

355 1319 690 1413 prorsusque
727 1337 991 1392 Sanctum
1014 1339 1327 1388 sanctorum
1358 1325 1383 1378 ?
1424 1323 1523 1380 Cui
1562 1321 1755 1377 dexter
1795 1319 1928 1413 assi-

358 1409 509 1489 stens
552 1409 827 1486 maximus
859 1426 951 1481 ille
998 1422 1243 1479 omnium
1296 1417 1582 1481 Pontifex,
1622 1414 1738 1484 ipse
1785 1409 1934 1467 scili-

2027 493 2176 556 υἱοὺς
2232 491 2421 555 αὑτοῦ,
2468 493 2777 565 ᾡκτείρησε
2824 493 3027 565 Κύριος
3073 497 3199 559 τοὺς
3244 494 3601 566 φοϐουμένους

2027 585 2207 639 αὐτόν.
2235 603 2255 636 ι
2286 584 2475 639 Ταῦτα
2517 587 2610 639 καὶ
2652 586 2748 641 νῦν
2794 588 2888 641 καὶ
2922 589 3005 651 εἰς
3034 587 3163 652 τοὺς
3202 586 3329 658 ἑξῆς
3368 585 3607 652 ἅπαντας

2026 679 2252 752 χρόνους
2277 683 2398 745 ταῖς
2430 683 2672 754 μνήμαις
2692 684 3203 756 ἀναζωπυροῦντες,
3231 685 3377 756 ἀτὰρ
3402 684 3497 737 καὶ
3518 685 3608 755 τῆς

2028 773 2311 845 παρούσης
2352 774 2711 846 πανηγύρεως
2753 777 2849 830 καὶ
2890 776 2992 846 τῆς
3022 775 3255 848 φαιδρᾶς
3285 774 3495 847 ταύτης
3521 778 3608 831 καὶ

2028 866 2421 938 λαμπροτάτης
2447 868 2661 939 ἡμέρας
2686 868 2777 922 τὸν
2802 870 2973 923 αἴτιον
3005 870 3100 923 καὶ
3140 870 3606 942 πανηγυριάρχην,

2030 958 2249 1031 νύκτωρ
2277 960 2371 1013 καὶ
2402 958 2738 1032 μεθημέραν,
2767 960 2853 1014 διὰ
2880 962 3061 1033 πάσης
3085 960 3234 1032 ὥρας
3261 961 3357 1015 καὶ
3377 960 3445 1013 δι’
3470 960 3608 1031 ὅλης,

2031 1051 2108 1115 ὡς
2134 1053 2327 1113 εἰπεῖν,
2370 1052 2644 1124 ἀναπνοῆς
2674 1055 2731 1107 ὲν
2759 1053 2835 1124 νῷ
2872 1053 3265 1126 προορώμενοι,
3302 1053 3614 1125 στέργοντες

2031 1144 2129 1196 καὶ
2151 1142 2400 1207 σέϐοντες
2422 1144 2600 1216 ψυχῆς
2627 1144 2723 1217 ὅλῃ
2748 1144 2995 1216 δυνάμει,
3019 1146 3115 1199 κα1¹
3142 1144 3239 1198 νῦν
3264 1143 3614 1210 ἀναστάντες,

2038 1232 2248 1305 μεγάλῃ
2278 1232 2572 1298 διαθέσεως
2598 1237 2748 1305 φωνῇ
2778 1233 3274 1305 καθικετεύσωμεν,
3304 1233 3384 1298 ὡς
3413 1233 3481 1287 ἂν
3520 1232 3618 1287 ὑπὸ

2033 1325 2133 1397 τὴν
2158 1325 2327 1380 αὑτοῦ
2362 1327 2600 1399 μάνδραν
2626 1329 2706 1391 εἰς
2740 1327 2890 1391 τέλος
2914 1329 3065 1399 ἡμᾶς
3104 1326 3401 1390 σκεπάζων
3435 1325 3618 1380 διασώ-

2039 1417 2205 1482 ζοιτο,
2252 1417 2349 1488 τὴν
2388 1419 2519 1489 παρ’
2552 1417 2718 1471 αὐτοῦ
2762 1418 3040 1490 βραϐεύων
3086 1418 3307 1490 ἀρραγῆ
3356 1418 3457 1471 καὶ
3487 1418 3619 1472 ἄσει-

356 1535 443 1582 cet
495 1524 652 1580 Jesus
677 1518 987 1589 unigenitus
1042 1515 1135 1571 Dei
1179 1511 1376 1573 Filius,
1436 1503 1820 1561 suavissimum
1867 1500 1926 1555 ab

2038 1525 2159 1562 στον
2197 1508 2420 1563 αἰωνίαν
2455 1510 2698 1580 εἰρήνην,
2729 1511 2789 1562 ὲν
2821 1510 3042 1581 Χριστῷ
3080 1509 3253 1581 Ἰησοῦ
3292 1509 3371 1581 τῷ
3412 1509 3619 1582 Σωτῆρι

356 1617 609 1673 omnibus
657 1611 892 1668 sufﬁtnm
945 1617 1002 1664 et
1059 1608 1339 1661 incruenta
1381 1616 1445 1654 ac
1493 1594 1762 1668 spiritalia
1811 1608 1926 1663 pre-

2037 1599 2068 1669 ἡ
2079 1597 2215 1669 μῶν,
2238 1599 2304 1652 δι’
2329 1592 2389 1651 οὗ
2418 1599 2566 1670 αὐτῷ
2596 1602 2628 1671 ἠ
2655 1600 2781 1665 δόξα
2813 1603 2893 1665 εἰς
2925 1602 3051 1664 τοὺς
3074 1600 3402 1672 σύμπαντας
3425 1601 3622 1666 αἰῶνας

355 1721 479 1762 cum
523 1701 826 1765 sacriﬁcia,
887 1696 1048 1753 hilari
1103 1694 1255 1749 vultu
1305 1701 1361 1747 et
1417 1688 1628 1759 supinis
1686 1686 1926 1740 manibus

2037 1688 2145 1743 τῶν
2175 1689 2406 1745 αἰώνων.
2447 1691 2641 1763 Ἀμήν.

356 1796 679 1866 suscipiens,
698 1791 910 1848 ctelesti
939 1787 1089 1844 Patri
1122 1796 1177 1842 et
1235 1785 1612 1839 universorum
1688 1777 1799 1833 Deo
1865 1781 2181 1835 transmittit
2232 1783 2490 1851 :primns
2533 1785 2648 1853 ipse
2693 1801 2816 1841 eum
2868 1786 3139 1851 adorans,
3189 1786 3453 1857 solusque
3501 1801 3622 1841 con-

356 1897 639 1958 gruentem
680 1893 921 1954 paternae
998 1877 1269 1949 majestati
1332 1877 1594 1931 honorem
1648 1871 1959 1926 exhibens:
2005 1871 2203 1927 deinde
2261 1889 2392 1928 vero
2433 1874 2766 1942 obsecrans,
2821 1887 2878 1931 ut
2926 1877 2972 1933 is
3022 1879 3294 1948 propitius
3366 1879 3621 1934 omnibus

355 1979 517 2034 nobis
575 1990 639 2032 ac
693 1975 960 2043 benignus
1016 1979 1276 2041 perpetuo
1333 1982 1455 2023 esse
1500 1965 1651 2020 velit.
1717 1963 2027 2031 Ilujusmodi
2093 1966 2257 2038 387
2325 1977 2411 2023 est
2476 1985 2731 2040 magnum
2781 1971 2921 2027 illud
2996 1973 3279 2042 templum,
3330 1973 3477 2043 quod
3529 1987 3619 2041 per

356 2070 668 2125 universum
703 2077 967 2122 terrarmn
998 2063 1184 2120 orbem
1210 2073 1435 2131 magnus
1462 2058 1553 2114 ille
1587 2057 1773 2112 mundi
1799 2057 1978 2126 opifex
2015 2056 2248 2114 Verbum
2322 2062 2416 2117 Dei
2479 2063 2802 2131 constituit;
2872 2063 3123 2133 hancque
3192 2064 3615 2119 intellectualem

356 2165 646 2234 imaginem
670 2177 857 2218 eorum
887 2174 1005 2230 quae
1032 2159 1170 2213 ultra
1197 2156 1345 2226 ipsos
1377 2153 1502 2209 caeli
1545 2150 1784 2207 fornices
1824 2151 1997 2221 posita
2062 2162 2209 2214 sunt.
2275 2153 2391 2223 ipse
2458 2155 2512 2209 in
2549 2156 2712 2211 terris
2741 2155 2923 2211 denuo
2978 2154 3209 2226 perfecit
3239 2173 3254 2210 :
3285 2164 3346 2210 ut
3373 2157 3449 2211 ab
3477 2155 3619 2209 omni

357 2265 607 2313 creatura
636 2263 692 2309 et
728 2254 797 2308 ab
825 2250 1193 2306 animantibus
1260 2249 1473 2304 ratione
1542 2247 1809 2316 praeditis,
1869 2245 2026 2301 Pater
2064 2247 2233 2318 ipsius
2285 2248 2469 2305 debito
2526 2251 2732 2306 honore
2790 2250 3048 2320 cultuque
3099 2251 3430 2307 alliceretur.
3479 2250 3622 2308 Illam

353 2364 488 2406 vero
515 2346 956 2418 superctelestem
994 2344 1265 2413 regionem
1293 2351 1349 2397 et
1387 2356 1450 2396 ea
1495 2355 1616 2411 quae
1645 2340 1754 2395 illic
1792 2350 1921 2394 sunt
1958 2340 2288 2411 exemplaria
2317 2342 2510 2396 horum
2543 2358 2665 2411 quae
2702 2342 2792 2397 hic
2853 2344 3169 2399 cernimus:
3202 2358 3500 2413 supernam
3564 2343 3626 2400 il-

348 2447 462 2500 lam
495 2439 853 2505 Hierusalem,
890 2438 1168 2493 cmlestem
1210 2446 1447 2491 montem
1491 2436 1647 2500 Sion,
1684 2443 1741 2490 et
1777 2432 1916 2488 ultra
1956 2434 2215 2487 mundum
2249 2434 2481 2503 positam
2545 2435 2819 2489 civitatem
2867 2434 2962 2489 Dei
3022 2436 3280 2502 viventis,
3318 2436 3373 2490 in
3406 2436 3621 2506 quain-

355 2533 727 2591 numerabiles
783 2530 1101 2602 angelorum
1131 2530 1310 2595 chori,
1366 2538 1421 2584 et
1446 2527 1689 2583 Ecclesia
1725 2526 2206 2597 primogenitorum
2224 2525 2315 2595 qui
2341 2525 2393 2580 in
2431 2524 2555 2582 albo
2593 2525 2891 2581 cmlestium
2944 2527 3142 2583 civium
3194 2528 3455 2597 descripti
3485 2537 3621 2596 sunt,

357 2627 690 2682 conditorem
716 2639 870 2680 suum
898 2638 962 2678 ac
991 2637 1259 2678 summum
1285 2621 1527 2675 omnium
1580 2622 1776 2676 ducem
1837 2619 2051 2690 hymnis
2080 2619 2399 2689 quibusdam
2460 2620 2927 2691 inexplicabilibus
2989 2637 3124 2691 quos
3186 2634 3285 2677 nec
3319 2621 3623 2691 intelligen-

355 2717 433 2772 tia
472 2716 689 2786 assequi
741 2730 1044 2786 possumus,
1081 2724 1445 2768 venerantur:
1480 2711 1658 2766 nullus
1713 2710 2021 2765 mortalium
2081 2725 2179 2780 pro
2209 2711 2471 2781 dignitate
2532 2711 2814 2767 celebrare
2842 2712 3141 2769 suffecerit.
3203 2714 3420 2769 Etenim
3466 2734 3487 2768 ι
3531 2729 3626 2769 nec

357 2810 547 2864 oculus
576 2808 727 2869 vidit,
761 2821 861 2861 nec
888 2806 1039 2859 auris
1072 2804 1296 2867 audivit,
1325 2818 1427 2858 nec
1490 2803 1546 2858 in
1610 2817 1706 2857 cor
1752 2804 1986 2857 hominis
2026 2803 2390 2858 ascenderunt
2439 2818 2506 2859 ea
2551 2819 2671 2874 qua:
2712 2806 2849 2860 Deus
2894 2806 3218 2878 prmparavit
3276 2806 3626 2879 diligentibus

358 2902 509 2966 se”.
540 2918 561 2953 ι
593 2899 829 2966 Quarum
871 2896 1086 2966 quidem
1133 2910 1311 2949 rerum
1336 2893 1447 2964 jam
1477 2894 1656 2963 aliqua
1687 2910 1752 2951 ex
1785 2903 1939 2965 parte
1976 2892 2071 2950 Dei
2095 2892 2356 2950 beneﬁcio
2385 2904 2662 2966 compotes
2695 2896 2861 2969 facti"
2883 2899 2989 2952 viri
3045 2914 3166 2954 cum
3226 2898 3551 2955 mulieribus
3573 2906 3628 2953 et

356 2994 574 3064 pueris;
605 2989 806 3047 summi
840 2989 1044 3057 pariter
1093 2994 1257 3056 atque
1282 2986 1508 3055 ,inﬁmi;
1541 2992 1755 3044 omnes‘
1793 2986 1955 3042 simul
1994 3002 2099 3043 uno
2145 2986 2339 3058 spiritu
2409 3003 2623 3058 unoque
2687 2989 2990 3045 animorum
3040 3004 3306 3046 consensu
3353 3000 3626 3047 tantorum

359 3084 518 3142 nobis
547 3085 809 3138 bonorum
840 3088 1119 3134 auctorem
1144 3077 1395 3134 conﬁteri
1457 3094 1521 3134 ac
1588 3079 1870 3135 celebrare
1921 3094 2194 3149 nunquam
2260 3079 2573 3135 desinamus
2606 3097 2620 3135 :
2659 3097 2678 3131 ‹
2717 3080 2818 3147 Qui
2861 3081 3182 3151 propitiatur
3230 3082 3483 3139 omnibus
3520 3082 3623 3137 ini.

359 3175 662 3248 quitatibus
716 3172 949 3237 nostris;
996 3170 1089 3241 qui
1144 3179 1303 3225 sanat
1341 3184 1530 3226 omnes
1578 3170 1924 3226 inﬁrmitates
1964 3172 2330 3241 nostras;qui
2358 3172 2576 3227 redimit
2605 3172 2672 3227 ab
2701 3172 2925 3228 interitu
2963 3173 3133 3228 vitam
3194 3183 3470 3240 nostram;
3532 3176 3624 3244 qui

360 3276 585 3326 coronat
616 3282 716 3322 nos
738 3266 792 3320 in
825 3265 1199 3320 misericordia
1229 3272 1284 3319 et
1314 3265 1789 3334 miserationibus;
1821 3266 1911 3336 qui
1952 3267 2133 3337 explet
2195 3267 2249 3321 in
2311 3266 2469 3321 bouis
2519 3266 2865 3337 cupiditatem
2902 3274 3167 3321 nostram.
3200 3264 3337 3332 Quia
3398 3281 3506 3322 non
3539 3279 3625 3321 se-

361 3362 595 3417 cundum
618 3368 840 3430 peccata
859 3368 1042 3413 nostra
1076 3356 1205 3412 fecit
1268 3357 1449 3423 nobis,
1506 3373 1683 3427 neque
1737 3361 2030 3414 secundum
2068 3359 2381 3430 iniquitates
2419 3368 2635 3416 nostras
2666 3359 2920 3416 retribuit
2957 3360 3135 3414 nobis.
3193 3359 3329 3426 Quia
3363 3369 3620 3428 quantum

362 3455 527 3509 distat
586 3463 739 3508 ortus
809 3451 876 3507 ab
919 3449 1222 3513 occidente,
1298 3448 1456 3519 longe
1504 3448 1635 3505 fecit
1675 3465 1704 3504 a
1751 3449 1906 3505 nobis
1968 3450 2283 3520 iniquitates
2335 3461 2572 3507 nostras.
2621 3451 3089 3519 Quemadmodum
3139 3451 3426 3506 miseretur
3471 3459 3624 3520 pater

358 3544 595 3600 ﬁliorum
625 3558 868 3607 suorum,
911 3541 1170 3597 misertus
1209 3548 1294 3596 est
1326 3540 1586 3596 Dominus
1624 3541 1927 3597 timentium
1967 3557 2027 3597 se
2047 3542 2115 3595 ".
2148 3561 2167 3594 ι
2214 3542 2338 3598 Haec
2360 3553 2415 3597 et
2448 3543 2501 3599 in
2530 3546 2816 3613 pra'sentia
2841 3554 2897 3599 et
2929 3538 3139 3599 cunctis
3176 3543 3432 3613 deinceps
3488 3552 3621 3597 tem-

358 3639 584 3709 poribus
622 3636 882 3691 memoria
935 3635 1270 3702 recolentes,
1332 3634 1607 3705 Deumque
1649 3636 1934 3704 praesentis
1973 3635 2134 3706 hujus
2199 3636 2521 3692 festivitatis
2567 3645 2621 3691 et
2659 3636 2955 3707 splendida:
3023 3636 3184 3706 hujus
3215 3648 3281 3690 ac
3327 3634 3619 3689 latissima:

360 3729 499 3785 lucis
567 3737 843 3783 auctorem
885 3741 951 3782 ac
1009 3727 1292 3797 praesidem
1343 3725 1434 3780 diu
1469 3734 1741 3797 noctuque
1774 3726 2004 3798 singulis
2043 3728 2214 3794 horis,
2245 3737 2298 3782 et
2333 3729 2612 3795 omnibus,
2644 3736 2702 3782 ut
2750 3729 2820 3782 ita
2869 3726 3071 3793 dicam,
3100 3726 3389 3782 momentis
3426 3725 3617 3796 quibus

359 3822 609 3890 spiritum
679 3819 945 3882 ducimus,
979 3827 1106 3873 ante
1163 3816 1353 3873 oculos
1385 3818 1583 3873 mentis
1647 3818 1806 3874 nobis
1870 3828 2265 3888 proponeutes,
2297 3819 2427 3874 totis
2454 3819 2618 3873 animi
2652 3819 2861 3874 viribus
2889 3832 3013 3873 eum
3049 3818 3335 3889 diligamus
3365 3832 3432 3871 ac
3459 3832 3616 3872 vene-

366 3926 573 3965 remur.
630 3908 860 3979 Jamque
904 3918 1283 3979 exsurgentes,
1308 3908 1720 3964 contentissima
1767 3909 1940 3964 nostri
1979 3907 2205 3964 aﬂ‘ectus
2232 3923 2364 3965 voce
2409 3924 2529 3964 eum
2577 3910 2944 3974 Obsecremus,
2992 3918 3051 3963 ut
3111 3924 3209 3965 nos
3256 3909 3398 3965 intra
3466 3921 3612 3978 septa

359 4003 522 4059 ovilis
544 4004 625 4058 sui
661 4003 797 4057 tueri
827 4014 1086 4072 perpetuo
1114 4018 1179 4058 ac
1231 4017 1454 4058 servare
1501 4002 1655 4068 velit,
1711 4019 2007 4074 pacemque
2045 4004 2212 4075 388
2250 4019 2404 4059 suam
2453 4003 2813 4059 inviolabilem
2856 4005 3012 4062 nobis
3037 4015 3199 4075 atque
3233 4005 3611 4062 inconcussam

357 4104 574 4164 prastet
600 4094 655 4148 in
682 4092 902 4171 Christo
920 4094 1046 4149 Jesu
1082 4093 1377 4151 Servatore
1402 4102 1592 4150 nostro
1614 4135 1629 4162 ,
1660 4108 1755 4165 per
1780 4110 1942 4166 quem
1980 4097 2030 4152 ei
2060 4101 2131 4152 sit
2159 4097 2327 4168 gloria
2358 4097 2410 4152 in
2448 4096 2639 4152 saacula
2667 4097 3008 4152 saeculorum.
3031 4098 3225 4155 Amen.

978 4234 1208 4292 CAPUT
1253 4237 1317 4297 V.

707 4324 965 4393 Exempla
990 4326 1162 4397 legum
1194 4327 1570 4396 imperialium.

427 4415 582 4471 Nunc
620 4430 750 4472 vero
779 4414 1023 4485 exempla
1068 4416 1426 4485 imperialium
1474 4419 1924 4476 constitutionem

358 4507 696 4564 Constantini
729 4522 794 4563 ac
815 4507 1006 4562 Licinii
1033 4523 1100 4562 ex
1125 4507 1367 4564 llomana
1394 4509 1575 4580 lingua
1604 4510 1658 4565 in
1678 4509 1926 4567 Graacam

358 4616 618 4657 conversa
641 4601 894 4669 deinceps
919 4599 1260 4671 adjiciamus.

355 4693 671 4765 Exemplum
696 4692 1097 4765 constitutionis»
1124 4694 1501 4765 imperatorum
1525 4691 1856 4747 Constantini
1878 4700 1927 4746 et

1037 4761 1245 4816 Licinii.

431 4855 779 4913 «Iamdudum
803 4855 1045 4924 quidem,
1079 4871 1201 4910 cum
1235 4855 1791 4913 animadverteremus
1819 4873 1925 4913 non

354 4965 475 5008 esse
509 4951 862 5006 cohibendam
912 4950 1185 5016 religionis
1231 4951 1560 5019 libertatem,
1603 4954 1696 5007 sed
1732 4953 1925 5008 unius-

355 5043 614 5113 cujusque
636 5041 863 5095 arbitrio
896 5055 958 5094 ac
983 5040 1249 5095 voluntati
1286 5040 1726 5109 permittendum,
1757 5050 1815 5094 ut
1856 5058 1923 5097 ex

316 5184 324 5211 ,
355 5137 521 5190 animi
541 5134 624 5189 sui
644 5132 913 5188 sententia
944 5135 1105 5188 rebus
1125 5133 1321 5187 divinis
1345 5148 1563 5203 operam
1594 5133 1769 5200 daret,
1795 5149 1922 5189 san-

353 5229 619 5282 ximus’ut
647 5236 761 5282 tum
785 5226 968 5282 czcteri
1013 5241 1199 5281 omnes
1243 5236 1354 5280 tum
1397 5225 1717 5290 Christiani,
1759 5238 1921 5281 sectae

282 5354 313 5393 »θ
354 5335 419 5375 ac
440 5319 716 5390 religionis
740 5334 854 5375 sua:
888 5319 1044 5373 fidem
1084 5327 1243 5388 atque
1271 5319 1676 5373 observantiam
1718 5319 1920 5373 retine-

304 5450 311 5460 .
353 5420 492 5468 rent.
522 5413 628 5468 Sed
654 5412 912 5482 quoniam
936 5411 989 5467 in
1021 5425 1085 5466 eo
1115 5411 1380 5479 rescripto
1410 5423 1516 5479 quo
1551 5409 1665 5464 bazc
1692 5408 1920 5465 facultas

354 5502 460 5557 illis
479 5518 743 5559 concessa
775 5502 970 5569 fuerat,
1003 5502 1183 5557 multze
1208 5517 1271 5556 ac
1292 5502 1518 5555 diversae
1540 5509 1699 5555 sectae
1718 5499 1919 5555 diserte

354 5607 419 5648 ac
446 5594 761 5648 nominatim
801 5593 995 5648 additae
1031 5592 1370 5659 videbantur,
1398 5590 1614 5661 quidam
1638 5605 1824 5646 eorum
1850 5592 1919 5649 ob

419 5757 466 5791 ⁸⁸
492 5757 509 5811 l
541 5758 667 5813 Cor.
703 5771 762 5822 ιι,
792 5757 844 5811 9.
920 5756 963 5789 ⁸⁸
994 5714 1138 5809 i’sal.
1161 5768 1256 5820 cu,
1286 5754 1318 5809 3
1350 5753 1434 5808 l5.

2568 4243 2964 4297 ΚΕΦΑΛΑΙΟΝ
3012 4244 3089 4296 Ε’.

2047 4335 2389 4404 Ἀντίγραφα
2417 4332 2759 4399 βασιλικῶν
2784 4333 2984 4403 νόμων
3008 4332 3148 4401 (Nic.
3178 4331 3252 4387 Η.
3285 4330 3355 4389 Ε..
3375 4348 3475 4397 vn,
3499 4331 3605 4395 42).

2098 4427 2233 4497 Φέρε
2285 4427 2347 4498 δὴ
2407 4426 2594 4480 λοιπὸν
2648 4426 2743 4479 καὶ
2802 4424 2911 4479 τῶν
2968 4424 3263 4496 βασιλικῶν
3317 4426 3606 4491 διατάξεων

2029 4517 2437 4569 Κωνσταντίνου
2483 4517 2577 4570 καὶ
2618 4517 2889 4571 Λικιννίου
2924 4517 3023 4581 τὰς
3068 4520 3132 4571 ὲκ
3177 4518 3278 4588 τῆς
3325 4518 3607 4590 Ῥωμαίων

2029 4606 2212 4676 φωνῆς
2248 4607 2682 4679 μεταληφθείσας
2716 4609 3011 4680 ἑρμηνείας
3038 4609 3433 4681 παραθώμεθα.

2043 4697 2422 4767 Ἀντίτραεςον
2450 4699 2793 4771 ,ϐασιλικῶν
2820 4699 3148 4764 διατάξεων
3170 4701 3239 4755 ἐκ
3278 4701 3609 4771 Ῥωμαῖκῆς

2397 4769 2682 4838 γλώσσης
2707 4772 3204 4839 μετιιληρθεισῶν
3232 4807 3248 4826 .

2106 4876 2125 4910 ι
2165 4858 2301 4930 Ἤδη
2341 4860 2439 4929 μὲν
2470 4860 2636 4914 πάλαι
2664 4861 2991 4925 σκοποῦντες
3015 4864 3115 4934 τὴν
3159 4862 3474 4935 ἐλευθερίαν
3510 4865 3606 4935 τῆς

2030 4951 2326 5023 θρησκείας
2353 4952 2453 5004 ούκ
2481 4952 2751 5023 ἁρνητέαν
2783 4950 2940 5019 εἶναι,
2976 4955 3092 5007 ἀλλ’
3123 4955 3243 5016 ἑνὸς
3274 4956 3605 5028 ἑκάστουτῇ

2026 5042 2231 5113 διανοίᾳ
2279 5042 2372 5094 καὶ
2418 5041 2668 5114 βουλήσει
2715 5042 2965 5107 ἐξουσίαν
3013 5044 3192 5097 δοτέον
3228 5042 3324 5095 τοῦ
3370 5042 3439 5096 τά
3490 5042 3604 5097 θεῖα

2028 5133 2329 5204 πράγματα
2356 5132 2609 5204 τημελεῖν
2633 5132 2771 5187 κατὰ
2796 5134 2892 5205 τὴν
2916 5134 3080 5188 αὑτοῦ
3103 5135 3441 5207 προαίρεσιν,
3474 5134 3601 5188 Exa-

2030 5239 2152 5278 στον
2186 5223 2602 5294 κεκελεύκειμεν
2622 5264 2637 5290 ,
2673 5228 2786 5288 τοῖς
2830 5242 2889 5278 τε
2920 5227 3290 5299 Χριστιανοῖς,
3324 5227 3425 5297 τῆς
3452 5225 3602 5294 αἱρέ-

2030 5334 2166 5381 σεως
2199 5320 2292 5372 καὶ
2330 5320 2427 5389 τῆς
2458 5319 2755 5391 θρησκείας
2786 5320 2884 5391 τῆς
2915 5321 3120 5374 ἑαυτῶν
3148 5320 3245 5391 τὴν
3283 5321 3467 5375 πίστιν
3506 5338 3597 5389 φυ-

2026 5410 2256 5465 λάττειν.
2302 5410 2436 5463 Ἀλλ’
2462 5410 2648 5482 ἐπειδὴ
2676 5411 2865 5464 πολλαὶ
2888 5413 2982 5465 καὶ
3009 5411 3252 5483 διάφοροι
3278 5412 3519 5484 αἱρέσεις
3541 5413 3596 5464 ἐν

2027 5501 2209 5573 ἐκείνῃ
2257 5504 2322 5572 τῇ
2381 5502 2725 5573 ἀντιγραφῇ,
2779 5504 2836 5556 ἐν
2981 5507 3091 5567 τοῖς
3137 5505 3323 5567 αὐτοῖς
3364 5519 3594 5573 συνεχω-

2030 5592 2165 5664 ρήθη
2197 5595 2253 5664 ἡ.
2273 5594 2495 5666 τοιαύτη
2523 5594 2766 5663 ἐξουσία,
2803 5594 3015 5650 ἐδόκουν
3056 5594 3469 5669 προστεθεῖσθαι
3502 5612 3591 5673 σα·
