3858 6260
301 352 406 409 881

1324 347 1672 406 HlSTORl/E
1711 349 2272 409 ECCLESIASTICE
2313 349 2440 404 LIB.
2475 348 2543 405 X.

3441 324 3555 402 ssi

301 466 423 533 φῶς
454 460 590 533 (50),
633 461 795 533 τυχὸν
837 461 965 528 ἴσως
1004 463 1146 527 τινές
1187 462 1367 517 αὐτῶν
1408 475 1533 535 μετ’
1554 464 1731 534 ὀλίγον
1776 465 1884 520 ἀπὸ

1989 467 2125 521 hane
2161 465 2397 521 fortasse
2422 478 2638 519 causam
2666 461 2825 533 paulo
2860 472 2984 532 post
3014 462 3082 518 ab
3112 459 3417 531 huiusmodi
3449 462 3549 515 ob-

299 551 406 623 τῆς
432 549 688 622 τοιαύτης
727 551 1152 622 παραφυλάξεως
1189 553 1572 626 ἀνεκρούοντον
1609 555 1768 608 ὁπότε
1801 557 1883 609 εὑ-

297 640 486 712 τυχῶς
517 639 628 710 ἐγὼ
660 642 1067 705 Κωνσταντῖνος
1098 645 1126 696 ὁ
1154 642 1480 712 Αὔγουστος,
1513 643 1668 714 κάγὼ
1700 646 1883 698 Λικίν-

300 749 419 797 νιος
442 733 471 786 ὀ
502 732 827 800 Αὔγουστος,
862 733 920 786 ἐν
951 733 1015 804 τῇ
1046 731 1354 804 Μεδιολάνῳ
1387 731 1758 806 ἐληλύθειμεν,
1788 735 1881 786 καὶ

299 825 488 879 πάντα
526 825 626 879 ὅσα
661 825 799 896 πρὸς
831 824 893 877 τδ
934 824 1204 889 λυσιτελὲς
1249 826 1342 879 καὶ
1390 826 1453 880 τὸ
1496 827 1762 898 χρήσιμον
1804 824 1882 896 τῷ

299 916 472 986 κοινῷ
498 916 763 988 διέφερεν,
807 916 864 968 ἐν
893 916 1113 987 ζητήσει
1150 904 1381 986 ἔσχομεν
1408 958 1423 982 ,
1472 916 1643 970 ταῦτα
1677 916 1881 993 μεταξὺ

297 1004 417 1059 τῶν
447 1003 649 1058 λοιπῶν
677 1004 833 1058 ἅτινα
865 1002 1036 1057 ἐδόκει
1068 1005 1126 1058 ἐν
1152 1004 1365 1068 πολλοῖς
1394 1005 1595 1060 ἅπασιν
1628 1004 1880 1075 ἐπωφελῆ

298 1090 468 1160 εἶναι,
498 1094 694 1168 μᾶλλον
721 1097 779 1150 δέ
805 1098 863 1150 ἐν
892 1095 1129 1167 πρώτοις
1151 1096 1401 1161 διατάξαι
1429 1097 1880 1169 ἐδογματίσαμεν,

297 1180 390 1251 οἷς
419 1188 453 1258 ὴ
487 1188 625 1259 πρὸς
653 1186 712 1240 τὸ
738 1187 888 1242 Θεῖον
922 1186 1084 1252 αἰδώς
1111 1204 1171 1242 τε
1201 1189 1296 1243 κα)⁸
1336 1188 1398 1241 τὸ
1440 1173 1602 1252 σέϐας
1629 1189 1881 1259 ἐνείχετο,

296 1277 453 1333 τοῦτ’
497 1277 640 1332 ἐστιν
663 1320 679 1345 ,
733 1280 879 1343 ὅπως
913 1280 1092 1350 δῶμεν
1139 1281 1233 1332 καὶ
1273 1284 1385 1344 τοῖς
1415 1282 1759 1352 Χριστιανοῖς
1790 1281 1883 1334 καὶ

296 1372 475 1424 πᾶσιν
498 1369 786 1442 ἐλευθέραν
814 1372 1020 1442 αἵρεσιν
1048 1370 1143 1424 τοῦ
1173 1371 1481 1426 ἀκολουθεῖν
1503 1375 1567 1443 τῇ
1618 1372 1883 1444 θρησκείᾳ

297 1445 340 1526 ᾖ
368 1458 416 1512 δ’
455 1459 519 1514 ἂν
555 1459 917 1533 βουληθῶσιν·
959 1462 1104 1524 ὅπως
1144 1463 1172 1515 ὅ
1221 1463 1272 1515 τί
1329 1463 1460 1517 ποτέ
1502 1464 1617 1516 ἐστι
1660 1464 1883 1534 Θειὸτης

298 1552 406 1604 καὶ
427 1551 676 1623 οὐρανίου
704 1552 1026 1624 πράγματος
1048 1552 1182 1625 (51),
1212 1556 1340 1625 ἡμῖν
1365 1554 1458 1609 καὶ
1486 1557 1618 1609 πᾶσι
1645 1557 1757 1620 τοῖς
1778 1555 1884 1609 ὑπὸ

296 1644 408 1716 τὴν
440 1645 711 1717 ἡμετέραν
752 1645 1002 1714 ἐξουσίαν
1031 1646 1305 1715 διάγουσιν
1340 1647 1566 1718 εὐμενὲς
1613 1643 1751 1701 εἶναι
1795 1647 1884 1700 δυ-

296 1737 472 1808 νηθῇ.
529 1738 720 1793 Τοίνυν
765 1737 970 1809 ταύτην
1018 1738 1116 1809 τὴν
1166 1737 1418 1810 βούλησιν
1459 1739 1560 1812 τὴν
1606 1739 1883 1810 ἡμετέραν

297 1827 529 1900 ὑγιεινῷ
553 1830 648 1883 καὶ
678 1829 952 1901 ὀρθοτάτῳ
980 1826 1223 1900 λογισμῷ
1252 1828 1702 1901 ἐδογματίσαμεν,
1734 1831 1882 1894 ὅπως

299 1921 503 1994 μηδενὶ
534 1921 813 1986 παντελῶς
843 1920 1059 1989 ἐξουσία
1108 1920 1350 1994 ἀρνητέα
1445 1921 1537 1974 τοῦ
1571 1921 1880 1976 ἀκολουθεῖν

294 2012 405 2066 καὶ
449 2012 721 2082 αἱρεῖσθαι
763 2014 859 2084 τὴν
889 2013 1008 2066 πῶν
1054 2013 1392 2084 Χριστιανῶν
1432 2013 1808 2087 παραφύλαξιν
1846 2012 1878 2085 ἢ

298 2101 624 2173 θρησκείαν,
675 2103 886 2173 ἑκάστῳ
936 2119 996 2155 τε
1040 2102 1257 2169 ἐξουσία
1306 2103 1483 2175 δοθείη
1538 2103 1631 2156 τοῦ
1682 2102 1882 2156 διδόναι

298 2190 504 2245 ἑαυτοῦ
537 2193 635 2263 τὴν
672 2192 906 2247 διάνοιαν
948 2193 1006 2246 ἐν
1036 2192 1219 2265 ἐκείνῃ
1262 2195 1329 2264 τῇ
1359 2192 1655 2265 θρησκεία,
1687 2193 1752 2261 ἦν
1785 2192 1881 2245 αὐ-

297 2282 400 2347 τὸς
446 2282 625 2354 ἐαυτῷ
668 2282 927 2355 ἁρμόζειν
967 2282 1185 2355 νομίζῃ,
1221 2283 1368 2346 ὅπως
1407 2285 1537 2355 ἡμῖν
1574 2281 1774 2354 δυνηθῇ
1820 2283 1882 2335 τὸ

297 2374 463 2428 Θεῖον
490 2376 548 2429 ἐν
577 2376 712 2428 πᾶσι
741 2375 837 2448 τὴν
871 2374 1055 2446 ἔθιμον
1089 2375 1323 2447 σπουδὴν
1354 2376 1447 2429 καὶ
1476 2373 1881 2443 καλοκάγαθίαν
1906 2444 1909 2447 _

297 2466 587 2538 παρέχειν.
634 2468 825 2520 ’Ἃτινα
857 2466 1029 2532 οὕτως
1077 2468 1329 2539 ἀρέσκειν
1375 2468 1503 2538 ἡμῖν
1552 2466 1882 2538 ἀντιγράψαι

297 2557 600 2613 ἀκόλουθον
636 2554 728 2632 ἦν,
759 2559 826 2612 ἵν’
856 2559 1248 2631 ἀφαιρεθεισῶν
1284 2558 1561 2623 παντελῶς
1591 2558 1699 2614 τῶν
1728 2559 1881 2632 αἱρέ-

300 2667 480 2715 σεων,
512 2650 722 2724 ,αἵτινες
760 2652 874 2714 τοῖς
918 2652 1204 2723 προτέροις
1254 2648 1408 2720 ήμῶν
1446 2650 1734 2721 γράμμασι
1771 2653 1884 2714 τοῖς

299 2742 448 2810 πρὸς
499 2743 598 2816 τὴν
664 2742 760 2814 σὴν
812 2742 1135 2797 καθοσίωσιν
1185 2742 1529 2796 ἀποσταλεῖσι
1590 2742 1720 2814 περὶ
1776 2742 1881 2794 τῶν

301 2832 652 2905 Χριστιανῶν
682 2832 968 2903 ἐνείχοντο,
1000 2833 1092 2887 κα)⁵
1120 2832 1276 2887 ἅτινα
1303 2835 1441 2888 πάνυ
1469 2831 1632 2885 σκαιὰ
1659 2831 1752 2884 καὶ
1784 2831 1883 2901 τῆς

300 2924 586 2998 ἡμετέρας
630 2924 933 2996 πραότητος
978 2924 1231 2996 ἀλλότρια
1274 2922 1412 2979 εἶναι
1459 2923 1665 2990 ἐδόκει,
1711 2922 1883 2976 ταῦτα

303 3014 599 3087 ὑφαιρεθῇ,
624 3014 719 3068 καὶ
742 3014 837 3068 νῦν
861 3013 1156 3086 ἐλευθέρως
1179 3032 1238 3068 τε
1261 3015 1353 3070 καὶ
1379 3013 1630 3076 ἀπλανῶς
1657 3012 1883 3076 ἕκαστος

302 3104 420 3159 τῶν
448 3105 547 3174 τὴν
580 3105 749 3175 αὐτὴν
781 3105 1095 3177 προαίρεσιν
1131 3104 1437 3177 ἐσχηκότων
1474 3102 1567 3157 τοῦ
1599 3104 1883 3175 φυλάττειν

1983 555 2256 611 servantia
2303 554 2645 611 destiterunt.
2678 551 3042 618 Quamobrem
3097 565 3219 606 cum
3254 565 3376 618 nos,
3400 548 3544 604 Con-

1983 647 2255 704 stantinus
2307 660 2371 702 ac
2418 645 2660 701 Licinius
2704 642 2957 714 Augusti,
3000 641 3251 698 felicibus
3290 641 3546 712 auspiciis

1983 736 2342 795 Mediolanum
2374 737 2732 803 venissemus,
2765 743 2820 789 et
2845 749 3181 805 quaecunque
3211 733 3277 789 ad
3304 748 3545 789 COIIImO-

1983 835 2108 887 dum
2131 831 2530 901 utilitatemque
2572 829 2888 899 reipublicae
2925 826 3291 899 pertinebant,
3314 825 3547 882 sollicite

1984 923 2379 995 inquireremus
2398 962 2413 988 ,
2461 923 2604 976 inter
2627 929 2822 976 cratera
2847 934 2967 991 qum
3009 919 3278 974 universis
3307 918 3546 977 multifa-

1986 1014 2116 1068 riam
2143 1010 2823 1082 profuturajudicavimus,
2862 1025 2957 1064 seu
2984 1009 3165 1080 potius
3188 1025 3297 1076 prae
3323 1007 3547 1076 reliquis

1983 1103 2232 1159 omnibus
2256 1103 2374 1158 haec
2412 1102 2792 1158 constituenda
2841 1116 2961 1156 esse
2992 1100 3318 1166 censuimus,
3353 1099 3549 1169 quibus

1983 1194 2146 1250 divini
2200 1194 2441 1250 numinis
2484 1194 2664 1250 cultus
2718 1209 2782 1248 ac
2832 1192 3108 1249 veneratio
3135 1192 3545 1247 contineretur:

1984 1283 2088 1338 hoc
2127 1295 2230 1351 est,
2272 1292 2333 1338 ut
2361 1283 2685 1338 Christianis
2715 1290 2772 1338 et
2820 1282 3043 1353 reliquis
3090 1282 3342 1337 omnibus
3380 1282 3549 1357 libera

1984 1377 2210 1433 facultas
2265 1391 2297 1431 a
2333 1377 2488 1432 nobis
2538 1377 2809 1432 tribuatur
2851 1390 3229 1445 quamcunque
3278 1375 3549 1430 voluerint

1986 1469 2299 1538 religionem
2330 1466 2682 1523 consectandi
2715 1486 2730 1521 :
2766 1481 2877 1535 quo
2893 1465 3107 1522 scilicet
3133 1465 3394 1537 quidquid
3418 1463 3549 1520 illud

1983 1566 2064 1612 est
2095 1557 2335 1612 divinum
2368 1572 2431 1611 ac
2466 1557 2688 1612 caeleste
2722 1572 2946 1623 numen,
2980 1557 3135 1612 nobis
3177 1565 3234 1611 et
3278 1556 3551 1611 universis

1983 1651 2074 1721 qui
2130 1652 2229 1706 sub
2281 1649 2509 1721 imperio
2559 1658 2750 1704 nostro
2808 1651 3034 1720 degunt,
3087 1647 3378 1719 propitium
3428 1661 3550 1705 esse

1985 1741 2360 1817 possit.ﬂanc
2399 1742 2564 1812 igitur
2609 1749 2851 1797 nostram
2899 1740 3231 1796 voluntatem
3258 1739 3461 1795 salubri
3493 1746 3550 1794 et

1985 1832 2285 1889 rectissimo
2310 1832 2541 1888 consilio
2561 1829 3042 1901 promulgavimus,
3068 1838 3127 1884 ut
3164 1829 3368 1884 nemini
3390 1844 3549 1900 pror-

1983 1938 2076 1977 sus
2118 1919 2487 1977 Christianam
2539 1920 2941 1977 observantiam
2987 1935 3052 1975 ac
3100 1919 3419 1989 religionem
3446 1935 3563 1975 .se--

1982 2013 2180 2088 quendi
2204 2021 2298 2068 aut
2321 2012 2555 2082 eligendi
2588 2012 2807 2068 licentia
2843 2011 3160 2081 denegetur.
3202 2009 3309 2066 Sed
3341 2011 3553 2067 unicui-

1982 2121 2088 2175 que
2118 2104 2280 2161 liceat
2313 2105 2381 2158 ad
2408 2119 2528 2159 eam
2563 2103 2877 2175 religionem
2916 2119 3078 2173 quam
3110 2102 3212 2158 sibi
3245 2101 3553 2158 conducere

1983 2196 2276 2264 censuerit,
2304 2197 2549 2252 animum
2586 2195 2892 2267 applicare;
2933 2210 3041 2265 quo
3070 2194 3309 2250 divinum
3349 2210 3565 2251 numen-

1982 2303 2308 2359 propensum
2351 2302 2482 2359 erga
2524 2302 2623 2342 nos
2657 2286 2892 2343 studium
2940 2301 3005 2342 ac
3048 2286 3440 2356 benignitatem
3472 2274 3569 2343 rin~

1983 2378 2232 2434 omnibus
2294 2378 2465 2449 possit
2529 2377 2837 2433 ostendere.
2901 2375 3071 2432 Porro
3125 2386 3552 2432 consentaneum

1983 2468 2148 2540 389
2174 2469 2274 2523 fuit
2311 2477 2371 2522 ut
2399 2469 2515 2523 haec
2547 2466 2703 2547 nobis
2734 2467 2809 2520 ita
2848 2466 3065 2536 placere
3099 2468 3547 2531 rescriberemus.

1984 2557 2347 2630 quo,sublatis
2375 2557 2594 2628 penitus
2638 2555 2896 2611 omnibus
2928 2555 3096 2610 sectis
3126 2573 3247 2627 qua:
3280 2556 3342 2612 in-
3368 2556 3572 2627 priore

1982 2658 2170 2704 nostra
2195 2649 2261 2704 de
2285 2645 2616 2703 Christianis
2636 2642 2864 2716 cpistola
2895 2646 2960 2699 ad
2993 2644 3164 2701 Tuam
3199 2645 3552 2702 Devotionent

1984 2740 2148 2796 missa
2177 2738 2616 2804 continebantur,
2647 2750 2768 2790 cum
2806 2735 2897 2791 illa
2926 2750 3047 2806 qua}
3068 2750 3292 2807 prorsus
3325 2732 3553 2790 siniStra

1983 2842 2037 2888 et
2065 2848 2095 2886 ιι
2142 2840 2326 2886 nostra
2360 2828 2775 2885 mansuetudine
2819 2828 2997 2884 aliena
3031 2813 3151 2884 esse
3201 2828 3563 2894 videbantur,

1983 2924 2204 2978 omnino
2237 2929 2626 2977 removeantur
2652 2938 2665 2975 :
2696 2929 2809 2974 tum
2839 2931 2896 2976 ut
2928 2921 2981 2976 in
3010 2930 3284 2992 posterum
3319 2918 3551 2988 quicun-

1984 3031 2088 3086 que
2118 3014 2483 3070 Christianam
2516 3011 2831 3083 religionem
2868 3010 3265 3068 observandam
3294 3009 3398 3064 sibi
3431 3023 3567 3063 esse.

1985 3114 2311 3170 statuerunt,
2359 3119 2478 3159 eam
2531 3102 2702 3179 libere
2748 3111 2807 3158 et
2854 3112 3166 3158 constanter
3214 3103 3417 3171 absque
3447 3100 3552 3156 ulla

298 3193 408 3267 τὴν
460 3169 570 3249 τῶν
621 3169 959 3267 Χριστιανῶν
997 3169 1310 3266 θρησκείαν,
1363 3196 1490 3249 ἄνευ
1534 3169 1676 3257 τιν’δς
1722 3193 1880 3264 ὀχλή-

1989 3197 2231 3252 molestia
2281 3169 2337 3251 et
2386 3174 2770 3265 impedimento
2824 3195 3116 3254 retineant.
3162 3169 3555 3263 Quaquiden

305 3304 474 3351 οεως,
512 3285 669 3341 τοῦτο
706 3289 837 3341 αὐτὸ
868 3288 1293 3360 παραφυλάττοι.
1334 3288 1523 3340 Ἂτινα
1552 3289 1619 3358 τῇ
1655 3289 1721 3358 σῇ
1762 3289 1882 3340 ἐπι-

306 3378 507 3449 μελείᾳ
555 3378 900 3450 πληρέστατα
944 3378 1181 3450 δηλῶσαι
1221 3378 1690 3449 ἐδογματίσαμεν,
1733 3379 1882 3442 ὅπως

305 3468 513 3539 είδείης
550 3470 697 3539 ἡμᾶς
741 3468 1028 3558 ἐλευθέραν
1070 3469 1165 3522 καὶ
1196 3468 1600 3539 ἀπολελυμένην
1638 3466 1881 3533 ἐξουσίαν

305 3558 406 3612 τοῦ
465 3559 718 3630 τημελεῖν
773 3561 873 3632 τὴν
932 3559 1480 3658 ἐαυτῶνοθρησκείαν
1528 3562 1640 3623 τοῖς
1699 3560 1882 3623 αὐτοῖς

307 3651 662 3721 Χριστιανοῖς
695 3650 1012 3705 δεδωκέναι·
1063 3650 1198 3725 ὅπερ
1231 3651 1415 3721 ἐπειδὴ
1469 3650 1884 3720 ἀπολελυμένως

309 3733 499 3805 αὐτοῖς
524 3741 614 3811 ὑφ’
636 3744 668 3813 ἡ
679 3740 795 3813 μῶν
827 3742 1157 3815 δεδωρῆσθαι
1192 3743 1300 3813 (59.)
1322 3784 1336 3807 ,
1373 3742 1623 3814 θεωρεῖὴ
1656 3742 1723 3811 σὴ
1752 3739 1886 3793 καθ-

307 3831 570 3897 οσίωσις,
622 3834 715 3887 καὶ
750 3833 955 3905 ἑτέροις
987 3832 1230 3886 δεδόσθαι
1269 3833 1515 3898 ἐξουσίαν
1559 3832 1670 3895 τοῖς
1702 3830 1887 3902 βουλο-

316 3923 504 3997 μένοις
534 3922 636 3978 τοῦ.
660 3925 1016 3997 μετέρχεσθαι
1047 3926 1145 3997 τὴν
1191 3927 1568 3998 παρατήρησιν
1618 3925 1711 3978 καὶ
1759 3922 1891 3995 θρη-

390 4105 504 4177 (50)
537 4106 999 4175 Προστεθεῖσθαι
1019 4106 1247 4177 σαφῶς.
1275 4105 1342 4177 ln_
1366 4104 1551 4158 codice
1582 4101 1892 4177 Fuketiano

315 4186 375 4231 et
400 4172 678 4232 Saviliano
709 4179 961 4232 scribitur
991 4172 1235 4245 ἀσαφῶς.
1284 4174 1429 4245 gUtra
1479 4183 1658 4228 autem
1700 4172 1885 4245 verior

317 4246 392 4320 sit
424 4247 609 4320 lectio.
638 4246 851 4320 dillicile
905 4256 989 4320 est
1027 4240 1227 4320 dicere.
1277 4244 1419 4320 Nam.
1451 4258 1590 4320 cum
1613 4245 1760 4314 prior
1791 4240 1881 4320 illa

316 4316 408 4371 lex
432 4317 771 4372 Constantini
798 4332 894 4386 pro
933 4316 1279 4378 Christianis,
1335 4312 1489 4381 cujus
1541 4312 1627 4386 hic
1681 4312 1884 4386 mentio

320 4388 407 4455 ﬁt,
450 4388 608 4443 hodie
631 4380 990 4451 desideretur,
1015 4388 1304 4442 obscurum
1338 4380 1435 4455 est
1488 4384 1741 4455 quidnam
1797 4380 1884 4434 hic

319 4453 426 4511 sibi
457 4457 587 4511 velit
615 4456 1027 4521 Constantinus,
1065 4471 1186 4510 cum
1219 4456 1291 4508 ait
1332 4454 1386 4508 in
1418 4468 1480 4508 ea
1515 4454 1632 4522 lege
1652 4453 1886 4520 adjectas

1992 3289 2193 3344 idcirco
2231 3298 2336 3342 tuae
2366 3286 2603 3343 solertia:
2630 3288 2922 3359 iudicanda
2955 3285 3292 3352 censuimus,
3330 3293 3390 3337 ut
3418 3282 3558 3338 libe-

1987 3391 2102 3431 ram
2131 3384 2186 3430 et
2213 3375 2516 3432 absolutam
2556 3375 2830 3431 licentiam
2872 3374 3150 3445 religionis
3177 3388 3286 3430 sua:
3317 3372 3556 3428 colendae

1988 3465 2316 3520 Christianis
2334 3479 2649 3520 concessam
2675 3481 2703 3517 a
2731 3465 2889 3519 nobis
2909 3480 3028 3519 esse
3058 3477 3377 3531 cognoscas.
3399 3461 3554 3530 Quod

1988 3558 2240 3626 quoniam
2289 3572 2319 3609 a
2354 3556 2510 3610 nobis
2548 3555 2871 3625 simpliciter
2897 3568 2953 3610 et
2998 3556 3244 3611 absolute
3281 3555 3386 3610 illis
3419 3569 3554 3609 con-

1987 3661 2197 3702 cessum
2227 3657 2332 3714 est,
2374 3646 2533 3702 simul
2571 3647 2733 3701 etiam
2772 3646 2893 3702 aliis
2922 3647 3323 3702 observantiam
3359 3654 3413 3700 et
3435 3646 3552 3700 cul-

1988 3747 2099 3790 tum
2127 3752 2282 3790 suum
2312 3737 2509 3792 sectari
2530 3737 2856 3801 volentibus,
2878 3738 2929 3793 id
2956 3753 3270 3793 concessum
3294 3752 3417 3792 esse
3437 3733 3576 3791 Tua.-

1990 3827 2213 3882 Devotio
2243 3827 2514 3895 intelligit.
2548 3827 2702 3895 Quod
2728 3826 2971 3898 profecto
2999 3837 3299 3897 temporum
3332 3838 3551 3883 nostro-

1995 3935 2113 3976 rum
2155 3919 2535 3989 tranquillitati
2588 3920 2882 3976 convenire
2935 3922 3277 3991 perspicuum
3323 3930 3448 3977 est:
3493 3934 3553 3979 ut

1991 4101 2236 4171 religioni
2267 4100 2596 4159 Christianae
2634 4115 2739 4154 non
2765 4101 2898 4156 levis
2922 4100 3040 4157 ﬁeri
3070 4100 3360 4157 videbatur
3404 4101 3550 4171 inin--

1990 4170 2324 4241 ria,’quippe
2358 4187 2476 4240 quae
2506 4187 2626 4224 cum
2675 4170 2953 4230 haereticis
2984 4182 3038 4226 et
3102 4170 3468 4227 sebismaticis
3499 4181 3554 4228 et

1990 4256 2112 4296 eum
2134 4241 2442 4295 .ludaeorum
2479 4241 2700 4309 perfidia
2724 4242 2880 4310 quasi
2922 4257 2985 4295 ex
3016 4257 3169 4311 aequo
3195 4257 3550 4310 componere-

1992 4321 2101 4368 tur.
2131 4311 2312 4379 Quare
2336 4311 2643 4365 admonitus
2676 4319 2857 4380 postea
2890 4327 2918 4364 a
2955 4311 3248 4367 Catholicis
3287 4312 3554 4367 Constan-

1993 4381 2156 4444 tinus,
2188 4384 2288 4436 hac
2318 4380 2618 4450 posteriore
2659 4380 2781 4451 lege
2808 4380 2860 4434 id
2893 4382 3242 4448 emendavit;
3279 4392 3548 4436 sectarum

1993 4452 2233 4505 omnium
2276 4451 2550 4515 mentione
2573 4451 2797 4518 penitus
2840 4451 3074 4514 sublata,
3112 4452 3213 4505 hoc
3276 4460 3362 4505 est
3409 4453 3553 4520 quod

317 4525 497 4581 fuisse
521 4526 715 4597 multas
743 4542 804 4580 ac
827 4519 1069 4581 diversas
1104 4524 1343 4597 αἱρέσεις
1364 4519 1601 4597 ,_eaqué_
1623 4524 1689 4576 de
1717 4519 1878 4597 causa

1989 4519 2124 4597 in_l'ra
2156 4520 2289 4597 dicit
2315 4522 2398 4574 his
2423 4519 2600 4597 verbis
2631 4542 2642 4574 :
2681 4520 2788 4597 "Iv:
2823 4520 3217 4597 ἀφαιρεθεισῶν
3274 4519 3553 4597 παντελῶς

324 4596 583 4652 rnultosa
613 4596 747 4665 legis
788 4597 1112 4652 Christiana:
1165 4591 1513 4665 professione
1554 4591 1880 4665 deterritos.

320 4662 847 4736 Chrislophor'sonus
880 4667 1096 4734 quidem
1126 4662 1415 4735 διαφόρους
1447 4662 1684 4735 αἱρέσεις
1720 4662 1886 4736 inter-

321 4733 571 4804 pretatus
617 4744 701 4791 est
753 4733 945 4791 dubias
1005 4745 1060 4790 et
1107 4733 1827 4789 contrdversas'sententias
1867 4748 1882 4783 :

322 4809 480 4873 (prosi
522 4820 587 4860 ea
613 4806 699 4860 lex
756 4822 864 4862 non
924 4806 1289 4874 perspicuum.
1355 4804 1448 4874 sed
1504 4805 1794 4874 obscurum
1832 4808 1888 4874 et

322 4872 638 4947 ambiguum
662 4890 879 4947 senstth
898 4872 1178 4947 imbuerit.
1208 4877 1386 4947 Atque
1422 4873 1491 4947 ita
1523 4872 1785 4947 Baronius
1817 4872 1885 4947 ad

323 4940 529 4999 annum
589 4946 791 5001 Christi
848 4945 973 5007 5l'5,
1023 4944 1136 5000 haec
1193 4940 1663 5014 Christ0pborsoni
1722 4940 1887 5014 verba

323 5014 617 5070 intellexit.
642 5014 859 5084 Langus
893 5030 1018 5070 vero
1067 5024 1122 5069 et
1159 5010 1430 5070 Musculus
1474 5013 1713 5083 αἱρέσεις
1767 5010 1885 5084 opi-

325 5086 518 5139 niones
550 5095 606 5140 et
635 5081 866 5140 haereses
897 5094 1280 5152 exposuerunt,
1301 5085 1466 5139 multo
1493 5081 1644 5138 certe
1669 5081 1886 5135 rectius.

324 5154 578 5226 Δὶρέσεις
606 5159 748 5211 enim
778 5170 876 5224 pro
915 5168 1071 5226 sensu
1093 5169 1186 5226 seu
1216 5154 1424 5225 διανοίᾳ
1456 5154 1594 5208 sumi
1630 5166 1737 5206 non
1763 5164 1886 5226 pos-

326 5220 478 5295 sunt,
505 5226 600 5281 sed
653 5220 957 5293 Opinionem
1013 5224 1324 5295 signiﬁcant
1369 5220 1424 5295 et
1484 5232 1710 5295 sectam.
1750 5220 1887 5295 Cum

328 5290 496 5363 igitur
528 5290 822 5362 imperator
852 5290 1239 5350 Constantinus
1269 5296 1323 5349 in
1366 5294 1459 5347 illa
1516 5293 1683 5362 priori
1748 5290 1886 5363 lege,

328 5361 541 5422 eunetis
570 5361 809 5428 colendi,
836 5373 993 5434 prout
1014 5365 1236 5433 vellent,
1269 5361 1527 5434 numinis:
1554 5363 1777 5416 liberam
1811 5361 1888 5411 fa—

325 5436 585 5490 cultatem
628 5435 1011 5499 concessisset,
1047 5434 1176 5489 illud
1228 5434 1391 5489 etiam
1438 5433 1730 5500 adiecerat,
1782 5444 1886 5500 μοι]

328 5505 655 5561 Christianis
713 5504 909 5568 solum,
945 5504 1041 5559 sed
1095 5505 1261 5559 etiam
1319 5498 1539 5572 reliquis
1605 5498 1893 5572 cujuslibet

327 5583 491 5630 sectae
527 5573 865 5638 hominibus,
903 5574 956 5629 id
1010 5584 1093 5628 est
1140 5572 1338 5627 Iudaeis
1397 5569 1451 5626 ci
1510 5569 1889 5631 Samaritanis.

324 5645 666 5701 Marcionitis
699 5658 911 5712 quoque
933 5652 985 5698 et
1018 5644 1378 5707 .‘lloutanistis,
1413 5642 1725 5712 Novatianis
1745 5683 1761 5706 ,
1789 5639 1891 5692 Sa-

321 5714 608 5775 bellianis,
669 5711 922 5769 omnibus
991 5715 1220 5782 denique
1269 5713 1508 5767 omnium
1570 5711 1891 5782 religionum

325 5786 493 5841 sectis
533 5784 681 5840 idem
718 5797 835 5839 esse
887 5780 1223 5842 concessum.
1280 5784 1396 5851 Quo
1453 5780 1889 5856 quidem’l‘acto,

1985 4589 2091 4641 τῶν
2149 4589 2411 4663 αἱρέσεων
2466 4589 2667 4653 αἵτινες
2705 4592 2816 4654 τοῖς
2870 4589 3154 4663 προτέροις
3187 4591 3342 4663 ἡμῶν
3375 4591 3553 4663 γράμ-

1987 4676 2153 4730 μασιν
2181 4660 2467 4730 ἐνείχοντο.

2058 4724 2189 4803 (51)
2221 4724 2482 4803 Θεὶότῃςᾼ
2506 4729 2630 4803 καὶ-
2652 4730 2932 4803 οὐρανίου
2997 4730 3353 4799 πράγματος.
3398 4728 3550 4803 Apud

1984 4798 2347 4867 Nicephorum
2383 4801 2580 4869 legitur
2610 4799 2905 4864 θειοτάτου,
2931 4803 3070 4870 quod
3097 4798 3209 4854 non
3228 4802 3418 4871 probo.
3444 4798 3549 4856 Sed

1986 4885 2086 4925 nec
2118 4871 2326 4939 vulgata
2362 4872 2519 4939 lectio
2549 4886 2675 4923 sana
2710 4880 2812 4923 est.

2058 4940 2170 5010 (5'2)
2208 4938 2421 5006 Ᾱνὺτοῖς
2465 4942 2563 5008 ὑφ’
2608 4939 2777 5010 ττιμῷὴ
2816 4938 3199 5008 δεδωρῆσθαι.
3252 4938 3378 4996 Post
3418 4942 3551 5010 haec

1987 5008 2159 5064 verba
2187 5011 2237 5063 in
2271 5012 2429 5063 codd.
2473 5008 2653 5071 Μαι,
2685 5008 2820 5062 Fuk.
2852 5028 2913 5065 ac
2940 5011 3103 5065 Savil.
3134 5021 3185 5064 et
3222 5012 3360 5079 apud
3391 5008 3550 5067 Nice-

1987 5080 2214 5153 phorum
2257 5090 2556 5153 sequuntur
2599 5080 2708 5153 lue
2752 5096 2945 5153 vocis:
2981 5081 3186 5153 Θεωρεῖ
3231 5083 3263 5153 ἡ
3310 5079 3376 5153 σὴ
3420 5081 3552 5135 καθ-

1987 5148 2226 5214 οσίωσις,
2248 5150 2342 5203 καὶ¹
2374 5149 2577 5221 ἑτέροις
2597 5148 2837 5221 δεδόσθαι
2866 5148 3132 5216 ἐξουσίαν,
3161 5148 3294 5215 οιοζ,
3319 5148 3547 5221 optime;

1990 5221 2093 5274 nisi
2131 5223 2271 5290 quod
2305 5235 2431 5290 pro,
2463 5218 2794 5289 δεδωρῆσθαι
2840 5224 3185 5277 scribendum
3221 5232 3303 5274 est
3355 5218 3548 5290 procul

1990 5288 2159 5360 dubio
2196 5288 2523 5360 δεδώρηται,
2562 5288 2752 5360 ut»ex_
2769 5293 3024 5347 versione
3068 5301 3249 5345 nostra
3299 5288 3544 5358 apparet.

1991 5359 2088 5413 Est
2115 5370 2288 5413 autem
2311 5357 2423 5413 haec
2450 5358 2682 5413 secunda
2715 5357 3051 5416 Constantini
3080 5357 3394 5416 constitutio
3425 5363 3544 5415 data

1994 5432 2059 5502 ad
2104 5429 2423 5502 praelectum
2452 5429 2844 5502 prmtoriieum
2886 5433 3090 5502 ipsum,
3122 5432 3188 5485 ad
3222 5446 3382 5500 quem
3412 5433 3546 5502 data

1992 5496 2171 5570 fuerat
2207 5500 2377 5570 prima
2411 5497 2623 5570 lex‘pro
2651 5496 2992 5570 Christianis.
3020 5500 3101 5556 Ac
3132 5496 3301 5570 prima
3330 5501 3546 5570 quidem

1993 5570 2077 5623 lex
2126 5566 2249 5622 data
2286 5568 2460 5622 fuerat
2492 5566 2699 5633 Romae,
2726 5568 3076 5626 Constantino
3110 5566 3146 5626 ti
3185 5581 3239 5624 et
3269 5566 3476 5625 Licinio
3507 5585 3549 5625 tt

1994 5653 2135 5697 coss.
2179 5639 2468 5706 statimque
2499 5638 2552 5690 in
2586 5638 2859 5694 Orientem
2889 5644 3051 5696 missa
3078 5645 3144 5696 ad
3175 5639 3547 5701 Maximinum.

1994 5717 2052 5763 ut
2084 5710 2311 5780 trahetur
2337 5708 2393 5780 in
2425 5707 2564 5780 libro
2596 5723 2672 5773 ις,
2708 5724 2825 5780 cap.
2854 5711 2907 5765 9.
2944 5711 3066 5766 Hzec
3093 5722 3271 5769 autem
3317 5711 3551 5768 secunda

1998 5782 2117 5838 data
2151 5789 2232 5839 est
2258 5777 2564 5846 Mediolani,
2595 5793 2734 5835 anno
2768 5777 3044 5852 sequente.
