  <div class='ocr_page' id='page_1' title='image "/cluster/home/n/w/nwhite01/storage/ocr_20150623/20/mdp.39015008802764/447.png"; bbox 0 0 3858 6260; ppageno 0'>
   <div class='ocr_carea' id='block_1_1' title="bbox 380 399 487 457">
    <p class='ocr_par' dir='ltr' id='par_1_1' title="bbox 380 399 487 457">
     <span class='ocr_line' id='line_1_1' title="bbox 380 399 487 457; baseline 0.019 -2"><span class='ocrx_word' id='word_1_1' title='bbox 380 399 487 457; x_wconf 79' lang='lat'><strong>883</strong></span> 
     </span>
    </p>
   </div>
   <div class='ocr_carea' id='block_1_2' title="bbox 1119 371 2913 447">
    <p class='ocr_par' dir='ltr' id='par_1_2' title="bbox 1119 371 2913 447">
     <span class='ocr_line' id='line_1_2' title="bbox 1119 371 2913 447; baseline -0.011 0"><span class='ocrx_word' id='word_1_2' title='bbox 1119 387 1389 447; x_wconf 84' lang='lat' dir='ltr'><strong>EUSEBII</strong></span> <span class='ocrx_word' id='word_1_3' title='bbox 1426 384 1903 444; x_wconf 61' lang='lat' dir='ltr'><strong>CESARIENSIS</strong></span> <span class='ocrx_word' id='word_1_4' title='bbox 1939 382 2089 439; x_wconf 84' lang='lat' dir='ltr'><strong>OPP.</strong></span> <span class='ocrx_word' id='word_1_5' title='bbox 2131 378 2308 437; x_wconf 76' lang='lat' dir='ltr'><strong>PARS</strong></span> <span class='ocrx_word' id='word_1_6' title='bbox 2346 377 2386 432; x_wconf 85' lang='grc' dir='ltr'><strong>Ι.</strong></span> <span class='ocrx_word' id='word_1_7' title='bbox 2426 407 2494 418; x_wconf 93' lang='grc'><strong><em>-</em></strong></span> <span class='ocrx_word' id='word_1_8' title='bbox 2532 371 2913 430; x_wconf 79' lang='lat' dir='ltr'><strong>HISTORICA.</strong></span> 
     </span>
    </p>
   </div>
   <div class='ocr_carea' id='block_1_3' title="bbox 3505 368 3602 424">
    <p class='ocr_par' dir='ltr' id='par_1_3' title="bbox 3505 368 3602 424">
     <span class='ocr_line' id='line_1_3' title="bbox 3505 368 3602 424; baseline 0.01 -1"><span class='ocrx_word' id='word_1_9' title='bbox 3505 368 3602 424; x_wconf 73' lang='grc'><strong>884</strong></span> 
     </span>
    </p>
   </div>
   <div class='ocr_carea' id='block_1_4' title="bbox 380 485 1943 587">
    <p class='ocr_par' dir='ltr' id='par_1_4' title="bbox 380 504 1942 587">
     <span class='ocr_line' id='line_1_4' title="bbox 380 504 1942 587; baseline -0.008 -17"><span class='ocrx_word' id='word_1_10' title='bbox 380 515 674 587; x_wconf 77' lang='lat' dir='ltr'><strong>unicuique</strong></span> <span class='ocrx_word' id='word_1_11' title='bbox 702 514 928 569; x_wconf 87' lang='lat' dir='ltr'><strong>liberum</strong></span> <span class='ocrx_word' id='word_1_12' title='bbox 959 512 1030 565; x_wconf 92' lang='lat' dir='ltr'><strong>sit</strong></span> <span class='ocrx_word' id='word_1_13' title='bbox 1059 521 1443 577; x_wconf 87' lang='lat' dir='ltr'><strong>quamcunque</strong></span> <span class='ocrx_word' id='word_1_14' title='bbox 1467 506 1700 561; x_wconf 90' lang='lat' dir='ltr'><strong>voluerit</strong></span> <span class='ocrx_word' id='word_1_15' title='bbox 1729 504 1942 561; x_wconf 79' lang='lat' dir='ltr'><strong>colendi</strong></span> 
     </span>
    </p>
   </div>
   <div class='ocr_carea' id='block_1_5' title="bbox 2046 485 3598 587">
    <p class='ocr_par' dir='ltr' id='par_1_5' title="bbox 2047 485 3598 563">
     <span class='ocr_line' id='line_1_5' title="bbox 2047 485 3598 563; baseline -0.011 -10"><span class='ocrx_word' id='word_1_16' title='bbox 2047 500 2231 553; x_wconf 88' lang='grc' dir='ltr'>σκείαν</span> <span class='ocrx_word' id='word_1_17' title='bbox 2259 494 2462 550; x_wconf 77' lang='grc' dir='ltr'>ἑαυτῶν</span> <span class='ocrx_word' id='word_1_18' title='bbox 2480 512 2493 524; x_wconf 89' lang='grc'><strong>·</strong></span> <span class='ocrx_word' id='word_1_19' title='bbox 2525 495 2661 563; x_wconf 83' lang='grc' dir='ltr'>ὅπερ</span> <span class='ocrx_word' id='word_1_20' title='bbox 2690 488 2991 552; x_wconf 79' lang='grc' dir='ltr'>ἀκολούθως</span> <span class='ocrx_word' id='word_1_21' title='bbox 3013 490 3080 559; x_wconf 78' lang='grc' dir='ltr'>τῇ</span> <span class='ocrx_word' id='word_1_22' title='bbox 3112 486 3313 560; x_wconf 70' lang='grc' dir='ltr'>ἡσυχίᾳ</span> <span class='ocrx_word' id='word_1_23' title='bbox 3338 485 3450 538; x_wconf 88' lang='grc' dir='ltr'><strong>τῶν</strong></span> <span class='ocrx_word' id='word_1_24' title='bbox 3479 487 3598 555; x_wconf 84' lang='grc' dir='ltr'>ἠμε-</span> 
     </span>
    </p>
   </div>
   <div class='ocr_carea' id='block_1_6' title="bbox 380 597 1944 670">
    <p class='ocr_par' dir='ltr' id='par_1_6' title="bbox 380 597 1944 670">
     <span class='ocr_line' id='line_1_6' title="bbox 380 597 1944 670; baseline -0.008 -7"><span class='ocrx_word' id='word_1_25' title='bbox 380 608 629 663; x_wconf 82' lang='lat' dir='ltr'><strong>Numinis</strong></span> <span class='ocrx_word' id='word_1_26' title='bbox 665 605 926 659; x_wconf 89' lang='lat' dir='ltr'><strong>rationem</strong></span> <span class='ocrx_word' id='word_1_27' title='bbox 966 601 1167 670; x_wconf 78' lang='lat' dir='ltr'><strong>eligere</strong></span> <span class='ocrx_word' id='word_1_28' title='bbox 1210 608 1374 670; x_wconf 88' lang='lat' dir='ltr'><strong>atque</strong></span> <span class='ocrx_word' id='word_1_29' title='bbox 1417 597 1735 654; x_wconf 91' lang='lat' dir='ltr'><strong>observare.</strong></span> <span class='ocrx_word' id='word_1_30' title='bbox 1765 599 1944 665; x_wconf 82' lang='lat' dir='ltr'><strong>Atque</strong></span> 
     </span>
    </p>
   </div>
   <div class='ocr_carea' id='block_1_7' title="bbox 381 688 1941 757">
    <p class='ocr_par' dir='ltr' id='par_1_7' title="bbox 381 688 1941 757">
     <span class='ocr_line' id='line_1_7' title="bbox 381 688 1941 757; baseline -0.005 -6"><span class='ocrx_word' id='word_1_31' title='bbox 381 698 436 752; x_wconf 91' lang='lat' dir='ltr'><strong>id</strong></span> <span class='ocrx_word' id='word_1_32' title='bbox 469 714 498 751; x_wconf 87' lang='lat' dir='ltr'><strong>a</strong></span> <span class='ocrx_word' id='word_1_33' title='bbox 536 697 689 751; x_wconf 90' lang='lat' dir='ltr'><strong>nobis</strong></span> <span class='ocrx_word' id='word_1_34' title='bbox 741 709 806 750; x_wconf 88' lang='lat' dir='ltr'><strong>eo</strong></span> <span class='ocrx_word' id='word_1_35' title='bbox 837 693 1039 747; x_wconf 81' lang='lat' dir='ltr'><strong>factum</strong></span> <span class='ocrx_word' id='word_1_36' title='bbox 1077 700 1197 757; x_wconf 89' lang='lat' dir='ltr'><strong>est,</strong></span> <span class='ocrx_word' id='word_1_37' title='bbox 1231 700 1289 745; x_wconf 90' lang='lat' dir='ltr'><strong>ut</strong></span> <span class='ocrx_word' id='word_1_38' title='bbox 1322 705 1390 746; x_wconf 89' lang='lat' dir='ltr'><strong>ne</strong></span> <span class='ocrx_word' id='word_1_39' title='bbox 1422 690 1507 745; x_wconf 92' lang='lat' dir='ltr'><strong>cui</strong></span> <span class='ocrx_word' id='word_1_40' title='bbox 1547 690 1728 745; x_wconf 86' lang='lat' dir='ltr'><strong>divino</strong></span> <span class='ocrx_word' id='word_1_41' title='bbox 1775 688 1941 744; x_wconf 93' lang='lat' dir='ltr'><strong>cultui</strong></span> 
     </span>
    </p>
   </div>
   <div class='ocr_carea' id='block_1_8' title="bbox 378 780 1943 857">
    <p class='ocr_par' dir='ltr' id='par_1_8' title="bbox 378 780 1943 857">
     <span class='ocr_line' id='line_1_8' title="bbox 378 780 1943 857; baseline -0.005 -16"><span class='ocrx_word' id='word_1_42' title='bbox 378 798 546 857; x_wconf 81' lang='lat' dir='ltr'><strong>atque</strong></span> <span class='ocrx_word' id='word_1_43' title='bbox 573 786 765 841; x_wconf 86' lang='lat' dir='ltr'><strong>honori</strong></span> <span class='ocrx_word' id='word_1_44' title='bbox 798 783 1096 855; x_wconf 85' lang='lat' dir='ltr'><strong>quidquam</strong></span> <span class='ocrx_word' id='word_1_45' title='bbox 1126 799 1155 838; x_wconf 88' lang='lat' dir='ltr'><strong>a</strong></span> <span class='ocrx_word' id='word_1_46' title='bbox 1188 782 1348 838; x_wconf 93' lang='lat' dir='ltr'><strong>nobis</strong></span> <span class='ocrx_word' id='word_1_47' title='bbox 1371 782 1681 835; x_wconf 90' lang='lat' dir='ltr'><strong>detractum</strong></span> <span class='ocrx_word' id='word_1_48' title='bbox 1713 795 1834 834; x_wconf 92' lang='lat' dir='ltr'><strong>esse</strong></span> <span class='ocrx_word' id='word_1_49' title='bbox 1866 780 1943 834; x_wconf 86' lang='lat' dir='ltr'><strong>vi-</strong></span> 
     </span>
    </p>
   </div>
   <div class='ocr_carea' id='block_1_9' title="bbox 377 871 1943 947">
    <p class='ocr_par' dir='ltr' id='par_1_9' title="bbox 377 871 1943 947">
     <span class='ocr_line' id='line_1_9' title="bbox 377 871 1943 947; baseline -0.004 -14"><span class='ocrx_word' id='word_1_50' title='bbox 377 879 618 933; x_wconf 89' lang='lat' dir='ltr'><strong>deretur.</strong></span> <span class='ocrx_word' id='word_1_51' title='bbox 647 876 758 931; x_wconf 85' lang='lat' dir='ltr'><strong>Hoc</strong></span> <span class='ocrx_word' id='word_1_52' title='bbox 791 885 973 932; x_wconf 90' lang='lat' dir='ltr'><strong>autem</strong></span> <span class='ocrx_word' id='word_1_53' title='bbox 996 875 1228 945; x_wconf 86' lang='lat' dir='ltr'><strong>amplius</strong></span> <span class='ocrx_word' id='word_1_54' title='bbox 1264 875 1315 929; x_wconf 93' lang='lat' dir='ltr'><strong>in</strong></span> <span class='ocrx_word' id='word_1_55' title='bbox 1340 874 1571 947; x_wconf 78' lang='lat' dir='ltr'><strong>gratiam</strong></span> <span class='ocrx_word' id='word_1_56' title='bbox 1602 871 1943 928; x_wconf 88' lang='lat' dir='ltr'><strong>Christiano-</strong></span> 
     </span>
    </p>
   </div>
   <div class='ocr_carea' id='block_1_10' title="bbox 378 962 1942 1035">
    <p class='ocr_par' dir='ltr' id='par_1_10' title="bbox 378 962 1942 1035">
     <span class='ocr_line' id='line_1_10' title="bbox 378 962 1942 1035; baseline -0.003 -15"><span class='ocrx_word' id='word_1_57' title='bbox 378 981 499 1020; x_wconf 85' lang='lat' dir='ltr'><strong>rum</strong></span> <span class='ocrx_word' id='word_1_58' title='bbox 522 966 889 1029; x_wconf 85' lang='lat' dir='ltr'><strong>decernimus,</strong></span> <span class='ocrx_word' id='word_1_59' title='bbox 931 974 991 1019; x_wconf 92' lang='lat' dir='ltr'><strong>ut</strong></span> <span class='ocrx_word' id='word_1_60' title='bbox 1012 964 1130 1020; x_wconf 89' lang='lat' dir='ltr'><strong>loca</strong></span> <span class='ocrx_word' id='word_1_61' title='bbox 1151 965 1389 1035; x_wconf 90' lang='lat' dir='ltr'><strong>ipsorum</strong></span> <span class='ocrx_word' id='word_1_62' title='bbox 1417 962 1684 1035; x_wconf 90' lang='lat' dir='ltr'><strong>inquibus</strong></span> <span class='ocrx_word' id='word_1_63' title='bbox 1710 962 1942 1017; x_wconf 90' lang='lat' dir='ltr'><strong>antehac</strong></span> 
     </span>
    </p>
   </div>
   <div class='ocr_carea' id='block_1_11' title="bbox 376 1054 1943 1123">
    <p class='ocr_par' dir='ltr' id='par_1_11' title="bbox 376 1054 1943 1123">
     <span class='ocr_line' id='line_1_11' title="bbox 376 1054 1943 1123; baseline -0.003 -10"><span class='ocrx_word' id='word_1_64' title='bbox 376 1055 669 1113; x_wconf 85' lang='lat' dir='ltr'><strong>convenire</strong></span> <span class='ocrx_word' id='word_1_65' title='bbox 704 1065 1124 1119; x_wconf 82' lang='lat' dir='ltr'><strong>consueverant,</strong></span> <span class='ocrx_word' id='word_1_66' title='bbox 1152 1056 1220 1109; x_wconf 93' lang='lat' dir='ltr'><strong>de</strong></span> <span class='ocrx_word' id='word_1_67' title='bbox 1254 1055 1450 1123; x_wconf 90' lang='lat' dir='ltr'><strong>quibus</strong></span> <span class='ocrx_word' id='word_1_68' title='bbox 1480 1055 1531 1107; x_wconf 92' lang='lat' dir='ltr'><strong>in</strong></span> <span class='ocrx_word' id='word_1_69' title='bbox 1567 1054 1762 1110; x_wconf 87' lang='lat' dir='ltr'><strong>litteris</strong></span> <span class='ocrx_word' id='word_1_70' title='bbox 1794 1055 1943 1122; x_wconf 90' lang='lat' dir='ltr'><strong>prius</strong></span> 
     </span>
    </p>
   </div>
   <div class='ocr_carea' id='block_1_12' title="bbox 376 1146 1940 1215">
    <p class='ocr_par' dir='ltr' id='par_1_12' title="bbox 376 1146 1940 1215">
     <span class='ocr_line' id='line_1_12' title="bbox 376 1146 1940 1215; baseline -0.003 -13"><span class='ocrx_word' id='word_1_71' title='bbox 376 1150 442 1203; x_wconf 92' lang='lat' dir='ltr'><strong>ad</strong></span> <span class='ocrx_word' id='word_1_72' title='bbox 468 1149 815 1203; x_wconf 87' lang='lat' dir='ltr'><strong>Devotionem</strong></span> <span class='ocrx_word' id='word_1_73' title='bbox 838 1147 1009 1203; x_wconf 86' lang='lat' dir='ltr'><strong>Tuam</strong></span> <span class='ocrx_word' id='word_1_74' title='bbox 1039 1148 1181 1202; x_wconf 87' lang='lat' dir='ltr'><strong>datis</strong></span> <span class='ocrx_word' id='word_1_75' title='bbox 1200 1149 1302 1202; x_wconf 83' lang='lat' dir='ltr'><strong>alia</strong></span> <span class='ocrx_word' id='word_1_76' title='bbox 1333 1154 1449 1201; x_wconf 90' lang='lat' dir='ltr'><strong>erat</strong></span> <span class='ocrx_word' id='word_1_77' title='bbox 1476 1146 1645 1201; x_wconf 81' lang='lat' dir='ltr'><strong>forma</strong></span> <span class='ocrx_word' id='word_1_78' title='bbox 1678 1146 1940 1215; x_wconf 87' lang='lat' dir='ltr'><strong>superiori</strong></span> 
     </span>
    </p>
   </div>
   <div class='ocr_carea' id='block_1_13' title="bbox 377 1233 1943 1306">
    <p class='ocr_par' dir='ltr' id='par_1_13' title="bbox 377 1233 1943 1306">
     <span class='ocr_line' id='line_1_13' title="bbox 377 1233 1943 1306; baseline -0.003 -17"><span class='ocrx_word' id='word_1_79' title='bbox 377 1246 619 1306; x_wconf 91' lang='lat' dir='ltr'><strong>tempore</strong></span> <span class='ocrx_word' id='word_1_80' title='bbox 649 1237 967 1299; x_wconf 78' lang='lat' dir='ltr'><strong>conatituta,</strong></span> <span class='ocrx_word' id='word_1_81' title='bbox 996 1237 1046 1293; x_wconf 90' lang='lat' dir='ltr'><strong>si</strong></span> <span class='ocrx_word' id='word_1_82' title='bbox 1080 1236 1171 1304; x_wconf 91' lang='lat' dir='ltr'><strong>qui</strong></span> <span class='ocrx_word' id='word_1_83' title='bbox 1200 1245 1292 1289; x_wconf 91' lang='lat' dir='ltr'><strong>aut</strong></span> <span class='ocrx_word' id='word_1_84' title='bbox 1317 1249 1347 1287; x_wconf 92' lang='lat' dir='ltr'><strong>a</strong></span> <span class='ocrx_word' id='word_1_85' title='bbox 1377 1234 1508 1287; x_wconf 80' lang='lat' dir='ltr'><strong>ﬁsco</strong></span> <span class='ocrx_word' id='word_1_86' title='bbox 1540 1242 1722 1285; x_wconf 89' lang='lat' dir='ltr'><strong>nostro</strong></span> <span class='ocrx_word' id='word_1_87' title='bbox 1754 1240 1848 1284; x_wconf 91' lang='lat' dir='ltr'><strong>aut</strong></span> <span class='ocrx_word' id='word_1_88' title='bbox 1874 1233 1943 1284; x_wconf 90' lang='lat' dir='ltr'><strong>ab</strong></span> 
     </span>
    </p>
   </div>
   <div class='ocr_carea' id='block_1_14' title="bbox 373 1321 1942 1397">
    <p class='ocr_par' dir='ltr' id='par_1_14' title="bbox 373 1321 1942 1397">
     <span class='ocr_line' id='line_1_14' title="bbox 373 1321 1942 1397; baseline -0.003 -17"><span class='ocrx_word' id='word_1_89' title='bbox 373 1326 483 1381; x_wconf 85' lang='lat' dir='ltr'><strong>alio</strong></span> <span class='ocrx_word' id='word_1_90' title='bbox 498 1326 752 1397; x_wconf 87' lang='lat' dir='ltr'><strong>quopiam</strong></span> <span class='ocrx_word' id='word_1_91' title='bbox 779 1341 843 1382; x_wconf 89' lang='lat' dir='ltr'><strong>ea</strong></span> <span class='ocrx_word' id='word_1_92' title='bbox 867 1327 1063 1381; x_wconf 90' lang='lat' dir='ltr'><strong>emisse</strong></span> <span class='ocrx_word' id='word_1_93' title='bbox 1089 1326 1189 1379; x_wconf 88' lang='lat' dir='ltr'><strong>visi</strong></span> <span class='ocrx_word' id='word_1_94' title='bbox 1215 1326 1439 1387; x_wconf 79' lang='lat' dir='ltr'><strong>fuerint,</strong></span> <span class='ocrx_word' id='word_1_95' title='bbox 1464 1324 1595 1394; x_wconf 89' lang='lat' dir='ltr'><strong>ipsis</strong></span> <span class='ocrx_word' id='word_1_96' title='bbox 1616 1321 1942 1376; x_wconf 81' lang='lat' dir='ltr'><strong>Christianis</strong></span> 
     </span>
    </p>
   </div>
   <div class='ocr_carea' id='block_1_15' title="bbox 371 1410 1943 1484">
    <p class='ocr_par' dir='ltr' id='par_1_15' title="bbox 371 1410 1943 1484">
     <span class='ocr_line' id='line_1_15' title="bbox 371 1410 1943 1484; baseline -0.004 -14"><span class='ocrx_word' id='word_1_97' title='bbox 371 1416 579 1484; x_wconf 81' lang='lat' dir='ltr'><strong>absque</strong></span> <span class='ocrx_word' id='word_1_98' title='bbox 601 1416 707 1468; x_wconf 89' lang='lat' dir='ltr'><strong>ulla</strong></span> <span class='ocrx_word' id='word_1_99' title='bbox 731 1415 960 1484; x_wconf 82' lang='lat' dir='ltr'><strong>pecunia</strong></span> <span class='ocrx_word' id='word_1_100' title='bbox 978 1423 1031 1468; x_wconf 91' lang='lat' dir='ltr'><strong>et</strong></span> <span class='ocrx_word' id='word_1_101' title='bbox 1054 1415 1172 1469; x_wconf 83' lang='lat' dir='ltr'><strong>sine</strong></span> <span class='ocrx_word' id='word_1_102' title='bbox 1197 1414 1516 1483; x_wconf 86' lang='lat' dir='ltr'><strong>repetitione</strong></span> <span class='ocrx_word' id='word_1_103' title='bbox 1544 1412 1649 1466; x_wconf 92' lang='lat' dir='ltr'><strong>ulla</strong></span> <span class='ocrx_word' id='word_1_104' title='bbox 1681 1410 1943 1481; x_wconf 82' lang='lat' dir='ltr'><strong>superad-</strong></span> 
     </span>
    </p>
   </div>
   <div class='ocr_carea' id='block_1_16' title="bbox 364 1501 1940 1577">
    <p class='ocr_par' dir='ltr' id='par_1_16' title="bbox 364 1501 1940 1577">
     <span class='ocr_line' id='line_1_16' title="bbox 364 1501 1940 1577; baseline -0.004 -17"><span class='ocrx_word' id='word_1_105' title='bbox 364 1506 499 1574; x_wconf 86' lang='lat' dir='ltr'><strong>jecti</strong></span> <span class='ocrx_word' id='word_1_106' title='bbox 531 1507 711 1577; x_wconf 85' lang='lat' dir='ltr'><strong>pretii,</strong></span> <span class='ocrx_word' id='word_1_107' title='bbox 741 1507 1120 1564; x_wconf 86' lang='lat' dir='ltr'><strong>incunctanter</strong></span> <span class='ocrx_word' id='word_1_108' title='bbox 1142 1521 1205 1561; x_wconf 89' lang='lat' dir='ltr'><strong>ac</strong></span> <span class='ocrx_word' id='word_1_109' title='bbox 1235 1505 1352 1561; x_wconf 86' lang='lat' dir='ltr'><strong>sine</strong></span> <span class='ocrx_word' id='word_1_110' title='bbox 1388 1504 1492 1558; x_wconf 92' lang='lat' dir='ltr'><strong>ulla</strong></span> <span class='ocrx_word' id='word_1_111' title='bbox 1519 1503 1747 1572; x_wconf 81' lang='lat' dir='ltr'><strong>ambage</strong></span> <span class='ocrx_word' id='word_1_112' title='bbox 1782 1501 1940 1555; x_wconf 90' lang='lat' dir='ltr'><strong>resti-</strong></span> 
     </span>
    </p>
   </div>
   <div class='ocr_carea' id='block_1_17' title="bbox 374 1594 1940 1667">
    <p class='ocr_par' dir='ltr' id='par_1_17' title="bbox 374 1594 1940 1667">
     <span class='ocr_line' id='line_1_17' title="bbox 374 1594 1940 1667; baseline -0.003 -16"><span class='ocrx_word' id='word_1_113' title='bbox 374 1607 563 1664; x_wconf 85' lang='lat' dir='ltr'><strong>tuant;</strong></span> <span class='ocrx_word' id='word_1_114' title='bbox 595 1607 651 1652; x_wconf 89' lang='lat' dir='ltr'><strong>et</strong></span> <span class='ocrx_word' id='word_1_115' title='bbox 679 1598 724 1651; x_wconf 92' lang='lat' dir='ltr'><strong>si</strong></span> <span class='ocrx_word' id='word_1_116' title='bbox 761 1598 852 1667; x_wconf 92' lang='lat' dir='ltr'><strong>qui</strong></span> <span class='ocrx_word' id='word_1_117' title='bbox 883 1599 1072 1653; x_wconf 84' lang='lat' dir='ltr'><strong>eadem</strong></span> <span class='ocrx_word' id='word_1_118' title='bbox 1105 1598 1219 1651; x_wconf 85' lang='lat' dir='ltr'><strong>loca</strong></span> <span class='ocrx_word' id='word_1_119' title='bbox 1251 1599 1393 1651; x_wconf 91' lang='lat' dir='ltr'><strong>dono</strong></span> <span class='ocrx_word' id='word_1_120' title='bbox 1429 1594 1756 1665; x_wconf 89' lang='lat' dir='ltr'><strong>acceperint,</strong></span> <span class='ocrx_word' id='word_1_121' title='bbox 1792 1603 1849 1646; x_wconf 90' lang='lat' dir='ltr'><strong>ut</strong></span> <span class='ocrx_word' id='word_1_122' title='bbox 1877 1608 1940 1647; x_wconf 91' lang='lat' dir='ltr'><strong>ea</strong></span> 
     </span>
    </p>
   </div>
   <div class='ocr_carea' id='block_1_18' title="bbox 312 1684 1941 1756">
    <p class='ocr_par' dir='ltr' id='par_1_18' title="bbox 312 1684 1941 1756">
     <span class='ocr_line' id='line_1_18' title="bbox 312 1684 1941 1756; baseline -0.002 -15"><span class='ocrx_word' id='word_1_123' title='bbox 312 1728 317 1755; x_wconf 52' lang='grc' dir='ltr'><strong><em>ς</em></strong></span> <span class='ocrx_word' id='word_1_124' title='bbox 371 1688 622 1756; x_wconf 85' lang='lat' dir='ltr'><strong>protinus</strong></span> <span class='ocrx_word' id='word_1_125' title='bbox 662 1688 985 1744; x_wconf 88' lang='lat' dir='ltr'><strong>Christianis</strong></span> <span class='ocrx_word' id='word_1_126' title='bbox 1034 1688 1289 1741; x_wconf 89' lang='lat' dir='ltr'><strong>reddant.</strong></span> <span class='ocrx_word' id='word_1_127' title='bbox 1325 1686 1482 1753; x_wconf 86' lang='lat' dir='ltr'><strong>Quod</strong></span> <span class='ocrx_word' id='word_1_128' title='bbox 1523 1685 1568 1740; x_wconf 89' lang='lat' dir='ltr'><strong>si</strong></span> <span class='ocrx_word' id='word_1_129' title='bbox 1608 1685 1699 1754; x_wconf 92' lang='lat' dir='ltr'><strong>qui</strong></span> <span class='ocrx_word' id='word_1_130' title='bbox 1732 1699 1794 1739; x_wconf 87' lang='lat' dir='ltr'><strong>ea</strong></span> <span class='ocrx_word' id='word_1_131' title='bbox 1826 1684 1941 1738; x_wconf 84' lang='lat' dir='ltr'><strong>loca</strong></span> 
     </span>
    </p>
   </div>
   <div class='ocr_carea' id='block_1_19' title="bbox 369 1775 1940 1847">
    <p class='ocr_par' dir='ltr' id='par_1_19' title="bbox 369 1775 1940 1847">
     <span class='ocr_line' id='line_1_19' title="bbox 369 1775 1940 1847; baseline -0.002 -16"><span class='ocrx_word' id='word_1_132' title='bbox 369 1786 623 1831; x_wconf 81' lang='lat' dir='ltr'><strong>emerunt</strong></span> <span class='ocrx_word' id='word_1_133' title='bbox 660 1785 755 1831; x_wconf 90' lang='lat' dir='ltr'><strong>aut</strong></span> <span class='ocrx_word' id='word_1_134' title='bbox 787 1778 985 1832; x_wconf 81' lang='lat' dir='ltr'><strong>donata</strong></span> <span class='ocrx_word' id='word_1_135' title='bbox 1030 1786 1383 1847; x_wconf 83' lang='lat' dir='ltr'><strong>acceperunt,</strong></span> <span class='ocrx_word' id='word_1_136' title='bbox 1438 1775 1643 1844; x_wconf 89' lang='lat' dir='ltr'><strong>aliquid</strong></span> <span class='ocrx_word' id='word_1_137' title='bbox 1692 1790 1720 1828; x_wconf 91' lang='lat' dir='ltr'><strong>a</strong></span> <span class='ocrx_word' id='word_1_138' title='bbox 1756 1784 1940 1830; x_wconf 91' lang='lat' dir='ltr'><strong>nostra</strong></span> 
     </span>
    </p>
   </div>
   <div class='ocr_carea' id='block_1_20' title="bbox 2042 577 3603 662">
    <p class='ocr_par' dir='ltr' id='par_1_20' title="bbox 2042 577 3603 662">
     <span class='ocr_line' id='line_1_20' title="bbox 2042 577 3603 662; baseline -0.011 -17"><span class='ocrx_word' id='word_1_139' title='bbox 2042 592 2214 662; x_wconf 85' lang='grc' dir='ltr'>τέρων</span> <span class='ocrx_word' id='word_1_140' title='bbox 2241 588 2445 660; x_wconf 89' lang='grc' dir='ltr'>καιρῶν</span> <span class='ocrx_word' id='word_1_141' title='bbox 2469 585 2711 655; x_wconf 83' lang='grc' dir='ltr'>γίνεσθαι</span> <span class='ocrx_word' id='word_1_142' title='bbox 2742 582 2971 653; x_wconf 87' lang='grc' dir='ltr'>φανερόν</span> <span class='ocrx_word' id='word_1_143' title='bbox 2996 582 3160 644; x_wconf 82' lang='grc' dir='ltr'>ἐστιν,</span> <span class='ocrx_word' id='word_1_144' title='bbox 3186 581 3333 643; x_wconf 84' lang='grc' dir='ltr'>ὅπως</span> <span class='ocrx_word' id='word_1_145' title='bbox 3362 577 3603 642; x_wconf 76' lang='grc' dir='ltr'><strong>ἐξουσίαν</strong></span> 
     </span>
    </p>
   </div>
   <div class='ocr_carea' id='block_1_21' title="bbox 2043 668 3603 748">
    <p class='ocr_par' dir='ltr' id='par_1_21' title="bbox 2043 668 3603 748">
     <span class='ocr_line' id='line_1_21' title="bbox 2043 668 3603 748; baseline -0.01 -14"><span class='ocrx_word' id='word_1_146' title='bbox 2043 682 2269 743; x_wconf 74' lang='grc' dir='ltr'>ἕκαστος</span> <span class='ocrx_word' id='word_1_147' title='bbox 2314 679 2409 748; x_wconf 75' lang='grc' dir='ltr'><strong>ἔχῃ</strong></span> <span class='ocrx_word' id='word_1_148' title='bbox 2461 675 2553 729; x_wconf 83' lang='grc' dir='ltr'>τοῦ</span> <span class='ocrx_word' id='word_1_149' title='bbox 2598 674 2867 746; x_wconf 75' lang='grc' dir='ltr'>αἱρεῖσθαι</span> <span class='ocrx_word' id='word_1_150' title='bbox 2914 672 3006 725; x_wconf 79' lang='grc' dir='ltr'><strong>καὶ</strong></span> <span class='ocrx_word' id='word_1_151' title='bbox 3052 671 3307 741; x_wconf 76' lang='grc' dir='ltr'>τημελεῖν</span> <span class='ocrx_word' id='word_1_152' title='bbox 3352 671 3534 722; x_wconf 84' lang='grc' dir='ltr'>ὁποῖον</span> <span class='ocrx_word' id='word_1_153' title='bbox 3561 668 3603 719; x_wconf 75' lang='grc' dir='ltr'>δ’</span> 
     </span>
    </p>
   </div>
   <div class='ocr_carea' id='block_1_22' title="bbox 2043 760 3604 842">
    <p class='ocr_par' dir='ltr' id='par_1_22' title="bbox 2043 760 3604 842">
     <span class='ocr_line' id='line_1_22' title="bbox 2043 760 3604 842; baseline -0.01 -16"><span class='ocrx_word' id='word_1_154' title='bbox 2043 772 2110 826; x_wconf 83' lang='grc' dir='ltr'>ἂν</span> <span class='ocrx_word' id='word_1_155' title='bbox 2139 770 2391 842; x_wconf 79' lang='grc' dir='ltr'>βούληται</span> <span class='ocrx_word' id='word_1_156' title='bbox 2420 768 2591 821; x_wconf 87' lang='grc' dir='ltr'>Θεῖον.</span> <span class='ocrx_word' id='word_1_157' title='bbox 2618 764 2787 819; x_wconf 79' lang='grc' dir='ltr'>Τοῦτο</span> <span class='ocrx_word' id='word_1_158' title='bbox 2806 765 2861 818; x_wconf 82' lang='grc' dir='ltr'>δὲ</span> <span class='ocrx_word' id='word_1_159' title='bbox 2894 763 2981 832; x_wconf 69' lang='grc' dir='ltr'><strong>ὑφ’</strong></span> <span class='ocrx_word' id='word_1_160' title='bbox 3009 761 3162 834; x_wconf 87' lang='grc' dir='ltr'>ήμῶν</span> <span class='ocrx_word' id='word_1_161' title='bbox 3186 761 3432 830; x_wconf 83' lang='grc' dir='ltr'>γέγονεν,</span> <span class='ocrx_word' id='word_1_162' title='bbox 3462 760 3604 822; x_wconf 82' lang='grc' dir='ltr'>ὅπως</span> 
     </span>
    </p>
   </div>
   <div class='ocr_carea' id='block_1_23' title="bbox 2045 850 3604 935">
    <p class='ocr_par' dir='ltr' id='par_1_23' title="bbox 2045 850 3604 935">
     <span class='ocr_line' id='line_1_23' title="bbox 2045 850 3604 935; baseline -0.011 -18"><span class='ocrx_word' id='word_1_163' title='bbox 2045 864 2285 935; x_wconf 80' lang='grc' dir='ltr'><strong>μηδεμιᾷ</strong></span> <span class='ocrx_word' id='word_1_164' title='bbox 2311 863 2443 932; x_wconf 72' lang='grc' dir='ltr'>τιμῇ</span> <span class='ocrx_word' id='word_1_165' title='bbox 2476 859 2607 930; x_wconf 83' lang='grc' dir='ltr'>μηδὲ</span> <span class='ocrx_word' id='word_1_166' title='bbox 2641 855 2902 928; x_wconf 78' lang='grc' dir='ltr'>θρησκείᾳ</span> <span class='ocrx_word' id='word_1_167' title='bbox 2931 855 3037 906; x_wconf 71' lang='grc' dir='ltr'>τινὶ</span> <span class='ocrx_word' id='word_1_168' title='bbox 3067 850 3404 923; x_wconf 84' lang='grc' dir='ltr'>μεμειῶσθαί</span> <span class='ocrx_word' id='word_1_169' title='bbox 3435 866 3489 902; x_wconf 90' lang='grc' dir='ltr'><strong>τι</strong></span> <span class='ocrx_word' id='word_1_170' title='bbox 3520 850 3604 917; x_wconf 74' lang='grc' dir='ltr'><strong>ὑφ’</strong></span> 
     </span>
    </p>
   </div>
   <div class='ocr_carea' id='block_1_24' title="bbox 2041 942 3602 1027">
    <p class='ocr_par' dir='ltr' id='par_1_24' title="bbox 2041 942 3602 1027">
     <span class='ocr_line' id='line_1_24' title="bbox 2041 942 3602 1027; baseline -0.01 -17"><span class='ocrx_word' id='word_1_171' title='bbox 2041 956 2197 1027; x_wconf 85' lang='grc' dir='ltr'>ήμῶν</span> <span class='ocrx_word' id='word_1_172' title='bbox 2228 954 2431 1024; x_wconf 83' lang='grc' dir='ltr'>δοκοίη.</span> <span class='ocrx_word' id='word_1_173' title='bbox 2464 953 2571 1006; x_wconf 74' lang='grc' dir='ltr'><strong>Καὶ</strong></span> <span class='ocrx_word' id='word_1_174' title='bbox 2596 950 2753 1003; x_wconf 73' lang='grc' dir='ltr'>τοῦτο</span> <span class='ocrx_word' id='word_1_175' title='bbox 2783 948 2839 1000; x_wconf 83' lang='grc' dir='ltr'>δὲ</span> <span class='ocrx_word' id='word_1_176' title='bbox 2871 947 3005 1017; x_wconf 83' lang='grc' dir='ltr'>πρὸς</span> <span class='ocrx_word' id='word_1_177' title='bbox 3038 948 3149 1008; x_wconf 83' lang='grc' dir='ltr'>τοῖς</span> <span class='ocrx_word' id='word_1_178' title='bbox 3184 944 3392 1004; x_wconf 82' lang='grc' dir='ltr'>λοιποῖς</span> <span class='ocrx_word' id='word_1_179' title='bbox 3429 942 3509 1005; x_wconf 81' lang='grc' dir='ltr'><strong>είς</strong></span> <span class='ocrx_word' id='word_1_180' title='bbox 3546 942 3602 994; x_wconf 81' lang='grc' dir='ltr'><strong>τὸ</strong></span> 
     </span>
    </p>
   </div>
   <div class='ocr_carea' id='block_1_25' title="bbox 2043 1032 3605 1117">
    <p class='ocr_par' dir='ltr' id='par_1_25' title="bbox 2043 1032 3605 1117">
     <span class='ocr_line' id='line_1_25' title="bbox 2043 1032 3605 1117; baseline -0.011 -17"><span class='ocrx_word' id='word_1_181' title='bbox 2043 1048 2329 1117; x_wconf 87' lang='grc' dir='ltr'>πρόσωπον</span> <span class='ocrx_word' id='word_1_182' title='bbox 2365 1044 2472 1096; x_wconf 89' lang='grc' dir='ltr'><strong>τῶν</strong></span> <span class='ocrx_word' id='word_1_183' title='bbox 2518 1038 2854 1113; x_wconf 83' lang='grc' dir='ltr'><strong>Χριστιανῶν</strong></span> <span class='ocrx_word' id='word_1_184' title='bbox 2899 1032 3288 1107; x_wconf 79' lang='grc' dir='ltr'>δογματίζομεν</span> <span class='ocrx_word' id='word_1_185' title='bbox 3310 1074 3324 1097; x_wconf 91' lang='grc'>,</span> <span class='ocrx_word' id='word_1_186' title='bbox 3361 1033 3451 1085; x_wconf 78' lang='grc' dir='ltr'><strong>ἵνα</strong></span> <span class='ocrx_word' id='word_1_187' title='bbox 3484 1032 3605 1095; x_wconf 70' lang='grc' dir='ltr'>τοὺς</span> 
     </span>
    </p>
   </div>
   <div class='ocr_carea' id='block_1_26' title="bbox 2041 1122 3609 1201">
    <p class='ocr_par' dir='ltr' id='par_1_26' title="bbox 2041 1122 3609 1201">
     <span class='ocr_line' id='line_1_26' title="bbox 2041 1122 3609 1201; baseline -0.011 -9"><span class='ocrx_word' id='word_1_188' title='bbox 2041 1140 2237 1201; x_wconf 84' lang='grc' dir='ltr'>τόπους</span> <span class='ocrx_word' id='word_1_189' title='bbox 2268 1136 2445 1189; x_wconf 81' lang='grc' dir='ltr'>αὐτῶν</span> <span class='ocrx_word' id='word_1_190' title='bbox 2474 1136 2553 1196; x_wconf 87' lang='grc' dir='ltr'>εἰς</span> <span class='ocrx_word' id='word_1_191' title='bbox 2582 1131 2674 1195; x_wconf 86' lang='grc' dir='ltr'><strong>οὓς</strong></span> <span class='ocrx_word' id='word_1_192' title='bbox 2703 1130 2763 1183; x_wconf 84' lang='grc' dir='ltr'><strong>τὸ</strong></span> <span class='ocrx_word' id='word_1_193' title='bbox 2801 1129 3062 1201; x_wconf 88' lang='grc' dir='ltr'>πρότερον</span> <span class='ocrx_word' id='word_1_194' title='bbox 3106 1124 3455 1197; x_wconf 80' lang='grc' dir='ltr'><strong>συνέρχεσθαι</strong></span> <span class='ocrx_word' id='word_1_195' title='bbox 3492 1122 3609 1186; x_wconf 69' lang='grc' dir='ltr'>ἔθος</span> 
     </span>
    </p>
   </div>
   <div class='ocr_carea' id='block_1_27' title="bbox 2040 1210 3611 1301">
    <p class='ocr_par' dir='ltr' id='par_1_27' title="bbox 2040 1210 3611 1301">
     <span class='ocr_line' id='line_1_27' title="bbox 2040 1210 3611 1301; baseline -0.013 -18"><span class='ocrx_word' id='word_1_196' title='bbox 2040 1226 2107 1301; x_wconf 81' lang='grc' dir='ltr'>ἦν</span> <span class='ocrx_word' id='word_1_197' title='bbox 2134 1230 2343 1291; x_wconf 81' lang='grc' dir='ltr'>αὐτοῖς,</span> <span class='ocrx_word' id='word_1_198' title='bbox 2377 1225 2503 1296; x_wconf 73' lang='grc' dir='ltr'>περ).</span> <span class='ocrx_word' id='word_1_199' title='bbox 2534 1215 2608 1276; x_wconf 81' lang='grc' dir='ltr'>ὧν</span> <span class='ocrx_word' id='word_1_200' title='bbox 2649 1221 2742 1274; x_wconf 74' lang='grc' dir='ltr'><strong>καὶ</strong></span> <span class='ocrx_word' id='word_1_201' title='bbox 2774 1222 2886 1283; x_wconf 86' lang='grc' dir='ltr'>τοῖς</span> <span class='ocrx_word' id='word_1_202' title='bbox 2931 1216 3192 1291; x_wconf 86' lang='grc' dir='ltr'>πρότερον</span> <span class='ocrx_word' id='word_1_203' title='bbox 3228 1212 3431 1301; x_wconf 69' lang='grc' dir='ltr'>δοθεῖσι</span> <span class='ocrx_word' id='word_1_204' title='bbox 3473 1210 3611 1283; x_wconf 78' lang='grc' dir='ltr'>πρὸς</span> 
     </span>
    </p>
   </div>
   <div class='ocr_carea' id='block_1_28' title="bbox 2041 1298 3608 1390">
    <p class='ocr_par' dir='ltr' id='par_1_28' title="bbox 2041 1298 3608 1390">
     <span class='ocr_line' id='line_1_28' title="bbox 2041 1298 3608 1390; baseline -0.015 -17"><span class='ocrx_word' id='word_1_205' title='bbox 2041 1298 2138 1390; x_wconf 86' lang='grc' dir='ltr'>τὴν</span> <span class='ocrx_word' id='word_1_206' title='bbox 2170 1317 2265 1389; x_wconf 83' lang='grc' dir='ltr'>σὴν</span> <span class='ocrx_word' id='word_1_207' title='bbox 2294 1314 2620 1370; x_wconf 83' lang='grc' dir='ltr'>καθοσίωσιν</span> <span class='ocrx_word' id='word_1_208' title='bbox 2651 1310 2937 1381; x_wconf 81' lang='grc' dir='ltr'>γράμμασι</span> <span class='ocrx_word' id='word_1_209' title='bbox 2975 1307 3141 1369; x_wconf 83' lang='grc' dir='ltr'>τύπος</span> <span class='ocrx_word' id='word_1_210' title='bbox 3169 1304 3355 1375; x_wconf 75' lang='grc' dir='ltr'>ἕτερος</span> <span class='ocrx_word' id='word_1_211' title='bbox 3382 1298 3452 1373; x_wconf 76' lang='grc' dir='ltr'>ἦν</span> <span class='ocrx_word' id='word_1_212' title='bbox 3481 1301 3608 1372; x_wconf 87' lang='grc' dir='ltr'>ὡρι-</span> 
     </span>
    </p>
   </div>
   <div class='ocr_carea' id='block_1_29' title="bbox 2045 1390 3610 1479">
    <p class='ocr_par' dir='ltr' id='par_1_29' title="bbox 2045 1390 3610 1479">
     <span class='ocr_line' id='line_1_29' title="bbox 2045 1390 3610 1479; baseline -0.012 -17"><span class='ocrx_word' id='word_1_213' title='bbox 2045 1408 2239 1479; x_wconf 82' lang='grc' dir='ltr'><strong>σμένος</strong></span> <span class='ocrx_word' id='word_1_214' title='bbox 2266 1405 2343 1476; x_wconf 83' lang='grc' dir='ltr'>τῷ</span> <span class='ocrx_word' id='word_1_215' title='bbox 2374 1402 2621 1476; x_wconf 75' lang='grc' dir='ltr'>προτέρῳ</span> <span class='ocrx_word' id='word_1_216' title='bbox 2652 1400 2826 1471; x_wconf 83' lang='grc' dir='ltr'>χρόνῳ</span> <span class='ocrx_word' id='word_1_217' title='bbox 2866 1397 2995 1466; x_wconf 80' lang='grc'>(55),</span> <span class='ocrx_word' id='word_1_218' title='bbox 3030 1396 3114 1458; x_wconf 77' lang='grc' dir='ltr'>ἵν’,</span> <span class='ocrx_word' id='word_1_219' title='bbox 3146 1392 3199 1446; x_wconf 80' lang='grc' dir='ltr'>εἷ</span> <span class='ocrx_word' id='word_1_220' title='bbox 3223 1410 3367 1457; x_wconf 88' lang='grc' dir='ltr'>τινες</span> <span class='ocrx_word' id='word_1_221' title='bbox 3394 1392 3429 1464; x_wconf 84' lang='grc' dir='ltr'>ἢ</span> <span class='ocrx_word' id='word_1_222' title='bbox 3464 1390 3610 1463; x_wconf 77' lang='grc' dir='ltr'>παρὰ</span> 
     </span>
    </p>
   </div>
   <div class='ocr_carea' id='block_1_30' title="bbox 2040 1482 3611 1571">
    <p class='ocr_par' dir='ltr' id='par_1_30' title="bbox 2040 1482 3611 1571">
     <span class='ocr_line' id='line_1_30' title="bbox 2040 1482 3611 1571; baseline -0.015 -14"><span class='ocrx_word' id='word_1_223' title='bbox 2040 1502 2135 1557; x_wconf 76' lang='grc' dir='ltr'>τοῦ</span> <span class='ocrx_word' id='word_1_224' title='bbox 2158 1500 2379 1571; x_wconf 85' lang='grc' dir='ltr'>ταμείου</span> <span class='ocrx_word' id='word_1_225' title='bbox 2408 1495 2500 1551; x_wconf 77' lang='grc' dir='ltr'>τοῦ</span> <span class='ocrx_word' id='word_1_226' title='bbox 2531 1493 2797 1565; x_wconf 82' lang='grc' dir='ltr'>ἡμετέρου</span> <span class='ocrx_word' id='word_1_227' title='bbox 2838 1489 2871 1560; x_wconf 82' lang='grc' dir='ltr'><strong>ἢ</strong></span> <span class='ocrx_word' id='word_1_228' title='bbox 2907 1488 3055 1558; x_wconf 81' lang='grc' dir='ltr'>παρά</span> <span class='ocrx_word' id='word_1_229' title='bbox 3091 1503 3231 1549; x_wconf 89' lang='grc' dir='ltr'>τινος</span> <span class='ocrx_word' id='word_1_230' title='bbox 3265 1484 3455 1555; x_wconf 80' lang='grc' dir='ltr'>ἐτέρου</span> <span class='ocrx_word' id='word_1_231' title='bbox 3485 1482 3611 1553; x_wconf 73' lang='grc' dir='ltr'><strong>φαι-</strong></span> 
     </span>
    </p>
   </div>
   <div class='ocr_carea' id='block_1_31' title="bbox 2041 1574 3611 1660">
    <p class='ocr_par' dir='ltr' id='par_1_31' title="bbox 2041 1574 3611 1660">
     <span class='ocr_line' id='line_1_31' title="bbox 2041 1574 3611 1660; baseline -0.014 -14"><span class='ocrx_word' id='word_1_232' title='bbox 2041 1609 2213 1645; x_wconf 85' lang='grc' dir='ltr'>νοιντο</span> <span class='ocrx_word' id='word_1_233' title='bbox 2256 1585 2588 1660; x_wconf 80' lang='grc' dir='ltr'>ήγορακότες</span> <span class='ocrx_word' id='word_1_234' title='bbox 2617 1582 2858 1644; x_wconf 84' lang='grc' dir='ltr'>τούτους,</span> <span class='ocrx_word' id='word_1_235' title='bbox 2898 1580 3010 1642; x_wconf 83' lang='grc' dir='ltr'>τοῖς</span> <span class='ocrx_word' id='word_1_236' title='bbox 3052 1577 3233 1637; x_wconf 77' lang='grc' dir='ltr'>αὐτοῖς</span> <span class='ocrx_word' id='word_1_237' title='bbox 3264 1574 3611 1647; x_wconf 79' lang='grc' dir='ltr'>Χριστιανοῖς</span> 
     </span>
    </p>
   </div>
   <div class='ocr_carea' id='block_1_32' title="bbox 2042 1661 3609 1753">
    <p class='ocr_par' dir='ltr' id='par_1_32' title="bbox 2042 1661 3609 1753">
     <span class='ocr_line' id='line_1_32' title="bbox 2042 1661 3609 1753; baseline -0.016 -16"><span class='ocrx_word' id='word_1_238' title='bbox 2042 1684 2167 1737; x_wconf 86' lang='grc' dir='ltr'>ἄνευ</span> <span class='ocrx_word' id='word_1_239' title='bbox 2200 1678 2461 1753; x_wconf 78' lang='grc' dir='ltr'>ἀργυρίου</span> <span class='ocrx_word' id='word_1_240' title='bbox 2495 1674 2587 1728; x_wconf 77' lang='grc' dir='ltr'><strong>καὶ</strong></span> <span class='ocrx_word' id='word_1_241' title='bbox 2616 1671 2742 1726; x_wconf 84' lang='grc' dir='ltr'>ἀνευ</span> <span class='ocrx_word' id='word_1_242' title='bbox 2774 1670 2918 1733; x_wconf 77' lang='grc' dir='ltr'>τινὸς</span> <span class='ocrx_word' id='word_1_243' title='bbox 2946 1668 3291 1736; x_wconf 74' lang='grc' dir='ltr'>ἀπαιτήσεως</span> <span class='ocrx_word' id='word_1_244' title='bbox 3311 1664 3415 1732; x_wconf 77' lang='grc' dir='ltr'>τῆς</span> <span class='ocrx_word' id='word_1_245' title='bbox 3444 1661 3609 1733; x_wconf 77' lang='grc' dir='ltr'>τιμῆς</span> 
     </span>
    </p>
   </div>
   <div class='ocr_carea' id='block_1_33' title="bbox 2042 1754 3609 1845">
    <p class='ocr_par' dir='ltr' id='par_1_33' title="bbox 2042 1754 3609 1845">
     <span class='ocr_line' id='line_1_33' title="bbox 2042 1754 3609 1845; baseline -0.014 -18"><span class='ocrx_word' id='word_1_246' title='bbox 2042 1771 2430 1845; x_wconf 84' lang='grc' dir='ltr'>ὑπερτεθείσης</span> <span class='ocrx_word' id='word_1_247' title='bbox 2464 1766 2598 1836; x_wconf 63' lang='lat'><strong>(54),</strong></span> <span class='ocrx_word' id='word_1_248' title='bbox 2640 1765 2761 1834; x_wconf 82' lang='grc' dir='ltr'>δίχα</span> <span class='ocrx_word' id='word_1_249' title='bbox 2795 1761 2974 1832; x_wconf 80' lang='grc' dir='ltr'>πάσης</span> <span class='ocrx_word' id='word_1_250' title='bbox 3006 1757 3261 1829; x_wconf 82' lang='grc' dir='ltr'>ἀμελείας</span> <span class='ocrx_word' id='word_1_251' title='bbox 3294 1754 3393 1808; x_wconf 74' lang='grc' dir='ltr'>καὶ</span> <span class='ocrx_word' id='word_1_252' title='bbox 3438 1755 3609 1823; x_wconf 69' lang='grc' dir='ltr'>ἀμφι-</span> 
     </span>
    </p>
   </div>
   <div class='ocr_carea' id='block_1_34' title="bbox 297 1846 1943 1939">
    <p class='ocr_par' dir='ltr' id='par_1_34' title="bbox 297 1846 1939 1939">
     <span class='ocr_line' id='line_1_34' title="bbox 297 1846 1939 1939; baseline -0.001 -15"><span class='ocrx_word' id='word_1_253' title='bbox 297 1850 319 1893; x_wconf 72' lang='grc'><strong>⁶’</strong></span> <span class='ocrx_word' id='word_1_254' title='bbox 368 1868 662 1924; x_wconf 85' lang='lat' dir='ltr'><strong>clementia</strong></span> <span class='ocrx_word' id='word_1_255' title='bbox 696 1879 880 1937; x_wconf 91' lang='lat' dir='ltr'><strong>petere</strong></span> <span class='ocrx_word' id='word_1_256' title='bbox 911 1869 1115 1939; x_wconf 76' lang='lat' dir='ltr'><strong>velint;</strong></span> <span class='ocrx_word' id='word_1_257' title='bbox 1163 1846 1200 1923; x_wconf 87' lang='lat' dir='ltr'><strong>ii</strong></span> <span class='ocrx_word' id='word_1_258' title='bbox 1254 1868 1568 1939; x_wconf 71' lang='lat' dir='ltr'><strong>praefectum</strong></span> <span class='ocrx_word' id='word_1_259' title='bbox 1604 1868 1694 1936; x_wconf 86' lang='lat' dir='ltr'><strong>qui</strong></span> <span class='ocrx_word' id='word_1_260' title='bbox 1741 1869 1796 1921; x_wconf 92' lang='lat' dir='ltr'><strong>in</strong></span> <span class='ocrx_word' id='word_1_261' title='bbox 1848 1867 1939 1922; x_wconf 92' lang='lat' dir='ltr'><strong>illa</strong></span> 
     </span>
    </p>
   </div>
   <div class='ocr_carea' id='block_1_35' title="bbox 2046 1846 3614 1939">
    <p class='ocr_par' dir='ltr' id='par_1_35' title="bbox 2046 1846 3614 1939">
     <span class='ocr_line' id='line_1_35' title="bbox 2046 1846 3614 1939; baseline -0.015 -19"><span class='ocrx_word' id='word_1_262' title='bbox 2046 1867 2228 1929; x_wconf 80' lang='grc' dir='ltr'>δολίας</span> <span class='ocrx_word' id='word_1_263' title='bbox 2266 1863 2783 1939; x_wconf 28' lang='grc' dir='ltr'>ἀποκαταστήσωσιὶ,</span> <span class='ocrx_word' id='word_1_264' title='bbox 2834 1853 2927 1907; x_wconf 66' lang='grc' dir='ltr'><strong>καὶ¹</strong></span> <span class='ocrx_word' id='word_1_265' title='bbox 2973 1850 3027 1904; x_wconf 80' lang='grc' dir='ltr'><strong>εἴ</strong></span> <span class='ocrx_word' id='word_1_266' title='bbox 3060 1866 3202 1912; x_wconf 88' lang='grc' dir='ltr'>τινες</span> <span class='ocrx_word' id='word_1_267' title='bbox 3246 1847 3388 1901; x_wconf 89' lang='grc' dir='ltr'><strong>κατά</strong></span> <span class='ocrx_word' id='word_1_268' title='bbox 3443 1846 3614 1918; x_wconf 76' lang='grc' dir='ltr'>δῶρον</span> 
     </span>
    </p>
   </div>
   <div class='ocr_carea' id='block_1_36' title="bbox 372 1959 1940 2029">
    <p class='ocr_par' dir='ltr' id='par_1_36' title="bbox 372 1959 1940 2029">
     <span class='ocr_line' id='line_1_36' title="bbox 372 1959 1940 2029; baseline 0.001 -16"><span class='ocrx_word' id='word_1_269' title='bbox 372 1960 651 2029; x_wconf 85' lang='lat' dir='ltr'><strong>provincia</strong></span> <span class='ocrx_word' id='word_1_270' title='bbox 690 1960 780 2029; x_wconf 85' lang='lat' dir='ltr'><strong>ius</strong></span> <span class='ocrx_word' id='word_1_271' title='bbox 824 1959 977 2025; x_wconf 87' lang='lat' dir='ltr'><strong>dicit,</strong></span> <span class='ocrx_word' id='word_1_272' title='bbox 1013 1962 1227 2022; x_wconf 86' lang='lat' dir='ltr'><strong>adeant,</strong></span> <span class='ocrx_word' id='word_1_273' title='bbox 1261 1970 1375 2015; x_wconf 86' lang='lat' dir='ltr'><strong>uta</strong></span> <span class='ocrx_word' id='word_1_274' title='bbox 1408 1970 1591 2014; x_wconf 89' lang='lat' dir='ltr'><strong>nostra</strong></span> <span class='ocrx_word' id='word_1_275' title='bbox 1634 1959 1940 2014; x_wconf 89' lang='lat' dir='ltr'><strong>Serenitate</strong></span> 
     </span>
    </p>
   </div>
   <div class='ocr_carea' id='block_1_37' title="bbox 373 2050 1942 2121">
    <p class='ocr_par' dir='ltr' id='par_1_37' title="bbox 373 2050 1942 2121">
     <span class='ocr_line' id='line_1_37' title="bbox 373 2050 1942 2121; baseline 0.001 -16"><span class='ocrx_word' id='word_1_276' title='bbox 373 2050 513 2106; x_wconf 85' lang='lat' dir='ltr'><strong>ratio</strong></span> <span class='ocrx_word' id='word_1_277' title='bbox 536 2051 774 2120; x_wconf 88' lang='lat' dir='ltr'><strong>ipsorum</strong></span> <span class='ocrx_word' id='word_1_278' title='bbox 801 2052 1082 2107; x_wconf 88' lang='lat' dir='ltr'><strong>habeatur.</strong></span> <span class='ocrx_word' id='word_1_279' title='bbox 1099 2054 1231 2118; x_wconf 63' lang='lat' dir='ltr'><strong>Quae</strong></span> <span class='ocrx_word' id='word_1_280' title='bbox 1254 2053 1472 2119; x_wconf 87' lang='lat' dir='ltr'><strong>quidem</strong></span> <span class='ocrx_word' id='word_1_281' title='bbox 1490 2051 1670 2107; x_wconf 86' lang='lat' dir='ltr'><strong>omnia</strong></span> <span class='ocrx_word' id='word_1_282' title='bbox 1696 2052 1942 2121; x_wconf 88' lang='lat' dir='ltr'><strong>protinus</strong></span> 
     </span>
    </p>
   </div>
   <div class='ocr_carea' id='block_1_38' title="bbox 371 2143 1939 2212">
    <p class='ocr_par' dir='ltr' id='par_1_38' title="bbox 371 2143 1939 2212">
     <span class='ocr_line' id='line_1_38' title="bbox 371 2143 1939 2212; baseline 0.001 -13"><span class='ocrx_word' id='word_1_283' title='bbox 371 2146 494 2199; x_wconf 87' lang='lat' dir='ltr'><strong>sine</strong></span> <span class='ocrx_word' id='word_1_284' title='bbox 544 2143 649 2199; x_wconf 90' lang='lat' dir='ltr'><strong>ulla</strong></span> <span class='ocrx_word' id='word_1_285' title='bbox 703 2144 962 2201; x_wconf 84' lang='lat' dir='ltr'><strong>dilatione</strong></span> <span class='ocrx_word' id='word_1_286' title='bbox 989 2145 1201 2212; x_wconf 90' lang='lat' dir='ltr'><strong>corpori</strong></span> <span class='ocrx_word' id='word_1_287' title='bbox 1245 2143 1679 2199; x_wconf 87' lang='lat' dir='ltr'><strong>Christianorum</strong></span> <span class='ocrx_word' id='word_1_288' title='bbox 1729 2145 1939 2200; x_wconf 89' lang='lat' dir='ltr'><strong>restitui</strong></span> 
     </span>
    </p>
   </div>
   <div class='ocr_carea' id='block_1_39' title="bbox 372 2234 1939 2306">
    <p class='ocr_par' dir='ltr' id='par_1_39' title="bbox 372 2234 1939 2306">
     <span class='ocr_line' id='line_1_39' title="bbox 372 2234 1939 2306; baseline 0.002 -20"><span class='ocrx_word' id='word_1_289' title='bbox 372 2242 463 2286; x_wconf 91' lang='lat' dir='ltr'><strong>tua</strong></span> <span class='ocrx_word' id='word_1_290' title='bbox 494 2248 623 2289; x_wconf 89' lang='lat' dir='ltr'><strong>cura</strong></span> <span class='ocrx_word' id='word_1_291' title='bbox 654 2248 719 2289; x_wconf 86' lang='lat' dir='ltr'><strong>ac</strong></span> <span class='ocrx_word' id='word_1_292' title='bbox 757 2234 1037 2306; x_wconf 76' lang='lat' dir='ltr'><strong>diligentia</strong></span> <span class='ocrx_word' id='word_1_293' title='bbox 1064 2235 1355 2303; x_wconf 89' lang='lat' dir='ltr'><strong>oportebit.</strong></span> <span class='ocrx_word' id='word_1_294' title='bbox 1388 2234 1458 2289; x_wconf 89' lang='lat' dir='ltr'><strong>Et</strong></span> <span class='ocrx_word' id='word_1_295' title='bbox 1486 2235 1744 2304; x_wconf 91' lang='lat' dir='ltr'><strong>quoniam</strong></span> <span class='ocrx_word' id='word_1_296' title='bbox 1774 2235 1939 2289; x_wconf 93' lang='lat' dir='ltr'><strong>iidem</strong></span> 
     </span>
    </p>
   </div>
   <div class='ocr_carea' id='block_1_40' title="bbox 368 2323 1942 2394">
    <p class='ocr_par' dir='ltr' id='par_1_40' title="bbox 368 2323 1942 2394">
     <span class='ocr_line' id='line_1_40' title="bbox 368 2323 1942 2394; baseline 0.001 -15"><span class='ocrx_word' id='word_1_297' title='bbox 368 2323 667 2379; x_wconf 85' lang='lat' dir='ltr'><strong>Christiani</strong></span> <span class='ocrx_word' id='word_1_298' title='bbox 717 2340 821 2379; x_wconf 89' lang='lat' dir='ltr'><strong>non</strong></span> <span class='ocrx_word' id='word_1_299' title='bbox 858 2325 1035 2383; x_wconf 89' lang='lat' dir='ltr'><strong>solum</strong></span> <span class='ocrx_word' id='word_1_300' title='bbox 1072 2340 1136 2380; x_wconf 91' lang='lat' dir='ltr'><strong>ea</strong></span> <span class='ocrx_word' id='word_1_301' title='bbox 1173 2324 1289 2379; x_wconf 83' lang='lat' dir='ltr'><strong>loca</strong></span> <span class='ocrx_word' id='word_1_302' title='bbox 1323 2326 1374 2378; x_wconf 93' lang='lat' dir='ltr'><strong>in</strong></span> <span class='ocrx_word' id='word_1_303' title='bbox 1417 2326 1614 2394; x_wconf 92' lang='lat' dir='ltr'><strong>quibus</strong></span> <span class='ocrx_word' id='word_1_304' title='bbox 1646 2326 1942 2381; x_wconf 87' lang='lat' dir='ltr'><strong>convenire</strong></span> 
     </span>
    </p>
   </div>
   <div class='ocr_carea' id='block_1_41' title="bbox 368 2415 1941 2486">
    <p class='ocr_par' dir='ltr' id='par_1_41' title="bbox 368 2415 1941 2486">
     <span class='ocr_line' id='line_1_41' title="bbox 368 2415 1941 2486; baseline -0.001 -17"><span class='ocrx_word' id='word_1_305' title='bbox 368 2416 637 2479; x_wconf 83' lang='lat' dir='ltr'><strong>solebant,</strong></span> <span class='ocrx_word' id='word_1_306' title='bbox 668 2417 762 2470; x_wconf 89' lang='lat' dir='ltr'><strong>sed</strong></span> <span class='ocrx_word' id='word_1_307' title='bbox 787 2417 951 2469; x_wconf 77' lang='lat' dir='ltr'><strong>etiam</strong></span> <span class='ocrx_word' id='word_1_308' title='bbox 982 2415 1084 2469; x_wconf 90' lang='lat' dir='ltr'><strong>alia</strong></span> <span class='ocrx_word' id='word_1_309' title='bbox 1125 2417 1433 2485; x_wconf 84' lang='lat' dir='ltr'><strong>possedisse</strong></span> <span class='ocrx_word' id='word_1_310' title='bbox 1467 2426 1788 2481; x_wconf 86' lang='lat' dir='ltr'><strong>noscuntur,</strong></span> <span class='ocrx_word' id='word_1_311' title='bbox 1821 2430 1941 2486; x_wconf 68' lang='lat' dir='ltr'><strong>qua:</strong></span> 
     </span>
    </p>
   </div>
   <div class='ocr_carea' id='block_1_42' title="bbox 368 2502 1938 2574">
    <p class='ocr_par' dir='ltr' id='par_1_42' title="bbox 368 2502 1938 2574">
     <span class='ocr_line' id='line_1_42' title="bbox 368 2502 1938 2574; baseline 0.001 -19"><span class='ocrx_word' id='word_1_312' title='bbox 368 2516 478 2555; x_wconf 81' lang='lat' dir='ltr'><strong>non</strong></span> <span class='ocrx_word' id='word_1_313' title='bbox 514 2502 768 2570; x_wconf 78' lang='lat' dir='ltr'><strong>privatim</strong></span> <span class='ocrx_word' id='word_1_314' title='bbox 795 2503 860 2557; x_wconf 91' lang='lat' dir='ltr'><strong>ad</strong></span> <span class='ocrx_word' id='word_1_315' title='bbox 897 2502 1140 2573; x_wconf 87' lang='lat' dir='ltr'><strong>singulos</strong></span> <span class='ocrx_word' id='word_1_316' title='bbox 1171 2504 1433 2571; x_wconf 87' lang='lat' dir='ltr'><strong>ipsorum,</strong></span> <span class='ocrx_word' id='word_1_317' title='bbox 1464 2506 1561 2559; x_wconf 91' lang='lat' dir='ltr'><strong>sed</strong></span> <span class='ocrx_word' id='word_1_318' title='bbox 1593 2506 1665 2560; x_wconf 89' lang='lat' dir='ltr'><strong>ad</strong></span> <span class='ocrx_word' id='word_1_319' title='bbox 1694 2504 1785 2574; x_wconf 87' lang='lat' dir='ltr'><strong>jus</strong></span> <span class='ocrx_word' id='word_1_320' title='bbox 1813 2519 1938 2559; x_wconf 84' lang='lat' dir='ltr'><strong>cor-</strong></span> 
     </span>
    </p>
   </div>
   <div class='ocr_carea' id='block_1_43' title="bbox 366 2594 1939 2667">
    <p class='ocr_par' dir='ltr' id='par_1_43' title="bbox 366 2594 1939 2667">
     <span class='ocr_line' id='line_1_43' title="bbox 366 2594 1939 2667; baseline 0.002 -19"><span class='ocrx_word' id='word_1_321' title='bbox 366 2594 519 2663; x_wconf 82' lang='lat' dir='ltr'><strong>poris</strong></span> <span class='ocrx_word' id='word_1_322' title='bbox 546 2596 905 2664; x_wconf 86' lang='lat' dir='ltr'><strong>pertinerent,</strong></span> <span class='ocrx_word' id='word_1_323' title='bbox 966 2598 1080 2652; x_wconf 69' lang='lat' dir='ltr'><strong>bazc</strong></span> <span class='ocrx_word' id='word_1_324' title='bbox 1128 2596 1309 2651; x_wconf 89' lang='lat' dir='ltr'><strong>omnia</strong></span> <span class='ocrx_word' id='word_1_325' title='bbox 1342 2607 1467 2667; x_wconf 89' lang='lat' dir='ltr'><strong>post</strong></span> <span class='ocrx_word' id='word_1_326' title='bbox 1511 2599 1684 2667; x_wconf 81' lang='lat' dir='ltr'><strong>legem</strong></span> <span class='ocrx_word' id='word_1_327' title='bbox 1713 2616 1741 2652; x_wconf 91' lang='lat' dir='ltr'><strong>a</strong></span> <span class='ocrx_word' id='word_1_328' title='bbox 1784 2597 1939 2653; x_wconf 89' lang='lat' dir='ltr'><strong>nobis</strong></span> 
     </span>
    </p>
   </div>
   <div class='ocr_carea' id='block_1_44' title="bbox 371 2687 1940 2761">
    <p class='ocr_par' dir='ltr' id='par_1_44' title="bbox 371 2687 1940 2761">
     <span class='ocr_line' id='line_1_44' title="bbox 371 2687 1940 2761; baseline 0.003 -22"><span class='ocrx_word' id='word_1_329' title='bbox 371 2696 727 2741; x_wconf 78' lang='lat' dir='ltr'><strong>memoratam</strong></span> <span class='ocrx_word' id='word_1_330' title='bbox 754 2687 920 2761; x_wconf 80' lang='lat'><strong>390</strong></span> <span class='ocrx_word' id='word_1_331' title='bbox 948 2688 1151 2757; x_wconf 89' lang='lat' dir='ltr'><strong>absque</strong></span> <span class='ocrx_word' id='word_1_332' title='bbox 1208 2687 1316 2745; x_wconf 89' lang='lat' dir='ltr'><strong>ulla</strong></span> <span class='ocrx_word' id='word_1_333' title='bbox 1364 2688 1708 2743; x_wconf 88' lang='lat' dir='ltr'><strong>dubitatione</strong></span> <span class='ocrx_word' id='word_1_334' title='bbox 1748 2689 1940 2744; x_wconf 87' lang='lat' dir='ltr'><strong>iisdem</strong></span> 
     </span>
    </p>
   </div>
   <div class='ocr_carea' id='block_1_45' title="bbox 369 2777 1940 2851">
    <p class='ocr_par' dir='ltr' id='par_1_45' title="bbox 369 2777 1940 2851">
     <span class='ocr_line' id='line_1_45' title="bbox 369 2777 1940 2851; baseline 0.003 -20"><span class='ocrx_word' id='word_1_335' title='bbox 369 2777 720 2843; x_wconf 83' lang='lat' dir='ltr'><strong>Christianis,</strong></span> <span class='ocrx_word' id='word_1_336' title='bbox 743 2780 846 2833; x_wconf 92' lang='lat' dir='ltr'><strong>hoc</strong></span> <span class='ocrx_word' id='word_1_337' title='bbox 872 2788 956 2833; x_wconf 88' lang='lat' dir='ltr'><strong>est</strong></span> <span class='ocrx_word' id='word_1_338' title='bbox 988 2779 1210 2833; x_wconf 90' lang='lat' dir='ltr'><strong>cuilibet</strong></span> <span class='ocrx_word' id='word_1_339' title='bbox 1239 2782 1454 2851; x_wconf 91' lang='lat' dir='ltr'><strong>corpori</strong></span> <span class='ocrx_word' id='word_1_340' title='bbox 1478 2790 1532 2835; x_wconf 91' lang='lat' dir='ltr'><strong>et</strong></span> <span class='ocrx_word' id='word_1_341' title='bbox 1557 2781 1940 2836; x_wconf 91' lang='lat' dir='ltr'><strong>conventiculo</strong></span> 
     </span>
    </p>
   </div>
   <div class='ocr_carea' id='block_1_46' title="bbox 373 2869 1941 2938">
    <p class='ocr_par' dir='ltr' id='par_1_46' title="bbox 373 2869 1941 2938">
     <span class='ocr_line' id='line_1_46' title="bbox 373 2869 1941 2938; baseline 0.003 -14"><span class='ocrx_word' id='word_1_342' title='bbox 373 2871 613 2937; x_wconf 74' lang='lat' dir='ltr'><strong>ipsorttm</strong></span> <span class='ocrx_word' id='word_1_343' title='bbox 648 2871 858 2925; x_wconf 89' lang='lat' dir='ltr'><strong>restitui</strong></span> <span class='ocrx_word' id='word_1_344' title='bbox 883 2869 1099 2937; x_wconf 89' lang='lat' dir='ltr'><strong>iubebis</strong></span> <span class='ocrx_word' id='word_1_345' title='bbox 1126 2888 1140 2925; x_wconf 88' lang='lat'><strong>:</strong></span> <span class='ocrx_word' id='word_1_346' title='bbox 1164 2871 1474 2938; x_wconf 86' lang='lat' dir='ltr'><strong>supradicta</strong></span> <span class='ocrx_word' id='word_1_347' title='bbox 1500 2872 1706 2927; x_wconf 85' lang='lat' dir='ltr'><strong>scilicet</strong></span> <span class='ocrx_word' id='word_1_348' title='bbox 1732 2875 1941 2928; x_wconf 89' lang='lat' dir='ltr'><strong>ratione</strong></span> 
     </span>
    </p>
   </div>
   <div class='ocr_carea' id='block_1_47' title="bbox 368 2960 1941 3036">
    <p class='ocr_par' dir='ltr' id='par_1_47' title="bbox 368 2960 1941 3036">
     <span class='ocr_line' id='line_1_47' title="bbox 368 2960 1941 3036; baseline 0.005 -24"><span class='ocrx_word' id='word_1_349' title='bbox 368 2970 612 3025; x_wconf 86' lang='lat' dir='ltr'><strong>servata,</strong></span> <span class='ocrx_word' id='word_1_350' title='bbox 645 2973 705 3014; x_wconf 93' lang='lat' dir='ltr'><strong>ut</strong></span> <span class='ocrx_word' id='word_1_351' title='bbox 731 2962 824 3029; x_wconf 92' lang='lat' dir='ltr'><strong>qui</strong></span> <span class='ocrx_word' id='word_1_352' title='bbox 856 2976 921 3016; x_wconf 90' lang='lat' dir='ltr'><strong>ea</strong></span> <span class='ocrx_word' id='word_1_353' title='bbox 953 2960 1075 3016; x_wconf 89' lang='lat' dir='ltr'><strong>loca</strong></span> <span class='ocrx_word' id='word_1_354' title='bbox 1121 2962 1328 3031; x_wconf 91' lang='lat' dir='ltr'><strong>absque</strong></span> <span class='ocrx_word' id='word_1_355' title='bbox 1364 2964 1727 3021; x_wconf 89' lang='lat' dir='ltr'><strong>redhibitione</strong></span> <span class='ocrx_word' id='word_1_356' title='bbox 1758 2965 1941 3036; x_wconf 88' lang='lat' dir='ltr'><strong>pretii,</strong></span> 
     </span>
    </p>
   </div>
   <div class='ocr_carea' id='block_1_48' title="bbox 371 3051 1941 3118">
    <p class='ocr_par' dir='ltr' id='par_1_48' title="bbox 371 3051 1941 3118">
     <span class='ocr_line' id='line_1_48' title="bbox 371 3051 1941 3118; baseline 0.004 -13"><span class='ocrx_word' id='word_1_357' title='bbox 371 3052 520 3105; x_wconf 77' lang='lat' dir='ltr'><strong>sicut</strong></span> <span class='ocrx_word' id='word_1_358' title='bbox 550 3051 755 3106; x_wconf 91' lang='lat' dir='ltr'><strong>dictum</strong></span> <span class='ocrx_word' id='word_1_359' title='bbox 788 3063 893 3117; x_wconf 90' lang='lat' dir='ltr'><strong>est,</strong></span> <span class='ocrx_word' id='word_1_360' title='bbox 937 3053 1309 3118; x_wconf 85' lang='lat' dir='ltr'><strong>restituerint,</strong></span> <span class='ocrx_word' id='word_1_361' title='bbox 1339 3055 1751 3110; x_wconf 91' lang='lat' dir='ltr'><strong>indemnitatem</strong></span> <span class='ocrx_word' id='word_1_362' title='bbox 1786 3074 1941 3112; x_wconf 85' lang='lat' dir='ltr'><strong>suam</strong></span> 
     </span>
    </p>
   </div>
   <div class='ocr_carea' id='block_1_49' title="bbox 371 3145 1941 3217">
    <p class='ocr_par' dir='ltr' id='par_1_49' title="bbox 371 3145 1941 3217">
     <span class='ocr_line' id='line_1_49' title="bbox 371 3145 1941 3217; baseline 0.003 -19"><span class='ocrx_word' id='word_1_363' title='bbox 371 3160 407 3198; x_wconf 70' lang='grc' dir='ltr'>ι</span> <span class='ocrx_word' id='word_1_364' title='bbox 441 3151 625 3198; x_wconf 87' lang='lat' dir='ltr'><strong>nostra</strong></span> <span class='ocrx_word' id='word_1_365' title='bbox 652 3145 981 3214; x_wconf 82' lang='lat' dir='ltr'><strong>benignitate</strong></span> <span class='ocrx_word' id='word_1_366' title='bbox 1003 3157 1340 3214; x_wconf 81' lang='lat' dir='ltr'><strong>exspectent.</strong></span> <span class='ocrx_word' id='word_1_367' title='bbox 1365 3148 1543 3217; x_wconf 87' lang='lat' dir='ltr'><strong>Atque</strong></span> <span class='ocrx_word' id='word_1_368' title='bbox 1569 3147 1622 3201; x_wconf 93' lang='lat' dir='ltr'><strong>in</strong></span> <span class='ocrx_word' id='word_1_369' title='bbox 1656 3149 1738 3202; x_wconf 90' lang='lat' dir='ltr'><strong>his</strong></span> <span class='ocrx_word' id='word_1_370' title='bbox 1760 3150 1941 3203; x_wconf 87' lang='lat' dir='ltr'><strong>omni-</strong></span> 
     </span>
    </p>
   </div>
   <div class='ocr_carea' id='block_1_50' title="bbox 338 3230 1938 3306">
    <p class='ocr_par' dir='ltr' id='par_1_50' title="bbox 338 3230 1938 3306">
     <span class='ocr_line' id='line_1_50' title="bbox 338 3230 1938 3306; baseline 0.006 -23"><span class='ocrx_word' id='word_1_371' title='bbox 338 3258 341 3261; x_wconf 96' lang='lat'><strong><em>-</em></strong></span> <span class='ocrx_word' id='word_1_372' title='bbox 372 3230 477 3284; x_wconf 82' lang='lat' dir='ltr'><strong>bus</strong></span> <span class='ocrx_word' id='word_1_373' title='bbox 507 3232 827 3300; x_wconf 89' lang='lat' dir='ltr'><strong>supradicto</strong></span> <span class='ocrx_word' id='word_1_374' title='bbox 844 3236 1058 3304; x_wconf 89' lang='lat' dir='ltr'><strong>corpori</strong></span> <span class='ocrx_word' id='word_1_375' title='bbox 1083 3236 1517 3292; x_wconf 90' lang='lat' dir='ltr'><strong>Christianorum</strong></span> <span class='ocrx_word' id='word_1_376' title='bbox 1540 3253 1758 3306; x_wconf 90' lang='lat' dir='ltr'><strong>operam</strong></span> <span class='ocrx_word' id='word_1_377' title='bbox 1794 3252 1938 3295; x_wconf 89' lang='lat' dir='ltr'><strong>tuam</strong></span> 
     </span>
    </p>
   </div>
   <div class='ocr_carea' id='block_1_51' title="bbox 375 3323 1941 3399">
    <p class='ocr_par' dir='ltr' id='par_1_51' title="bbox 375 3323 1941 3399">
     <span class='ocr_line' id='line_1_51' title="bbox 375 3323 1941 3399; baseline 0.007 -22"><span class='ocrx_word' id='word_1_378' title='bbox 375 3334 539 3391; x_wconf 78' lang='lat' dir='ltr'><strong>atque</strong></span> <span class='ocrx_word' id='word_1_379' title='bbox 568 3323 889 3379; x_wconf 84' lang='lat' dir='ltr'><strong>industriam</strong></span> <span class='ocrx_word' id='word_1_380' title='bbox 923 3328 1099 3396; x_wconf 90' lang='lat' dir='ltr'><strong>quoad</strong></span> <span class='ocrx_word' id='word_1_381' title='bbox 1154 3328 1271 3382; x_wconf 90' lang='lat' dir='ltr'><strong>ﬁeri</strong></span> <span class='ocrx_word' id='word_1_382' title='bbox 1308 3329 1508 3397; x_wconf 85' lang='lat' dir='ltr'><strong>peterit</strong></span> <span class='ocrx_word' id='word_1_383' title='bbox 1542 3340 1802 3399; x_wconf 80' lang='lat' dir='ltr'><strong>praestare</strong></span> <span class='ocrx_word' id='word_1_384' title='bbox 1846 3333 1941 3387; x_wconf 85' lang='lat' dir='ltr'><strong>de-</strong></span> 
     </span>
    </p>
   </div>
   <div class='ocr_carea' id='block_1_52' title="bbox 370 3414 1939 3492">
    <p class='ocr_par' dir='ltr' id='par_1_52' title="bbox 370 3414 1939 3492">
     <span class='ocr_line' id='line_1_52' title="bbox 370 3414 1939 3492; baseline 0.006 -24"><span class='ocrx_word' id='word_1_385' title='bbox 370 3414 563 3480; x_wconf 78' lang='lat' dir='ltr'><strong>bebis;</strong></span> <span class='ocrx_word' id='word_1_386' title='bbox 612 3425 673 3468; x_wconf 90' lang='lat' dir='ltr'><strong>ut</strong></span> <span class='ocrx_word' id='word_1_387' title='bbox 724 3417 1033 3471; x_wconf 89' lang='lat' dir='ltr'><strong>mandatum</strong></span> <span class='ocrx_word' id='word_1_388' title='bbox 1078 3419 1343 3473; x_wconf 83' lang='lat' dir='ltr'><strong>citissime</strong></span> <span class='ocrx_word' id='word_1_389' title='bbox 1388 3422 1719 3489; x_wconf 89' lang='lat' dir='ltr'><strong>perﬁciatur,</strong></span> <span class='ocrx_word' id='word_1_390' title='bbox 1752 3424 1939 3492; x_wconf 87' lang='lat' dir='ltr'><strong>quoin</strong></span> 
     </span>
    </p>
   </div>
   <div class='ocr_carea' id='block_1_53' title="bbox 375 3502 1941 3577">
    <p class='ocr_par' dir='ltr' id='par_1_53' title="bbox 375 3502 1941 3577">
     <span class='ocr_line' id='line_1_53' title="bbox 375 3502 1941 3577; baseline 0.003 -20"><span class='ocrx_word' id='word_1_391' title='bbox 375 3505 479 3557; x_wconf 87' lang='lat' dir='ltr'><strong>hoc</strong></span> <span class='ocrx_word' id='word_1_392' title='bbox 495 3502 658 3557; x_wconf 87' lang='lat' dir='ltr'><strong>etiam</strong></span> <span class='ocrx_word' id='word_1_393' title='bbox 686 3505 958 3559; x_wconf 87' lang='lat' dir='ltr'><strong>connnuni</strong></span> <span class='ocrx_word' id='word_1_394' title='bbox 981 3515 1035 3559; x_wconf 90' lang='lat' dir='ltr'><strong>et</strong></span> <span class='ocrx_word' id='word_1_395' title='bbox 1059 3506 1283 3574; x_wconf 63' lang='lat' dir='ltr'><strong>publica:</strong></span> <span class='ocrx_word' id='word_1_396' title='bbox 1303 3507 1677 3577; x_wconf 89' lang='lat' dir='ltr'><strong>tranquillitati</strong></span> <span class='ocrx_word' id='word_1_397' title='bbox 1705 3525 1733 3562; x_wconf 91' lang='lat' dir='ltr'><strong>a</strong></span> <span class='ocrx_word' id='word_1_398' title='bbox 1757 3520 1941 3563; x_wconf 89' lang='lat' dir='ltr'><strong>nostra</strong></span> 
     </span>
    </p>
   </div>
   <div class='ocr_carea' id='block_1_54' title="bbox 374 3593 1936 3670">
    <p class='ocr_par' dir='ltr' id='par_1_54' title="bbox 374 3593 1936 3670">
     <span class='ocr_line' id='line_1_54' title="bbox 374 3593 1936 3670; baseline 0.004 -22"><span class='ocrx_word' id='word_1_399' title='bbox 374 3593 670 3650; x_wconf 85' lang='lat' dir='ltr'><strong>clementia</strong></span> <span class='ocrx_word' id='word_1_400' title='bbox 698 3596 1039 3651; x_wconf 88' lang='lat' dir='ltr'><strong>consulatur.</strong></span> <span class='ocrx_word' id='word_1_401' title='bbox 1064 3596 1176 3652; x_wconf 84' lang='lat' dir='ltr'><strong>Hac</strong></span> <span class='ocrx_word' id='word_1_402' title='bbox 1204 3596 1351 3652; x_wconf 88' lang='lat' dir='ltr'><strong>enim</strong></span> <span class='ocrx_word' id='word_1_403' title='bbox 1393 3599 1604 3654; x_wconf 87' lang='lat' dir='ltr'><strong>ratione</strong></span> <span class='ocrx_word' id='word_1_404' title='bbox 1639 3599 1796 3653; x_wconf 89' lang='lat' dir='ltr'><strong>sicuti</strong></span> <span class='ocrx_word' id='word_1_405' title='bbox 1825 3599 1936 3670; x_wconf 86' lang='lat' dir='ltr'><strong>iam</strong></span> 
     </span>
    </p>
   </div>
   <div class='ocr_carea' id='block_1_55' title="bbox 449 3793 1944 3870">
    <p class='ocr_par' dir='ltr' id='par_1_55' title="bbox 449 3793 1944 3870">
     <span class='ocr_line' id='line_1_55' title="bbox 449 3793 1944 3870; baseline 0.002 -23"><span class='ocrx_word' id='word_1_406' title='bbox 449 3793 584 3870; x_wconf 31' lang='lat' dir='ltr'><strong>(A53)</strong></span> <span class='ocrx_word' id='word_1_407' title='bbox 631 3795 834 3870; x_wconf 55' lang='grc' dir='ltr'>Τύριος</span> <span class='ocrx_word' id='word_1_408' title='bbox 896 3793 1117 3870; x_wconf 31' lang='grc' dir='ltr'>ἔτερος.</span> <span class='ocrx_word' id='word_1_409' title='bbox 1160 3793 1489 3870; x_wconf 76' lang='grc' dir='ltr'>ὡρισμένος</span> <span class='ocrx_word' id='word_1_410' title='bbox 1545 3796 1628 3870; x_wconf 70' lang='grc' dir='ltr'>τῷ</span> <span class='ocrx_word' id='word_1_411' title='bbox 1683 3798 1944 3870; x_wconf 60' lang='grc' dir='ltr'>ίτροτέρῳ</span> 
     </span>
    </p>
   </div>
   <div class='ocr_carea' id='block_1_56' title="bbox 374 3864 1943 3934">
    <p class='ocr_par' dir='ltr' id='par_1_56' title="bbox 374 3864 1943 3934">
     <span class='ocr_line' id='line_1_56' title="bbox 374 3864 1943 3934; baseline 0.003 -19"><span class='ocrx_word' id='word_1_412' title='bbox 374 3864 589 3934; x_wconf 80' lang='grc' dir='ltr'><strong>χρόνῳ.</strong></span> <span class='ocrx_word' id='word_1_413' title='bbox 628 3864 701 3917; x_wconf 85' lang='lat' dir='ltr'><strong>De</strong></span> <span class='ocrx_word' id='word_1_414' title='bbox 736 3864 870 3916; x_wconf 80' lang='lat' dir='ltr'><strong>locis</strong></span> <span class='ocrx_word' id='word_1_415' title='bbox 921 3866 1152 3934; x_wconf 86' lang='lat' dir='ltr'><strong>publicis</strong></span> <span class='ocrx_word' id='word_1_416' title='bbox 1189 3874 1245 3919; x_wconf 89' lang='lat' dir='ltr'><strong>et</strong></span> <span class='ocrx_word' id='word_1_417' title='bbox 1293 3864 1622 3921; x_wconf 76' lang='lat' dir='ltr'><strong>ctemeteriis</strong></span> <span class='ocrx_word' id='word_1_418' title='bbox 1672 3866 1943 3921; x_wconf 80' lang='lat' dir='ltr'><strong>Christia-</strong></span> 
     </span>
    </p>
   </div>
   <div class='ocr_carea' id='block_1_57' title="bbox 376 3933 1945 4001">
    <p class='ocr_par' dir='ltr' id='par_1_57' title="bbox 376 3933 1945 4001">
     <span class='ocr_line' id='line_1_57' title="bbox 376 3933 1945 4001; baseline 0.004 -16"><span class='ocrx_word' id='word_1_419' title='bbox 376 3933 566 3987; x_wconf 81' lang='lat' dir='ltr'><strong>norum</strong></span> <span class='ocrx_word' id='word_1_420' title='bbox 610 3943 786 3987; x_wconf 78' lang='lat' dir='ltr'><strong>exstat</strong></span> <span class='ocrx_word' id='word_1_421' title='bbox 818 3935 903 3987; x_wconf 89' lang='lat' dir='ltr'><strong>lex</strong></span> <span class='ocrx_word' id='word_1_422' title='bbox 942 3933 1171 3989; x_wconf 88' lang='lat' dir='ltr'><strong>Gallieni</strong></span> <span class='ocrx_word' id='word_1_423' title='bbox 1202 3935 1341 4001; x_wconf 86' lang='lat' dir='ltr'><strong>apud</strong></span> <span class='ocrx_word' id='word_1_424' title='bbox 1390 3936 1676 3991; x_wconf 81' lang='lat' dir='ltr'><strong>Eusebium</strong></span> <span class='ocrx_word' id='word_1_425' title='bbox 1718 3938 1771 3990; x_wconf 93' lang='lat' dir='ltr'><strong>in</strong></span> <span class='ocrx_word' id='word_1_426' title='bbox 1808 3937 1945 3991; x_wconf 89' lang='lat' dir='ltr'><strong>libro</strong></span> 
     </span>
    </p>
   </div>
   <div class='ocr_carea' id='block_1_58' title="bbox 373 4003 1945 4074">
    <p class='ocr_par' dir='ltr' id='par_1_58' title="bbox 373 4003 1945 4074">
     <span class='ocr_line' id='line_1_58' title="bbox 373 4003 1945 4074; baseline 0.005 -22"><span class='ocrx_word' id='word_1_427' title='bbox 373 4019 481 4064; x_wconf 82' lang='grc' dir='ltr'>νιι,</span> <span class='ocrx_word' id='word_1_428' title='bbox 517 4003 753 4074; x_wconf 71' lang='lat' dir='ltr'><strong>cap.l5,</strong></span> <span class='ocrx_word' id='word_1_429' title='bbox 799 4019 908 4074; x_wconf 86' lang='lat' dir='ltr'><strong>qua</strong></span> <span class='ocrx_word' id='word_1_430' title='bbox 961 4004 1267 4074; x_wconf 88' lang='lat' dir='ltr'><strong>huiusmodi</strong></span> <span class='ocrx_word' id='word_1_431' title='bbox 1308 4006 1426 4060; x_wconf 90' lang='lat' dir='ltr'><strong>loca</strong></span> <span class='ocrx_word' id='word_1_432' title='bbox 1478 4006 1805 4061; x_wconf 82' lang='lat' dir='ltr'><strong>Christianis</strong></span> <span class='ocrx_word' id='word_1_433' title='bbox 1856 4023 1945 4060; x_wconf 90' lang='lat' dir='ltr'><strong>re-</strong></span> 
     </span>
    </p>
   </div>
   <div class='ocr_carea' id='block_1_59' title="bbox 374 4072 1942 4144">
    <p class='ocr_par' dir='ltr' id='par_1_59' title="bbox 374 4072 1942 4144">
     <span class='ocr_line' id='line_1_59' title="bbox 374 4072 1942 4144; baseline 0.003 -19"><span class='ocrx_word' id='word_1_434' title='bbox 374 4074 527 4127; x_wconf 83' lang='lat' dir='ltr'><strong>stitui</strong></span> <span class='ocrx_word' id='word_1_435' title='bbox 550 4072 829 4144; x_wconf 73' lang='lat' dir='ltr'><strong>iubentur.</strong></span> <span class='ocrx_word' id='word_1_436' title='bbox 860 4072 914 4144; x_wconf 71' lang='lat' dir='ltr'><strong>In</strong></span> <span class='ocrx_word' id='word_1_437' title='bbox 946 4072 1116 4141; x_wconf 74' lang='lat' dir='ltr'><strong>pruina</strong></span> <span class='ocrx_word' id='word_1_438' title='bbox 1150 4076 1313 4144; x_wconf 89' lang='lat' dir='ltr'><strong>igitur</strong></span> <span class='ocrx_word' id='word_1_439' title='bbox 1340 4078 1751 4139; x_wconf 91' lang='lat' dir='ltr'><strong>constitutione,</strong></span> <span class='ocrx_word' id='word_1_440' title='bbox 1781 4093 1942 4143; x_wconf 84' lang='lat' dir='ltr'><strong>quam</strong></span> 
     </span>
    </p>
   </div>
   <div class='ocr_carea' id='block_1_60' title="bbox 371 4140 1948 4214">
    <p class='ocr_par' dir='ltr' id='par_1_60' title="bbox 371 4140 1948 4214">
     <span class='ocr_line' id='line_1_60' title="bbox 371 4140 1948 4214; baseline 0.002 -19"><span class='ocrx_word' id='word_1_441' title='bbox 371 4143 534 4214; x_wconf 67' lang='lat' dir='ltr'><strong>\‘iClQ</strong></span> <span class='ocrx_word' id='word_1_442' title='bbox 564 4141 839 4196; x_wconf 82' lang='lat' dir='ltr'><strong>Maxentio</strong></span> <span class='ocrx_word' id='word_1_443' title='bbox 877 4140 1263 4197; x_wconf 74' lang='lat' dir='ltr'><strong>Constantinus</strong></span> <span class='ocrx_word' id='word_1_444' title='bbox 1300 4156 1351 4199; x_wconf 92' lang='lat' dir='ltr'><strong>et</strong></span> <span class='ocrx_word' id='word_1_445' title='bbox 1385 4145 1626 4200; x_wconf 89' lang='lat' dir='ltr'><strong>Licinius</strong></span> <span class='ocrx_word' id='word_1_446' title='bbox 1665 4161 1762 4214; x_wconf 90' lang='lat' dir='ltr'><strong>pro</strong></span> <span class='ocrx_word' id='word_1_447' title='bbox 1791 4140 1948 4199; x_wconf 80' lang='lat' dir='ltr'><strong>Citri-</strong></span> 
     </span>
    </p>
   </div>
   <div class='ocr_carea' id='block_1_61' title="bbox 374 4212 1948 4281">
    <p class='ocr_par' dir='ltr' id='par_1_61' title="bbox 374 4212 1948 4281">
     <span class='ocr_line' id='line_1_61' title="bbox 374 4212 1948 4281; baseline 0.001 -16"><span class='ocrx_word' id='word_1_448' title='bbox 374 4212 571 4267; x_wconf 86' lang='lat' dir='ltr'><strong>stianis</strong></span> <span class='ocrx_word' id='word_1_449' title='bbox 614 4214 929 4273; x_wconf 84' lang='lat' dir='ltr'><strong>ediderunt,</strong></span> <span class='ocrx_word' id='word_1_450' title='bbox 974 4222 1028 4264; x_wconf 91' lang='lat' dir='ltr'><strong>et</strong></span> <span class='ocrx_word' id='word_1_451' title='bbox 1074 4214 1230 4281; x_wconf 80' lang='lat' dir='ltr'><strong>cuius</strong></span> <span class='ocrx_word' id='word_1_452' title='bbox 1279 4216 1559 4281; x_wconf 85' lang='lat' dir='ltr'><strong>exetnplar</strong></span> <span class='ocrx_word' id='word_1_453' title='bbox 1593 4212 1680 4268; x_wconf 54' lang='lat' dir='ltr'><strong>ad&#39;</strong></span> <span class='ocrx_word' id='word_1_454' title='bbox 1707 4214 1948 4267; x_wconf 85' lang='lat' dir='ltr'><strong>Maximi-</strong></span> 
     </span>
    </p>
   </div>
   <div class='ocr_carea' id='block_1_62' title="bbox 378 4279 1948 4351">
    <p class='ocr_par' dir='ltr' id='par_1_62' title="bbox 378 4279 1948 4351">
     <span class='ocr_line' id='line_1_62' title="bbox 378 4279 1948 4351; baseline 0.003 -18"><span class='ocrx_word' id='word_1_455' title='bbox 378 4298 505 4335; x_wconf 86' lang='lat' dir='ltr'><strong>ntnu</strong></span> <span class='ocrx_word' id='word_1_456' title='bbox 554 4282 939 4351; x_wconf 87' lang='lat' dir='ltr'><strong>imperatorem</strong></span> <span class='ocrx_word' id='word_1_457' title='bbox 974 4281 1025 4334; x_wconf 89' lang='lat' dir='ltr'><strong>in</strong></span> <span class='ocrx_word' id='word_1_458' title='bbox 1057 4279 1332 4337; x_wconf 83' lang='lat' dir='ltr'><strong>Orientem</strong></span> <span class='ocrx_word' id='word_1_459' title='bbox 1376 4279 1668 4347; x_wconf 81' lang='lat' dir='ltr'><strong>miserunt,</strong></span> <span class='ocrx_word' id='word_1_460' title='bbox 1711 4287 1811 4337; x_wconf 89' lang='lat' dir='ltr'><strong>hoc</strong></span> <span class='ocrx_word' id='word_1_461' title='bbox 1858 4301 1948 4338; x_wconf 57' lang='lat' dir='ltr'><strong>so-</strong></span> 
     </span>
    </p>
   </div>
   <div class='ocr_carea' id='block_1_63' title="bbox 377 4350 1948 4420">
    <p class='ocr_par' dir='ltr' id='par_1_63' title="bbox 377 4350 1948 4420">
     <span class='ocr_line' id='line_1_63' title="bbox 377 4350 1948 4420; baseline 0.002 -16"><span class='ocrx_word' id='word_1_462' title='bbox 377 4351 486 4404; x_wconf 89' lang='lat' dir='ltr'><strong>lum</strong></span> <span class='ocrx_word' id='word_1_463' title='bbox 515 4350 893 4414; x_wconf 83' lang='lat' dir='ltr'><strong>decreverant,</strong></span> <span class='ocrx_word' id='word_1_464' title='bbox 937 4361 995 4403; x_wconf 90' lang='lat' dir='ltr'><strong>ut</strong></span> <span class='ocrx_word' id='word_1_465' title='bbox 1036 4351 1151 4404; x_wconf 82' lang='lat' dir='ltr'><strong>loca</strong></span> <span class='ocrx_word' id='word_1_466' title='bbox 1199 4356 1380 4407; x_wconf 89' lang='lat' dir='ltr'><strong>omnia</strong></span> <span class='ocrx_word' id='word_1_467' title='bbox 1417 4356 1473 4407; x_wconf 89' lang='lat' dir='ltr'><strong>in</strong></span> <span class='ocrx_word' id='word_1_468' title='bbox 1504 4370 1621 4420; x_wconf 73' lang='lat' dir='ltr'><strong>quae</strong></span> <span class='ocrx_word' id='word_1_469' title='bbox 1654 4352 1948 4407; x_wconf 81' lang='lat' dir='ltr'><strong>Christiani</strong></span> 
     </span>
    </p>
   </div>
   <div class='ocr_carea' id='block_1_64' title="bbox 374 4422 1945 4489">
    <p class='ocr_par' dir='ltr' id='par_1_64' title="bbox 374 4422 1945 4489">
     <span class='ocr_line' id='line_1_64' title="bbox 374 4422 1945 4489; baseline 0.001 -15"><span class='ocrx_word' id='word_1_470' title='bbox 374 4422 670 4475; x_wconf 85' lang='lat' dir='ltr'><strong>convenire</strong></span> <span class='ocrx_word' id='word_1_471' title='bbox 702 4431 1120 4487; x_wconf 87' lang='lat' dir='ltr'><strong>consueverant,</strong></span> <span class='ocrx_word' id='word_1_472' title='bbox 1148 4422 1474 4477; x_wconf 84' lang='lat' dir='ltr'><strong>Christianis</strong></span> <span class='ocrx_word' id='word_1_473' title='bbox 1502 4426 1631 4477; x_wconf 91' lang='lat' dir='ltr'><strong>olim</strong></span> <span class='ocrx_word' id='word_1_474' title='bbox 1668 4426 1945 4489; x_wconf 89' lang='lat' dir='ltr'><strong>adempta,</strong></span> 
     </span>
    </p>
   </div>
   <div class='ocr_carea' id='block_1_65' title="bbox 377 4491 1950 4562">
    <p class='ocr_par' dir='ltr' id='par_1_65' title="bbox 377 4491 1950 4562">
     <span class='ocr_line' id='line_1_65' title="bbox 377 4491 1950 4562; baseline 0.004 -21"><span class='ocrx_word' id='word_1_475' title='bbox 377 4491 571 4562; x_wconf 48' lang='lat' dir='ltr'><strong>iistmnt</strong></span> <span class='ocrx_word' id='word_1_476' title='bbox 635 4492 1075 4562; x_wconf 83' lang='lat' dir='ltr'><strong>restituerentur.</strong></span> <span class='ocrx_word' id='word_1_477' title='bbox 1124 4493 1229 4545; x_wconf 90' lang='lat' dir='ltr'><strong>Sed</strong></span> <span class='ocrx_word' id='word_1_478' title='bbox 1283 4495 1349 4546; x_wconf 90' lang='lat' dir='ltr'><strong>de</strong></span> <span class='ocrx_word' id='word_1_479' title='bbox 1399 4494 1555 4562; x_wconf 86' lang='lat' dir='ltr'><strong>pretii</strong></span> <span class='ocrx_word' id='word_1_480' title='bbox 1612 4495 1950 4547; x_wconf 89' lang='lat' dir='ltr'><strong>restitutione</strong></span> 
     </span>
    </p>
   </div>
   <div class='ocr_carea' id='block_1_66' title="bbox 2043 1936 3611 2027">
    <p class='ocr_par' dir='ltr' id='par_1_66' title="bbox 2043 1936 3611 2027">
     <span class='ocr_line' id='line_1_66' title="bbox 2043 1936 3611 2027; baseline -0.015 -16"><span class='ocrx_word' id='word_1_481' title='bbox 2043 1955 2379 2027; x_wconf 81' lang='grc' dir='ltr'>τυγχάνωσιν</span> <span class='ocrx_word' id='word_1_482' title='bbox 2410 1950 2687 2020; x_wconf 81' lang='grc' dir='ltr'>είληφότες</span> <span class='ocrx_word' id='word_1_483' title='bbox 2724 1936 2849 2008; x_wconf 80' lang='grc' dir='ltr'>τοὺς</span> <span class='ocrx_word' id='word_1_484' title='bbox 2891 1943 3084 2005; x_wconf 72' lang='grc' dir='ltr'>αὐτοὺς</span> <span class='ocrx_word' id='word_1_485' title='bbox 3111 1941 3339 2003; x_wconf 86' lang='grc' dir='ltr'>τόπους,</span> <span class='ocrx_word' id='word_1_486' title='bbox 3370 1938 3522 2002; x_wconf 82' lang='grc' dir='ltr'>ὅπως</span> <span class='ocrx_word' id='word_1_487' title='bbox 3562 1936 3611 1989; x_wconf 79' lang='grc' dir='ltr'>ει</span> 
     </span>
    </p>
   </div>
   <div class='ocr_carea' id='block_1_67' title="bbox 2041 2028 3612 2112">
    <p class='ocr_par' dir='ltr' id='par_1_67' title="bbox 2041 2028 3612 2112">
     <span class='ocr_line' id='line_1_67' title="bbox 2041 2028 3612 2112; baseline -0.014 -10"><span class='ocrx_word' id='word_1_488' title='bbox 2041 2052 2153 2111; x_wconf 87' lang='grc' dir='ltr'>τοῖς</span> <span class='ocrx_word' id='word_1_489' title='bbox 2192 2046 2374 2109; x_wconf 83' lang='grc' dir='ltr'>αὐτοῖς</span> <span class='ocrx_word' id='word_1_490' title='bbox 2420 2041 2764 2112; x_wconf 89' lang='grc' dir='ltr'>Χριστιανοῖς</span> <span class='ocrx_word' id='word_1_491' title='bbox 2801 2036 2897 2107; x_wconf 81' lang='grc' dir='ltr'>τὴν</span> <span class='ocrx_word' id='word_1_492' title='bbox 2928 2034 3184 2105; x_wconf 85' lang='grc' dir='ltr'>ταχίστην</span> <span class='ocrx_word' id='word_1_493' title='bbox 3228 2028 3612 2099; x_wconf 83' lang='grc' dir='ltr'>ἀποκαταστὴ-</span> 
     </span>
    </p>
   </div>
   <div class='ocr_carea' id='block_1_68' title="bbox 2045 2122 3611 2205">
    <p class='ocr_par' dir='ltr' id='par_1_68' title="bbox 2045 2122 3611 2205">
     <span class='ocr_line' id='line_1_68' title="bbox 2045 2122 3611 2205; baseline -0.014 -11"><span class='ocrx_word' id='word_1_494' title='bbox 2045 2156 2207 2194; x_wconf 88' lang='grc' dir='ltr'>σωσιν</span> <span class='ocrx_word' id='word_1_495' title='bbox 2243 2136 2413 2199; x_wconf 78' lang='grc' dir='ltr'>οὕτως</span> <span class='ocrx_word' id='word_1_496' title='bbox 2440 2133 2574 2205; x_wconf 81' lang='grc'>(55),</span> <span class='ocrx_word' id='word_1_497' title='bbox 2617 2132 2650 2203; x_wconf 80' lang='grc' dir='ltr'>ἢ</span> <span class='ocrx_word' id='word_1_498' title='bbox 2694 2131 2743 2183; x_wconf 80' lang='lat' dir='ltr'><strong>0i</strong></span> <span class='ocrx_word' id='word_1_499' title='bbox 2771 2127 3097 2200; x_wconf 77' lang='grc' dir='ltr'>ἡγορακότες</span> <span class='ocrx_word' id='word_1_500' title='bbox 3125 2124 3251 2187; x_wconf 70' lang='grc' dir='ltr'>τοὺς</span> <span class='ocrx_word' id='word_1_501' title='bbox 3286 2124 3488 2185; x_wconf 72' lang='grc' dir='ltr'>αὐτοὺς</span> <span class='ocrx_word' id='word_1_502' title='bbox 3522 2122 3611 2173; x_wconf 90' lang='grc' dir='ltr'>τό-</span> 
     </span>
    </p>
   </div>
   <div class='ocr_carea' id='block_1_69' title="bbox 2043 2213 3613 2300">
    <p class='ocr_par' dir='ltr' id='par_1_69' title="bbox 2043 2213 3613 2300">
     <span class='ocr_line' id='line_1_69' title="bbox 2043 2213 3613 2300; baseline -0.014 -15"><span class='ocrx_word' id='word_1_503' title='bbox 2043 2248 2197 2293; x_wconf 86' lang='grc' dir='ltr'>πους,</span> <span class='ocrx_word' id='word_1_504' title='bbox 2231 2230 2264 2300; x_wconf 85' lang='grc' dir='ltr'><strong>ἧ</strong></span> <span class='ocrx_word' id='word_1_505' title='bbox 2297 2230 2346 2281; x_wconf 87' lang='grc' dir='ltr'><strong>οί</strong></span> <span class='ocrx_word' id='word_1_506' title='bbox 2385 2224 2526 2280; x_wconf 87' lang='grc' dir='ltr'><strong>κατά</strong></span> <span class='ocrx_word' id='word_1_507' title='bbox 2563 2221 2765 2295; x_wconf 78' lang='grc' dir='ltr'>δωρεὰν</span> <span class='ocrx_word' id='word_1_508' title='bbox 2796 2219 3074 2290; x_wconf 70' lang='grc' dir='ltr'>εἰληφότες</span> <span class='ocrx_word' id='word_1_509' title='bbox 3121 2214 3313 2268; x_wconf 84' lang='grc' dir='ltr'>αἰτῶσί</span> <span class='ocrx_word' id='word_1_510' title='bbox 3360 2232 3416 2267; x_wconf 89' lang='grc' dir='ltr'><strong>τι</strong></span> <span class='ocrx_word' id='word_1_511' title='bbox 3462 2213 3613 2284; x_wconf 84' lang='grc' dir='ltr'><strong>παρά</strong></span> 
     </span>
    </p>
   </div>
   <div class='ocr_carea' id='block_1_70' title="bbox 2039 2304 3616 2395">
    <p class='ocr_par' dir='ltr' id='par_1_70' title="bbox 2039 2304 3616 2395">
     <span class='ocr_line' id='line_1_70' title="bbox 2039 2304 3616 2395; baseline -0.013 -19"><span class='ocrx_word' id='word_1_512' title='bbox 2039 2325 2139 2395; x_wconf 82' lang='grc' dir='ltr'><strong>τῆς</strong></span> <span class='ocrx_word' id='word_1_513' title='bbox 2170 2318 2443 2391; x_wconf 77' lang='grc' dir='ltr'>ἡμετέρας</span> <span class='ocrx_word' id='word_1_514' title='bbox 2483 2311 2904 2382; x_wconf 85' lang='grc' dir='ltr'>καλοκάγαθίας,</span> <span class='ocrx_word' id='word_1_515' title='bbox 2936 2307 3272 2380; x_wconf 81' lang='grc' dir='ltr'>προσέλθωσι</span> <span class='ocrx_word' id='word_1_516' title='bbox 3302 2304 3381 2375; x_wconf 81' lang='grc' dir='ltr'><strong>τῷ</strong></span> <span class='ocrx_word' id='word_1_517' title='bbox 3415 2306 3509 2357; x_wconf 77' lang='grc' dir='ltr'>ἐπὶ</span> <span class='ocrx_word' id='word_1_518' title='bbox 3536 2304 3616 2356; x_wconf 85' lang='grc' dir='ltr'>τό-</span> 
     </span>
    </p>
   </div>
   <div class='ocr_carea' id='block_1_71' title="bbox 2042 2395 3617 2483">
    <p class='ocr_par' dir='ltr' id='par_1_71' title="bbox 2042 2395 3617 2483">
     <span class='ocr_line' id='line_1_71' title="bbox 2042 2395 3617 2483; baseline -0.015 -14"><span class='ocrx_word' id='word_1_519' title='bbox 2042 2431 2158 2469; x_wconf 82' lang='grc' dir='ltr'><strong>πων</strong></span> <span class='ocrx_word' id='word_1_520' title='bbox 2206 2412 2433 2483; x_wconf 78' lang='grc' dir='ltr'>ἐπάρχῳ</span> <span class='ocrx_word' id='word_1_521' title='bbox 2483 2404 2776 2469; x_wconf 75' lang='grc' dir='ltr'>δικάζοντι,</span> <span class='ocrx_word' id='word_1_522' title='bbox 2823 2403 2970 2465; x_wconf 84' lang='grc' dir='ltr'>ὅπως</span> <span class='ocrx_word' id='word_1_523' title='bbox 3020 2402 3114 2453; x_wconf 77' lang='grc' dir='ltr'><strong>καὶ</strong></span> <span class='ocrx_word' id='word_1_524' title='bbox 3155 2397 3333 2451; x_wconf 79' lang='grc' dir='ltr'>αὐτῶν</span> <span class='ocrx_word' id='word_1_525' title='bbox 3376 2395 3469 2449; x_wconf 82' lang='grc' dir='ltr'>διὰ</span> <span class='ocrx_word' id='word_1_526' title='bbox 3517 2397 3617 2467; x_wconf 83' lang='grc' dir='ltr'>τῆς</span> 
     </span>
    </p>
   </div>
   <div class='ocr_carea' id='block_1_72' title="bbox 2040 2488 3615 2578">
    <p class='ocr_par' dir='ltr' id='par_1_72' title="bbox 2040 2488 3615 2578">
     <span class='ocr_line' id='line_1_72' title="bbox 2040 2488 3615 2578; baseline -0.011 -18"><span class='ocrx_word' id='word_1_527' title='bbox 2040 2504 2313 2578; x_wconf 76' lang='grc' dir='ltr'>ἡμετέρας</span> <span class='ocrx_word' id='word_1_528' title='bbox 2375 2500 2739 2573; x_wconf 86' lang='grc' dir='ltr'>χρηστότητος</span> <span class='ocrx_word' id='word_1_529' title='bbox 2809 2493 3034 2565; x_wconf 80' lang='grc' dir='ltr'>πρόνοια</span> <span class='ocrx_word' id='word_1_530' title='bbox 3102 2492 3343 2560; x_wconf 79' lang='grc' dir='ltr'>γένηται.</span> <span class='ocrx_word' id='word_1_531' title='bbox 3422 2488 3615 2542; x_wconf 76' lang='grc' dir='ltr'>Ἀτινα</span> 
     </span>
    </p>
   </div>
   <div class='ocr_carea' id='block_1_73' title="bbox 2043 2580 3620 2666">
    <p class='ocr_par' dir='ltr' id='par_1_73' title="bbox 2043 2580 3620 2666">
     <span class='ocr_line' id='line_1_73' title="bbox 2043 2580 3620 2666; baseline -0.013 -13"><span class='ocrx_word' id='word_1_532' title='bbox 2043 2598 2219 2652; x_wconf 80' lang='grc' dir='ltr'>πάντα</span> <span class='ocrx_word' id='word_1_533' title='bbox 2252 2595 2330 2666; x_wconf 87' lang='grc' dir='ltr'>τῷ</span> <span class='ocrx_word' id='word_1_534' title='bbox 2373 2591 2628 2663; x_wconf 86' lang='grc' dir='ltr'>σωματίῳ</span> <span class='ocrx_word' id='word_1_535' title='bbox 2662 2587 2769 2641; x_wconf 88' lang='grc' dir='ltr'><strong>τῶν</strong></span> <span class='ocrx_word' id='word_1_536' title='bbox 2807 2583 3143 2657; x_wconf 79' lang='grc' dir='ltr'>Χριστιανῶν</span> <span class='ocrx_word' id='word_1_537' title='bbox 3173 2584 3300 2652; x_wconf 84' lang='grc' dir='ltr'>παρ’</span> <span class='ocrx_word' id='word_1_538' title='bbox 3350 2580 3496 2634; x_wconf 74' lang='grc' dir='ltr'>αὒτά</span> <span class='ocrx_word' id='word_1_539' title='bbox 3529 2580 3620 2634; x_wconf 72' lang='grc' dir='ltr'><strong>διὰ</strong></span> 
     </span>
    </p>
   </div>
   <div class='ocr_carea' id='block_1_74' title="bbox 2040 2670 3617 2760">
    <p class='ocr_par' dir='ltr' id='par_1_74' title="bbox 2040 2670 3617 2760">
     <span class='ocr_line' id='line_1_74' title="bbox 2040 2670 3617 2760; baseline -0.011 -18"><span class='ocrx_word' id='word_1_540' title='bbox 2040 2690 2139 2760; x_wconf 84' lang='grc' dir='ltr'><strong>τῆς</strong></span> <span class='ocrx_word' id='word_1_541' title='bbox 2172 2688 2269 2758; x_wconf 84' lang='grc' dir='ltr'>σῆς</span> <span class='ocrx_word' id='word_1_542' title='bbox 2303 2684 2535 2754; x_wconf 83' lang='grc' dir='ltr'>σπουδῆς</span> <span class='ocrx_word' id='word_1_543' title='bbox 2564 2683 2689 2736; x_wconf 81' lang='grc' dir='ltr'>ἀνευ</span> <span class='ocrx_word' id='word_1_544' title='bbox 2720 2678 2864 2740; x_wconf 86' lang='grc' dir='ltr'>τινὸς</span> <span class='ocrx_word' id='word_1_545' title='bbox 2911 2675 3186 2746; x_wconf 78' lang='grc' dir='ltr'>παρολκῆς</span> <span class='ocrx_word' id='word_1_546' title='bbox 3225 2670 3617 2744; x_wconf 79' lang='grc' dir='ltr'>παραδίδοσθαι</span> 
     </span>
    </p>
   </div>
   <div class='ocr_carea' id='block_1_75' title="bbox 2040 2768 3669 2851">
    <p class='ocr_par' dir='ltr' id='par_1_75' title="bbox 2040 2768 3669 2851">
     <span class='ocr_line' id='line_1_75' title="bbox 2040 2768 3669 2851; baseline -0.007 -19"><span class='ocrx_word' id='word_1_547' title='bbox 2040 2779 2240 2851; x_wconf 87' lang='grc' dir='ltr'>δεήσει.</span> <span class='ocrx_word' id='word_1_548' title='bbox 2290 2778 2397 2830; x_wconf 77' lang='grc' dir='ltr'><strong>Καὶ</strong></span> <span class='ocrx_word' id='word_1_549' title='bbox 2444 2774 2628 2845; x_wconf 76' lang='grc' dir='ltr'>ἐπειδὴ</span> <span class='ocrx_word' id='word_1_550' title='bbox 2673 2773 2721 2826; x_wconf 89' lang='grc' dir='ltr'>οἱ</span> <span class='ocrx_word' id='word_1_551' title='bbox 2775 2768 2926 2823; x_wconf 80' lang='grc' dir='ltr'>αὐτοὶ</span> <span class='ocrx_word' id='word_1_552' title='bbox 2985 2768 3302 2837; x_wconf 76' lang='grc' dir='ltr'>Χριστιανοὶ</span> <span class='ocrx_word' id='word_1_553' title='bbox 3352 2768 3414 2820; x_wconf 79' lang='grc' dir='ltr'><strong>οὐ</strong></span> <span class='ocrx_word' id='word_1_554' title='bbox 3455 2768 3615 2838; x_wconf 75' lang='grc' dir='ltr'>μόνον</span> <span class='ocrx_word' id='word_1_555' title='bbox 3664 2816 3669 2821; x_wconf 71' lang='lat'><strong>,</strong></span> 
     </span>
    </p>
   </div>
   <div class='ocr_carea' id='block_1_76' title="bbox 2042 2856 3611 2939">
    <p class='ocr_par' dir='ltr' id='par_1_76' title="bbox 2042 2856 3611 2939">
     <span class='ocr_line' id='line_1_76' title="bbox 2042 2856 3611 2939; baseline -0.008 -15"><span class='ocrx_word' id='word_1_556' title='bbox 2042 2872 2280 2935; x_wconf 78' lang='grc' dir='ltr'>ἐκείνους</span> <span class='ocrx_word' id='word_1_557' title='bbox 2317 2871 2397 2932; x_wconf 84' lang='grc' dir='ltr'>εἰς</span> <span class='ocrx_word' id='word_1_558' title='bbox 2441 2867 2534 2931; x_wconf 82' lang='grc' dir='ltr'><strong>οὓς</strong></span> <span class='ocrx_word' id='word_1_559' title='bbox 2582 2862 2932 2939; x_wconf 85' lang='grc' dir='ltr'>συνέρχεσθαι</span> <span class='ocrx_word' id='word_1_560' title='bbox 2965 2861 3085 2925; x_wconf 75' lang='grc' dir='ltr'>ἔθος</span> <span class='ocrx_word' id='word_1_561' title='bbox 3124 2856 3289 2930; x_wconf 80' lang='grc' dir='ltr'>εἶχον,</span> <span class='ocrx_word' id='word_1_562' title='bbox 3332 2859 3474 2913; x_wconf 79' lang='grc' dir='ltr'>ἀλλὰ</span> <span class='ocrx_word' id='word_1_563' title='bbox 3522 2861 3611 2911; x_wconf 52' lang='grc' dir='ltr'><strong>καλ</strong></span> 
     </span>
    </p>
   </div>
   <div class='ocr_carea' id='block_1_77' title="bbox 2041 2951 3617 3033">
    <p class='ocr_par' dir='ltr' id='par_1_77' title="bbox 2041 2951 3617 3033">
     <span class='ocr_line' id='line_1_77' title="bbox 2041 2951 3617 3033; baseline -0.009 -18"><span class='ocrx_word' id='word_1_564' title='bbox 2041 2963 2258 3033; x_wconf 79' lang='grc' dir='ltr'>ἐτέρους</span> <span class='ocrx_word' id='word_1_565' title='bbox 2290 2961 2485 3024; x_wconf 81' lang='grc' dir='ltr'>τόπους</span> <span class='ocrx_word' id='word_1_566' title='bbox 2521 2958 2810 3029; x_wconf 76' lang='grc' dir='ltr'>ἐσχηκέναι</span> <span class='ocrx_word' id='word_1_567' title='bbox 2838 2952 3192 3025; x_wconf 74' lang='grc' dir='ltr'>γινώσκονται</span> <span class='ocrx_word' id='word_1_568' title='bbox 3212 2993 3226 3013; x_wconf 93' lang='grc'>,</span> <span class='ocrx_word' id='word_1_569' title='bbox 3260 2951 3617 3021; x_wconf 70' lang='grc' dir='ltr'>διαφέροντας</span> 
     </span>
    </p>
   </div>
   <div class='ocr_carea' id='block_1_78' title="bbox 2042 3040 3613 3124">
    <p class='ocr_par' dir='ltr' id='par_1_78' title="bbox 2042 3040 3613 3124">
     <span class='ocr_line' id='line_1_78' title="bbox 2042 3040 3613 3124; baseline -0.006 -19"><span class='ocrx_word' id='word_1_570' title='bbox 2042 3054 2104 3105; x_wconf 82' lang='grc' dir='ltr'><strong>οὐ</strong></span> <span class='ocrx_word' id='word_1_571' title='bbox 2147 3052 2284 3124; x_wconf 82' lang='grc' dir='ltr'>πρὸς</span> <span class='ocrx_word' id='word_1_572' title='bbox 2325 3050 2553 3104; x_wconf 72' lang='grc' dir='ltr'>ἕκαστον</span> <span class='ocrx_word' id='word_1_573' title='bbox 2582 3048 2778 3111; x_wconf 75' lang='grc' dir='ltr'>αὐτῶν,</span> <span class='ocrx_word' id='word_1_574' title='bbox 2831 3046 2963 3101; x_wconf 85' lang='grc' dir='ltr'>ἀλλὰ</span> <span class='ocrx_word' id='word_1_575' title='bbox 3003 3045 3137 3116; x_wconf 82' lang='grc' dir='ltr'>πρὸς</span> <span class='ocrx_word' id='word_1_576' title='bbox 3182 3044 3242 3096; x_wconf 88' lang='grc' dir='ltr'><strong>τὸ</strong></span> <span class='ocrx_word' id='word_1_577' title='bbox 3273 3043 3483 3096; x_wconf 89' lang='grc' dir='ltr'>δίκαιον</span> <span class='ocrx_word' id='word_1_578' title='bbox 3520 3040 3613 3096; x_wconf 72' lang='grc' dir='ltr'>τοῦ</span> 
     </span>
    </p>
   </div>
   <div class='ocr_carea' id='block_1_79' title="bbox 2045 3134 3619 3212">
    <p class='ocr_par' dir='ltr' id='par_1_79' title="bbox 2045 3134 3619 3212">
     <span class='ocr_line' id='line_1_79' title="bbox 2045 3134 3619 3212; baseline -0.006 -16"><span class='ocrx_word' id='word_1_579' title='bbox 2045 3142 2223 3196; x_wconf 85' lang='grc' dir='ltr'>αὐτῶν</span> <span class='ocrx_word' id='word_1_580' title='bbox 2258 3140 2524 3212; x_wconf 84' lang='grc' dir='ltr'>σώματος,</span> <span class='ocrx_word' id='word_1_581' title='bbox 2568 3140 2711 3194; x_wconf 80' lang='grc' dir='ltr'>τοῦτ’</span> <span class='ocrx_word' id='word_1_582' title='bbox 2742 3139 2857 3192; x_wconf 76' lang='grc' dir='ltr'>ἔστι</span> <span class='ocrx_word' id='word_1_583' title='bbox 2890 3138 2996 3191; x_wconf 88' lang='grc' dir='ltr'><strong>τῶν</strong></span> <span class='ocrx_word' id='word_1_584' title='bbox 3042 3134 3379 3208; x_wconf 86' lang='grc' dir='ltr'>Χριστιανῶν</span> <span class='ocrx_word' id='word_1_585' title='bbox 3399 3174 3414 3197; x_wconf 88' lang='grc'>,</span> <span class='ocrx_word' id='word_1_586' title='bbox 3446 3134 3619 3188; x_wconf 72' lang='grc' dir='ltr'>ταῦτα</span> 
     </span>
    </p>
   </div>
   <div class='ocr_carea' id='block_1_80' title="bbox 1966 3196 3613 3304">
    <p class='ocr_par' dir='ltr' id='par_1_80' title="bbox 1966 3196 3613 3304">
     <span class='ocr_line' id='line_1_80' title="bbox 1966 3196 3613 3304; baseline -0.005 -16"><span class='ocrx_word' id='word_1_587' title='bbox 1966 3196 2013 3253; x_wconf 69' lang='lat' dir='ltr'><strong>C</strong></span> <span class='ocrx_word' id='word_1_588' title='bbox 2048 3236 2226 3288; x_wconf 84' lang='grc' dir='ltr'>πάντα</span> <span class='ocrx_word' id='word_1_589' title='bbox 2277 3196 2369 3287; x_wconf 67' lang='grc' dir='ltr'><strong>ἐπὶ</strong></span> <span class='ocrx_word' id='word_1_590' title='bbox 2416 3196 2691 3304; x_wconf 40' lang='grc' dir='ltr'>τῶινόμῳ</span> <span class='ocrx_word' id='word_1_591' title='bbox 2744 3232 2801 3285; x_wconf 83' lang='grc' dir='ltr'>ὃν</span> <span class='ocrx_word' id='word_1_592' title='bbox 2846 3196 3254 3302; x_wconf 70' lang='grc' dir='ltr'>προειρήκαμεν</span> <span class='ocrx_word' id='word_1_593' title='bbox 3310 3228 3452 3298; x_wconf 81' lang='grc'>(56),</span> <span class='ocrx_word' id='word_1_594' title='bbox 3494 3227 3613 3297; x_wconf 81' lang='grc' dir='ltr'>δίχα</span> 
     </span>
    </p>
   </div>
   <div class='ocr_carea' id='block_1_81' title="bbox 2046 3321 3617 3395">
    <p class='ocr_par' dir='ltr' id='par_1_81' title="bbox 2046 3321 3617 3395">
     <span class='ocr_line' id='line_1_81' title="bbox 2046 3321 3617 3395; baseline -0.005 -16"><span class='ocrx_word' id='word_1_595' title='bbox 2046 3324 2339 3389; x_wconf 82' lang='grc' dir='ltr'>παντελοῦς</span> <span class='ocrx_word' id='word_1_596' title='bbox 2369 3343 2513 3389; x_wconf 84' lang='grc' dir='ltr'>τινος</span> <span class='ocrx_word' id='word_1_597' title='bbox 2539 3324 2997 3395; x_wconf 78' lang='grc' dir='ltr'>ἀμφισϐητήσεως</span> <span class='ocrx_word' id='word_1_598' title='bbox 3018 3326 3127 3387; x_wconf 89' lang='grc' dir='ltr'>τοῖς</span> <span class='ocrx_word' id='word_1_599' title='bbox 3151 3323 3331 3385; x_wconf 84' lang='grc' dir='ltr'>αὐτοῖς</span> <span class='ocrx_word' id='word_1_600' title='bbox 3357 3321 3617 3390; x_wconf 60' lang='grc' dir='ltr'>Χριστιαη</span> 
     </span>
    </p>
   </div>
   <div class='ocr_carea' id='block_1_82' title="bbox 2046 3412 3614 3487">
    <p class='ocr_par' dir='ltr' id='par_1_82' title="bbox 2046 3412 3614 3487">
     <span class='ocr_line' id='line_1_82' title="bbox 2046 3412 3614 3487; baseline -0.005 -17"><span class='ocrx_word' id='word_1_601' title='bbox 2046 3421 2173 3481; x_wconf 83' lang='grc' dir='ltr'>νοίς,</span> <span class='ocrx_word' id='word_1_602' title='bbox 2208 3417 2352 3469; x_wconf 80' lang='grc' dir='ltr'>τοῦτ’</span> <span class='ocrx_word' id='word_1_603' title='bbox 2398 3419 2513 3469; x_wconf 75' lang='grc' dir='ltr'>ἐστι</span> <span class='ocrx_word' id='word_1_604' title='bbox 2560 3416 2635 3487; x_wconf 81' lang='grc' dir='ltr'><strong>τῷ</strong></span> <span class='ocrx_word' id='word_1_605' title='bbox 2682 3416 2893 3485; x_wconf 83' lang='grc' dir='ltr'>σώματι</span> <span class='ocrx_word' id='word_1_606' title='bbox 2932 3415 3111 3468; x_wconf 79' lang='grc' dir='ltr'>αὐτῶν</span> <span class='ocrx_word' id='word_1_607' title='bbox 3154 3415 3247 3468; x_wconf 70' lang='grc' dir='ltr'><strong>καὶ</strong></span> <span class='ocrx_word' id='word_1_608' title='bbox 3272 3417 3340 3484; x_wconf 82' lang='grc' dir='ltr'>τῇ</span> <span class='ocrx_word' id='word_1_609' title='bbox 3374 3412 3614 3481; x_wconf 83' lang='grc' dir='ltr'>συνόδῳ,</span> 
     </span>
    </p>
   </div>
   <div class='ocr_carea' id='block_1_83' title="bbox 2045 3503 3616 3581">
    <p class='ocr_par' dir='ltr' id='par_1_83' title="bbox 2045 3503 3616 3581">
     <span class='ocr_line' id='line_1_83' title="bbox 2045 3503 3616 3581; baseline -0.004 -20"><span class='ocrx_word' id='word_1_610' title='bbox 2045 3510 2258 3577; x_wconf 78' lang='grc' dir='ltr'>ἑκάστῳ</span> <span class='ocrx_word' id='word_1_611' title='bbox 2291 3508 2467 3562; x_wconf 80' lang='grc' dir='ltr'>αὐτῶν</span> <span class='ocrx_word' id='word_1_612' title='bbox 2497 3508 2939 3581; x_wconf 77' lang='grc' dir='ltr'>ἀποκαταστῆναι</span> <span class='ocrx_word' id='word_1_613' title='bbox 2972 3507 3276 3568; x_wconf 76' lang='grc' dir='ltr'>κελεύσεις·</span> <span class='ocrx_word' id='word_1_614' title='bbox 3310 3503 3406 3557; x_wconf 74' lang='grc' dir='ltr'>τοῦ</span> <span class='ocrx_word' id='word_1_615' title='bbox 3440 3520 3616 3574; x_wconf 84' lang='grc' dir='ltr'>προει-</span> 
     </span>
    </p>
   </div>
   <div class='ocr_carea' id='block_1_84' title="bbox 2049 3594 3613 3677">
    <p class='ocr_par' dir='ltr' id='par_1_84' title="bbox 2049 3594 3613 3677">
     <span class='ocr_line' id='line_1_84' title="bbox 2049 3594 3613 3677; baseline -0.002 -24"><span class='ocrx_word' id='word_1_616' title='bbox 2049 3600 2282 3677; x_wconf 82' lang='grc' dir='ltr'>ρημένου</span> <span class='ocrx_word' id='word_1_617' title='bbox 2324 3599 2580 3673; x_wconf 71' lang='grc' dir='ltr'>λογισμοῦ</span> <span class='ocrx_word' id='word_1_618' title='bbox 2621 3599 2820 3671; x_wconf 66' lang='grc' dir='ltr'>δηλαδὴ</span> <span class='ocrx_word' id='word_1_619' title='bbox 2867 3598 3248 3669; x_wconf 81' lang='grc' dir='ltr'>φυλαχθέντος,</span> <span class='ocrx_word' id='word_1_620' title='bbox 3282 3597 3433 3658; x_wconf 79' lang='grc' dir='ltr'>ὅπως</span> <span class='ocrx_word' id='word_1_621' title='bbox 3463 3594 3613 3650; x_wconf 63' lang='grc' dir='ltr'>αὐτοὶ</span> 
     </span>
    </p>
   </div>
   <div class='ocr_carea' id='block_1_85' title="bbox 2082 3794 3612 3869">
    <p class='ocr_par' dir='ltr' id='par_1_85' title="bbox 2082 3794 3612 3869">
     <span class='ocr_line' id='line_1_85' title="bbox 2082 3794 3612 3869; baseline -0.001 -18"><span class='ocrx_word' id='word_1_622' title='bbox 2082 3812 2162 3853; x_wconf 82' lang='lat' dir='ltr'><strong>ost</strong></span> <span class='ocrx_word' id='word_1_623' title='bbox 2212 3801 2380 3869; x_wconf 83' lang='lat' dir='ltr'><strong>legem</strong></span> <span class='ocrx_word' id='word_1_624' title='bbox 2426 3798 2567 3853; x_wconf 88' lang='lat' dir='ltr'><strong>illam</strong></span> <span class='ocrx_word' id='word_1_625' title='bbox 2618 3798 2797 3852; x_wconf 81' lang='lat' dir='ltr'><strong>Romae</strong></span> <span class='ocrx_word' id='word_1_626' title='bbox 2831 3799 3011 3850; x_wconf 89' lang='lat' dir='ltr'><strong>datam</strong></span> <span class='ocrx_word' id='word_1_627' title='bbox 3064 3794 3424 3869; x_wconf 76' lang='lat' dir='ltr'><strong>Constantino</strong></span> <span class='ocrx_word' id='word_1_628' title='bbox 3464 3809 3503 3850; x_wconf 91' lang='grc' dir='ltr'><strong>ιι</strong></span> <span class='ocrx_word' id='word_1_629' title='bbox 3555 3802 3612 3850; x_wconf 88' lang='lat' dir='ltr'><strong>et</strong></span> 
     </span>
    </p>
   </div>
   <div class='ocr_carea' id='block_1_86' title="bbox 2045 3817 3611 3937">
    <p class='ocr_par' dir='ltr' id='par_1_86' title="bbox 2045 3817 3611 3937">
     <span class='ocr_line' id='line_1_86' title="bbox 2082 3817 3611 3869; baseline -0.001 -18"><span class='ocrx_word' id='word_1_630' title='bbox 2082 3817 2162 3853; x_wconf 76' lang='lat' dir='ltr'><strong>OSI</strong></span> <span class='ocrx_word' id='word_1_631' title='bbox 2214 3817 2380 3869; x_wconf 83' lang='lat' dir='ltr'><strong>legem</strong></span> <span class='ocrx_word' id='word_1_632' title='bbox 2426 3817 2567 3853; x_wconf 85' lang='lat' dir='ltr'><strong>mam</strong></span> <span class='ocrx_word' id='word_1_633' title='bbox 2618 3817 2797 3852; x_wconf 66' lang='lat' dir='ltr'><strong>“OIIHB</strong></span> <span class='ocrx_word' id='word_1_634' title='bbox 2831 3817 3011 3850; x_wconf 81' lang='lat' dir='ltr'><strong>natam</strong></span> <span class='ocrx_word' id='word_1_635' title='bbox 3064 3817 3424 3850; x_wconf 65' lang='lat' dir='ltr'><strong>honsmnuno</strong></span> <span class='ocrx_word' id='word_1_636' title='bbox 3464 3817 3501 3850; x_wconf 93' lang='lat' dir='ltr'><strong>ll</strong></span> <span class='ocrx_word' id='word_1_637' title='bbox 3555 3817 3611 3850; x_wconf 72' lang='grc' dir='ltr'>ει</span> 
     </span>
     <span class='ocr_line' id='line_1_87' title="bbox 2045 3817 3611 3937; baseline -0.004 -12"><span class='ocrx_word' id='word_1_638' title='bbox 2045 3817 2250 3925; x_wconf 60' lang='lat' dir='ltr'><strong>[ieiunio</strong></span> <span class='ocrx_word' id='word_1_639' title='bbox 2277 3887 2311 3923; x_wconf 90' lang='grc' dir='ltr'><strong>ιι</strong></span> <span class='ocrx_word' id='word_1_640' title='bbox 2343 3884 2510 3931; x_wconf 86' lang='lat' dir='ltr'><strong>coss.,</strong></span> <span class='ocrx_word' id='word_1_641' title='bbox 2537 3869 2690 3937; x_wconf 88' lang='lat' dir='ltr'><strong>cujus</strong></span> <span class='ocrx_word' id='word_1_642' title='bbox 2724 3883 2885 3936; x_wconf 86' lang='lat' dir='ltr'><strong>supra</strong></span> <span class='ocrx_word' id='word_1_643' title='bbox 2910 3869 3263 3937; x_wconf 10' lang='lat' dir='ltr'><strong>intentionem</strong></span> <span class='ocrx_word' id='word_1_644' title='bbox 3300 3865 3433 3937; x_wconf 81' lang='lat' dir='ltr'><strong>fecit</strong></span> <span class='ocrx_word' id='word_1_645' title='bbox 3467 3870 3611 3920; x_wconf 83' lang='lat' dir='ltr'><strong>Con-</strong></span> 
     </span>
    </p>
   </div>
   <div class='ocr_carea' id='block_1_87' title="bbox 2046 3935 3613 4006">
    <p class='ocr_par' dir='ltr' id='par_1_87' title="bbox 2046 3935 3613 4006">
     <span class='ocr_line' id='line_1_88' title="bbox 2046 3935 3613 4006; baseline -0.003 -13"><span class='ocrx_word' id='word_1_646' title='bbox 2046 3942 2331 3994; x_wconf 82' lang='lat' dir='ltr'><strong>stantinns.</strong></span> <span class='ocrx_word' id='word_1_647' title='bbox 2382 3940 2445 3992; x_wconf 79' lang='lat' dir='ltr'><strong>Et</strong></span> <span class='ocrx_word' id='word_1_648' title='bbox 2483 3935 2843 4006; x_wconf 51' lang='lat' dir='ltr'><strong>lizec&#39;quidein</strong></span> <span class='ocrx_word' id='word_1_649' title='bbox 2897 3936 2997 3990; x_wconf 82' lang='lat' dir='ltr'><strong>fuit</strong></span> <span class='ocrx_word' id='word_1_650' title='bbox 3046 3937 3214 4006; x_wconf 79' lang='lat' dir='ltr'><strong>prima</strong></span> <span class='ocrx_word' id='word_1_651' title='bbox 3253 3935 3339 3989; x_wconf 88' lang='lat' dir='ltr'><strong>lex</strong></span> <span class='ocrx_word' id='word_1_652' title='bbox 3375 3935 3613 4003; x_wconf 61' lang='lat' dir='ltr'><strong>impera.</strong></span> 
     </span>
    </p>
   </div>
   <div class='ocr_carea' id='block_1_88' title="bbox 2046 4003 3612 4077">
    <p class='ocr_par' dir='ltr' id='par_1_88' title="bbox 2046 4003 3612 4077">
     <span class='ocr_line' id='line_1_89' title="bbox 2046 4003 3612 4077; baseline -0.001 -15"><span class='ocrx_word' id='word_1_653' title='bbox 2046 4010 2180 4062; x_wconf 90' lang='lat' dir='ltr'><strong>toris</strong></span> <span class='ocrx_word' id='word_1_654' title='bbox 2220 4008 2560 4062; x_wconf 87' lang='lat' dir='ltr'><strong>Constantini</strong></span> <span class='ocrx_word' id='word_1_655' title='bbox 2597 4003 2693 4077; x_wconf 75' lang='lat' dir='ltr'><strong>pro</strong></span> <span class='ocrx_word' id='word_1_656' title='bbox 2736 4003 3085 4077; x_wconf 84' lang='lat' dir='ltr'><strong>Christianis.</strong></span> <span class='ocrx_word' id='word_1_657' title='bbox 3132 4003 3235 4077; x_wconf 85' lang='lat' dir='ltr'><strong>Sed</strong></span> <span class='ocrx_word' id='word_1_658' title='bbox 3270 4020 3393 4077; x_wconf 83' lang='lat' dir='ltr'><strong>cum</strong></span> <span class='ocrx_word' id='word_1_659' title='bbox 3445 4006 3497 4059; x_wconf 92' lang='lat' dir='ltr'><strong>in</strong></span> <span class='ocrx_word' id='word_1_660' title='bbox 3548 4020 3612 4061; x_wconf 81' lang='lat' dir='ltr'><strong>ea</strong></span> 
     </span>
    </p>
   </div>
   <div class='ocr_carea' id='block_1_89' title="bbox 2047 4075 3612 4147">
    <p class='ocr_par' dir='ltr' id='par_1_89' title="bbox 2047 4075 3612 4147">
     <span class='ocr_line' id='line_1_90' title="bbox 2047 4075 3612 4147; baseline -0.001 -16"><span class='ocrx_word' id='word_1_661' title='bbox 2047 4079 2161 4147; x_wconf 90' lang='lat' dir='ltr'><strong>lege</strong></span> <span class='ocrx_word' id='word_1_662' title='bbox 2209 4075 2749 4147; x_wconf 48' lang='lat' dir='ltr'><strong>Constantinus&#39;erga</strong></span> <span class='ocrx_word' id='word_1_663' title='bbox 2791 4076 3132 4131; x_wconf 83' lang='lat' dir='ltr'><strong>Christianos</strong></span> <span class='ocrx_word' id='word_1_664' title='bbox 3180 4075 3443 4147; x_wconf 74' lang='lat' dir='ltr'><strong>nituisse</strong></span> <span class='ocrx_word' id='word_1_665' title='bbox 3488 4092 3612 4144; x_wconf 89' lang='lat' dir='ltr'><strong>pro-</strong></span> 
     </span>
    </p>
   </div>
   <div class='ocr_carea' id='block_1_90' title="bbox 2048 4143 3604 4218">
    <p class='ocr_par' dir='ltr' id='par_1_90' title="bbox 2048 4143 3604 4218">
     <span class='ocr_line' id='line_1_91' title="bbox 2048 4143 3604 4218; baseline -0.003 -17"><span class='ocrx_word' id='word_1_666' title='bbox 2048 4143 2273 4218; x_wconf 68' lang='lat' dir='ltr'><strong>pcusutn</strong></span> <span class='ocrx_word' id='word_1_667' title='bbox 2319 4143 3003 4214; x_wconf 43' lang='lat' dir='ltr'><strong>declarassetfsolamqne</strong></span> <span class='ocrx_word' id='word_1_668' title='bbox 3050 4160 3236 4198; x_wconf 89' lang='lat' dir='ltr'><strong>eorum</strong></span> <span class='ocrx_word' id='word_1_669' title='bbox 3294 4143 3604 4218; x_wconf 75' lang='lat' dir='ltr'><strong>religionem</strong></span> 
     </span>
    </p>
   </div>
   <div class='ocr_carea' id='block_1_91' title="bbox 2048 4214 3613 4284">
    <p class='ocr_par' dir='ltr' id='par_1_91' title="bbox 2048 4214 3613 4284">
     <span class='ocr_line' id='line_1_92' title="bbox 2048 4214 3613 4284; baseline -0.003 -12"><span class='ocrx_word' id='word_1_670' title='bbox 2048 4214 2568 4284; x_wconf 81' lang='lat' dir='ltr'><strong>extollens,reliquas</strong></span> <span class='ocrx_word' id='word_1_671' title='bbox 2593 4232 2780 4271; x_wconf 87' lang='lat' dir='ltr'><strong>omnes</strong></span> <span class='ocrx_word' id='word_1_672' title='bbox 2802 4225 2981 4269; x_wconf 83' lang='lat' dir='ltr'><strong>sectas</strong></span> <span class='ocrx_word' id='word_1_673' title='bbox 3003 4230 3064 4267; x_wconf 89' lang='lat' dir='ltr'><strong>ac</strong></span> <span class='ocrx_word' id='word_1_674' title='bbox 3082 4214 3431 4284; x_wconf 65' lang='lat' dir='ltr'><strong>caeremonias</strong></span> <span class='ocrx_word' id='word_1_675' title='bbox 3462 4215 3613 4268; x_wconf 84' lang='lat' dir='ltr'><strong>dam-</strong></span> 
     </span>
    </p>
   </div>
   <div class='ocr_carea' id='block_1_92' title="bbox 2049 4282 3613 4352">
    <p class='ocr_par' dir='ltr' id='par_1_92' title="bbox 2049 4282 3613 4352">
     <span class='ocr_line' id='line_1_93' title="bbox 2049 4282 3613 4352; baseline -0.003 -10"><span class='ocrx_word' id='word_1_676' title='bbox 2049 4304 2182 4343; x_wconf 92' lang='lat' dir='ltr'><strong>nare</strong></span> <span class='ocrx_word' id='word_1_677' title='bbox 2225 4286 2379 4341; x_wconf 77' lang='lat' dir='ltr'><strong>visus‘</strong></span> <span class='ocrx_word' id='word_1_678' title='bbox 2421 4282 2645 4349; x_wconf 80' lang='lat' dir='ltr'><strong>fuisset,</strong></span> <span class='ocrx_word' id='word_1_679' title='bbox 2678 4296 2900 4338; x_wconf 89' lang='lat' dir='ltr'><strong>coactus</strong></span> <span class='ocrx_word' id='word_1_680' title='bbox 2934 4284 3032 4337; x_wconf 83' lang='lat' dir='ltr'><strong>fuit</strong></span> <span class='ocrx_word' id='word_1_681' title='bbox 3065 4284 3167 4337; x_wconf 89' lang='lat' dir='ltr'><strong>hac</strong></span> <span class='ocrx_word' id='word_1_682' title='bbox 3212 4282 3450 4336; x_wconf 90' lang='lat' dir='ltr'><strong>secunda</strong></span> <span class='ocrx_word' id='word_1_683' title='bbox 3497 4284 3613 4352; x_wconf 83' lang='lat' dir='ltr'><strong>lege</strong></span> 
     </span>
    </p>
   </div>
   <div class='ocr_carea' id='block_1_93' title="bbox 2051 4353 3612 4422">
    <p class='ocr_par' dir='ltr' id='par_1_93' title="bbox 2051 4353 3612 4422">
     <span class='ocr_line' id='line_1_94' title="bbox 2051 4353 3612 4422; baseline -0.001 -13"><span class='ocrx_word' id='word_1_684' title='bbox 2051 4368 2285 4411; x_wconf 88' lang='lat' dir='ltr'><strong>mentem</strong></span> <span class='ocrx_word' id='word_1_685' title='bbox 2315 4373 2466 4411; x_wconf 91' lang='lat' dir='ltr'><strong>suam</strong></span> <span class='ocrx_word' id='word_1_686' title='bbox 2509 4371 2574 4409; x_wconf 89' lang='lat' dir='ltr'><strong>ac</strong></span> <span class='ocrx_word' id='word_1_687' title='bbox 2614 4356 2935 4410; x_wconf 84' lang='lat' dir='ltr'><strong>sententiam</strong></span> <span class='ocrx_word' id='word_1_688' title='bbox 2966 4354 3259 4420; x_wconf 86' lang='lat' dir='ltr'><strong>explicare,</strong></span> <span class='ocrx_word' id='word_1_689' title='bbox 3290 4367 3356 4404; x_wconf 90' lang='lat' dir='ltr'><strong>ne</strong></span> <span class='ocrx_word' id='word_1_690' title='bbox 3384 4353 3612 4422; x_wconf 82' lang='lat' dir='ltr'><strong>gentiles</strong></span> 
     </span>
    </p>
   </div>
   <div class='ocr_carea' id='block_1_94' title="bbox 2051 4423 3607 4495">
    <p class='ocr_par' dir='ltr' id='par_1_94' title="bbox 2051 4423 3607 4495">
     <span class='ocr_line' id='line_1_95' title="bbox 2051 4423 3607 4495; baseline -0.001 -16"><span class='ocrx_word' id='word_1_691' title='bbox 2051 4428 2377 4495; x_wconf 81' lang='lat' dir='ltr'><strong>prohibitum</strong></span> <span class='ocrx_word' id='word_1_692' title='bbox 2403 4426 2884 4495; x_wconf 85' lang='lat' dir='ltr'><strong>ant_improbatum</strong></span> <span class='ocrx_word' id='word_1_693' title='bbox 2914 4426 2994 4495; x_wconf 90' lang='lat' dir='ltr'><strong>ab_</strong></span> <span class='ocrx_word' id='word_1_694' title='bbox 3007 4424 3128 4495; x_wconf 86' lang='lat' dir='ltr'><strong>ipso</strong></span> <span class='ocrx_word' id='word_1_695' title='bbox 3159 4424 3387 4495; x_wconf 87' lang='lat' dir='ltr'><strong>deorum</strong></span> <span class='ocrx_word' id='word_1_696' title='bbox 3401 4423 3607 4495; x_wconf 70' lang='lat' dir='ltr'><strong>cultum</strong></span> 
     </span>
    </p>
   </div>
   <div class='ocr_carea' id='block_1_95' title="bbox 2051 4490 3611 4563">
    <p class='ocr_par' dir='ltr' id='par_1_95' title="bbox 2051 4490 3611 4563">
     <span class='ocr_line' id='line_1_96' title="bbox 2051 4490 3611 4563; baseline -0.004 -15"><span class='ocrx_word' id='word_1_697' title='bbox 2051 4490 2425 4563; x_wconf 75' lang='lat' dir='ltr'><strong>quererentur.</strong></span> <span class='ocrx_word' id='word_1_698' title='bbox 2486 4490 2750 4548; x_wconf 80' lang='lat' dir='ltr'><strong>Omnibus</strong></span> <span class='ocrx_word' id='word_1_699' title='bbox 2786 4493 2947 4561; x_wconf 83' lang='lat' dir='ltr'><strong>igitur</strong></span> <span class='ocrx_word' id='word_1_700' title='bbox 2981 4491 3207 4545; x_wconf 89' lang='lat' dir='ltr'><strong>liberam</strong></span> <span class='ocrx_word' id='word_1_701' title='bbox 3253 4490 3465 4563; x_wconf 75' lang='lat' dir='ltr'><strong>colendi</strong></span> <span class='ocrx_word' id='word_1_702' title='bbox 3509 4506 3611 4542; x_wconf 90' lang='lat' dir='ltr'><strong>nu-</strong></span> 
     </span>
    </p>
   </div>
   <div class='ocr_carea' id='block_1_96' title="bbox 378 4560 3614 4630">
    <p class='ocr_par' dir='ltr' id='par_1_96' title="bbox 378 4560 3614 4630">
     <span class='ocr_line' id='line_1_97' title="bbox 378 4560 3614 4630; baseline -0 -18"><span class='ocrx_word' id='word_1_703' title='bbox 378 4560 905 4630; x_wconf 27' lang='lat' dir='ltr'><strong>nihilﬂnoaninatint</strong></span> <span class='ocrx_word' id='word_1_704' title='bbox 973 4560 1454 4630; x_wconf 68' lang='lat' dir='ltr'><strong>prtnscripset&#39;ant;</strong></span> <span class='ocrx_word' id='word_1_705' title='bbox 1514 4573 1661 4617; x_wconf 92' lang='lat' dir='ltr'><strong>certe</strong></span> <span class='ocrx_word' id='word_1_706' title='bbox 1727 4578 1826 4617; x_wconf 87' lang='lat' dir='ltr'><strong>nec</strong></span> <span class='ocrx_word' id='word_1_707' title='bbox 1892 4563 1945 4618; x_wconf 91' lang='lat' dir='ltr'><strong>in</strong></span> <span class='ocrx_word' id='word_1_708' title='bbox 1977 4562 2023 4615; x_wconf 94' lang='lat' dir='ltr'><strong>D</strong></span> <span class='ocrx_word' id='word_1_709' title='bbox 2054 4560 2213 4618; x_wconf 79' lang='lat' dir='ltr'><strong>minis</strong></span> <span class='ocrx_word' id='word_1_710' title='bbox 2260 4566 2570 4617; x_wconf 78' lang='lat' dir='ltr'><strong>facultatem</strong></span> <span class='ocrx_word' id='word_1_711' title='bbox 2612 4578 2641 4616; x_wconf 90' lang='lat' dir='ltr'><strong>a</strong></span> <span class='ocrx_word' id='word_1_712' title='bbox 2689 4578 2747 4616; x_wconf 83' lang='lat' dir='ltr'><strong>se</strong></span> <span class='ocrx_word' id='word_1_713' title='bbox 2794 4560 3105 4614; x_wconf 82' lang='lat' dir='ltr'><strong>concessam</strong></span> <span class='ocrx_word' id='word_1_714' title='bbox 3140 4572 3275 4614; x_wconf 89' lang='lat' dir='ltr'><strong>esse</strong></span> <span class='ocrx_word' id='word_1_715' title='bbox 3328 4560 3614 4627; x_wconf 87' lang='lat' dir='ltr'><strong>proﬁtetur</strong></span> 
     </span>
    </p>
   </div>
   <div class='ocr_carea' id='block_1_97' title="bbox 376 4628 1950 4698">
    <p class='ocr_par' dir='ltr' id='par_1_97' title="bbox 376 4628 1950 4698">
     <span class='ocr_line' id='line_1_98' title="bbox 376 4628 1950 4698; baseline 0.002 -16"><span class='ocrx_word' id='word_1_716' title='bbox 376 4628 496 4695; x_wconf 76' lang='lat' dir='ltr'><strong>lege</strong></span> <span class='ocrx_word' id='word_1_717' title='bbox 523 4628 804 4684; x_wconf 82' lang='lat' dir='ltr'><strong>Maximini</strong></span> <span class='ocrx_word' id='word_1_718' title='bbox 854 4628 1209 4696; x_wconf 80' lang='lat' dir='ltr'><strong>imperatoris</strong></span> <span class='ocrx_word' id='word_1_719' title='bbox 1237 4647 1356 4698; x_wconf 63' lang='lat' dir='ltr'><strong>qua;</strong></span> <span class='ocrx_word' id='word_1_720' title='bbox 1384 4632 1724 4687; x_wconf 78' lang='lat' dir='ltr'><strong>Constantini</strong></span> <span class='ocrx_word' id='word_1_721' title='bbox 1757 4648 1821 4687; x_wconf 87' lang='lat' dir='ltr'><strong>ac</strong></span> <span class='ocrx_word' id='word_1_722' title='bbox 1863 4632 1950 4686; x_wconf 83' lang='lat' dir='ltr'><strong>Li-</strong></span> 
     </span>
    </p>
   </div>
   <div class='ocr_carea' id='block_1_98' title="bbox 376 4698 1950 4773">
    <p class='ocr_par' dir='ltr' id='par_1_98' title="bbox 376 4698 1950 4773">
     <span class='ocr_line' id='line_1_99' title="bbox 376 4698 1950 4773; baseline 0.003 -21"><span class='ocrx_word' id='word_1_723' title='bbox 376 4698 715 4773; x_wconf 75' lang='lat' dir='ltr'><strong>ciniilegem</strong></span> <span class='ocrx_word' id='word_1_724' title='bbox 767 4700 1010 4766; x_wconf 90' lang='lat' dir='ltr'><strong>proxime</strong></span> <span class='ocrx_word' id='word_1_725' title='bbox 1063 4701 1349 4773; x_wconf 86' lang='lat' dir='ltr'><strong>subsecuta</strong></span> <span class='ocrx_word' id='word_1_726' title='bbox 1390 4714 1499 4767; x_wconf 91' lang='lat' dir='ltr'><strong>est,</strong></span> <span class='ocrx_word' id='word_1_727' title='bbox 1532 4705 1597 4755; x_wconf 89' lang='lat' dir='ltr'><strong>de</strong></span> <span class='ocrx_word' id='word_1_728' title='bbox 1634 4703 1950 4773; x_wconf 84' lang='lat' dir='ltr'><strong>repetitione</strong></span> 
     </span>
    </p>
   </div>
   <div class='ocr_carea' id='block_1_99' title="bbox 378 4769 1945 4837">
    <p class='ocr_par' dir='ltr' id='par_1_99' title="bbox 378 4769 1945 4837">
     <span class='ocr_line' id='line_1_100' title="bbox 378 4769 1945 4837; baseline 0.004 -18"><span class='ocrx_word' id='word_1_729' title='bbox 378 4769 533 4837; x_wconf 83' lang='lat' dir='ltr'><strong>pretii</strong></span> <span class='ocrx_word' id='word_1_730' title='bbox 583 4770 879 4837; x_wconf 80' lang='lat' dir='ltr'><strong>quidquam</strong></span> <span class='ocrx_word' id='word_1_731' title='bbox 927 4778 1167 4835; x_wconf 86' lang='lat' dir='ltr'><strong>cavetur,</strong></span> <span class='ocrx_word' id='word_1_732' title='bbox 1211 4781 1270 4823; x_wconf 93' lang='lat' dir='ltr'><strong>ut</strong></span> <span class='ocrx_word' id='word_1_733' title='bbox 1302 4772 1486 4826; x_wconf 83' lang='lat' dir='ltr'><strong>videre</strong></span> <span class='ocrx_word' id='word_1_734' title='bbox 1524 4783 1605 4825; x_wconf 88' lang='lat' dir='ltr'><strong>est</strong></span> <span class='ocrx_word' id='word_1_735' title='bbox 1641 4769 1704 4825; x_wconf 39' lang='lat' dir='ltr'><strong>in—</strong></span> <span class='ocrx_word' id='word_1_736' title='bbox 1743 4772 1840 4827; x_wconf 84' lang='lat' dir='ltr'><strong>lib.</strong></span> <span class='ocrx_word' id='word_1_737' title='bbox 1870 4789 1945 4833; x_wconf 77' lang='lat' dir='ltr'><strong>Ix,</strong></span> 
     </span>
    </p>
   </div>
   <div class='ocr_carea' id='block_1_100' title="bbox 373 4839 1949 4908">
    <p class='ocr_par' dir='ltr' id='par_1_100' title="bbox 373 4839 1949 4908">
     <span class='ocr_line' id='line_1_101' title="bbox 373 4839 1949 4908; baseline 0.001 -16"><span class='ocrx_word' id='word_1_738' title='bbox 373 4852 497 4908; x_wconf 83' lang='lat' dir='ltr'><strong>eap.</strong></span> <span class='ocrx_word' id='word_1_739' title='bbox 527 4839 579 4894; x_wconf 84' lang='lat'><strong>9.</strong></span> <span class='ocrx_word' id='word_1_740' title='bbox 617 4841 803 4906; x_wconf 84' lang='lat' dir='ltr'><strong>Itaque</strong></span> <span class='ocrx_word' id='word_1_741' title='bbox 852 4853 1071 4892; x_wconf 88' lang='lat' dir='ltr'><strong>necesse</strong></span> <span class='ocrx_word' id='word_1_742' title='bbox 1118 4841 1306 4893; x_wconf 88' lang='lat' dir='ltr'><strong>habuit</strong></span> <span class='ocrx_word' id='word_1_743' title='bbox 1335 4840 1738 4906; x_wconf 87' lang='lat' dir='ltr'><strong>Constantinus,</strong></span> <span class='ocrx_word' id='word_1_744' title='bbox 1787 4844 1851 4896; x_wconf 92' lang='lat' dir='ltr'><strong>de</strong></span> <span class='ocrx_word' id='word_1_745' title='bbox 1884 4858 1949 4895; x_wconf 79' lang='lat' dir='ltr'><strong>ea</strong></span> 
     </span>
    </p>
   </div>
   <div class='ocr_carea' id='block_1_101' title="bbox 380 4909 1949 4975">
    <p class='ocr_par' dir='ltr' id='par_1_101' title="bbox 380 4909 1949 4975">
     <span class='ocr_line' id='line_1_102' title="bbox 380 4909 1949 4975; baseline 0.003 -15"><span class='ocrx_word' id='word_1_746' title='bbox 380 4923 440 4961; x_wconf 87' lang='lat' dir='ltr'><strong>re</strong></span> <span class='ocrx_word' id='word_1_747' title='bbox 496 4909 807 4963; x_wconf 88' lang='lat' dir='ltr'><strong>distinctius</strong></span> <span class='ocrx_word' id='word_1_748' title='bbox 860 4918 1140 4975; x_wconf 86' lang='lat' dir='ltr'><strong>statuere;</strong></span> <span class='ocrx_word' id='word_1_749' title='bbox 1194 4919 1252 4963; x_wconf 91' lang='lat' dir='ltr'><strong>ut</strong></span> <span class='ocrx_word' id='word_1_750' title='bbox 1306 4910 1602 4965; x_wconf 86' lang='lat' dir='ltr'><strong>Christiani</strong></span> <span class='ocrx_word' id='word_1_751' title='bbox 1673 4913 1789 4964; x_wconf 85' lang='lat' dir='ltr'><strong>loca</strong></span> <span class='ocrx_word' id='word_1_752' title='bbox 1844 4911 1949 4965; x_wconf 88' lang='lat' dir='ltr'><strong>sibi</strong></span> 
     </span>
    </p>
   </div>
   <div class='ocr_carea' id='block_1_102' title="bbox 379 4976 1949 5051">
    <p class='ocr_par' dir='ltr' id='par_1_102' title="bbox 379 4976 1949 5051">
     <span class='ocr_line' id='line_1_103' title="bbox 379 4976 1949 5051; baseline 0.004 -24"><span class='ocrx_word' id='word_1_753' title='bbox 379 4979 657 5051; x_wconf 76' lang='lat' dir='ltr'><strong>adempta,</strong></span> <span class='ocrx_word' id='word_1_754' title='bbox 682 4987 737 5051; x_wconf 85' lang='lat' dir='ltr'><strong>et</strong></span> <span class='ocrx_word' id='word_1_755' title='bbox 768 4994 805 5051; x_wconf 85' lang='lat' dir='ltr'><strong>a_</strong></span> <span class='ocrx_word' id='word_1_756' title='bbox 834 4976 965 5031; x_wconf 86' lang='lat' dir='ltr'><strong>ﬁsco</strong></span> <span class='ocrx_word' id='word_1_757' title='bbox 991 4981 1209 5033; x_wconf 85' lang='lat' dir='ltr'><strong>vendita</strong></span> <span class='ocrx_word' id='word_1_758' title='bbox 1238 4980 1323 5034; x_wconf 84' lang='lat' dir='ltr'><strong>vel</strong></span> <span class='ocrx_word' id='word_1_759' title='bbox 1352 4982 1575 5047; x_wconf 89' lang='lat' dir='ltr'><strong>donata,</strong></span> <span class='ocrx_word' id='word_1_760' title='bbox 1602 4981 1806 5051; x_wconf 87' lang='lat' dir='ltr'><strong>absque</strong></span> <span class='ocrx_word' id='word_1_761' title='bbox 1838 4982 1949 5035; x_wconf 86' lang='lat' dir='ltr'><strong>ulla</strong></span> 
     </span>
    </p>
   </div>
   <div class='ocr_carea' id='block_1_103' title="bbox 379 5046 1350 5117">
    <p class='ocr_par' dir='ltr' id='par_1_103' title="bbox 379 5046 1350 5117">
     <span class='ocr_line' id='line_1_104' title="bbox 379 5046 1350 5117; baseline 0.002 -18"><span class='ocrx_word' id='word_1_762' title='bbox 379 5048 549 5117; x_wconf 75' lang='lat' dir='ltr'><strong>pretii</strong></span> <span class='ocrx_word' id='word_1_763' title='bbox 572 5046 917 5117; x_wconf 70' lang='lat' dir='ltr'><strong>restitutione</strong></span> <span class='ocrx_word' id='word_1_764' title='bbox 945 5060 1350 5116; x_wconf 87' lang='lat' dir='ltr'><strong>recuperarent.</strong></span> 
     </span>
    </p>
   </div>
   <div class='ocr_carea' id='block_1_104' title="bbox 455 5113 1949 5188">
    <p class='ocr_par' dir='ltr' id='par_1_104' title="bbox 455 5113 1949 5188">
     <span class='ocr_line' id='line_1_105' title="bbox 455 5113 1949 5188; baseline 0.003 -19"><span class='ocrx_word' id='word_1_765' title='bbox 455 5114 593 5184; x_wconf 76' lang='grc'>(54)</span> <span class='ocrx_word' id='word_1_766' title='bbox 637 5113 750 5183; x_wconf 75' lang='grc' dir='ltr'><strong>Τῆς</strong></span> <span class='ocrx_word' id='word_1_767' title='bbox 781 5114 958 5185; x_wconf 79' lang='grc' dir='ltr'>τιμῆς</span> <span class='ocrx_word' id='word_1_768' title='bbox 1010 5113 1450 5188; x_wconf 63' lang='grc' dir='ltr'>ὐπέερτεθείσης.</span> <span class='ocrx_word' id='word_1_769' title='bbox 1488 5120 1581 5174; x_wconf 87' lang='lat' dir='ltr'><strong>Sic</strong></span> <span class='ocrx_word' id='word_1_770' title='bbox 1611 5127 1768 5175; x_wconf 82' lang='lat' dir='ltr'><strong>vocat</strong></span> <span class='ocrx_word' id='word_1_771' title='bbox 1801 5119 1949 5184; x_wconf 82' lang='lat' dir='ltr'><strong>adje-</strong></span> 
     </span>
    </p>
   </div>
   <div class='ocr_carea' id='block_1_105' title="bbox 381 5189 1947 5251">
    <p class='ocr_par' dir='ltr' id='par_1_105' title="bbox 381 5189 1947 5251">
     <span class='ocr_line' id='line_1_106' title="bbox 381 5189 1947 5251; baseline 0 -9"><span class='ocrx_word' id='word_1_772' title='bbox 381 5190 595 5242; x_wconf 83' lang='lat' dir='ltr'><strong>ctioues</strong></span> <span class='ocrx_word' id='word_1_773' title='bbox 646 5200 767 5251; x_wconf 77' lang='lat' dir='ltr'><strong>quae</strong></span> <span class='ocrx_word' id='word_1_774' title='bbox 818 5189 951 5239; x_wconf 87' lang='lat' dir='ltr'><strong>liunt</strong></span> <span class='ocrx_word' id='word_1_775' title='bbox 1012 5192 1065 5243; x_wconf 91' lang='lat' dir='ltr'><strong>in</strong></span> <span class='ocrx_word' id='word_1_776' title='bbox 1143 5192 1483 5244; x_wconf 77' lang='lat' dir='ltr'><strong>aut-tionibus</strong></span> <span class='ocrx_word' id='word_1_777' title='bbox 1548 5190 1632 5243; x_wconf 92' lang='lat' dir='ltr'><strong>vel</strong></span> <span class='ocrx_word' id='word_1_778' title='bbox 1690 5190 1947 5242; x_wconf 76' lang='lat' dir='ltr'><strong>licitatio-</strong></span> 
     </span>
    </p>
   </div>
   <div class='ocr_carea' id='block_1_106' title="bbox 384 5254 1950 5328">
    <p class='ocr_par' dir='ltr' id='par_1_106' title="bbox 384 5254 1950 5328">
     <span class='ocr_line' id='line_1_107' title="bbox 384 5254 1950 5328; baseline 0 -17"><span class='ocrx_word' id='word_1_779' title='bbox 384 5261 562 5328; x_wconf 14' lang='lat' dir='ltr'><strong>nﬁibus.</strong></span> <span class='ocrx_word' id='word_1_780' title='bbox 610 5254 720 5328; x_wconf 80' lang='lat' dir='ltr'><strong>Eas</strong></span> <span class='ocrx_word' id='word_1_781' title='bbox 763 5255 1097 5328; x_wconf 71' lang='lat' dir='ltr'><strong>adiectiones</strong></span> <span class='ocrx_word' id='word_1_782' title='bbox 1136 5262 1423 5314; x_wconf 89' lang='lat' dir='ltr'><strong>vernacula</strong></span> <span class='ocrx_word' id='word_1_783' title='bbox 1472 5259 1651 5328; x_wconf 87' lang='lat' dir='ltr'><strong>lingua</strong></span> <span class='ocrx_word' id='word_1_784' title='bbox 1696 5275 1950 5312; x_wconf 85' lang='lat' dir='ltr'><strong>vocamus</strong></span> 
     </span>
    </p>
   </div>
   <div class='ocr_carea' id='block_1_107' title="bbox 382 5322 1950 5399">
    <p class='ocr_par' dir='ltr' id='par_1_107' title="bbox 382 5322 1950 5399">
     <span class='ocr_line' id='line_1_108' title="bbox 382 5322 1950 5399; baseline 0.001 -17"><span class='ocrx_word' id='word_1_785' title='bbox 382 5326 665 5383; x_wconf 62' lang='lat' dir='ltr'><strong>sum.</strong></span> <span class='ocrx_word' id='word_1_786' title='bbox 701 5322 881 5380; x_wconf 81' lang='lat' dir='ltr'><strong>Latini</strong></span> <span class='ocrx_word' id='word_1_787' title='bbox 930 5341 1112 5383; x_wconf 81' lang='lat' dir='ltr'><strong>autem</strong></span> <span class='ocrx_word' id='word_1_788' title='bbox 1162 5329 1492 5399; x_wconf 81' lang='lat' dir='ltr'><strong>adiectiones</strong></span> <span class='ocrx_word' id='word_1_789' title='bbox 1534 5322 1843 5399; x_wconf 50' lang='lat' dir='ltr'><strong>a&#39;ppellant,</strong></span> <span class='ocrx_word' id='word_1_790' title='bbox 1890 5338 1950 5383; x_wconf 85' lang='lat' dir='ltr'><strong>ut</strong></span> 
     </span>
    </p>
   </div>
   <div class='ocr_carea' id='block_1_108' title="bbox 379 5401 511 5452">
    <p class='ocr_par' dir='ltr' id='par_1_108' title="bbox 379 5401 511 5452">
     <span class='ocr_line' id='line_1_109' title="bbox 379 5401 511 5452; baseline -0.015 -1"><span class='ocrx_word' id='word_1_791' title='bbox 379 5401 511 5452; x_wconf 82' lang='lat' dir='ltr'><strong>dixi.</strong></span> 
     </span>
    </p>
   </div>
   <div class='ocr_carea' id='block_1_109' title="bbox 454 5465 1947 5537">
    <p class='ocr_par' dir='ltr' id='par_1_109' title="bbox 454 5465 1947 5537">
     <span class='ocr_line' id='line_1_110' title="bbox 454 5465 1947 5537; baseline 0 -16"><span class='ocrx_word' id='word_1_792' title='bbox 454 5465 1206 5537; x_wconf 10' lang='lat' dir='ltr'><strong>(55)7‘A:toxatao&#39;z1iowo&#39;tr</strong></span> <span class='ocrx_word' id='word_1_793' title='bbox 1238 5470 1448 5535; x_wconf 84' lang='grc' dir='ltr'>οὕτως.</span> <span class='ocrx_word' id='word_1_794' title='bbox 1480 5469 1830 5523; x_wconf 89' lang='lat' dir='ltr'><strong>Scribeudum</strong></span> <span class='ocrx_word' id='word_1_795' title='bbox 1863 5467 1947 5521; x_wconf 89' lang='lat' dir='ltr'><strong>vi-</strong></span> 
     </span>
    </p>
   </div>
   <div class='ocr_carea' id='block_1_110' title="bbox 384 5534 1949 5612">
    <p class='ocr_par' dir='ltr' id='par_1_110' title="bbox 384 5534 1949 5612">
     <span class='ocr_line' id='line_1_111' title="bbox 384 5534 1949 5612; baseline 0.003 -24"><span class='ocrx_word' id='word_1_796' title='bbox 384 5534 859 5612; x_wconf 50' lang='lat' dir='ltr'><strong>detnrdiaaduov</strong></span> <span class='ocrx_word' id='word_1_797' title='bbox 896 5542 943 5592; x_wconf 84' lang='grc' dir='ltr'>εὶ</span> <span class='ocrx_word' id='word_1_798' title='bbox 988 5534 1045 5593; x_wconf 84' lang='grc' dir='ltr'>δὲ</span> <span class='ocrx_word' id='word_1_799' title='bbox 1088 5540 1121 5612; x_wconf 84' lang='grc' dir='ltr'>ἢ</span> <span class='ocrx_word' id='word_1_800' title='bbox 1154 5541 1202 5593; x_wconf 88' lang='grc' dir='ltr'><strong>οί</strong></span> <span class='ocrx_word' id='word_1_801' title='bbox 1233 5534 1595 5610; x_wconf 79' lang='grc' dir='ltr'>ὴγορακότες,</span> <span class='ocrx_word' id='word_1_802' title='bbox 1638 5550 1748 5612; x_wconf 75' lang='lat' dir='ltr'><strong>etc.</strong></span> <span class='ocrx_word' id='word_1_803' title='bbox 1774 5542 1949 5612; x_wconf 79' lang='lat' dir='ltr'><strong>Atque</strong></span> 
     </span>
    </p>
   </div>
   <div class='ocr_carea' id='block_1_111' title="bbox 386 5605 1944 5679">
    <p class='ocr_par' dir='ltr' id='par_1_111' title="bbox 386 5605 1944 5679">
     <span class='ocr_line' id='line_1_112' title="bbox 386 5605 1944 5679; baseline 0.003 -20"><span class='ocrx_word' id='word_1_804' title='bbox 386 5607 458 5659; x_wconf 88' lang='lat' dir='ltr'><strong>ita</strong></span> <span class='ocrx_word' id='word_1_805' title='bbox 499 5608 656 5673; x_wconf 84' lang='lat' dir='ltr'><strong>plane</strong></span> <span class='ocrx_word' id='word_1_806' title='bbox 691 5622 721 5657; x_wconf 89' lang='lat' dir='ltr'><strong>a</strong></span> <span class='ocrx_word' id='word_1_807' title='bbox 767 5605 1124 5663; x_wconf 78' lang='lat' dir='ltr'><strong>Constantino</strong></span> <span class='ocrx_word' id='word_1_808' title='bbox 1178 5605 1441 5679; x_wconf 74' lang='lat' dir='ltr'><strong>scriptum</strong></span> <span class='ocrx_word' id='word_1_809' title='bbox 1492 5626 1615 5663; x_wconf 83' lang='lat' dir='ltr'><strong>esse</strong></span> <span class='ocrx_word' id='word_1_810' title='bbox 1665 5605 1944 5679; x_wconf 81' lang='lat' dir='ltr'><strong>existimo.</strong></span> 
     </span>
    </p>
   </div>
   <div class='ocr_carea' id='block_1_112' title="bbox 387 5678 1949 5743">
    <p class='ocr_par' dir='ltr' id='par_1_112' title="bbox 387 5678 1949 5743">
     <span class='ocr_line' id='line_1_113' title="bbox 387 5678 1949 5743; baseline 0.003 -16"><span class='ocrx_word' id='word_1_811' title='bbox 387 5679 538 5740; x_wconf 71' lang='lat' dir='ltr'><strong>Quod</strong></span> <span class='ocrx_word' id='word_1_812' title='bbox 588 5680 632 5731; x_wconf 87' lang='lat' dir='ltr'><strong>si</strong></span> <span class='ocrx_word' id='word_1_813' title='bbox 688 5690 792 5726; x_wconf 90' lang='lat' dir='ltr'><strong>non</strong></span> <span class='ocrx_word' id='word_1_814' title='bbox 848 5682 1042 5743; x_wconf 82' lang='lat' dir='ltr'><strong>verba,</strong></span> <span class='ocrx_word' id='word_1_815' title='bbox 1090 5678 1307 5735; x_wconf 89' lang='lat' dir='ltr'><strong>sensum</strong></span> <span class='ocrx_word' id='word_1_816' title='bbox 1356 5692 1506 5735; x_wconf 86' lang='lat' dir='ltr'><strong>certe</strong></span> <span class='ocrx_word' id='word_1_817' title='bbox 1567 5678 1803 5738; x_wconf 86' lang='lat' dir='ltr'><strong>assecuti</strong></span> <span class='ocrx_word' id='word_1_818' title='bbox 1853 5694 1949 5732; x_wconf 81' lang='lat' dir='ltr'><strong>su-</strong></span> 
     </span>
    </p>
   </div>
   <div class='ocr_carea' id='block_1_113' title="bbox 386 5759 526 5799">
    <p class='ocr_par' dir='ltr' id='par_1_113' title="bbox 386 5759 526 5799">
     <span class='ocr_line' id='line_1_114' title="bbox 386 5759 526 5799; baseline 0.029 -9"><span class='ocrx_word' id='word_1_819' title='bbox 386 5759 526 5799; x_wconf 78' lang='lat' dir='ltr'><strong>mus.</strong></span> 
     </span>
    </p>
   </div>
   <div class='ocr_carea' id='block_1_114' title="bbox 456 5813 1941 5889">
    <p class='ocr_par' dir='ltr' id='par_1_114' title="bbox 456 5813 1941 5889">
     <span class='ocr_line' id='line_1_115' title="bbox 456 5813 1941 5889; baseline 0.003 -22"><span class='ocrx_word' id='word_1_820' title='bbox 456 5813 567 5885; x_wconf 79' lang='grc'>(56)</span> <span class='ocrx_word' id='word_1_821' title='bbox 623 5816 744 5870; x_wconf 82' lang='grc' dir='ltr'><strong>Ἐπὶ</strong></span> <span class='ocrx_word' id='word_1_822' title='bbox 794 5818 871 5885; x_wconf 82' lang='grc' dir='ltr'>τῷ</span> <span class='ocrx_word' id='word_1_823' title='bbox 904 5818 1061 5888; x_wconf 74' lang='grc' dir='ltr'>νόμῳ</span> <span class='ocrx_word' id='word_1_824' title='bbox 1109 5818 1177 5874; x_wconf 82' lang='grc' dir='ltr'><strong>ὄν</strong></span> <span class='ocrx_word' id='word_1_825' title='bbox 1220 5818 1670 5889; x_wconf 69' lang='grc' dir='ltr'>προειρήκαμεν.</span> <span class='ocrx_word' id='word_1_826' title='bbox 1716 5817 1772 5873; x_wconf 78' lang='lat' dir='ltr'><strong>id</strong></span> <span class='ocrx_word' id='word_1_827' title='bbox 1828 5828 1941 5885; x_wconf 81' lang='lat' dir='ltr'><strong>est,</strong></span> 
     </span>
    </p>
   </div>
   <div class='ocr_carea' id='block_1_115' title="bbox 2049 4630 3613 4699">
    <p class='ocr_par' dir='ltr' id='par_1_115' title="bbox 2049 4630 3613 4699">
     <span class='ocr_line' id='line_1_116' title="bbox 2049 4630 3613 4699; baseline -0.002 -14"><span class='ocrx_word' id='word_1_828' title='bbox 2049 4633 2438 4688; x_wconf 87' lang='lat' dir='ltr'><strong>Constantinus</strong></span> <span class='ocrx_word' id='word_1_829' title='bbox 2482 4650 2497 4685; x_wconf 84' lang='lat'><strong>:</strong></span> <span class='ocrx_word' id='word_1_830' title='bbox 2544 4633 2617 4685; x_wconf 92' lang='lat' dir='ltr'><strong>ita</strong></span> <span class='ocrx_word' id='word_1_831' title='bbox 2684 4640 2743 4684; x_wconf 92' lang='lat' dir='ltr'><strong>ut</strong></span> <span class='ocrx_word' id='word_1_832' title='bbox 2800 4631 3172 4699; x_wconf 88' lang='lat' dir='ltr'><strong>unusquisque</strong></span> <span class='ocrx_word' id='word_1_833' title='bbox 3235 4645 3332 4697; x_wconf 89' lang='lat' dir='ltr'><strong>pro</strong></span> <span class='ocrx_word' id='word_1_834' title='bbox 3382 4630 3613 4682; x_wconf 90' lang='lat' dir='ltr'><strong>arbitrio</strong></span> 
     </span>
    </p>
   </div>
   <div class='ocr_carea' id='block_1_116' title="bbox 2049 4700 3613 4772">
    <p class='ocr_par' dir='ltr' id='par_1_116' title="bbox 2049 4700 3613 4772">
     <span class='ocr_line' id='line_1_117' title="bbox 2049 4700 3613 4772; baseline -0.004 -14"><span class='ocrx_word' id='word_1_835' title='bbox 2049 4716 2430 4772; x_wconf 90' lang='lat' dir='ltr'><strong>quamcunque</strong></span> <span class='ocrx_word' id='word_1_836' title='bbox 2467 4701 2597 4755; x_wconf 89' lang='lat' dir='ltr'><strong>velit</strong></span> <span class='ocrx_word' id='word_1_837' title='bbox 2647 4710 2846 4772; x_wconf 81' lang='lat' dir='ltr'><strong>sectam</strong></span> <span class='ocrx_word' id='word_1_838' title='bbox 2880 4714 2946 4754; x_wconf 87' lang='lat' dir='ltr'><strong>ac</strong></span> <span class='ocrx_word' id='word_1_839' title='bbox 2975 4700 3301 4772; x_wconf 64' lang='lat' dir='ltr'><strong>religionem</strong></span> <span class='ocrx_word' id='word_1_840' title='bbox 3330 4710 3613 4772; x_wconf 80' lang='lat' dir='ltr'><strong>sequatur.</strong></span> 
     </span>
    </p>
   </div>
   <div class='ocr_carea' id='block_1_117' title="bbox 1992 4769 3615 4842">
    <p class='ocr_par' dir='ltr' id='par_1_117' title="bbox 1992 4769 3615 4842">
     <span class='ocr_line' id='line_1_118' title="bbox 1992 4769 3615 4842; baseline -0.007 -9"><span class='ocrx_word' id='word_1_841' title='bbox 1992 4826 2001 4833; x_wconf 38' lang='grc' dir='ltr'>κ</span> <span class='ocrx_word' id='word_1_842' title='bbox 2050 4769 2176 4829; x_wconf 61' lang='lat' dir='ltr'><strong>flare</strong></span> <span class='ocrx_word' id='word_1_843' title='bbox 2222 4769 2362 4842; x_wconf 69' lang='lat' dir='ltr'><strong>ergo</strong></span> <span class='ocrx_word' id='word_1_844' title='bbox 2392 4771 2745 4842; x_wconf 69' lang='lat' dir='ltr'><strong>secundalex</strong></span> <span class='ocrx_word' id='word_1_845' title='bbox 2777 4772 2908 4842; x_wconf 88' lang='lat' dir='ltr'><strong>nihil</strong></span> <span class='ocrx_word' id='word_1_846' title='bbox 2937 4770 3081 4842; x_wconf 82' lang='lat' dir='ltr'><strong>aliud</strong></span> <span class='ocrx_word' id='word_1_847' title='bbox 3113 4775 3409 4842; x_wconf 81' lang='lat' dir='ltr'><strong>est,_qu_am</strong></span> <span class='ocrx_word' id='word_1_848' title='bbox 3441 4769 3615 4837; x_wconf 51' lang='lat' dir='ltr'><strong>expli-</strong></span> 
     </span>
    </p>
   </div>
   <div class='ocr_carea' id='block_1_118' title="bbox 2048 4837 3615 4911">
    <p class='ocr_par' dir='ltr' id='par_1_118' title="bbox 2048 4837 3615 4911">
     <span class='ocr_line' id='line_1_119' title="bbox 2048 4837 3615 4911; baseline -0.004 -13"><span class='ocrx_word' id='word_1_849' title='bbox 2048 4845 2192 4898; x_wconf 87' lang='lat' dir='ltr'><strong>catio</strong></span> <span class='ocrx_word' id='word_1_850' title='bbox 2227 4837 2411 4911; x_wconf 67' lang='lat' dir='ltr'><strong>prima:</strong></span> <span class='ocrx_word' id='word_1_851' title='bbox 2438 4842 2591 4910; x_wconf 83' lang='lat' dir='ltr'><strong>legis,</strong></span> <span class='ocrx_word' id='word_1_852' title='bbox 2624 4840 2829 4907; x_wconf 83' lang='lat' dir='ltr'><strong>Quippe</strong></span> <span class='ocrx_word' id='word_1_853' title='bbox 2868 4841 2920 4893; x_wconf 92' lang='lat' dir='ltr'><strong>iu</strong></span> <span class='ocrx_word' id='word_1_854' title='bbox 2958 4840 3127 4911; x_wconf 73' lang='lat' dir='ltr'><strong>prima</strong></span> <span class='ocrx_word' id='word_1_855' title='bbox 3178 4837 3265 4891; x_wconf 88' lang='lat' dir='ltr'><strong>illa</strong></span> <span class='ocrx_word' id='word_1_856' title='bbox 3310 4838 3428 4911; x_wconf 72' lang='lat' dir='ltr'><strong>lege</strong></span> <span class='ocrx_word' id='word_1_857' title='bbox 3463 4854 3615 4911; x_wconf 71' lang='lat' dir='ltr'><strong>qua:—</strong></span> 
     </span>
    </p>
   </div>
   <div class='ocr_carea' id='block_1_119' title="bbox 2050 4907 3614 4980">
    <p class='ocr_par' dir='ltr' id='par_1_119' title="bbox 2050 4907 3614 4980">
     <span class='ocr_line' id='line_1_120' title="bbox 2050 4907 3614 4980; baseline -0.006 -13"><span class='ocrx_word' id='word_1_858' title='bbox 2050 4915 2172 4967; x_wconf 89' lang='lat' dir='ltr'><strong>dam</strong></span> <span class='ocrx_word' id='word_1_859' title='bbox 2219 4907 2380 4967; x_wconf 73' lang='lat' dir='ltr'><strong>verba</strong></span> <span class='ocrx_word' id='word_1_860' title='bbox 2429 4907 2616 4975; x_wconf 71' lang='lat' dir='ltr'><strong>erant,</strong></span> <span class='ocrx_word' id='word_1_861' title='bbox 2653 4912 2846 4980; x_wconf 84' lang='lat' dir='ltr'><strong>quibus</strong></span> <span class='ocrx_word' id='word_1_862' title='bbox 2876 4918 2931 4963; x_wconf 93' lang='lat' dir='ltr'><strong>et</strong></span> <span class='ocrx_word' id='word_1_863' title='bbox 2962 4907 3208 4980; x_wconf 80' lang='lat' dir='ltr'><strong>gentiles,</strong></span> <span class='ocrx_word' id='word_1_864' title='bbox 3250 4918 3305 4980; x_wconf 84' lang='lat' dir='ltr'><strong>et</strong></span> <span class='ocrx_word' id='word_1_865' title='bbox 3347 4907 3614 4980; x_wconf 77' lang='lat' dir='ltr'><strong>Christia-</strong></span> 
     </span>
    </p>
   </div>
   <div class='ocr_carea' id='block_1_120' title="bbox 2051 4977 3614 5045">
    <p class='ocr_par' dir='ltr' id='par_1_120' title="bbox 2051 4977 3614 5045">
     <span class='ocr_line' id='line_1_121' title="bbox 2051 4977 3614 5045; baseline -0.004 -8"><span class='ocrx_word' id='word_1_866' title='bbox 2051 4998 2241 5037; x_wconf 89' lang='lat' dir='ltr'><strong>norum</strong></span> <span class='ocrx_word' id='word_1_867' title='bbox 2294 4980 2569 5041; x_wconf 88' lang='lat' dir='ltr'><strong>nonnulli,</strong></span> <span class='ocrx_word' id='word_1_868' title='bbox 2619 4977 2915 5034; x_wconf 55' lang='lat' dir='ltr'><strong>ii&#39;scilicet</strong></span> <span class='ocrx_word' id='word_1_869' title='bbox 2960 4978 3050 5045; x_wconf 90' lang='lat' dir='ltr'><strong>qui</strong></span> <span class='ocrx_word' id='word_1_870' title='bbox 3102 4993 3132 5030; x_wconf 88' lang='lat' dir='ltr'><strong>a</strong></span> <span class='ocrx_word' id='word_1_871' title='bbox 3182 4977 3452 5032; x_wconf 85' lang='lat' dir='ltr'><strong>catholica</strong></span> <span class='ocrx_word' id='word_1_872' title='bbox 3510 4978 3614 5031; x_wconf 80' lang='lat' dir='ltr'><strong>[ide</strong></span> 
     </span>
    </p>
   </div>
   <div class='ocr_carea' id='block_1_121' title="bbox 2049 5048 3613 5115">
    <p class='ocr_par' dir='ltr' id='par_1_121' title="bbox 2049 5048 3613 5115">
     <span class='ocr_line' id='line_1_122' title="bbox 2049 5048 3613 5115; baseline -0.003 -10"><span class='ocrx_word' id='word_1_873' title='bbox 2049 5054 2412 5114; x_wconf 89' lang='lat' dir='ltr'><strong>desciverant,</strong></span> <span class='ocrx_word' id='word_1_874' title='bbox 2442 5050 2747 5113; x_wconf 74' lang='lat' dir='ltr'><strong>Novatiani,</strong></span> <span class='ocrx_word' id='word_1_875' title='bbox 2781 5049 3114 5104; x_wconf 69' lang='lat' dir='ltr'><strong>Moutanistze</strong></span> <span class='ocrx_word' id='word_1_876' title='bbox 3145 5058 3201 5101; x_wconf 90' lang='lat' dir='ltr'><strong>et</strong></span> <span class='ocrx_word' id='word_1_877' title='bbox 3242 5048 3456 5115; x_wconf 89' lang='lat' dir='ltr'><strong>reliqui,</strong></span> <span class='ocrx_word' id='word_1_878' title='bbox 3508 5063 3613 5102; x_wconf 90' lang='lat' dir='ltr'><strong>non</strong></span> 
     </span>
    </p>
   </div>
   <div class='ocr_carea' id='block_1_122' title="bbox 2049 5118 3613 5185">
    <p class='ocr_par' dir='ltr' id='par_1_122' title="bbox 2049 5118 3613 5185">
     <span class='ocr_line' id='line_1_123' title="bbox 2049 5118 3613 5185; baseline -0.004 -9"><span class='ocrx_word' id='word_1_879' title='bbox 2049 5122 2399 5177; x_wconf 87' lang='lat' dir='ltr'><strong>mediocriter</strong></span> <span class='ocrx_word' id='word_1_880' title='bbox 2428 5119 2853 5185; x_wconf 70' lang='lat' dir='ltr'><strong>oﬂendebatntur,</strong></span> <span class='ocrx_word' id='word_1_881' title='bbox 2884 5134 3005 5172; x_wconf 92' lang='lat' dir='ltr'><strong>cum</strong></span> <span class='ocrx_word' id='word_1_882' title='bbox 3035 5133 3094 5172; x_wconf 88' lang='lat' dir='ltr'><strong>se</strong></span> <span class='ocrx_word' id='word_1_883' title='bbox 3126 5118 3410 5171; x_wconf 71' lang='lat' dir='ltr'><strong>haereticos</strong></span> <span class='ocrx_word' id='word_1_884' title='bbox 3448 5123 3501 5171; x_wconf 92' lang='lat' dir='ltr'><strong>in</strong></span> <span class='ocrx_word' id='word_1_885' title='bbox 3549 5133 3613 5171; x_wconf 87' lang='lat' dir='ltr'><strong>ea</strong></span> 
     </span>
    </p>
   </div>
   <div class='ocr_carea' id='block_1_123' title="bbox 2050 5186 3612 5261">
    <p class='ocr_par' dir='ltr' id='par_1_123' title="bbox 2050 5186 3612 5261">
     <span class='ocr_line' id='line_1_124' title="bbox 2050 5186 3612 5261; baseline -0.002 -18"><span class='ocrx_word' id='word_1_886' title='bbox 2050 5192 2344 5261; x_wconf 88' lang='lat' dir='ltr'><strong>appellatos</strong></span> <span class='ocrx_word' id='word_1_887' title='bbox 2378 5191 2641 5261; x_wconf 80' lang='lat' dir='ltr'><strong>viderent.</strong></span> <span class='ocrx_word' id='word_1_888' title='bbox 2689 5190 2793 5242; x_wconf 92' lang='lat' dir='ltr'><strong>Sed</strong></span> <span class='ocrx_word' id='word_1_889' title='bbox 2824 5198 2881 5243; x_wconf 88' lang='lat' dir='ltr'><strong>et</strong></span> <span class='ocrx_word' id='word_1_890' title='bbox 2923 5186 3217 5261; x_wconf 77' lang='lat' dir='ltr'><strong>Christiani</strong></span> <span class='ocrx_word' id='word_1_891' title='bbox 3263 5202 3356 5239; x_wconf 88' lang='lat' dir='ltr'><strong>seu</strong></span> <span class='ocrx_word' id='word_1_892' title='bbox 3408 5187 3612 5261; x_wconf 49' lang='lat' dir='ltr'><strong>Catbof</strong></span> 
     </span>
    </p>
   </div>
   <div class='ocr_carea' id='block_1_124' title="bbox 2049 5257 3613 5331">
    <p class='ocr_par' dir='ltr' id='par_1_124' title="bbox 2049 5257 3613 5331">
     <span class='ocr_line' id='line_1_125' title="bbox 2049 5257 3613 5331; baseline -0.003 -17"><span class='ocrx_word' id='word_1_893' title='bbox 2049 5257 2141 5316; x_wconf 81' lang='lat' dir='ltr'><strong>lici</strong></span> <span class='ocrx_word' id='word_1_894' title='bbox 2171 5276 2314 5331; x_wconf 66' lang='lat' dir='ltr'><strong>aegre</strong></span> <span class='ocrx_word' id='word_1_895' title='bbox 2366 5259 2611 5314; x_wconf 81' lang='lat' dir='ltr'><strong>ferebant</strong></span> <span class='ocrx_word' id='word_1_896' title='bbox 2643 5261 2741 5313; x_wconf 90' lang='lat' dir='ltr'><strong>sibi</strong></span> <span class='ocrx_word' id='word_1_897' title='bbox 2778 5257 3327 5331; x_wconf 37' lang='lat' dir='ltr'><strong>haereticosAaditmgi</strong></span> <span class='ocrx_word' id='word_1_898' title='bbox 3368 5268 3425 5311; x_wconf 87' lang='lat' dir='ltr'><strong>ct</strong></span> <span class='ocrx_word' id='word_1_899' title='bbox 3457 5258 3613 5331; x_wconf 80' lang='lat' dir='ltr'><strong>quasi</strong></span> 
     </span>
    </p>
   </div>
   <div class='ocr_carea' id='block_1_125' title="bbox 2049 5326 3613 5401">
    <p class='ocr_par' dir='ltr' id='par_1_125' title="bbox 2049 5326 3613 5401">
     <span class='ocr_line' id='line_1_126' title="bbox 2049 5326 3613 5401; baseline -0.003 -17"><span class='ocrx_word' id='word_1_900' title='bbox 2049 5326 2289 5401; x_wconf 68' lang='lat' dir='ltr'><strong>c0pulari</strong></span> <span class='ocrx_word' id='word_1_901' title='bbox 2324 5331 2378 5384; x_wconf 93' lang='lat' dir='ltr'><strong>in</strong></span> <span class='ocrx_word' id='word_1_902' title='bbox 2404 5334 2591 5384; x_wconf 82' lang='lat' dir='ltr'><strong>eadem</strong></span> <span class='ocrx_word' id='word_1_903' title='bbox 2631 5329 3035 5401; x_wconf 84' lang='lat' dir='ltr'><strong>constitutione.</strong></span> <span class='ocrx_word' id='word_1_904' title='bbox 3054 5326 3427 5401; x_wconf 72' lang='lat' dir='ltr'><strong>Quamobrem</strong></span> <span class='ocrx_word' id='word_1_905' title='bbox 3459 5326 3613 5401; x_wconf 80' lang='lat' dir='ltr'><strong>Con-</strong></span> 
     </span>
    </p>
   </div>
   <div class='ocr_carea' id='block_1_126' title="bbox 2051 5398 3610 5468">
    <p class='ocr_par' dir='ltr' id='par_1_126' title="bbox 2051 5398 3610 5468">
     <span class='ocr_line' id='line_1_127' title="bbox 2051 5398 3610 5468; baseline -0.004 -14"><span class='ocrx_word' id='word_1_906' title='bbox 2051 5398 2344 5465; x_wconf 75' lang='lat' dir='ltr'><strong>stantinus,</strong></span> <span class='ocrx_word' id='word_1_907' title='bbox 2375 5409 2431 5453; x_wconf 92' lang='lat' dir='ltr'><strong>ut</strong></span> <span class='ocrx_word' id='word_1_908' title='bbox 2476 5415 2602 5468; x_wconf 84' lang='lat' dir='ltr'><strong>erga</strong></span> <span class='ocrx_word' id='word_1_909' title='bbox 2633 5414 2820 5452; x_wconf 89' lang='lat' dir='ltr'><strong>omnes</strong></span> <span class='ocrx_word' id='word_1_910' title='bbox 2846 5414 2904 5453; x_wconf 86' lang='lat' dir='ltr'><strong>se</strong></span> <span class='ocrx_word' id='word_1_911' title='bbox 2945 5398 3231 5468; x_wconf 82' lang='lat' dir='ltr'><strong>benignum</strong></span> <span class='ocrx_word' id='word_1_912' title='bbox 3277 5398 3610 5468; x_wconf 80' lang='lat' dir='ltr'><strong>ostenderet,</strong></span> 
     </span>
    </p>
   </div>
   <div class='ocr_carea' id='block_1_127' title="bbox 2051 5465 3615 5538">
    <p class='ocr_par' dir='ltr' id='par_1_127' title="bbox 2051 5465 3615 5538">
     <span class='ocr_line' id='line_1_128' title="bbox 2051 5465 3615 5538; baseline -0.004 -15"><span class='ocrx_word' id='word_1_913' title='bbox 2051 5486 2114 5523; x_wconf 91' lang='lat' dir='ltr'><strong>ea</strong></span> <span class='ocrx_word' id='word_1_914' title='bbox 2146 5471 2306 5523; x_wconf 88' lang='lat' dir='ltr'><strong>verba</strong></span> <span class='ocrx_word' id='word_1_915' title='bbox 2341 5465 2563 5538; x_wconf 77' lang='lat' dir='ltr'><strong>penitus</strong></span> <span class='ocrx_word' id='word_1_916' title='bbox 2590 5484 2873 5537; x_wconf 81' lang='lat' dir='ltr'><strong>suppressa</strong></span> <span class='ocrx_word' id='word_1_917' title='bbox 2906 5465 3100 5538; x_wconf 66' lang='lat' dir='ltr'><strong>voluit}</strong></span> <span class='ocrx_word' id='word_1_918' title='bbox 3123 5468 3180 5519; x_wconf 91' lang='lat' dir='ltr'><strong>ld</strong></span> <span class='ocrx_word' id='word_1_919' title='bbox 3214 5466 3358 5538; x_wconf 82' lang='lat' dir='ltr'><strong>enim</strong></span> <span class='ocrx_word' id='word_1_920' title='bbox 3388 5465 3492 5538; x_wconf 74' lang='lat' dir='ltr'><strong>sibi</strong></span> <span class='ocrx_word' id='word_1_921' title='bbox 3520 5480 3615 5538; x_wconf 69' lang='lat' dir='ltr'><strong>vo-</strong></span> 
     </span>
    </p>
   </div>
   <div class='ocr_carea' id='block_1_128' title="bbox 2052 5534 3613 5608">
    <p class='ocr_par' dir='ltr' id='par_1_128' title="bbox 2052 5534 3613 5608">
     <span class='ocr_line' id='line_1_129' title="bbox 2052 5534 3613 5608; baseline -0.004 -16"><span class='ocrx_word' id='word_1_922' title='bbox 2052 5540 2168 5593; x_wconf 87' lang='lat' dir='ltr'><strong>lunt</strong></span> <span class='ocrx_word' id='word_1_923' title='bbox 2214 5542 2295 5594; x_wconf 68' lang='lat' dir='ltr'><strong>ha:</strong></span> <span class='ocrx_word' id='word_1_924' title='bbox 2341 5534 2504 5593; x_wconf 65' lang='lat' dir='ltr'><strong>voces</strong></span> <span class='ocrx_word' id='word_1_925' title='bbox 2535 5557 2549 5592; x_wconf 91' lang='lat'>:</span> <span class='ocrx_word' id='word_1_926' title='bbox 2580 5534 3117 5608; x_wconf 64' lang='grc' dir='ltr'>’Ῑν’“ἀφαιρεθεισῶν</span> <span class='ocrx_word' id='word_1_927' title='bbox 3174 5535 3457 5608; x_wconf 75' lang='grc' dir='ltr'>παντελῶς</span> <span class='ocrx_word' id='word_1_928' title='bbox 3509 5534 3613 5608; x_wconf 85' lang='grc' dir='ltr'><strong>τῶν</strong></span> 
     </span>
    </p>
   </div>
   <div class='ocr_carea' id='block_1_129' title="bbox 2049 5606 3611 5681">
    <p class='ocr_par' dir='ltr' id='par_1_129' title="bbox 2049 5606 3611 5681">
     <span class='ocr_line' id='line_1_130' title="bbox 2049 5606 3611 5681; baseline -0.004 -19"><span class='ocrx_word' id='word_1_929' title='bbox 2049 5609 2347 5681; x_wconf 82' lang='grc' dir='ltr'>αἱρέσεων,</span> <span class='ocrx_word' id='word_1_930' title='bbox 2396 5609 2608 5681; x_wconf 77' lang='grc' dir='ltr'>αἵτινες</span> <span class='ocrx_word' id='word_1_931' title='bbox 2665 5606 2787 5670; x_wconf 82' lang='grc' dir='ltr'>τοῖς</span> <span class='ocrx_word' id='word_1_932' title='bbox 2835 5606 3130 5681; x_wconf 65' lang='grc' dir='ltr'>προτέροις</span> <span class='ocrx_word' id='word_1_933' title='bbox 3172 5606 3379 5681; x_wconf 23' lang='grc' dir='ltr'>*ἡμῶν</span> <span class='ocrx_word' id='word_1_934' title='bbox 3432 5607 3611 5677; x_wconf 82' lang='grc' dir='ltr'>γράμ-</span> 
     </span>
    </p>
   </div>
   <div class='ocr_carea' id='block_1_130' title="bbox 2054 5676 3613 5749">
    <p class='ocr_par' dir='ltr' id='par_1_130' title="bbox 2054 5676 3613 5749">
     <span class='ocr_line' id='line_1_131' title="bbox 2054 5676 3613 5749; baseline -0.004 -16"><span class='ocrx_word' id='word_1_935' title='bbox 2054 5676 2239 5749; x_wconf 83' lang='grc' dir='ltr'>μασιν,</span> <span class='ocrx_word' id='word_1_936' title='bbox 2261 5692 2366 5733; x_wconf 89' lang='lat' dir='ltr'><strong>etc.</strong></span> <span class='ocrx_word' id='word_1_937' title='bbox 2392 5679 2489 5732; x_wconf 84' lang='lat' dir='ltr'><strong>Hic</strong></span> <span class='ocrx_word' id='word_1_938' title='bbox 2512 5689 2595 5732; x_wconf 75' lang='lat' dir='ltr'><strong>est</strong></span> <span class='ocrx_word' id='word_1_939' title='bbox 2613 5694 2805 5733; x_wconf 90' lang='lat' dir='ltr'><strong>sensus</strong></span> <span class='ocrx_word' id='word_1_940' title='bbox 2835 5678 2988 5749; x_wconf 79' lang='lat' dir='ltr'><strong>huius</strong></span> <span class='ocrx_word' id='word_1_941' title='bbox 3013 5676 3435 5749; x_wconf 77' lang='lat' dir='ltr'><strong>constitutionis,</strong></span> <span class='ocrx_word' id='word_1_942' title='bbox 3456 5690 3613 5744; x_wconf 71' lang='lat' dir='ltr'><strong>quem</strong></span> 
     </span>
    </p>
   </div>
   <div class='ocr_carea' id='block_1_131' title="bbox 2052 5746 3293 5820">
    <p class='ocr_par' dir='ltr' id='par_1_131' title="bbox 2052 5746 3293 5820">
     <span class='ocr_line' id='line_1_132' title="bbox 2052 5746 3293 5820; baseline -0.005 -16"><span class='ocrx_word' id='word_1_943' title='bbox 2052 5746 2160 5807; x_wconf 84' lang='lat' dir='ltr'><strong>non</strong></span> <span class='ocrx_word' id='word_1_944' title='bbox 2199 5756 2315 5808; x_wconf 75' lang='lat' dir='ltr'><strong>sine</strong></span> <span class='ocrx_word' id='word_1_945' title='bbox 2345 5763 2541 5820; x_wconf 81' lang='lat' dir='ltr'><strong>magno</strong></span> <span class='ocrx_word' id='word_1_946' title='bbox 2572 5749 2754 5804; x_wconf 78' lang='lat' dir='ltr'><strong>labOte</strong></span> <span class='ocrx_word' id='word_1_947' title='bbox 2782 5746 3039 5817; x_wconf 78' lang='lat' dir='ltr'><strong>expiscati</strong></span> <span class='ocrx_word' id='word_1_948' title='bbox 3073 5760 3293 5817; x_wconf 85' lang='lat' dir='ltr'><strong>sutnus._</strong></span> 
     </span>
    </p>
   </div>
  </div>
