  <div class='ocr_page' id='page_1' title='image "/cluster/home/n/w/nwhite01/storage/ocr_20150623/20/mdp.39015008802764/453.png"; bbox 0 0 3858 6260; ppageno 0'>
   <div class='ocr_carea' id='block_1_1' title="bbox 446 276 554 334">
    <p class='ocr_par' dir='ltr' id='par_1_1' title="bbox 446 276 554 334">
     <span class='ocr_line' id='line_1_1' title="bbox 446 276 554 334; baseline 0.009 -1"><span class='ocrx_word' id='word_1_1' title='bbox 446 276 554 334; x_wconf 75' lang='lat'><strong>895</strong></span> 
     </span>
    </p>
   </div>
   <div class='ocr_carea' id='block_1_2' title="bbox 1152 258 2960 341">
    <p class='ocr_par' dir='ltr' id='par_1_2' title="bbox 1152 258 2960 341">
     <span class='ocr_line' id='line_1_2' title="bbox 1152 258 2960 341; baseline 0.004 -7"><span class='ocrx_word' id='word_1_2' title='bbox 1152 274 1418 335; x_wconf 74' lang='lat' dir='ltr'><strong>svsssn</strong></span> <span class='ocrx_word' id='word_1_3' title='bbox 1457 278 1939 336; x_wconf 58' lang='lat' dir='ltr'><strong>cmssmsa&#39;sxs</strong></span> <span class='ocrx_word' id='word_1_4' title='bbox 1976 276 2127 334; x_wconf 78' lang='lat' dir='ltr'><strong>opp.</strong></span> <span class='ocrx_word' id='word_1_5' title='bbox 2173 275 2350 332; x_wconf 80' lang='lat' dir='ltr'><strong>PARS</strong></span> <span class='ocrx_word' id='word_1_6' title='bbox 2385 275 2428 337; x_wconf 83' lang='grc' dir='ltr'><strong>ι.</strong></span> <span class='ocrx_word' id='word_1_7' title='bbox 2464 306 2537 319; x_wconf 94' lang='grc'><strong><em>-</em></strong></span> <span class='ocrx_word' id='word_1_8' title='bbox 2574 258 2960 341; x_wconf 67' lang='lat' dir='ltr'><strong>Htsr&#39;omca.</strong></span> 
     </span>
    </p>
   </div>
   <div class='ocr_carea' id='block_1_3' title="bbox 3613 278 3712 335">
    <p class='ocr_par' dir='ltr' id='par_1_3' title="bbox 3613 278 3712 335">
     <span class='ocr_line' id='line_1_3' title="bbox 3613 278 3712 335; baseline 0 0"><span class='ocrx_word' id='word_1_9' title='bbox 3613 278 3712 335; x_wconf 76' lang='lat'><strong>898</strong></span> 
     </span>
    </p>
   </div>
   <div class='ocr_carea' id='block_1_4' title="bbox 451 396 2029 473">
    <p class='ocr_par' dir='ltr' id='par_1_4' title="bbox 451 397 2024 472">
     <span class='ocr_line' id='line_1_4' title="bbox 451 397 2024 472; baseline 0.005 -21"><span class='ocrx_word' id='word_1_10' title='bbox 451 406 652 454; x_wconf 66' lang='lat' dir='ltr'><strong>nostrae</strong></span> <span class='ocrx_word' id='word_1_11' title='bbox 695 397 749 454; x_wconf 90' lang='lat' dir='ltr'><strong>in</strong></span> <span class='ocrx_word' id='word_1_12' title='bbox 800 398 906 455; x_wconf 86' lang='lat' dir='ltr'><strong>hoc</strong></span> <span class='ocrx_word' id='word_1_13' title='bbox 951 398 1231 455; x_wconf 70' lang='lat' dir='ltr'><strong>laetissimo</strong></span> <span class='ocrx_word' id='word_1_14' title='bbox 1253 408 1396 455; x_wconf 85' lang='lat' dir='ltr'><strong>statu</strong></span> <span class='ocrx_word' id='word_1_15' title='bbox 1432 409 1486 455; x_wconf 92' lang='lat' dir='ltr'><strong>et</strong></span> <span class='ocrx_word' id='word_1_16' title='bbox 1514 401 1569 455; x_wconf 89' lang='lat' dir='ltr'><strong>in</strong></span> <span class='ocrx_word' id='word_1_17' title='bbox 1604 400 1917 472; x_wconf 90' lang='lat' dir='ltr'><strong>hujusmodi</strong></span> <span class='ocrx_word' id='word_1_18' title='bbox 1946 402 2024 459; x_wconf 82' lang='lat' dir='ltr'><strong>fe—</strong></span> 
     </span>
    </p>
   </div>
   <div class='ocr_carea' id='block_1_5' title="bbox 2133 396 3712 473">
    <p class='ocr_par' dir='ltr' id='par_1_5' title="bbox 2133 396 3712 473">
     <span class='ocr_line' id='line_1_5' title="bbox 2133 396 3712 473; baseline 0.001 -21"><span class='ocrx_word' id='word_1_19' title='bbox 2133 400 2272 470; x_wconf 73' lang='grc' dir='ltr'><strong>ἡμᾶς</strong></span> <span class='ocrx_word' id='word_1_20' title='bbox 2304 401 2362 452; x_wconf 82' lang='grc' dir='ltr'>ὲν</span> <span class='ocrx_word' id='word_1_21' title='bbox 2409 398 2714 473; x_wconf 80' lang='grc' dir='ltr'>εὐφροσύνῃ</span> <span class='ocrx_word' id='word_1_22' title='bbox 2747 400 2841 453; x_wconf 67' lang='grc' dir='ltr'>καὶ</span> <span class='ocrx_word' id='word_1_23' title='bbox 2874 396 3243 471; x_wconf 80' lang='grc' dir='ltr'><strong>πανηγύρεσιν</strong></span> <span class='ocrx_word' id='word_1_24' title='bbox 3298 396 3560 451; x_wconf 74' lang='grc' dir='ltr'>ἒτελεῖτο.</span> <span class='ocrx_word' id='word_1_25' title='bbox 3600 397 3712 453; x_wconf 80' lang='grc' dir='ltr'><strong>οὐκ</strong></span> 
     </span>
    </p>
   </div>
   <div class='ocr_carea' id='block_1_6' title="bbox 452 491 2022 555">
    <p class='ocr_par' dir='ltr' id='par_1_6' title="bbox 452 491 2022 555">
     <span class='ocr_line' id='line_1_6' title="bbox 452 491 2022 555; baseline 0.007 -11"><span class='ocrx_word' id='word_1_26' title='bbox 452 491 784 547; x_wconf 86' lang='lat' dir='ltr'><strong>stivitatibus</strong></span> <span class='ocrx_word' id='word_1_27' title='bbox 827 501 1008 546; x_wconf 87' lang='lat' dir='ltr'><strong>erant.</strong></span> <span class='ocrx_word' id='word_1_28' title='bbox 1056 493 1162 547; x_wconf 83' lang='lat' dir='ltr'><strong>Sed</strong></span> <span class='ocrx_word' id='word_1_29' title='bbox 1208 494 1426 549; x_wconf 89' lang='lat' dir='ltr'><strong>virtutis</strong></span> <span class='ocrx_word' id='word_1_30' title='bbox 1464 494 1715 551; x_wconf 91' lang='lat' dir='ltr'><strong>inimicus</strong></span> <span class='ocrx_word' id='word_1_31' title='bbox 1746 508 1803 551; x_wconf 87' lang='lat' dir='ltr'><strong>et</strong></span> <span class='ocrx_word' id='word_1_32' title='bbox 1851 496 2022 555; x_wconf 89' lang='lat' dir='ltr'><strong>malo-</strong></span> 
     </span>
    </p>
   </div>
   <div class='ocr_carea' id='block_1_7' title="bbox 454 583 2022 653">
    <p class='ocr_par' dir='ltr' id='par_1_7' title="bbox 454 583 2022 653">
     <span class='ocr_line' id='line_1_7' title="bbox 454 583 2022 653; baseline 0.003 -15"><span class='ocrx_word' id='word_1_33' title='bbox 454 599 576 640; x_wconf 85' lang='lat' dir='ltr'><strong>rum</strong></span> <span class='ocrx_word' id='word_1_34' title='bbox 630 583 869 638; x_wconf 88' lang='lat' dir='ltr'><strong>omnium</strong></span> <span class='ocrx_word' id='word_1_35' title='bbox 925 585 1356 641; x_wconf 80' lang='lat' dir='ltr'><strong>studiosissimus</strong></span> <span class='ocrx_word' id='word_1_36' title='bbox 1399 584 1663 643; x_wconf 71' lang='lat' dir='ltr'><strong>dtemonis</strong></span> <span class='ocrx_word' id='word_1_37' title='bbox 1711 587 1870 653; x_wconf 86' lang='lat' dir='ltr'><strong>livor,</strong></span> <span class='ocrx_word' id='word_1_38' title='bbox 1918 587 2022 643; x_wconf 89' lang='lat' dir='ltr'><strong>hoc</strong></span> 
     </span>
    </p>
   </div>
   <div class='ocr_carea' id='block_1_8' title="bbox 454 674 2020 750">
    <p class='ocr_par' dir='ltr' id='par_1_8' title="bbox 454 674 2020 750">
     <span class='ocr_line' id='line_1_8' title="bbox 454 674 2020 750; baseline 0.004 -21"><span class='ocrx_word' id='word_1_39' title='bbox 454 674 826 744; x_wconf 77' lang='lat' dir='ltr'><strong>spectaculum</strong></span> <span class='ocrx_word' id='word_1_40' title='bbox 875 675 965 729; x_wconf 88' lang='lat' dir='ltr'><strong>diu</strong></span> <span class='ocrx_word' id='word_1_41' title='bbox 1031 675 1176 732; x_wconf 91' lang='lat' dir='ltr'><strong>ferre</strong></span> <span class='ocrx_word' id='word_1_42' title='bbox 1236 694 1342 733; x_wconf 91' lang='lat' dir='ltr'><strong>non</strong></span> <span class='ocrx_word' id='word_1_43' title='bbox 1396 680 1591 749; x_wconf 89' lang='lat' dir='ltr'><strong>potuit.</strong></span> <span class='ocrx_word' id='word_1_44' title='bbox 1650 678 1834 750; x_wconf 83' lang='lat' dir='ltr'><strong>Neque</strong></span> <span class='ocrx_word' id='word_1_45' title='bbox 1891 680 2020 736; x_wconf 90' lang='lat' dir='ltr'><strong>item</strong></span> 
     </span>
    </p>
   </div>
   <div class='ocr_carea' id='block_1_9' title="bbox 450 766 2014 842">
    <p class='ocr_par' dir='ltr' id='par_1_9' title="bbox 450 766 2014 842">
     <span class='ocr_line' id='line_1_9' title="bbox 450 766 2014 842; baseline 0.003 -22"><span class='ocrx_word' id='word_1_46' title='bbox 450 767 611 839; x_wconf 79' lang='lat'><strong>395</strong></span> <span class='ocrx_word' id='word_1_47' title='bbox 632 766 872 821; x_wconf 87' lang='lat' dir='ltr'><strong>Licinius</strong></span> <span class='ocrx_word' id='word_1_48' title='bbox 901 768 968 821; x_wconf 87' lang='lat' dir='ltr'><strong>iis</strong></span> <span class='ocrx_word' id='word_1_49' title='bbox 993 767 1391 823; x_wconf 76' lang='lat' dir='ltr'><strong>calamitatibus</strong></span> <span class='ocrx_word' id='word_1_50' title='bbox 1420 786 1539 840; x_wconf 74' lang='lat' dir='ltr'><strong>qua:</strong></span> <span class='ocrx_word' id='word_1_51' title='bbox 1575 772 1904 841; x_wconf 82' lang='lat' dir='ltr'><strong>supradictis</strong></span> <span class='ocrx_word' id='word_1_52' title='bbox 1927 781 2014 842; x_wconf 87' lang='lat' dir='ltr'><strong>ty-</strong></span> 
     </span>
    </p>
   </div>
   <div class='ocr_carea' id='block_1_10' title="bbox 451 855 2023 927">
    <p class='ocr_par' dir='ltr' id='par_1_10' title="bbox 451 855 2023 927">
     <span class='ocr_line' id='line_1_10' title="bbox 451 855 2023 927; baseline 0.004 -18"><span class='ocrx_word' id='word_1_53' title='bbox 451 857 645 909; x_wconf 82' lang='lat' dir='ltr'><strong>rannis</strong></span> <span class='ocrx_word' id='word_1_54' title='bbox 670 855 1010 920; x_wconf 89' lang='lat' dir='ltr'><strong>acciderant,</strong></span> <span class='ocrx_word' id='word_1_55' title='bbox 1035 857 1236 910; x_wconf 89' lang='lat' dir='ltr'><strong>erudiri</strong></span> <span class='ocrx_word' id='word_1_56' title='bbox 1265 859 1438 925; x_wconf 85' lang='lat' dir='ltr'><strong>potuit</strong></span> <span class='ocrx_word' id='word_1_57' title='bbox 1472 868 1532 913; x_wconf 92' lang='lat' dir='ltr'><strong>ut</strong></span> <span class='ocrx_word' id='word_1_58' title='bbox 1561 867 1778 927; x_wconf 82' lang='lat' dir='ltr'><strong>saperet</strong></span> <span class='ocrx_word' id='word_1_59' title='bbox 1811 875 1873 915; x_wconf 91' lang='lat' dir='ltr'><strong>ac</strong></span> <span class='ocrx_word' id='word_1_60' title='bbox 1907 875 2023 914; x_wconf 83' lang='lat' dir='ltr'><strong>mo-</strong></span> 
     </span>
    </p>
   </div>
   <div class='ocr_carea' id='block_1_11' title="bbox 450 946 2019 1019">
    <p class='ocr_par' dir='ltr' id='par_1_11' title="bbox 450 946 2019 1019">
     <span class='ocr_line' id='line_1_11' title="bbox 450 946 2019 1019; baseline 0.003 -17"><span class='ocrx_word' id='word_1_61' title='bbox 450 948 603 1002; x_wconf 86' lang='lat' dir='ltr'><strong>deste</strong></span> <span class='ocrx_word' id='word_1_62' title='bbox 622 957 825 1015; x_wconf 85' lang='lat' dir='ltr'><strong>ageret.</strong></span> <span class='ocrx_word' id='word_1_63' title='bbox 853 946 953 1012; x_wconf 84' lang='lat' dir='ltr'><strong>Qui</strong></span> <span class='ocrx_word' id='word_1_64' title='bbox 980 962 1237 1018; x_wconf 89' lang='lat' dir='ltr'><strong>prospero</strong></span> <span class='ocrx_word' id='word_1_65' title='bbox 1261 948 1471 1018; x_wconf 89' lang='lat' dir='ltr'><strong>imperii</strong></span> <span class='ocrx_word' id='word_1_66' title='bbox 1491 951 1572 1005; x_wconf 88' lang='lat' dir='ltr'><strong>sui</strong></span> <span class='ocrx_word' id='word_1_67' title='bbox 1604 960 1772 1019; x_wconf 89' lang='lat' dir='ltr'><strong>statu,</strong></span> <span class='ocrx_word' id='word_1_68' title='bbox 1797 955 2019 1008; x_wconf 89' lang='lat' dir='ltr'><strong>secundi</strong></span> 
     </span>
    </p>
   </div>
   <div class='ocr_carea' id='block_1_12' title="bbox 449 1038 2024 1112">
    <p class='ocr_par' dir='ltr' id='par_1_12' title="bbox 449 1038 2024 1112">
     <span class='ocr_line' id='line_1_12' title="bbox 449 1038 2024 1112; baseline 0.001 -16"><span class='ocrx_word' id='word_1_69' title='bbox 449 1051 572 1111; x_wconf 65' lang='lat' dir='ltr'><strong>pou</strong></span> <span class='ocrx_word' id='word_1_70' title='bbox 609 1038 1025 1094; x_wconf 88' lang='lat' dir='ltr'><strong>Constantinum</strong></span> <span class='ocrx_word' id='word_1_71' title='bbox 1059 1041 1353 1095; x_wconf 82' lang='lat' dir='ltr'><strong>maximum</strong></span> <span class='ocrx_word' id='word_1_72' title='bbox 1378 1040 1481 1096; x_wconf 90' lang='lat' dir='ltr'><strong>loci</strong></span> <span class='ocrx_word' id='word_1_73' title='bbox 1518 1043 1802 1112; x_wconf 86' lang='lat' dir='ltr'><strong>dignitate,</strong></span> <span class='ocrx_word' id='word_1_74' title='bbox 1828 1054 1884 1098; x_wconf 91' lang='lat' dir='ltr'><strong>et</strong></span> <span class='ocrx_word' id='word_1_75' title='bbox 1910 1043 2024 1098; x_wconf 76' lang='lat' dir='ltr'><strong>alli-</strong></span> 
     </span>
    </p>
   </div>
   <div class='ocr_carea' id='block_1_13' title="bbox 450 1131 2020 1203">
    <p class='ocr_par' dir='ltr' id='par_1_13' title="bbox 450 1131 2020 1203">
     <span class='ocr_line' id='line_1_13' title="bbox 450 1131 2020 1203; baseline 0.004 -19"><span class='ocrx_word' id='word_1_76' title='bbox 450 1131 618 1185; x_wconf 88' lang='lat' dir='ltr'><strong>nilate</strong></span> <span class='ocrx_word' id='word_1_77' title='bbox 650 1131 973 1201; x_wconf 74' lang='lat' dir='ltr'><strong>augusdque</strong></span> <span class='ocrx_word' id='word_1_78' title='bbox 1007 1132 1225 1200; x_wconf 76' lang='lat' dir='ltr'><strong>generis</strong></span> <span class='ocrx_word' id='word_1_79' title='bbox 1261 1132 1643 1201; x_wconf 87' lang='lat' dir='ltr'><strong>conjunctione</strong></span> <span class='ocrx_word' id='word_1_80' title='bbox 1678 1134 1979 1191; x_wconf 90' lang='lat' dir='ltr'><strong>honoratus</strong></span> <span class='ocrx_word' id='word_1_81' title='bbox 2003 1177 2020 1203; x_wconf 89' lang='lat'><strong>,</strong></span> 
     </span>
    </p>
   </div>
   <div class='ocr_carea' id='block_1_14' title="bbox 449 1221 2021 1297">
    <p class='ocr_par' dir='ltr' id='par_1_14' title="bbox 449 1221 2021 1297">
     <span class='ocr_line' id='line_1_14' title="bbox 449 1221 2021 1297; baseline 0.004 -22"><span class='ocrx_word' id='word_1_82' title='bbox 449 1237 480 1275; x_wconf 91' lang='lat' dir='ltr'><strong>a</strong></span> <span class='ocrx_word' id='word_1_83' title='bbox 512 1221 771 1277; x_wconf 89' lang='lat' dir='ltr'><strong>bonorum</strong></span> <span class='ocrx_word' id='word_1_84' title='bbox 816 1223 1033 1291; x_wconf 83' lang='lat' dir='ltr'><strong>quidem</strong></span> <span class='ocrx_word' id='word_1_85' title='bbox 1084 1223 1389 1279; x_wconf 89' lang='lat' dir='ltr'><strong>imitatione</strong></span> <span class='ocrx_word' id='word_1_86' title='bbox 1420 1224 1683 1289; x_wconf 88' lang='lat' dir='ltr'><strong>descivit,</strong></span> <span class='ocrx_word' id='word_1_87' title='bbox 1727 1226 2021 1297; x_wconf 91' lang='lat' dir='ltr'><strong>impiorum</strong></span> 
     </span>
    </p>
   </div>
   <div class='ocr_carea' id='block_1_15' title="bbox 448 1314 2022 1385">
    <p class='ocr_par' dir='ltr' id='par_1_15' title="bbox 448 1314 2022 1385">
     <span class='ocr_line' id='line_1_15' title="bbox 448 1314 2022 1385; baseline 0.006 -19"><span class='ocrx_word' id='word_1_88' title='bbox 448 1326 583 1369; x_wconf 88' lang='lat' dir='ltr'><strong>vero</strong></span> <span class='ocrx_word' id='word_1_89' title='bbox 638 1324 994 1382; x_wconf 85' lang='lat' dir='ltr'><strong>tyrannorum</strong></span> <span class='ocrx_word' id='word_1_90' title='bbox 1046 1329 1245 1383; x_wconf 87' lang='lat' dir='ltr'><strong>pravos</strong></span> <span class='ocrx_word' id='word_1_91' title='bbox 1300 1324 1467 1383; x_wconf 88' lang='lat' dir='ltr'><strong>atque</strong></span> <span class='ocrx_word' id='word_1_92' title='bbox 1512 1314 1795 1385; x_wconf 89' lang='lat' dir='ltr'><strong>improbos</strong></span> <span class='ocrx_word' id='word_1_93' title='bbox 1843 1333 2022 1375; x_wconf 88' lang='lat' dir='ltr'><strong>mores</strong></span> 
     </span>
    </p>
   </div>
   <div class='ocr_carea' id='block_1_16' title="bbox 449 1405 2021 1476">
    <p class='ocr_par' dir='ltr' id='par_1_16' title="bbox 449 1405 2021 1476">
     <span class='ocr_line' id='line_1_16' title="bbox 449 1405 2021 1476; baseline 0.002 -17"><span class='ocrx_word' id='word_1_94' title='bbox 449 1405 729 1459; x_wconf 66' lang='lat' dir='ltr'><strong>aemulatus</strong></span> <span class='ocrx_word' id='word_1_95' title='bbox 757 1416 859 1461; x_wconf 92' lang='lat' dir='ltr'><strong>est.</strong></span> <span class='ocrx_word' id='word_1_96' title='bbox 890 1406 957 1461; x_wconf 89' lang='lat' dir='ltr'><strong>Et</strong></span> <span class='ocrx_word' id='word_1_97' title='bbox 980 1421 1209 1476; x_wconf 86' lang='lat' dir='ltr'><strong>quorum</strong></span> <span class='ocrx_word' id='word_1_98' title='bbox 1243 1405 1607 1460; x_wconf 85' lang='lat' dir='ltr'><strong>miserabilem</strong></span> <span class='ocrx_word' id='word_1_99' title='bbox 1658 1407 1782 1461; x_wconf 67' lang='lat' dir='ltr'><strong>vitae</strong></span> <span class='ocrx_word' id='word_1_100' title='bbox 1818 1409 2021 1462; x_wconf 83' lang='lat' dir='ltr'><strong>exitum</strong></span> 
     </span>
    </p>
   </div>
   <div class='ocr_carea' id='block_1_17' title="bbox 449 1496 2023 1569">
    <p class='ocr_par' dir='ltr' id='par_1_17' title="bbox 449 1496 2023 1569">
     <span class='ocr_line' id='line_1_17' title="bbox 449 1496 2023 1569; baseline 0.002 -18"><span class='ocrx_word' id='word_1_101' title='bbox 449 1496 564 1552; x_wconf 83' lang='lat' dir='ltr'><strong>suis</strong></span> <span class='ocrx_word' id='word_1_102' title='bbox 592 1501 708 1566; x_wconf 89' lang='lat' dir='ltr'><strong>ipse</strong></span> <span class='ocrx_word' id='word_1_103' title='bbox 741 1497 913 1553; x_wconf 90' lang='lat' dir='ltr'><strong>oculis</strong></span> <span class='ocrx_word' id='word_1_104' title='bbox 950 1506 1341 1569; x_wconf 83' lang='lat' dir='ltr'><strong>conspexerat,</strong></span> <span class='ocrx_word' id='word_1_105' title='bbox 1386 1511 1576 1551; x_wconf 86' lang='lat' dir='ltr'><strong>eorum</strong></span> <span class='ocrx_word' id='word_1_106' title='bbox 1608 1499 1838 1553; x_wconf 88' lang='lat' dir='ltr'><strong>consilia</strong></span> <span class='ocrx_word' id='word_1_107' title='bbox 1869 1501 2023 1569; x_wconf 85' lang='lat' dir='ltr'><strong>sequi</strong></span> 
     </span>
    </p>
   </div>
   <div class='ocr_carea' id='block_1_18' title="bbox 452 1586 2023 1661">
    <p class='ocr_par' dir='ltr' id='par_1_18' title="bbox 452 1586 2023 1661">
     <span class='ocr_line' id='line_1_18' title="bbox 452 1586 2023 1661; baseline 0.002 -19"><span class='ocrx_word' id='word_1_108' title='bbox 452 1586 665 1653; x_wconf 89' lang='lat' dir='ltr'><strong>maluit,</strong></span> <span class='ocrx_word' id='word_1_109' title='bbox 695 1603 857 1657; x_wconf 89' lang='lat' dir='ltr'><strong>quam</strong></span> <span class='ocrx_word' id='word_1_110' title='bbox 888 1589 941 1642; x_wconf 92' lang='lat' dir='ltr'><strong>in</strong></span> <span class='ocrx_word' id='word_1_111' title='bbox 970 1588 1344 1645; x_wconf 82' lang='lat' dir='ltr'><strong>benevolentia</strong></span> <span class='ocrx_word' id='word_1_112' title='bbox 1369 1598 1531 1661; x_wconf 89' lang='lat' dir='ltr'><strong>atque</strong></span> <span class='ocrx_word' id='word_1_113' title='bbox 1555 1589 1797 1644; x_wconf 86' lang='lat' dir='ltr'><strong>amicitia</strong></span> <span class='ocrx_word' id='word_1_114' title='bbox 1830 1591 2023 1660; x_wconf 90' lang='lat' dir='ltr'><strong>optimi</strong></span> 
     </span>
    </p>
   </div>
   <div class='ocr_carea' id='block_1_19' title="bbox 448 1678 2025 1748">
    <p class='ocr_par' dir='ltr' id='par_1_19' title="bbox 448 1678 2025 1748">
     <span class='ocr_line' id='line_1_19' title="bbox 448 1678 2025 1748; baseline 0.003 -17"><span class='ocrx_word' id='word_1_115' title='bbox 448 1678 709 1748; x_wconf 86' lang='lat' dir='ltr'><strong>principis</strong></span> <span class='ocrx_word' id='word_1_116' title='bbox 734 1688 999 1748; x_wconf 86' lang='lat' dir='ltr'><strong>perstare.</strong></span> <span class='ocrx_word' id='word_1_117' title='bbox 1029 1679 1239 1734; x_wconf 88' lang='lat' dir='ltr'><strong>Etenim</strong></span> <span class='ocrx_word' id='word_1_118' title='bbox 1266 1679 1486 1734; x_wconf 64' lang='lat' dir='ltr'><strong>invidiae</strong></span> <span class='ocrx_word' id='word_1_119' title='bbox 1506 1680 1740 1736; x_wconf 90' lang='lat' dir='ltr'><strong>stimulis</strong></span> <span class='ocrx_word' id='word_1_120' title='bbox 1763 1682 2025 1736; x_wconf 87' lang='lat' dir='ltr'><strong>adversus</strong></span> 
     </span>
    </p>
   </div>
   <div class='ocr_carea' id='block_1_20' title="bbox 2122 485 3713 562">
    <p class='ocr_par' dir='ltr' id='par_1_20' title="bbox 2122 485 3713 562">
     <span class='ocr_line' id='line_1_20' title="bbox 2122 485 3713 562; baseline -0.001 -19"><span class='ocrx_word' id='word_1_121' title='bbox 2122 485 2191 560; x_wconf 83' lang='grc' dir='ltr'>ἦν</span> <span class='ocrx_word' id='word_1_122' title='bbox 2219 490 2275 543; x_wconf 82' lang='grc' dir='ltr'>δὲ</span> <span class='ocrx_word' id='word_1_123' title='bbox 2308 490 2415 561; x_wconf 77' lang='grc' dir='ltr'>ἄρα</span> <span class='ocrx_word' id='word_1_124' title='bbox 2446 489 2526 562; x_wconf 80' lang='grc' dir='ltr'>τῷ</span> <span class='ocrx_word' id='word_1_125' title='bbox 2559 491 2838 562; x_wconf 85' lang='grc' dir='ltr'>μισοκάλῳ</span> <span class='ocrx_word' id='word_1_126' title='bbox 2883 490 3060 562; x_wconf 79' lang='grc' dir='ltr'>φθόνῳ</span> <span class='ocrx_word' id='word_1_127' title='bbox 3080 531 3096 557; x_wconf 91' lang='grc'><strong>,</strong></span> <span class='ocrx_word' id='word_1_128' title='bbox 3129 490 3207 561; x_wconf 85' lang='grc' dir='ltr'>τῷ</span> <span class='ocrx_word' id='word_1_129' title='bbox 3252 505 3313 543; x_wconf 88' lang='grc' dir='ltr'><strong>τε</strong></span> <span class='ocrx_word' id='word_1_130' title='bbox 3358 486 3713 559; x_wconf 79' lang='grc' dir='ltr'>φιλοπονήρῳ</span> 
     </span>
    </p>
   </div>
   <div class='ocr_carea' id='block_1_21' title="bbox 2124 576 3710 656">
    <p class='ocr_par' dir='ltr' id='par_1_21' title="bbox 2124 576 3710 656">
     <span class='ocr_line' id='line_1_21' title="bbox 2124 576 3710 656; baseline -0.001 -20"><span class='ocrx_word' id='word_1_131' title='bbox 2124 583 2334 654; x_wconf 76' lang='grc' dir='ltr'><strong>δαίμονι</strong></span> <span class='ocrx_word' id='word_1_132' title='bbox 2383 583 2617 656; x_wconf 83' lang='grc' dir='ltr'>φορητὸς</span> <span class='ocrx_word' id='word_1_133' title='bbox 2656 586 2689 654; x_wconf 82' lang='grc' dir='ltr'>ἡ</span> <span class='ocrx_word' id='word_1_134' title='bbox 2736 584 2844 638; x_wconf 90' lang='grc' dir='ltr'><strong>τῶν</strong></span> <span class='ocrx_word' id='word_1_135' title='bbox 2880 582 3171 654; x_wconf 78' lang='grc' dir='ltr'><strong>ὁρωμένων</strong></span> <span class='ocrx_word' id='word_1_136' title='bbox 3215 581 3347 635; x_wconf 87' lang='grc' dir='ltr'>θέα·</span> <span class='ocrx_word' id='word_1_137' title='bbox 3385 581 3587 653; x_wconf 81' lang='grc' dir='ltr'>ὥσπερ</span> <span class='ocrx_word' id='word_1_138' title='bbox 3620 576 3710 636; x_wconf 76' lang='grc' dir='ltr'><strong>οὖν</strong></span> 
     </span>
    </p>
   </div>
   <div class='ocr_carea' id='block_1_22' title="bbox 2124 669 3711 746">
    <p class='ocr_par' dir='ltr' id='par_1_22' title="bbox 2124 669 3711 746">
     <span class='ocr_line' id='line_1_22' title="bbox 2124 669 3711 746; baseline -0.003 -20"><span class='ocrx_word' id='word_1_139' title='bbox 2124 673 2246 728; x_wconf 87' lang='grc' dir='ltr'>οὐδὲ</span> <span class='ocrx_word' id='word_1_140' title='bbox 2274 674 2529 745; x_wconf 80' lang='grc' dir='ltr'><strong>Λικιννίῳ</strong></span> <span class='ocrx_word' id='word_1_141' title='bbox 2552 673 2686 746; x_wconf 84' lang='grc' dir='ltr'>πρὸς</span> <span class='ocrx_word' id='word_1_142' title='bbox 2708 672 2961 744; x_wconf 85' lang='grc' dir='ltr'>σώφρονα</span> <span class='ocrx_word' id='word_1_143' title='bbox 2991 670 3244 742; x_wconf 76' lang='grc' dir='ltr'>λογισμὸν</span> <span class='ocrx_word' id='word_1_144' title='bbox 3273 669 3583 740; x_wconf 76' lang='grc' dir='ltr'>ἐτύγχανεν</span> <span class='ocrx_word' id='word_1_145' title='bbox 3615 670 3711 722; x_wconf 85' lang='grc' dir='ltr'>αὐ-</span> 
     </span>
    </p>
   </div>
   <div class='ocr_carea' id='block_1_23' title="bbox 2123 763 3713 839">
    <p class='ocr_par' dir='ltr' id='par_1_23' title="bbox 2123 763 3713 839">
     <span class='ocr_line' id='line_1_23' title="bbox 2123 763 3713 839; baseline -0.003 -20"><span class='ocrx_word' id='word_1_146' title='bbox 2123 766 2301 838; x_wconf 88' lang='grc' dir='ltr'>τάρκη</span> <span class='ocrx_word' id='word_1_147' title='bbox 2328 766 2397 820; x_wconf 89' lang='grc' dir='ltr'><strong>τά</strong></span> <span class='ocrx_word' id='word_1_148' title='bbox 2421 771 2533 832; x_wconf 85' lang='grc' dir='ltr'>τοῖς</span> <span class='ocrx_word' id='word_1_149' title='bbox 2571 765 2805 839; x_wconf 82' lang='grc' dir='ltr'>πρόσθεν</span> <span class='ocrx_word' id='word_1_150' title='bbox 2834 763 3222 837; x_wconf 74' lang='grc' dir='ltr'><strong>δεδηλωμένοις</strong></span> <span class='ocrx_word' id='word_1_151' title='bbox 3248 764 3540 835; x_wconf 83' lang='grc' dir='ltr'>τυράννοις</span> <span class='ocrx_word' id='word_1_152' title='bbox 3578 780 3713 834; x_wconf 74' lang='grc' dir='ltr'>συμο</span> 
     </span>
    </p>
   </div>
   <div class='ocr_carea' id='block_1_24' title="bbox 2125 853 3711 928">
    <p class='ocr_par' dir='ltr' id='par_1_24' title="bbox 2125 853 3711 928">
     <span class='ocr_line' id='line_1_24' title="bbox 2125 853 3711 928; baseline -0.003 -18"><span class='ocrx_word' id='word_1_153' title='bbox 2125 857 2399 927; x_wconf 84' lang='grc' dir='ltr'>ϐεϐηκότα</span> <span class='ocrx_word' id='word_1_154' title='bbox 2418 875 2432 888; x_wconf 80' lang='grc'><em>’</em></span> <span class='ocrx_word' id='word_1_155' title='bbox 2467 858 2529 922; x_wconf 82' lang='grc' dir='ltr'>ὃς</span> <span class='ocrx_word' id='word_1_156' title='bbox 2560 854 2620 912; x_wconf 87' lang='grc' dir='ltr'><strong>εῦ</strong></span> <span class='ocrx_word' id='word_1_157' title='bbox 2662 857 2968 928; x_wconf 79' lang='grc' dir='ltr'>φερομένης</span> <span class='ocrx_word' id='word_1_158' title='bbox 3000 857 3099 927; x_wconf 84' lang='grc' dir='ltr'>τῆς</span> <span class='ocrx_word' id='word_1_159' title='bbox 3132 855 3309 927; x_wconf 82' lang='grc' dir='ltr'>ἀρχῆς</span> <span class='ocrx_word' id='word_1_160' title='bbox 3337 854 3512 924; x_wconf 81' lang='grc' dir='ltr'>αὐτῷ,</span> <span class='ocrx_word' id='word_1_161' title='bbox 3552 853 3711 924; x_wconf 82' lang='grc' dir='ltr'>βασι-</span> 
     </span>
    </p>
   </div>
   <div class='ocr_carea' id='block_1_25' title="bbox 2125 945 3711 1021">
    <p class='ocr_par' dir='ltr' id='par_1_25' title="bbox 2125 945 3711 1021">
     <span class='ocr_line' id='line_1_25' title="bbox 2125 945 3711 1021; baseline -0.002 -21"><span class='ocrx_word' id='word_1_162' title='bbox 2125 948 2262 1013; x_wconf 86' lang='grc' dir='ltr'>λέως</span> <span class='ocrx_word' id='word_1_163' title='bbox 2290 949 2523 1021; x_wconf 84' lang='grc' dir='ltr'>μεγάλου</span> <span class='ocrx_word' id='word_1_164' title='bbox 2558 950 2968 1003; x_wconf 86' lang='grc' dir='ltr'>Κωνσταντίνου</span> <span class='ocrx_word' id='word_1_165' title='bbox 2994 947 3315 1019; x_wconf 80' lang='grc' dir='ltr'>δευτερείων</span> <span class='ocrx_word' id='word_1_166' title='bbox 3346 946 3519 1017; x_wconf 77' lang='grc' dir='ltr'>τιμῆς</span> <span class='ocrx_word' id='word_1_167' title='bbox 3538 986 3554 1008; x_wconf 92' lang='grc'><strong>,</strong></span> <span class='ocrx_word' id='word_1_168' title='bbox 3593 945 3711 997; x_wconf 77' lang='grc' dir='ltr'>ἐπι-</span> 
     </span>
    </p>
   </div>
   <div class='ocr_carea' id='block_1_26' title="bbox 2124 1034 3711 1112">
    <p class='ocr_par' dir='ltr' id='par_1_26' title="bbox 2124 1034 3711 1112">
     <span class='ocr_line' id='line_1_26' title="bbox 2124 1034 3711 1112; baseline -0.004 -20"><span class='ocrx_word' id='word_1_169' title='bbox 2124 1039 2400 1112; x_wconf 85' lang='grc' dir='ltr'>γαμϐρίας</span> <span class='ocrx_word' id='word_1_170' title='bbox 2425 1057 2484 1093; x_wconf 87' lang='grc' dir='ltr'><strong>τε</strong></span> <span class='ocrx_word' id='word_1_171' title='bbox 2508 1040 2601 1094; x_wconf 79' lang='grc' dir='ltr'>καὶ</span> <span class='ocrx_word' id='word_1_172' title='bbox 2632 1039 2948 1108; x_wconf 74' lang='grc' dir='ltr'>συγγενείας</span> <span class='ocrx_word' id='word_1_173' title='bbox 2969 1038 3069 1109; x_wconf 79' lang='grc' dir='ltr'>τῆς</span> <span class='ocrx_word' id='word_1_174' title='bbox 3097 1036 3357 1091; x_wconf 83' lang='grc' dir='ltr'>ἀνωτάτω</span> <span class='ocrx_word' id='word_1_175' title='bbox 3378 1034 3711 1105; x_wconf 72' lang='grc' dir='ltr'>ἠξιωμένος,</span> 
     </span>
    </p>
   </div>
   <div class='ocr_carea' id='block_1_27' title="bbox 2128 1125 3715 1204">
    <p class='ocr_par' dir='ltr' id='par_1_27' title="bbox 2128 1125 3715 1204">
     <span class='ocr_line' id='line_1_27' title="bbox 2128 1125 3715 1204; baseline -0.003 -20"><span class='ocrx_word' id='word_1_176' title='bbox 2128 1132 2416 1204; x_wconf 85' lang='grc' dir='ltr'>μιμήσεως</span> <span class='ocrx_word' id='word_1_177' title='bbox 2438 1133 2537 1203; x_wconf 84' lang='grc' dir='ltr'>μὲν</span> <span class='ocrx_word' id='word_1_178' title='bbox 2573 1131 2674 1202; x_wconf 84' lang='grc' dir='ltr'>τῆς</span> <span class='ocrx_word' id='word_1_179' title='bbox 2705 1130 2816 1185; x_wconf 84' lang='grc' dir='ltr'><strong>τῶν</strong></span> <span class='ocrx_word' id='word_1_180' title='bbox 2855 1128 3034 1185; x_wconf 85' lang='grc' dir='ltr'>καλῶν</span> <span class='ocrx_word' id='word_1_181' title='bbox 3061 1128 3491 1200; x_wconf 84' lang='grc' dir='ltr'>ἁπελιμπάνετο,</span> <span class='ocrx_word' id='word_1_182' title='bbox 3523 1127 3633 1197; x_wconf 73' lang='grc' dir='ltr'>τῆς</span> <span class='ocrx_word' id='word_1_183' title='bbox 3660 1125 3715 1180; x_wconf 70' lang='grc' dir='ltr'>δὲ</span> 
     </span>
    </p>
   </div>
   <div class='ocr_carea' id='block_1_28' title="bbox 2124 1219 3715 1295">
    <p class='ocr_par' dir='ltr' id='par_1_28' title="bbox 2124 1219 3715 1295">
     <span class='ocr_line' id='line_1_28' title="bbox 2124 1219 3715 1295; baseline -0.004 -18"><span class='ocrx_word' id='word_1_184' title='bbox 2124 1223 2232 1278; x_wconf 90' lang='grc' dir='ltr'><strong>τῶν</strong></span> <span class='ocrx_word' id='word_1_185' title='bbox 2267 1224 2481 1278; x_wconf 85' lang='grc' dir='ltr'>ἀσεϐῶν</span> <span class='ocrx_word' id='word_1_186' title='bbox 2518 1225 2795 1295; x_wconf 88' lang='grc' dir='ltr'>τυράννων</span> <span class='ocrx_word' id='word_1_187' title='bbox 2832 1223 3131 1295; x_wconf 81' lang='grc' dir='ltr'>μοχθηρίας</span> <span class='ocrx_word' id='word_1_188' title='bbox 3168 1219 3362 1293; x_wconf 76' lang='grc' dir='ltr'>ἐζήλου</span> <span class='ocrx_word' id='word_1_189' title='bbox 3399 1219 3505 1290; x_wconf 82' lang='grc' dir='ltr'><strong>τὴν</strong></span> <span class='ocrx_word' id='word_1_190' title='bbox 3550 1235 3715 1272; x_wconf 82' lang='grc' dir='ltr'>κακο-</span> 
     </span>
    </p>
   </div>
   <div class='ocr_carea' id='block_1_29' title="bbox 2124 1308 3715 1387">
    <p class='ocr_par' dir='ltr' id='par_1_29' title="bbox 2124 1308 3715 1387">
     <span class='ocr_line' id='line_1_29' title="bbox 2124 1308 3715 1387; baseline -0.001 -20"><span class='ocrx_word' id='word_1_191' title='bbox 2124 1315 2374 1387; x_wconf 85' lang='grc' dir='ltr'>τροπίαν,</span> <span class='ocrx_word' id='word_1_192' title='bbox 2411 1316 2504 1369; x_wconf 80' lang='grc' dir='ltr'><strong>καὶ</strong></span> <span class='ocrx_word' id='word_1_193' title='bbox 2541 1308 2616 1368; x_wconf 81' lang='grc' dir='ltr'>ὧν</span> <span class='ocrx_word' id='word_1_194' title='bbox 2644 1314 2738 1369; x_wconf 87' lang='grc' dir='ltr'><strong>τοῦ</strong></span> <span class='ocrx_word' id='word_1_195' title='bbox 2779 1314 2895 1385; x_wconf 85' lang='grc' dir='ltr'>βίου</span> <span class='ocrx_word' id='word_1_196' title='bbox 2933 1314 3033 1387; x_wconf 85' lang='grc' dir='ltr'>τὴν</span> <span class='ocrx_word' id='word_1_197' title='bbox 3082 1312 3468 1386; x_wconf 78' lang='grc' dir='ltr'>καταστροφὴν</span> <span class='ocrx_word' id='word_1_198' title='bbox 3496 1312 3715 1365; x_wconf 75' lang='grc' dir='ltr'>ἐπεῖδεν</span> 
     </span>
    </p>
   </div>
   <div class='ocr_carea' id='block_1_30' title="bbox 2126 1405 3711 1479">
    <p class='ocr_par' dir='ltr' id='par_1_30' title="bbox 2126 1405 3711 1479">
     <span class='ocr_line' id='line_1_30' title="bbox 2126 1405 3711 1479; baseline -0.002 -18"><span class='ocrx_word' id='word_1_199' title='bbox 2126 1409 2309 1472; x_wconf 89' lang='grc' dir='ltr'>αὐτοῖς</span> <span class='ocrx_word' id='word_1_200' title='bbox 2335 1407 2656 1479; x_wconf 85' lang='grc' dir='ltr'>ὀφθαλμοῖς,</span> <span class='ocrx_word' id='word_1_201' title='bbox 2691 1407 2894 1462; x_wconf 86' lang='grc' dir='ltr'>τούτων</span> <span class='ocrx_word' id='word_1_202' title='bbox 2915 1406 3145 1462; x_wconf 70' lang='grc' dir='ltr'>ἕπεσθαι</span> <span class='ocrx_word' id='word_1_203' title='bbox 3173 1409 3241 1478; x_wconf 85' lang='grc' dir='ltr'>τῇ</span> <span class='ocrx_word' id='word_1_204' title='bbox 3262 1405 3459 1477; x_wconf 80' lang='grc' dir='ltr'>γνώμῃ</span> <span class='ocrx_word' id='word_1_205' title='bbox 3485 1405 3711 1477; x_wconf 72' lang='grc' dir='ltr'>μᾶλλον,</span> 
     </span>
    </p>
   </div>
   <div class='ocr_carea' id='block_1_31' title="bbox 2125 1496 3710 1573">
    <p class='ocr_par' dir='ltr' id='par_1_31' title="bbox 2125 1496 3710 1573">
     <span class='ocr_line' id='line_1_31' title="bbox 2125 1496 3710 1573; baseline -0.001 -22"><span class='ocrx_word' id='word_1_206' title='bbox 2125 1500 2251 1573; x_wconf 81' lang='grc' dir='ltr'><strong>ῆτῇ</strong></span> <span class='ocrx_word' id='word_1_207' title='bbox 2298 1499 2390 1553; x_wconf 88' lang='grc' dir='ltr'><strong>τοῦ</strong></span> <span class='ocrx_word' id='word_1_208' title='bbox 2449 1500 2757 1571; x_wconf 87' lang='grc' dir='ltr'>κρείττονος</span> <span class='ocrx_word' id='word_1_209' title='bbox 2808 1497 3045 1553; x_wconf 81' lang='grc' dir='ltr'>διαθέσει</span> <span class='ocrx_word' id='word_1_210' title='bbox 3094 1499 3355 1571; x_wconf 75' lang='grc' dir='ltr'>ἐμμένειν</span> <span class='ocrx_word' id='word_1_211' title='bbox 3393 1497 3491 1550; x_wconf 71' lang='grc' dir='ltr'><strong>καὶ</strong></span> <span class='ocrx_word' id='word_1_212' title='bbox 3542 1496 3710 1568; x_wconf 71' lang='grc' dir='ltr'>φιλίᾳ,</span> 
     </span>
    </p>
   </div>
   <div class='ocr_carea' id='block_1_32' title="bbox 2126 1590 3710 1665">
    <p class='ocr_par' dir='ltr' id='par_1_32' title="bbox 2126 1590 3710 1665">
     <span class='ocr_line' id='line_1_32' title="bbox 2126 1590 3710 1665; baseline -0.001 -19"><span class='ocrx_word' id='word_1_213' title='bbox 2126 1596 2329 1665; x_wconf 72' lang='grc' dir='ltr'>ᾑρεῖτο.</span> <span class='ocrx_word' id='word_1_214' title='bbox 2351 1591 2734 1665; x_wconf 87' lang='grc' dir='ltr'>Διαφθονηθείς</span> <span class='ocrx_word' id='word_1_215' title='bbox 2757 1592 2822 1662; x_wconf 88' lang='grc' dir='ltr'><strong>γέ</strong></span> <span class='ocrx_word' id='word_1_216' title='bbox 2839 1609 2921 1646; x_wconf 87' lang='grc' dir='ltr'><strong>τοι</strong></span> <span class='ocrx_word' id='word_1_217' title='bbox 2942 1591 3019 1663; x_wconf 83' lang='grc' dir='ltr'>τῷ</span> <span class='ocrx_word' id='word_1_218' title='bbox 3041 1591 3437 1664; x_wconf 78' lang='grc' dir='ltr'>πανευεργέτῃ,</span> <span class='ocrx_word' id='word_1_219' title='bbox 3475 1590 3710 1661; x_wconf 68' lang='grc' dir='ltr'>πόλεμον</span> 
     </span>
    </p>
   </div>
   <div class='ocr_carea' id='block_1_33' title="bbox 2125 1681 3712 1758">
    <p class='ocr_par' dir='ltr' id='par_1_33' title="bbox 2125 1681 3712 1758">
     <span class='ocr_line' id='line_1_33' title="bbox 2125 1681 3712 1758; baseline -0.003 -20"><span class='ocrx_word' id='word_1_220' title='bbox 2125 1685 2332 1758; x_wconf 85' lang='grc' dir='ltr'>δυσαγῆ</span> <span class='ocrx_word' id='word_1_221' title='bbox 2349 1686 2443 1738; x_wconf 71' lang='grc' dir='ltr'>καὶ</span> <span class='ocrx_word' id='word_1_222' title='bbox 2458 1684 2760 1739; x_wconf 86' lang='grc' dir='ltr'>δεινότατον</span> <span class='ocrx_word' id='word_1_223' title='bbox 2789 1684 2925 1757; x_wconf 83' lang='grc' dir='ltr'>πρὸς</span> <span class='ocrx_word' id='word_1_224' title='bbox 2945 1684 3104 1737; x_wconf 74' lang='grc' dir='ltr'>αὐτὸν</span> <span class='ocrx_word' id='word_1_225' title='bbox 3132 1683 3378 1753; x_wconf 78' lang='grc' dir='ltr'>ἐκφέρει,</span> <span class='ocrx_word' id='word_1_226' title='bbox 3402 1682 3467 1735; x_wconf 79' lang='grc' dir='ltr'><strong>οὐ</strong></span> <span class='ocrx_word' id='word_1_227' title='bbox 3498 1681 3712 1752; x_wconf 77' lang='grc' dir='ltr'>φύσεως</span> 
     </span>
    </p>
   </div>
   <div class='ocr_carea' id='block_1_34' title="bbox 447 1748 2029 1847">
    <p class='ocr_par' dir='ltr' id='par_1_34' title="bbox 447 1760 2018 1838">
     <span class='ocr_line' id='line_1_34' title="bbox 447 1760 2018 1838; baseline 0.001 -16"><span class='ocrx_word' id='word_1_228' title='bbox 447 1760 590 1823; x_wconf 80' lang='lat' dir='ltr'><strong>bene</strong></span> <span class='ocrx_word' id='word_1_229' title='bbox 619 1768 685 1822; x_wconf 90' lang='lat' dir='ltr'><strong>de</strong></span> <span class='ocrx_word' id='word_1_230' title='bbox 705 1781 763 1821; x_wconf 89' lang='lat' dir='ltr'><strong>se</strong></span> <span class='ocrx_word' id='word_1_231' title='bbox 783 1768 1031 1822; x_wconf 85' lang='lat' dir='ltr'><strong>meritum</strong></span> <span class='ocrx_word' id='word_1_232' title='bbox 1059 1767 1335 1832; x_wconf 87' lang='lat' dir='ltr'><strong>incitatus,</strong></span> <span class='ocrx_word' id='word_1_233' title='bbox 1366 1767 1747 1838; x_wconf 84' lang='lat' dir='ltr'><strong>gravissimum</strong></span> <span class='ocrx_word' id='word_1_234' title='bbox 1777 1774 1834 1822; x_wconf 92' lang='lat' dir='ltr'><strong>et</strong></span> <span class='ocrx_word' id='word_1_235' title='bbox 1863 1766 2018 1823; x_wconf 84' lang='lat' dir='ltr'><strong>nefa-</strong></span> 
     </span>
    </p>
   </div>
   <div class='ocr_carea' id='block_1_35' title="bbox 2133 1748 3708 1847">
    <p class='ocr_par' dir='ltr' id='par_1_35' title="bbox 2133 1748 3708 1847">
     <span class='ocr_line' id='line_1_35' title="bbox 2133 1748 3708 1847; baseline -0.004 -18"><span class='ocrx_word' id='word_1_236' title='bbox 2133 1748 2304 1847; x_wconf 78' lang='grc' dir='ltr'>νόμων</span> <span class='ocrx_word' id='word_1_237' title='bbox 2321 1748 2670 1846; x_wconf 74' lang='grc' dir='ltr'>φεισάμενος,</span> <span class='ocrx_word' id='word_1_238' title='bbox 2703 1774 2801 1847; x_wconf 89' lang='grc' dir='ltr'><strong>οὐχ</strong></span> <span class='ocrx_word' id='word_1_239' title='bbox 2825 1748 3222 1846; x_wconf 39' lang='grc' dir='ltr'>δρκωμοσιῶνξ</span> <span class='ocrx_word' id='word_1_240' title='bbox 3237 1748 3338 1843; x_wconf 85' lang='grc' dir='ltr'><strong>οὐχ</strong></span> <span class='ocrx_word' id='word_1_241' title='bbox 3366 1748 3630 1842; x_wconf 77' lang='grc' dir='ltr'>αἵματος,</span> <span class='ocrx_word' id='word_1_242' title='bbox 3651 1772 3708 1824; x_wconf 78' lang='grc' dir='ltr'><strong>οὐ</strong></span> 
     </span>
    </p>
   </div>
   <div class='ocr_carea' id='block_1_36' title="bbox 450 1858 2016 1931">
    <p class='ocr_par' dir='ltr' id='par_1_36' title="bbox 450 1858 2016 1931">
     <span class='ocr_line' id='line_1_36' title="bbox 450 1858 2016 1931; baseline 0.003 -18"><span class='ocrx_word' id='word_1_243' title='bbox 450 1859 591 1913; x_wconf 91' lang='lat' dir='ltr'><strong>rium</strong></span> <span class='ocrx_word' id='word_1_244' title='bbox 624 1859 672 1912; x_wconf 86' lang='lat' dir='ltr'><strong>ei</strong></span> <span class='ocrx_word' id='word_1_245' title='bbox 707 1858 901 1914; x_wconf 90' lang='lat' dir='ltr'><strong>bellum</strong></span> <span class='ocrx_word' id='word_1_246' title='bbox 926 1861 1122 1925; x_wconf 88' lang='lat' dir='ltr'><strong>intulit,</strong></span> <span class='ocrx_word' id='word_1_247' title='bbox 1181 1876 1287 1915; x_wconf 88' lang='lat' dir='ltr'><strong>non</strong></span> <span class='ocrx_word' id='word_1_248' title='bbox 1324 1871 1534 1916; x_wconf 67' lang='lat' dir='ltr'><strong>naturae</strong></span> <span class='ocrx_word' id='word_1_249' title='bbox 1561 1863 1831 1918; x_wconf 84' lang='lat' dir='ltr'><strong>reveritus</strong></span> <span class='ocrx_word' id='word_1_250' title='bbox 1869 1861 2016 1931; x_wconf 86' lang='lat' dir='ltr'><strong>jura,</strong></span> 
     </span>
    </p>
   </div>
   <div class='ocr_carea' id='block_1_37' title="bbox 449 1947 2020 2022">
    <p class='ocr_par' dir='ltr' id='par_1_37' title="bbox 449 1947 2020 2022">
     <span class='ocr_line' id='line_1_37' title="bbox 449 1947 2020 2022; baseline 0.001 -19"><span class='ocrx_word' id='word_1_251' title='bbox 449 1963 558 2003; x_wconf 86' lang='lat' dir='ltr'><strong>non</strong></span> <span class='ocrx_word' id='word_1_252' title='bbox 591 1947 880 2013; x_wconf 69' lang='lat' dir='ltr'><strong>fosderum,</strong></span> <span class='ocrx_word' id='word_1_253' title='bbox 921 1964 1027 2003; x_wconf 93' lang='lat' dir='ltr'><strong>non</strong></span> <span class='ocrx_word' id='word_1_254' title='bbox 1055 1950 1431 2019; x_wconf 78' lang='lat' dir='ltr'><strong>jurisjurandi,</strong></span> <span class='ocrx_word' id='word_1_255' title='bbox 1481 1966 1582 2007; x_wconf 92' lang='lat' dir='ltr'><strong>nec</strong></span> <span class='ocrx_word' id='word_1_256' title='bbox 1633 1953 2020 2022; x_wconf 85' lang='lat' dir='ltr'><strong>consanguini-</strong></span> 
     </span>
    </p>
   </div>
   <div class='ocr_carea' id='block_1_38' title="bbox 454 2038 2023 2113">
    <p class='ocr_par' dir='ltr' id='par_1_38' title="bbox 454 2038 2023 2113">
     <span class='ocr_line' id='line_1_38' title="bbox 454 2038 2023 2113; baseline 0.001 -18"><span class='ocrx_word' id='word_1_257' title='bbox 454 2039 580 2095; x_wconf 85' lang='lat' dir='ltr'><strong>tatis</strong></span> <span class='ocrx_word' id='word_1_258' title='bbox 633 2054 858 2095; x_wconf 90' lang='lat' dir='ltr'><strong>memor.</strong></span> <span class='ocrx_word' id='word_1_259' title='bbox 916 2038 1050 2094; x_wconf 84' lang='lat' dir='ltr'><strong>Nam</strong></span> <span class='ocrx_word' id='word_1_260' title='bbox 1114 2040 1507 2097; x_wconf 86' lang='lat' dir='ltr'><strong>Constantinus</strong></span> <span class='ocrx_word' id='word_1_261' title='bbox 1560 2044 1776 2112; x_wconf 88' lang='lat' dir='ltr'><strong>quidem</strong></span> <span class='ocrx_word' id='word_1_262' title='bbox 1835 2052 2023 2113; x_wconf 87' lang='lat' dir='ltr'><strong>utpote</strong></span> 
     </span>
    </p>
   </div>
   <div class='ocr_carea' id='block_1_39' title="bbox 448 2133 2023 2203">
    <p class='ocr_par' dir='ltr' id='par_1_39' title="bbox 448 2133 2023 2203">
     <span class='ocr_line' id='line_1_39' title="bbox 448 2133 2023 2203; baseline 0.002 -14"><span class='ocrx_word' id='word_1_263' title='bbox 448 2133 873 2202; x_wconf 79' lang='lat' dir='ltr'><strong>benignissimus</strong></span> <span class='ocrx_word' id='word_1_264' title='bbox 908 2134 1184 2202; x_wconf 85' lang='lat' dir='ltr'><strong>princeps,</strong></span> <span class='ocrx_word' id='word_1_265' title='bbox 1214 2149 1322 2203; x_wconf 92' lang='lat' dir='ltr'><strong>quo</strong></span> <span class='ocrx_word' id='word_1_266' title='bbox 1350 2136 1581 2191; x_wconf 68' lang='lat' dir='ltr'><strong>sincerae</strong></span> <span class='ocrx_word' id='word_1_267' title='bbox 1628 2137 2023 2192; x_wconf 65' lang='lat' dir='ltr'><strong>benevolentiae</strong></span> 
     </span>
    </p>
   </div>
   <div class='ocr_carea' id='block_1_40' title="bbox 450 2227 2021 2297">
    <p class='ocr_par' dir='ltr' id='par_1_40' title="bbox 450 2227 2021 2297">
     <span class='ocr_line' id='line_1_40' title="bbox 450 2227 2021 2297; baseline 0.002 -16"><span class='ocrx_word' id='word_1_268' title='bbox 450 2227 818 2281; x_wconf 87' lang='lat' dir='ltr'><strong>certissimum</strong></span> <span class='ocrx_word' id='word_1_269' title='bbox 877 2230 926 2282; x_wconf 88' lang='lat' dir='ltr'><strong>ei</strong></span> <span class='ocrx_word' id='word_1_270' title='bbox 983 2238 1361 2297; x_wconf 79' lang='lat' dir='ltr'><strong>argumentum</strong></span> <span class='ocrx_word' id='word_1_271' title='bbox 1410 2228 1584 2293; x_wconf 87' lang='lat' dir='ltr'><strong>daret,</strong></span> <span class='ocrx_word' id='word_1_272' title='bbox 1631 2227 1894 2284; x_wconf 82' lang='lat' dir='ltr'><strong>amnitate</strong></span> <span class='ocrx_word' id='word_1_273' title='bbox 1921 2245 2021 2284; x_wconf 88' lang='lat' dir='ltr'><strong>sua</strong></span> 
     </span>
    </p>
   </div>
   <div class='ocr_carea' id='block_1_41' title="bbox 450 2319 2022 2391">
    <p class='ocr_par' dir='ltr' id='par_1_41' title="bbox 450 2319 2022 2391">
     <span class='ocr_line' id='line_1_41' title="bbox 450 2319 2022 2391; baseline 0.002 -18"><span class='ocrx_word' id='word_1_274' title='bbox 450 2333 573 2373; x_wconf 90' lang='lat' dir='ltr'><strong>eum</strong></span> <span class='ocrx_word' id='word_1_275' title='bbox 620 2321 873 2391; x_wconf 83' lang='lat' dir='ltr'><strong>dignatus</strong></span> <span class='ocrx_word' id='word_1_276' title='bbox 922 2320 1137 2388; x_wconf 85' lang='lat' dir='ltr'><strong>fuerat;</strong></span> <span class='ocrx_word' id='word_1_277' title='bbox 1207 2335 1308 2375; x_wconf 90' lang='lat' dir='ltr'><strong>nec</strong></span> <span class='ocrx_word' id='word_1_278' title='bbox 1354 2319 1596 2375; x_wconf 84' lang='lat' dir='ltr'><strong>illustres</strong></span> <span class='ocrx_word' id='word_1_279' title='bbox 1652 2323 1865 2377; x_wconf 86' lang='lat' dir='ltr'><strong>sororis</strong></span> <span class='ocrx_word' id='word_1_280' title='bbox 1910 2338 2022 2376; x_wconf 60' lang='lat' dir='ltr'><strong>sua!</strong></span> 
     </span>
    </p>
   </div>
   <div class='ocr_carea' id='block_1_42' title="bbox 450 2411 2024 2483">
    <p class='ocr_par' dir='ltr' id='par_1_42' title="bbox 450 2411 2024 2483">
     <span class='ocr_line' id='line_1_42' title="bbox 450 2411 2024 2483; baseline 0.001 -15"><span class='ocrx_word' id='word_1_281' title='bbox 450 2412 668 2483; x_wconf 86' lang='lat' dir='ltr'><strong>nuptias</strong></span> <span class='ocrx_word' id='word_1_282' title='bbox 727 2411 903 2468; x_wconf 89' lang='lat' dir='ltr'><strong>eidem</strong></span> <span class='ocrx_word' id='word_1_283' title='bbox 958 2413 1319 2482; x_wconf 81' lang='lat' dir='ltr'><strong>denegaverat</strong></span> <span class='ocrx_word' id='word_1_284' title='bbox 1366 2431 1379 2466; x_wconf 91' lang='lat'>:</span> <span class='ocrx_word' id='word_1_285' title='bbox 1424 2425 1611 2466; x_wconf 90' lang='lat' dir='ltr'><strong>verum</strong></span> <span class='ocrx_word' id='word_1_286' title='bbox 1672 2412 1860 2482; x_wconf 89' lang='lat' dir='ltr'><strong>stirpis</strong></span> <span class='ocrx_word' id='word_1_287' title='bbox 1913 2429 2024 2469; x_wconf 69' lang='lat' dir='ltr'><strong>suae</strong></span> 
     </span>
    </p>
   </div>
   <div class='ocr_carea' id='block_1_43' title="bbox 450 2504 2021 2575">
    <p class='ocr_par' dir='ltr' id='par_1_43' title="bbox 450 2504 2021 2575">
     <span class='ocr_line' id='line_1_43' title="bbox 450 2504 2021 2575; baseline -0.001 -16"><span class='ocrx_word' id='word_1_288' title='bbox 450 2506 803 2569; x_wconf 86' lang='lat' dir='ltr'><strong>nobilitatem.</strong></span> <span class='ocrx_word' id='word_1_289' title='bbox 830 2516 886 2560; x_wconf 88' lang='lat' dir='ltr'><strong>et</strong></span> <span class='ocrx_word' id='word_1_290' title='bbox 913 2504 1239 2575; x_wconf 88' lang='lat' dir='ltr'><strong>imperatorii</strong></span> <span class='ocrx_word' id='word_1_291' title='bbox 1262 2504 1372 2575; x_wconf 90' lang='lat' dir='ltr'><strong>jam</strong></span> <span class='ocrx_word' id='word_1_292' title='bbox 1403 2505 1531 2559; x_wconf 91' lang='lat' dir='ltr'><strong>inde</strong></span> <span class='ocrx_word' id='word_1_293' title='bbox 1552 2520 1580 2557; x_wconf 92' lang='lat' dir='ltr'><strong>a</strong></span> <span class='ocrx_word' id='word_1_294' title='bbox 1612 2506 1832 2572; x_wconf 89' lang='lat' dir='ltr'><strong>proavis</strong></span> <span class='ocrx_word' id='word_1_295' title='bbox 1854 2519 2021 2574; x_wconf 83' lang='lat' dir='ltr'><strong>gene-</strong></span> 
     </span>
    </p>
   </div>
   <div class='ocr_carea' id='block_1_44' title="bbox 451 2596 2023 2670">
    <p class='ocr_par' dir='ltr' id='par_1_44' title="bbox 451 2596 2023 2670">
     <span class='ocr_line' id='line_1_44' title="bbox 451 2596 2023 2670; baseline 0.002 -18"><span class='ocrx_word' id='word_1_296' title='bbox 451 2598 529 2653; x_wconf 89' lang='lat' dir='ltr'><strong>ris</strong></span> <span class='ocrx_word' id='word_1_297' title='bbox 557 2596 898 2667; x_wconf 86' lang='lat' dir='ltr'><strong>splendorem</strong></span> <span class='ocrx_word' id='word_1_298' title='bbox 928 2613 1051 2653; x_wconf 89' lang='lat' dir='ltr'><strong>cum</strong></span> <span class='ocrx_word' id='word_1_299' title='bbox 1085 2613 1152 2651; x_wconf 90' lang='lat' dir='ltr'><strong>eo</strong></span> <span class='ocrx_word' id='word_1_300' title='bbox 1189 2599 1710 2662; x_wconf 88' lang='lat' dir='ltr'><strong>communicaverat,</strong></span> <span class='ocrx_word' id='word_1_301' title='bbox 1746 2600 2023 2670; x_wconf 87' lang='lat' dir='ltr'><strong>totiusque</strong></span> 
     </span>
    </p>
   </div>
   <div class='ocr_carea' id='block_1_45' title="bbox 449 2671 2026 2757">
    <p class='ocr_par' dir='ltr' id='par_1_45' title="bbox 449 2671 2026 2757">
     <span class='ocr_line' id='line_1_45' title="bbox 449 2671 2026 2757; baseline 0.001 -13"><span class='ocrx_word' id='word_1_302' title='bbox 449 2690 598 2744; x_wconf 88' lang='lat' dir='ltr'><strong>orbis</strong></span> <span class='ocrx_word' id='word_1_303' title='bbox 631 2688 855 2742; x_wconf 76' lang='lat' dir='ltr'><strong>Romani</strong></span> <span class='ocrx_word' id='word_1_304' title='bbox 886 2687 1167 2757; x_wconf 87' lang='lat' dir='ltr'><strong>imperium</strong></span> <span class='ocrx_word' id='word_1_305' title='bbox 1219 2702 1340 2742; x_wconf 87' lang='lat' dir='ltr'><strong>cum</strong></span> <span class='ocrx_word' id='word_1_306' title='bbox 1388 2686 1502 2752; x_wconf 89' lang='lat' dir='ltr'><strong>illo,</strong></span> <span class='ocrx_word' id='word_1_307' title='bbox 1554 2696 1742 2757; x_wconf 90' lang='lat' dir='ltr'><strong>utpote</strong></span> <span class='ocrx_word' id='word_1_308' title='bbox 1773 2671 1942 2745; x_wconf 71' lang='lat' dir='ltr'><strong>aliine</strong></span> <span class='ocrx_word' id='word_1_309' title='bbox 1971 2700 2026 2745; x_wconf 90' lang='lat' dir='ltr'><strong>et</strong></span> 
     </span>
    </p>
   </div>
   <div class='ocr_carea' id='block_1_46' title="bbox 451 2777 2023 2852">
    <p class='ocr_par' dir='ltr' id='par_1_46' title="bbox 451 2777 2023 2852">
     <span class='ocr_line' id='line_1_46' title="bbox 451 2777 2023 2852; baseline 0.001 -18"><span class='ocrx_word' id='word_1_310' title='bbox 451 2779 604 2852; x_wconf 84' lang='lat' dir='ltr'><strong>regni</strong></span> <span class='ocrx_word' id='word_1_311' title='bbox 631 2788 880 2834; x_wconf 82' lang='lat' dir='ltr'><strong>consorte</strong></span> <span class='ocrx_word' id='word_1_312' title='bbox 906 2779 1346 2849; x_wconf 87' lang='lat' dir='ltr'><strong>partieipaverat.</strong></span> <span class='ocrx_word' id='word_1_313' title='bbox 1382 2777 1492 2833; x_wconf 87' lang='lat' dir='ltr'><strong>Nec</strong></span> <span class='ocrx_word' id='word_1_314' title='bbox 1533 2780 1795 2835; x_wconf 91' lang='lat' dir='ltr'><strong>minorem</strong></span> <span class='ocrx_word' id='word_1_315' title='bbox 1820 2782 1869 2834; x_wconf 90' lang='lat' dir='ltr'><strong>ei</strong></span> <span class='ocrx_word' id='word_1_316' title='bbox 1896 2796 2023 2850; x_wconf 78' lang='lat' dir='ltr'><strong>por-</strong></span> 
     </span>
    </p>
   </div>
   <div class='ocr_carea' id='block_1_47' title="bbox 455 2868 2024 2940">
    <p class='ocr_par' dir='ltr' id='par_1_47' title="bbox 455 2868 2024 2940">
     <span class='ocr_line' id='line_1_47' title="bbox 455 2868 2024 2940; baseline 0.001 -16"><span class='ocrx_word' id='word_1_317' title='bbox 455 2871 652 2925; x_wconf 87' lang='lat' dir='ltr'><strong>tionem</strong></span> <span class='ocrx_word' id='word_1_318' title='bbox 685 2871 891 2939; x_wconf 87' lang='lat' dir='ltr'><strong>imperii</strong></span> <span class='ocrx_word' id='word_1_319' title='bbox 930 2869 1160 2925; x_wconf 83' lang='lat' dir='ltr'><strong>Romani</strong></span> <span class='ocrx_word' id='word_1_320' title='bbox 1187 2870 1478 2938; x_wconf 80' lang='lat' dir='ltr'><strong>regendam</strong></span> <span class='ocrx_word' id='word_1_321' title='bbox 1509 2868 2024 2940; x_wconf 82' lang='lat' dir='ltr'><strong>gubernandamque</strong></span> 
     </span>
    </p>
   </div>
   <div class='ocr_carea' id='block_1_48' title="bbox 453 2960 2021 3029">
    <p class='ocr_par' dir='ltr' id='par_1_48' title="bbox 453 2960 2021 3029">
     <span class='ocr_line' id='line_1_48' title="bbox 453 2960 2021 3029; baseline -0.001 -11"><span class='ocrx_word' id='word_1_322' title='bbox 453 2972 822 3019; x_wconf 86' lang='lat' dir='ltr'><strong>concesserat.</strong></span> <span class='ocrx_word' id='word_1_323' title='bbox 852 2960 1093 3016; x_wconf 88' lang='lat' dir='ltr'><strong>Licinius</strong></span> <span class='ocrx_word' id='word_1_324' title='bbox 1118 2974 1248 3014; x_wconf 81' lang='lat' dir='ltr'><strong>vero</strong></span> <span class='ocrx_word' id='word_1_325' title='bbox 1267 2974 1497 3029; x_wconf 85' lang='lat' dir='ltr'><strong>prorsus</strong></span> <span class='ocrx_word' id='word_1_326' title='bbox 1529 2963 1807 3016; x_wconf 88' lang='lat' dir='ltr'><strong>contraria</strong></span> <span class='ocrx_word' id='word_1_327' title='bbox 1840 2963 2021 3017; x_wconf 82' lang='lat' dir='ltr'><strong>omnia</strong></span> 
     </span>
    </p>
   </div>
   <div class='ocr_carea' id='block_1_49' title="bbox 454 3050 2021 3124">
    <p class='ocr_par' dir='ltr' id='par_1_49' title="bbox 454 3050 2021 3124">
     <span class='ocr_line' id='line_1_49' title="bbox 454 3050 2021 3124; baseline -0.001 -15"><span class='ocrx_word' id='word_1_328' title='bbox 454 3054 684 3124; x_wconf 82' lang='lat' dir='ltr'><strong>agebat;</strong></span> <span class='ocrx_word' id='word_1_329' title='bbox 715 3053 893 3109; x_wconf 89' lang='lat' dir='ltr'><strong>omnis</strong></span> <span class='ocrx_word' id='word_1_330' title='bbox 918 3051 1134 3122; x_wconf 80' lang='lat' dir='ltr'><strong>generis</strong></span> <span class='ocrx_word' id='word_1_331' title='bbox 1186 3051 1408 3106; x_wconf 79' lang='lat' dir='ltr'><strong>fraudes</strong></span> <span class='ocrx_word' id='word_1_332' title='bbox 1454 3050 1715 3105; x_wconf 89' lang='lat' dir='ltr'><strong>adversus</strong></span> <span class='ocrx_word' id='word_1_333' title='bbox 1751 3052 2021 3121; x_wconf 88' lang='lat' dir='ltr'><strong>potiorem</strong></span> 
     </span>
    </p>
   </div>
   <div class='ocr_carea' id='block_1_50' title="bbox 455 3140 2031 3216">
    <p class='ocr_par' dir='ltr' id='par_1_50' title="bbox 455 3140 2031 3216">
     <span class='ocr_line' id='line_1_50' title="bbox 455 3140 2031 3216; baseline -0.003 -14"><span class='ocrx_word' id='word_1_334' title='bbox 455 3146 700 3216; x_wconf 81' lang='lat' dir='ltr'><strong>quotidie</strong></span> <span class='ocrx_word' id='word_1_335' title='bbox 734 3143 1171 3205; x_wconf 89' lang='lat' dir='ltr'><strong>comminiscens,</strong></span> <span class='ocrx_word' id='word_1_336' title='bbox 1207 3151 1539 3212; x_wconf 88' lang='lat' dir='ltr'><strong>cunctasque</strong></span> <span class='ocrx_word' id='word_1_337' title='bbox 1563 3140 1847 3197; x_wconf 89' lang='lat' dir='ltr'><strong>insidiandi</strong></span> <span class='ocrx_word' id='word_1_338' title='bbox 1882 3153 2031 3199; x_wconf 87' lang='lat' dir='ltr'><strong>artes</strong></span> 
     </span>
    </p>
   </div>
   <div class='ocr_carea' id='block_1_51' title="bbox 454 3233 2027 3306">
    <p class='ocr_par' dir='ltr' id='par_1_51' title="bbox 454 3233 2027 3306">
     <span class='ocr_line' id='line_1_51' title="bbox 454 3233 2027 3306; baseline 0.001 -14"><span class='ocrx_word' id='word_1_339' title='bbox 454 3236 790 3306; x_wconf 83' lang='lat' dir='ltr'><strong>excogitans,</strong></span> <span class='ocrx_word' id='word_1_340' title='bbox 809 3242 868 3288; x_wconf 89' lang='lat' dir='ltr'><strong>ut</strong></span> <span class='ocrx_word' id='word_1_341' title='bbox 896 3234 1033 3288; x_wconf 86' lang='lat' dir='ltr'><strong>bene</strong></span> <span class='ocrx_word' id='word_1_342' title='bbox 1064 3233 1321 3288; x_wconf 89' lang='lat' dir='ltr'><strong>meritum</strong></span> <span class='ocrx_word' id='word_1_343' title='bbox 1364 3233 1521 3288; x_wconf 89' lang='lat' dir='ltr'><strong>malis</strong></span> <span class='ocrx_word' id='word_1_344' title='bbox 1546 3233 2027 3302; x_wconf 45' lang='lat' dir='ltr'><strong>tremuneraretur.</strong></span> 
     </span>
    </p>
   </div>
   <div class='ocr_carea' id='block_1_52' title="bbox 454 3323 2030 3397">
    <p class='ocr_par' dir='ltr' id='par_1_52' title="bbox 454 3323 2030 3397">
     <span class='ocr_line' id='line_1_52' title="bbox 454 3323 2030 3397; baseline 0.001 -16"><span class='ocrx_word' id='word_1_345' title='bbox 454 3328 533 3383; x_wconf 84' lang='lat' dir='ltr'><strong>Ac</strong></span> <span class='ocrx_word' id='word_1_346' title='bbox 580 3325 847 3397; x_wconf 77' lang='lat' dir='ltr'><strong>principio</strong></span> <span class='ocrx_word' id='word_1_347' title='bbox 887 3324 1106 3394; x_wconf 83' lang='lat' dir='ltr'><strong>quidem</strong></span> <span class='ocrx_word' id='word_1_348' title='bbox 1137 3323 1362 3379; x_wconf 88' lang='lat' dir='ltr'><strong>insidias</strong></span> <span class='ocrx_word' id='word_1_349' title='bbox 1390 3333 1572 3394; x_wconf 83' lang='lat' dir='ltr'><strong>tegere</strong></span> <span class='ocrx_word' id='word_1_350' title='bbox 1595 3325 1820 3381; x_wconf 90' lang='lat' dir='ltr'><strong>studens</strong></span> <span class='ocrx_word' id='word_1_351' title='bbox 1841 3365 1858 3392; x_wconf 91' lang='lat'><strong>,</strong></span> <span class='ocrx_word' id='word_1_352' title='bbox 1891 3329 2030 3383; x_wconf 84' lang='lat' dir='ltr'><strong>ami-</strong></span> 
     </span>
    </p>
   </div>
   <div class='ocr_carea' id='block_1_53' title="bbox 456 3414 2029 3475">
    <p class='ocr_par' dir='ltr' id='par_1_53' title="bbox 456 3414 2029 3475">
     <span class='ocr_line' id='line_1_53' title="bbox 456 3414 2029 3475; baseline 0 -1"><span class='ocrx_word' id='word_1_353' title='bbox 456 3433 579 3474; x_wconf 91' lang='lat' dir='ltr'><strong>cum</strong></span> <span class='ocrx_word' id='word_1_354' title='bbox 600 3432 660 3473; x_wconf 91' lang='lat' dir='ltr'><strong>se</strong></span> <span class='ocrx_word' id='word_1_355' title='bbox 685 3431 806 3471; x_wconf 90' lang='lat' dir='ltr'><strong>esse</strong></span> <span class='ocrx_word' id='word_1_356' title='bbox 831 3414 1121 3470; x_wconf 80' lang='lat' dir='ltr'><strong>simulabat</strong></span> <span class='ocrx_word' id='word_1_357' title='bbox 1149 3432 1163 3470; x_wconf 92' lang='lat'><strong>:</strong></span> <span class='ocrx_word' id='word_1_358' title='bbox 1196 3424 1253 3470; x_wconf 87' lang='lat' dir='ltr'><strong>et</strong></span> <span class='ocrx_word' id='word_1_359' title='bbox 1283 3414 1472 3470; x_wconf 78' lang='lat' dir='ltr'><strong>fraude</strong></span> <span class='ocrx_word' id='word_1_360' title='bbox 1495 3431 1559 3471; x_wconf 92' lang='lat' dir='ltr'><strong>ac</strong></span> <span class='ocrx_word' id='word_1_361' title='bbox 1587 3417 1727 3472; x_wconf 90' lang='lat' dir='ltr'><strong>dolis</strong></span> <span class='ocrx_word' id='word_1_362' title='bbox 1755 3417 2029 3475; x_wconf 89' lang='lat' dir='ltr'><strong>Constan-</strong></span> 
     </span>
    </p>
   </div>
   <div class='ocr_carea' id='block_1_54' title="bbox 458 3507 2029 3579">
    <p class='ocr_par' dir='ltr' id='par_1_54' title="bbox 458 3507 2029 3579">
     <span class='ocr_line' id='line_1_54' title="bbox 458 3507 2029 3579; baseline 0.001 -15"><span class='ocrx_word' id='word_1_363' title='bbox 458 3510 628 3564; x_wconf 91' lang='lat' dir='ltr'><strong>tinum</strong></span> <span class='ocrx_word' id='word_1_364' title='bbox 666 3521 808 3577; x_wconf 81' lang='lat' dir='ltr'><strong>saepe</strong></span> <span class='ocrx_word' id='word_1_365' title='bbox 837 3516 1131 3576; x_wconf 86' lang='lat' dir='ltr'><strong>appetens,</strong></span> <span class='ocrx_word' id='word_1_366' title='bbox 1164 3507 1321 3562; x_wconf 83' lang='lat' dir='ltr'><strong>facile</strong></span> <span class='ocrx_word' id='word_1_367' title='bbox 1364 3522 1423 3561; x_wconf 90' lang='lat' dir='ltr'><strong>se</strong></span> <span class='ocrx_word' id='word_1_368' title='bbox 1465 3510 1573 3562; x_wconf 89' lang='lat' dir='ltr'><strong>voti</strong></span> <span class='ocrx_word' id='word_1_369' title='bbox 1609 3511 1691 3565; x_wconf 90' lang='lat' dir='ltr'><strong>sui</strong></span> <span class='ocrx_word' id='word_1_370' title='bbox 1725 3521 2029 3579; x_wconf 87' lang='lat' dir='ltr'><strong>compotem</strong></span> 
     </span>
    </p>
   </div>
   <div class='ocr_carea' id='block_1_55' title="bbox 457 3599 2030 3671">
    <p class='ocr_par' dir='ltr' id='par_1_55' title="bbox 457 3599 2030 3671">
     <span class='ocr_line' id='line_1_55' title="bbox 457 3599 2030 3671; baseline 0.002 -15"><span class='ocrx_word' id='word_1_371' title='bbox 457 3601 576 3658; x_wconf 84' lang='lat' dir='ltr'><strong>fore</strong></span> <span class='ocrx_word' id='word_1_372' title='bbox 598 3602 871 3671; x_wconf 86' lang='lat' dir='ltr'><strong>sperabat.</strong></span> <span class='ocrx_word' id='word_1_373' title='bbox 893 3601 998 3654; x_wconf 88' lang='lat' dir='ltr'><strong>Sed</strong></span> <span class='ocrx_word' id='word_1_374' title='bbox 1038 3599 1184 3654; x_wconf 89' lang='lat' dir='ltr'><strong>enim</strong></span> <span class='ocrx_word' id='word_1_375' title='bbox 1214 3600 1573 3657; x_wconf 82' lang='lat' dir='ltr'><strong>Constantino</strong></span> <span class='ocrx_word' id='word_1_376' title='bbox 1598 3604 1824 3666; x_wconf 88' lang='lat' dir='ltr'><strong>amicus,</strong></span> <span class='ocrx_word' id='word_1_377' title='bbox 1856 3613 1911 3659; x_wconf 87' lang='lat' dir='ltr'><strong>et</strong></span> <span class='ocrx_word' id='word_1_378' title='bbox 1945 3615 2030 3658; x_wconf 84' lang='lat' dir='ltr'><strong>tu-</strong></span> 
     </span>
    </p>
   </div>
   <div class='ocr_carea' id='block_1_56' title="bbox 462 3688 2032 3763">
    <p class='ocr_par' dir='ltr' id='par_1_56' title="bbox 462 3688 2032 3763">
     <span class='ocr_line' id='line_1_56' title="bbox 462 3688 2032 3763; baseline 0.004 -16"><span class='ocrx_word' id='word_1_379' title='bbox 462 3706 547 3750; x_wconf 88' lang='lat' dir='ltr'><strong>tor</strong></span> <span class='ocrx_word' id='word_1_380' title='bbox 573 3703 870 3763; x_wconf 89' lang='lat' dir='ltr'><strong>custosque</strong></span> <span class='ocrx_word' id='word_1_381' title='bbox 897 3701 1017 3747; x_wconf 82' lang='lat' dir='ltr'><strong>erat</strong></span> <span class='ocrx_word' id='word_1_382' title='bbox 1047 3694 1190 3748; x_wconf 85' lang='lat' dir='ltr'><strong>Deus</strong></span> <span class='ocrx_word' id='word_1_383' title='bbox 1224 3710 1239 3748; x_wconf 90' lang='lat'>:</span> <span class='ocrx_word' id='word_1_384' title='bbox 1271 3693 1362 3763; x_wconf 88' lang='lat' dir='ltr'><strong>qui</strong></span> <span class='ocrx_word' id='word_1_385' title='bbox 1393 3694 1622 3750; x_wconf 88' lang='lat' dir='ltr'><strong>insidias</strong></span> <span class='ocrx_word' id='word_1_386' title='bbox 1661 3688 1801 3752; x_wconf 86' lang='lat' dir='ltr'><strong>clam</strong></span> <span class='ocrx_word' id='word_1_387' title='bbox 1845 3708 1898 3754; x_wconf 89' lang='lat' dir='ltr'><strong>et</strong></span> <span class='ocrx_word' id='word_1_388' title='bbox 1938 3714 2032 3754; x_wconf 88' lang='lat' dir='ltr'><strong>oc-</strong></span> 
     </span>
    </p>
   </div>
   <div class='ocr_carea' id='block_1_57' title="bbox 460 3783 2032 3855">
    <p class='ocr_par' dir='ltr' id='par_1_57' title="bbox 460 3783 2032 3855">
     <span class='ocr_line' id='line_1_57' title="bbox 460 3783 2032 3855; baseline 0.004 -17"><span class='ocrx_word' id='word_1_389' title='bbox 460 3786 606 3841; x_wconf 82' lang='lat' dir='ltr'><strong>culte</strong></span> <span class='ocrx_word' id='word_1_390' title='bbox 631 3785 730 3854; x_wconf 89' lang='lat' dir='ltr'><strong>ipsi</strong></span> <span class='ocrx_word' id='word_1_391' title='bbox 760 3792 1099 3853; x_wconf 89' lang='lat' dir='ltr'><strong>comparatas</strong></span> <span class='ocrx_word' id='word_1_392' title='bbox 1149 3784 1202 3837; x_wconf 89' lang='lat' dir='ltr'><strong>in</strong></span> <span class='ocrx_word' id='word_1_393' title='bbox 1252 3783 1431 3839; x_wconf 88' lang='lat' dir='ltr'><strong>lucem</strong></span> <span class='ocrx_word' id='word_1_394' title='bbox 1468 3786 1751 3855; x_wconf 88' lang='lat' dir='ltr'><strong>proferens</strong></span> <span class='ocrx_word' id='word_1_395' title='bbox 1781 3789 2032 3844; x_wconf 85' lang='lat' dir='ltr'><strong>confuta-</strong></span> 
     </span>
    </p>
   </div>
   <div class='ocr_carea' id='block_1_58' title="bbox 459 3876 2030 3950">
    <p class='ocr_par' dir='ltr' id='par_1_58' title="bbox 459 3876 2030 3950">
     <span class='ocr_line' id='line_1_58' title="bbox 459 3876 2030 3950; baseline 0.001 -16"><span class='ocrx_word' id='word_1_396' title='bbox 459 3879 573 3934; x_wconf 89' lang='lat' dir='ltr'><strong>bat.</strong></span> <span class='ocrx_word' id='word_1_397' title='bbox 618 3877 849 3933; x_wconf 87' lang='lat' dir='ltr'><strong>Tantam</strong></span> <span class='ocrx_word' id='word_1_398' title='bbox 894 3878 1002 3931; x_wconf 85' lang='lat' dir='ltr'><strong>vim</strong></span> <span class='ocrx_word' id='word_1_399' title='bbox 1037 3876 1200 3931; x_wconf 85' lang='lat' dir='ltr'><strong>habet</strong></span> <span class='ocrx_word' id='word_1_400' title='bbox 1239 3891 1433 3946; x_wconf 86' lang='lat' dir='ltr'><strong>magna</strong></span> <span class='ocrx_word' id='word_1_401' title='bbox 1481 3878 1572 3932; x_wconf 91' lang='lat' dir='ltr'><strong>illa</strong></span> <span class='ocrx_word' id='word_1_402' title='bbox 1605 3880 1820 3950; x_wconf 85' lang='lat' dir='ltr'><strong>pietatis</strong></span> <span class='ocrx_word' id='word_1_403' title='bbox 1849 3896 2030 3935; x_wconf 88' lang='lat' dir='ltr'><strong>arma-</strong></span> 
     </span>
    </p>
   </div>
   <div class='ocr_carea' id='block_1_59' title="bbox 462 3971 2033 4045">
    <p class='ocr_par' dir='ltr' id='par_1_59' title="bbox 462 3971 2033 4045">
     <span class='ocr_line' id='line_1_59' title="bbox 462 3971 2033 4045; baseline -0.002 -15"><span class='ocrx_word' id='word_1_404' title='bbox 462 3980 605 4037; x_wconf 77' lang='lat' dir='ltr'><strong>tura,</strong></span> <span class='ocrx_word' id='word_1_405' title='bbox 639 3979 752 4025; x_wconf 92' lang='lat' dir='ltr'><strong>tum</strong></span> <span class='ocrx_word' id='word_1_406' title='bbox 781 3971 847 4025; x_wconf 90' lang='lat' dir='ltr'><strong>ad</strong></span> <span class='ocrx_word' id='word_1_407' title='bbox 877 3971 1273 4041; x_wconf 86' lang='lat' dir='ltr'><strong>pr0pulsandos</strong></span> <span class='ocrx_word' id='word_1_408' title='bbox 1313 3972 1586 4035; x_wconf 87' lang='lat' dir='ltr'><strong>inimicos,</strong></span> <span class='ocrx_word' id='word_1_409' title='bbox 1647 3981 1761 4028; x_wconf 91' lang='lat' dir='ltr'><strong>tum</strong></span> <span class='ocrx_word' id='word_1_410' title='bbox 1795 3974 1862 4029; x_wconf 90' lang='lat' dir='ltr'><strong>ad</strong></span> <span class='ocrx_word' id='word_1_411' title='bbox 1907 3991 2033 4045; x_wconf 85' lang='lat' dir='ltr'><strong>pro-</strong></span> 
     </span>
    </p>
   </div>
   <div class='ocr_carea' id='block_1_60' title="bbox 461 4061 2033 4130">
    <p class='ocr_par' dir='ltr' id='par_1_60' title="bbox 461 4061 2033 4130">
     <span class='ocr_line' id='line_1_60' title="bbox 461 4061 2033 4130; baseline 0.002 -14"><span class='ocrx_word' id='word_1_412' title='bbox 461 4063 594 4130; x_wconf 63' lang='lat' dir='ltr'><strong>priae</strong></span> <span class='ocrx_word' id='word_1_413' title='bbox 623 4061 814 4116; x_wconf 90' lang='lat' dir='ltr'><strong>salutis</strong></span> <span class='ocrx_word' id='word_1_414' title='bbox 842 4062 1334 4117; x_wconf 85' lang='lat' dir='ltr'><strong>conservationem.</strong></span> <span class='ocrx_word' id='word_1_415' title='bbox 1365 4061 1483 4127; x_wconf 87' lang='lat' dir='ltr'><strong>Qua</strong></span> <span class='ocrx_word' id='word_1_416' title='bbox 1511 4062 1731 4129; x_wconf 87' lang='lat' dir='ltr'><strong>quidem</strong></span> <span class='ocrx_word' id='word_1_417' title='bbox 1757 4075 2033 4119; x_wconf 85' lang='lat' dir='ltr'><strong>armatura</strong></span> 
     </span>
    </p>
   </div>
   <div class='ocr_carea' id='block_1_61' title="bbox 463 4153 2035 4223">
    <p class='ocr_par' dir='ltr' id='par_1_61' title="bbox 463 4153 2035 4223">
     <span class='ocr_line' id='line_1_61' title="bbox 463 4153 2035 4223; baseline 0.003 -17"><span class='ocrx_word' id='word_1_418' title='bbox 463 4153 701 4208; x_wconf 85' lang='lat' dir='ltr'><strong>munitus</strong></span> <span class='ocrx_word' id='word_1_419' title='bbox 738 4157 1034 4223; x_wconf 84' lang='lat' dir='ltr'><strong>imperator</strong></span> <span class='ocrx_word' id='word_1_420' title='bbox 1066 4163 1249 4209; x_wconf 90' lang='lat' dir='ltr'><strong>noster</strong></span> <span class='ocrx_word' id='word_1_421' title='bbox 1278 4155 1386 4210; x_wconf 88' lang='lat' dir='ltr'><strong>Deo</strong></span> <span class='ocrx_word' id='word_1_422' title='bbox 1423 4156 1785 4211; x_wconf 87' lang='lat' dir='ltr'><strong>charissimus</strong></span> <span class='ocrx_word' id='word_1_423' title='bbox 1809 4197 1824 4221; x_wconf 91' lang='lat'><strong>,</strong></span> <span class='ocrx_word' id='word_1_424' title='bbox 1854 4158 2035 4212; x_wconf 89' lang='lat' dir='ltr'><strong>multi-</strong></span> 
     </span>
    </p>
   </div>
   <div class='ocr_carea' id='block_1_62' title="bbox 464 4243 2036 4318">
    <p class='ocr_par' dir='ltr' id='par_1_62' title="bbox 464 4243 2036 4318">
     <span class='ocr_line' id='line_1_62' title="bbox 464 4243 2036 4318; baseline 0.006 -23"><span class='ocrx_word' id='word_1_425' title='bbox 464 4245 631 4311; x_wconf 82' lang='lat' dir='ltr'><strong>plices</strong></span> <span class='ocrx_word' id='word_1_426' title='bbox 655 4243 846 4300; x_wconf 76' lang='lat' dir='ltr'><strong>nefarii</strong></span> <span class='ocrx_word' id='word_1_427' title='bbox 870 4245 1109 4300; x_wconf 87' lang='lat' dir='ltr'><strong>hominis</strong></span> <span class='ocrx_word' id='word_1_428' title='bbox 1131 4244 1358 4301; x_wconf 84' lang='lat' dir='ltr'><strong>insidias</strong></span> <span class='ocrx_word' id='word_1_429' title='bbox 1379 4246 1584 4317; x_wconf 82' lang='lat' dir='ltr'><strong>effugit.</strong></span> <span class='ocrx_word' id='word_1_430' title='bbox 1610 4247 1681 4318; x_wconf 86' lang='lat' dir='ltr'><strong>lgi</strong></span> <span class='ocrx_word' id='word_1_431' title='bbox 1692 4257 1777 4302; x_wconf 90' lang='lat' dir='ltr'><strong>tur</strong></span> <span class='ocrx_word' id='word_1_432' title='bbox 1798 4248 2036 4305; x_wconf 90' lang='lat' dir='ltr'><strong>Licinius</strong></span> 
     </span>
    </p>
   </div>
   <div class='ocr_carea' id='block_1_63' title="bbox 463 4340 2036 4399">
    <p class='ocr_par' dir='ltr' id='par_1_63' title="bbox 463 4340 2036 4399">
     <span class='ocr_line' id='line_1_63' title="bbox 463 4340 2036 4399; baseline 0.003 -6"><span class='ocrx_word' id='word_1_433' title='bbox 463 4355 587 4393; x_wconf 91' lang='lat' dir='ltr'><strong>cum</strong></span> <span class='ocrx_word' id='word_1_434' title='bbox 619 4340 857 4395; x_wconf 88' lang='lat' dir='ltr'><strong>occultas</strong></span> <span class='ocrx_word' id='word_1_435' title='bbox 888 4341 1114 4398; x_wconf 87' lang='lat' dir='ltr'><strong>insidias</strong></span> <span class='ocrx_word' id='word_1_436' title='bbox 1145 4356 1248 4397; x_wconf 89' lang='lat' dir='ltr'><strong>non</strong></span> <span class='ocrx_word' id='word_1_437' title='bbox 1283 4355 1352 4396; x_wconf 81' lang='lat' dir='ltr'><strong>ex</strong></span> <span class='ocrx_word' id='word_1_438' title='bbox 1372 4350 1496 4396; x_wconf 89' lang='lat' dir='ltr'><strong>voto</strong></span> <span class='ocrx_word' id='word_1_439' title='bbox 1525 4341 1626 4396; x_wconf 88' lang='lat' dir='ltr'><strong>sibi</strong></span> <span class='ocrx_word' id='word_1_440' title='bbox 1652 4343 1848 4398; x_wconf 89' lang='lat' dir='ltr'><strong>cedere</strong></span> <span class='ocrx_word' id='word_1_441' title='bbox 1881 4344 2036 4399; x_wconf 86' lang='lat' dir='ltr'><strong>vide-</strong></span> 
     </span>
    </p>
   </div>
   <div class='ocr_carea' id='block_1_64' title="bbox 2128 1862 3710 1940">
    <p class='ocr_par' dir='ltr' id='par_1_64' title="bbox 2128 1862 3710 1940">
     <span class='ocr_line' id='line_1_64' title="bbox 2128 1862 3710 1940; baseline -0.004 -18"><span class='ocrx_word' id='word_1_442' title='bbox 2128 1867 2408 1940; x_wconf 83' lang='grc' dir='ltr'>συνθηκῶν</span> <span class='ocrx_word' id='word_1_443' title='bbox 2460 1868 2676 1939; x_wconf 81' lang='grc' dir='ltr'>μνήμην</span> <span class='ocrx_word' id='word_1_444' title='bbox 2727 1869 2784 1920; x_wconf 78' lang='grc' dir='ltr'>ὲν</span> <span class='ocrx_word' id='word_1_445' title='bbox 2834 1865 3041 1939; x_wconf 82' lang='grc' dir='ltr'>διανοίᾳ</span> <span class='ocrx_word' id='word_1_446' title='bbox 3092 1864 3292 1920; x_wconf 81' lang='grc' dir='ltr'>λαϐὼν.</span> <span class='ocrx_word' id='word_1_447' title='bbox 3352 1864 3411 1917; x_wconf 87' lang='lat'><strong>&#39;0</strong></span> <span class='ocrx_word' id='word_1_448' title='bbox 3468 1863 3577 1935; x_wconf 82' lang='grc' dir='ltr'><strong>μὲν</strong></span> <span class='ocrx_word' id='word_1_449' title='bbox 3608 1862 3710 1936; x_wconf 74' lang='grc' dir='ltr'>γὰρ</span> 
     </span>
    </p>
   </div>
   <div class='ocr_carea' id='block_1_65' title="bbox 2128 1954 3709 2030">
    <p class='ocr_par' dir='ltr' id='par_1_65' title="bbox 2128 1954 3709 2030">
     <span class='ocr_line' id='line_1_65' title="bbox 2128 1954 3709 2030; baseline -0.005 -16"><span class='ocrx_word' id='word_1_450' title='bbox 2128 1958 2275 2030; x_wconf 80' lang='grc' dir='ltr'>αὐτῷ</span> <span class='ocrx_word' id='word_1_451' title='bbox 2337 1954 2425 2013; x_wconf 79' lang='grc' dir='ltr'>οἷα</span> <span class='ocrx_word' id='word_1_452' title='bbox 2466 1958 2775 2027; x_wconf 88' lang='grc' dir='ltr'>πανάγαθος</span> <span class='ocrx_word' id='word_1_453' title='bbox 2838 1958 3122 2030; x_wconf 83' lang='grc' dir='ltr'>βασιλεὺς,</span> <span class='ocrx_word' id='word_1_454' title='bbox 3179 1957 3391 2020; x_wconf 87' lang='grc' dir='ltr'>εὐνοίας</span> <span class='ocrx_word' id='word_1_455' title='bbox 3455 1954 3709 2026; x_wconf 77' lang='grc' dir='ltr'>παρέχων</span> 
     </span>
    </p>
   </div>
   <div class='ocr_carea' id='block_1_66' title="bbox 2129 2047 3709 2122">
    <p class='ocr_par' dir='ltr' id='par_1_66' title="bbox 2129 2047 3709 2122">
     <span class='ocr_line' id='line_1_66' title="bbox 2129 2047 3709 2122; baseline -0.004 -18"><span class='ocrx_word' id='word_1_456' title='bbox 2129 2049 2362 2121; x_wconf 81' lang='grc' dir='ltr'>ἀληθοῦς</span> <span class='ocrx_word' id='word_1_457' title='bbox 2394 2050 2659 2121; x_wconf 88' lang='grc' dir='ltr'>σύμϐολα,</span> <span class='ocrx_word' id='word_1_458' title='bbox 2713 2051 3034 2121; x_wconf 79' lang='grc' dir='ltr'>συγγενείας</span> <span class='ocrx_word' id='word_1_459' title='bbox 3074 2049 3175 2121; x_wconf 86' lang='grc' dir='ltr'>τῆς</span> <span class='ocrx_word' id='word_1_460' title='bbox 3220 2049 3358 2122; x_wconf 80' lang='grc' dir='ltr'>πρὸς</span> <span class='ocrx_word' id='word_1_461' title='bbox 3406 2047 3581 2101; x_wconf 74' lang='grc' dir='ltr'>αὐτὸν</span> <span class='ocrx_word' id='word_1_462' title='bbox 3618 2047 3709 2099; x_wconf 80' lang='grc' dir='ltr'><strong>οὐκ</strong></span> 
     </span>
    </p>
   </div>
   <div class='ocr_carea' id='block_1_67' title="bbox 2129 2138 3707 2215">
    <p class='ocr_par' dir='ltr' id='par_1_67' title="bbox 2129 2138 3707 2215">
     <span class='ocr_line' id='line_1_67' title="bbox 2129 2138 3707 2215; baseline -0.003 -20"><span class='ocrx_word' id='word_1_463' title='bbox 2129 2142 2407 2214; x_wconf 81' lang='grc' dir='ltr'>ἐφθόνησε,</span> <span class='ocrx_word' id='word_1_464' title='bbox 2441 2144 2631 2213; x_wconf 89' lang='grc' dir='ltr'>γάμων</span> <span class='ocrx_word' id='word_1_465' title='bbox 2654 2159 2715 2195; x_wconf 90' lang='grc' dir='ltr'><strong>τε</strong></span> <span class='ocrx_word' id='word_1_466' title='bbox 2731 2141 2996 2215; x_wconf 82' lang='grc' dir='ltr'>λαμπρῶν</span> <span class='ocrx_word' id='word_1_467' title='bbox 3030 2140 3261 2212; x_wconf 77' lang='grc' dir='ltr'>ἀδελφῆς</span> <span class='ocrx_word' id='word_1_468' title='bbox 3291 2140 3589 2211; x_wconf 80' lang='grc' dir='ltr'>μετουσίαν</span> <span class='ocrx_word' id='word_1_469' title='bbox 3616 2138 3707 2191; x_wconf 69' lang='grc' dir='ltr'><strong>οὐκ</strong></span> 
     </span>
    </p>
   </div>
   <div class='ocr_carea' id='block_1_68' title="bbox 2129 2230 3704 2306">
    <p class='ocr_par' dir='ltr' id='par_1_68' title="bbox 2129 2230 3704 2306">
     <span class='ocr_line' id='line_1_68' title="bbox 2129 2230 3704 2306; baseline -0.003 -18"><span class='ocrx_word' id='word_1_470' title='bbox 2129 2236 2241 2305; x_wconf 88' lang='grc' dir='ltr'><strong>ἀπη</strong></span> <span class='ocrx_word' id='word_1_471' title='bbox 2251 2235 2502 2306; x_wconf 78' lang='grc' dir='ltr'>ρνήσατο,</span> <span class='ocrx_word' id='word_1_472' title='bbox 2532 2232 2667 2287; x_wconf 87' lang='grc' dir='ltr'><strong>ἀλλά</strong></span> <span class='ocrx_word' id='word_1_473' title='bbox 2686 2235 2778 2287; x_wconf 68' lang='grc' dir='ltr'><strong>καὶ</strong></span> <span class='ocrx_word' id='word_1_474' title='bbox 2804 2235 2903 2305; x_wconf 84' lang='grc' dir='ltr'>τῆς</span> <span class='ocrx_word' id='word_1_475' title='bbox 2927 2234 2991 2287; x_wconf 78' lang='grc' dir='ltr'>ὲκ</span> <span class='ocrx_word' id='word_1_476' title='bbox 3010 2233 3257 2305; x_wconf 82' lang='grc' dir='ltr'>πατέρων</span> <span class='ocrx_word' id='word_1_477' title='bbox 3272 2231 3565 2300; x_wconf 72' lang='grc' dir='ltr'>εὐγενείας</span> <span class='ocrx_word' id='word_1_478' title='bbox 3583 2230 3704 2301; x_wconf 78' lang='lat'><strong>(75),</strong></span> 
     </span>
    </p>
   </div>
   <div class='ocr_carea' id='block_1_69' title="bbox 2133 2319 3702 2395">
    <p class='ocr_par' dir='ltr' id='par_1_69' title="bbox 2133 2319 3702 2395">
     <span class='ocr_line' id='line_1_69' title="bbox 2133 2319 3702 2395; baseline -0.004 -16"><span class='ocrx_word' id='word_1_479' title='bbox 2133 2324 2406 2395; x_wconf 86' lang='grc' dir='ltr'>βασιλικοῦ</span> <span class='ocrx_word' id='word_1_480' title='bbox 2439 2342 2499 2378; x_wconf 89' lang='grc' dir='ltr'><strong>τε</strong></span> <span class='ocrx_word' id='word_1_481' title='bbox 2558 2323 2821 2379; x_wconf 88' lang='grc' dir='ltr'>ἀνέκαθεν</span> <span class='ocrx_word' id='word_1_482' title='bbox 2872 2324 3100 2395; x_wconf 80' lang='grc' dir='ltr'>αἵματος</span> <span class='ocrx_word' id='word_1_483' title='bbox 3159 2322 3416 2376; x_wconf 75' lang='grc' dir='ltr'>κοινωνὸν</span> <span class='ocrx_word' id='word_1_484' title='bbox 3458 2319 3702 2391; x_wconf 79' lang='grc' dir='ltr'>γενέσθαι</span> 
     </span>
    </p>
   </div>
   <div class='ocr_carea' id='block_1_70' title="bbox 2130 2405 3703 2487">
    <p class='ocr_par' dir='ltr' id='par_1_70' title="bbox 2130 2405 3703 2487">
     <span class='ocr_line' id='line_1_70' title="bbox 2130 2405 3703 2487; baseline -0.006 -17"><span class='ocrx_word' id='word_1_485' title='bbox 2130 2417 2348 2486; x_wconf 81' lang='grc' dir='ltr'>ἠξίωσε,</span> <span class='ocrx_word' id='word_1_486' title='bbox 2384 2416 2484 2487; x_wconf 81' lang='grc' dir='ltr'>τῆς</span> <span class='ocrx_word' id='word_1_487' title='bbox 2514 2433 2574 2469; x_wconf 91' lang='grc' dir='ltr'><strong>τε</strong></span> <span class='ocrx_word' id='word_1_488' title='bbox 2622 2416 2764 2470; x_wconf 80' lang='grc' dir='ltr'>κατὰ</span> <span class='ocrx_word' id='word_1_489' title='bbox 2795 2416 3013 2470; x_wconf 90' lang='grc' dir='ltr'>πάντων</span> <span class='ocrx_word' id='word_1_490' title='bbox 3051 2413 3340 2468; x_wconf 80' lang='grc' dir='ltr'>ἀπολαύειν</span> <span class='ocrx_word' id='word_1_491' title='bbox 3375 2413 3594 2485; x_wconf 74' lang='grc' dir='ltr'>ἀρχῆς,</span> <span class='ocrx_word' id='word_1_492' title='bbox 3625 2405 3703 2463; x_wconf 69' lang='grc' dir='ltr'>οἷα</span> 
     </span>
    </p>
   </div>
   <div class='ocr_carea' id='block_1_71' title="bbox 2130 2503 3702 2580">
    <p class='ocr_par' dir='ltr' id='par_1_71' title="bbox 2130 2503 3702 2580">
     <span class='ocr_line' id='line_1_71' title="bbox 2130 2503 3702 2580; baseline -0.005 -18"><span class='ocrx_word' id='word_1_493' title='bbox 2130 2509 2361 2580; x_wconf 83' lang='grc' dir='ltr'>κηδεστῇ</span> <span class='ocrx_word' id='word_1_494' title='bbox 2395 2507 2488 2561; x_wconf 79' lang='grc' dir='ltr'><strong>καὶ</strong></span> <span class='ocrx_word' id='word_1_495' title='bbox 2522 2506 2841 2577; x_wconf 87' lang='grc' dir='ltr'>συμϐασιλεί</span> <span class='ocrx_word' id='word_1_496' title='bbox 2871 2508 3096 2577; x_wconf 86' lang='grc' dir='ltr'>παρεῖχε</span> <span class='ocrx_word' id='word_1_497' title='bbox 3140 2504 3237 2576; x_wconf 79' lang='grc' dir='ltr'>τὴν</span> <span class='ocrx_word' id='word_1_498' title='bbox 3269 2504 3532 2571; x_wconf 76' lang='grc' dir='ltr'>ἐξουσίαν</span> <span class='ocrx_word' id='word_1_499' title='bbox 3554 2542 3572 2566; x_wconf 95' lang='grc'><strong>,</strong></span> <span class='ocrx_word' id='word_1_500' title='bbox 3613 2503 3702 2554; x_wconf 73' lang='grc' dir='ltr'><strong>οὐκ</strong></span> 
     </span>
    </p>
   </div>
   <div class='ocr_carea' id='block_1_72' title="bbox 2130 2593 3701 2670">
    <p class='ocr_par' dir='ltr' id='par_1_72' title="bbox 2130 2593 3701 2670">
     <span class='ocr_line' id='line_1_72' title="bbox 2130 2593 3701 2670; baseline -0.006 -18"><span class='ocrx_word' id='word_1_501' title='bbox 2130 2599 2349 2654; x_wconf 80' lang='grc' dir='ltr'>ἔλαττον</span> <span class='ocrx_word' id='word_1_502' title='bbox 2404 2598 2567 2670; x_wconf 81' lang='grc' dir='ltr'>μέρος</span> <span class='ocrx_word' id='word_1_503' title='bbox 2608 2597 2718 2653; x_wconf 86' lang='grc' dir='ltr'><strong>τῶν</strong></span> <span class='ocrx_word' id='word_1_504' title='bbox 2767 2597 2871 2651; x_wconf 81' lang='grc' dir='ltr'><strong>ὐπὸ</strong></span> <span class='ocrx_word' id='word_1_505' title='bbox 2917 2597 3220 2669; x_wconf 89' lang='grc' dir='ltr'>Ῥωμαίους</span> <span class='ocrx_word' id='word_1_506' title='bbox 3276 2593 3450 2649; x_wconf 76' lang='grc' dir='ltr'>ἐθνῶν</span> <span class='ocrx_word' id='word_1_507' title='bbox 3510 2593 3701 2646; x_wconf 57' lang='grc' dir='ltr'>διέπιν</span> 
     </span>
    </p>
   </div>
   <div class='ocr_carea' id='block_1_73' title="bbox 2130 2683 3699 2764">
    <p class='ocr_par' dir='ltr' id='par_1_73' title="bbox 2130 2683 3699 2764">
     <span class='ocr_line' id='line_1_73' title="bbox 2130 2683 3699 2764; baseline -0.006 -18"><span class='ocrx_word' id='word_1_508' title='bbox 2130 2693 2279 2764; x_wconf 85' lang='grc' dir='ltr'>αὐτῷ</span> <span class='ocrx_word' id='word_1_509' title='bbox 2304 2692 2398 2746; x_wconf 77' lang='grc' dir='ltr'><strong>καὶ</strong></span> <span class='ocrx_word' id='word_1_510' title='bbox 2425 2691 2642 2745; x_wconf 86' lang='grc' dir='ltr'>διοικεῖν</span> <span class='ocrx_word' id='word_1_511' title='bbox 2670 2690 3083 2762; x_wconf 86' lang='grc' dir='ltr'>κεχαρισμένος.</span> <span class='ocrx_word' id='word_1_512' title='bbox 3117 2689 3175 2742; x_wconf 87' lang='lat'><strong>&#39;0</strong></span> <span class='ocrx_word' id='word_1_513' title='bbox 3206 2688 3250 2741; x_wconf 74' lang='grc' dir='ltr'>δ’</span> <span class='ocrx_word' id='word_1_514' title='bbox 3285 2686 3554 2759; x_wconf 74' lang='grc' dir='ltr'>ἔμπαλιν,</span> <span class='ocrx_word' id='word_1_515' title='bbox 3586 2683 3699 2737; x_wconf 79' lang='grc' dir='ltr'>τού-</span> 
     </span>
    </p>
   </div>
   <div class='ocr_carea' id='block_1_74' title="bbox 2130 2774 3701 2858">
    <p class='ocr_par' dir='ltr' id='par_1_74' title="bbox 2130 2774 3701 2858">
     <span class='ocr_line' id='line_1_74' title="bbox 2130 2774 3701 2858; baseline -0.005 -20"><span class='ocrx_word' id='word_1_516' title='bbox 2130 2801 2244 2848; x_wconf 90' lang='grc' dir='ltr'>τοις</span> <span class='ocrx_word' id='word_1_517' title='bbox 2274 2785 2530 2839; x_wconf 88' lang='grc' dir='ltr'>τάναντία</span> <span class='ocrx_word' id='word_1_518' title='bbox 2559 2784 2928 2858; x_wconf 86' lang='grc' dir='ltr'>διεπράττετο,</span> <span class='ocrx_word' id='word_1_519' title='bbox 2978 2781 3232 2845; x_wconf 86' lang='grc' dir='ltr'>παντοίας</span> <span class='ocrx_word' id='word_1_520' title='bbox 3271 2778 3551 2851; x_wconf 79' lang='grc' dir='ltr'>ὁσημέραι</span> <span class='ocrx_word' id='word_1_521' title='bbox 3575 2774 3701 2831; x_wconf 70' lang='grc' dir='ltr'>κατὰ</span> 
     </span>
    </p>
   </div>
   <div class='ocr_carea' id='block_1_75' title="bbox 2129 2870 3700 2947">
    <p class='ocr_par' dir='ltr' id='par_1_75' title="bbox 2129 2870 3700 2947">
     <span class='ocr_line' id='line_1_75' title="bbox 2129 2870 3700 2947; baseline -0.004 -20"><span class='ocrx_word' id='word_1_522' title='bbox 2129 2874 2225 2928; x_wconf 86' lang='grc' dir='ltr'><strong>τοῦ</strong></span> <span class='ocrx_word' id='word_1_523' title='bbox 2266 2876 2572 2946; x_wconf 85' lang='grc' dir='ltr'>κρείττονος</span> <span class='ocrx_word' id='word_1_524' title='bbox 2608 2874 2853 2947; x_wconf 77' lang='grc' dir='ltr'>μηχανὰς</span> <span class='ocrx_word' id='word_1_525' title='bbox 2897 2871 3348 2942; x_wconf 70' lang='grc' dir='ltr'>ἐπιτεχνώμενος,</span> <span class='ocrx_word' id='word_1_526' title='bbox 3398 2870 3609 2928; x_wconf 78' lang='grc' dir='ltr'>πάντας</span> <span class='ocrx_word' id='word_1_527' title='bbox 3648 2880 3700 2920; x_wconf 76' lang='grc' dir='ltr'><strong>τι</strong></span> 
     </span>
    </p>
   </div>
   <div class='ocr_carea' id='block_1_76' title="bbox 2131 2952 3701 3035">
    <p class='ocr_par' dir='ltr' id='par_1_76' title="bbox 2131 2952 3701 3035">
     <span class='ocr_line' id='line_1_76' title="bbox 2131 2952 3701 3035; baseline -0.006 -18"><span class='ocrx_word' id='word_1_528' title='bbox 2131 2963 2670 3035; x_wconf 77' lang='grc' dir='ltr'>ὲπινοῶνὲπιϐουλῆς</span> <span class='ocrx_word' id='word_1_529' title='bbox 2696 2963 2951 3035; x_wconf 82' lang='grc' dir='ltr'>τρόπους,</span> <span class='ocrx_word' id='word_1_530' title='bbox 2976 2962 3052 3025; x_wconf 87' lang='grc' dir='ltr'>ὼς</span> <span class='ocrx_word' id='word_1_531' title='bbox 3080 2961 3145 3014; x_wconf 84' lang='grc' dir='ltr'><strong>ἂν</strong></span> <span class='ocrx_word' id='word_1_532' title='bbox 3171 2961 3362 3023; x_wconf 82' lang='grc' dir='ltr'>κακοῖς</span> <span class='ocrx_word' id='word_1_533' title='bbox 3380 2957 3475 3011; x_wconf 74' lang='grc' dir='ltr'><strong>τὸν</strong></span> <span class='ocrx_word' id='word_1_534' title='bbox 3500 2952 3701 3028; x_wconf 81' lang='grc' dir='ltr'>εὐεργέ-</span> 
     </span>
    </p>
   </div>
   <div class='ocr_carea' id='block_1_77' title="bbox 2129 3047 3697 3130">
    <p class='ocr_par' dir='ltr' id='par_1_77' title="bbox 2129 3047 3697 3130">
     <span class='ocr_line' id='line_1_77' title="bbox 2129 3047 3697 3130; baseline -0.008 -19"><span class='ocrx_word' id='word_1_535' title='bbox 2129 3074 2231 3130; x_wconf 80' lang='grc' dir='ltr'><strong>την</strong></span> <span class='ocrx_word' id='word_1_536' title='bbox 2259 3057 2571 3128; x_wconf 79' lang='grc' dir='ltr'>ἀμείψαιτο.</span> <span class='ocrx_word' id='word_1_537' title='bbox 2605 3056 2687 3109; x_wconf 81' lang='grc' dir='ltr'><strong>Τὰ</strong></span> <span class='ocrx_word' id='word_1_538' title='bbox 2733 3055 2832 3127; x_wconf 81' lang='grc' dir='ltr'>μὲν</span> <span class='ocrx_word' id='word_1_539' title='bbox 2864 3050 2955 3109; x_wconf 80' lang='grc' dir='ltr'><strong>οῦν</strong></span> <span class='ocrx_word' id='word_1_540' title='bbox 2989 3053 3179 3126; x_wconf 86' lang='grc' dir='ltr'>πρῶτα</span> <span class='ocrx_word' id='word_1_541' title='bbox 3220 3050 3570 3122; x_wconf 81' lang='grc' dir='ltr'>πειρώμενος</span> <span class='ocrx_word' id='word_1_542' title='bbox 3613 3047 3697 3119; x_wconf 74' lang='grc' dir='ltr'>τὴν</span> 
     </span>
    </p>
   </div>
   <div class='ocr_carea' id='block_1_78' title="bbox 2132 3141 3698 3224">
    <p class='ocr_par' dir='ltr' id='par_1_78' title="bbox 2132 3141 3698 3224">
     <span class='ocr_line' id='line_1_78' title="bbox 2132 3141 3698 3224; baseline -0.006 -20"><span class='ocrx_word' id='word_1_543' title='bbox 2132 3149 2400 3224; x_wconf 75' lang='grc' dir='ltr'>συσκευὴν</span> <span class='ocrx_word' id='word_1_544' title='bbox 2415 3150 2796 3222; x_wconf 79' lang='grc' dir='ltr'>ἐπικρύπτειν,</span> <span class='ocrx_word' id='word_1_545' title='bbox 2820 3148 2971 3218; x_wconf 87' lang='grc' dir='ltr'>φίλος</span> <span class='ocrx_word' id='word_1_546' title='bbox 2993 3141 3132 3200; x_wconf 87' lang='grc' dir='ltr'>εἷναι</span> <span class='ocrx_word' id='word_1_547' title='bbox 3150 3147 3558 3218; x_wconf 84' lang='grc' dir='ltr'>προσεποιεῖτο,</span> <span class='ocrx_word' id='word_1_548' title='bbox 3578 3143 3698 3211; x_wconf 68' lang='grc' dir='ltr'>δόλῳ</span> 
     </span>
    </p>
   </div>
   <div class='ocr_carea' id='block_1_79' title="bbox 2130 3232 3698 3315">
    <p class='ocr_par' dir='ltr' id='par_1_79' title="bbox 2130 3232 3698 3315">
     <span class='ocr_line' id='line_1_79' title="bbox 2130 3232 3698 3315; baseline -0.008 -17"><span class='ocrx_word' id='word_1_549' title='bbox 2130 3260 2191 3299; x_wconf 88' lang='grc' dir='ltr'><strong>τε</strong></span> <span class='ocrx_word' id='word_1_550' title='bbox 2245 3246 2338 3298; x_wconf 76' lang='grc' dir='ltr'><strong>καὶ</strong></span> <span class='ocrx_word' id='word_1_551' title='bbox 2391 3243 2572 3315; x_wconf 85' lang='grc' dir='ltr'>ἀπάτῃ</span> <span class='ocrx_word' id='word_1_552' title='bbox 2628 3241 2945 3303; x_wconf 82' lang='grc' dir='ltr'>πλειστάκις</span> <span class='ocrx_word' id='word_1_553' title='bbox 2991 3237 3337 3309; x_wconf 71' lang='grc' dir='ltr'>ἐπιθέμενος,</span> <span class='ocrx_word' id='word_1_554' title='bbox 3404 3236 3585 3306; x_wconf 76' lang='grc' dir='ltr'>ῥᾷστα</span> <span class='ocrx_word' id='word_1_555' title='bbox 3641 3232 3698 3287; x_wconf 80' lang='grc' dir='ltr'><strong>ἂν</strong></span> 
     </span>
    </p>
   </div>
   <div class='ocr_carea' id='block_1_80' title="bbox 2130 3324 3697 3405">
    <p class='ocr_par' dir='ltr' id='par_1_80' title="bbox 2130 3324 3697 3405">
     <span class='ocr_line' id='line_1_80' title="bbox 2130 3324 3697 3405; baseline -0.008 -18"><span class='ocrx_word' id='word_1_556' title='bbox 2130 3336 2312 3405; x_wconf 85' lang='grc' dir='ltr'>τυχεῖν</span> <span class='ocrx_word' id='word_1_557' title='bbox 2343 3331 2437 3386; x_wconf 84' lang='grc' dir='ltr'><strong>τοῦ</strong></span> <span class='ocrx_word' id='word_1_558' title='bbox 2471 3330 2917 3404; x_wconf 83' lang='grc' dir='ltr'>προσδοκωμένου</span> <span class='ocrx_word' id='word_1_559' title='bbox 2938 3328 3153 3399; x_wconf 72' lang='grc' dir='ltr'>ἧλπισε.</span> <span class='ocrx_word' id='word_1_560' title='bbox 3185 3325 3275 3396; x_wconf 82' lang='grc' dir='ltr'><strong>Τῷ</strong></span> <span class='ocrx_word' id='word_1_561' title='bbox 3300 3325 3356 3378; x_wconf 84' lang='grc' dir='ltr'><strong>δὲ</strong></span> <span class='ocrx_word' id='word_1_562' title='bbox 3388 3326 3504 3396; x_wconf 81' lang='grc' dir='ltr'>ἄρα</span> <span class='ocrx_word' id='word_1_563' title='bbox 3536 3324 3697 3387; x_wconf 74' lang='grc' dir='ltr'>ὀΘεδς</span> 
     </span>
    </p>
   </div>
   <div class='ocr_carea' id='block_1_81' title="bbox 2129 3416 3695 3511">
    <p class='ocr_par' dir='ltr' id='par_1_81' title="bbox 2129 3416 3695 3511">
     <span class='ocr_line' id='line_1_81' title="bbox 2129 3416 3695 3511; baseline -0.008 -33"><span class='ocrx_word' id='word_1_564' title='bbox 2129 3419 2200 3496; x_wconf 78' lang='grc' dir='ltr'>ἦν</span> <span class='ocrx_word' id='word_1_565' title='bbox 2234 3423 2413 3493; x_wconf 89' lang='grc' dir='ltr'>φίλος,</span> <span class='ocrx_word' id='word_1_566' title='bbox 2462 3420 2715 3494; x_wconf 86' lang='grc' dir='ltr'>κηδεμών</span> <span class='ocrx_word' id='word_1_567' title='bbox 2752 3439 2813 3473; x_wconf 83' lang='grc' dir='ltr'><strong>τε</strong></span> <span class='ocrx_word' id='word_1_568' title='bbox 2850 3420 2946 3474; x_wconf 73' lang='grc' dir='ltr'><strong>καὶ</strong></span> <span class='ocrx_word' id='word_1_569' title='bbox 2987 3417 3178 3487; x_wconf 81' lang='grc' dir='ltr'>φύλαξ,</span> <span class='ocrx_word' id='word_1_570' title='bbox 3227 3418 3284 3481; x_wconf 79' lang='grc' dir='ltr'>ὃς</span> <span class='ocrx_word' id='word_1_571' title='bbox 3319 3416 3486 3511; x_wconf 43' lang='grc' dir='ltr'>ἀὐτῷ</span> <span class='ocrx_word' id='word_1_572' title='bbox 3527 3416 3619 3479; x_wconf 78' lang='grc' dir='ltr'>τὰς</span> <span class='ocrx_word' id='word_1_573' title='bbox 3648 3416 3695 3466; x_wconf 81' lang='grc' dir='ltr'>ἐν</span> 
     </span>
    </p>
   </div>
   <div class='ocr_carea' id='block_1_82' title="bbox 2132 3509 3697 3587">
    <p class='ocr_par' dir='ltr' id='par_1_82' title="bbox 2132 3509 3697 3587">
     <span class='ocr_line' id='line_1_82' title="bbox 2132 3509 3697 3587; baseline -0.008 -16"><span class='ocrx_word' id='word_1_574' title='bbox 2132 3516 2430 3587; x_wconf 71' lang='grc' dir='ltr'>ἀπορρήτῳ</span> <span class='ocrx_word' id='word_1_575' title='bbox 2475 3515 2569 3568; x_wconf 73' lang='grc' dir='ltr'><strong>καὶ</strong></span> <span class='ocrx_word' id='word_1_576' title='bbox 2600 3513 2781 3567; x_wconf 83' lang='grc' dir='ltr'>σκότει</span> <span class='ocrx_word' id='word_1_577' title='bbox 2835 3510 3231 3584; x_wconf 84' lang='grc' dir='ltr'>μηχανωμένας</span> <span class='ocrx_word' id='word_1_578' title='bbox 3281 3509 3580 3572; x_wconf 76' lang='grc' dir='ltr'>ἐπιϐουλὰς</span> <span class='ocrx_word' id='word_1_579' title='bbox 3630 3509 3697 3569; x_wconf 80' lang='grc' dir='ltr'><strong>είς</strong></span> 
     </span>
    </p>
   </div>
   <div class='ocr_carea' id='block_1_83' title="bbox 2135 3600 3693 3679">
    <p class='ocr_par' dir='ltr' id='par_1_83' title="bbox 2135 3600 3693 3679">
     <span class='ocr_line' id='line_1_83' title="bbox 2135 3600 3693 3679; baseline -0.005 -17"><span class='ocrx_word' id='word_1_580' title='bbox 2135 3608 2251 3679; x_wconf 90' lang='grc' dir='ltr'><strong>φῶς</strong></span> <span class='ocrx_word' id='word_1_581' title='bbox 2293 3608 2440 3676; x_wconf 79' lang='grc' dir='ltr'>ἄγων</span> <span class='ocrx_word' id='word_1_582' title='bbox 2485 3606 2751 3679; x_wconf 87' lang='grc' dir='ltr'>διήλεγχε.</span> <span class='ocrx_word' id='word_1_583' title='bbox 2784 3604 3046 3659; x_wconf 78' lang='grc' dir='ltr'>Τοσοῦτον</span> <span class='ocrx_word' id='word_1_584' title='bbox 3079 3603 3278 3674; x_wconf 77' lang='grc' dir='ltr'>ἀρετῆς</span> <span class='ocrx_word' id='word_1_585' title='bbox 3307 3602 3369 3655; x_wconf 84' lang='grc' dir='ltr'><strong>τὸ</strong></span> <span class='ocrx_word' id='word_1_586' title='bbox 3417 3600 3567 3671; x_wconf 88' lang='grc' dir='ltr'>μέγα</span> <span class='ocrx_word' id='word_1_587' title='bbox 3615 3600 3693 3669; x_wconf 74' lang='grc' dir='ltr'>τῆς</span> 
     </span>
    </p>
   </div>
   <div class='ocr_carea' id='block_1_84' title="bbox 2135 3691 3693 3770">
    <p class='ocr_par' dir='ltr' id='par_1_84' title="bbox 2135 3691 3693 3770">
     <span class='ocr_line' id='line_1_84' title="bbox 2135 3691 3693 3770; baseline -0.007 -14"><span class='ocrx_word' id='word_1_588' title='bbox 2135 3700 2441 3764; x_wconf 87' lang='grc' dir='ltr'>θεοσεϐείας</span> <span class='ocrx_word' id='word_1_589' title='bbox 2492 3699 2655 3753; x_wconf 84' lang='grc' dir='ltr'>ὅπλον</span> <span class='ocrx_word' id='word_1_590' title='bbox 2708 3698 2841 3769; x_wconf 73' lang='grc'><strong>(74),</strong></span> <span class='ocrx_word' id='word_1_591' title='bbox 2887 3697 3025 3770; x_wconf 84' lang='grc' dir='ltr'>πρὸς</span> <span class='ocrx_word' id='word_1_592' title='bbox 3064 3696 3276 3767; x_wconf 78' lang='grc' dir='ltr'>ἄμυναν</span> <span class='ocrx_word' id='word_1_593' title='bbox 3322 3694 3422 3765; x_wconf 81' lang='grc' dir='ltr'><strong>μὲν</strong></span> <span class='ocrx_word' id='word_1_594' title='bbox 3476 3691 3693 3765; x_wconf 75' lang='grc' dir='ltr'>ὲχθριῖιν,</span> 
     </span>
    </p>
   </div>
   <div class='ocr_carea' id='block_1_85' title="bbox 2135 3779 3695 3862">
    <p class='ocr_par' dir='ltr' id='par_1_85' title="bbox 2135 3779 3695 3862">
     <span class='ocr_line' id='line_1_85' title="bbox 2135 3779 3695 3862; baseline -0.006 -15"><span class='ocrx_word' id='word_1_595' title='bbox 2135 3792 2339 3856; x_wconf 87' lang='grc' dir='ltr'>οἰκείας</span> <span class='ocrx_word' id='word_1_596' title='bbox 2367 3792 2422 3845; x_wconf 84' lang='grc' dir='ltr'>δὲ</span> <span class='ocrx_word' id='word_1_597' title='bbox 2439 3790 2682 3862; x_wconf 86' lang='grc' dir='ltr'>φυλακὴν</span> <span class='ocrx_word' id='word_1_598' title='bbox 2707 3790 2981 3861; x_wconf 90' lang='grc' dir='ltr'>σωτηρίας</span> <span class='ocrx_word' id='word_1_599' title='bbox 3006 3788 3196 3858; x_wconf 78' lang='grc' dir='ltr'>ἰσχύει·</span> <span class='ocrx_word' id='word_1_600' title='bbox 3293 3786 3359 3856; x_wconf 84' lang='grc' dir='ltr'>δὴ</span> <span class='ocrx_word' id='word_1_601' title='bbox 3389 3802 3502 3854; x_wconf 76' lang='grc' dir='ltr'><strong>πεφ</strong></span> <span class='ocrx_word' id='word_1_602' title='bbox 3513 3782 3695 3855; x_wconf 77' lang='grc' dir='ltr'>ραγμέ·</span> 
     </span>
    </p>
   </div>
   <div class='ocr_carea' id='block_1_86' title="bbox 2135 3877 3695 3955">
    <p class='ocr_par' dir='ltr' id='par_1_86' title="bbox 2135 3877 3695 3955">
     <span class='ocr_line' id='line_1_86' title="bbox 2135 3877 3695 3955; baseline -0.008 -15"><span class='ocrx_word' id='word_1_603' title='bbox 2135 3904 2223 3949; x_wconf 83' lang='grc' dir='ltr'><strong>νος</strong></span> <span class='ocrx_word' id='word_1_604' title='bbox 2252 3888 2281 3940; x_wconf 90' lang='grc' dir='ltr'>ὁ</span> <span class='ocrx_word' id='word_1_605' title='bbox 2314 3884 2720 3955; x_wconf 87' lang='grc' dir='ltr'>θεοφιλέστατος</span> <span class='ocrx_word' id='word_1_606' title='bbox 2760 3882 2916 3954; x_wconf 84' lang='grc' dir='ltr'>ἡμῶν</span> <span class='ocrx_word' id='word_1_607' title='bbox 2955 3880 3203 3952; x_wconf 81' lang='grc' dir='ltr'>βασιλεὺς</span> <span class='ocrx_word' id='word_1_608' title='bbox 3226 3920 3242 3945; x_wconf 93' lang='grc'><strong>,</strong></span> <span class='ocrx_word' id='word_1_609' title='bbox 3279 3877 3382 3942; x_wconf 81' lang='grc' dir='ltr'>τὰς</span> <span class='ocrx_word' id='word_1_610' title='bbox 3443 3878 3545 3931; x_wconf 78' lang='grc' dir='ltr'><strong>τοῦ</strong></span> <span class='ocrx_word' id='word_1_611' title='bbox 3584 3878 3695 3930; x_wconf 61' lang='grc' dir='ltr'>δυσ-</span> 
     </span>
    </p>
   </div>
   <div class='ocr_carea' id='block_1_87' title="bbox 2135 3965 3694 4049">
    <p class='ocr_par' dir='ltr' id='par_1_87' title="bbox 2135 3965 3694 4049">
     <span class='ocr_line' id='line_1_87' title="bbox 2135 3965 3694 4049; baseline -0.008 -17"><span class='ocrx_word' id='word_1_612' title='bbox 2135 3977 2350 4049; x_wconf 88' lang='grc' dir='ltr'>ωνύμου</span> <span class='ocrx_word' id='word_1_613' title='bbox 2375 3975 2741 4040; x_wconf 84' lang='grc' dir='ltr'>πολυπλόκους</span> <span class='ocrx_word' id='word_1_614' title='bbox 2791 3972 3080 4036; x_wconf 76' lang='grc' dir='ltr'>επιϐουλὰς</span> <span class='ocrx_word' id='word_1_615' title='bbox 3108 3970 3503 4041; x_wconf 85' lang='grc' dir='ltr'>διεδίδρασκεν.</span> <span class='ocrx_word' id='word_1_616' title='bbox 3559 3968 3613 4020; x_wconf 85' lang='lat'><strong>&#39;0</strong></span> <span class='ocrx_word' id='word_1_617' title='bbox 3646 3965 3694 4020; x_wconf 81' lang='grc' dir='ltr'>δὲ</span> 
     </span>
    </p>
   </div>
   <div class='ocr_carea' id='block_1_88' title="bbox 2136 4056 3692 4141">
    <p class='ocr_par' dir='ltr' id='par_1_88' title="bbox 2136 4056 3692 4141">
     <span class='ocr_line' id='line_1_88' title="bbox 2136 4056 3692 4141; baseline -0.009 -18"><span class='ocrx_word' id='word_1_618' title='bbox 2136 4069 2337 4141; x_wconf 84' lang='grc' dir='ltr'>τὴνλαθ</span> <span class='ocrx_word' id='word_1_619' title='bbox 2347 4068 2502 4140; x_wconf 90' lang='grc' dir='ltr'>ραίαν</span> <span class='ocrx_word' id='word_1_620' title='bbox 2527 4064 2791 4134; x_wconf 86' lang='grc' dir='ltr'>συσκευὴν</span> <span class='ocrx_word' id='word_1_621' title='bbox 2806 4064 2880 4127; x_wconf 85' lang='grc' dir='ltr'>ὼς</span> <span class='ocrx_word' id='word_1_622' title='bbox 2899 4062 3147 4132; x_wconf 77' lang='grc' dir='ltr'>οὐδαμῶς</span> <span class='ocrx_word' id='word_1_623' title='bbox 3170 4060 3316 4130; x_wconf 76' lang='grc' dir='ltr'>ἑώρα</span> <span class='ocrx_word' id='word_1_624' title='bbox 3327 4059 3470 4113; x_wconf 86' lang='grc' dir='ltr'><strong>κατά</strong></span> <span class='ocrx_word' id='word_1_625' title='bbox 3487 4056 3692 4127; x_wconf 75' lang='grc' dir='ltr'>γνώμην</span> 
     </span>
    </p>
   </div>
   <div class='ocr_carea' id='block_1_89' title="bbox 2136 4149 3690 4230">
    <p class='ocr_par' dir='ltr' id='par_1_89' title="bbox 2136 4149 3690 4230">
     <span class='ocr_line' id='line_1_89' title="bbox 2136 4149 3690 4230; baseline -0.008 -18"><span class='ocrx_word' id='word_1_626' title='bbox 2136 4158 2285 4229; x_wconf 83' lang='grc' dir='ltr'>αὐτῷ</span> <span class='ocrx_word' id='word_1_627' title='bbox 2328 4153 2610 4230; x_wconf 85' lang='grc' dir='ltr'>χωροῦσαν</span> <span class='ocrx_word' id='word_1_628' title='bbox 2631 4195 2646 4218; x_wconf 94' lang='grc'><strong>,</strong></span> <span class='ocrx_word' id='word_1_629' title='bbox 2692 4151 2784 4207; x_wconf 85' lang='grc' dir='ltr'><strong>τοῦ</strong></span> <span class='ocrx_word' id='word_1_630' title='bbox 2819 4151 2951 4206; x_wconf 84' lang='grc' dir='ltr'>Θεοῦ</span> <span class='ocrx_word' id='word_1_631' title='bbox 2984 4152 3158 4205; x_wconf 88' lang='grc' dir='ltr'>πάντα</span> <span class='ocrx_word' id='word_1_632' title='bbox 3185 4149 3335 4203; x_wconf 84' lang='grc' dir='ltr'>δόλον</span> <span class='ocrx_word' id='word_1_633' title='bbox 3375 4166 3436 4201; x_wconf 91' lang='grc' dir='ltr'><strong>τε</strong></span> <span class='ocrx_word' id='word_1_634' title='bbox 3473 4150 3568 4201; x_wconf 68' lang='grc' dir='ltr'><strong>καὶ</strong></span> <span class='ocrx_word' id='word_1_635' title='bbox 3611 4149 3690 4216; x_wconf 75' lang='grc' dir='ltr'><strong>ῥᾳ-</strong></span> 
     </span>
    </p>
   </div>
   <div class='ocr_carea' id='block_1_90' title="bbox 2136 4237 3689 4318">
    <p class='ocr_par' dir='ltr' id='par_1_90' title="bbox 2136 4237 3689 4318">
     <span class='ocr_line' id='line_1_90' title="bbox 2136 4237 3689 4318; baseline -0.009 -14"><span class='ocrx_word' id='word_1_636' title='bbox 2136 4244 2412 4318; x_wconf 83' lang='grc' dir='ltr'>διουργίαν</span> <span class='ocrx_word' id='word_1_637' title='bbox 2440 4244 2518 4316; x_wconf 77' lang='grc' dir='ltr'>τῷ</span> <span class='ocrx_word' id='word_1_638' title='bbox 2555 4243 2789 4312; x_wconf 86' lang='grc' dir='ltr'>θεοφιλεῖ</span> <span class='ocrx_word' id='word_1_639' title='bbox 2823 4241 3031 4313; x_wconf 75' lang='grc' dir='ltr'>βασιλεῖ</span> <span class='ocrx_word' id='word_1_640' title='bbox 3056 4240 3358 4313; x_wconf 86' lang='grc' dir='ltr'>κατάφωρα</span> <span class='ocrx_word' id='word_1_641' title='bbox 3403 4237 3689 4299; x_wconf 80' lang='grc' dir='ltr'>ποιοῦντος,</span> 
     </span>
    </p>
   </div>
   <div class='ocr_carea' id='block_1_91' title="bbox 2076 4329 3693 4406">
    <p class='ocr_par' dir='ltr' id='par_1_91' title="bbox 2076 4329 3693 4406">
     <span class='ocr_line' id='line_1_91' title="bbox 2076 4329 3693 4406; baseline -0.008 -12"><span class='ocrx_word' id='word_1_642' title='bbox 2076 4392 2101 4404; x_wconf 80' lang='lat'><strong>,_</strong></span> <span class='ocrx_word' id='word_1_643' title='bbox 2138 4339 2315 4393; x_wconf 75' lang='grc' dir='ltr'>οὐκέθ’</span> <span class='ocrx_word' id='word_1_644' title='bbox 2343 4332 2454 4401; x_wconf 78' lang='grc' dir='ltr'>οἷός</span> <span class='ocrx_word' id='word_1_645' title='bbox 2495 4354 2557 4390; x_wconf 86' lang='grc' dir='ltr'><strong>τε</strong></span> <span class='ocrx_word' id='word_1_646' title='bbox 2588 4334 2662 4388; x_wconf 84' lang='grc' dir='ltr'>ὢν</span> <span class='ocrx_word' id='word_1_647' title='bbox 2697 4332 3152 4406; x_wconf 67' lang='grc' dir='ltr'>ἐπικρύπτεσθαι,</span> <span class='ocrx_word' id='word_1_648' title='bbox 3179 4331 3433 4402; x_wconf 81' lang='grc' dir='ltr'>προφανῆ</span> <span class='ocrx_word' id='word_1_649' title='bbox 3481 4329 3693 4398; x_wconf 81' lang='grc' dir='ltr'>πόλεμον</span> 
     </span>
    </p>
   </div>
   <div class='ocr_carea' id='block_1_92' title="bbox 464 4418 2029 4502">
    <p class='ocr_par' dir='ltr' id='par_1_92' title="bbox 464 4430 2029 4502">
     <span class='ocr_line' id='line_1_92' title="bbox 464 4430 2029 4502; baseline 0.001 -16"><span class='ocrx_word' id='word_1_650' title='bbox 464 4443 569 4497; x_wconf 86' lang='lat' dir='ltr'><strong>ret,</strong></span> <span class='ocrx_word' id='word_1_651' title='bbox 598 4441 783 4502; x_wconf 91' lang='lat' dir='ltr'><strong>utpote</strong></span> <span class='ocrx_word' id='word_1_652' title='bbox 810 4430 918 4488; x_wconf 89' lang='lat' dir='ltr'><strong>Deo</strong></span> <span class='ocrx_word' id='word_1_653' title='bbox 947 4441 1175 4488; x_wconf 88' lang='lat' dir='ltr'><strong>cunctas</strong></span> <span class='ocrx_word' id='word_1_654' title='bbox 1204 4432 1372 4502; x_wconf 88' lang='lat' dir='ltr'><strong>ipsius</strong></span> <span class='ocrx_word' id='word_1_655' title='bbox 1395 4433 1616 4489; x_wconf 84' lang='lat' dir='ltr'><strong>fraudes</strong></span> <span class='ocrx_word' id='word_1_656' title='bbox 1636 4448 1701 4489; x_wconf 87' lang='lat' dir='ltr'><strong>ac</strong></span> <span class='ocrx_word' id='word_1_657' title='bbox 1726 4434 1879 4489; x_wconf 83' lang='lat' dir='ltr'><strong>dolos</strong></span> <span class='ocrx_word' id='word_1_658' title='bbox 1902 4435 2029 4489; x_wconf 89' lang='lat' dir='ltr'><strong>cha-</strong></span> 
     </span>
    </p>
   </div>
   <div class='ocr_carea' id='block_1_93' title="bbox 2133 4418 3690 4502">
    <p class='ocr_par' dir='ltr' id='par_1_93' title="bbox 2139 4418 3690 4498">
     <span class='ocr_line' id='line_1_93' title="bbox 2139 4418 3690 4498; baseline -0.006 -19"><span class='ocrx_word' id='word_1_659' title='bbox 2139 4430 2371 4498; x_wconf 84' lang='grc' dir='ltr'>αῐρεται.</span> <span class='ocrx_word' id='word_1_660' title='bbox 2397 4424 2595 4495; x_wconf 84' lang='grc' dir='ltr'>Ὀμόσε</span> <span class='ocrx_word' id='word_1_661' title='bbox 2613 4423 2746 4494; x_wconf 73' lang='grc' dir='ltr'>δῆτα</span> <span class='ocrx_word' id='word_1_662' title='bbox 2762 4421 3155 4491; x_wconf 77' lang='grc' dir='ltr'>Κωνσταντίνῳ</span> <span class='ocrx_word' id='word_1_663' title='bbox 3170 4419 3297 4473; x_wconf 86' lang='grc' dir='ltr'>πολε</span> <span class='ocrx_word' id='word_1_664' title='bbox 3305 4422 3427 4490; x_wconf 84' lang='grc' dir='ltr'>μεῖν</span> <span class='ocrx_word' id='word_1_665' title='bbox 3439 4418 3690 4488; x_wconf 75' lang='grc' dir='ltr'>διαγνοὺς,</span> 
     </span>
    </p>
   </div>
   <div class='ocr_carea' id='block_1_94' title="bbox 463 4524 2033 4598">
    <p class='ocr_par' dir='ltr' id='par_1_94' title="bbox 463 4524 2033 4598">
     <span class='ocr_line' id='line_1_94' title="bbox 463 4524 2033 4598; baseline 0 -18"><span class='ocrx_word' id='word_1_666' title='bbox 463 4524 685 4581; x_wconf 87' lang='lat' dir='ltr'><strong>rissimo</strong></span> <span class='ocrx_word' id='word_1_667' title='bbox 714 4524 941 4595; x_wconf 90' lang='lat' dir='ltr'><strong>principi</strong></span> <span class='ocrx_word' id='word_1_668' title='bbox 974 4529 1278 4598; x_wconf 86' lang='lat' dir='ltr'><strong>detegente,</strong></span> <span class='ocrx_word' id='word_1_669' title='bbox 1332 4525 1503 4580; x_wconf 90' lang='lat' dir='ltr'><strong>latere</strong></span> <span class='ocrx_word' id='word_1_670' title='bbox 1551 4542 1611 4582; x_wconf 89' lang='lat' dir='ltr'><strong>se</strong></span> <span class='ocrx_word' id='word_1_671' title='bbox 1661 4525 1895 4597; x_wconf 90' lang='lat' dir='ltr'><strong>amplius</strong></span> <span class='ocrx_word' id='word_1_672' title='bbox 1925 4542 2033 4581; x_wconf 93' lang='lat' dir='ltr'><strong>non</strong></span> 
     </span>
    </p>
   </div>
   <div class='ocr_carea' id='block_1_95' title="bbox 466 4616 2034 4687">
    <p class='ocr_par' dir='ltr' id='par_1_95' title="bbox 466 4616 2034 4687">
     <span class='ocr_line' id='line_1_95' title="bbox 466 4616 2034 4687; baseline 0.002 -17"><span class='ocrx_word' id='word_1_673' title='bbox 466 4630 628 4687; x_wconf 88' lang='lat' dir='ltr'><strong>posse</strong></span> <span class='ocrx_word' id='word_1_674' title='bbox 661 4616 1012 4686; x_wconf 88' lang='lat' dir='ltr'><strong>perspiciens,</strong></span> <span class='ocrx_word' id='word_1_675' title='bbox 1038 4618 1236 4674; x_wconf 89' lang='lat' dir='ltr'><strong>bellum</strong></span> <span class='ocrx_word' id='word_1_676' title='bbox 1273 4619 1449 4687; x_wconf 85' lang='lat' dir='ltr'><strong>palam</strong></span> <span class='ocrx_word' id='word_1_677' title='bbox 1486 4627 1686 4675; x_wconf 90' lang='lat' dir='ltr'><strong>movet.</strong></span> <span class='ocrx_word' id='word_1_678' title='bbox 1716 4620 1887 4675; x_wconf 88' lang='lat' dir='ltr'><strong>Porro</strong></span> <span class='ocrx_word' id='word_1_679' title='bbox 1910 4633 2034 4673; x_wconf 87' lang='lat' dir='ltr'><strong>eum</strong></span> 
     </span>
    </p>
   </div>
   <div class='ocr_carea' id='block_1_96' title="bbox 465 4705 2038 4784">
    <p class='ocr_par' dir='ltr' id='par_1_96' title="bbox 465 4705 2038 4784">
     <span class='ocr_line' id='line_1_96' title="bbox 465 4705 2038 4784; baseline 0.002 -23"><span class='ocrx_word' id='word_1_680' title='bbox 465 4705 824 4762; x_wconf 89' lang='lat' dir='ltr'><strong>Constantino</strong></span> <span class='ocrx_word' id='word_1_681' title='bbox 853 4708 1052 4763; x_wconf 84' lang='lat' dir='ltr'><strong>bellum</strong></span> <span class='ocrx_word' id='word_1_682' title='bbox 1085 4708 1286 4763; x_wconf 81' lang='lat' dir='ltr'><strong>inferre</strong></span> <span class='ocrx_word' id='word_1_683' title='bbox 1314 4709 1628 4776; x_wconf 86' lang='lat' dir='ltr'><strong>statuisset,</strong></span> <span class='ocrx_word' id='word_1_684' title='bbox 1669 4711 1829 4767; x_wconf 86' lang='lat' dir='ltr'><strong>simul</strong></span> <span class='ocrx_word' id='word_1_685' title='bbox 1872 4711 2038 4784; x_wconf 72' lang='lat'><strong>396</strong></span> 
     </span>
    </p>
   </div>
   <div class='ocr_carea' id='block_1_97' title="bbox 466 4801 2044 4873">
    <p class='ocr_par' dir='ltr' id='par_1_97' title="bbox 466 4801 2044 4873">
     <span class='ocr_line' id='line_1_97' title="bbox 466 4801 2044 4873; baseline 0.003 -21"><span class='ocrx_word' id='word_1_686' title='bbox 466 4802 631 4855; x_wconf 76' lang='lat' dir='ltr'><strong>etiam</strong></span> <span class='ocrx_word' id='word_1_687' title='bbox 672 4801 934 4855; x_wconf 87' lang='lat' dir='ltr'><strong>adversus</strong></span> <span class='ocrx_word' id='word_1_688' title='bbox 970 4816 1236 4856; x_wconf 87' lang='lat' dir='ltr'><strong>summum</strong></span> <span class='ocrx_word' id='word_1_689' title='bbox 1287 4803 1528 4856; x_wconf 88' lang='lat' dir='ltr'><strong>onmium</strong></span> <span class='ocrx_word' id='word_1_690' title='bbox 1581 4803 1747 4858; x_wconf 85' lang='lat' dir='ltr'><strong>Deum</strong></span> <span class='ocrx_word' id='word_1_691' title='bbox 1792 4821 1952 4873; x_wconf 88' lang='lat' dir='ltr'><strong>quem</strong></span> <span class='ocrx_word' id='word_1_692' title='bbox 2011 4820 2044 4856; x_wconf 90' lang='lat' dir='ltr'><strong>a</strong></span> 
     </span>
    </p>
   </div>
   <div class='ocr_carea' id='block_1_98' title="bbox 468 4893 2043 4963">
    <p class='ocr_par' dir='ltr' id='par_1_98' title="bbox 468 4893 2043 4963">
     <span class='ocr_line' id='line_1_98' title="bbox 468 4893 2043 4963; baseline -0.001 -15"><span class='ocrx_word' id='word_1_693' title='bbox 468 4893 827 4948; x_wconf 87' lang='lat' dir='ltr'><strong>Constantino</strong></span> <span class='ocrx_word' id='word_1_694' title='bbox 863 4893 964 4947; x_wconf 89' lang='lat' dir='ltr'><strong>coli</strong></span> <span class='ocrx_word' id='word_1_695' title='bbox 1009 4905 1356 4963; x_wconf 86' lang='lat' dir='ltr'><strong>cognoverat,</strong></span> <span class='ocrx_word' id='word_1_696' title='bbox 1387 4894 1620 4961; x_wconf 63' lang='lat' dir='ltr'><strong>praeliari</strong></span> <span class='ocrx_word' id='word_1_697' title='bbox 1648 4894 1904 4949; x_wconf 87' lang='lat' dir='ltr'><strong>instituit.</strong></span> <span class='ocrx_word' id='word_1_698' title='bbox 1944 4894 2043 4947; x_wconf 83' lang='lat' dir='ltr'><strong>De-</strong></span> 
     </span>
    </p>
   </div>
   <div class='ocr_carea' id='block_1_99' title="bbox 468 4983 2043 5052">
    <p class='ocr_par' dir='ltr' id='par_1_99' title="bbox 468 4983 2043 5052">
     <span class='ocr_line' id='line_1_99' title="bbox 468 4983 2043 5052; baseline -0.001 -15"><span class='ocrx_word' id='word_1_699' title='bbox 468 4983 600 5038; x_wconf 84' lang='lat' dir='ltr'><strong>hine</strong></span> <span class='ocrx_word' id='word_1_700' title='bbox 624 4984 858 5039; x_wconf 86' lang='lat' dir='ltr'><strong>cultores</strong></span> <span class='ocrx_word' id='word_1_701' title='bbox 882 4984 1048 5037; x_wconf 83' lang='lat' dir='ltr'><strong>divini</strong></span> <span class='ocrx_word' id='word_1_702' title='bbox 1075 4985 1316 5039; x_wconf 86' lang='lat' dir='ltr'><strong>numinis</strong></span> <span class='ocrx_word' id='word_1_703' title='bbox 1353 4984 1455 5039; x_wconf 88' lang='lat' dir='ltr'><strong>sub</strong></span> <span class='ocrx_word' id='word_1_704' title='bbox 1474 4985 1685 5038; x_wconf 89' lang='lat' dir='ltr'><strong>ditione</strong></span> <span class='ocrx_word' id='word_1_705' title='bbox 1713 4998 1808 5036; x_wconf 85' lang='lat' dir='ltr'><strong>sua</strong></span> <span class='ocrx_word' id='word_1_706' title='bbox 1842 4986 2043 5052; x_wconf 83' lang='lat' dir='ltr'><strong>degen-</strong></span> 
     </span>
    </p>
   </div>
   <div class='ocr_carea' id='block_1_100' title="bbox 471 5075 2041 5146">
    <p class='ocr_par' dir='ltr' id='par_1_100' title="bbox 471 5075 2041 5146">
     <span class='ocr_line' id='line_1_100' title="bbox 471 5075 2041 5146; baseline -0.001 -18"><span class='ocrx_word' id='word_1_707' title='bbox 471 5084 577 5134; x_wconf 82' lang='lat' dir='ltr'><strong>tes.</strong></span> <span class='ocrx_word' id='word_1_708' title='bbox 608 5076 698 5146; x_wconf 86' lang='lat' dir='ltr'><strong>qui</strong></span> <span class='ocrx_word' id='word_1_709' title='bbox 722 5075 861 5130; x_wconf 83' lang='lat' dir='ltr'><strong>nulla</strong></span> <span class='ocrx_word' id='word_1_710' title='bbox 890 5090 1124 5145; x_wconf 79' lang='lat' dir='ltr'><strong>unquam</strong></span> <span class='ocrx_word' id='word_1_711' title='bbox 1152 5075 1348 5143; x_wconf 84' lang='lat' dir='ltr'><strong>injuria</strong></span> <span class='ocrx_word' id='word_1_712' title='bbox 1372 5084 1463 5129; x_wconf 85' lang='lat' dir='ltr'><strong>aut</strong></span> <span class='ocrx_word' id='word_1_713' title='bbox 1484 5076 1728 5130; x_wconf 82' lang='lat' dir='ltr'><strong>molestia</strong></span> <span class='ocrx_word' id='word_1_714' title='bbox 1753 5075 2041 5142; x_wconf 88' lang='lat' dir='ltr'><strong>imperium</strong></span> 
     </span>
    </p>
   </div>
   <div class='ocr_carea' id='block_1_101' title="bbox 472 5165 2038 5238">
    <p class='ocr_par' dir='ltr' id='par_1_101' title="bbox 472 5165 2038 5238">
     <span class='ocr_line' id='line_1_101' title="bbox 472 5165 2038 5238; baseline -0.004 -13"><span class='ocrx_word' id='word_1_715' title='bbox 472 5166 644 5238; x_wconf 71' lang='lat' dir='ltr'><strong>ipsius</strong></span> <span class='ocrx_word' id='word_1_716' title='bbox 695 5165 1009 5235; x_wconf 68' lang='lat' dir='ltr'><strong>affecerant,</strong></span> <span class='ocrx_word' id='word_1_717' title='bbox 1051 5167 1250 5223; x_wconf 81' lang='lat' dir='ltr'><strong>sensim</strong></span> <span class='ocrx_word' id='word_1_718' title='bbox 1289 5181 1354 5220; x_wconf 82' lang='lat' dir='ltr'><strong>ac</strong></span> <span class='ocrx_word' id='word_1_719' title='bbox 1401 5167 1564 5222; x_wconf 87' lang='lat' dir='ltr'><strong>tacite</strong></span> <span class='ocrx_word' id='word_1_720' title='bbox 1596 5181 1911 5236; x_wconf 82' lang='lat' dir='ltr'><strong>oppugnare</strong></span> <span class='ocrx_word' id='word_1_721' title='bbox 1945 5180 2038 5236; x_wconf 67' lang='lat' dir='ltr'><strong>ago</strong></span> 
     </span>
    </p>
   </div>
   <div class='ocr_carea' id='block_1_102' title="bbox 544 5326 2041 5403">
    <p class='ocr_par' dir='ltr' id='par_1_102' title="bbox 544 5326 2041 5403">
     <span class='ocr_line' id='line_1_102' title="bbox 544 5326 2041 5403; baseline -0.003 -19"><span class='ocrx_word' id='word_1_722' title='bbox 544 5329 658 5403; x_wconf 83' lang='lat'><strong>(75)</strong></span> <span class='ocrx_word' id='word_1_723' title='bbox 690 5330 806 5400; x_wconf 83' lang='grc' dir='ltr'><strong>Τῆς</strong></span> <span class='ocrx_word' id='word_1_724' title='bbox 819 5331 888 5386; x_wconf 83' lang='grc' dir='ltr'>ἐκ</span> <span class='ocrx_word' id='word_1_725' title='bbox 907 5331 1176 5402; x_wconf 78' lang='grc' dir='ltr'>πατέρων</span> <span class='ocrx_word' id='word_1_726' title='bbox 1198 5332 1520 5401; x_wconf 73' lang='grc' dir='ltr'>εὐγενείας.</span> <span class='ocrx_word' id='word_1_727' title='bbox 1548 5328 1872 5403; x_wconf 80' lang='grc' dir='ltr'>Συγγενείας</span> <span class='ocrx_word' id='word_1_728' title='bbox 1899 5326 2041 5403; x_wconf 69' lang='lat' dir='ltr'><strong>vnlg.</strong></span> 
     </span>
    </p>
   </div>
   <div class='ocr_carea' id='block_1_103' title="bbox 475 5399 2043 5470">
    <p class='ocr_par' dir='ltr' id='par_1_103' title="bbox 475 5399 2043 5470">
     <span class='ocr_line' id='line_1_103' title="bbox 475 5399 2043 5470; baseline -0.003 -15"><span class='ocrx_word' id='word_1_729' title='bbox 475 5399 793 5466; x_wconf 71' lang='lat' dir='ltr'><strong>Amplecwr</strong></span> <span class='ocrx_word' id='word_1_730' title='bbox 823 5399 1262 5457; x_wconf 34' lang='lat' dir='ltr'><strong>emenda—tionem</strong></span> <span class='ocrx_word' id='word_1_731' title='bbox 1286 5399 1417 5470; x_wconf 65' lang='lat' dir='ltr'><strong>qua!</strong></span> <span class='ocrx_word' id='word_1_732' title='bbox 1458 5404 1523 5454; x_wconf 89' lang='lat' dir='ltr'><strong>ad</strong></span> <span class='ocrx_word' id='word_1_733' title='bbox 1555 5401 1849 5470; x_wconf 78' lang='lat' dir='ltr'><strong>marginem</strong></span> <span class='ocrx_word' id='word_1_734' title='bbox 1888 5399 2043 5470; x_wconf 85' lang='lat' dir='ltr'><strong>codi-</strong></span> 
     </span>
    </p>
   </div>
   <div class='ocr_carea' id='block_1_104' title="bbox 476 5468 2049 5547">
    <p class='ocr_par' dir='ltr' id='par_1_104' title="bbox 476 5468 2049 5547">
     <span class='ocr_line' id='line_1_104' title="bbox 476 5468 2049 5547; baseline -0.004 -22"><span class='ocrx_word' id='word_1_735' title='bbox 476 5474 557 5525; x_wconf 84' lang='lat' dir='ltr'><strong>cis</strong></span> <span class='ocrx_word' id='word_1_736' title='bbox 582 5471 822 5547; x_wconf 79' lang='lat' dir='ltr'><strong>Turnebi</strong></span> <span class='ocrx_word' id='word_1_737' title='bbox 856 5473 1091 5547; x_wconf 67' lang='lat' dir='ltr'><strong>ascripta</strong></span> <span class='ocrx_word' id='word_1_738' title='bbox 1125 5484 1208 5527; x_wconf 89' lang='lat' dir='ltr'><strong>est</strong></span> <span class='ocrx_word' id='word_1_739' title='bbox 1242 5468 1539 5541; x_wconf 82' lang='grc' dir='ltr'>εὐγενείας.</span> <span class='ocrx_word' id='word_1_740' title='bbox 1574 5468 1701 5547; x_wconf 79' lang='lat' dir='ltr'><strong>Erat</strong></span> <span class='ocrx_word' id='word_1_741' title='bbox 1732 5470 1873 5523; x_wconf 81' lang='lat' dir='ltr'><strong>enim</strong></span> <span class='ocrx_word' id='word_1_742' title='bbox 1893 5468 2049 5547; x_wconf 54' lang='lat' dir='ltr'><strong>pon-</strong></span> 
     </span>
    </p>
   </div>
   <div class='ocr_carea' id='block_1_105' title="bbox 479 5540 2051 5609">
    <p class='ocr_par' dir='ltr' id='par_1_105' title="bbox 479 5540 2051 5609">
     <span class='ocr_line' id='line_1_105' title="bbox 479 5540 2051 5609; baseline -0.004 -15"><span class='ocrx_word' id='word_1_743' title='bbox 479 5543 751 5595; x_wconf 88' lang='lat' dir='ltr'><strong>stantinus</strong></span> <span class='ocrx_word' id='word_1_744' title='bbox 783 5540 1128 5597; x_wconf 77' lang='lat' dir='ltr'><strong>nobilissimo</strong></span> <span class='ocrx_word' id='word_1_745' title='bbox 1164 5540 1363 5609; x_wconf 76' lang='lat' dir='ltr'><strong>genere</strong></span> <span class='ocrx_word' id='word_1_746' title='bbox 1387 5551 1569 5602; x_wconf 88' lang='lat' dir='ltr'><strong>natus,</strong></span> <span class='ocrx_word' id='word_1_747' title='bbox 1587 5541 1785 5608; x_wconf 88' lang='lat' dir='ltr'><strong>quippe</strong></span> <span class='ocrx_word' id='word_1_748' title='bbox 1817 5540 1908 5606; x_wconf 88' lang='lat' dir='ltr'><strong>qui</strong></span> <span class='ocrx_word' id='word_1_749' title='bbox 1940 5540 2051 5591; x_wconf 90' lang='lat' dir='ltr'><strong>ori-</strong></span> 
     </span>
    </p>
   </div>
   <div class='ocr_carea' id='block_1_106' title="bbox 481 5612 2052 5682">
    <p class='ocr_par' dir='ltr' id='par_1_106' title="bbox 481 5612 2052 5682">
     <span class='ocr_line' id='line_1_106' title="bbox 481 5612 2052 5682; baseline -0.001 -20"><span class='ocrx_word' id='word_1_750' title='bbox 481 5613 656 5678; x_wconf 67' lang='lat' dir='ltr'><strong>ginem</strong></span> <span class='ocrx_word' id='word_1_751' title='bbox 693 5612 879 5682; x_wconf 89' lang='lat' dir='ltr'><strong>stirpis</strong></span> <span class='ocrx_word' id='word_1_752' title='bbox 917 5628 1029 5668; x_wconf 66' lang='lat' dir='ltr'><strong>suae</strong></span> <span class='ocrx_word' id='word_1_753' title='bbox 1051 5614 1142 5666; x_wconf 80' lang='lat' dir='ltr'><strong>~ad</strong></span> <span class='ocrx_word' id='word_1_754' title='bbox 1179 5613 1459 5667; x_wconf 81' lang='lat' dir='ltr'><strong>Claudium</strong></span> <span class='ocrx_word' id='word_1_755' title='bbox 1529 5614 1909 5678; x_wconf 87' lang='lat' dir='ltr'><strong>imperatorem</strong></span> <span class='ocrx_word' id='word_1_756' title='bbox 1963 5621 2052 5661; x_wconf 85' lang='lat' dir='ltr'><strong>re-</strong></span> 
     </span>
    </p>
   </div>
   <div class='ocr_carea' id='block_1_107' title="bbox 486 5683 668 5737">
    <p class='ocr_par' dir='ltr' id='par_1_107' title="bbox 486 5683 668 5737">
     <span class='ocr_line' id='line_1_107' title="bbox 486 5683 668 5737; baseline 0.022 -5"><span class='ocrx_word' id='word_1_757' title='bbox 486 5683 668 5737; x_wconf 80' lang='lat' dir='ltr'><strong>terret.</strong></span> 
     </span>
    </p>
   </div>
   <div class='ocr_carea' id='block_1_108' title="bbox 474 5747 2060 5822">
    <p class='ocr_par' dir='ltr' id='par_1_108' title="bbox 474 5747 2060 5822">
     <span class='ocr_line' id='line_1_108' title="bbox 474 5747 2060 5822; baseline -0.003 -15"><span class='ocrx_word' id='word_1_758' title='bbox 474 5799 484 5813; x_wconf 82' lang='lat'><strong>.</strong></span> <span class='ocrx_word' id='word_1_759' title='bbox 557 5749 671 5822; x_wconf 67' lang='grc'><strong>(74)</strong></span> <span class='ocrx_word' id='word_1_760' title='bbox 716 5750 1016 5808; x_wconf 75' lang='grc' dir='ltr'>Τοσοῦτον</span> <span class='ocrx_word' id='word_1_761' title='bbox 1059 5748 1280 5819; x_wconf 80' lang='grc' dir='ltr'>ἀρετῆς</span> <span class='ocrx_word' id='word_1_762' title='bbox 1307 5749 1368 5803; x_wconf 79' lang='grc' dir='ltr'>τὸ</span> <span class='ocrx_word' id='word_1_763' title='bbox 1402 5748 1556 5821; x_wconf 67' lang='grc' dir='ltr'>μέγα</span> <span class='ocrx_word' id='word_1_764' title='bbox 1587 5747 1696 5817; x_wconf 81' lang='grc' dir='ltr'>τῆς</span> <span class='ocrx_word' id='word_1_765' title='bbox 1725 5747 2060 5820; x_wconf 65' lang='grc' dir='ltr'>θεοσεϐείας</span> 
     </span>
    </p>
   </div>
   <div class='ocr_carea' id='block_1_109' title="bbox 2141 4508 3692 4593">
    <p class='ocr_par' dir='ltr' id='par_1_109' title="bbox 2141 4508 3692 4593">
     <span class='ocr_line' id='line_1_109' title="bbox 2141 4508 3692 4593; baseline -0.009 -20"><span class='ocrx_word' id='word_1_766' title='bbox 2141 4520 2239 4593; x_wconf 72' lang='grc' dir='ltr'>ἤδη</span> <span class='ocrx_word' id='word_1_767' title='bbox 2254 4519 2349 4572; x_wconf 70' lang='grc' dir='ltr'><strong>καὶ</strong></span> <span class='ocrx_word' id='word_1_768' title='bbox 2371 4519 2511 4572; x_wconf 88' lang='grc' dir='ltr'><strong>κατά</strong></span> <span class='ocrx_word' id='word_1_769' title='bbox 2540 4517 2634 4571; x_wconf 87' lang='grc' dir='ltr'><strong>τοῦ</strong></span> <span class='ocrx_word' id='word_1_770' title='bbox 2660 4516 2794 4571; x_wconf 88' lang='grc' dir='ltr'>Θεοῦ</span> <span class='ocrx_word' id='word_1_771' title='bbox 2822 4515 2931 4568; x_wconf 89' lang='grc' dir='ltr'><strong>τῶν</strong></span> <span class='ocrx_word' id='word_1_772' title='bbox 2960 4516 3116 4580; x_wconf 82' lang='grc' dir='ltr'>ὅλων,</span> <span class='ocrx_word' id='word_1_773' title='bbox 3143 4513 3201 4568; x_wconf 76' lang='grc' dir='ltr'>ὃν</span> <span class='ocrx_word' id='word_1_774' title='bbox 3232 4512 3510 4584; x_wconf 76' lang='grc' dir='ltr'>ἠπίστατο</span> <span class='ocrx_word' id='word_1_775' title='bbox 3538 4508 3692 4563; x_wconf 81' lang='grc' dir='ltr'>σέϐειν</span> 
     </span>
    </p>
   </div>
   <div class='ocr_carea' id='block_1_110' title="bbox 2139 4596 3692 4681">
    <p class='ocr_par' dir='ltr' id='par_1_110' title="bbox 2139 4596 3692 4681">
     <span class='ocr_line' id='line_1_110' title="bbox 2139 4596 3692 4681; baseline -0.008 -17"><span class='ocrx_word' id='word_1_776' title='bbox 2139 4612 2322 4675; x_wconf 72' lang='grc' dir='ltr'>αὐτὸν,</span> <span class='ocrx_word' id='word_1_777' title='bbox 2343 4608 2778 4681; x_wconf 85' lang='grc' dir='ltr'>παρατάττεσθαι</span> <span class='ocrx_word' id='word_1_778' title='bbox 2802 4608 3043 4679; x_wconf 83' lang='grc' dir='ltr'>ὡρμᾶτο.</span> <span class='ocrx_word' id='word_1_779' title='bbox 3060 4605 3309 4660; x_wconf 81' lang='grc' dir='ltr'>Κάπειτα</span> <span class='ocrx_word' id='word_1_780' title='bbox 3321 4604 3451 4666; x_wconf 79' lang='grc' dir='ltr'>τοὺς</span> <span class='ocrx_word' id='word_1_781' title='bbox 3466 4596 3692 4666; x_wconf 74' lang='grc' dir='ltr'>ὐπάὐτῷ</span> 
     </span>
    </p>
   </div>
   <div class='ocr_carea' id='block_1_111' title="bbox 2141 4686 3689 4774">
    <p class='ocr_par' dir='ltr' id='par_1_111' title="bbox 2141 4686 3689 4774">
     <span class='ocr_line' id='line_1_111' title="bbox 2141 4686 3689 4774; baseline -0.011 -16"><span class='ocrx_word' id='word_1_782' title='bbox 2141 4703 2430 4768; x_wconf 87' lang='grc' dir='ltr'>θεοσεϐεῖς,</span> <span class='ocrx_word' id='word_1_783' title='bbox 2468 4701 2635 4774; x_wconf 86' lang='grc' dir='ltr'>μηδὲν</span> <span class='ocrx_word' id='word_1_784' title='bbox 2662 4701 2782 4772; x_wconf 83' lang='grc' dir='ltr'>μηδ’</span> <span class='ocrx_word' id='word_1_785' title='bbox 2807 4701 2943 4764; x_wconf 84' lang='grc' dir='ltr'>ὅλως</span> <span class='ocrx_word' id='word_1_786' title='bbox 2976 4697 3192 4752; x_wconf 58' lang='lat' dir='ltr'><strong>meme</strong></span> <span class='ocrx_word' id='word_1_787' title='bbox 3214 4694 3311 4767; x_wconf 75' lang='grc' dir='ltr'><strong>τὴν</strong></span> <span class='ocrx_word' id='word_1_788' title='bbox 3343 4694 3525 4766; x_wconf 76' lang='grc' dir='ltr'>ἀρχὴν</span> <span class='ocrx_word' id='word_1_789' title='bbox 3553 4686 3689 4746; x_wconf 84' lang='grc' dir='ltr'>αὐτοῦ</span> 
     </span>
    </p>
   </div>
   <div class='ocr_carea' id='block_1_112' title="bbox 2142 4786 3691 4867">
    <p class='ocr_par' dir='ltr' id='par_1_112' title="bbox 2142 4786 3691 4867">
     <span class='ocr_line' id='line_1_112' title="bbox 2142 4786 3691 4867; baseline -0.009 -18"><span class='ocrx_word' id='word_1_790' title='bbox 2142 4794 2382 4867; x_wconf 74' lang='grc' dir='ltr'>λυπηρὸν</span> <span class='ocrx_word' id='word_1_791' title='bbox 2411 4793 2782 4864; x_wconf 84' lang='grc' dir='ltr'>διαθεμένους,</span> <span class='ocrx_word' id='word_1_792' title='bbox 2820 4792 3006 4864; x_wconf 69' lang='grc' dir='ltr'>ἡρέμα</span> <span class='ocrx_word' id='word_1_793' title='bbox 3051 4790 3186 4852; x_wconf 85' lang='grc' dir='ltr'>τέως</span> <span class='ocrx_word' id='word_1_794' title='bbox 3240 4788 3335 4841; x_wconf 80' lang='grc' dir='ltr'><strong>καὶ</strong></span> <span class='ocrx_word' id='word_1_795' title='bbox 3389 4786 3573 4858; x_wconf 81' lang='grc' dir='ltr'>ἡσυχῆ</span> <span class='ocrx_word' id='word_1_796' title='bbox 3611 4798 3691 4834; x_wconf 83' lang='grc' dir='ltr'>πο-</span> 
     </span>
    </p>
   </div>
   <div class='ocr_carea' id='block_1_113' title="bbox 2143 4876 3691 4960">
    <p class='ocr_par' dir='ltr' id='par_1_113' title="bbox 2143 4876 3691 4960">
     <span class='ocr_line' id='line_1_113' title="bbox 2143 4876 3691 4960; baseline -0.008 -18"><span class='ocrx_word' id='word_1_797' title='bbox 2143 4888 2377 4960; x_wconf 81' lang='grc' dir='ltr'>λιορκεῖν</span> <span class='ocrx_word' id='word_1_798' title='bbox 2410 4885 2727 4939; x_wconf 69' lang='grc' dir='ltr'>ἐπεϐάλετοδ·</span> <span class='ocrx_word' id='word_1_799' title='bbox 2752 4885 2848 4937; x_wconf 75' lang='grc' dir='ltr'>καὶ</span> <span class='ocrx_word' id='word_1_800' title='bbox 2879 4883 3020 4937; x_wconf 83' lang='grc' dir='ltr'>τοῦτ’</span> <span class='ocrx_word' id='word_1_801' title='bbox 3045 4882 3300 4952; x_wconf 74' lang='grc' dir='ltr'>ἔπραττε,</span> <span class='ocrx_word' id='word_1_802' title='bbox 3327 4879 3524 4944; x_wconf 82' lang='grc' dir='ltr'>δεινῶς</span> <span class='ocrx_word' id='word_1_803' title='bbox 3558 4876 3691 4932; x_wconf 75' lang='grc' dir='ltr'>ἀϐλεο</span> 
     </span>
    </p>
   </div>
   <div class='ocr_carea' id='block_1_114' title="bbox 2143 4965 3688 5051">
    <p class='ocr_par' dir='ltr' id='par_1_114' title="bbox 2143 4965 3688 5051">
     <span class='ocr_line' id='line_1_114' title="bbox 2143 4965 3688 5051; baseline -0.009 -18"><span class='ocrx_word' id='word_1_804' title='bbox 2143 4983 2299 5033; x_wconf 89' lang='grc' dir='ltr'>πτεῖν</span> <span class='ocrx_word' id='word_1_805' title='bbox 2333 4978 2438 5032; x_wconf 78' lang='grc' dir='ltr'>ὐπὸ</span> <span class='ocrx_word' id='word_1_806' title='bbox 2462 4979 2560 5049; x_wconf 86' lang='grc' dir='ltr'>τῆς</span> <span class='ocrx_word' id='word_1_807' title='bbox 2587 4976 2829 5047; x_wconf 78' lang='grc' dir='ltr'>ἐμφύτου</span> <span class='ocrx_word' id='word_1_808' title='bbox 2866 4973 3068 5051; x_wconf 59' lang='grc' dir='ltr'>κακίας</span> <span class='ocrx_word' id='word_1_809' title='bbox 3097 4971 3540 5043; x_wconf 75' lang='grc' dir='ltr'>ἠναγκασμένος.</span> <span class='ocrx_word' id='word_1_810' title='bbox 3586 4965 3688 5021; x_wconf 78' lang='grc' dir='ltr'><strong>οὔτ¹</strong></span> 
     </span>
    </p>
   </div>
   <div class='ocr_carea' id='block_1_115' title="bbox 2145 5060 3690 5143">
    <p class='ocr_par' dir='ltr' id='par_1_115' title="bbox 2145 5060 3690 5143">
     <span class='ocr_line' id='line_1_115' title="bbox 2145 5060 3690 5143; baseline -0.008 -18"><span class='ocrx_word' id='word_1_811' title='bbox 2145 5067 2238 5125; x_wconf 77' lang='grc' dir='ltr'><strong>οὖν</strong></span> <span class='ocrx_word' id='word_1_812' title='bbox 2273 5070 2368 5143; x_wconf 84' lang='grc' dir='ltr'>τὴν</span> <span class='ocrx_word' id='word_1_813' title='bbox 2405 5071 2623 5141; x_wconf 82' lang='grc' dir='ltr'>μνήμην</span> <span class='ocrx_word' id='word_1_814' title='bbox 2652 5068 2759 5121; x_wconf 87' lang='grc' dir='ltr'><strong>τῶν</strong></span> <span class='ocrx_word' id='word_1_815' title='bbox 2787 5066 2892 5139; x_wconf 78' lang='grc' dir='ltr'><strong>πρὸ</strong></span> <span class='ocrx_word' id='word_1_816' title='bbox 2948 5062 3109 5118; x_wconf 78' lang='grc' dir='ltr'>αὐτοῦ</span> <span class='ocrx_word' id='word_1_817' title='bbox 3138 5063 3499 5136; x_wconf 80' lang='grc' dir='ltr'>Χριστιανοὺς</span> <span class='ocrx_word' id='word_1_818' title='bbox 3532 5060 3690 5116; x_wconf 77' lang='grc' dir='ltr'>ἐκδιω-</span> 
     </span>
    </p>
   </div>
   <div class='ocr_carea' id='block_1_116' title="bbox 2149 5147 3693 5231">
    <p class='ocr_par' dir='ltr' id='par_1_116' title="bbox 2149 5147 3693 5231">
     <span class='ocr_line' id='line_1_116' title="bbox 2149 5147 3693 5231; baseline -0.006 -18"><span class='ocrx_word' id='word_1_819' title='bbox 2149 5160 2352 5231; x_wconf 73' lang='grc' dir='ltr'>ξάντων</span> <span class='ocrx_word' id='word_1_820' title='bbox 2397 5161 2502 5231; x_wconf 88' lang='grc' dir='ltr'><strong>πρὸ</strong></span> <span class='ocrx_word' id='word_1_821' title='bbox 2538 5157 2827 5228; x_wconf 83' lang='grc' dir='ltr'>ὀφθαλμῶν</span> <span class='ocrx_word' id='word_1_822' title='bbox 2871 5156 3042 5222; x_wconf 75' lang='grc' dir='ltr'>ἔθετο,</span> <span class='ocrx_word' id='word_1_823' title='bbox 3093 5155 3201 5209; x_wconf 90' lang='grc' dir='ltr'>οὐδ’</span> <span class='ocrx_word' id='word_1_824' title='bbox 3227 5147 3303 5208; x_wconf 82' lang='grc' dir='ltr'>ὧν</span> <span class='ocrx_word' id='word_1_825' title='bbox 3340 5154 3507 5217; x_wconf 83' lang='grc' dir='ltr'>αὐτὸς</span> <span class='ocrx_word' id='word_1_826' title='bbox 3524 5147 3693 5218; x_wconf 57' lang='grc' dir='ltr'>ὀλετὴρι</span> 
     </span>
    </p>
   </div>
   <div class='ocr_carea' id='block_1_117' title="bbox 2148 5314 3689 5394">
    <p class='ocr_par' dir='ltr' id='par_1_117' title="bbox 2148 5314 3689 5394">
     <span class='ocr_line' id='line_1_117' title="bbox 2148 5314 3689 5394; baseline -0.016 -13"><span class='ocrx_word' id='word_1_827' title='bbox 2148 5328 2361 5381; x_wconf 72' lang='grc' dir='ltr'>ὅπλον.</span> <span class='ocrx_word' id='word_1_828' title='bbox 2414 5320 2754 5394; x_wconf 80' lang='lat' dir='ltr'><strong>Nicephorus</strong></span> <span class='ocrx_word' id='word_1_829' title='bbox 2817 5316 3294 5394; x_wconf 53' lang='grc' dir='ltr'>νοσοίη-ἀρετῆς,</span> <span class='ocrx_word' id='word_1_830' title='bbox 3344 5314 3553 5394; x_wconf 76' lang='lat' dir='ltr'><strong>quippe</strong></span> <span class='ocrx_word' id='word_1_831' title='bbox 3592 5320 3689 5394; x_wconf 70' lang='lat' dir='ltr'><strong>qua:</strong></span> 
     </span>
    </p>
   </div>
   <div class='ocr_carea' id='block_1_118' title="bbox 2151 5386 3778 5461">
    <p class='ocr_par' dir='ltr' id='par_1_118' title="bbox 2151 5386 3778 5461">
     <span class='ocr_line' id='line_1_118' title="bbox 2151 5386 3778 5461; baseline -0.01 -10"><span class='ocrx_word' id='word_1_832' title='bbox 2151 5409 2371 5452; x_wconf 87' lang='lat' dir='ltr'><strong>sensum</strong></span> <span class='ocrx_word' id='word_1_833' title='bbox 2414 5386 2679 5453; x_wconf 79' lang='lat' dir='ltr'><strong>turbaret,</strong></span> <span class='ocrx_word' id='word_1_834' title='bbox 2705 5389 2985 5456; x_wconf 78' lang='lat' dir='ltr'><strong>expunxit.</strong></span> <span class='ocrx_word' id='word_1_835' title='bbox 3022 5386 3426 5461; x_wconf 54' lang='lat' dir='ltr'><strong>Exstattamen</strong></span> <span class='ocrx_word' id='word_1_836' title='bbox 3460 5386 3687 5461; x_wconf 65' lang='lat' dir='ltr'><strong>in_onini-</strong></span> <span class='ocrx_word' id='word_1_837' title='bbox 3767 5427 3778 5435; x_wconf 91' lang='lat'><strong>.</strong></span> 
     </span>
    </p>
   </div>
   <div class='ocr_carea' id='block_1_119' title="bbox 2151 5454 3699 5527">
    <p class='ocr_par' dir='ltr' id='par_1_119' title="bbox 2151 5454 3699 5527">
     <span class='ocr_line' id='line_1_119' title="bbox 2151 5454 3699 5527; baseline -0.014 -6"><span class='ocrx_word' id='word_1_838' title='bbox 2151 5468 2253 5521; x_wconf 90' lang='lat' dir='ltr'><strong>bus</strong></span> <span class='ocrx_word' id='word_1_839' title='bbox 2282 5462 2484 5515; x_wconf 81' lang='lat' dir='ltr'><strong>nostris</strong></span> <span class='ocrx_word' id='word_1_840' title='bbox 2513 5454 2817 5523; x_wconf 74' lang='lat' dir='ltr'><strong>codicibus,</strong></span> <span class='ocrx_word' id='word_1_841' title='bbox 2866 5469 2920 5512; x_wconf 90' lang='lat' dir='ltr'><strong>et</strong></span> <span class='ocrx_word' id='word_1_842' title='bbox 2971 5460 3119 5527; x_wconf 82' lang='lat' dir='ltr'><strong>apud</strong></span> <span class='ocrx_word' id='word_1_843' title='bbox 3166 5454 3442 5510; x_wconf 81' lang='lat' dir='ltr'><strong>Gelasium</strong></span> <span class='ocrx_word' id='word_1_844' title='bbox 3490 5454 3699 5527; x_wconf 46' lang='lat' dir='ltr'><strong>gyzicr:</strong></span> 
     </span>
    </p>
   </div>
   <div class='ocr_carea' id='block_1_120' title="bbox 2153 5516 3699 5600">
    <p class='ocr_par' dir='ltr' id='par_1_120' title="bbox 2153 5516 3699 5600">
     <span class='ocr_line' id='line_1_120' title="bbox 2153 5516 3699 5600; baseline -0.004 -12"><span class='ocrx_word' id='word_1_845' title='bbox 2338 5530 2524 5600; x_wconf 78' lang='lat' dir='ltr'><strong>itaque</strong></span> <span class='ocrx_word' id='word_1_846' title='bbox 2566 5516 2850 5600; x_wconf 71' lang='lat' dir='ltr'><strong>videndum</strong></span> <span class='ocrx_word' id='word_1_847' title='bbox 2900 5542 2966 5600; x_wconf 80' lang='lat' dir='ltr'><strong>an</strong></span> <span class='ocrx_word' id='word_1_848' title='bbox 2991 5516 3126 5600; x_wconf 64' lang='grc' dir='ltr'><strong>ΔἸοςί</strong></span> <span class='ocrx_word' id='word_1_849' title='bbox 3149 5527 3333 5600; x_wconf 53' lang='lat' dir='ltr'><strong>possit</strong></span> <span class='ocrx_word' id='word_1_850' title='bbox 3366 5516 3699 5600; x_wconf 37' lang='lat' dir='ltr'><strong>“rop’pﬁ‘loﬂfb:</strong></span> 
     </span>
    </p>
   </div>
   <div class='ocr_carea' id='block_1_121' title="bbox 2161 5588 3689 5677">
    <p class='ocr_par' dir='ltr' id='par_1_121' title="bbox 2161 5588 3689 5677">
     <span class='ocr_line' id='line_1_121' title="bbox 2161 5588 3689 5677; baseline -0.012 -18"><span class='ocrx_word' id='word_1_851' title='bbox 2161 5588 2297 5677; x_wconf 76' lang='grc' dir='ltr'>μέγα</span> <span class='ocrx_word' id='word_1_852' title='bbox 2325 5588 2635 5677; x_wconf 68' lang='grc' dir='ltr'>θεοσεϐείας</span> <span class='ocrx_word' id='word_1_853' title='bbox 2673 5588 3103 5677; x_wconf 46' lang='grc' dir='ltr'>ἀρετῆςηᾷπλονῖ</span> <span class='ocrx_word' id='word_1_854' title='bbox 3146 5588 3237 5677; x_wconf 39' lang='lat' dir='ltr'><strong>Sile</strong></span> <span class='ocrx_word' id='word_1_855' title='bbox 3281 5588 3689 5677; x_wconf 37' lang='lat' dir='ltr'><strong>Eusebin‘sinl&#39;ria</strong></span> 
     </span>
    </p>
   </div>
   <div class='ocr_carea' id='block_1_122' title="bbox 2164 5658 3688 5738">
    <p class='ocr_par' dir='ltr' id='par_1_122' title="bbox 2164 5658 3688 5738">
     <span class='ocr_line' id='line_1_122' title="bbox 2164 5658 3688 5738; baseline -0.014 -8"><span class='ocrx_word' id='word_1_856' title='bbox 2164 5658 2218 5731; x_wconf 82' lang='lat' dir='ltr'><strong>in</strong></span> <span class='ocrx_word' id='word_1_857' title='bbox 2243 5658 2353 5728; x_wconf 75' lang='lat' dir='ltr'><strong>line</strong></span> <span class='ocrx_word' id='word_1_858' title='bbox 2386 5674 2540 5738; x_wconf 84' lang='lat' dir='ltr'><strong>hujus</strong></span> <span class='ocrx_word' id='word_1_859' title='bbox 2568 5658 2687 5729; x_wconf 76' lang='lat' dir='ltr'><strong>libri</strong></span> <span class='ocrx_word' id='word_1_860' title='bbox 2714 5658 3254 5738; x_wconf 74' lang='grc' dir='ltr'>θεοάἐϐείαςάρετήν</span> <span class='ocrx_word' id='word_1_861' title='bbox 3282 5664 3435 5731; x_wconf 83' lang='lat' dir='ltr'><strong>dicit,</strong></span> <span class='ocrx_word' id='word_1_862' title='bbox 3474 5672 3532 5718; x_wconf 85' lang='lat' dir='ltr'><strong>et</strong></span> <span class='ocrx_word' id='word_1_863' title='bbox 3565 5663 3611 5715; x_wconf 88' lang='lat' dir='ltr'><strong>in</strong></span> <span class='ocrx_word' id='word_1_864' title='bbox 3636 5658 3688 5710; x_wconf 61' lang='lat' dir='ltr'><strong>lio</strong></span> 
     </span>
    </p>
   </div>
   <div class='ocr_carea' id='block_1_123' title="bbox 2167 5737 3143 5803">
    <p class='ocr_par' dir='ltr' id='par_1_123' title="bbox 2167 5737 3143 5803">
     <span class='ocr_line' id='line_1_123' title="bbox 2167 5737 3143 5803; baseline -0.014 0"><span class='ocrx_word' id='word_1_865' title='bbox 2167 5748 2266 5803; x_wconf 84' lang='lat' dir='ltr'><strong>bro</strong></span> <span class='ocrx_word' id='word_1_866' title='bbox 2292 5760 2311 5799; x_wconf 83' lang='grc' dir='ltr'><strong>ι</strong></span> <span class='ocrx_word' id='word_1_867' title='bbox 2346 5742 2419 5797; x_wconf 69' lang='grc' dir='ltr'>οε</span> <span class='ocrx_word' id='word_1_868' title='bbox 2450 5743 2555 5796; x_wconf 80' lang='lat' dir='ltr'><strong>rita</strong></span> <span class='ocrx_word' id='word_1_869' title='bbox 2591 5739 2940 5803; x_wconf 74' lang='lat' dir='ltr'><strong>Constantini,</strong></span> <span class='ocrx_word' id='word_1_870' title='bbox 2972 5737 3143 5791; x_wconf 82' lang='lat' dir='ltr'><strong>initio.</strong></span> 
     </span>
    </p>
   </div>
  </div>
