3858 6260
107 307 192 363 891

1107 289 1459 349 HlSTORlAﬂ
1502 293 2066 354 ECCLESIASTICJE
2110 297 2239 353 LIB.
2282 296 2351 354 Χ.

3247 310 3354 368 898

105 427 186 482 καὶ
204 420 458 494 τιμωρὸς,
483 418 550 472 δι’
568 417 630 480 ἃς
659 412 920 488 μετῆλθον
939 411 1211 478 ἀσεϐείας,
1236 414 1496 486 κατέστη.
1515 415 1651 470 Ἀλλι

1777 434 1996 488 gressus
2031 430 2134 474 est.
2170 420 2348 490 Atque
2382 420 2432 473 id
2465 420 2683 492 agebat,
2713 421 2900 478 innata
2933 425 3164 494 quadam
3198 427 3358 480 mali-

107 517 201 588 γάρ
219 512 308 567 τοῦ
345 509 620 581 σώφρονος
652 503 948 575 ἐκτραπεὶς
972 503 1256 574 λογισμοῦ,
1292 505 1591 577 διαρρήδην
1610 506 1667 560 δὲ

112 605 279 680 μανεὶς
306 601 404 664 τὰς
437 599 660 672 φρένας,
693 596 782 649 τὸν
816 596 947 648 Θεὸν
970 595 1130 649 αὐτὸν
1163 590 1249 648 οἷα
1273 595 1335 667 δὴ
1368 599 1665 651 Κωνσταν-

109 703 232 755 τίνου
269 695 479 768 βοηθὸν,
527 692 644 745 ἀντὶ
677 689 769 742 τοῦ
803 688 1167 760 βοηθουμένου
1212 690 1468 761 πολεμεῖν
1499 689 1666 760 ἐγνώ-

109 813 197 848 κει.
237 790 342 844 Καὶ
388 786 581 859 πρῶτα
639 783 737 855 μὲν
771 784 872 853 τῆς
917 782 1092 842 οἰκίας
1130 783 1231 853 τῆς
1275 783 1438 836 αὑτοῦ
1488 785 1665 839 πάντα

109 880 401 954 Χριστιανὸν
437 875 749 937 ἀπελαύνει,
781 873 984 944 ἔρημον
1010 871 1169 950 αὐτὸς
1192 872 1358 925 αὑτὸν
1386 875 1414 926 ὁ
1435 872 1666 938 δείλαιος

109 975 191 1044 τῆς
232 972 431 1024 τούτων
483 963 751 1027 καθιστὰς
801 963 944 1034 ὑπὲρ
1004 961 1168 1016 αὐτοῦ
1221 964 1357 1033 πρὸς
1397 967 1487 1017 τὸν
1533 964 1664 1018 Θεὸν

111 1069 270 1139 εύγῆς,
311 1064 381 1135 ἣν
433 1062 576 1132 ὑπὲρ
624 1058 878 1112 ἁπάντων
912 1057 1095 1120 αὐτοῖς
1129 1057 1402 1110 ποιεῖσθαι
1435 1058 1664 1130 πάτριον

115 1161 316 1233 μάθημα
344 1154 640 1226 τυγχάνει·
684 1146 800 1203 εἶτα
853 1148 911 1202 δὲ
955 1151 1081 1214 τοὺς
1127 1148 1270 1203 κατὰ
1311 1150 1464 1203 πόλιν
1497 1167 1662 1222 στρα-

112 1253 282 1314 τιώτας
315 1249 424 1319 (75)
477 1245 831 1318 ὲκκρίνεσθαι
861 1242 955 1296 κοιλ¹
987 1241 1389 1295 ἀποϐάλλεσθαι
1421 1243 1514 1296 τοῦ
1563 1244 1662 1314 τῆς

111 1345 250 1415 τιμῆς
278 1339 606 1410 ἀξιώματος,
647 1339 695 1390 εἰ
733 1335 806 1407 μὴ
839 1337 951 1397 τοῖς
983 1333 1201 1404 δαίμοσι
1230 1333 1376 1387 θύειν
1406 1335 1659 1404 αἱροῖντο,

114 1432 535 1507 παρακελεύεται.
572 1431 681 1483 Καὶ
721 1428 799 1480 ἔτι
833 1443 896 1495 γε
925 1423 1094 1478 ταῦτα
1129 1421 1200 1496 ἦν
1232 1425 1422 1497 μικρὰ,
1458 1429 1522 1498 τῇ
1555 1427 1662 1481 τῶν

116 1527 347 1601 μειζόνων
373 1523 774 1595 συγκρινόμενα
813 1519 1131 1590 παραθέσει.
1164 1520 1228 1572 Τί
1257 1520 1338 1573 δεῖ
1366 1519 1567 1574 τούτων
1593 1521 1662 1576 τὰ

114 1622 387 1676 καθέκαστα
415 1618 506 1670 καὶ
537 1615 680 1670 κατά
717 1614 882 1687 μέρος
915 1612 992 1684 τῷ
1015 1612 1260 1684 θεομισεῖ
1291 1614 1663 1686 πεπραγμένα

116 1710 458 1786 μνημονεύειν,
488 1710 639 1772 ὅπως
672 1725 730 1760 τε
765 1707 961 1778 νόμους
996 1705 1230 1776 ἀνόμους
1276 1707 1304 1758 ὁ
1334 1707 1661 1778 παρανομὼ-

113 1821 246 1866 τατος
265 1801 473 1872 ἐξεῦρες
513 1798 656 1863 Τούς
682 1799 746 1867 γέ
768 1815 848 1851 τοι
889 1799 946 1850 ὲν
970 1799 1090 1860 ταῖς
1117 1799 1359 1866 εἱρκταῖς
1380 1797 1658 1852 ταλαιπω-

118 1897 394 1969 ρουμένους,
417 1893 729 1965 ἐνομοθέτει
763 1890 963 1962 μηδένα
983 1889 1264 1960 μεταδόσει
1293 1891 1501 1962 τροφῆς
1537 1891 1658 1960 φιλ-

115 1984 546 2057 ανθρωπεύεσθαι,
598 1982 724 2054 μηδ’
750 1980 918 2034 ἐλεεῖν
958 1981 1085 2044 τοὺς
1129 1981 1186 2033 ὲν
1229 1980 1446 2052 δεσμοῖς
1513 1981 1656 2055 λιμῷ

115 2075 576 2147 διαφθειρομένους,
609 2071 942 2144 μηδ’ἁπλῶς
991 2071 1192 2139 ἀγαθὸν
1239 2067 1378 2126 εἶναι
1431 2073 1654 2144 μηδένα,

119 2165 426 2238 μηδ’ἁγαθόν
465 2183 519 2219 τι
560 2164 842 2235 πράττειν,
873 2160 1000 2225 τοὺς
1040 2162 1132 2214 καὶ⁸
1171 2162 1308 2234 πρὸς
1348 2163 1516 2234 αὐτῆς
1558 2165 1657 2235 τῆς

117 2261 295 2329 φύσεως
317 2258 403 2310 ἐπὶ
433 2258 492 2312 τὸ
526 2254 808 2328 συμπαθὲς
834 2251 939 2305 τῶν
968 2252 1134 2316 πέλας
1171 2254 1511 2324 ἑλκομένους.
1547 2256 1657 2308 Καὶ

116 2347 169 2421 ἦν
191 2368 243 2419 γε
267 2350 432 2420 νόμων
459 2339 620 2411 οὗτος
661 2346 920 2416 ἄντικρυς
957 2343 1180 2413 ἀναιδὴς
1218 2345 1313 2397 καὶ
1348 2345 1658 2417 ἀπηνέστα-

117 2460 205 2505 τος,
230 2443 392 2495 πᾶσαν
417 2441 450 2511 ἦ
460 2458 527 2511 με
540 2457 629 2510 ρον
650 2437 1002 2510 ὑπερεξάγων
1029 2437 1190 2508 φύσιν
1214 2437 1348 2509 (76),
1385 2437 1469 2506 ἐφ’
1563 2437 1657 2489 καὶ

117 2533 319 2605 τιμωρία
347 2534 689 2605 προσέκειτο,
718 2531 844 2594 τοὺς
879 2530 1164 2594 ἐλεοῦντας
1193 2530 1261 2583 τά
1306 2531 1394 2583 ίσα
1429 2530 1656 2600 πάσχειν

117 2629 208 2685 τοῖς
245 2626 593 2696 ἐλεουμένοις,
632 2626 850 2696 δεσμοῖς
897 2641 958 2676 τε
993 2625 1088 2678 καὶ
1127 2625 1394 2692 φυλακαῖς
1439 2623 1658 2694 καθείρ-

119 2720 434 2790 γνυσθαι,τὴν
469 2719 600 2789 ῖσην
627 2723 738 2784 τοῖς
761 2738 1068 2775 καταπονου
1078 2720 1259 2792 μένοις
1282 2717 1657 2789 ὑπομένοντας

120 2814 364 2886 τιμωρίαν,
391 2815 517 2877 τοὺς
553 2813 620 2866 τὰ
654 2813 1009 2886 φιλάνθρωπα
1038 2811 1502 2883 διακονουμένους.
1536 2811 1658 2864 Τοι-

121 2907 252 2960 αὗται
269 2908 318 2960 αἱ
336 2906 610 2962 Λικιννίου
639 2905 928 2970 διατάξεις.
965 2905 1029 2959 Τί
1052 2907 1154 2979 χρὴ
1172 2905 1270 2969 τὰς
1302 2905 1430 2978 περὶ
1462 2905 1655 2977 γάμων

120 2999 424 3069 καινοτομίας
454 2997 910 3070 ἀπαριθμεῖσθαι,
946 2999 978 3069 ἢ
1009 2999 1133 3062 τοὺς
1162 3000 1255 3052 ἐπὶ
1284 3001 1394 3062 τοῖς
1421 2998 1512 3050 τὸν
1545 2997 1656 3068 βίον

124 3091 497 3161 μεταλλαττουσι
540 3091 650 3161 (77)
681 3091 1079 3161 νεωτερισμοὺς
1109 3090 1296 3156 αὑτοῦ,
1335 3089 1401 3142 δι’
1428 3082 1502 3144 ὧν
1531 3090 1656 3154 τοὺς

123 3183 344 3247 παλαιοὺς
386 3183 673 3255 Ῥωμαίων
711 3178 769 3236 εὖ
798 3183 890 3235 καὶ
929 3181 1108 3252 σοφῶς
1142 3182 1427 3252 κειμένους
1457 3181 1654 3252 νόμους

124 3276 410 3347 περιγράψαι
436 3276 746 3346 τολμήσας,
783 3273 1090 3347 βαρϐάρους
1120 3275 1274 3338 τινὰς
1318 3274 1411 3328 καὶ
1446 3273 1654 3345 ἀνημέ-

125 3384 226 3432 nou;
253 3369 530 3439 ἀντεισῆγε
561 3367 777 3438 νόμους,
806 3365 1041 3436 ἀνόμους
1075 3365 1150 3428 ὡς
1185 3363 1398 3436 ἀληθῶς
1430 3363 1524 3416 καὶ
1552 3380 1656 3416 πα-

179 3523 273 3596 (75)
306 3523 442 3596 Τοὺς
491 3520 896 3596 κατὰ-πόλιν-
920 3518 1301 3596 στρατιώτας.
1337 3518 1437 3596 _|n_
1461 3517 1600 3573 libro
1629 3535 1644 3573 l

125 3588 298 3649 De'vt'ta
337 3588 696 3653 Constantini,
726 3605 846 3657 cap.
879 3589 968 3651 54,
998 3592 1114 3643 bu-c
1149 3594 1306 3658 paulo
1331 3588 1509 3642 fusius
1548 3605 1646 3641 ex-

124 3666 353 3732 plicantur
379 3665 459 3718 his
484 3661 671 3732 verbis
699 3679 713 3716 :
745 3660 927 3732 Γυμνῇ
957 3660 1141 3732 λοιπὸν
1161 3663 1226 3730 τῇ
1260 3658 1485 3732 κεφαλῇ.
1524 3659 1648 3732 τοὺς

125 3729 240 3806 κατά
277 3735 415 3806 πόλιν
445 3729 803 3806 στρατιώτας,
824 3729 1175 3806 ςὴγεμονικῶν
1205 3729 1496 3806 ταγμάτων
1523 3731 1648 3783 ἀπο-

126 3803 390 3866 δάλλεσθαι,
422 3807 468 3858 εἰ
609 3803 720 3874 τοῖς
749 3800 995 3874 δαίμοσιν
1023 3803 1267 3874 αἱροῖντο.
1294 3800 1460 3874 θύειν,
1501 3817 1648 3874 παρ-

128 3876 380 3929 εκελεύετο·
433 3869 764 3944 ἐγυμνοιξντο
787 3871 920 3944 δῆτα
961 3869 1105 3944 μτῶνὲ
1142 3870 1310 3944 κατάᾼ
1343 3869 1650 3944 πᾶν-ἔθνος

127 3945 404 4018 ἀξιωμάτων
457 3939 764 4018 αἱγξτάξεις
819 3939 1025 4018 ἀνδρῷν
1083 3940 1370 4018 Osos-369?).
1422 3939 1479 3994 ld
1529 3948 1644 4018 est;

132 4011 406 4070 «Tandem
481 4014 710 4082 abjeetis
776 4012 1112 4080 ambagibus,
1170 4012 1443 4082 perl'ricta
1503 4011 1645 4082 quod

128 4087 252 4140 aiunt
298 4087 464 4140 fronte
511 4081 769 4144 tlecrevil,
825 4091 884 4134 ul
927 4082 1124 4135 milites
1159 4082 1250 4150 qui
1280 4097 1373 4148 per
1403 4081 1646 4150 singulas

129 4157 545 4224 urbesjudicibus
584 4153 936 4224 apparebant,
979 4151 1079 4204 nisi
1112 4151 1446 4224 daemonibus
1478 4152 1647 4224 sacri-

131 4221 514 4286 ﬁcareinalleut,
551 4221 631 4278 ab
652 4223 992 4292 apparitione
1019 4221 1335 4292 prgrsidialis
1362 4221 1524 4274 oliicii
1560 4236 1647 4276 re-

130 4307 452 4350 moverentur.
489 4289 921 4350 Proinde—olliuia
961 4289 1371 4358 magistratuum
1406 4307 1499 4360 per
1528 4292 1644 4344 sin-

131 4365 256 4429 gulas
289 4367 606 4437 provincias,
641 4364 772 4437 viris
799 4363 1006 4437 piis_ac
1036 4361 1301 4437 religiosis
1345 4360 1646 4437 Dei_culto-

132 4437 254 4490 ribus
276 4432 625 4491 nudabantur.
666 4453 685 4485 ι
719 4433 833 4486 Non
861 4434 1059 4486 mirum
1090 4443 1171 4485 est
1201 4432 1313 4484 bmc
1342 4447 1368 4482 a
1401 4432 1646 4486 Christo-

1771 510 1842 564 tia
1871 510 2230 566 densissimas
2269 511 2317 566 ei
2362 513 2615 568 tenebras
2647 512 2981 570 oﬂ‘undente.
3022 515 3209 588 Itaque
3253 534 3356 574 nec

1767 617 1955 658 eorum
2012 603 2102 672 qui
2153 613 2280 658 ante
2315 605 2490 673 ipsum
2530 604 2877 661 Christianos
2910 611 3182 676 persecuti
3230 609 3354 664 lue-

1768 704 1918 757 rant,
1975 693 2280 764 exemplum
2343 705 2468 748 ante
2515 695 2706 749 oculos
2749 697 2850 750 sibi
2891 700 3201 768 proposuit,
3251 716 3351 755 nec

1769 784 1982 839 illorum
2039 800 2270 855 quorum
2341 786 2454 855 ipse
2516 786 2662 841 ultor
2714 797 2876 857 atque
2925 791 3226 844 exstinctor
3282 793 3351 847 ad

1768 877 2232 947 comprimendam
2294 878 2510 932 illorum
2565 879 2898 949 impietatem
2927 881 3103 936 fuerat
3144 884 3350 938 consti-

1769 976 1936 1023 tutus.
1984 969 2090 1024 Sed
2124 987 2152 1022 a
2195 979 2342 1024 recta
2398 971 2612 1026 ratione
2663 972 2960 1038 aberrans,
3021 988 3115 1028 seu
3168 975 3348 1043 potius

1766 1071 1952 1131 aperta
1981 1072 2266 1132 correptus
2309 1063 2540 1129 insania,
2573 1064 2744 1119 Deum
2776 1065 2950 1131 ipsum
2995 1064 3183 1133 utpote
3205 1066 3348 1120 Con-

1767 1153 1993 1208 stantini
2027 1154 2356 1222 adjutorem,
2384 1156 2502 1225 ejus
2524 1155 2616 1227 qui
2653 1157 3020 1226 adjuvabatur
3049 1158 3169 1214 loco
3212 1161 3346 1212 ado-

1765 1246 1860 1299 riri
1889 1246 2154 1302 decrevit.
2189 1248 2254 1301 Et
2277 1248 2511 1317 primum
2539 1250 2758 1319 quidem
2785 1250 3128 1306 Christianos
3158 1265 3348 1306 omnes

1767 1339 1925 1390 domo
1955 1352 2050 1391 sua
2072 1339 2317 1408 expellit,
2379 1341 2614 1409 seipsum
2652 1341 2821 1396 miser
2854 1345 3136 1398 denudans
3184 1355 3347 1413 atque

1765 1427 1965 1483 orbans
1993 1429 2308 1484 orationum
2345 1431 2628 1502 sull’ragio,
2658 1450 2796 1504 quas
2841 1435 2916 1490 illi
2965 1445 3020 1490 et
3077 1451 3177 1506 pro
3228 1437 3347 1506 ipso

1764 1527 1818 1572 et
1849 1535 1948 1588 pro
1985 1521 2204 1577 cunctis
2249 1523 2560 1582 hominibus
2599 1542 2666 1582 ex
2725 1529 2905 1598 patrio
2961 1531 3214 1584 instituto
3277 1533 3346 1586 ad

1766 1609 1933 1665 Deum
1980 1613 2210 1669 fundere
2240 1629 2653 1673 consueverant.
2712 1619 2961 1675 Postbaec
3012 1632 3238 1677 cunctos
3286 1623 3342 1676 in

1764 1706 1992 1761 urbibus
2024 1706 2340 1771 militantes.
2376 1710 2479 1764 nisi
2512 1710 2845 1767 dwmonibus
2873 1713 3184 1770 sacrificare
3209 1714 3344 1769 mal-

1765 1801 1901 1864 lent,
1933 1801 2274 1854 exauctorari
2304 1810 2360 1856 et
2388 1803 2598 1858 honore
2633 1803 2842 1860 militiae
2885 1806 3107 1876 spoliari
3165 1808 3340 1878 jubet.

1765 1891 1873 1946 Sed
1907 1891 2020 1945 hcce
2047 1907 2212 1961 parva
2249 1901 2394 1961 sunt,
2444 1894 2488 1948 si
2526 1910 2647 1949 eum
2681 1894 2975 1963 majoribus
2993 1913 3123 1967 qua:
3153 1900 3344 1956 subse-

1763 1991 1889 2036 cuta
1929 1991 2062 2037 sunt
2091 1983 2470 2038 conferantur.
2505 1985 2641 2052 Quid
2687 1997 2865 2043 autem
2901 1990 3098 2045 attinet
3129 1992 3342 2061 singula

1763 2086 1882 2141 quae
1943 2072 2049 2129 iste
2107 2073 2220 2130 Deo
2283 2076 2493 2131 invisus
2559 2081 2914 2149 perpetravit,
2975 2085 3343 2140 enumerando

1763 2179 2074 2232 recensere,
2109 2175 2162 2220 et
2190 2171 2466 2237 quomodo
2501 2172 2644 2240 leges
2672 2172 2983 2241 illegitimas
3011 2174 3127 2243 ipse
3164 2175 3341 2246 legum

1763 2255 2008 2308 omnium
2053 2255 2287 2311 violator
2341 2258 3024 2330 excogitaverit?,Quippe
3070 2261 3191 2332 lege
3234 2262 3342 2316 lata

1763 2344 2063 2412 prohibuit,
2094 2359 2160 2399 ne
2187 2347 2312 2417 quis
2352 2349 2568 2404 miseris
2615 2350 2670 2405 in
2717 2364 2937 2406 carcere
2966 2351 3198 2406 detentis
3243 2351 3343 2406 ali-

1763 2448 1944 2493 menta
1981 2438 2293 2495 humaniter
2328 2442 2794 2509 subministraret,
2832 2459 2968 2500 neve
3012 2446 3133 2515 quis
3165 2445 3343 2500 bomi-

1763 2544 1859 2584 nes
1913 2531 1965 2585 in
2015 2535 2252 2590 vinculis
2292 2535 2438 2591 fame
2491 2536 2941 2592 eontabescentes
2989 2538 3342 2592 miseratione

1763 2635 2190 2695 prosequeretur
2221 2643 2237 2682 :
2271 2631 2373 2684 boc
2420 2638 2524 2694 est,
2559 2644 2625 2684 ne
2655 2629 2777 2698 quis
2801 2631 3022 2686 omnino
3050 2631 3132 2684 vir
3164 2631 3341 2687 bonus

1763 2715 2076 2783 exsisteret,
2106 2722 2244 2773 neve
2277 2717 2316 2772 ii
2357 2720 2447 2786 qui
2485 2722 2551 2775 ad
2596 2725 2968 2790 proximorum
3025 2722 3339 2779 miseratio-

1763 2821 1886 2860 nem
1923 2818 2117 2862 natura
2143 2809 2258 2879 ipsa
2294 2811 2584 2878 ducuntur,
2629 2813 2756 2866 boni
2791 2815 3086 2883 quidquam
3113 2824 3339 2890 prasta-

1763 2906 1904 2953 rent.
1957 2900 2082 2955 Fuit
2140 2901 2256 2956 haec
2301 2903 2548 2972 profecto
2594 2903 2678 2959 lex
2728 2905 2902 2977 palam
2953 2907 3237 2976 impudens
3283 2916 3339 2962 et

1762 2992 2003 3046 omnium
2039 2993 2458 3063 immanissima,
2483 2999 2681 3068 quippe
2706 3013 2825 3067 quae
2845 3013 3060 3053 omnem
3090 3015 3118 3052 a
3145 3013 3336 3054 natura

1763 3083 1986 3139 insitam
2009 3087 2499 3154 mansuetudinem
2544 3088 2880 3144 excluderet.
2943 3089 3082 3156 Quin
3137 3101 3191 3145 et
3230 3089 3335 3159 legi

1758 3174 1964 3243 adjecta
1995 3187 2114 3232 erat
2146 3178 2262 3234 haec
2292 3191 2480 3246 pcnua,
2518 3187 2577 3232 ut
2612 3179 2701 3248 qui
2748 3179 2855 3234 reis
2906 3181 3101 3249 stipem
3156 3180 3338 3234 dedis-

1755 3278 1900 3337 sent,
1953 3270 2071 3342 pari
2121 3285 2244 3326 cum
2287 3271 2394 3325 reis
2440 3272 2569 3339 ipsis
2617 3270 2881 3340 supplicio
2925 3272 3333 3340 plecterentur,

1756 3375 1923 3436 utque
1953 3365 2006 3420 in
2031 3377 2304 3420 carcerem
2336 3373 2390 3420 et
2416 3363 2627 3418 vincula
2657 3365 2912 3436 conjecti,
2937 3368 3182 3422 eamdem
3211 3382 3335 3422 cum

1755 3526 1914 3574 antea
1941 3517 2263 3588 apparuisti.
2311 3536 2331 3571 ι
2392 3516 2670 3573 Interdum
2702 3528 2881 3574 autem
2916 3519 3092 3578 Grmci
3121 3525 3190 3579 ad
3220 3529 3334 3584 dis-

1761 3589 2074 3665 tinctionem
2103 3590 2405 3665 castrensis
2443 3589 2681 3665 militiae,
2719 3593 2818 3665 bos
2850 3595 3188 3665 apparitores
3235 3614 3333 3665 ap-

1759 3659 1959 3740 pellant
1985 3662 2111 3724 τοὺς
2147 3658 2663 3740 etparttbraqgca'g
2712 3659 2884 3740 πόλιν.
2937 3662 3013 3740 lt_a
3064 3658 3332 3723 Eusebius

1759 3728 1812 3782 in
1846 3729 2186 3803 locissnpra
2211 3728 2430 3803 :citatis.
2486 3729 2550 3782 Et
2582 3728 2938 3803 _Tbetuistius
2977 3733 3028 3785 in
3062 3746 3202 3788 orat.
3238 3740 3328 3803 l7,

1755 3815 1879 3881 pag.
1944 3798 2609 3881 457,“-ὀπὸσον“ἀστυκοῦ
2673 3799 3001 3879 στρατιώτου
3076 3798 3330 3881 φιλοκέρλ

1754 3870 1891 3922 δεια.
1955 3873 2052 3934 Qui
2114 3871 2266 3924 locus
2320 3870 2715 3938 doctissimun‘t
2758 3870 3111 3938 interpretem
3169 3870 3329 3933 valde

1755 3940 2015 3994 exercuit.
2035 3941 2194 4010 Atqui
2221 3940 2454 4003 ἀστυκὸς
2493 3937 2830 4010 στρατιώτης
2857 3937 3154 3998 'l‘bemistio
3185 3949 3328 4002 idem

1755 4021 1836 4063 est
1892 4025 1956 4082 ac
2003 4011 2031 4062 ό
2057 4009 2197 4064 κατὰ
2228 4011 2402 4082 πόλιν
2439 4009 2774 4082 στρατιώτης
2806 4011 2944 4079 apud
2994 4013 3281 4071 Eusebium
3311 4037 3323 4072 :

1756 4081 2091 4156 apparitores
2121 4079 2331 4156 εχίιίοοι
2361 4079 2650 4156 praesidum
2679 4083 3147 4156 etpragl‘ectornm
3183 4103 3326 4156 prae-

1757 4154 1920 4220 torio,
1973 4151 2062 4218 qni
2129 4151 2333 4206 ﬁscalia
2395 4153 2594 4204 tributa
2661 4151 2975 4220 exigebant.
3041 4152 3098 4207 In
3147 4151 3327 4212 edicto

1755 4219 2100 4296 Theoderici,
2130 4222 2375 4296 cap._73,
2412 4222 2570 4296 miles
2610 4231 2663 4296 et
2694 4219 3192 4296 apj'iaritorjudicis
3226 4243 3324 4296 pro

1752 4292 1941 4362 eodem
1963 4292 2214 4362 sumitur.
2255 4292 2313 4344 Et
2347 4294 2485 4362 apud
2515 4291 2896 4346 Cassiodortun
2929 4291 3327 4362 in'prmlatione

1762 4361 2065 4415 Variarum.
2119 4360 2194 4416 De
2242 4361 2331 4416 his
2381 4360 2644 4416 inilitibus
2680 4360 3030 4432 aceipiendns
3064 4377 3146 4420 est
3175 4367 3326 4422 locus

1754 4432 2126 4501 Cltrysostomi
2156 4433 2209 4485 in
2243 4432 2466 4501 bomilia
2493 4449 2664 4498 nuper
2697 4435 2838 4486 edita
2875 4433 2951 4486 De
2990 4433 3168 4490 liberis
3202 4441 3325 4492 edu-
3403 4438 3412 4446 ’

133 4505 367 4570 pborsono
393 4523 494 4560 non
525 4521 647 4560 esse
673 4503 965 4570 intellecta,
1017 4501 1451 4571 quandoquidem
1489 4501 1642 4570 pauci

1759 4496 1932 4571 {nudis
1955 4513 1974 4552 :
2023 4503 2084 4553 Οἱ
2113 4502 2209 4571 μὲν
2242 4496 2625 4571 στρατεύονται
2655 4503 2793 4555 κατά
2830 4502 2938 4556 τῶν
2970 4505 3322 4562 ἀδικούντων·

136 4575 380 4646 admodum
411 4593 473 4632 ac
514 4592 652 4646 pene
702 4575 1158 4646 ncmoAbactenus
1196 4574 1308 4646 haec
1350 4571 1635 4626 intellexit.

134 4641 306 4715 Duplex
339 4660 451 4701 erat
478 4641 668 4700 militia
695 4645 832 4713 apud
867 4644 1136 4715 llomauos
1160 4660 1173 4696 :
1197 4642 1363 4695 altera
1406 4652 1642 4715 castren-

135 4713 306 4793 .sis'sett
344 4716 673 4793 legionarii);
723 4715 892 4793 altera
941 4714 1157 4793 civilis,
1185 4727 1303 4793 qua:
1348 4713 1639 4793 etialm'co-

134 4781 326 4840 hortalis
353 4781 537 4842 militia
571 4789 771 4842 dicitur
801 4786 851 4838 in
883 4785 1070 4838 codice
1099 4781 1408 4836 Theodosii.
1441 4783 1540 4846 Qui
1587 4783 1638 4836 in

134 4851 249 4910 banc
282 4858 600 4911 cobortalem
648 4855 899 4910 militiam
953 4855 1172 4919 ascripti
1207 4864 1382 4914 erant,
1416 4855 1576 4920 vulgo
1609 4869 1639 4906 a

135 4920 308 4980 Latinis
334 4925 582 4983 oﬂieiales
613 4944 707 4982 seu
736 4926 1074 5001 apparitores
1099 4932 1360 5001 vocantur
1387 4936 1464 5001 g‘a
1500 4923 1642 5001 (ipe-

134 5005 199 5046 CKs
226 5007 382 5052 autem
421 4999 690 5053 communi
723 4991 979 5049 vocabulo
995 4992 1347 5064 στρατιῶται.
1387 4991 1479 5045 Sic
1509 4993 1642 5045 The-

135 5065 314 5135 tuistins
346 5071 393 5122 in
435 5071 676 5124 oratione
724 5069 777 5131 1,
827 5081 949 5135 pag.
998 5066 1088 5135 58,
1129 5075 1184 5118 et
1230 5064 1642 5135 Cbrysosmmus

136 5131 322 5190 bomilia
361 5139 382 5192 1
425 5142 479 5193 in
523 5131 1010 5208 Epistolatn'IJAod
1052 5131 1374 5208 Corinthios,
1412 5149 1552 5208 pag_._
1586 5134 1640 5198 8,

135 5210 179 5275 el
201 5209 410 5275 pag.10,
441 5220 494 5264 et
527 5201 580 5264 in
615 5207 836 5264 homilia
889 5206 958 5259 6'2
1004 5208 1056 5258 in
1107 5201 1451 5272 Evangeliunz
1499 5201 1641 5275 illat-

135 5271 413 5351 ξΙιαὶξριιὶιὶ
443 5282 612 5351 etiam,
634 5277 946 5351 στρατεύειν
980 5287 1063 5330 cst
1099 5271 1427 5351 apparitoris
1465 5273 1643 5351 ollieio

136 5339 268 5419 [ungi
297 5339 428 5416 apud
467 5339 714 5405 eumdeui
755 5339 1204 5419 ClIIYSllSlOIllll—tI—i
1242 5344 1463 5419 ltornilia
1515 5343 1537 5394 1
1586 5344 1641 5419 i_n

135 5407 446 5490 {Ianuari-tm:
494 5421 600 5473 Καὶ
661 5407 922 5490 ἄρχοντας
985 5415 1236 5490 ἀριθμεῖν
1296 5413 1515 5490 δύνασαι
1562 5407 1642 5490 οἷς

136 5479 436 5564 ἰστρατεύσω
459 5492 543 5544 τὸν
571 5479 875 5564 ἔμπροσθεν
1151 5487 1318 5551 Quem
1350 5485 1522 5564 locum
1562 5486 1641 5564 sic

136 5560 270 5630 Vertit
291 5560 520 5616 Anianns
543 5581 554 5616 :
586 5555 616 5614 ι’
637 5555 794 5615 Potes
815 5555 1266 5634 enunierare__non
1300 5555 1473 5634 solum
1500 5555 1642 5634 prio-

136 5621 259 5705 flpes
281 5633 372 5705 sub
398 5632 583 5705 quibus
617 5629 881 5705 anteactis
909 5625 1249 5705 temporibus
1300 5623 1567 5705 militasti.
1615 5641 1634 5674 ι

112 5692 428 5775 :tzumpotins'
444 5703 518 5757 sic
541 5711 745 5775 vertere
765 5692 1042 5754 debuisset
1064 5714 1076 5750 :
1113 5714 1131 5747 ι
1163 5693 1422 5748 Ριάξείιιθδ
1451 5707 1640 5775 omnes

110 5760 180 5813 ⁸ιί
214 5760 432 5825 rectores
462 5771 853 5841 provinciarum
903 5779 1054 5838 potes
1105 5778 1407 5834 recensere,
1442 5764 1637 5834 quibus

1741 4567 1850 4625 οἷόν
1883 4573 2017 4644 εἰσιν
2042 4567 2195 4644 sum
2234 4567 2381 4625 7:613
2413 4573 2461 4625 οἱ
2497 4574 2843 4644 στρατιῶται.

1813 4642 1948 4714 (76)Ῠ
1980 4640 2196 4696 Πᾶσίιίλ
2219 4643 2448 4714 ,ἥμερον
2486 4640 2880 4714 ὑπέρεξάπωνί
2915 4647 3123 4714 φύσιν.
3169 4650 3222 4703 In
3254 4652 3323 4704 li--

1741 4714 1840 4768 bro
1875 4730 1890 4766 ι
1923 4713 1998 4764 De
2053 4717 2157 4786 rita
2189 4713 2526 4786 Constantini
2563 4731 2660 4782 pro
2693 4713 3068 4786 ὑπερεξάγων,
3126 4719 3324 4786 legitur

1742 4782 2306 4859 brepaxovf_5§wv._At
2337 4783 2747 4852 ChristOpbors.
2785 4782 3090 4855 ὕπεξάγων,
3130 4782 3323 4859 legisse

1742 4853 1994 4928 videtur,
2016 4853 2289 4928 Musculus
2321 4871 2451 4928 vero
2476 4866 2695 4928 secutus
2727 4868 2809 4910 est
2833 4871 2952 4928 eam
2975 4853 3317 4928 scripturam

1741 4940 1860 4993 qum
1896 4925 2090 4993 legitur
2121 4925 2174 4979 in
2206 4926 2242 4980 ι.
2280 4940 2294 4978 t
2355 4925 2434 4978 De
2468 4927 2573 4979 vita
2611 4925 2967 4979 Constantini.
3034 4925 3125 4984 Sic
3174 4933 3319 4985 enim

1743 4996 1904 5049 vertit
1928 5012 1970 5047 ιι
1988 4995 2114 5066 Erat
2137 5011 2200 5049 ea
2225 4997 2304 5051 lex
2326 4997 2503 5064 palam
2531 4997 2815 5063 impudens
2831 5007 2882 5049 et
2900 4996 3318 5066 innnanissima,

1744 5073 1797 5118 et
1823 5065 2070 5132 quamvis
2105 5066 2370 5133 placidam
2406 5067 2679 5120 excedens
2712 5079 2985 5120 naturam.
3037 5087 3056 5120 ι
3117 5070 3318 5126 Verum

1743 5137 1795 5189 in
1831 5136 1866 5188 l.
1908 5151 1922 5188 ι
1973 5135 2049 5188 De
2080 5139 2183 5188 vita
2219 5135 2575 5200 Constantini,
2604 5135 2745 5188 haud
2779 5137 2939 5190 dubie
2971 5142 3318 5197 scribendum

1743 5217 1824 5279 est
1859 5207 2054 5279 πᾶσαν
2069 5206 2341 5279 ἀνήμερον
2372 5206 2814 5279 ὑπερακοντίζων
2849 5207 3030 5276 φύσιν.
3061 5211 3152 5267 Sic
3174 5228 3318 5268 cnam

1744 5274 1985 5345 loquitur
2015 5274 2216 5329 Euseb.
2253 5274 2391 5330 infra
2423 5274 2493 5331 ἱιί
2511 5279 2610 5331 hoc
2643 5294 2761 5345 cap.

1815 5345 2089 5420 (77)_’E:zl
2114 5347 2238 5420 ζοῖς
2266 5345 2534 5420 τὸνγβίον
2552 5347 3056 5416 μεταλλάττουσι.
3077 5349 3312 5420 Langus,

1744 5417 2024 5472 Musculus
2037 5427 2089 5472 et
2109 5417 2642 5487 Citristopltorsmtus
2667 5430 2950 5473 verterunt
2974 5438 2992 5470 ι
3009 5417 3276 5486 mortuos,
3291 5441 3312 5474 ι

1743 5489 1884 5555 quod
1909 5504 2014 5541 non
2051 5488 2242 5556 probo.
2272 5486 2528 5554 Quaenam
2557 5503 2720 5556 porro
2746 5489 2909 5543 fuerit
2947 5491 3061 5544 bae‘c
3104 5491 3187 5546 lex
3224 5491 3318 5545 Li-

1743 5559 1892 5624 cinii,
1937 5557 2152 5613 dilIicile
2178 5560 2491 5614 estdicere.
2526 5557 2754 5613 Videtur
2803 5569 2982 5614 tamen
3035 5560 3102 5614 ad
3149 5571 3317 5618 testa-

1742 5639 1926 5682 menta
1955 5629 2306 5683 morientium
2334 5629 2688 5698 pertinuisse.
2723 5628 2998 5698 Abrogata
3029 5641 3209 5685 autem
3230 5641 3317 5690 est

1741 5715 1768 5754 a
1800 5698 2155 5782 Constantino
2187 5707 2309 5771 post
2337 5707 2570 5783 partanr
2593 5699 2658 5756 de
2681 5698 2891 5755 Licinio
2924 5701 3237 5759 victoriam.
