  <div class='ocr_page' id='page_1' title='image "/cluster/home/n/w/nwhite01/storage/ocr_20150623/20/mdp.39015008802764/456.png"; bbox 0 0 3858 6260; ppageno 0'>
   <div class='ocr_carea' id='block_1_1' title="bbox 165 285 266 344">
    <p class='ocr_par' dir='ltr' id='par_1_1' title="bbox 165 285 266 344">
     <span class='ocr_line' id='line_1_1' title="bbox 165 285 266 344; baseline -0.01 0"><span class='ocrx_word' id='word_1_1' title='bbox 165 285 266 344; x_wconf 76' lang='grc'><strong>901</strong></span> 
     </span>
    </p>
   </div>
   <div class='ocr_carea' id='block_1_2' title="bbox 1194 278 2426 339">
    <p class='ocr_par' dir='ltr' id='par_1_2' title="bbox 1194 278 2426 339">
     <span class='ocr_line' id='line_1_2' title="bbox 1194 278 2426 339; baseline -0.004 -1"><span class='ocrx_word' id='word_1_2' title='bbox 1194 280 1548 339; x_wconf 78' lang='lat' dir='ltr'><strong>HISTORle</strong></span> <span class='ocrx_word' id='word_1_3' title='bbox 1591 279 2151 338; x_wconf 72' lang='lat' dir='ltr'><strong>ECCLESIASTICAE</strong></span> <span class='ocrx_word' id='word_1_4' title='bbox 2189 278 2316 336; x_wconf 85' lang='lat' dir='ltr'><strong>LIB.</strong></span> <span class='ocrx_word' id='word_1_5' title='bbox 2362 278 2426 333; x_wconf 79' lang='grc' dir='ltr'><strong>Χ.</strong></span> 
     </span>
    </p>
   </div>
   <div class='ocr_carea' id='block_1_3' title="bbox 3324 284 3431 342">
    <p class='ocr_par' dir='ltr' id='par_1_3' title="bbox 3324 284 3431 342">
     <span class='ocr_line' id='line_1_3' title="bbox 3324 284 3431 342; baseline -0.019 0"><span class='ocrx_word' id='word_1_6' title='bbox 3324 284 3431 342; x_wconf 71' lang='grc' dir='ltr'><strong>9θῖ</strong></span> 
     </span>
    </p>
   </div>
   <div class='ocr_carea' id='block_1_4' title="bbox 166 397 1750 477">
    <p class='ocr_par' dir='ltr' id='par_1_4' title="bbox 166 399 1750 477">
     <span class='ocr_line' id='line_1_4' title="bbox 166 399 1750 477; baseline -0.002 -20"><span class='ocrx_word' id='word_1_7' title='bbox 166 402 363 477; x_wconf 70' lang='grc' dir='ltr'>ἡγοντό</span> <span class='ocrx_word' id='word_1_8' title='bbox 394 419 458 455; x_wconf 85' lang='grc' dir='ltr'><strong>τε</strong></span> <span class='ocrx_word' id='word_1_9' title='bbox 489 403 583 457; x_wconf 66' lang='grc' dir='ltr'><strong>καὶ</strong></span> <span class='ocrx_word' id='word_1_10' title='bbox 610 399 928 464; x_wconf 76' lang='grc' dir='ltr'>ἐκολάζοντο</span> <span class='ocrx_word' id='word_1_11' title='bbox 957 401 1374 473; x_wconf 76' lang='grc' dir='ltr'><strong>ἀπροφασίστως</strong></span> <span class='ocrx_word' id='word_1_12' title='bbox 1393 403 1505 465; x_wconf 81' lang='grc' dir='ltr'>τοῖς</span> <span class='ocrx_word' id='word_1_13' title='bbox 1535 401 1750 471; x_wconf 77' lang='grc' dir='ltr'>μιαιφό-</span> 
     </span>
    </p>
   </div>
   <div class='ocr_carea' id='block_1_5' title="bbox 1851 397 3429 477">
    <p class='ocr_par' dir='ltr' id='par_1_5' title="bbox 1859 397 3429 471">
     <span class='ocr_line' id='line_1_5' title="bbox 1859 397 3429 471; baseline 0.003 -14"><span class='ocrx_word' id='word_1_14' title='bbox 1859 410 1913 458; x_wconf 92' lang='lat' dir='ltr'><strong>et</strong></span> <span class='ocrx_word' id='word_1_15' title='bbox 1941 412 2196 471; x_wconf 88' lang='lat' dir='ltr'><strong>supremo</strong></span> <span class='ocrx_word' id='word_1_16' title='bbox 2230 397 2446 455; x_wconf 76' lang='lat' dir='ltr'><strong>Numini</strong></span> <span class='ocrx_word' id='word_1_17' title='bbox 2483 398 2722 455; x_wconf 88' lang='lat' dir='ltr'><strong>debitum</strong></span> <span class='ocrx_word' id='word_1_18' title='bbox 2750 401 2949 457; x_wconf 85' lang='lat' dir='ltr'><strong>cultum</strong></span> <span class='ocrx_word' id='word_1_19' title='bbox 2986 403 3288 461; x_wconf 75' lang='lat' dir='ltr'><strong>exhiberet.</strong></span> <span class='ocrx_word' id='word_1_20' title='bbox 3321 404 3429 462; x_wconf 84' lang='lat' dir='ltr'><strong>Ne-</strong></span> 
     </span>
    </p>
   </div>
   <div class='ocr_carea' id='block_1_6' title="bbox 169 492 1756 565">
    <p class='ocr_par' dir='ltr' id='par_1_6' title="bbox 169 492 1756 565">
     <span class='ocr_line' id='line_1_6' title="bbox 169 492 1756 565; baseline -0.004 -14"><span class='ocrx_word' id='word_1_21' title='bbox 169 513 276 560; x_wconf 80' lang='grc' dir='ltr'>νοις</span> <span class='ocrx_word' id='word_1_22' title='bbox 307 494 538 565; x_wconf 84' lang='grc' dir='ltr'>ὁμοίως,</span> <span class='ocrx_word' id='word_1_23' title='bbox 568 495 615 547; x_wconf 76' lang='grc' dir='ltr'>οἱ</span> <span class='ocrx_word' id='word_1_24' title='bbox 640 492 805 565; x_wconf 82' lang='grc' dir='ltr'>μηδὲν</span> <span class='ocrx_word' id='word_1_25' title='bbox 824 493 1161 563; x_wconf 71' lang='grc' dir='ltr'>ἠδικηκότεςο</span> <span class='ocrx_word' id='word_1_26' title='bbox 1186 493 1286 564; x_wconf 75' lang='grc' dir='ltr'>ἤδη</span> <span class='ocrx_word' id='word_1_27' title='bbox 1309 492 1367 545; x_wconf 78' lang='grc' dir='ltr'>δέ</span> <span class='ocrx_word' id='word_1_28' title='bbox 1392 510 1533 556; x_wconf 85' lang='grc' dir='ltr'>τινες</span> <span class='ocrx_word' id='word_1_29' title='bbox 1570 509 1756 545; x_wconf 82' lang='grc' dir='ltr'>καινο-</span> 
     </span>
    </p>
   </div>
   <div class='ocr_carea' id='block_1_7' title="bbox 166 581 1757 659">
    <p class='ocr_par' dir='ltr' id='par_1_7' title="bbox 166 581 1757 659">
     <span class='ocr_line' id='line_1_7' title="bbox 166 581 1757 659; baseline -0.004 -18"><span class='ocrx_word' id='word_1_30' title='bbox 166 587 330 659; x_wconf 79' lang='grc' dir='ltr'>τέραν</span> <span class='ocrx_word' id='word_1_31' title='bbox 376 587 653 658; x_wconf 80' lang='grc' dir='ltr'><strong>ὑπέμενον</strong></span> <span class='ocrx_word' id='word_1_32' title='bbox 684 584 961 656; x_wconf 79' lang='grc' dir='ltr'>τελευτὴν,</span> <span class='ocrx_word' id='word_1_33' title='bbox 992 584 1136 654; x_wconf 75' lang='grc' dir='ltr'>ξίφει</span> <span class='ocrx_word' id='word_1_34' title='bbox 1168 584 1230 637; x_wconf 86' lang='grc' dir='ltr'><strong>τὸ</strong></span> <span class='ocrx_word' id='word_1_35' title='bbox 1268 583 1425 654; x_wconf 86' lang='grc' dir='ltr'>σῶμα</span> <span class='ocrx_word' id='word_1_36' title='bbox 1467 585 1549 646; x_wconf 89' lang='grc' dir='ltr'>εἰς</span> <span class='ocrx_word' id='word_1_37' title='bbox 1587 581 1757 635; x_wconf 89' lang='grc' dir='ltr'>πολλά</span> 
     </span>
    </p>
   </div>
   <div class='ocr_carea' id='block_1_8' title="bbox 166 674 1753 751">
    <p class='ocr_par' dir='ltr' id='par_1_8' title="bbox 166 674 1753 751">
     <span class='ocr_line' id='line_1_8' title="bbox 166 674 1753 751; baseline -0.005 -19"><span class='ocrx_word' id='word_1_38' title='bbox 166 681 432 751; x_wconf 75' lang='grc' dir='ltr'><strong>τμήματα</strong></span> <span class='ocrx_word' id='word_1_39' title='bbox 455 675 1092 750; x_wconf 78' lang='grc' dir='ltr'>κατακρεουργούμενοι,</span> <span class='ocrx_word' id='word_1_40' title='bbox 1126 677 1219 731; x_wconf 72' lang='grc' dir='ltr'>καὶ</span> <span class='ocrx_word' id='word_1_41' title='bbox 1265 675 1403 747; x_wconf 83' lang='grc' dir='ltr'>μετὰ</span> <span class='ocrx_word' id='word_1_42' title='bbox 1434 674 1531 747; x_wconf 79' lang='grc' dir='ltr'>τὴν</span> <span class='ocrx_word' id='word_1_43' title='bbox 1572 674 1753 745; x_wconf 86' lang='grc' dir='ltr'>ἀπηνῆ</span> 
     </span>
    </p>
   </div>
   <div class='ocr_carea' id='block_1_9' title="bbox 168 766 1755 842">
    <p class='ocr_par' dir='ltr' id='par_1_9' title="bbox 168 766 1755 842">
     <span class='ocr_line' id='line_1_9' title="bbox 168 766 1755 842; baseline -0.004 -18"><span class='ocrx_word' id='word_1_44' title='bbox 168 770 371 842; x_wconf 78' lang='grc' dir='ltr'>ταύτην</span> <span class='ocrx_word' id='word_1_45' title='bbox 412 769 515 824; x_wconf 75' lang='grc' dir='ltr'><strong>καὶ</strong></span> <span class='ocrx_word' id='word_1_46' title='bbox 562 769 925 841; x_wconf 82' lang='grc' dir='ltr'>φρικτοτάτην</span> <span class='ocrx_word' id='word_1_47' title='bbox 971 769 1120 831; x_wconf 80' lang='grc' dir='ltr'>θέαν,</span> <span class='ocrx_word' id='word_1_48' title='bbox 1167 770 1280 833; x_wconf 79' lang='grc' dir='ltr'>τοῖς</span> <span class='ocrx_word' id='word_1_49' title='bbox 1329 768 1429 838; x_wconf 79' lang='grc' dir='ltr'>τῆς</span> <span class='ocrx_word' id='word_1_50' title='bbox 1480 766 1755 835; x_wconf 83' lang='grc' dir='ltr'><strong>θαλάσσης</strong></span> 
     </span>
    </p>
   </div>
   <div class='ocr_carea' id='block_1_10' title="bbox 173 856 1755 934">
    <p class='ocr_par' dir='ltr' id='par_1_10' title="bbox 173 856 1755 934">
     <span class='ocr_line' id='line_1_10' title="bbox 173 856 1755 934; baseline -0.003 -19"><span class='ocrx_word' id='word_1_51' title='bbox 173 862 369 934; x_wconf 82' lang='grc' dir='ltr'>βυθοῖς,</span> <span class='ocrx_word' id='word_1_52' title='bbox 402 862 584 932; x_wconf 80' lang='grc' dir='ltr'>ἰχθύσι</span> <span class='ocrx_word' id='word_1_53' title='bbox 617 862 751 933; x_wconf 89' lang='grc' dir='ltr'>βορά</span> <span class='ocrx_word' id='word_1_54' title='bbox 788 862 1155 934; x_wconf 74' lang='grc' dir='ltr'>ῥιπτούμενοι.</span> <span class='ocrx_word' id='word_1_55' title='bbox 1189 861 1361 929; x_wconf 75' lang='grc' dir='ltr'><strong>Φυγαῖ⁹</strong></span> <span class='ocrx_word' id='word_1_56' title='bbox 1394 861 1457 931; x_wconf 84' lang='grc' dir='ltr'><strong>δὴ</strong></span> <span class='ocrx_word' id='word_1_57' title='bbox 1484 856 1639 922; x_wconf 73' lang='grc' dir='ltr'>αὖθις</span> <span class='ocrx_word' id='word_1_58' title='bbox 1664 859 1755 912; x_wconf 74' lang='grc' dir='ltr'>ἐπὶ</span> 
     </span>
    </p>
   </div>
   <div class='ocr_carea' id='block_1_11' title="bbox 170 948 1753 1023">
    <p class='ocr_par' dir='ltr' id='par_1_11' title="bbox 170 948 1753 1023">
     <span class='ocr_line' id='line_1_11' title="bbox 170 948 1753 1023; baseline -0.004 -16"><span class='ocrx_word' id='word_1_59' title='bbox 170 954 375 1015; x_wconf 76' lang='grc' dir='ltr'>τούτοις</span> <span class='ocrx_word' id='word_1_60' title='bbox 403 951 518 1007; x_wconf 88' lang='grc' dir='ltr'><strong>τῶν</strong></span> <span class='ocrx_word' id='word_1_61' title='bbox 565 952 830 1006; x_wconf 84' lang='grc' dir='ltr'>θεοσεϐῶν</span> <span class='ocrx_word' id='word_1_62' title='bbox 873 954 1114 1022; x_wconf 81' lang='grc' dir='ltr'>ἐγίνοντο</span> <span class='ocrx_word' id='word_1_63' title='bbox 1146 950 1389 1023; x_wconf 88' lang='grc' dir='ltr'>ἀνδρῶν·</span> <span class='ocrx_word' id='word_1_64' title='bbox 1446 951 1541 1003; x_wconf 72' lang='grc' dir='ltr'><strong>καὶ</strong></span> <span class='ocrx_word' id='word_1_65' title='bbox 1593 948 1753 1002; x_wconf 85' lang='grc' dir='ltr'>πάλιν</span> 
     </span>
    </p>
   </div>
   <div class='ocr_carea' id='block_1_12' title="bbox 173 1039 1755 1116">
    <p class='ocr_par' dir='ltr' id='par_1_12' title="bbox 173 1039 1755 1116">
     <span class='ocr_line' id='line_1_12' title="bbox 173 1039 1755 1116; baseline -0.004 -17"><span class='ocrx_word' id='word_1_66' title='bbox 173 1044 350 1116; x_wconf 80' lang='grc' dir='ltr'>ἀγροὶ,</span> <span class='ocrx_word' id='word_1_67' title='bbox 390 1044 493 1097; x_wconf 76' lang='grc' dir='ltr'><strong>καὶ</strong></span> <span class='ocrx_word' id='word_1_68' title='bbox 536 1043 697 1097; x_wconf 83' lang='grc' dir='ltr'>πάλιν</span> <span class='ocrx_word' id='word_1_69' title='bbox 736 1045 993 1115; x_wconf 81' lang='grc' dir='ltr'>ὲρημίαι,</span> <span class='ocrx_word' id='word_1_70' title='bbox 1036 1044 1202 1098; x_wconf 80' lang='grc' dir='ltr'>νάπαι</span> <span class='ocrx_word' id='word_1_71' title='bbox 1242 1060 1301 1095; x_wconf 91' lang='grc' dir='ltr'><strong>τε</strong></span> <span class='ocrx_word' id='word_1_72' title='bbox 1346 1042 1441 1095; x_wconf 74' lang='grc' dir='ltr'>καὶ</span> <span class='ocrx_word' id='word_1_73' title='bbox 1481 1041 1582 1113; x_wconf 76' lang='grc' dir='ltr'>ὅρη</span> <span class='ocrx_word' id='word_1_74' title='bbox 1629 1039 1755 1102; x_wconf 76' lang='grc' dir='ltr'>τοὺς</span> 
     </span>
    </p>
   </div>
   <div class='ocr_carea' id='block_1_13' title="bbox 172 1133 1755 1207">
    <p class='ocr_par' dir='ltr' id='par_1_13' title="bbox 172 1133 1755 1207">
     <span class='ocr_line' id='line_1_13' title="bbox 172 1133 1755 1207; baseline -0.003 -18"><span class='ocrx_word' id='word_1_75' title='bbox 172 1134 405 1207; x_wconf 79' lang='grc' dir='ltr'>Χριστοῦ</span> <span class='ocrx_word' id='word_1_76' title='bbox 472 1134 812 1207; x_wconf 85' lang='grc' dir='ltr'>θεράποντας</span> <span class='ocrx_word' id='word_1_77' title='bbox 863 1136 1207 1206; x_wconf 82' lang='grc' dir='ltr'>ὑπεδέχοντο.</span> <span class='ocrx_word' id='word_1_78' title='bbox 1259 1136 1413 1188; x_wconf 75' lang='grc' dir='ltr'>Ἐπεὶ</span> <span class='ocrx_word' id='word_1_79' title='bbox 1463 1135 1520 1188; x_wconf 80' lang='grc' dir='ltr'>δὲ</span> <span class='ocrx_word' id='word_1_80' title='bbox 1582 1133 1755 1187; x_wconf 80' lang='grc' dir='ltr'>ταῦτα</span> 
     </span>
    </p>
   </div>
   <div class='ocr_carea' id='block_1_14' title="bbox 173 1226 1755 1300">
    <p class='ocr_par' dir='ltr' id='par_1_14' title="bbox 173 1226 1755 1300">
     <span class='ocr_line' id='line_1_14' title="bbox 173 1226 1755 1300; baseline -0.002 -18"><span class='ocrx_word' id='word_1_81' title='bbox 173 1226 355 1283; x_wconf 77' lang='grc' dir='ltr'>τοῦτον</span> <span class='ocrx_word' id='word_1_82' title='bbox 389 1228 703 1300; x_wconf 77' lang='grc' dir='ltr'>προύχώρει</span> <span class='ocrx_word' id='word_1_83' title='bbox 730 1228 806 1299; x_wconf 78' lang='grc' dir='ltr'><strong>τῷ</strong></span> <span class='ocrx_word' id='word_1_84' title='bbox 820 1229 1070 1282; x_wconf 87' lang='grc' dir='ltr'>δυσσεϐεῖ</span> <span class='ocrx_word' id='word_1_85' title='bbox 1089 1229 1178 1281; x_wconf 85' lang='grc' dir='ltr'><strong>τὸν</strong></span> <span class='ocrx_word' id='word_1_86' title='bbox 1203 1228 1423 1297; x_wconf 83' lang='grc' dir='ltr'>τρόπον,</span> <span class='ocrx_word' id='word_1_87' title='bbox 1445 1227 1627 1281; x_wconf 79' lang='grc' dir='ltr'>λοιπὸν</span> <span class='ocrx_word' id='word_1_88' title='bbox 1662 1226 1755 1279; x_wconf 77' lang='grc' dir='ltr'><strong>καὶ</strong></span> 
     </span>
    </p>
   </div>
   <div class='ocr_carea' id='block_1_15' title="bbox 174 1318 1754 1390">
    <p class='ocr_par' dir='ltr' id='par_1_15' title="bbox 174 1318 1754 1390">
     <span class='ocr_line' id='line_1_15' title="bbox 174 1318 1754 1390; baseline -0.001 -19"><span class='ocrx_word' id='word_1_89' title='bbox 174 1319 259 1372; x_wconf 77' lang='grc' dir='ltr'><strong>τὸν</strong></span> <span class='ocrx_word' id='word_1_90' title='bbox 298 1319 441 1373; x_wconf 81' lang='grc' dir='ltr'><strong>κατά</strong></span> <span class='ocrx_word' id='word_1_91' title='bbox 492 1320 710 1374; x_wconf 88' lang='grc' dir='ltr'>πάντων</span> <span class='ocrx_word' id='word_1_92' title='bbox 759 1321 1036 1375; x_wconf 80' lang='grc' dir='ltr'>ἀνακινεῖν</span> <span class='ocrx_word' id='word_1_93' title='bbox 1069 1319 1330 1390; x_wconf 85' lang='grc' dir='ltr'>διωγμὸν,</span> <span class='ocrx_word' id='word_1_94' title='bbox 1367 1320 1460 1372; x_wconf 77' lang='grc' dir='ltr'><strong>ἐπὶ</strong></span> <span class='ocrx_word' id='word_1_95' title='bbox 1514 1318 1754 1372; x_wconf 90' lang='grc' dir='ltr'>διάνοιαν</span> 
     </span>
    </p>
   </div>
   <div class='ocr_carea' id='block_1_16' title="bbox 177 1406 1754 1485">
    <p class='ocr_par' dir='ltr' id='par_1_16' title="bbox 177 1406 1754 1485">
     <span class='ocr_line' id='line_1_16' title="bbox 177 1406 1754 1485; baseline -0.003 -19"><span class='ocrx_word' id='word_1_96' title='bbox 177 1412 442 1466; x_wconf 72' lang='grc' dir='ltr'>ἐϐάλλετο.</span> <span class='ocrx_word' id='word_1_97' title='bbox 493 1413 747 1485; x_wconf 87' lang='grc' dir='ltr'>Ἐκράτει</span> <span class='ocrx_word' id='word_1_98' title='bbox 774 1431 833 1466; x_wconf 90' lang='grc' dir='ltr'><strong>τε</strong></span> <span class='ocrx_word' id='word_1_99' title='bbox 863 1412 1089 1484; x_wconf 78' lang='grc' dir='ltr'>γνώμης</span> <span class='ocrx_word' id='word_1_100' title='bbox 1114 1412 1209 1465; x_wconf 77' lang='grc' dir='ltr'><strong>καὶ</strong></span> <span class='ocrx_word' id='word_1_101' title='bbox 1236 1412 1385 1465; x_wconf 79' lang='grc' dir='ltr'>οὐδὲν</span> <span class='ocrx_word' id='word_1_102' title='bbox 1420 1409 1666 1482; x_wconf 79' lang='grc' dir='ltr'>ἐμποδὼν</span> <span class='ocrx_word' id='word_1_103' title='bbox 1685 1406 1754 1481; x_wconf 80' lang='grc' dir='ltr'>ἧν</span> 
     </span>
    </p>
   </div>
   <div class='ocr_carea' id='block_1_17' title="bbox 176 1503 1755 1578">
    <p class='ocr_par' dir='ltr' id='par_1_17' title="bbox 176 1503 1755 1578">
     <span class='ocr_line' id='line_1_17' title="bbox 176 1503 1755 1578; baseline -0.001 -20"><span class='ocrx_word' id='word_1_104' title='bbox 176 1503 319 1575; x_wconf 81' lang='grc' dir='ltr'>αὐτῷ</span> <span class='ocrx_word' id='word_1_105' title='bbox 356 1505 431 1575; x_wconf 83' lang='grc' dir='ltr'>μὴ</span> <span class='ocrx_word' id='word_1_106' title='bbox 480 1505 605 1576; x_wconf 76' lang='grc' dir='ltr'>οὐχὶ</span> <span class='ocrx_word' id='word_1_107' title='bbox 655 1506 713 1558; x_wconf 84' lang='grc' dir='ltr'><strong>ἐν</strong></span> <span class='ocrx_word' id='word_1_108' title='bbox 759 1505 905 1578; x_wconf 79' lang='grc' dir='ltr'>ἔργῳ</span> <span class='ocrx_word' id='word_1_109' title='bbox 950 1508 1168 1577; x_wconf 82' lang='grc' dir='ltr'>χωρεῖν,</span> <span class='ocrx_word' id='word_1_110' title='bbox 1225 1508 1273 1558; x_wconf 82' lang='grc' dir='ltr'>εἰ</span> <span class='ocrx_word' id='word_1_111' title='bbox 1316 1505 1388 1577; x_wconf 86' lang='grc' dir='ltr'>μὴ</span> <span class='ocrx_word' id='word_1_112' title='bbox 1434 1504 1661 1574; x_wconf 85' lang='grc' dir='ltr'>τάχιστα</span> <span class='ocrx_word' id='word_1_113' title='bbox 1693 1503 1755 1556; x_wconf 84' lang='grc' dir='ltr'><strong>τὸ</strong></span> 
     </span>
    </p>
   </div>
   <div class='ocr_carea' id='block_1_18' title="bbox 180 1595 1755 1670">
    <p class='ocr_par' dir='ltr' id='par_1_18' title="bbox 180 1595 1755 1670">
     <span class='ocr_line' id='line_1_18' title="bbox 180 1595 1755 1670; baseline -0.001 -19"><span class='ocrx_word' id='word_1_114' title='bbox 180 1595 358 1669; x_wconf 78' lang='grc' dir='ltr'>μέλλον</span> <span class='ocrx_word' id='word_1_115' title='bbox 379 1596 605 1650; x_wconf 76' lang='grc' dir='ltr'>ἔσεσθαι</span> <span class='ocrx_word' id='word_1_116' title='bbox 627 1597 913 1670; x_wconf 81' lang='grc' dir='ltr'>προλαϐὼν</span> <span class='ocrx_word' id='word_1_117' title='bbox 941 1599 969 1650; x_wconf 90' lang='grc' dir='ltr'><strong>ό</strong></span> <span class='ocrx_word' id='word_1_118' title='bbox 992 1597 1100 1650; x_wconf 85' lang='grc' dir='ltr'><strong>τῶν</strong></span> <span class='ocrx_word' id='word_1_119' title='bbox 1133 1598 1349 1651; x_wconf 84' lang='grc' dir='ltr'>οἰκείων</span> <span class='ocrx_word' id='word_1_120' title='bbox 1374 1596 1558 1667; x_wconf 63' lang='grc' dir='ltr'>ψυχῶν</span> <span class='ocrx_word' id='word_1_121' title='bbox 1587 1595 1755 1666; x_wconf 78' lang='grc' dir='ltr'>ὑπέρ-</span> 
     </span>
    </p>
   </div>
   <div class='ocr_carea' id='block_1_19' title="bbox 180 1689 1753 1763">
    <p class='ocr_par' dir='ltr' id='par_1_19' title="bbox 180 1689 1753 1763">
     <span class='ocr_line' id='line_1_19' title="bbox 180 1689 1753 1763; baseline -0.012 -6"><span class='ocrx_word' id='word_1_122' title='bbox 180 1708 339 1761; x_wconf 80' lang='grc' dir='ltr'>μαχος</span> <span class='ocrx_word' id='word_1_123' title='bbox 382 1691 553 1755; x_wconf 74' lang='grc' dir='ltr'>θεὸς,</span> <span class='ocrx_word' id='word_1_124' title='bbox 584 1692 660 1756; x_wconf 86' lang='grc' dir='ltr'>ὡς</span> <span class='ocrx_word' id='word_1_125' title='bbox 689 1694 747 1745; x_wconf 86' lang='grc' dir='ltr'>ὲν</span> <span class='ocrx_word' id='word_1_126' title='bbox 789 1691 944 1763; x_wconf 84' lang='grc' dir='ltr'>βαθεί</span> <span class='ocrx_word' id='word_1_127' title='bbox 982 1691 1157 1762; x_wconf 82' lang='grc' dir='ltr'>σκότῳ</span> <span class='ocrx_word' id='word_1_128' title='bbox 1184 1692 1278 1745; x_wconf 69' lang='grc' dir='ltr'>καὶ</span> <span class='ocrx_word' id='word_1_129' title='bbox 1303 1689 1458 1743; x_wconf 77' lang='grc' dir='ltr'>νυκτὶ</span> <span class='ocrx_word' id='word_1_130' title='bbox 1515 1689 1753 1757; x_wconf 68' lang='grc' dir='ltr'>ζοφῶδε-</span> 
     </span>
    </p>
   </div>
   <div class='ocr_carea' id='block_1_20' title="bbox 1859 491 3430 566">
    <p class='ocr_par' dir='ltr' id='par_1_20' title="bbox 1859 491 3430 566">
     <span class='ocr_line' id='line_1_20' title="bbox 1859 491 3430 566; baseline 0.004 -19"><span class='ocrx_word' id='word_1_131' title='bbox 1859 507 1966 562; x_wconf 89' lang='lat' dir='ltr'><strong>que</strong></span> <span class='ocrx_word' id='word_1_132' title='bbox 1987 493 2137 548; x_wconf 91' lang='lat' dir='ltr'><strong>enim</strong></span> <span class='ocrx_word' id='word_1_133' title='bbox 2177 491 2456 546; x_wconf 88' lang='lat' dir='ltr'><strong>orationes</strong></span> <span class='ocrx_word' id='word_1_134' title='bbox 2481 506 2578 560; x_wconf 91' lang='lat' dir='ltr'><strong>pro</strong></span> <span class='ocrx_word' id='word_1_135' title='bbox 2610 507 2669 547; x_wconf 94' lang='lat' dir='ltr'><strong>se</strong></span> <span class='ocrx_word' id='word_1_136' title='bbox 2718 493 2834 549; x_wconf 79' lang='lat' dir='ltr'><strong>ﬁeri</strong></span> <span class='ocrx_word' id='word_1_137' title='bbox 2869 494 3217 566; x_wconf 88' lang='lat' dir='ltr'><strong>opinabatur,</strong></span> <span class='ocrx_word' id='word_1_138' title='bbox 3254 498 3430 553; x_wconf 83' lang='lat' dir='ltr'><strong>scele-</strong></span> 
     </span>
    </p>
   </div>
   <div class='ocr_carea' id='block_1_21' title="bbox 1854 581 3430 656">
    <p class='ocr_par' dir='ltr' id='par_1_21' title="bbox 1854 581 3430 656">
     <span class='ocr_line' id='line_1_21' title="bbox 1854 581 3430 656; baseline 0.006 -20"><span class='ocrx_word' id='word_1_139' title='bbox 1854 599 1979 637; x_wconf 85' lang='lat' dir='ltr'><strong>rum</strong></span> <span class='ocrx_word' id='word_1_140' title='bbox 2025 581 2232 637; x_wconf 79' lang='lat' dir='ltr'><strong>scilicet</strong></span> <span class='ocrx_word' id='word_1_141' title='bbox 2277 584 2613 639; x_wconf 74' lang='lat' dir='ltr'><strong>conscientia</strong></span> <span class='ocrx_word' id='word_1_142' title='bbox 2664 585 2716 638; x_wconf 90' lang='lat' dir='ltr'><strong>in</strong></span> <span class='ocrx_word' id='word_1_143' title='bbox 2760 599 2879 639; x_wconf 90' lang='lat' dir='ltr'><strong>eam</strong></span> <span class='ocrx_word' id='word_1_144' title='bbox 2917 588 3227 656; x_wconf 81' lang='lat' dir='ltr'><strong>Opinionem</strong></span> <span class='ocrx_word' id='word_1_145' title='bbox 3259 591 3430 645; x_wconf 90' lang='lat' dir='ltr'><strong>addu-</strong></span> 
     </span>
    </p>
   </div>
   <div class='ocr_carea' id='block_1_22' title="bbox 1857 674 3432 745">
    <p class='ocr_par' dir='ltr' id='par_1_22' title="bbox 1857 674 3432 745">
     <span class='ocr_line' id='line_1_22' title="bbox 1857 674 3432 745; baseline 0.007 -16"><span class='ocrx_word' id='word_1_146' title='bbox 1857 681 1997 731; x_wconf 91' lang='lat' dir='ltr'><strong>ctus.</strong></span> <span class='ocrx_word' id='word_1_147' title='bbox 2024 674 2128 729; x_wconf 85' lang='lat' dir='ltr'><strong>Sed</strong></span> <span class='ocrx_word' id='word_1_148' title='bbox 2153 690 2249 728; x_wconf 89' lang='lat' dir='ltr'><strong>nos</strong></span> <span class='ocrx_word' id='word_1_149' title='bbox 2268 690 2367 744; x_wconf 90' lang='lat' dir='ltr'><strong>pro</strong></span> <span class='ocrx_word' id='word_1_150' title='bbox 2390 676 2718 745; x_wconf 78' lang='lat' dir='ltr'><strong>imperatore</strong></span> <span class='ocrx_word' id='word_1_151' title='bbox 2735 679 2828 734; x_wconf 89' lang='lat' dir='ltr'><strong>Dei</strong></span> <span class='ocrx_word' id='word_1_152' title='bbox 2852 681 3224 736; x_wconf 87' lang='lat' dir='ltr'><strong>amantissimo</strong></span> <span class='ocrx_word' id='word_1_153' title='bbox 3246 684 3432 741; x_wconf 87' lang='lat' dir='ltr'><strong>omnia</strong></span> 
     </span>
    </p>
   </div>
   <div class='ocr_carea' id='block_1_23' title="bbox 1856 766 3426 842">
    <p class='ocr_par' dir='ltr' id='par_1_23' title="bbox 1856 766 3426 842">
     <span class='ocr_line' id='line_1_23' title="bbox 1856 766 3426 842; baseline 0.005 -19"><span class='ocrx_word' id='word_1_154' title='bbox 1856 766 2061 831; x_wconf 83' lang='lat' dir='ltr'><strong>facere,</strong></span> <span class='ocrx_word' id='word_1_155' title='bbox 2092 784 2155 823; x_wconf 89' lang='lat' dir='ltr'><strong>ac</strong></span> <span class='ocrx_word' id='word_1_156' title='bbox 2183 768 2421 823; x_wconf 89' lang='lat' dir='ltr'><strong>divinum</strong></span> <span class='ocrx_word' id='word_1_157' title='bbox 2447 786 2644 825; x_wconf 84' lang='lat' dir='ltr'><strong>numen</strong></span> <span class='ocrx_word' id='word_1_158' title='bbox 2664 771 2898 840; x_wconf 87' lang='lat' dir='ltr'><strong>placare,</strong></span> <span class='ocrx_word' id='word_1_159' title='bbox 2926 772 3025 827; x_wconf 85' lang='lat' dir='ltr'><strong>sibi</strong></span> <span class='ocrx_word' id='word_1_160' title='bbox 3057 785 3426 842; x_wconf 75' lang='lat' dir='ltr'><strong>persuaserat.</strong></span> 
     </span>
    </p>
   </div>
   <div class='ocr_carea' id='block_1_24' title="bbox 1856 857 3430 929">
    <p class='ocr_par' dir='ltr' id='par_1_24' title="bbox 1856 857 3430 929">
     <span class='ocr_line' id='line_1_24' title="bbox 1856 857 3430 929; baseline 0.008 -18"><span class='ocrx_word' id='word_1_161' title='bbox 1856 857 2030 926; x_wconf 85' lang='lat' dir='ltr'><strong>Quam</strong></span> <span class='ocrx_word' id='word_1_162' title='bbox 2062 859 2133 914; x_wconf 90' lang='lat' dir='ltr'><strong>ob</strong></span> <span class='ocrx_word' id='word_1_163' title='bbox 2166 874 2388 916; x_wconf 80' lang='lat' dir='ltr'><strong>causam</strong></span> <span class='ocrx_word' id='word_1_164' title='bbox 2418 862 2676 929; x_wconf 76' lang='lat' dir='ltr'><strong>impetum</strong></span> <span class='ocrx_word' id='word_1_165' title='bbox 2727 878 2941 917; x_wconf 86' lang='lat' dir='ltr'><strong>onmem</strong></span> <span class='ocrx_word' id='word_1_166' title='bbox 2996 864 3197 920; x_wconf 81' lang='lat' dir='ltr'><strong>furoris</strong></span> <span class='ocrx_word' id='word_1_167' title='bbox 3239 868 3323 922; x_wconf 91' lang='lat' dir='ltr'><strong>sui</strong></span> <span class='ocrx_word' id='word_1_168' title='bbox 3373 867 3430 924; x_wconf 87' lang='lat' dir='ltr'><strong>in</strong></span> 
     </span>
    </p>
   </div>
   <div class='ocr_carea' id='block_1_25' title="bbox 1856 951 3429 1030">
    <p class='ocr_par' dir='ltr' id='par_1_25' title="bbox 1856 951 3429 1030">
     <span class='ocr_line' id='line_1_25' title="bbox 1856 951 3429 1030; baseline 0.007 -26"><span class='ocrx_word' id='word_1_169' title='bbox 1856 964 1955 1004; x_wconf 89' lang='lat' dir='ltr'><strong>nos</strong></span> <span class='ocrx_word' id='word_1_170' title='bbox 1983 951 2273 1005; x_wconf 88' lang='lat' dir='ltr'><strong>convertit.</strong></span> <span class='ocrx_word' id='word_1_171' title='bbox 2311 952 2546 1007; x_wconf 83' lang='lat' dir='ltr'><strong>Proinde</strong></span> <span class='ocrx_word' id='word_1_172' title='bbox 2576 954 2833 1021; x_wconf 75' lang='lat' dir='ltr'><strong>praesides</strong></span> <span class='ocrx_word' id='word_1_173' title='bbox 2863 964 3130 1025; x_wconf 83' lang='lat' dir='ltr'><strong>quotquot</strong></span> <span class='ocrx_word' id='word_1_174' title='bbox 3169 958 3429 1030; x_wconf 83' lang='lat' dir='ltr'><strong>principis</strong></span> 
     </span>
    </p>
   </div>
   <div class='ocr_carea' id='block_1_26' title="bbox 1856 1041 3430 1117">
    <p class='ocr_par' dir='ltr' id='par_1_26' title="bbox 1856 1041 3430 1117">
     <span class='ocr_line' id='line_1_26' title="bbox 1856 1041 3430 1117; baseline 0.008 -22"><span class='ocrx_word' id='word_1_175' title='bbox 1856 1041 2090 1110; x_wconf 77' lang='lat' dir='ltr'><strong>gratiam</strong></span> <span class='ocrx_word' id='word_1_176' title='bbox 2125 1042 2452 1111; x_wconf 82' lang='lat' dir='ltr'><strong>captabant,</strong></span> <span class='ocrx_word' id='word_1_177' title='bbox 2493 1060 2616 1100; x_wconf 91' lang='lat' dir='ltr'><strong>cum</strong></span> <span class='ocrx_word' id='word_1_178' title='bbox 2669 1046 3057 1102; x_wconf 85' lang='lat' dir='ltr'><strong>scelestissimo</strong></span> <span class='ocrx_word' id='word_1_179' title='bbox 3106 1058 3332 1117; x_wconf 90' lang='lat' dir='ltr'><strong>tyranno</strong></span> <span class='ocrx_word' id='word_1_180' title='bbox 3375 1051 3430 1107; x_wconf 90' lang='lat' dir='ltr'><strong>id</strong></span> 
     </span>
    </p>
   </div>
   <div class='ocr_carea' id='block_1_27' title="bbox 1854 1132 3429 1211">
    <p class='ocr_par' dir='ltr' id='par_1_27' title="bbox 1854 1132 3429 1211">
     <span class='ocr_line' id='line_1_27' title="bbox 1854 1132 3429 1211; baseline 0.008 -27"><span class='ocrx_word' id='word_1_181' title='bbox 1854 1132 2070 1202; x_wconf 81' lang='lat' dir='ltr'><strong>placere</strong></span> <span class='ocrx_word' id='word_1_182' title='bbox 2101 1134 2488 1205; x_wconf 84' lang='lat' dir='ltr'><strong>intelligerent,</strong></span> <span class='ocrx_word' id='word_1_183' title='bbox 2519 1137 2806 1207; x_wconf 86' lang='lat' dir='ltr'><strong>episcopos</strong></span> <span class='ocrx_word' id='word_1_184' title='bbox 2834 1139 3028 1207; x_wconf 80' lang='lat' dir='ltr'><strong>partim</strong></span> <span class='ocrx_word' id='word_1_185' title='bbox 3064 1140 3254 1195; x_wconf 79' lang='lat' dir='ltr'><strong>iisdem</strong></span> <span class='ocrx_word' id='word_1_186' title='bbox 3304 1142 3429 1211; x_wconf 85' lang='lat' dir='ltr'><strong>qui-</strong></span> 
     </span>
    </p>
   </div>
   <div class='ocr_carea' id='block_1_28' title="bbox 1854 1226 3429 1303">
    <p class='ocr_par' dir='ltr' id='par_1_28' title="bbox 1854 1226 3429 1303">
     <span class='ocr_line' id='line_1_28' title="bbox 1854 1226 3429 1303; baseline 0.004 -23"><span class='ocrx_word' id='word_1_187' title='bbox 1854 1226 1961 1281; x_wconf 87' lang='lat' dir='ltr'><strong>bus</strong></span> <span class='ocrx_word' id='word_1_188' title='bbox 1990 1227 2263 1282; x_wconf 81' lang='lat' dir='ltr'><strong>maleﬁcos</strong></span> <span class='ocrx_word' id='word_1_189' title='bbox 2308 1229 2555 1284; x_wconf 86' lang='lat' dir='ltr'><strong>homines</strong></span> <span class='ocrx_word' id='word_1_190' title='bbox 2604 1231 2782 1299; x_wconf 76' lang='lat' dir='ltr'><strong>pmnis</strong></span> <span class='ocrx_word' id='word_1_191' title='bbox 2828 1231 3123 1287; x_wconf 84' lang='lat' dir='ltr'><strong>identidem</strong></span> <span class='ocrx_word' id='word_1_192' title='bbox 3170 1234 3429 1303; x_wconf 86' lang='lat' dir='ltr'><strong>subjicie-</strong></span> 
     </span>
    </p>
   </div>
   <div class='ocr_carea' id='block_1_29' title="bbox 1852 1317 3427 1390">
    <p class='ocr_par' dir='ltr' id='par_1_29' title="bbox 1852 1317 3427 1390">
     <span class='ocr_line' id='line_1_29' title="bbox 1852 1317 3427 1390; baseline 0.003 -16"><span class='ocrx_word' id='word_1_193' title='bbox 1852 1320 2008 1375; x_wconf 86' lang='lat' dir='ltr'><strong>bant.</strong></span> <span class='ocrx_word' id='word_1_194' title='bbox 2070 1317 2255 1388; x_wconf 87' lang='lat' dir='ltr'><strong>Itaque</strong></span> <span class='ocrx_word' id='word_1_195' title='bbox 2312 1320 2421 1373; x_wconf 89' lang='lat' dir='ltr'><strong>viri</strong></span> <span class='ocrx_word' id='word_1_196' title='bbox 2475 1322 2565 1390; x_wconf 91' lang='lat' dir='ltr'><strong>qui</strong></span> <span class='ocrx_word' id='word_1_197' title='bbox 2630 1322 2765 1376; x_wconf 86' lang='lat' dir='ltr'><strong>nihil</strong></span> <span class='ocrx_word' id='word_1_198' title='bbox 2821 1324 2949 1376; x_wconf 87' lang='lat' dir='ltr'><strong>mali</strong></span> <span class='ocrx_word' id='word_1_199' title='bbox 3001 1326 3427 1390; x_wconf 86' lang='lat' dir='ltr'><strong>commiserant,</strong></span> 
     </span>
    </p>
   </div>
   <div class='ocr_carea' id='block_1_30' title="bbox 1858 1409 3427 1483">
    <p class='ocr_par' dir='ltr' id='par_1_30' title="bbox 1858 1409 3427 1483">
     <span class='ocr_line' id='line_1_30' title="bbox 1858 1409 3427 1483; baseline 0.002 -17"><span class='ocrx_word' id='word_1_200' title='bbox 1858 1409 2063 1479; x_wconf 86' lang='lat' dir='ltr'><strong>absque</strong></span> <span class='ocrx_word' id='word_1_201' title='bbox 2099 1411 2204 1463; x_wconf 89' lang='lat' dir='ltr'><strong>ulla</strong></span> <span class='ocrx_word' id='word_1_202' title='bbox 2252 1427 2416 1466; x_wconf 86' lang='lat' dir='ltr'><strong>causa</strong></span> <span class='ocrx_word' id='word_1_203' title='bbox 2469 1413 2901 1480; x_wconf 90' lang='lat' dir='ltr'><strong>abducebantur,</strong></span> <span class='ocrx_word' id='word_1_204' title='bbox 2966 1422 3021 1468; x_wconf 93' lang='lat' dir='ltr'><strong>et</strong></span> <span class='ocrx_word' id='word_1_205' title='bbox 3063 1416 3427 1483; x_wconf 84' lang='lat' dir='ltr'><strong>puniebantur</strong></span> 
     </span>
    </p>
   </div>
   <div class='ocr_carea' id='block_1_31' title="bbox 1854 1502 3427 1575">
    <p class='ocr_par' dir='ltr' id='par_1_31' title="bbox 1854 1502 3427 1575">
     <span class='ocr_line' id='line_1_31' title="bbox 1854 1502 3427 1575; baseline 0.004 -19"><span class='ocrx_word' id='word_1_206' title='bbox 1854 1503 2082 1573; x_wconf 88' lang='lat' dir='ltr'><strong>perinde</strong></span> <span class='ocrx_word' id='word_1_207' title='bbox 2127 1516 2195 1555; x_wconf 89' lang='lat' dir='ltr'><strong>ac</strong></span> <span class='ocrx_word' id='word_1_208' title='bbox 2224 1502 2426 1557; x_wconf 84' lang='lat' dir='ltr'><strong>sicarii.</strong></span> <span class='ocrx_word' id='word_1_209' title='bbox 2465 1502 2694 1569; x_wconf 85' lang='lat' dir='ltr'><strong>Quidam</strong></span> <span class='ocrx_word' id='word_1_210' title='bbox 2742 1519 2870 1559; x_wconf 88' lang='lat' dir='ltr'><strong>vero</strong></span> <span class='ocrx_word' id='word_1_211' title='bbox 2926 1521 3123 1560; x_wconf 87' lang='lat' dir='ltr'><strong>novum</strong></span> <span class='ocrx_word' id='word_1_212' title='bbox 3160 1507 3427 1575; x_wconf 85' lang='lat' dir='ltr'><strong>quoddam</strong></span> 
     </span>
    </p>
   </div>
   <div class='ocr_carea' id='block_1_32' title="bbox 1854 1594 3428 1670">
    <p class='ocr_par' dir='ltr' id='par_1_32' title="bbox 1854 1594 3428 1670">
     <span class='ocr_line' id='line_1_32' title="bbox 1854 1594 3428 1670; baseline 0.006 -23"><span class='ocrx_word' id='word_1_213' title='bbox 1854 1594 2048 1649; x_wconf 90' lang='lat' dir='ltr'><strong>mortis</strong></span> <span class='ocrx_word' id='word_1_214' title='bbox 2083 1609 2254 1664; x_wconf 82' lang='lat' dir='ltr'><strong>genus</strong></span> <span class='ocrx_word' id='word_1_215' title='bbox 2287 1594 2644 1662; x_wconf 88' lang='lat' dir='ltr'><strong>pertulerunt,</strong></span> <span class='ocrx_word' id='word_1_216' title='bbox 2668 1611 2901 1665; x_wconf 91' lang='lat' dir='ltr'><strong>corpore</strong></span> <span class='ocrx_word' id='word_1_217' title='bbox 2925 1598 2978 1654; x_wconf 93' lang='lat' dir='ltr'><strong>in</strong></span> <span class='ocrx_word' id='word_1_218' title='bbox 3014 1599 3215 1656; x_wconf 88' lang='lat' dir='ltr'><strong>multas</strong></span> <span class='ocrx_word' id='word_1_219' title='bbox 3244 1611 3428 1670; x_wconf 89' lang='lat' dir='ltr'><strong>partes</strong></span> 
     </span>
    </p>
   </div>
   <div class='ocr_carea' id='block_1_33' title="bbox 1856 1684 3430 1761">
    <p class='ocr_par' dir='ltr' id='par_1_33' title="bbox 1856 1684 3430 1761">
     <span class='ocr_line' id='line_1_33' title="bbox 1856 1684 3430 1761; baseline 0.001 -18"><span class='ocrx_word' id='word_1_220' title='bbox 1856 1684 2129 1743; x_wconf 78' lang='lat' dir='ltr'><strong>frustatim</strong></span> <span class='ocrx_word' id='word_1_221' title='bbox 2172 1686 2420 1752; x_wconf 90' lang='lat' dir='ltr'><strong>conciso;</strong></span> <span class='ocrx_word' id='word_1_222' title='bbox 2459 1694 2514 1741; x_wconf 92' lang='lat' dir='ltr'><strong>et</strong></span> <span class='ocrx_word' id='word_1_223' title='bbox 2553 1696 2673 1759; x_wconf 84' lang='lat' dir='ltr'><strong>post</strong></span> <span class='ocrx_word' id='word_1_224' title='bbox 2712 1697 2867 1743; x_wconf 83' lang='lat' dir='ltr'><strong>atrox</strong></span> <span class='ocrx_word' id='word_1_225' title='bbox 2914 1690 3221 1758; x_wconf 89' lang='lat' dir='ltr'><strong>hujusmodi</strong></span> <span class='ocrx_word' id='word_1_226' title='bbox 3265 1701 3430 1761; x_wconf 90' lang='lat' dir='ltr'><strong>atque</strong></span> 
     </span>
    </p>
   </div>
   <div class='ocr_carea' id='block_1_34' title="bbox 180 1751 1750 1857">
    <p class='ocr_par' dir='ltr' id='par_1_34' title="bbox 180 1751 1748 1857">
     <span class='ocr_line' id='line_1_34' title="bbox 180 1751 1748 1857; baseline -0.003 -21"><span class='ocrx_word' id='word_1_227' title='bbox 361 1751 828 1855; x_wconf 37' lang='lat' dir='ltr'><strong>tpwaéiipa‘ps&#39;ya&#39;v</strong></span> <span class='ocrx_word' id='word_1_228' title='bbox 849 1784 1059 1857; x_wconf 87' lang='grc' dir='ltr'>ἀθρόως</span> <span class='ocrx_word' id='word_1_229' title='bbox 1082 1751 1175 1838; x_wconf 77' lang='grc' dir='ltr'>κάὶ</span> <span class='ocrx_word' id='word_1_230' title='bbox 1205 1751 1556 1852; x_wconf 78' lang='grc' dir='ltr'>σωτῆρα’τοῖς</span> <span class='ocrx_word' id='word_1_231' title='bbox 1585 1751 1748 1833; x_wconf 72' lang='grc' dir='ltr'>πᾶσιν</span> 
     </span>
    </p>
   </div>
   <div class='ocr_carea' id='block_1_35' title="bbox 1851 1751 3428 1857">
    <p class='ocr_par' dir='ltr' id='par_1_35' title="bbox 1856 1751 3428 1850">
     <span class='ocr_line' id='line_1_35' title="bbox 1856 1751 3428 1850; baseline 0.005 -20"><span class='ocrx_word' id='word_1_232' title='bbox 1856 1777 2187 1832; x_wconf 87' lang='lat' dir='ltr'><strong>horrendum</strong></span> <span class='ocrx_word' id='word_1_233' title='bbox 2213 1778 2609 1844; x_wconf 77' lang='lat' dir='ltr'><strong>spectaculum,</strong></span> <span class='ocrx_word' id='word_1_234' title='bbox 2648 1778 2815 1850; x_wconf 78' lang='lat'><strong>398</strong></span> <span class='ocrx_word' id='word_1_235' title='bbox 2876 1788 2935 1834; x_wconf 92' lang='lat' dir='ltr'><strong>ut</strong></span> <span class='ocrx_word' id='word_1_236' title='bbox 2975 1781 3213 1849; x_wconf 76' lang='lat' dir='ltr'><strong>piscibus</strong></span> <span class='ocrx_word' id='word_1_237' title='bbox 3242 1751 3428 1839; x_wconf 77' lang='lat' dir='ltr'><strong>cibum</strong></span> 
     </span>
    </p>
   </div>
   <div class='ocr_carea' id='block_1_36' title="bbox 179 1871 1748 1947">
    <p class='ocr_par' dir='ltr' id='par_1_36' title="bbox 179 1871 1748 1947">
     <span class='ocr_line' id='line_1_36' title="bbox 179 1871 1748 1947; baseline -0.002 -21"><span class='ocrx_word' id='word_1_238' title='bbox 179 1872 571 1943; x_wconf 70' lang='grc' dir='ltr'>ὲξέλαμψε,τδν</span> <span class='ocrx_word' id='word_1_239' title='bbox 598 1875 763 1928; x_wconf 73' lang='grc' dir='ltr'>αὑτοῦ</span> <span class='ocrx_word' id='word_1_240' title='bbox 793 1875 1101 1947; x_wconf 80' lang='grc' dir='ltr'>θεράποντα</span> <span class='ocrx_word' id='word_1_241' title='bbox 1123 1874 1530 1928; x_wconf 87' lang='grc' dir='ltr'>Κωνσταντῖνον</span> <span class='ocrx_word' id='word_1_242' title='bbox 1561 1871 1748 1943; x_wconf 74' lang='grc' dir='ltr'>ὑψηλῷ</span> 
     </span>
    </p>
   </div>
   <div class='ocr_carea' id='block_1_37' title="bbox 182 1958 1240 2039">
    <p class='ocr_par' dir='ltr' id='par_1_37' title="bbox 182 1958 1240 2039">
     <span class='ocr_line' id='line_1_37' title="bbox 182 1958 1240 2039; baseline 0.015 -26"><span class='ocrx_word' id='word_1_243' title='bbox 182 1958 405 2035; x_wconf 81' lang='grc' dir='ltr'>βραχίονι</span> <span class='ocrx_word' id='word_1_244' title='bbox 439 1966 537 2019; x_wconf 77' lang='grc' dir='ltr'>ἐπὶ</span> <span class='ocrx_word' id='word_1_245' title='bbox 558 1967 626 2021; x_wconf 77' lang='grc' dir='ltr'>τὰ</span> <span class='ocrx_word' id='word_1_246' title='bbox 657 1967 783 2039; x_wconf 81' lang='grc' dir='ltr'>τῇδε</span> <span class='ocrx_word' id='word_1_247' title='bbox 804 1968 1240 2039; x_wconf 80' lang='grc' dir='ltr'>χειραγωγήσας·</span> 
     </span>
    </p>
   </div>
   <div class='ocr_carea' id='block_1_38' title="bbox 1856 1870 3431 1945">
    <p class='ocr_par' dir='ltr' id='par_1_38' title="bbox 1856 1870 3431 1945">
     <span class='ocr_line' id='line_1_38' title="bbox 1856 1870 3431 1945; baseline 0.003 -22"><span class='ocrx_word' id='word_1_248' title='bbox 1856 1870 2225 1941; x_wconf 84' lang='lat' dir='ltr'><strong>praeherentin</strong></span> <span class='ocrx_word' id='word_1_249' title='bbox 2247 1870 2568 1927; x_wconf 85' lang='lat' dir='ltr'><strong>altissimum</strong></span> <span class='ocrx_word' id='word_1_250' title='bbox 2597 1888 2748 1928; x_wconf 90' lang='lat' dir='ltr'><strong>mare</strong></span> <span class='ocrx_word' id='word_1_251' title='bbox 2777 1873 3024 1942; x_wconf 85' lang='lat' dir='ltr'><strong>projecti.</strong></span> <span class='ocrx_word' id='word_1_252' title='bbox 3049 1874 3298 1930; x_wconf 59' lang='lat' dir='ltr'><strong>Posthac</strong></span> <span class='ocrx_word' id='word_1_253' title='bbox 3327 1875 3431 1945; x_wconf 82' lang='lat' dir='ltr'><strong>igi-</strong></span> 
     </span>
    </p>
   </div>
   <div class='ocr_carea' id='block_1_39' title="bbox 1858 1962 3427 2036">
    <p class='ocr_par' dir='ltr' id='par_1_39' title="bbox 1858 1962 3427 2036">
     <span class='ocr_line' id='line_1_39' title="bbox 1858 1962 3427 2036; baseline 0.003 -20"><span class='ocrx_word' id='word_1_254' title='bbox 1858 1973 1946 2016; x_wconf 88' lang='lat' dir='ltr'><strong>tur</strong></span> <span class='ocrx_word' id='word_1_255' title='bbox 1966 1963 2056 2017; x_wconf 90' lang='lat' dir='ltr'><strong>Dei</strong></span> <span class='ocrx_word' id='word_1_256' title='bbox 2079 1963 2315 2019; x_wconf 86' lang='lat' dir='ltr'><strong>cultores</strong></span> <span class='ocrx_word' id='word_1_257' title='bbox 2335 1962 2515 2034; x_wconf 80' lang='lat' dir='ltr'><strong>fugam</strong></span> <span class='ocrx_word' id='word_1_258' title='bbox 2544 1964 2686 2019; x_wconf 90' lang='lat' dir='ltr'><strong>inire</strong></span> <span class='ocrx_word' id='word_1_259' title='bbox 2702 1966 2881 2020; x_wconf 90' lang='lat' dir='ltr'><strong>denuo</strong></span> <span class='ocrx_word' id='word_1_260' title='bbox 2907 1976 3211 2036; x_wconf 72' lang='lat' dir='ltr'><strong>cmperunt.</strong></span> <span class='ocrx_word' id='word_1_261' title='bbox 3229 1966 3427 2021; x_wconf 88' lang='lat' dir='ltr'><strong>ltermn</strong></span> 
     </span>
    </p>
   </div>
   <div class='ocr_carea' id='block_1_40' title="bbox 181 2055 3427 2129">
    <p class='ocr_par' dir='ltr' id='par_1_40' title="bbox 181 2055 3427 2129">
     <span class='ocr_line' id='line_1_40' title="bbox 181 2055 3427 2129; baseline 0.002 -22"><span class='ocrx_word' id='word_1_262' title='bbox 181 2057 308 2127; x_wconf 73' lang='lat' dir='ltr'><strong>agri,</strong></span> <span class='ocrx_word' id='word_1_263' title='bbox 336 2057 534 2111; x_wconf 88' lang='lat' dir='ltr'><strong>iterum</strong></span> <span class='ocrx_word' id='word_1_264' title='bbox 551 2058 896 2125; x_wconf 72' lang='lat' dir='ltr'><strong>solitudines,</strong></span> <span class='ocrx_word' id='word_1_265' title='bbox 917 2062 1110 2114; x_wconf 89' lang='lat' dir='ltr'><strong>iterum</strong></span> <span class='ocrx_word' id='word_1_266' title='bbox 1132 2068 1346 2115; x_wconf 85' lang='lat' dir='ltr'><strong>montes</strong></span> <span class='ocrx_word' id='word_1_267' title='bbox 1370 2073 1433 2113; x_wconf 92' lang='lat' dir='ltr'><strong>ac</strong></span> <span class='ocrx_word' id='word_1_268' title='bbox 1448 2057 1595 2113; x_wconf 79' lang='lat' dir='ltr'><strong>silva:</strong></span> <span class='ocrx_word' id='word_1_269' title='bbox 1620 2056 1853 2112; x_wconf 81' lang='lat' dir='ltr'><strong>famulos</strong></span> <span class='ocrx_word' id='word_1_270' title='bbox 1870 2056 2074 2112; x_wconf 86' lang='lat' dir='ltr'><strong>Christi</strong></span> <span class='ocrx_word' id='word_1_271' title='bbox 2099 2070 2404 2123; x_wconf 90' lang='lat' dir='ltr'><strong>suscepere.</strong></span> <span class='ocrx_word' id='word_1_272' title='bbox 2425 2055 2554 2123; x_wconf 83' lang='lat' dir='ltr'><strong>Quae</strong></span> <span class='ocrx_word' id='word_1_273' title='bbox 2574 2072 2697 2111; x_wconf 89' lang='lat' dir='ltr'><strong>cum</strong></span> <span class='ocrx_word' id='word_1_274' title='bbox 2725 2058 2948 2113; x_wconf 86' lang='lat' dir='ltr'><strong>adhunc</strong></span> <span class='ocrx_word' id='word_1_275' title='bbox 2968 2059 3184 2113; x_wconf 89' lang='lat' dir='ltr'><strong>modum</strong></span> <span class='ocrx_word' id='word_1_276' title='bbox 3215 2058 3427 2129; x_wconf 87' lang='lat' dir='ltr'><strong>impiis-</strong></span> 
     </span>
    </p>
   </div>
   <div class='ocr_carea' id='block_1_41' title="bbox 180 2147 3422 2221">
    <p class='ocr_par' dir='ltr' id='par_1_41' title="bbox 180 2147 3422 2221">
     <span class='ocr_line' id='line_1_41' title="bbox 180 2147 3422 2221; baseline 0.002 -19"><span class='ocrx_word' id='word_1_277' title='bbox 180 2147 305 2203; x_wconf 86' lang='lat' dir='ltr'><strong>simo</strong></span> <span class='ocrx_word' id='word_1_278' title='bbox 329 2156 566 2219; x_wconf 80' lang='lat' dir='ltr'><strong>tyranno</strong></span> <span class='ocrx_word' id='word_1_279' title='bbox 584 2151 958 2216; x_wconf 88' lang='lat' dir='ltr'><strong>succederent,</strong></span> <span class='ocrx_word' id='word_1_280' title='bbox 977 2152 1233 2221; x_wconf 85' lang='lat' dir='ltr'><strong>deinceps</strong></span> <span class='ocrx_word' id='word_1_281' title='bbox 1252 2150 1686 2220; x_wconf 87' lang='lat' dir='ltr'><strong>persecutionem</strong></span> <span class='ocrx_word' id='word_1_282' title='bbox 1715 2149 1979 2203; x_wconf 90' lang='lat' dir='ltr'><strong>adversus</strong></span> <span class='ocrx_word' id='word_1_283' title='bbox 2005 2162 2196 2202; x_wconf 90' lang='lat' dir='ltr'><strong>omnes</strong></span> <span class='ocrx_word' id='word_1_284' title='bbox 2218 2147 2556 2203; x_wconf 87' lang='lat' dir='ltr'><strong>Christianos</strong></span> <span class='ocrx_word' id='word_1_285' title='bbox 2574 2149 2816 2204; x_wconf 84' lang='lat' dir='ltr'><strong>excitare</strong></span> <span class='ocrx_word' id='word_1_286' title='bbox 2843 2150 2895 2203; x_wconf 92' lang='lat' dir='ltr'><strong>in</strong></span> <span class='ocrx_word' id='word_1_287' title='bbox 2920 2151 3159 2205; x_wconf 90' lang='lat' dir='ltr'><strong>animum</strong></span> <span class='ocrx_word' id='word_1_288' title='bbox 3186 2151 3422 2207; x_wconf 76' lang='lat' dir='ltr'><strong>induxit.</strong></span> 
     </span>
    </p>
   </div>
   <div class='ocr_carea' id='block_1_42' title="bbox 180 2236 3429 2314">
    <p class='ocr_par' dir='ltr' id='par_1_42' title="bbox 180 2236 3429 2314">
     <span class='ocr_line' id='line_1_42' title="bbox 180 2236 3429 2314; baseline 0.003 -25"><span class='ocrx_word' id='word_1_289' title='bbox 180 2236 253 2292; x_wconf 83' lang='lat' dir='ltr'><strong>Ac</strong></span> <span class='ocrx_word' id='word_1_290' title='bbox 269 2239 642 2307; x_wconf 85' lang='lat' dir='ltr'><strong>proculdubio</strong></span> <span class='ocrx_word' id='word_1_291' title='bbox 663 2242 775 2295; x_wconf 87' lang='lat' dir='ltr'><strong>veti</strong></span> <span class='ocrx_word' id='word_1_292' title='bbox 801 2242 883 2297; x_wconf 89' lang='lat' dir='ltr'><strong>sui</strong></span> <span class='ocrx_word' id='word_1_293' title='bbox 912 2258 1134 2312; x_wconf 90' lang='lat' dir='ltr'><strong>compos</strong></span> <span class='ocrx_word' id='word_1_294' title='bbox 1153 2245 1478 2307; x_wconf 85' lang='lat' dir='ltr'><strong>exstitisset,</strong></span> <span class='ocrx_word' id='word_1_295' title='bbox 1499 2258 1596 2298; x_wconf 90' lang='lat' dir='ltr'><strong>nec</strong></span> <span class='ocrx_word' id='word_1_296' title='bbox 1613 2243 1660 2297; x_wconf 92' lang='lat' dir='ltr'><strong>ei</strong></span> <span class='ocrx_word' id='word_1_297' title='bbox 1688 2242 1983 2311; x_wconf 84' lang='lat' dir='ltr'><strong>quidquam</strong></span> <span class='ocrx_word' id='word_1_298' title='bbox 2002 2242 2307 2297; x_wconf 88' lang='lat' dir='ltr'><strong>obstitisset</strong></span> <span class='ocrx_word' id='word_1_299' title='bbox 2327 2243 2617 2311; x_wconf 89' lang='lat' dir='ltr'><strong>quominus</strong></span> <span class='ocrx_word' id='word_1_300' title='bbox 2634 2259 2745 2297; x_wconf 88' lang='lat' dir='ltr'><strong>rem</strong></span> <span class='ocrx_word' id='word_1_301' title='bbox 2769 2243 2835 2299; x_wconf 90' lang='lat' dir='ltr'><strong>ad</strong></span> <span class='ocrx_word' id='word_1_302' title='bbox 2854 2244 3059 2298; x_wconf 82' lang='lat' dir='ltr'><strong>exitum</strong></span> <span class='ocrx_word' id='word_1_303' title='bbox 3088 2243 3429 2314; x_wconf 85' lang='lat' dir='ltr'><strong>perduceret;</strong></span> 
     </span>
    </p>
   </div>
   <div class='ocr_carea' id='block_1_43' title="bbox 187 2326 3429 2403">
    <p class='ocr_par' dir='ltr' id='par_1_43' title="bbox 187 2326 3429 2403">
     <span class='ocr_line' id='line_1_43' title="bbox 187 2326 3429 2403; baseline 0.004 -27"><span class='ocrx_word' id='word_1_304' title='bbox 187 2326 618 2383; x_wconf 80' lang='lat' dir='ltr'><strong>nisifamulorum</strong></span> <span class='ocrx_word' id='word_1_305' title='bbox 630 2346 848 2386; x_wconf 89' lang='lat' dir='ltr'><strong>suorum</strong></span> <span class='ocrx_word' id='word_1_306' title='bbox 865 2345 1232 2403; x_wconf 83' lang='lat' dir='ltr'><strong>propugnator</strong></span> <span class='ocrx_word' id='word_1_307' title='bbox 1253 2334 1415 2397; x_wconf 85' lang='lat' dir='ltr'><strong>Deus,</strong></span> <span class='ocrx_word' id='word_1_308' title='bbox 1436 2335 1488 2388; x_wconf 89' lang='lat' dir='ltr'><strong>id</strong></span> <span class='ocrx_word' id='word_1_309' title='bbox 1508 2338 1651 2403; x_wconf 85' lang='lat' dir='ltr'><strong>quod</strong></span> <span class='ocrx_word' id='word_1_310' title='bbox 1667 2333 2034 2386; x_wconf 80' lang='lat' dir='ltr'><strong>futurumerat</strong></span> <span class='ocrx_word' id='word_1_311' title='bbox 2050 2331 2334 2394; x_wconf 86' lang='lat' dir='ltr'><strong>celerrime</strong></span> <span class='ocrx_word' id='word_1_312' title='bbox 2347 2335 2703 2401; x_wconf 63' lang='lat' dir='ltr'><strong>praeveniens,</strong></span> <span class='ocrx_word' id='word_1_313' title='bbox 2724 2333 3141 2390; x_wconf 86' lang='lat' dir='ltr'><strong>Constantinum</strong></span> <span class='ocrx_word' id='word_1_314' title='bbox 3166 2333 3429 2390; x_wconf 74' lang='lat' dir='ltr'><strong>fatitulum</strong></span> 
     </span>
    </p>
   </div>
   <div class='ocr_carea' id='block_1_44' title="bbox 187 2406 3433 2498">
    <p class='ocr_par' dir='ltr' id='par_1_44' title="bbox 187 2406 3433 2498">
     <span class='ocr_line' id='line_1_44' title="bbox 187 2406 3433 2498; baseline 0.002 -25"><span class='ocrx_word' id='word_1_315' title='bbox 187 2435 348 2485; x_wconf 88' lang='lat' dir='ltr'><strong>suum,</strong></span> <span class='ocrx_word' id='word_1_316' title='bbox 362 2431 628 2492; x_wconf 84' lang='lat' dir='ltr'><strong>tanquam</strong></span> <span class='ocrx_word' id='word_1_317' title='bbox 646 2425 985 2493; x_wconf 86' lang='lat' dir='ltr'><strong>splendidum</strong></span> <span class='ocrx_word' id='word_1_318' title='bbox 1000 2428 1272 2498; x_wconf 89' lang='lat' dir='ltr'><strong>quoddam</strong></span> <span class='ocrx_word' id='word_1_319' title='bbox 1287 2443 1351 2482; x_wconf 89' lang='lat' dir='ltr'><strong>ac</strong></span> <span class='ocrx_word' id='word_1_320' title='bbox 1366 2427 1603 2483; x_wconf 87' lang='lat' dir='ltr'><strong>salutare</strong></span> <span class='ocrx_word' id='word_1_321' title='bbox 1621 2425 1944 2497; x_wconf 88' lang='lat' dir='ltr'><strong>lucisjubar,</strong></span> <span class='ocrx_word' id='word_1_322' title='bbox 1962 2426 2013 2480; x_wconf 90' lang='lat' dir='ltr'><strong>in</strong></span> <span class='ocrx_word' id='word_1_323' title='bbox 2033 2426 2298 2495; x_wconf 84' lang='lat' dir='ltr'><strong>profunda</strong></span> <span class='ocrx_word' id='word_1_324' title='bbox 2311 2427 2540 2498; x_wconf 77' lang='lat' dir='ltr'><strong>caligine</strong></span> <span class='ocrx_word' id='word_1_325' title='bbox 2551 2436 2606 2483; x_wconf 89' lang='lat' dir='ltr'><strong>et</strong></span> <span class='ocrx_word' id='word_1_326' title='bbox 2624 2428 2674 2482; x_wconf 92' lang='lat' dir='ltr'><strong>in</strong></span> <span class='ocrx_word' id='word_1_327' title='bbox 2695 2428 3077 2483; x_wconf 86' lang='lat' dir='ltr'><strong>obscurissima</strong></span> <span class='ocrx_word' id='word_1_328' title='bbox 3093 2406 3433 2483; x_wconf 84' lang='lat' dir='ltr'><strong>nocteomni-</strong></span> 
     </span>
    </p>
   </div>
   <div class='ocr_carea' id='block_1_45' title="bbox 183 2509 3427 2591">
    <p class='ocr_par' dir='ltr' id='par_1_45' title="bbox 183 2509 3427 2591">
     <span class='ocr_line' id='line_1_45' title="bbox 183 2509 3427 2591; baseline 0.002 -26"><span class='ocrx_word' id='word_1_329' title='bbox 183 2509 274 2568; x_wconf 85' lang='lat' dir='ltr'><strong>bus</strong></span> <span class='ocrx_word' id='word_1_330' title='bbox 293 2525 519 2584; x_wconf 88' lang='lat' dir='ltr'><strong>repente</strong></span> <span class='ocrx_word' id='word_1_331' title='bbox 549 2516 896 2583; x_wconf 86' lang='lat' dir='ltr'><strong>ostendisset,</strong></span> <span class='ocrx_word' id='word_1_332' title='bbox 916 2518 1275 2591; x_wconf 90' lang='lat' dir='ltr'><strong>eumdemque</strong></span> <span class='ocrx_word' id='word_1_333' title='bbox 1293 2520 1347 2574; x_wconf 91' lang='lat' dir='ltr'><strong>in</strong></span> <span class='ocrx_word' id='word_1_334' title='bbox 1370 2519 1598 2575; x_wconf 90' lang='lat' dir='ltr'><strong>brachio</strong></span> <span class='ocrx_word' id='word_1_335' title='bbox 1617 2518 1835 2574; x_wconf 82' lang='lat' dir='ltr'><strong>excelso</strong></span> <span class='ocrx_word' id='word_1_336' title='bbox 1860 2519 1926 2573; x_wconf 89' lang='lat' dir='ltr'><strong>ad</strong></span> <span class='ocrx_word' id='word_1_337' title='bbox 1944 2518 2042 2573; x_wconf 88' lang='lat' dir='ltr'><strong>has</strong></span> <span class='ocrx_word' id='word_1_338' title='bbox 2064 2527 2246 2589; x_wconf 87' lang='lat' dir='ltr'><strong>partes</strong></span> <span class='ocrx_word' id='word_1_339' title='bbox 2266 2519 2422 2590; x_wconf 88' lang='lat' dir='ltr'><strong>quasi</strong></span> <span class='ocrx_word' id='word_1_340' title='bbox 2449 2535 2609 2574; x_wconf 90' lang='lat' dir='ltr'><strong>manu</strong></span> <span class='ocrx_word' id='word_1_341' title='bbox 2636 2519 3032 2589; x_wconf 87' lang='lat' dir='ltr'><strong>apprehensum</strong></span> <span class='ocrx_word' id='word_1_342' title='bbox 3065 2518 3427 2589; x_wconf 82' lang='lat' dir='ltr'><strong>perduxisset.</strong></span> 
     </span>
    </p>
   </div>
   <div class='ocr_carea' id='block_1_46' title="bbox 710 2654 1219 2713">
    <p class='ocr_par' dir='ltr' id='par_1_46' title="bbox 710 2654 1219 2713">
     <span class='ocr_line' id='line_1_46' title="bbox 710 2654 1219 2713; baseline 0.01 -5"><span class='ocrx_word' id='word_1_343' title='bbox 710 2654 1106 2713; x_wconf 80' lang='grc' dir='ltr'><strong>ΚΕΦΑΛΑΙΟΝ</strong></span> <span class='ocrx_word' id='word_1_344' title='bbox 1142 2657 1219 2713; x_wconf 84' lang='grc' dir='ltr'><strong>Θ’.</strong></span> 
     </span>
    </p>
   </div>
   <div class='ocr_carea' id='block_1_47' title="bbox 188 2767 1756 2848">
    <p class='ocr_par' dir='ltr' id='par_1_47' title="bbox 188 2767 1756 2848">
     <span class='ocr_line' id='line_1_47' title="bbox 188 2767 1756 2848; baseline 0.005 -27"><span class='ocrx_word' id='word_1_345' title='bbox 188 2767 455 2848; x_wconf 31' lang='grc' dir='ltr'>Περὶὺτῆς</span> <span class='ocrx_word' id='word_1_346' title='bbox 473 2768 659 2848; x_wconf 64' lang='grc' dir='ltr'>νίκης</span> <span class='ocrx_word' id='word_1_347' title='bbox 679 2772 1138 2848; x_wconf 47' lang='grc' dir='ltr'>Κίονστᾳντίνοε)</span> <span class='ocrx_word' id='word_1_348' title='bbox 1161 2774 1267 2848; x_wconf 32' lang='grc' dir='ltr'>καὶ,</span> <span class='ocrx_word' id='word_1_349' title='bbox 1289 2773 1407 2828; x_wconf 84' lang='grc' dir='ltr'><strong>τῶν</strong></span> <span class='ocrx_word' id='word_1_350' title='bbox 1437 2774 1543 2848; x_wconf 68' lang='grc' dir='ltr'><strong>ὑπ’Δ</strong></span> <span class='ocrx_word' id='word_1_351' title='bbox 1567 2774 1756 2848; x_wconf 74' lang='grc' dir='ltr'>αὐτοῦ</span> 
     </span>
    </p>
   </div>
   <div class='ocr_carea' id='block_1_48' title="bbox 253 2838 1757 2919">
    <p class='ocr_par' dir='ltr' id='par_1_48' title="bbox 253 2838 1757 2919">
     <span class='ocr_line' id='line_1_48' title="bbox 253 2838 1757 2919; baseline 0.005 -27"><span class='ocrx_word' id='word_1_352' title='bbox 253 2838 369 2919; x_wconf 50' lang='grc' dir='ltr'>ἰοῖς</span> <span class='ocrx_word' id='word_1_353' title='bbox 384 2838 502 2919; x_wconf 66' lang='grc' dir='ltr'><strong>ὐςξύ</strong></span> <span class='ocrx_word' id='word_1_354' title='bbox 526 2839 647 2919; x_wconf 56' lang='grc' dir='ltr'>τῂν</span> <span class='ocrx_word' id='word_1_355' title='bbox 700 2838 999 2919; x_wconf 63' lang='grc' dir='ltr'>Ῥωμαίων</span> <span class='ocrx_word' id='word_1_356' title='bbox 1054 2842 1345 2908; x_wconf 79' lang='grc' dir='ltr'><strong>ἐξουσίαν</strong></span> <span class='ocrx_word' id='word_1_357' title='bbox 1360 2844 1757 2914; x_wconf 75' lang='grc' dir='ltr'><strong>ὑπαρξάντων</strong></span> 
     </span>
    </p>
   </div>
   <div class='ocr_carea' id='block_1_49' title="bbox 250 2907 980 2984">
    <p class='ocr_par' dir='ltr' id='par_1_49' title="bbox 250 2907 980 2984">
     <span class='ocr_line' id='line_1_49' title="bbox 250 2907 980 2984; baseline 0.008 -24"><span class='ocrx_word' id='word_1_358' title='bbox 250 2907 378 2976; x_wconf 82' lang='lat' dir='ltr'><strong>(Nic.</strong></span> <span class='ocrx_word' id='word_1_359' title='bbox 413 2909 487 2963; x_wconf 84' lang='grc' dir='ltr'><strong>Η.</strong></span> <span class='ocrx_word' id='word_1_360' title='bbox 526 2908 597 2962; x_wconf 84' lang='grc' dir='ltr'><strong>Ε.</strong></span> <span class='ocrx_word' id='word_1_361' title='bbox 631 2925 728 2975; x_wconf 88' lang='lat' dir='ltr'><strong>vn,</strong></span> <span class='ocrx_word' id='word_1_362' title='bbox 755 2907 845 2972; x_wconf 75' lang='grc'><strong>45,</strong></span> <span class='ocrx_word' id='word_1_363' title='bbox 868 2911 980 2984; x_wconf 70' lang='lat' dir='ltr'><strong>Mi).</strong></span> 
     </span>
    </p>
   </div>
   <div class='ocr_carea' id='block_1_50' title="bbox 2470 2655 2828 2714">
    <p class='ocr_par' dir='ltr' id='par_1_50' title="bbox 2470 2655 2828 2714">
     <span class='ocr_line' id='line_1_50' title="bbox 2470 2655 2828 2714; baseline -0.014 0"><span class='ocrx_word' id='word_1_364' title='bbox 2470 2655 2697 2714; x_wconf 86' lang='lat' dir='ltr'><strong>CAPUT</strong></span> <span class='ocrx_word' id='word_1_365' title='bbox 2737 2655 2828 2710; x_wconf 78' lang='lat' dir='ltr'><strong>IX.</strong></span> 
     </span>
    </p>
   </div>
   <div class='ocr_carea' id='block_1_51' title="bbox 1859 2766 3429 2839">
    <p class='ocr_par' dir='ltr' id='par_1_51' title="bbox 1859 2766 3429 2839">
     <span class='ocr_line' id='line_1_51' title="bbox 1859 2766 3429 2839; baseline -0.003 -10"><span class='ocrx_word' id='word_1_366' title='bbox 1859 2771 1936 2829; x_wconf 78' lang='lat' dir='ltr'><strong>De</strong></span> <span class='ocrx_word' id='word_1_367' title='bbox 1956 2774 2176 2827; x_wconf 82' lang='lat' dir='ltr'><strong>victoria</strong></span> <span class='ocrx_word' id='word_1_368' title='bbox 2207 2773 2581 2836; x_wconf 82' lang='lat' dir='ltr'><strong>Constantini,</strong></span> <span class='ocrx_word' id='word_1_369' title='bbox 2612 2780 2662 2825; x_wconf 86' lang='lat' dir='ltr'><strong>et</strong></span> <span class='ocrx_word' id='word_1_370' title='bbox 2692 2772 2755 2825; x_wconf 86' lang='lat' dir='ltr'><strong>de</strong></span> <span class='ocrx_word' id='word_1_371' title='bbox 2791 2769 2938 2824; x_wconf 84' lang='lat' dir='ltr'><strong>bonis</strong></span> <span class='ocrx_word' id='word_1_372' title='bbox 2971 2784 3088 2839; x_wconf 75' lang='lat' dir='ltr'><strong>qua:</strong></span> <span class='ocrx_word' id='word_1_373' title='bbox 3122 2767 3326 2823; x_wconf 82' lang='lat' dir='ltr'><strong>cunctis</strong></span> <span class='ocrx_word' id='word_1_374' title='bbox 3367 2766 3429 2824; x_wconf 75' lang='lat' dir='ltr'><strong>in</strong></span> 
     </span>
    </p>
   </div>
   <div class='ocr_carea' id='block_1_52' title="bbox 1963 2840 3318 2914">
    <p class='ocr_par' dir='ltr' id='par_1_52' title="bbox 1963 2840 3318 2914">
     <span class='ocr_line' id='line_1_52' title="bbox 1963 2840 3318 2914; baseline -0.005 -16"><span class='ocrx_word' id='word_1_375' title='bbox 1963 2846 2083 2898; x_wconf 87' lang='lat' dir='ltr'><strong>orbe</strong></span> <span class='ocrx_word' id='word_1_376' title='bbox 2125 2843 2360 2898; x_wconf 80' lang='lat' dir='ltr'><strong>Romano</strong></span> <span class='ocrx_word' id='word_1_377' title='bbox 2386 2844 2690 2914; x_wconf 79' lang='lat' dir='ltr'><strong>degentibus</strong></span> <span class='ocrx_word' id='word_1_378' title='bbox 2711 2857 2802 2911; x_wconf 76' lang='lat' dir='ltr'><strong>per</strong></span> <span class='ocrx_word' id='word_1_379' title='bbox 2826 2855 2944 2893; x_wconf 87' lang='lat' dir='ltr'><strong>eum</strong></span> <span class='ocrx_word' id='word_1_380' title='bbox 2972 2840 3318 2909; x_wconf 77' lang='lat' dir='ltr'><strong>contigerunt.</strong></span> 
     </span>
    </p>
   </div>
   <div class='ocr_carea' id='block_1_53' title="bbox 250 2988 1750 3080">
    <p class='ocr_par' dir='ltr' id='par_1_53' title="bbox 250 2997 1750 3080">
     <span class='ocr_line' id='line_1_53' title="bbox 250 2997 1750 3080; baseline 0.005 -27"><span class='ocrx_word' id='word_1_381' title='bbox 250 3000 422 3072; x_wconf 74' lang='grc' dir='ltr'>Τούτῳ</span> <span class='ocrx_word' id='word_1_382' title='bbox 465 3001 572 3073; x_wconf 82' lang='grc' dir='ltr'><strong>μὲν</strong></span> <span class='ocrx_word' id='word_1_383' title='bbox 626 2997 716 3056; x_wconf 81' lang='grc' dir='ltr'><strong>οὖν</strong></span> <span class='ocrx_word' id='word_1_384' title='bbox 759 3003 867 3075; x_wconf 79' lang='grc'><strong>(85)</strong></span> <span class='ocrx_word' id='word_1_385' title='bbox 908 3004 1112 3057; x_wconf 81' lang='grc' dir='ltr'>ἄνωθεν</span> <span class='ocrx_word' id='word_1_386' title='bbox 1157 3005 1216 3072; x_wconf 82' lang='grc' dir='ltr'>ἐξ</span> <span class='ocrx_word' id='word_1_387' title='bbox 1264 3005 1494 3077; x_wconf 80' lang='grc' dir='ltr'>οὐρανοῦ</span> <span class='ocrx_word' id='word_1_388' title='bbox 1542 3006 1750 3080; x_wconf 80' lang='grc' dir='ltr'>καρπὸν</span> 
     </span>
    </p>
   </div>
   <div class='ocr_carea' id='block_1_54' title="bbox 1851 2988 3424 3080">
    <p class='ocr_par' dir='ltr' id='par_1_54' title="bbox 1925 2989 3424 3064">
     <span class='ocr_line' id='line_1_54' title="bbox 1925 2989 3424 3064; baseline -0.003 -15"><span class='ocrx_word' id='word_1_389' title='bbox 1925 2994 1991 3050; x_wconf 89' lang='lat' dir='ltr'><strong>Et</strong></span> <span class='ocrx_word' id='word_1_390' title='bbox 2013 2994 2141 3049; x_wconf 88' lang='lat' dir='ltr'><strong>huic</strong></span> <span class='ocrx_word' id='word_1_391' title='bbox 2166 2994 2385 3064; x_wconf 90' lang='lat' dir='ltr'><strong>quidem</strong></span> <span class='ocrx_word' id='word_1_392' title='bbox 2421 2994 2705 3049; x_wconf 82' lang='lat' dir='ltr'><strong>victoriam</strong></span> <span class='ocrx_word' id='word_1_393' title='bbox 2741 3008 2806 3048; x_wconf 89' lang='lat' dir='ltr'><strong>ac</strong></span> <span class='ocrx_word' id='word_1_394' title='bbox 2834 2992 3163 3063; x_wconf 89' lang='lat' dir='ltr'><strong>triumphum</strong></span> <span class='ocrx_word' id='word_1_395' title='bbox 3203 2990 3271 3046; x_wconf 90' lang='lat' dir='ltr'><strong>de</strong></span> <span class='ocrx_word' id='word_1_396' title='bbox 3318 2989 3424 3045; x_wconf 78' lang='lat' dir='ltr'><strong>im-</strong></span> 
     </span>
    </p>
   </div>
   <div class='ocr_carea' id='block_1_55' title="bbox 190 3092 1752 3168">
    <p class='ocr_par' dir='ltr' id='par_1_55' title="bbox 190 3092 1752 3168">
     <span class='ocr_line' id='line_1_55' title="bbox 190 3092 1752 3168; baseline 0.003 -23"><span class='ocrx_word' id='word_1_397' title='bbox 190 3092 445 3158; x_wconf 73' lang='grc' dir='ltr'>εὐσεϐείας</span> <span class='ocrx_word' id='word_1_398' title='bbox 474 3094 722 3161; x_wconf 80' lang='grc' dir='ltr'>ἐπάξιον,</span> <span class='ocrx_word' id='word_1_399' title='bbox 752 3094 821 3148; x_wconf 84' lang='grc' dir='ltr'><strong>τά</strong></span> <span class='ocrx_word' id='word_1_400' title='bbox 845 3096 1079 3168; x_wconf 88' lang='grc' dir='ltr'>τρόπαια</span> <span class='ocrx_word' id='word_1_401' title='bbox 1109 3098 1208 3168; x_wconf 83' lang='grc' dir='ltr'><strong>τῆς</strong></span> <span class='ocrx_word' id='word_1_402' title='bbox 1232 3100 1382 3152; x_wconf 83' lang='grc' dir='ltr'>κατὰ</span> <span class='ocrx_word' id='word_1_403' title='bbox 1409 3098 1516 3151; x_wconf 89' lang='grc' dir='ltr'><strong>τῶν</strong></span> <span class='ocrx_word' id='word_1_404' title='bbox 1543 3098 1752 3151; x_wconf 84' lang='grc' dir='ltr'>ἀσεϐῶν</span> 
     </span>
    </p>
   </div>
   <div class='ocr_carea' id='block_1_56' title="bbox 190 3186 1753 3261">
    <p class='ocr_par' dir='ltr' id='par_1_56' title="bbox 190 3186 1753 3261">
     <span class='ocr_line' id='line_1_56' title="bbox 190 3186 1753 3261; baseline 0.004 -26"><span class='ocrx_word' id='word_1_405' title='bbox 190 3186 397 3254; x_wconf 76' lang='grc' dir='ltr'>παρεῖχε</span> <span class='ocrx_word' id='word_1_406' title='bbox 440 3186 634 3254; x_wconf 81' lang='grc' dir='ltr'>νίκης·</span> <span class='ocrx_word' id='word_1_407' title='bbox 665 3186 755 3239; x_wconf 81' lang='grc' dir='ltr'><strong>τὸν</strong></span> <span class='ocrx_word' id='word_1_408' title='bbox 788 3186 833 3239; x_wconf 80' lang='grc' dir='ltr'>δ’</span> <span class='ocrx_word' id='word_1_409' title='bbox 856 3187 1154 3259; x_wconf 83' lang='grc' dir='ltr'>ἀλιτήριον,</span> <span class='ocrx_word' id='word_1_410' title='bbox 1201 3189 1382 3253; x_wconf 83' lang='grc' dir='ltr'>αὐτοῖς</span> <span class='ocrx_word' id='word_1_411' title='bbox 1430 3187 1753 3261; x_wconf 79' lang='grc' dir='ltr'>συμϐούλοις</span> 
     </span>
    </p>
   </div>
   <div class='ocr_carea' id='block_1_57' title="bbox 192 3273 1750 3350">
    <p class='ocr_par' dir='ltr' id='par_1_57' title="bbox 192 3273 1750 3350">
     <span class='ocr_line' id='line_1_57' title="bbox 192 3273 1750 3350; baseline 0.003 -24"><span class='ocrx_word' id='word_1_412' title='bbox 192 3273 344 3328; x_wconf 82' lang='grc' dir='ltr'>ἆπασι</span> <span class='ocrx_word' id='word_1_413' title='bbox 371 3276 461 3330; x_wconf 70' lang='grc' dir='ltr'>καὶ</span> <span class='ocrx_word' id='word_1_414' title='bbox 496 3275 696 3345; x_wconf 81' lang='grc' dir='ltr'>φίλοις,</span> <span class='ocrx_word' id='word_1_415' title='bbox 725 3276 830 3329; x_wconf 84' lang='grc' dir='ltr'><strong>ὑπὸ</strong></span> <span class='ocrx_word' id='word_1_416' title='bbox 848 3280 959 3340; x_wconf 83' lang='grc' dir='ltr'>τοῖς</span> <span class='ocrx_word' id='word_1_417' title='bbox 988 3278 1397 3332; x_wconf 78' lang='grc' dir='ltr'>Κωνσταντίνου</span> <span class='ocrx_word' id='word_1_418' title='bbox 1421 3279 1547 3331; x_wconf 71' lang='grc' dir='ltr'>ποσὶ</span> <span class='ocrx_word' id='word_1_419' title='bbox 1568 3277 1750 3350; x_wconf 84' lang='grc' dir='ltr'>πρηνῆ</span> 
     </span>
    </p>
   </div>
   <div class='ocr_carea' id='block_1_58' title="bbox 192 3356 1751 3441">
    <p class='ocr_par' dir='ltr' id='par_1_58' title="bbox 192 3356 1751 3441">
     <span class='ocr_line' id='line_1_58' title="bbox 192 3356 1751 3441; baseline 0.003 -22"><span class='ocrx_word' id='word_1_420' title='bbox 192 3366 481 3423; x_wconf 81' lang='grc' dir='ltr'>κατέϐαλεν.</span> <span class='ocrx_word' id='word_1_421' title='bbox 528 3369 618 3432; x_wconf 81' lang='grc' dir='ltr'>Ὠς</span> <span class='ocrx_word' id='word_1_422' title='bbox 641 3356 853 3441; x_wconf 72' lang='grc' dir='ltr'>γάρέἱς</span> <span class='ocrx_word' id='word_1_423' title='bbox 873 3368 1074 3440; x_wconf 83' lang='grc' dir='ltr'>ἔσχατα</span> <span class='ocrx_word' id='word_1_424' title='bbox 1117 3369 1313 3441; x_wconf 87' lang='grc' dir='ltr'>μανίας</span> <span class='ocrx_word' id='word_1_425' title='bbox 1340 3369 1407 3422; x_wconf 86' lang='grc' dir='ltr'><strong>τά</strong></span> <span class='ocrx_word' id='word_1_426' title='bbox 1447 3372 1565 3422; x_wconf 83' lang='grc' dir='ltr'>κατ’</span> <span class='ocrx_word' id='word_1_427' title='bbox 1590 3369 1751 3423; x_wconf 80' lang='grc' dir='ltr'>αὐτὸν</span> 
     </span>
    </p>
   </div>
   <div class='ocr_carea' id='block_1_59' title="bbox 190 3456 1751 3532">
    <p class='ocr_par' dir='ltr' id='par_1_59' title="bbox 190 3456 1751 3532">
     <span class='ocr_line' id='line_1_59' title="bbox 190 3456 1751 3532; baseline 0.003 -22"><span class='ocrx_word' id='word_1_428' title='bbox 190 3456 415 3525; x_wconf 70' lang='grc' dir='ltr'>ἦλαυνεν,</span> <span class='ocrx_word' id='word_1_429' title='bbox 441 3458 627 3513; x_wconf 80' lang='grc' dir='ltr'>οὐκέτ’</span> <span class='ocrx_word' id='word_1_430' title='bbox 649 3461 873 3514; x_wconf 83' lang='grc' dir='ltr'>ἀνεκτὸν</span> <span class='ocrx_word' id='word_1_431' title='bbox 904 3456 1041 3513; x_wconf 84' lang='grc' dir='ltr'>εἶναι</span> <span class='ocrx_word' id='word_1_432' title='bbox 1056 3461 1412 3532; x_wconf 86' lang='grc' dir='ltr'>λογισάμενος</span> <span class='ocrx_word' id='word_1_433' title='bbox 1446 3460 1695 3531; x_wconf 72' lang='grc' dir='ltr'>βασιλεὺς</span> <span class='ocrx_word' id='word_1_434' title='bbox 1722 3462 1751 3514; x_wconf 86' lang='grc' dir='ltr'><strong>ό</strong></span> 
     </span>
    </p>
   </div>
   <div class='ocr_carea' id='block_1_60' title="bbox 191 3549 1747 3624">
    <p class='ocr_par' dir='ltr' id='par_1_60' title="bbox 191 3549 1747 3624">
     <span class='ocr_line' id='line_1_60' title="bbox 191 3549 1747 3624; baseline 0.004 -23"><span class='ocrx_word' id='word_1_435' title='bbox 191 3549 258 3621; x_wconf 84' lang='grc' dir='ltr'>τῷ</span> <span class='ocrx_word' id='word_1_436' title='bbox 272 3550 381 3623; x_wconf 83' lang='grc' dir='ltr'>Θεῷ</span> <span class='ocrx_word' id='word_1_437' title='bbox 396 3553 573 3622; x_wconf 82' lang='grc' dir='ltr'>φίλος,</span> <span class='ocrx_word' id='word_1_438' title='bbox 589 3552 681 3606; x_wconf 78' lang='grc' dir='ltr'><strong>τὸν</strong></span> <span class='ocrx_word' id='word_1_439' title='bbox 707 3551 957 3624; x_wconf 81' lang='grc' dir='ltr'>σώφρονα</span> <span class='ocrx_word' id='word_1_440' title='bbox 984 3553 1307 3622; x_wconf 84' lang='grc' dir='ltr'>συναγαγὼν</span> <span class='ocrx_word' id='word_1_441' title='bbox 1329 3553 1587 3624; x_wconf 85' lang='grc' dir='ltr'>λογισμὸν</span> <span class='ocrx_word' id='word_1_442' title='bbox 1613 3552 1747 3624; x_wconf 71' lang='grc'><strong>(84),</strong></span> 
     </span>
    </p>
   </div>
   <div class='ocr_carea' id='block_1_61' title="bbox 192 3644 1749 3719">
    <p class='ocr_par' dir='ltr' id='par_1_61' title="bbox 192 3644 1749 3719">
     <span class='ocr_line' id='line_1_61' title="bbox 192 3644 1749 3719; baseline 0.001 -23"><span class='ocrx_word' id='word_1_443' title='bbox 192 3644 390 3699; x_wconf 74' lang='grc' dir='ltr'>καὶτὸν</span> <span class='ocrx_word' id='word_1_444' title='bbox 436 3646 670 3718; x_wconf 77' lang='grc' dir='ltr'>στερρὸν</span> <span class='ocrx_word' id='word_1_445' title='bbox 724 3646 819 3700; x_wconf 78' lang='grc' dir='ltr'>τοῦ</span> <span class='ocrx_word' id='word_1_446' title='bbox 868 3646 1075 3701; x_wconf 75' lang='grc' dir='ltr'>δικαίου</span> <span class='ocrx_word' id='word_1_447' title='bbox 1115 3647 1314 3719; x_wconf 84' lang='grc' dir='ltr'>τρόπον</span> <span class='ocrx_word' id='word_1_448' title='bbox 1370 3645 1749 3718; x_wconf 73' lang='grc' dir='ltr'>φιλανθρωπίᾳ</span> 
     </span>
    </p>
   </div>
   <div class='ocr_carea' id='block_1_62' title="bbox 192 3736 1751 3810">
    <p class='ocr_par' dir='ltr' id='par_1_62' title="bbox 192 3736 1751 3810">
     <span class='ocr_line' id='line_1_62' title="bbox 192 3736 1751 3810; baseline 0.002 -22"><span class='ocrx_word' id='word_1_449' title='bbox 192 3739 567 3810; x_wconf 78' lang='grc' dir='ltr'>κερασάμενος,</span> <span class='ocrx_word' id='word_1_450' title='bbox 617 3738 852 3810; x_wconf 80' lang='grc' dir='ltr'>ἄσμενος</span> <span class='ocrx_word' id='word_1_451' title='bbox 883 3739 1159 3809; x_wconf 80' lang='grc' dir='ltr'>ἐπαμῦναι</span> <span class='ocrx_word' id='word_1_452' title='bbox 1191 3737 1360 3809; x_wconf 85' lang='grc' dir='ltr'>κρίνει</span> <span class='ocrx_word' id='word_1_453' title='bbox 1388 3740 1504 3799; x_wconf 86' lang='grc' dir='ltr'>τοῖς</span> <span class='ocrx_word' id='word_1_454' title='bbox 1534 3738 1637 3790; x_wconf 80' lang='grc' dir='ltr'>ὑπὸ</span> <span class='ocrx_word' id='word_1_455' title='bbox 1673 3736 1751 3807; x_wconf 80' lang='grc' dir='ltr'><strong>τῷ</strong></span> 
     </span>
    </p>
   </div>
   <div class='ocr_carea' id='block_1_63' title="bbox 191 3826 1751 3901">
    <p class='ocr_par' dir='ltr' id='par_1_63' title="bbox 191 3826 1751 3901">
     <span class='ocr_line' id='line_1_63' title="bbox 191 3826 1751 3901; baseline -0.001 -22"><span class='ocrx_word' id='word_1_456' title='bbox 191 3827 413 3899; x_wconf 76' lang='grc' dir='ltr'>τυράννῳ</span> <span class='ocrx_word' id='word_1_457' title='bbox 450 3827 1010 3901; x_wconf 80' lang='grc' dir='ltr'>ταλαιπωρουμένοις,</span> <span class='ocrx_word' id='word_1_458' title='bbox 1037 3828 1132 3881; x_wconf 72' lang='grc' dir='ltr'>καὶ</span> <span class='ocrx_word' id='word_1_459' title='bbox 1173 3828 1233 3880; x_wconf 86' lang='grc' dir='ltr'><strong>τό</strong></span> <span class='ocrx_word' id='word_1_460' title='bbox 1275 3843 1339 3895; x_wconf 78' lang='grc' dir='ltr'>γε</span> <span class='ocrx_word' id='word_1_461' title='bbox 1372 3826 1619 3879; x_wconf 85' lang='grc' dir='ltr'>πλεῖστον</span> <span class='ocrx_word' id='word_1_462' title='bbox 1657 3826 1751 3878; x_wconf 88' lang='grc' dir='ltr'>ἀν-</span> 
     </span>
    </p>
   </div>
   <div class='ocr_carea' id='block_1_64' title="bbox 193 3915 1751 3993">
    <p class='ocr_par' dir='ltr' id='par_1_64' title="bbox 193 3915 1751 3993">
     <span class='ocr_line' id='line_1_64' title="bbox 193 3915 1751 3993; baseline -0.003 -18"><span class='ocrx_word' id='word_1_463' title='bbox 193 3917 400 3990; x_wconf 81' lang='grc' dir='ltr'>θρώπων</span> <span class='ocrx_word' id='word_1_464' title='bbox 433 3922 616 3991; x_wconf 81' lang='grc' dir='ltr'>γένος,</span> <span class='ocrx_word' id='word_1_465' title='bbox 661 3921 879 3993; x_wconf 82' lang='grc' dir='ltr'>βραχεῖς</span> <span class='ocrx_word' id='word_1_466' title='bbox 917 3919 1200 3990; x_wconf 85' lang='grc' dir='ltr'>λυμεῶνας</span> <span class='ocrx_word' id='word_1_467' title='bbox 1237 3916 1481 3972; x_wconf 74' lang='grc' dir='ltr'>ἐκποδὼν</span> <span class='ocrx_word' id='word_1_468' title='bbox 1524 3915 1751 3987; x_wconf 84' lang='grc' dir='ltr'>ποιησά-</span> 
     </span>
    </p>
   </div>
   <div class='ocr_carea' id='block_1_65' title="bbox 194 4010 1749 4084">
    <p class='ocr_par' dir='ltr' id='par_1_65' title="bbox 194 4010 1749 4084">
     <span class='ocr_line' id='line_1_65' title="bbox 194 4010 1749 4084; baseline 0.001 -20"><span class='ocrx_word' id='word_1_469' title='bbox 194 4027 355 4081; x_wconf 78' lang='grc' dir='ltr'>μενος,</span> <span class='ocrx_word' id='word_1_470' title='bbox 391 4012 775 4068; x_wconf 84' lang='grc' dir='ltr'>ἀνασώσασθαι</span> <span class='ocrx_word' id='word_1_471' title='bbox 811 4013 1067 4084; x_wconf 78' lang='grc' dir='ltr'>ὁρμᾶται.</span> <span class='ocrx_word' id='word_1_472' title='bbox 1100 4011 1254 4084; x_wconf 78' lang='grc' dir='ltr'>Μόνη</span> <span class='ocrx_word' id='word_1_473' title='bbox 1282 4011 1392 4082; x_wconf 83' lang='grc' dir='ltr'><strong>γὰρ</strong></span> <span class='ocrx_word' id='word_1_474' title='bbox 1424 4010 1570 4079; x_wconf 81' lang='grc' dir='ltr'>αὐτῷ</span> <span class='ocrx_word' id='word_1_475' title='bbox 1605 4025 1749 4079; x_wconf 80' lang='grc' dir='ltr'>χρω-</span> 
     </span>
    </p>
   </div>
   <div class='ocr_carea' id='block_1_66' title="bbox 198 4102 1747 4180">
    <p class='ocr_par' dir='ltr' id='par_1_66' title="bbox 198 4102 1747 4180">
     <span class='ocr_line' id='line_1_66' title="bbox 198 4102 1747 4180; baseline -0.003 -21"><span class='ocrx_word' id='word_1_476' title='bbox 198 4107 325 4174; x_wconf 80' lang='grc' dir='ltr'>μένῳ</span> <span class='ocrx_word' id='word_1_477' title='bbox 350 4107 724 4180; x_wconf 78' lang='grc' dir='ltr'>φιλανθρωπίᾳ</span> <span class='ocrx_word' id='word_1_478' title='bbox 744 4107 832 4160; x_wconf 76' lang='grc' dir='ltr'><strong>τὸν</strong></span> <span class='ocrx_word' id='word_1_479' title='bbox 867 4105 972 4178; x_wconf 84' lang='grc' dir='ltr'><strong>πρὸ</strong></span> <span class='ocrx_word' id='word_1_480' title='bbox 1004 4105 1192 4158; x_wconf 81' lang='grc' dir='ltr'>τούτου</span> <span class='ocrx_word' id='word_1_481' title='bbox 1216 4105 1425 4174; x_wconf 90' lang='grc' dir='ltr'>χρόνον,</span> <span class='ocrx_word' id='word_1_482' title='bbox 1454 4104 1548 4158; x_wconf 77' lang='grc' dir='ltr'><strong>καὶ</strong></span> <span class='ocrx_word' id='word_1_483' title='bbox 1580 4103 1667 4156; x_wconf 84' lang='grc' dir='ltr'><strong>τὸν</strong></span> <span class='ocrx_word' id='word_1_484' title='bbox 1686 4102 1747 4155; x_wconf 81' lang='grc' dir='ltr'><strong>οὐ</strong></span> 
     </span>
    </p>
   </div>
   <div class='ocr_carea' id='block_1_67' title="bbox 196 4195 1748 4270">
    <p class='ocr_par' dir='ltr' id='par_1_67' title="bbox 196 4195 1748 4270">
     <span class='ocr_line' id='line_1_67' title="bbox 196 4195 1748 4270; baseline -0.003 -20"><span class='ocrx_word' id='word_1_485' title='bbox 196 4200 510 4270; x_wconf 83' lang='grc' dir='ltr'>συμπαθείας</span> <span class='ocrx_word' id='word_1_486' title='bbox 559 4199 706 4264; x_wconf 79' lang='grc' dir='ltr'>ἀξιον</span> <span class='ocrx_word' id='word_1_487' title='bbox 757 4197 1013 4262; x_wconf 79' lang='grc' dir='ltr'>ὲλεοῦντι,</span> <span class='ocrx_word' id='word_1_488' title='bbox 1067 4197 1144 4268; x_wconf 84' lang='grc' dir='ltr'>τῷ</span> <span class='ocrx_word' id='word_1_489' title='bbox 1201 4197 1298 4268; x_wconf 82' lang='grc' dir='ltr'><strong>μὲν</strong></span> <span class='ocrx_word' id='word_1_490' title='bbox 1342 4195 1492 4248; x_wconf 71' lang='grc' dir='ltr'>οὐδὲν</span> <span class='ocrx_word' id='word_1_491' title='bbox 1539 4195 1748 4262; x_wconf 79' lang='grc' dir='ltr'>ἐγίνετο</span> 
     </span>
    </p>
   </div>
   <div class='ocr_carea' id='block_1_68' title="bbox 194 4283 1747 4363">
    <p class='ocr_par' dir='ltr' id='par_1_68' title="bbox 194 4283 1747 4363">
     <span class='ocr_line' id='line_1_68' title="bbox 194 4283 1747 4363; baseline -0.003 -22"><span class='ocrx_word' id='word_1_492' title='bbox 194 4288 354 4355; x_wconf 78' lang='grc' dir='ltr'>πλέον,</span> <span class='ocrx_word' id='word_1_493' title='bbox 391 4292 488 4363; x_wconf 82' lang='grc' dir='ltr'><strong>τῆς</strong></span> <span class='ocrx_word' id='word_1_494' title='bbox 524 4291 724 4355; x_wconf 79' lang='grc' dir='ltr'>κακίας</span> <span class='ocrx_word' id='word_1_495' title='bbox 764 4291 866 4345; x_wconf 83' lang='grc' dir='ltr'><strong>οὐκ</strong></span> <span class='ocrx_word' id='word_1_496' title='bbox 904 4288 1387 4359; x_wconf 83' lang='grc' dir='ltr'>ἀπαλλαττομένῳ,</span> <span class='ocrx_word' id='word_1_497' title='bbox 1432 4286 1647 4350; x_wconf 76' lang='grc' dir='ltr'>αὔξοντι</span> <span class='ocrx_word' id='word_1_498' title='bbox 1690 4283 1747 4337; x_wconf 84' lang='grc' dir='ltr'>δὲ</span> 
     </span>
    </p>
   </div>
   <div class='ocr_carea' id='block_1_69' title="bbox 1780 3082 3428 3157">
    <p class='ocr_par' dir='ltr' id='par_1_69' title="bbox 1780 3082 3428 3157">
     <span class='ocr_line' id='line_1_69' title="bbox 1780 3082 3428 3157; baseline -0.001 -16"><span class='ocrx_word' id='word_1_499' title='bbox 1780 3100 1793 3112; x_wconf 86' lang='lat'><em>‘</em></span> <span class='ocrx_word' id='word_1_500' title='bbox 1852 3086 1978 3157; x_wconf 86' lang='lat' dir='ltr'><strong>piis,</strong></span> <span class='ocrx_word' id='word_1_501' title='bbox 2006 3097 2263 3156; x_wconf 89' lang='lat' dir='ltr'><strong>tanquam</strong></span> <span class='ocrx_word' id='word_1_502' title='bbox 2304 3085 2583 3156; x_wconf 65' lang='lat' dir='ltr'><strong>praemium</strong></span> <span class='ocrx_word' id='word_1_503' title='bbox 2613 3085 2730 3153; x_wconf 85' lang='lat' dir='ltr'><strong>ejus</strong></span> <span class='ocrx_word' id='word_1_504' title='bbox 2764 3086 2951 3155; x_wconf 90' lang='lat' dir='ltr'><strong>pietati</strong></span> <span class='ocrx_word' id='word_1_505' title='bbox 2995 3084 3235 3137; x_wconf 91' lang='lat' dir='ltr'><strong>debitum</strong></span> <span class='ocrx_word' id='word_1_506' title='bbox 3270 3082 3428 3139; x_wconf 61' lang='lat' dir='ltr'><strong>caeli-</strong></span> 
     </span>
    </p>
   </div>
   <div class='ocr_carea' id='block_1_70' title="bbox 1857 3176 3423 3250">
    <p class='ocr_par' dir='ltr' id='par_1_70' title="bbox 1857 3176 3423 3250">
     <span class='ocr_line' id='line_1_70' title="bbox 1857 3176 3423 3250; baseline -0.003 -17"><span class='ocrx_word' id='word_1_507' title='bbox 1857 3190 1946 3233; x_wconf 89' lang='lat' dir='ltr'><strong>tus</strong></span> <span class='ocrx_word' id='word_1_508' title='bbox 1974 3179 2204 3250; x_wconf 80' lang='lat' dir='ltr'><strong>largitus</strong></span> <span class='ocrx_word' id='word_1_509' title='bbox 2230 3188 2313 3233; x_wconf 82' lang='lat' dir='ltr'><strong>est</strong></span> <span class='ocrx_word' id='word_1_510' title='bbox 2342 3179 2501 3233; x_wconf 88' lang='lat' dir='ltr'><strong>Deus.</strong></span> <span class='ocrx_word' id='word_1_511' title='bbox 2536 3177 2686 3233; x_wconf 89' lang='lat' dir='ltr'><strong>Illum</strong></span> <span class='ocrx_word' id='word_1_512' title='bbox 2718 3194 2846 3233; x_wconf 85' lang='lat' dir='ltr'><strong>vero</strong></span> <span class='ocrx_word' id='word_1_513' title='bbox 2872 3176 3136 3232; x_wconf 78' lang='lat' dir='ltr'><strong>nefarium</strong></span> <span class='ocrx_word' id='word_1_514' title='bbox 3167 3190 3274 3229; x_wconf 90' lang='lat' dir='ltr'><strong>una</strong></span> <span class='ocrx_word' id='word_1_515' title='bbox 3298 3190 3423 3230; x_wconf 91' lang='lat' dir='ltr'><strong>cum</strong></span> 
     </span>
    </p>
   </div>
   <div class='ocr_carea' id='block_1_71' title="bbox 1852 3269 3425 3342">
    <p class='ocr_par' dir='ltr' id='par_1_71' title="bbox 1852 3269 3425 3342">
     <span class='ocr_line' id='line_1_71' title="bbox 1852 3269 3425 3342; baseline -0.003 -13"><span class='ocrx_word' id='word_1_516' title='bbox 1852 3275 2103 3330; x_wconf 87' lang='lat' dir='ltr'><strong>omnibus</strong></span> <span class='ocrx_word' id='word_1_517' title='bbox 2171 3273 2503 3329; x_wconf 87' lang='lat' dir='ltr'><strong>consiliariis</strong></span> <span class='ocrx_word' id='word_1_518' title='bbox 2550 3273 2717 3342; x_wconf 87' lang='lat' dir='ltr'><strong>ipsius</strong></span> <span class='ocrx_word' id='word_1_519' title='bbox 2775 3283 2830 3326; x_wconf 90' lang='lat' dir='ltr'><strong>et</strong></span> <span class='ocrx_word' id='word_1_520' title='bbox 2894 3270 3117 3336; x_wconf 90' lang='lat' dir='ltr'><strong>amicis,</strong></span> <span class='ocrx_word' id='word_1_521' title='bbox 3191 3269 3425 3338; x_wconf 84' lang='lat' dir='ltr'><strong>pedibus</strong></span> 
     </span>
    </p>
   </div>
   <div class='ocr_carea' id='block_1_72' title="bbox 1852 3359 3422 3436">
    <p class='ocr_par' dir='ltr' id='par_1_72' title="bbox 1852 3359 3422 3436">
     <span class='ocr_line' id='line_1_72' title="bbox 1852 3359 3422 3436; baseline -0.004 -15"><span class='ocrx_word' id='word_1_522' title='bbox 1852 3364 2195 3423; x_wconf 89' lang='lat' dir='ltr'><strong>Constantini</strong></span> <span class='ocrx_word' id='word_1_523' title='bbox 2238 3381 2467 3436; x_wconf 91' lang='lat' dir='ltr'><strong>pronum</strong></span> <span class='ocrx_word' id='word_1_524' title='bbox 2513 3365 2829 3420; x_wconf 85' lang='lat' dir='ltr'><strong>substravit.</strong></span> <span class='ocrx_word' id='word_1_525' title='bbox 2864 3362 2997 3417; x_wconf 84' lang='lat' dir='ltr'><strong>Nam</strong></span> <span class='ocrx_word' id='word_1_526' title='bbox 3046 3376 3168 3416; x_wconf 90' lang='lat' dir='ltr'><strong>cum</strong></span> <span class='ocrx_word' id='word_1_527' title='bbox 3216 3360 3306 3415; x_wconf 88' lang='lat' dir='ltr'><strong>ille</strong></span> <span class='ocrx_word' id='word_1_528' title='bbox 3352 3359 3422 3414; x_wconf 88' lang='lat' dir='ltr'><strong>ad</strong></span> 
     </span>
    </p>
   </div>
   <div class='ocr_carea' id='block_1_73' title="bbox 1851 3450 3415 3528">
    <p class='ocr_par' dir='ltr' id='par_1_73' title="bbox 1851 3450 3415 3528">
     <span class='ocr_line' id='line_1_73' title="bbox 1851 3450 3415 3528; baseline -0.007 -13"><span class='ocrx_word' id='word_1_529' title='bbox 1851 3475 2117 3515; x_wconf 89' lang='lat' dir='ltr'><strong>summam</strong></span> <span class='ocrx_word' id='word_1_530' title='bbox 2150 3467 2528 3528; x_wconf 85' lang='lat' dir='ltr'><strong>prorumperet</strong></span> <span class='ocrx_word' id='word_1_531' title='bbox 2568 3457 2838 3512; x_wconf 87' lang='lat' dir='ltr'><strong>insaniam</strong></span> <span class='ocrx_word' id='word_1_532' title='bbox 2866 3499 2882 3522; x_wconf 96' lang='lat'><strong>,</strong></span> <span class='ocrx_word' id='word_1_533' title='bbox 2932 3469 3040 3509; x_wconf 88' lang='lat' dir='ltr'><strong>non</strong></span> <span class='ocrx_word' id='word_1_534' title='bbox 3077 3452 3311 3522; x_wconf 84' lang='lat' dir='ltr'><strong>amplius</strong></span> <span class='ocrx_word' id='word_1_535' title='bbox 3361 3450 3415 3505; x_wconf 90' lang='lat' dir='ltr'><strong>id</strong></span> 
     </span>
    </p>
   </div>
   <div class='ocr_carea' id='block_1_74' title="bbox 1851 3542 3418 3616">
    <p class='ocr_par' dir='ltr' id='par_1_74' title="bbox 1851 3542 3418 3616">
     <span class='ocr_line' id='line_1_74' title="bbox 1851 3542 3418 3616; baseline -0.008 -9"><span class='ocrx_word' id='word_1_536' title='bbox 1851 3551 2133 3607; x_wconf 81' lang='lat' dir='ltr'><strong>ferendum</strong></span> <span class='ocrx_word' id='word_1_537' title='bbox 2164 3562 2316 3605; x_wconf 91' lang='lat' dir='ltr'><strong>ratus</strong></span> <span class='ocrx_word' id='word_1_538' title='bbox 2362 3550 2469 3605; x_wconf 89' lang='lat' dir='ltr'><strong>Deo</strong></span> <span class='ocrx_word' id='word_1_539' title='bbox 2518 3551 2718 3605; x_wconf 90' lang='lat' dir='ltr'><strong>charus</strong></span> <span class='ocrx_word' id='word_1_540' title='bbox 2747 3549 3064 3616; x_wconf 81' lang='lat' dir='ltr'><strong>imperator,</strong></span> <span class='ocrx_word' id='word_1_541' title='bbox 3115 3542 3418 3598; x_wconf 84' lang='lat' dir='ltr'><strong>modestam</strong></span> 
     </span>
    </p>
   </div>
   <div class='ocr_carea' id='block_1_75' title="bbox 1850 3641 3416 3711">
    <p class='ocr_par' dir='ltr' id='par_1_75' title="bbox 1850 3641 3416 3711">
     <span class='ocr_line' id='line_1_75' title="bbox 1850 3641 3416 3711; baseline -0.009 -11"><span class='ocrx_word' id='word_1_542' title='bbox 1850 3660 1916 3700; x_wconf 90' lang='lat' dir='ltr'><strong>ac</strong></span> <span class='ocrx_word' id='word_1_543' title='bbox 1959 3643 2203 3699; x_wconf 88' lang='lat' dir='ltr'><strong>sobriam</strong></span> <span class='ocrx_word' id='word_1_544' title='bbox 2240 3644 2292 3697; x_wconf 92' lang='lat' dir='ltr'><strong>in</strong></span> <span class='ocrx_word' id='word_1_545' title='bbox 2329 3657 2389 3697; x_wconf 90' lang='lat' dir='ltr'><strong>se</strong></span> <span class='ocrx_word' id='word_1_546' title='bbox 2430 3641 2695 3711; x_wconf 81' lang='lat' dir='ltr'><strong>colligens</strong></span> <span class='ocrx_word' id='word_1_547' title='bbox 2734 3649 3005 3704; x_wconf 87' lang='lat' dir='ltr'><strong>mentem,</strong></span> <span class='ocrx_word' id='word_1_548' title='bbox 3064 3645 3120 3692; x_wconf 89' lang='lat' dir='ltr'><strong>et</strong></span> <span class='ocrx_word' id='word_1_549' title='bbox 3170 3649 3416 3692; x_wconf 80' lang='lat' dir='ltr'><strong>severum</strong></span> 
     </span>
    </p>
   </div>
   <div class='ocr_carea' id='block_1_76' title="bbox 1844 3726 3419 3805">
    <p class='ocr_par' dir='ltr' id='par_1_76' title="bbox 1844 3726 3419 3805">
     <span class='ocr_line' id='line_1_76' title="bbox 1844 3726 3419 3805; baseline -0.004 -17"><span class='ocrx_word' id='word_1_550' title='bbox 1844 3735 2071 3805; x_wconf 71' lang='lat' dir='ltr'><strong>iustitia:</strong></span> <span class='ocrx_word' id='word_1_551' title='bbox 2100 3734 2340 3805; x_wconf 85' lang='lat' dir='ltr'><strong>vigorem</strong></span> <span class='ocrx_word' id='word_1_552' title='bbox 2368 3734 2653 3789; x_wconf 90' lang='lat' dir='ltr'><strong>clementia</strong></span> <span class='ocrx_word' id='word_1_553' title='bbox 2684 3742 3014 3800; x_wconf 90' lang='lat' dir='ltr'><strong>temperans,</strong></span> <span class='ocrx_word' id='word_1_554' title='bbox 3032 3726 3419 3783; x_wconf 87' lang='lat' dir='ltr'><strong>libentianimo</strong></span> 
     </span>
    </p>
   </div>
   <div class='ocr_carea' id='block_1_77' title="bbox 1849 3817 3413 3895">
    <p class='ocr_par' dir='ltr' id='par_1_77' title="bbox 1849 3817 3413 3895">
     <span class='ocr_line' id='line_1_77' title="bbox 1849 3817 3413 3895; baseline -0.008 -16"><span class='ocrx_word' id='word_1_555' title='bbox 1849 3839 2005 3895; x_wconf 92' lang='lat' dir='ltr'><strong>opem</strong></span> <span class='ocrx_word' id='word_1_556' title='bbox 2036 3824 2181 3878; x_wconf 78' lang='lat' dir='ltr'><strong>ferre</strong></span> <span class='ocrx_word' id='word_1_557' title='bbox 2210 3823 2397 3876; x_wconf 85' lang='lat' dir='ltr'><strong>statuit</strong></span> <span class='ocrx_word' id='word_1_558' title='bbox 2421 3822 2486 3875; x_wconf 91' lang='lat' dir='ltr'><strong>iis</strong></span> <span class='ocrx_word' id='word_1_559' title='bbox 2515 3821 2605 3890; x_wconf 90' lang='lat' dir='ltr'><strong>qui</strong></span> <span class='ocrx_word' id='word_1_560' title='bbox 2631 3835 2661 3875; x_wconf 90' lang='lat' dir='ltr'><strong>a</strong></span> <span class='ocrx_word' id='word_1_561' title='bbox 2690 3828 2920 3890; x_wconf 85' lang='lat' dir='ltr'><strong>tyranno</strong></span> <span class='ocrx_word' id='word_1_562' title='bbox 2943 3817 3413 3887; x_wconf 87' lang='lat' dir='ltr'><strong>opprimebantur,</strong></span> 
     </span>
    </p>
   </div>
   <div class='ocr_carea' id='block_1_78' title="bbox 1849 3906 3416 3986">
    <p class='ocr_par' dir='ltr' id='par_1_78' title="bbox 1849 3906 3416 3986">
     <span class='ocr_line' id='line_1_78' title="bbox 1849 3906 3416 3986; baseline -0.006 -16"><span class='ocrx_word' id='word_1_563' title='bbox 1849 3927 1904 3970; x_wconf 92' lang='lat' dir='ltr'><strong>et</strong></span> <span class='ocrx_word' id='word_1_564' title='bbox 1934 3915 2126 3986; x_wconf 87' lang='lat' dir='ltr'><strong>paucis</strong></span> <span class='ocrx_word' id='word_1_565' title='bbox 2159 3913 2404 3983; x_wconf 86' lang='lat' dir='ltr'><strong>pestibus</strong></span> <span class='ocrx_word' id='word_1_566' title='bbox 2429 3925 2459 3966; x_wconf 91' lang='lat' dir='ltr'><strong>e</strong></span> <span class='ocrx_word' id='word_1_567' title='bbox 2493 3911 2673 3965; x_wconf 89' lang='lat' dir='ltr'><strong>medio</strong></span> <span class='ocrx_word' id='word_1_568' title='bbox 2699 3908 2955 3972; x_wconf 88' lang='lat' dir='ltr'><strong>sublatis,</strong></span> <span class='ocrx_word' id='word_1_569' title='bbox 2986 3906 3416 3962; x_wconf 79' lang='lat' dir='ltr'><strong>innumerabiles</strong></span> 
     </span>
    </p>
   </div>
   <div class='ocr_carea' id='block_1_79' title="bbox 1850 3993 3417 4073">
    <p class='ocr_par' dir='ltr' id='par_1_79' title="bbox 1850 3993 3417 4073">
     <span class='ocr_line' id='line_1_79' title="bbox 1850 3993 3417 4073; baseline -0.006 -14"><span class='ocrx_word' id='word_1_570' title='bbox 1850 4016 2019 4073; x_wconf 82' lang='lat' dir='ltr'><strong>prope</strong></span> <span class='ocrx_word' id='word_1_571' title='bbox 2049 4003 2296 4057; x_wconf 88' lang='lat' dir='ltr'><strong>homines</strong></span> <span class='ocrx_word' id='word_1_572' title='bbox 2325 4015 2568 4056; x_wconf 88' lang='lat' dir='ltr'><strong>servare.</strong></span> <span class='ocrx_word' id='word_1_573' title='bbox 2608 3999 2741 4054; x_wconf 87' lang='lat' dir='ltr'><strong>Cum</strong></span> <span class='ocrx_word' id='word_1_574' title='bbox 2777 3998 2921 4053; x_wconf 90' lang='lat' dir='ltr'><strong>enim</strong></span> <span class='ocrx_word' id='word_1_575' title='bbox 2967 4006 3128 4050; x_wconf 88' lang='lat' dir='ltr'><strong>antea</strong></span> <span class='ocrx_word' id='word_1_576' title='bbox 3155 3995 3269 4051; x_wconf 88' lang='lat' dir='ltr'><strong>sola</strong></span> <span class='ocrx_word' id='word_1_577' title='bbox 3305 3993 3417 4050; x_wconf 87' lang='lat' dir='ltr'><strong>cle-</strong></span> 
     </span>
    </p>
   </div>
   <div class='ocr_carea' id='block_1_80' title="bbox 1852 4086 3419 4157">
    <p class='ocr_par' dir='ltr' id='par_1_80' title="bbox 1852 4086 3419 4157">
     <span class='ocr_line' id='line_1_80' title="bbox 1852 4086 3419 4157; baseline -0.004 -8"><span class='ocrx_word' id='word_1_578' title='bbox 1852 4096 2053 4150; x_wconf 84' lang='lat' dir='ltr'><strong>mentia</strong></span> <span class='ocrx_word' id='word_1_579' title='bbox 2079 4105 2209 4147; x_wconf 83' lang='lat' dir='ltr'><strong>usus</strong></span> <span class='ocrx_word' id='word_1_580' title='bbox 2233 4093 2448 4157; x_wconf 81' lang='lat' dir='ltr'><strong>fuisset,</strong></span> <span class='ocrx_word' id='word_1_581' title='bbox 2494 4099 2549 4145; x_wconf 92' lang='lat' dir='ltr'><strong>et</strong></span> <span class='ocrx_word' id='word_1_582' title='bbox 2574 4090 2847 4145; x_wconf 88' lang='lat' dir='ltr'><strong>hominem</strong></span> <span class='ocrx_word' id='word_1_583' title='bbox 2882 4088 3027 4143; x_wconf 91' lang='lat' dir='ltr'><strong>nulla</strong></span> <span class='ocrx_word' id='word_1_584' title='bbox 3068 4086 3419 4142; x_wconf 77' lang='lat' dir='ltr'><strong>miseratione</strong></span> 
     </span>
    </p>
   </div>
   <div class='ocr_carea' id='block_1_81' title="bbox 1851 4175 3414 4255">
    <p class='ocr_par' dir='ltr' id='par_1_81' title="bbox 1851 4175 3414 4255">
     <span class='ocr_line' id='line_1_81' title="bbox 1851 4175 3414 4255; baseline -0.005 -16"><span class='ocrx_word' id='word_1_585' title='bbox 1851 4186 2074 4255; x_wconf 79' lang='lat' dir='ltr'><strong>dignum</strong></span> <span class='ocrx_word' id='word_1_586' title='bbox 2105 4190 2252 4239; x_wconf 88' lang='lat' dir='ltr'><strong>esset</strong></span> <span class='ocrx_word' id='word_1_587' title='bbox 2286 4183 2575 4238; x_wconf 88' lang='lat' dir='ltr'><strong>miseratus</strong></span> <span class='ocrx_word' id='word_1_588' title='bbox 2613 4196 2626 4233; x_wconf 88' lang='lat'><strong>:</strong></span> <span class='ocrx_word' id='word_1_589' title='bbox 2663 4182 2712 4237; x_wconf 88' lang='lat' dir='ltr'><strong>ei</strong></span> <span class='ocrx_word' id='word_1_590' title='bbox 2745 4180 2962 4251; x_wconf 90' lang='lat' dir='ltr'><strong>quidem</strong></span> <span class='ocrx_word' id='word_1_591' title='bbox 3010 4178 3144 4233; x_wconf 90' lang='lat' dir='ltr'><strong>nihil</strong></span> <span class='ocrx_word' id='word_1_592' title='bbox 3187 4175 3414 4248; x_wconf 86' lang='lat' dir='ltr'><strong>profuit,</strong></span> 
     </span>
    </p>
   </div>
   <div class='ocr_carea' id='block_1_82' title="bbox 1848 4270 3417 4347">
    <p class='ocr_par' dir='ltr' id='par_1_82' title="bbox 1848 4270 3417 4347">
     <span class='ocr_line' id='line_1_82' title="bbox 1848 4270 3417 4347; baseline -0.003 -19"><span class='ocrx_word' id='word_1_593' title='bbox 1848 4278 2049 4347; x_wconf 74' lang='lat' dir='ltr'><strong>quippe</strong></span> <span class='ocrx_word' id='word_1_594' title='bbox 2073 4276 2165 4346; x_wconf 84' lang='lat' dir='ltr'><strong>qui</strong></span> <span class='ocrx_word' id='word_1_595' title='bbox 2191 4292 2220 4329; x_wconf 89' lang='lat' dir='ltr'><strong>a</strong></span> <span class='ocrx_word' id='word_1_596' title='bbox 2244 4276 2475 4345; x_wconf 87' lang='lat' dir='ltr'><strong>pristina</strong></span> <span class='ocrx_word' id='word_1_597' title='bbox 2507 4275 2852 4347; x_wconf 88' lang='lat' dir='ltr'><strong>improbitate</strong></span> <span class='ocrx_word' id='word_1_598' title='bbox 2889 4286 3227 4343; x_wconf 87' lang='lat' dir='ltr'><strong>nequaquam</strong></span> <span class='ocrx_word' id='word_1_599' title='bbox 3247 4270 3417 4326; x_wconf 86' lang='lat' dir='ltr'><strong>desti-</strong></span> 
     </span>
    </p>
   </div>
   <div class='ocr_carea' id='block_1_83' title="bbox 200 4361 1750 4456">
    <p class='ocr_par' dir='ltr' id='par_1_83' title="bbox 200 4375 1747 4456">
     <span class='ocr_line' id='line_1_83' title="bbox 200 4375 1747 4456; baseline -0.005 -23"><span class='ocrx_word' id='word_1_600' title='bbox 200 4382 373 4450; x_wconf 78' lang='grc' dir='ltr'>μᾶλλον</span> <span class='ocrx_word' id='word_1_601' title='bbox 401 4383 494 4456; x_wconf 81' lang='grc' dir='ltr'>τὴν</span> <span class='ocrx_word' id='word_1_602' title='bbox 528 4381 675 4436; x_wconf 85' lang='grc' dir='ltr'>κατὰ</span> <span class='ocrx_word' id='word_1_603' title='bbox 698 4382 804 4436; x_wconf 88' lang='grc' dir='ltr'><strong>τῶν</strong></span> <span class='ocrx_word' id='word_1_604' title='bbox 831 4380 1160 4452; x_wconf 81' lang='grc' dir='ltr'>ὑποχειρίων</span> <span class='ocrx_word' id='word_1_605' title='bbox 1185 4377 1352 4432; x_wconf 71' lang='grc' dir='ltr'>ἐθνῶν</span> <span class='ocrx_word' id='word_1_606' title='bbox 1375 4376 1590 4439; x_wconf 81' lang='grc' dir='ltr'>λύτταν,</span> <span class='ocrx_word' id='word_1_607' title='bbox 1634 4375 1747 4436; x_wconf 87' lang='grc' dir='ltr'>τοῖς</span> 
     </span>
    </p>
   </div>
   <div class='ocr_carea' id='block_1_84' title="bbox 1851 4361 3481 4456">
    <p class='ocr_par' dir='ltr' id='par_1_84' title="bbox 1852 4361 3481 4437">
     <span class='ocr_line' id='line_1_84' title="bbox 1852 4361 3481 4437; baseline -0.008 -15"><span class='ocrx_word' id='word_1_608' title='bbox 1852 4368 2000 4434; x_wconf 89' lang='lat' dir='ltr'><strong>terit,</strong></span> <span class='ocrx_word' id='word_1_609' title='bbox 2044 4367 2172 4437; x_wconf 90' lang='lat' dir='ltr'><strong>quin</strong></span> <span class='ocrx_word' id='word_1_610' title='bbox 2208 4367 2386 4436; x_wconf 90' lang='lat' dir='ltr'><strong>potius</strong></span> <span class='ocrx_word' id='word_1_611' title='bbox 2414 4366 2619 4423; x_wconf 84' lang='lat' dir='ltr'><strong>rabiem</strong></span> <span class='ocrx_word' id='word_1_612' title='bbox 2661 4366 2923 4420; x_wconf 84' lang='lat' dir='ltr'><strong>adversus</strong></span> <span class='ocrx_word' id='word_1_613' title='bbox 2950 4362 3196 4418; x_wconf 88' lang='lat' dir='ltr'><strong>subditos</strong></span> <span class='ocrx_word' id='word_1_614' title='bbox 3237 4361 3415 4415; x_wconf 84' lang='lat' dir='ltr'><strong>inten-</strong></span> <span class='ocrx_word' id='word_1_615' title='bbox 3476 4402 3481 4409; x_wconf 91' lang='lat'><strong>.</strong></span> 
     </span>
    </p>
   </div>
   <div class='ocr_carea' id='block_1_85' title="bbox 195 4463 1748 4547">
    <p class='ocr_par' dir='ltr' id='par_1_85' title="bbox 195 4463 1748 4547">
     <span class='ocr_line' id='line_1_85' title="bbox 195 4463 1748 4547; baseline -0.005 -23"><span class='ocrx_word' id='word_1_616' title='bbox 195 4472 244 4525; x_wconf 77' lang='grc' dir='ltr'>δὲ</span> <span class='ocrx_word' id='word_1_617' title='bbox 274 4477 620 4547; x_wconf 81' lang='grc' dir='ltr'>κακουμένοις</span> <span class='ocrx_word' id='word_1_618' title='bbox 657 4474 803 4539; x_wconf 76' lang='grc' dir='ltr'>οὔτις</span> <span class='ocrx_word' id='word_1_619' title='bbox 853 4472 1098 4527; x_wconf 81' lang='grc' dir='ltr'>ἐλείπετο</span> <span class='ocrx_word' id='word_1_620' title='bbox 1127 4470 1401 4541; x_wconf 86' lang='grc' dir='ltr'>σωτηρίας</span> <span class='ocrx_word' id='word_1_621' title='bbox 1431 4465 1606 4529; x_wconf 77' lang='grc' dir='ltr'>ἐλπὶς,</span> <span class='ocrx_word' id='word_1_622' title='bbox 1643 4463 1748 4517; x_wconf 78' lang='grc' dir='ltr'>ὑπὸ</span> 
     </span>
    </p>
   </div>
   <div class='ocr_carea' id='block_1_86' title="bbox 195 4552 1750 4643">
    <p class='ocr_par' dir='ltr' id='par_1_86' title="bbox 195 4552 1750 4643">
     <span class='ocr_line' id='line_1_86' title="bbox 195 4552 1750 4643; baseline -0.005 -26"><span class='ocrx_word' id='word_1_623' title='bbox 195 4559 333 4634; x_wconf 42' lang='lat' dir='ltr'><strong>ﬁttest;</strong></span> <span class='ocrx_word' id='word_1_624' title='bbox 369 4564 538 4643; x_wconf 83' lang='grc' dir='ltr'>θηρίῳ</span> <span class='ocrx_word' id='word_1_625' title='bbox 567 4563 1083 4634; x_wconf 85' lang='grc' dir='ltr'>καταπυνουμένοις.</span> <span class='ocrx_word' id='word_1_626' title='bbox 1116 4560 1209 4614; x_wconf 82' lang='grc' dir='ltr'><strong>Διὸ</strong></span> <span class='ocrx_word' id='word_1_627' title='bbox 1248 4559 1312 4630; x_wconf 83' lang='grc' dir='ltr'>δὴ</span> <span class='ocrx_word' id='word_1_628' title='bbox 1348 4556 1425 4628; x_wconf 81' lang='grc' dir='ltr'>τῷ</span> <span class='ocrx_word' id='word_1_629' title='bbox 1468 4552 1750 4626; x_wconf 79' lang='grc' dir='ltr'>φιλαγάθῳ</span> 
     </span>
    </p>
   </div>
   <div class='ocr_carea' id='block_1_87' title="bbox 202 4648 1751 4730">
    <p class='ocr_par' dir='ltr' id='par_1_87' title="bbox 202 4648 1751 4730">
     <span class='ocr_line' id='line_1_87' title="bbox 202 4648 1751 4730; baseline -0.012 -14"><span class='ocrx_word' id='word_1_630' title='bbox 202 4654 341 4724; x_wconf 77' lang='grc' dir='ltr'>μίξας</span> <span class='ocrx_word' id='word_1_631' title='bbox 361 4658 416 4711; x_wconf 74' lang='grc' dir='ltr'>τὸ</span> <span class='ocrx_word' id='word_1_632' title='bbox 441 4658 801 4730; x_wconf 86' lang='grc' dir='ltr'>μισοπόνηρον</span> <span class='ocrx_word' id='word_1_633' title='bbox 821 4659 849 4710; x_wconf 88' lang='grc' dir='ltr'>ὁ</span> <span class='ocrx_word' id='word_1_634' title='bbox 874 4656 981 4709; x_wconf 89' lang='grc' dir='ltr'><strong>τῶν</strong></span> <span class='ocrx_word' id='word_1_635' title='bbox 1005 4652 1223 4722; x_wconf 80' lang='grc' dir='ltr'>ἀγαθῶν</span> <span class='ocrx_word' id='word_1_636' title='bbox 1251 4650 1485 4722; x_wconf 82' lang='grc' dir='ltr'>ἀρωγὸς,</span> <span class='ocrx_word' id='word_1_637' title='bbox 1505 4648 1751 4720; x_wconf 86' lang='grc' dir='ltr'>πρόεισιν</span> 
     </span>
    </p>
   </div>
   <div class='ocr_carea' id='block_1_88' title="bbox 201 4737 1750 4822">
    <p class='ocr_par' dir='ltr' id='par_1_88' title="bbox 201 4737 1750 4822">
     <span class='ocr_line' id='line_1_88' title="bbox 201 4737 1750 4822; baseline -0.006 -23"><span class='ocrx_word' id='word_1_638' title='bbox 201 4746 300 4818; x_wconf 77' lang='grc' dir='ltr'>ἃμα</span> <span class='ocrx_word' id='word_1_639' title='bbox 331 4750 474 4804; x_wconf 69' lang='grc' dir='ltr'>παιδὶ</span> <span class='ocrx_word' id='word_1_640' title='bbox 504 4750 737 4822; x_wconf 85' lang='grc' dir='ltr'>Κρίσπῳ</span> <span class='ocrx_word' id='word_1_641' title='bbox 778 4747 984 4817; x_wconf 84' lang='grc' dir='ltr'>βασιλεῖ</span> <span class='ocrx_word' id='word_1_642' title='bbox 1021 4740 1533 4816; x_wconf 79' lang='grc' dir='ltr'>φιλανθρωποτάτῳ,</span> <span class='ocrx_word' id='word_1_643' title='bbox 1573 4737 1750 4807; x_wconf 83' lang='grc' dir='ltr'>σωτή-</span> 
     </span>
    </p>
   </div>
   <div class='ocr_carea' id='block_1_89' title="bbox 202 4824 1748 4909">
    <p class='ocr_par' dir='ltr' id='par_1_89' title="bbox 202 4824 1748 4909">
     <span class='ocr_line' id='line_1_89' title="bbox 202 4824 1748 4909; baseline -0.007 -18"><span class='ocrx_word' id='word_1_644' title='bbox 202 4856 299 4909; x_wconf 82' lang='grc' dir='ltr'>ριον</span> <span class='ocrx_word' id='word_1_645' title='bbox 328 4840 496 4906; x_wconf 79' lang='grc' dir='ltr'>δεξιάν</span> <span class='ocrx_word' id='word_1_646' title='bbox 524 4841 695 4896; x_wconf 78' lang='grc' dir='ltr'>ἅπασι</span> <span class='ocrx_word' id='word_1_647' title='bbox 729 4841 841 4902; x_wconf 79' lang='grc' dir='ltr'>τοῖς</span> <span class='ocrx_word' id='word_1_648' title='bbox 869 4835 1263 4906; x_wconf 79' lang='grc' dir='ltr'>ἀπολλυμένοις</span> <span class='ocrx_word' id='word_1_649' title='bbox 1313 4832 1558 4893; x_wconf 78' lang='grc' dir='ltr'>ἐκτείνας</span> <span class='ocrx_word' id='word_1_650' title='bbox 1580 4846 1593 4861; x_wconf 85' lang='grc'><strong>·</strong></span> <span class='ocrx_word' id='word_1_651' title='bbox 1647 4824 1748 4881; x_wconf 78' lang='grc' dir='ltr'>εἷθ’</span> 
     </span>
    </p>
   </div>
   <div class='ocr_carea' id='block_1_90' title="bbox 198 4921 1747 5005">
    <p class='ocr_par' dir='ltr' id='par_1_90' title="bbox 198 4921 1747 5005">
     <span class='ocr_line' id='line_1_90' title="bbox 198 4921 1747 5005; baseline -0.006 -22"><span class='ocrx_word' id='word_1_652' title='bbox 198 4925 275 4983; x_wconf 79' lang='grc' dir='ltr'>οἷα</span> <span class='ocrx_word' id='word_1_653' title='bbox 316 4934 639 5005; x_wconf 85' lang='grc' dir='ltr'>παμϐασιλεῖ</span> <span class='ocrx_word' id='word_1_654' title='bbox 677 4932 816 5002; x_wconf 78' lang='grc' dir='ltr'>Θεῷ,</span> <span class='ocrx_word' id='word_1_655' title='bbox 858 4930 992 4985; x_wconf 80' lang='grc' dir='ltr'>Θεοῦ</span> <span class='ocrx_word' id='word_1_656' title='bbox 1033 4928 1192 4982; x_wconf 80' lang='grc' dir='ltr'>Παιδὶ</span> <span class='ocrx_word' id='word_1_657' title='bbox 1233 4926 1445 4996; x_wconf 83' lang='grc' dir='ltr'>Σωτῆρι</span> <span class='ocrx_word' id='word_1_658' title='bbox 1493 4921 1747 4975; x_wconf 83' lang='grc' dir='ltr'>ἁπάντων</span> 
     </span>
    </p>
   </div>
   <div class='ocr_carea' id='block_1_91' title="bbox 201 5013 1742 5098">
    <p class='ocr_par' dir='ltr' id='par_1_91' title="bbox 201 5013 1742 5098">
     <span class='ocr_line' id='line_1_91' title="bbox 201 5013 1742 5098; baseline -0.003 -18"><span class='ocrx_word' id='word_1_659' title='bbox 201 5023 397 5096; x_wconf 83' lang='grc' dir='ltr'>ποδηγῷ</span> <span class='ocrx_word' id='word_1_660' title='bbox 417 5027 509 5080; x_wconf 76' lang='grc' dir='ltr'>καὶ</span> <span class='ocrx_word' id='word_1_661' title='bbox 537 5025 808 5098; x_wconf 84' lang='grc' dir='ltr'>συμμάχῳ</span> <span class='ocrx_word' id='word_1_662' title='bbox 829 5022 1125 5096; x_wconf 86' lang='grc' dir='ltr'>χρώμενοι,</span> <span class='ocrx_word' id='word_1_663' title='bbox 1148 5019 1326 5090; x_wconf 82' lang='grc' dir='ltr'>πατὴρ</span> <span class='ocrx_word' id='word_1_664' title='bbox 1348 5014 1586 5088; x_wconf 68' lang='grc' dir='ltr'>ἅμακαὶ</span> <span class='ocrx_word' id='word_1_665' title='bbox 1609 5013 1742 5078; x_wconf 81' lang='grc' dir='ltr'>υἱὸς,</span> 
     </span>
    </p>
   </div>
   <div class='ocr_carea' id='block_1_92' title="bbox 201 5106 1744 5191">
    <p class='ocr_par' dir='ltr' id='par_1_92' title="bbox 201 5106 1744 5191">
     <span class='ocr_line' id='line_1_92' title="bbox 201 5106 1744 5191; baseline -0.013 -17"><span class='ocrx_word' id='word_1_666' title='bbox 201 5115 347 5186; x_wconf 76' lang='grc' dir='ltr'>ἄμφω</span> <span class='ocrx_word' id='word_1_667' title='bbox 368 5118 544 5191; x_wconf 83' lang='grc' dir='ltr'>κύκλῳ</span> <span class='ocrx_word' id='word_1_668' title='bbox 571 5119 833 5181; x_wconf 88' lang='grc' dir='ltr'>διελόντες</span> <span class='ocrx_word' id='word_1_669' title='bbox 862 5117 962 5187; x_wconf 84' lang='grc' dir='ltr'>τὴν</span> <span class='ocrx_word' id='word_1_670' title='bbox 1005 5112 1149 5169; x_wconf 87' lang='grc' dir='ltr'>κατὰ</span> <span class='ocrx_word' id='word_1_671' title='bbox 1186 5110 1294 5164; x_wconf 84' lang='grc' dir='ltr'><strong>τῶν</strong></span> <span class='ocrx_word' id='word_1_672' title='bbox 1327 5106 1595 5178; x_wconf 86' lang='grc' dir='ltr'>θεομισῶν</span> <span class='ocrx_word' id='word_1_673' title='bbox 1636 5121 1744 5157; x_wconf 85' lang='grc' dir='ltr'>πα-</span> 
     </span>
    </p>
   </div>
   <div class='ocr_carea' id='block_1_93' title="bbox 202 5195 1742 5284">
    <p class='ocr_par' dir='ltr' id='par_1_93' title="bbox 202 5195 1742 5284">
     <span class='ocr_line' id='line_1_93' title="bbox 202 5195 1742 5284; baseline -0.01 -21"><span class='ocrx_word' id='word_1_674' title='bbox 202 5207 403 5276; x_wconf 80' lang='grc' dir='ltr'>ράταξιν</span> <span class='ocrx_word' id='word_1_675' title='bbox 453 5211 636 5284; x_wconf 77' lang='grc' dir='ltr'>ὸᾳδίαν</span> <span class='ocrx_word' id='word_1_676' title='bbox 673 5211 772 5282; x_wconf 82' lang='grc' dir='ltr'>τὴν</span> <span class='ocrx_word' id='word_1_677' title='bbox 816 5209 972 5278; x_wconf 85' lang='grc' dir='ltr'>νίκην</span> <span class='ocrx_word' id='word_1_678' title='bbox 1012 5204 1397 5275; x_wconf 82' lang='grc' dir='ltr'>ἀποφέρονται,</span> <span class='ocrx_word' id='word_1_679' title='bbox 1448 5197 1557 5252; x_wconf 87' lang='grc' dir='ltr'><strong>τῶν</strong></span> <span class='ocrx_word' id='word_1_680' title='bbox 1600 5195 1742 5250; x_wconf 88' lang='grc' dir='ltr'><strong>κατά</strong></span> 
     </span>
    </p>
   </div>
   <div class='ocr_carea' id='block_1_94' title="bbox 263 5360 1744 5445">
    <p class='ocr_par' dir='ltr' id='par_1_94' title="bbox 263 5360 1744 5445">
     <span class='ocr_line' id='line_1_94' title="bbox 263 5360 1744 5445; baseline -0.02 -3"><span class='ocrx_word' id='word_1_681' title='bbox 263 5372 365 5442; x_wconf 77' lang='lat'><strong>(85)</strong></span> <span class='ocrx_word' id='word_1_682' title='bbox 394 5377 577 5444; x_wconf 85' lang='grc' dir='ltr'>Τούτῳ</span> <span class='ocrx_word' id='word_1_683' title='bbox 601 5374 718 5445; x_wconf 82' lang='grc' dir='ltr'>μὲν</span> <span class='ocrx_word' id='word_1_684' title='bbox 742 5368 875 5429; x_wconf 82' lang='grc' dir='ltr'>οὖν.</span> <span class='ocrx_word' id='word_1_685' title='bbox 924 5372 1005 5445; x_wconf 80' lang='lat' dir='ltr'><strong>Ab</strong></span> <span class='ocrx_word' id='word_1_686' title='bbox 1030 5371 1113 5425; x_wconf 84' lang='lat' dir='ltr'><strong>his</strong></span> <span class='ocrx_word' id='word_1_687' title='bbox 1156 5367 1333 5423; x_wconf 87' lang='lat' dir='ltr'><strong>verbis</strong></span> <span class='ocrx_word' id='word_1_688' title='bbox 1368 5372 1531 5433; x_wconf 88' lang='lat' dir='ltr'><strong>caput</strong></span> <span class='ocrx_word' id='word_1_689' title='bbox 1590 5360 1635 5445; x_wconf 88' lang='lat'><strong>9_</strong></span> <span class='ocrx_word' id='word_1_690' title='bbox 1659 5361 1744 5414; x_wconf 91' lang='lat' dir='ltr'><strong>in-</strong></span> 
     </span>
    </p>
   </div>
   <div class='ocr_carea' id='block_1_95' title="bbox 203 5434 1744 5515">
    <p class='ocr_par' dir='ltr' id='par_1_95' title="bbox 203 5434 1744 5515">
     <span class='ocr_line' id='line_1_95' title="bbox 203 5434 1744 5515; baseline -0.006 -22"><span class='ocrx_word' id='word_1_691' title='bbox 203 5434 493 5515; x_wconf 40' lang='lat' dir='ltr'><strong>choav&#39;imus</strong></span> <span class='ocrx_word' id='word_1_692' title='bbox 539 5434 558 5500; x_wconf 76' lang='grc' dir='ltr'><em>Ξ</em></span> <span class='ocrx_word' id='word_1_693' title='bbox 601 5434 783 5515; x_wconf 72' lang='grc' dir='ltr'>’(ιιιιιιιι</span> <span class='ocrx_word' id='word_1_694' title='bbox 843 5442 1214 5515; x_wconf 65' lang='lat' dir='ltr'><strong>conjecturam</strong></span> <span class='ocrx_word' id='word_1_695' title='bbox 1281 5444 1531 5515; x_wconf 81' lang='lat' dir='ltr'><strong>nostram</strong></span> <span class='ocrx_word' id='word_1_696' title='bbox 1566 5434 1744 5515; x_wconf 48' lang='lat' dir='ltr'><strong>.plane</strong></span> 
     </span>
    </p>
   </div>
   <div class='ocr_carea' id='block_1_96' title="bbox 205 5500 1744 5571">
    <p class='ocr_par' dir='ltr' id='par_1_96' title="bbox 205 5500 1744 5571">
     <span class='ocr_line' id='line_1_96' title="bbox 205 5500 1744 5571; baseline -0.004 -10"><span class='ocrx_word' id='word_1_697' title='bbox 205 5512 506 5569; x_wconf 83' lang='lat' dir='ltr'><strong>conﬁrmant</strong></span> <span class='ocrx_word' id='word_1_698' title='bbox 558 5500 911 5571; x_wconf 63' lang='lat' dir='ltr'><strong>vetustissim.</strong></span> <span class='ocrx_word' id='word_1_699' title='bbox 947 5500 1108 5565; x_wconf 64' lang='lat' dir='ltr'><strong>codd.</strong></span> <span class='ocrx_word' id='word_1_700' title='bbox 1154 5505 1457 5561; x_wconf 81' lang='lat' dir='ltr'><strong>Mazarinus</strong></span> <span class='ocrx_word' id='word_1_701' title='bbox 1485 5513 1540 5559; x_wconf 88' lang='lat' dir='ltr'><strong>et</strong></span> <span class='ocrx_word' id='word_1_702' title='bbox 1566 5500 1744 5556; x_wconf 70' lang='lat' dir='ltr'><strong>Fulse-</strong></span> 
     </span>
    </p>
   </div>
   <div class='ocr_carea' id='block_1_97' title="bbox 207 5572 1736 5657">
    <p class='ocr_par' dir='ltr' id='par_1_97' title="bbox 207 5572 1736 5657">
     <span class='ocr_line' id='line_1_97' title="bbox 207 5572 1736 5657; baseline -0.004 -27"><span class='ocrx_word' id='word_1_703' title='bbox 207 5581 383 5657; x_wconf 73' lang='lat' dir='ltr'><strong>tianus.</strong></span> <span class='ocrx_word' id='word_1_704' title='bbox 414 5585 467 5638; x_wconf 91' lang='lat' dir='ltr'><strong>In</strong></span> <span class='ocrx_word' id='word_1_705' title='bbox 500 5587 694 5657; x_wconf 82' lang='lat' dir='ltr'><strong>quibus</strong></span> <span class='ocrx_word' id='word_1_706' title='bbox 715 5584 879 5639; x_wconf 84' lang='lat' dir='ltr'><strong>etiam</strong></span> <span class='ocrx_word' id='word_1_707' title='bbox 917 5583 1020 5657; x_wconf 76' lang='lat' dir='ltr'><strong>hoc</strong></span> <span class='ocrx_word' id='word_1_708' title='bbox 1047 5579 1347 5646; x_wconf 84' lang='lat' dir='ltr'><strong>capitulum</strong></span> <span class='ocrx_word' id='word_1_709' title='bbox 1373 5583 1625 5629; x_wconf 89' lang='lat' dir='ltr'><strong>octavum</strong></span> <span class='ocrx_word' id='word_1_710' title='bbox 1655 5572 1736 5625; x_wconf 89' lang='lat' dir='ltr'><strong>di-</strong></span> 
     </span>
    </p>
   </div>
   <div class='ocr_carea' id='block_1_98' title="bbox 205 5652 1038 5725">
    <p class='ocr_par' dir='ltr' id='par_1_98' title="bbox 205 5652 1038 5725">
     <span class='ocr_line' id='line_1_98' title="bbox 205 5652 1038 5725; baseline -0.001 -22"><span class='ocrx_word' id='word_1_711' title='bbox 205 5652 359 5725; x_wconf 62' lang='lat' dir='ltr'><strong>citur,</strong></span> <span class='ocrx_word' id='word_1_712' title='bbox 382 5652 531 5725; x_wconf 75' lang='lat' dir='ltr'><strong>recte</strong></span> <span class='ocrx_word' id='word_1_713' title='bbox 548 5667 606 5710; x_wconf 82' lang='lat' dir='ltr'><strong>ut</strong></span> <span class='ocrx_word' id='word_1_714' title='bbox 633 5670 791 5725; x_wconf 90' lang='lat' dir='ltr'><strong>supra</strong></span> <span class='ocrx_word' id='word_1_715' title='bbox 835 5654 1038 5725; x_wconf 71' lang='lat' dir='ltr'><strong>notavi.</strong></span> 
     </span>
    </p>
   </div>
   <div class='ocr_carea' id='block_1_99' title="bbox 136 5712 1739 5795">
    <p class='ocr_par' dir='ltr' id='par_1_99' title="bbox 136 5712 1739 5795">
     <span class='ocr_line' id='line_1_99' title="bbox 136 5712 1739 5795; baseline -0.007 -20"><span class='ocrx_word' id='word_1_716' title='bbox 136 5728 197 5760; x_wconf 60' lang='grc' dir='ltr'><strong>ιικ</strong></span> <span class='ocrx_word' id='word_1_717' title='bbox 269 5720 370 5793; x_wconf 62' lang='grc' dir='ltr'>(ει)</span> <span class='ocrx_word' id='word_1_718' title='bbox 417 5712 714 5795; x_wconf 75' lang='grc' dir='ltr'>Σώφρονα’</span> <span class='ocrx_word' id='word_1_719' title='bbox 743 5719 1102 5794; x_wconf 67' lang='grc' dir='ltr'>συναγαγὼν</span> <span class='ocrx_word' id='word_1_720' title='bbox 1157 5713 1472 5787; x_wconf 71' lang='grc' dir='ltr'>λογισμόν.</span> <span class='ocrx_word' id='word_1_721' title='bbox 1527 5712 1582 5769; x_wconf 90' lang='lat' dir='ltr'><strong>Id</strong></span> <span class='ocrx_word' id='word_1_722' title='bbox 1630 5719 1739 5795; x_wconf 59' lang='lat' dir='ltr'><strong>est1</strong></span> 
     </span>
    </p>
   </div>
   <div class='ocr_carea' id='block_1_100' title="bbox 1850 4453 3413 4528">
    <p class='ocr_par' dir='ltr' id='par_1_100' title="bbox 1850 4453 3413 4528">
     <span class='ocr_line' id='line_1_100' title="bbox 1850 4453 3413 4528; baseline -0.006 -14"><span class='ocrx_word' id='word_1_723' title='bbox 1850 4459 2015 4514; x_wconf 89' lang='lat' dir='ltr'><strong>derit.</strong></span> <span class='ocrx_word' id='word_1_724' title='bbox 2050 4457 2338 4528; x_wconf 88' lang='lat' dir='ltr'><strong>Oppressis</strong></span> <span class='ocrx_word' id='word_1_725' title='bbox 2369 4473 2503 4513; x_wconf 81' lang='lat' dir='ltr'><strong>vero</strong></span> <span class='ocrx_word' id='word_1_726' title='bbox 2538 4458 2684 4512; x_wconf 89' lang='lat' dir='ltr'><strong>nulla</strong></span> <span class='ocrx_word' id='word_1_727' title='bbox 2722 4456 2833 4527; x_wconf 87' lang='lat' dir='ltr'><strong>jam</strong></span> <span class='ocrx_word' id='word_1_728' title='bbox 2864 4468 2991 4524; x_wconf 86' lang='lat' dir='ltr'><strong>spes</strong></span> <span class='ocrx_word' id='word_1_729' title='bbox 3013 4453 3203 4509; x_wconf 89' lang='lat' dir='ltr'><strong>salutis</strong></span> <span class='ocrx_word' id='word_1_730' title='bbox 3222 4467 3413 4522; x_wconf 88' lang='lat' dir='ltr'><strong>super-</strong></span> 
     </span>
    </p>
   </div>
   <div class='ocr_carea' id='block_1_101' title="bbox 1849 4545 3413 4620">
    <p class='ocr_par' dir='ltr' id='par_1_101' title="bbox 1849 4545 3413 4620">
     <span class='ocr_line' id='line_1_101' title="bbox 1849 4545 3413 4620; baseline -0.006 -15"><span class='ocrx_word' id='word_1_731' title='bbox 1849 4559 2000 4616; x_wconf 87' lang='lat' dir='ltr'><strong>erat,</strong></span> <span class='ocrx_word' id='word_1_732' title='bbox 2034 4565 2170 4620; x_wconf 90' lang='lat' dir='ltr'><strong>quos</strong></span> <span class='ocrx_word' id='word_1_733' title='bbox 2209 4549 2461 4606; x_wconf 87' lang='lat' dir='ltr'><strong>immanis</strong></span> <span class='ocrx_word' id='word_1_734' title='bbox 2489 4550 2578 4604; x_wconf 93' lang='lat' dir='ltr'><strong>illa</strong></span> <span class='ocrx_word' id='word_1_735' title='bbox 2614 4548 2788 4604; x_wconf 90' lang='lat' dir='ltr'><strong>bellua</strong></span> <span class='ocrx_word' id='word_1_736' title='bbox 2820 4545 3198 4602; x_wconf 88' lang='lat' dir='ltr'><strong>crudelissime</strong></span> <span class='ocrx_word' id='word_1_737' title='bbox 3246 4556 3413 4598; x_wconf 81' lang='lat' dir='ltr'><strong>vexa-</strong></span> 
     </span>
    </p>
   </div>
   <div class='ocr_carea' id='block_1_102' title="bbox 1849 4635 3409 4712">
    <p class='ocr_par' dir='ltr' id='par_1_102' title="bbox 1849 4635 3409 4712">
     <span class='ocr_line' id='line_1_102' title="bbox 1849 4635 3409 4712; baseline -0.005 -15"><span class='ocrx_word' id='word_1_738' title='bbox 1849 4644 1963 4697; x_wconf 88' lang='lat' dir='ltr'><strong>bat.</strong></span> <span class='ocrx_word' id='word_1_739' title='bbox 1984 4641 2255 4708; x_wconf 81' lang='lat' dir='ltr'><strong>Quocirca</strong></span> <span class='ocrx_word' id='word_1_740' title='bbox 2282 4642 2548 4702; x_wconf 33' lang='lat' dir='ltr'><strong>bonorum,</strong></span> <span class='ocrx_word' id='word_1_741' title='bbox 2587 4647 2958 4712; x_wconf 80' lang='lat' dir='ltr'><strong>propugnator</strong></span> <span class='ocrx_word' id='word_1_742' title='bbox 3004 4635 3409 4697; x_wconf 85' lang='lat' dir='ltr'><strong>Constantinus,</strong></span> 
     </span>
    </p>
   </div>
   <div class='ocr_carea' id='block_1_103' title="bbox 1849 4727 3411 4800">
    <p class='ocr_par' dir='ltr' id='par_1_103' title="bbox 1849 4727 3411 4800">
     <span class='ocr_line' id='line_1_103' title="bbox 1849 4727 3411 4800; baseline -0.003 -14"><span class='ocrx_word' id='word_1_743' title='bbox 1849 4736 2022 4789; x_wconf 86' lang='lat' dir='ltr'><strong>amori</strong></span> <span class='ocrx_word' id='word_1_744' title='bbox 2086 4735 2307 4789; x_wconf 89' lang='lat' dir='ltr'><strong>virtutis</strong></span> <span class='ocrx_word' id='word_1_745' title='bbox 2354 4734 2587 4789; x_wconf 87' lang='lat' dir='ltr'><strong>miscens</strong></span> <span class='ocrx_word' id='word_1_746' title='bbox 2637 4734 2821 4788; x_wconf 90' lang='lat' dir='ltr'><strong>odium</strong></span> <span class='ocrx_word' id='word_1_747' title='bbox 2875 4727 3260 4800; x_wconf 89' lang='lat' dir='ltr'><strong>improbitatis,</strong></span> <span class='ocrx_word' id='word_1_748' title='bbox 3305 4742 3411 4782; x_wconf 89' lang='lat' dir='ltr'><strong>una</strong></span> 
     </span>
    </p>
   </div>
   <div class='ocr_carea' id='block_1_104' title="bbox 1847 4816 3408 4896">
    <p class='ocr_par' dir='ltr' id='par_1_104' title="bbox 1847 4816 3408 4896">
     <span class='ocr_line' id='line_1_104' title="bbox 1847 4816 3408 4896; baseline -0.01 -12"><span class='ocrx_word' id='word_1_749' title='bbox 1847 4843 1968 4884; x_wconf 89' lang='lat' dir='ltr'><strong>cum</strong></span> <span class='ocrx_word' id='word_1_750' title='bbox 1992 4826 2102 4880; x_wconf 79' lang='lat' dir='ltr'><strong>filio</strong></span> <span class='ocrx_word' id='word_1_751' title='bbox 2120 4826 2311 4896; x_wconf 88' lang='lat' dir='ltr'><strong>Crispo</strong></span> <span class='ocrx_word' id='word_1_752' title='bbox 2332 4824 2756 4881; x_wconf 86' lang='lat' dir='ltr'><strong>clementissimo</strong></span> <span class='ocrx_word' id='word_1_753' title='bbox 2777 4822 2992 4876; x_wconf 68' lang='lat' dir='ltr'><strong>Caesare</strong></span> <span class='ocrx_word' id='word_1_754' title='bbox 3006 4816 3408 4888; x_wconf 82' lang='lat' dir='ltr'><strong>expeditionem</strong></span> 
     </span>
    </p>
   </div>
   <div class='ocr_carea' id='block_1_105' title="bbox 1846 4910 3409 4989">
    <p class='ocr_par' dir='ltr' id='par_1_105' title="bbox 1846 4910 3409 4989">
     <span class='ocr_line' id='line_1_105' title="bbox 1846 4910 3409 4989; baseline -0.006 -16"><span class='ocrx_word' id='word_1_755' title='bbox 1846 4918 2131 4989; x_wconf 84' lang='lat' dir='ltr'><strong>suscepit,</strong></span> <span class='ocrx_word' id='word_1_756' title='bbox 2176 4919 2473 4973; x_wconf 87' lang='lat' dir='ltr'><strong>salutarem</strong></span> <span class='ocrx_word' id='word_1_757' title='bbox 2509 4918 2755 4970; x_wconf 83' lang='lat' dir='ltr'><strong>dextram</strong></span> <span class='ocrx_word' id='word_1_758' title='bbox 2808 4914 3021 4969; x_wconf 89' lang='lat' dir='ltr'><strong>cunctis</strong></span> <span class='ocrx_word' id='word_1_759' title='bbox 3056 4910 3409 4983; x_wconf 88' lang='lat' dir='ltr'><strong>pereuntibus</strong></span> 
     </span>
    </p>
   </div>
   <div class='ocr_carea' id='block_1_106' title="bbox 1842 5001 3413 5080">
    <p class='ocr_par' dir='ltr' id='par_1_106' title="bbox 1842 5001 3413 5080">
     <span class='ocr_line' id='line_1_106' title="bbox 1842 5001 3413 5080; baseline -0.008 -16"><span class='ocrx_word' id='word_1_760' title='bbox 1842 5011 2146 5080; x_wconf 76' lang='lat' dir='ltr'><strong>porrigens.</strong></span> <span class='ocrx_word' id='word_1_761' title='bbox 2169 5007 2543 5076; x_wconf 78' lang='lat' dir='ltr'><strong>Amboigitur,</strong></span> <span class='ocrx_word' id='word_1_762' title='bbox 2561 5014 2713 5074; x_wconf 90' lang='lat' dir='ltr'><strong>pater</strong></span> <span class='ocrx_word' id='word_1_763' title='bbox 2727 5004 2976 5058; x_wconf 86' lang='lat' dir='ltr'><strong>videlicet</strong></span> <span class='ocrx_word' id='word_1_764' title='bbox 2999 5018 3062 5059; x_wconf 90' lang='lat' dir='ltr'><strong>ac</strong></span> <span class='ocrx_word' id='word_1_765' title='bbox 3084 5001 3244 5067; x_wconf 83' lang='lat' dir='ltr'><strong>ﬁlius,</strong></span> <span class='ocrx_word' id='word_1_766' title='bbox 3268 5014 3413 5054; x_wconf 88' lang='lat' dir='ltr'><strong>sum-</strong></span> 
     </span>
    </p>
   </div>
   <div class='ocr_carea' id='block_1_107' title="bbox 1844 5094 3409 5170">
    <p class='ocr_par' dir='ltr' id='par_1_107' title="bbox 1844 5094 3409 5170">
     <span class='ocr_line' id='line_1_107' title="bbox 1844 5094 3409 5170; baseline -0.005 -13"><span class='ocrx_word' id='word_1_767' title='bbox 1844 5119 1932 5158; x_wconf 93' lang='lat' dir='ltr'><strong>mo</strong></span> <span class='ocrx_word' id='word_1_768' title='bbox 1951 5104 2191 5157; x_wconf 89' lang='lat' dir='ltr'><strong>omnium</strong></span> <span class='ocrx_word' id='word_1_769' title='bbox 2222 5115 2353 5170; x_wconf 79' lang='lat' dir='ltr'><strong>rege</strong></span> <span class='ocrx_word' id='word_1_770' title='bbox 2376 5115 2439 5154; x_wconf 90' lang='lat' dir='ltr'><strong>ac</strong></span> <span class='ocrx_word' id='word_1_771' title='bbox 2457 5097 2754 5154; x_wconf 87' lang='lat' dir='ltr'><strong>Servatore</strong></span> <span class='ocrx_word' id='word_1_772' title='bbox 2780 5097 2870 5150; x_wconf 89' lang='lat' dir='ltr'><strong>Dei</strong></span> <span class='ocrx_word' id='word_1_773' title='bbox 2888 5094 3025 5150; x_wconf 87' lang='lat' dir='ltr'><strong>Filio</strong></span> <span class='ocrx_word' id='word_1_774' title='bbox 3042 5111 3106 5151; x_wconf 89' lang='lat' dir='ltr'><strong>ac</strong></span> <span class='ocrx_word' id='word_1_775' title='bbox 3125 5095 3254 5161; x_wconf 92' lang='lat' dir='ltr'><strong>Deo,</strong></span> <span class='ocrx_word' id='word_1_776' title='bbox 3273 5094 3409 5150; x_wconf 86' lang='lat' dir='ltr'><strong>duce</strong></span> 
     </span>
    </p>
   </div>
   <div class='ocr_carea' id='block_1_108' title="bbox 1839 5187 3411 5265">
    <p class='ocr_par' dir='ltr' id='par_1_108' title="bbox 1839 5187 3411 5265">
     <span class='ocr_line' id='line_1_108' title="bbox 1839 5187 3411 5265; baseline -0.005 -14"><span class='ocrx_word' id='word_1_777' title='bbox 1839 5193 2005 5265; x_wconf 82' lang='lat'><strong>399</strong></span> <span class='ocrx_word' id='word_1_778' title='bbox 2017 5192 2330 5261; x_wconf 89' lang='lat' dir='ltr'><strong>etadjutore</strong></span> <span class='ocrx_word' id='word_1_779' title='bbox 2363 5190 2505 5256; x_wconf 79' lang='lat' dir='ltr'><strong>fulti,</strong></span> <span class='ocrx_word' id='word_1_780' title='bbox 2531 5189 2645 5245; x_wconf 88' lang='lat' dir='ltr'><strong>acie</strong></span> <span class='ocrx_word' id='word_1_781' title='bbox 2668 5189 2810 5244; x_wconf 91' lang='lat' dir='ltr'><strong>inter</strong></span> <span class='ocrx_word' id='word_1_782' title='bbox 2838 5203 2898 5244; x_wconf 87' lang='lat' dir='ltr'><strong>se</strong></span> <span class='ocrx_word' id='word_1_783' title='bbox 2911 5187 3076 5243; x_wconf 86' lang='lat' dir='ltr'><strong>divisa</strong></span> <span class='ocrx_word' id='word_1_784' title='bbox 3100 5187 3300 5257; x_wconf 90' lang='lat' dir='ltr'><strong>Deique</strong></span> <span class='ocrx_word' id='word_1_785' title='bbox 3314 5188 3411 5243; x_wconf 91' lang='lat' dir='ltr'><strong>ho-</strong></span> 
     </span>
    </p>
   </div>
   <div class='ocr_carea' id='block_1_109' title="bbox 1860 5346 3412 5427">
    <p class='ocr_par' dir='ltr' id='par_1_109' title="bbox 1860 5346 3412 5427">
     <span class='ocr_line' id='line_1_109' title="bbox 1860 5346 3412 5427; baseline -0.009 -14"><span class='ocrx_word' id='word_1_786' title='bbox 1860 5380 1879 5413; x_wconf 70' lang='lat' dir='ltr'><strong>c</strong></span> <span class='ocrx_word' id='word_1_787' title='bbox 1916 5360 2216 5416; x_wconf 90' lang='lat' dir='ltr'><strong>modestam</strong></span> <span class='ocrx_word' id='word_1_788' title='bbox 2243 5358 2294 5411; x_wconf 94' lang='lat' dir='ltr'><strong>in</strong></span> <span class='ocrx_word' id='word_1_789' title='bbox 2334 5372 2393 5412; x_wconf 91' lang='lat' dir='ltr'><strong>se</strong></span> <span class='ocrx_word' id='word_1_790' title='bbox 2423 5352 3033 5427; x_wconf 27' lang='lat' dir='ltr'><strong>colligens‘mentem.__i</strong></span> <span class='ocrx_word' id='word_1_791' title='bbox 3079 5346 3304 5427; x_wconf 74' lang='lat' dir='ltr'><strong>Phrasis</strong></span> <span class='ocrx_word' id='word_1_792' title='bbox 3324 5355 3412 5427; x_wconf 74' lang='lat' dir='ltr'><strong>est</strong></span> 
     </span>
    </p>
   </div>
   <div class='ocr_carea' id='block_1_110' title="bbox 1853 5417 3410 5499">
    <p class='ocr_par' dir='ltr' id='par_1_110' title="bbox 1853 5417 3410 5499">
     <span class='ocr_line' id='line_1_110' title="bbox 1853 5417 3410 5499; baseline -0.011 -13"><span class='ocrx_word' id='word_1_793' title='bbox 1853 5431 2181 5487; x_wconf 87' lang='lat' dir='ltr'><strong>Eusebiaua.</strong></span> <span class='ocrx_word' id='word_1_794' title='bbox 2222 5429 2315 5486; x_wconf 87' lang='lat' dir='ltr'><strong>Sic</strong></span> <span class='ocrx_word' id='word_1_795' title='bbox 2360 5428 2507 5499; x_wconf 77' lang='lat' dir='ltr'><strong>enim</strong></span> <span class='ocrx_word' id='word_1_796' title='bbox 2552 5417 2918 5499; x_wconf 66' lang='lat' dir='ltr'><strong>inquitur_in_</strong></span> <span class='ocrx_word' id='word_1_797' title='bbox 2941 5419 3035 5473; x_wconf 91' lang='lat' dir='ltr'><strong>lib.</strong></span> <span class='ocrx_word' id='word_1_798' title='bbox 3073 5433 3153 5499; x_wconf 50' lang='lat' dir='ltr'><strong>Ill.</strong></span> <span class='ocrx_word' id='word_1_799' title='bbox 3190 5417 3268 5499; x_wconf 69' lang='lat' dir='ltr'><strong>De</strong></span> <span class='ocrx_word' id='word_1_800' title='bbox 3301 5417 3410 5471; x_wconf 78' lang='lat' dir='ltr'><strong>vita</strong></span> 
     </span>
    </p>
   </div>
   <div class='ocr_carea' id='block_1_111' title="bbox 1853 5489 3409 5565">
    <p class='ocr_par' dir='ltr' id='par_1_111' title="bbox 1853 5489 3409 5565">
     <span class='ocr_line' id='line_1_111' title="bbox 1853 5489 3409 5565; baseline -0.011 -10"><span class='ocrx_word' id='word_1_801' title='bbox 1853 5501 2205 5565; x_wconf 83' lang='lat' dir='ltr'><strong>Constantini,</strong></span> <span class='ocrx_word' id='word_1_802' title='bbox 2229 5513 2348 5563; x_wconf 87' lang='lat' dir='ltr'><strong>cap.</strong></span> <span class='ocrx_word' id='word_1_803' title='bbox 2391 5496 2426 5550; x_wconf 84' lang='lat'><strong>5</strong></span> <span class='ocrx_word' id='word_1_804' title='bbox 2453 5507 2507 5550; x_wconf 90' lang='lat' dir='ltr'><strong>et</strong></span> <span class='ocrx_word' id='word_1_805' title='bbox 2534 5489 2654 5565; x_wconf 65' lang='lat' dir='ltr'><strong>cap.</strong></span> <span class='ocrx_word' id='word_1_806' title='bbox 2691 5493 2777 5546; x_wconf 74' lang='lat' dir='ltr'><strong>it.</strong></span> <span class='ocrx_word' id='word_1_807' title='bbox 2805 5493 2875 5544; x_wconf 87' lang='lat' dir='ltr'><strong>At</strong></span> <span class='ocrx_word' id='word_1_808' title='bbox 2897 5489 3111 5565; x_wconf 80' lang='lat' dir='ltr'><strong>Langus</strong></span> <span class='ocrx_word' id='word_1_809' title='bbox 3140 5489 3409 5555; x_wconf 85' lang='lat' dir='ltr'><strong>interpres</strong></span> 
     </span>
    </p>
   </div>
   <div class='ocr_carea' id='block_1_112' title="bbox 1844 5560 3401 5641">
    <p class='ocr_par' dir='ltr' id='par_1_112' title="bbox 1844 5560 3401 5641">
     <span class='ocr_line' id='line_1_112' title="bbox 1844 5560 3401 5641; baseline -0.01 -17"><span class='ocrx_word' id='word_1_810' title='bbox 1844 5571 2133 5641; x_wconf 80' lang='lat' dir='ltr'><strong>Nicephori</strong></span> <span class='ocrx_word' id='word_1_811' title='bbox 2156 5560 2321 5641; x_wconf 73' lang='lat' dir='ltr'><strong>vertit</strong></span> <span class='ocrx_word' id='word_1_812' title='bbox 2352 5584 2371 5619; x_wconf 76' lang='grc' dir='ltr'><strong>ι</strong></span> <span class='ocrx_word' id='word_1_813' title='bbox 2393 5560 2730 5621; x_wconf 80' lang='lat' dir='ltr'><strong>moderatam</strong></span> <span class='ocrx_word' id='word_1_814' title='bbox 2752 5560 3083 5617; x_wconf 88' lang='lat' dir='ltr'><strong>contrahens</strong></span> <span class='ocrx_word' id='word_1_815' title='bbox 3112 5566 3401 5623; x_wconf 61' lang='lat' dir='ltr'><strong>mentem,»</strong></span> 
     </span>
    </p>
   </div>
   <div class='ocr_carea' id='block_1_113' title="bbox 1843 5640 2344 5711">
    <p class='ocr_par' dir='ltr' id='par_1_113' title="bbox 1843 5640 2344 5711">
     <span class='ocr_line' id='line_1_113' title="bbox 1843 5640 2344 5711; baseline -0.014 -13"><span class='ocrx_word' id='word_1_816' title='bbox 1843 5644 1984 5711; x_wconf 85' lang='lat' dir='ltr'><strong>quod</strong></span> <span class='ocrx_word' id='word_1_817' title='bbox 2011 5656 2117 5696; x_wconf 90' lang='lat' dir='ltr'><strong>non</strong></span> <span class='ocrx_word' id='word_1_818' title='bbox 2148 5640 2344 5711; x_wconf 82' lang='lat' dir='ltr'><strong>probo.</strong></span> 
     </span>
    </p>
   </div>
  </div>
