3858 6260
503 320 606 380 915

1203 325 1472 382 EUSEBll
1510 321 1988 380 CAESARIENSIS
2025 321 2172 379 OPP.
2213 321 2392 378 PARS
2429 322 2469 377 1.
2508 355 2578 366 -
2614 319 3000 408 HISTORICA.
3601 327 3678 383 9l6

503 436 900 503 exprimentes;
931 435 1146 504 quidam
1183 437 1236 490 in
1275 437 1464 507 ligneis
1497 449 1589 492 aut
1618 437 1846 507 lapideis
1870 436 2059 492 tabulis

2169 438 2537 508 παραδιδόναι.
2559 438 2639 490 Τά
2653 437 2696 490 δ’
2711 433 2780 507 ἦν
2797 437 2902 509 ἄρα
2929 435 3105 489 πάντα
3127 433 3322 505 θνητὰ,
3349 435 3524 506 χρόνου
3552 440 3676 508 μήκει

505 527 724 582 lltteras'
751 528 910 581 altius
934 527 1256 592 incidentes,
1297 545 1484 584 eorum
1509 544 1644 598 quos
1670 530 1920 584 colebant
1946 530 2057 582 vir--

505 625 672 670 tutem
707 619 773 670 ad
813 623 1068 670 aeternam
1118 618 1449 684 posteritatis
1493 619 1809 672 memoriam
1867 633 2061 673 conse-

502 722 658 762 crare
701 707 1068 761 instituerunt.
1104 708 1300 762 Verum
1365 709 1479 764 haec
1525 709 1705 763 omnia
1754 709 1979 774 caduca,
2010 719 2063 764 et

503 799 760 866 temporis
783 797 1176 869 longinquitate
1205 801 1484 868 pereuntia
1511 842 1526 866 ,
1559 808 1744 868 utpote
1771 815 1892 869 quae
1919 815 2067 855 mora

501 889 685 942 talium
723 905 1018 959 corporum
1069 891 1316 960 ﬁguram,
1366 907 1472 946 non
1525 891 1842 945 immortalis
1894 890 2061 945 animi

500 977 731 1032 formam
764 982 1154 1048 exprimerent.
1181 982 1304 1036 [hec
1341 993 1518 1058 tamen
1548 979 1790 1036 sumcere
1817 982 1880 1036 iis
1913 983 2062 1036 vide-

499 1072 716 1136 bantur,
742 1074 831 1141 qui
873 1083 995 1141 post
1029 1074 1184 1143 hujus
1208 1074 1450 1129 mortalis
1473 1077 1594 1128 vita!
1632 1075 1836 1129 exitum
1869 1074 2062 1130 nullius

499 1175 650 1228 spem
698 1161 822 1216 boni
869 1163 1052 1216 animo
1100 1172 1479 1232 conceperant.
1532 1165 1670 1218 Deus
1697 1180 1845 1230 vero,
1897 1165 2060 1231 Deus,

499 1252 745 1321 inquam.
785 1254 1089 1308 communis
1137 1255 1378 1308 omnium
1433 1270 1611 1309 rerum
1669 1257 1945 1320 Servator,
1971 1259 2063 1326 qui

499 1343 718 1409 pietatis
767 1346 1109 1400 amatoribus
1143 1345 1344 1413 majora
1375 1362 1535 1415 quam
1579 1363 1700 1417 quae
1734 1349 2064 1417 cogitatione

498 1434 780 1489 hominum
825 1438 1210 1506 comprehendi
1245 1439 1473 1505 possint,
1502 1440 1642 1509 apud
1681 1454 1739 1494 se
1770 1441 2066 1495 recondidit

500 1529 665 1591 bona,
698 1528 968 1597 primitias
1007 1528 1311 1584 futurorum
1353 1531 1696 1600 praemiorum
1727 1532 1778 1584 in
1814 1542 2064 1588 anteces-

499 1633 616 1672 sum
646 1619 799 1688 quasi
842 1619 1035 1690 pignus
1065 1622 1153 1674 dat
1185 1623 1235 1676 in
1268 1622 1368 1677 hoc
1409 1623 1637 1689 saeculo;
1677 1623 2062 1680 immortalium

500 1725 681 1763 rerum
716 1726 864 1780 spem
915 1713 1234 1768 mortalibus
1261 1713 1430 1768 oculis
1461 1712 1862 1784 quodammodo
1910 1717 2066 1770 exhi-

2165 523 2544 595 δαπανώμενα,
2573 524 2824 597 φθαρτῶν
2874 525 2968 578 ἆτε
3011 525 3279 595 σωμάτων
3327 526 3610 596 ἰνδάλματα,
3631 532 3676 581 οὐ

2169 616 2273 687 μὴν
2314 614 2580 669 ἀθανάτου
2620 616 2795 686 ψυχῆς
2842 615 3219 671 ἀποτυποῦντα
3263 617 3422 679 ἰδέας.
3459 618 3617 688 Ὅμως
3643 622 3674 674 δ’

2163 703 2256 760 οὖν
2289 708 2558 778 ἀπαρκεῖν
2591 707 2760 760 ἐδόκει
2802 707 2972 760 ταῦτα
3011 709 3121 769 τοῖς
3165 707 3335 777 μηδὲν
3374 707 3544 778 ἕτερον
3574 713 3676 778 μετά

2163 800 2262 870 τὴν
2287 799 2381 852 τοῦ
2415 798 2609 869 θνητοῦ
2657 799 2771 869 βίου
2808 799 3185 870 καταστροφὴν
3216 802 3276 852 ὲν
3306 797 3515 867 ἀγαθῶν
3538 800 3674 857 ἐλπίσι

2161 890 2483 962 τιθεμένοις.
2517 891 2648 954 Θεὸς
2677 891 2721 944 δ’
2754 891 2881 961 ἄρα,
2901 890 3031 955 Θεὸς
3055 891 3083 942 ὸ
3116 891 3296 954 κοινὸς
3323 891 3429 943 τῶν
3457 891 3577 944 ὅλων
3599 909 3677 946 σω-

2162 983 2290 1056 τὴρ,
2323 982 2540 1054 μείζονα
2583 982 2616 1054 ἢ
2656 983 2797 1036 κατὰ
2837 983 3061 1053 θνητοὺς
3099 983 3394 1054 λογισμοὺς
3421 985 3524 1047 τοῖς
3561 986 3677 1038 εὐσε-

2165 1073 2317 1138 ϐείας
2350 1077 2607 1146 ἐρασταῖς
2653 1074 2834 1142 ἀγαθὰ
2879 1077 3008 1148 παρ’
3050 1075 3227 1146 ἐαυτῷ
3275 1076 3673 1146 ταμιευσάμενος,

2162 1168 2232 1221 τὰ
2269 1167 2572 1238 πρωτόλεια
2603 1167 2710 1219 τῶν
2743 1166 2988 1220 ἐπάθλων
3018 1167 3225 1220 ἐνθένδε
3257 1168 3674 1238 πρωρῤαϐωνίζε-

2163 1277 2271 1324 ται,
2320 1257 2532 1328 θνητοῖς
2578 1257 2872 1327 ὀφθαλμοῖς
2912 1259 3257 1329 ἁμωσγέπως
3307 1259 3403 1322 τὰς
3433 1261 3673 1326 ἀθανάτους

2167 1346 2524 1417 πιστούμενος
2568 1348 2806 1410 ἐλπίδας.
2842 1348 3069 1400 Παλαιοὶ
3113 1348 3286 1401 ταῦτα
3331 1351 3550 1420 χρησμοὶ
3573 1368 3673 1421 προ-

2166 1437 2350 1507 φητῶν
2382 1441 2563 1508 γραφῇ
2608 1437 3002 1508 παραδοθέντες
3051 1437 3388 1506 θεσπίζουσι,
3419 1441 3571 1493 ταῦτα
3599 1442 3674 1512 βίοι

2167 1528 2427 1596 θεοφιλῶν
2468 1528 2696 1598 ἀνδρῶν,
2739 1530 3018 1592 παντοίαις
3062 1531 3288 1600 ἀρεταῖς
3315 1531 3565 1602 πρόπαλαι
3591 1533 3674 1586 δια-

2165 1620 2510 1690 λαμψάντων,
2554 1623 2666 1678 τοῖς
2701 1620 2969 1690 ὀψιγόνοις
3004 1622 3477 1692 μνημονευόμενοι,
3513 1625 3673 1694 μαρτύ-

2170 1731 2371 1785 ρονται,
2407 1712 2580 1766 ταῦτα
2609 1714 2702 1766 καὶ
2727 1714 2755 1765 ὁ
2792 1713 2914 1767 καθ’
2945 1715 3088 1784 ἡμᾶς
3117 1713 3291 1786 ἀληθῆ
3322 1710 3455 1768 εἶναι
3483 1715 3672 1787 διήλεγξε

498 1801 634 1855 bens
669 1817 731 1856 ac
777 1813 1193 1871 repraesentans.
1254 1804 1369 1860 Hoc
1420 1814 1629 1860 vetusta
1675 1807 2059 1877 prophetarum

2167 1806 2375 1876 χρόνος,
2422 1806 2540 1859 καθ’
2575 1806 2633 1859 ὃν
2673 1808 3075 1870 Κωνσταντῖνος
3109 1807 3229 1877 Θεῷ
3277 1807 3354 1878 τῷ
3402 1809 3674 1878 παμϐασιλεῖ

497 1893 714 1946 oracula
743 1908 862 1963 qua:
896 1895 1112 1964 scriptis
1152 1897 1404 1951 mandata
1445 1906 1588 1963 sunt,
1643 1910 1824 1967 aperte
1869 1901 2062 1967 praedi-

496 1991 648 2034 cunt.
688 1981 802 2038 Hoc
834 1984 955 2039 vita:
999 1986 1109 2039 Deo
1159 1987 1450 2041 cliarorum
1501 1988 1738 2042 virorum
1772 1989 1860 2058 qui
1896 1989 2060 2044 variis

494 2071 789 2130 virtutibus
831 2074 1180 2142 refulserunt,
1209 2087 1551 2148 posterorum
1577 2079 1838 2134 memoria
1867 2081 2060 2134 etiam-

2172 1897 2331 1968 μόνος
2375 1896 2482 1951 τῶν
2529 1897 2745 1950 πώποτε
2785 1897 2884 1969 τῆς
2931 1898 3216 1967 Ῥωμαίων
3264 1897 3434 1970 ἀρχῆς
3484 1899 3671 1969 καθηγη-

2169 1990 2421 2060 σαμένων
2470 1989 2704 2058 γεγονὼς
2753 1989 2922 2058 φίλος,
2982 1989 3212 2061 ἐναργὲς
3265 1989 3459 2043 ἅπασιν
3512 1991 3671 2060 ἀνθρώ-

2164 2097 2287 2145 ποις
2326 2081 2673 2152 παράδειγμα
2701 2079 2984 2144 θεοσεϐοῦς
3013 2081 3251 2152 κατέστη
3280 2081 3416 2152 βίου.

497 2184 624 2221 num
670 2170 950 2226 celebrata:
999 2173 1340 2228 confirmant.
1387 2173 1501 2229 Hoc
1549 2174 1724 2243 ipsum
1782 2174 1958 2230 aetatis
2019 2183 2215 2230 nostra:
2284 2176 2590 2232 testimonio
2635 2177 2976 2232 verissimum
3033 2191 3155 2230 esse
3209 2177 3550 2241 convincitur,
3578 2192 3666 2230 cum

494 2258 876 2318 Constantinus
924 2265 1069 2321 solus
1119 2267 1362 2322 omnium
1421 2269 1511 2337 qui
1558 2267 1800 2323 Romano
1833 2284 2069 2338 unquam
2116 2269 2342 2339 imperio
2395 2269 2742 2339 praefuerunt,
2800 2284 3014 2323 summo
3055 2271 3302 2324 omnium
3335 2270 3439 2341 regi
3476 2269 3568 2325 Deo
3602 2285 3668 2323 ac-

494 2355 872 2424 ceptus,quasi
896 2355 1100 2410 illustre
1130 2357 1401 2424 quoddam
1432 2355 1695 2428 religiosae
1725 2358 1851 2412 vitae
1879 2357 2181 2426 exemplum
2205 2359 2416 2414 cunctis
2445 2357 2752 2413 hominibus
2778 2366 2862 2411 est
2889 2359 3222 2427 propositus.

1093 2447 1318 2504 CAPUT
1353 2449 1440 2504 IV.

671 2537 824 2602 Quod
867 2537 1006 2592 Deus
1051 2537 1459 2594 Constantinum
1495 2541 1846 2596 houoraverit.

565 2628 674 2683 Hoc
702 2630 932 2698 denique
969 2630 1108 2684 Deus
1150 2631 1266 2702 ipse
1295 2646 1454 2702 quem
1483 2643 1776 2689 veneratus
1803 2644 1888 2689 est
1920 2633 2061 2690 Con-

493 2719 793 2787 stantinus,
827 2721 1065 2776 evidenti
1093 2722 1355 2794 suﬂ'ragio
1379 2727 1750 2794 comprobavit
1781 2749 1792 2782 :
1827 2731 1951 2782 dum
1984 2729 2059 2782 illi

493 2828 602 2866 non
640 2813 800 2866 modo
829 2813 879 2866 in
909 2814 1156 2879 exordio,
1183 2817 1278 2871 sed
1312 2818 1475 2871 etiam
1512 2819 1565 2871 in
1599 2833 1886 2891 progressu
1921 2830 1974 2876 et
2003 2823 2056 2876 in

493 2905 601 2958 line
636 2904 847 2974 imperii
881 2919 1094 2972 semper
1133 2909 1400 2978 prOpitius
1443 2909 1810 2982 benignusque
1863 2915 2055 2980 adfuit,

494 2997 690 3066 quippe
712 3010 870 3066 quem
904 2997 1144 3053 humano
1178 3001 1358 3069 generi
1385 3001 1450 3054 ad
1482 3003 1646 3057 divini
1680 3006 1856 3060 cultus
1887 3005 2057 3060 infor-

496 3086 793 3142 mationem
828 3098 1198 3157 proposuerat.
1240 3090 1393 3146 llunc
1422 3103 1570 3148 certe
1593 3110 1756 3149 unum
1786 3113 1853 3151 ex
1881 3099 2055 3152 omni-

494 3181 598 3235 bus
627 3195 764 3249 quos
808 3195 1042 3249 unquam
1075 3183 1351 3238 auditione
1383 3188 1690 3255 accepimus
1716 3187 2058 3258 imperatori-

495 3273 617 3337 bus,
652 3273 797 3325 velut
847 3271 1208 3330 clarissimum
1246 3275 1517 3344 quoddam
1568 3278 1753 3348 jubar,
1809 3289 1864 3334 et
1913 3280 2058 3335 velut

493 3361 785 3431 quemdam
818 3378 959 3418 verae
995 3362 1269 3433 religionis
1301 3381 1604 3435 praeconem
1658 3372 1890 3425 maxima
1928 3387 2060 3428 voce

497 3454 901 3523 inclamantem,
932 3457 1232 3513 innumeris
1266 3457 1319 3512 in
1367 3474 1492 3514 eum
1549 3464 1822 3531 congestis
1880 3465 2055 3529 bonis,

493 3550 816 3618 designavit.

1009 3641 1172 3715 nos
1210 3642 1435 3700 CAPUT
1476 3644 1537 3699 v.

495 3732 647 3799 Quod
677 3750 788 3788 xxx
817 3734 1024 3805 quidem
1072 3735 1226 3787 armis
1260 3736 1489 3803 regnavit
1509 3754 1531 3802 ;
1561 3736 1691 3792 vixit
1727 3749 1902 3794 autem
1943 3738 2058 3810 plus

1131 3821 1288 3873 quam
1319 3821 1406 3859 1.x.
1441 3855 1443 3858 ι

563 3893 642 3946 Ac
674 3901 884 3962 tempus
926 3895 1142 3963 quidem
1194 3894 1408 3963 imperii
1439 3894 1627 3966 ipsius,
1655 3897 1830 3954 tribus
1861 3898 2058 3953 denum

489 3997 754 4037 annorum
809 3985 1028 4041 circulis
1069 3988 1332 4046 absolutis
1380 3999 1438 4046 et
1484 3989 1766 4060 aliquanto
1827 3990 2059 4059 amplius

494 4072 818 4139 honoravit;
854 4076 1020 4130 totius
1068 4086 1248 4132 autem
1296 4080 1418 4134 vitae
1456 4089 1670 4148 tempus
1723 4094 1884 4150 quam
1919 4079 2060 4133 inter

495 4167 742 4221 homines
776 4167 1131 4235 duxit,duplo
1164 4171 1372 4242 majore
1395 4173 1578 4241 spatio
1605 4171 2053 4240 circumscripsit.

494 4255 667 4310 Porro
700 4272 822 4311 cum
869 4259 1116 4313 eumdem
1170 4261 1318 4314 velut
1389 4261 1680 4332 imaginem
1731 4260 2058 4315 monarchim

494 4364 602 4403 sum
655 4364 957 4419 proponere
987 4353 1169 4415 vellet.
1205 4354 1464 4408 victorem
1502 4367 1623 4407 eum
1657 4351 1833 4406 omnis
1870 4360 2055 4421 tyran-

494 4435 596 4487 nici
645 4435 858 4503 generis
903 4439 1174 4506 prmstitit,
1204 4449 1259 4494 et
1287 4441 1579 4510 impiorum
1630 4440 1907 4510 gigantum
1960 4455 2058 4495 ex-

2685 2450 3078 2502 ΚΕΦΑΛΑΙΟΝ
3131 2451 3206 2504 Δν.

2353 2542 2480 2594 Ὅτι
2509 2543 2541 2594 d
2573 2539 2715 2606 Θεὸς
2746 2541 3200 2594 Κωνσταντῖνον
3226 2541 3509 2611 ἐτίμησεν.

2227 2633 2411 2687 Ταῦτα
2441 2633 2497 2686 δὲ
2529 2633 2622 2685 καὶ
2645 2632 2776 2695 Θεὸς
2803 2632 2961 2696 αὐτὸς
2992 2633 3050 2684 ὃν
3071 2634 3468 2697 Κωνσταντῖνος
3501 2633 3665 2702 ἐγέραι-

2159 2742 2270 2798 ρεν,
2295 2723 2579 2795 ἀρχομένῳ
2605 2723 2694 2775 καὶ
2723 2723 3029 2793 μεσάξοντι,
3045 2723 3139 2778 καὶ
3170 2724 3472 2778 τελευτῶντι
3495 2725 3575 2793 τῆς
3595 2724 3663 2792 βα-

2162 2815 2365 2877 σιλείας
2388 2813 2550 2866 αὑτοῦ
2571 2812 2757 2876 δεξιῶς
2778 2814 3061 2885 παραστὰς
3090 2814 3226 2886 (15),
3258 2815 3492 2888 ἐναργέσι
3511 2814 3662 2885 ψήφοις

2160 2904 2516 2970 ἐπιστώσατο,
2547 2903 2892 2957 διδασκαλίαν
2916 2904 3201 2970 θεοσεϐοῦς
3227 2906 3578 2975 ὑπώείγματος
3594 2906 3659 2956 τὸν

2157 2998 2326 3068 ἄνδρα
2365 2997 2442 3069 τῷ
2492 2995 2671 3068 θνητῷ
2708 2997 2856 3065 γένει
2903 2997 3359 3070 προϐεϐλημένος.
3402 2998 3551 3051 Μόνον
3595 2991 3659 3048 οὖν

2158 3091 2318 3144 αὐτὸν
2345 3089 2453 3143 τῶν
2491 3088 2550 3154 ἐξ
2580 3088 2772 3153 αἰῶνος
2797 3091 2931 3160 ἀκοῇ
2969 3089 3268 3160 βοηθέντων
3296 3087 3656 3158 αὐτοκρατόρων,

2164 3180 2272 3238 οἷόν
2305 3201 2423 3237 τινα
2466 3183 2718 3255 μέγιστον
2753 3184 3010 3254 φωστῆρα
3040 3183 3131 3235 καὶ
3150 3183 3379 3253 ,κήρυκα
3405 3179 3659 3250 μεγαλοφωο

2165 3277 2383 3330 νότατον
2414 3276 2511 3346 τῆς
2546 3275 2815 3340 ἀπλανοῦς
2853 3275 3182 3336 θεοσεϐείας,
3215 3273 3300 3326 διὰ
3328 3270 3558 3325 παντοίων
3582 3268 3658 3319 τῶν

2166 3373 2244 3433 είς
2276 3370 2435 3424 αὑτὸν
2462 3369 2917 3440 κεχορηγημένων
2943 3367 3158 3435 ἀγαθῶν
3185 3366 3484 3432 ἐνεδείξατο.

2695 3637 2870 3689 ΚΕΦΛ
2881 3636 3082 3689 ΑΑΙΟΝ
3126 3638 3200 3688 E'.

2171 3729 2297 3784 Ὀτι
2330 3731 2686 3785 ἐϐασίλευσε
2704 3729 2820 3797 μὲν
2848 3727 2998 3797 ὑπὲρ
3023 3727 3095 3781 τὰ
3119 3733 3171 3781 λ’
3196 3728 3299 3794 ἔτη
3315 3721 3655 3796 μοναρχήσας.

2497 3799 2671 3868 ἔζησε
2697 3797 2765 3852 δὲ
2793 3798 2944 3868 ὑπὲρ
2983 3797 3054 3852 τὰ
3077 3798 3384 3863 ἐξήκοντα.

2241 3892 2459 3960 Χρόνων
2503 3891 2601 3948 μὲν
2652 3889 2944 3960 βασιλείας,
2993 3888 3140 3958 τρισὶ
3179 3885 3404 3940 δεκάδων
3451 3877 3656 3950 περιόδθις

2167 3983 2414 4047 τελείαις,
2448 3983 2545 4037 καὶ
2574 3983 2797 4054 προσέτι
2845 3981 2980 4053 λῷον
3009 3980 3120 4050 (14)
3165 3985 3412 4050 τιμήσας,
3438 3973 3597 4026 τούτων
3616 3966 3654 4018 δὲ

2166 4075 2439 4129 διπλάσιον
2470 4074 2563 4128 τοῦ
2597 4075 2795 4137 παντὸς
2843 4074 2958 4144 βίου
2997 4073 3092 4143 τὴν
3137 4074 3196 4124 ὲν
3229 4067 3505 4141 ἀνθρώποις
3549 4075 3655 4126 περι·

2165 4168 2352 4239 ορίσας
2381 4165 2553 4239 ζωήν·
2591 4167 2688 4237 τῆς
2713 4166 2762 4219 δ’
2795 4165 2960 4218 αὑτοῦ
3004 4162 3332 4234 μοναρχικῆς
3358 4156 3566 4222 ἐξουσίας
3585 4149 3654 4218 τὴν

2167 4261 2349 4314 εἰκόνα
2380 4259 2520 4324 δοὺς,
2563 4258 2784 4329 νικητὴν
2827 4255 3074 4320 ἀπέδειξε
3104 4254 3220 4326 (15)
3262 4249 3446 4312 mm;
3471 4256 3655 4315 τυραννι-

2167 4351 2263 4405 κοῦ
2289 4352 2494 4420 γένους,
2524 4349 2802 4420 θεομάχων
2832 4351 2876 4402 τ’
2900 4348 3126 4419 ὀλετῆρα
3156 4347 3432 4414 γιγάντων,
3459 4340 3499 4392 οἳ
3525 4332 3653 4406 ψυχῆς

2165 4444 2394 4514 ἀπονοία
2413 4443 2547 4514 πρὸς
2569 4442 2724 4496 αὑτὸν
2744 4443 2942 4514 ἤραντο
2973 4441 3065 4494 τὸν
3091 4437 3426 4510 παμϐασιλέα
3449 4431 3538 4485 τῶν
3556 4427 3653 4480 ὅλων

494 4529 835 4593 stinctorem,
859 4531 948 4598 qui
979 4530 1278 4601 desperatae
1318 4535 1513 4588 mentis
1545 4535 1771 4590 audacia
1813 4533 2054 4603 impulsi,

2165 4505 2476 4598 δυσσεϐείας
2519 4505 2674 4588 δπλα.
2733 4505 2871 4586 ’Ᾰλκ
2905 4535 2953 4586 οἱ
3004 4534 3100 4603 μὲν
3143 4505 3265 4584 ὅσον
3309 4529 3467 4582 εἰπεῖν
3496 4518 3652 4593 (16)ἑν

493 4630 682 4676 contra
732 4620 904 4688 ipsum
945 4622 1112 4676 Deum
1143 4640 1411 4678 summum
1456 4626 1695 4680 omnium
1743 4640 1922 4696 regem
1960 4626 2059 4678 im-

494 4803 710 4858 scltedis
764 4804 1105 4880 bibliotheca:
1163 4805 1363 4880 Regia.
1427 4807 1656 4880 Savilius
1714 4825 1928 4880 quoque
1989 4811 2058 4863 ad

493 4889 644 4948 oram
672 4876 778 4948 _sui
825 4877 1031 4948 codicis
1067 4886 1216 4948 notat
1276 4877 1349 4948 ita
1401 4879 1502 4932 sibi
1533 4876 1814 4948 legendum
1839 4876 2056 4934 'videri.

494 4946 564 5018 ᾼι
595 4943 646 4996 in
672 4945 850 5018 Μοτωί
880 4945 1021 5018 libro
1051 4946 1140 5018 ad
1175 4947 1472 5018 marginem
1507 4943 1824 5006 em'eudatur
1851 4951 2056 5004 ὑπέϐα-

494 5013 607 5073 λον,
628 5015 780 5084 quod
817 5016 987 5084 magis
1012 5015 1210 5084 placet.

565 5083 674 5151 (ιε)
707 5083 1143 5160 ᾼ-ὺτοῇίδεξιῷς
1179 5085 1507 5160 παραστάς.
1539 5087 1682 5159 Lego
1722 5089 1868 5160 αὑτῷ
1894 5090 2066 5157 δεξιὸς

497 5154 798 5226 παραστάς.
850 5155 915 5208 Et
961 5155 1118 5226 paulo
1162 5154 1283 5226 post
1335 5154 1678 5214 scribendum
1724 5154 1934 5215 videtur
1967 5154 2062 5224 εἰς

494 5221 860 5278 διδασκαλίαν.

570 5293 678 5364 μ)
711 5294 821 5347 Καὶ
858 5295 1103 5364 προσέτι
1129 5295 1307 5362 λῷον.
1346 5295 1491 5351 Nova
1525 5307 1580 5352 et
1604 5297 1855 5356 inusitata
1911 5301 2063 5354 locu-

499 5363 590 5436 tio:
633 5363 770 5436 λῷον
789 5379 886 5433 pro
902 5363 974 5436 eo
1003 5366 1146 5436 quod
1177 5367 1267 5421 alii
1294 5367 1539 5421 dicerent
1569 5368 1748 5424 πλέον.
1778 5371 1870 5426 Ait
1897 5371 2063 5425 Euseb

494 5433 1056 5507 bius__Coiistantinum
1081 5436 1380 5507 imperasse
1409 5439 1626 5507 triginta
1651 5455 1819 5494 annos
1842 5441 2062 5506 solidos,

495 5512 562 5579 et_
587 5502 864 5579 aliquanto
894 5502 1334 5579 amplius—Quod
1363 5502 1547 5562 verum
1570 5520 1674 5565 est.
1701 5510 1834 5564 Nam
1869 5502 2067 5579 pra-ter

500 5571 736 5648 triginta
783 5571 1393 5648 al_tnos_,“deceui_fere
1454 5580 1728 5648 mensibus
1785 5571 2048 5648 regnavit.

498 5635 690 5721 Porro_
725 5643 913 5721 initio.
940 5635 1098 5721 Ii‘ujus
1143 5646 1347 5712 periodi
1408 5647 1748 5721 scribendum
1781 5635 1874 5706 est
1909 5651 2052 5721 ,χρό-

496 5724 586 5761 νον
637 5709 733 5773 μὶν
772 5709 1080 5782 βασιλείας,
1136 5709 1240 5773 non
1269 5723 1327 5770 υι
1385 5716 1539 5786 vulgo
1575 5717 1765 5786 legitur
1820 5709 2045 5792 χρόνὼν.

2168 4629 2357 4699 βραχεῖ
2387 4628 2664 4698 φανέντες,
2697 4625 2812 4698 ἅμα
2848 4643 2906 4680 τε
2955 4627 3048 4680 καὶ
3088 4623 3408 4696 ἀπέσϐησαν,
3440 4616 3516 4670 τὸν
3538 4612 3573 4667 δ’
3592 4608 3652 4662 at.

2239 4813 2348 4884 (l5)
2402 4811 2592 4884 Yulg.,
2637 4811 2884 4884 νοητὴν
2925 4811 3253 4884 ἀπέδειξε.
3316 4803 3492 4884 Scribe
3518 4812 3649 4884 ἀφῇ·

2165 4875 2287 4956 τήν,
2321 4875 2384 4956 ut_
2403 4883 2457 4935 in
2486 4875 2724 4956 margine
2755 4875 2967 4936 codicis
2998 4883 3248 4935 Mormani
3271 4875 3650 4956 entetlt_|ﬂltf_'["]'j‘

2172 4939 2314 5007 veni.
2351 4953 2523 5017 Quam
2560 4939 2843 5004 lectionem
2896 4963 3112 5006 secutus
3147 4961 3230 5005 est
3279 4939 3648 5017 Cliristojiligrso-

2172 5004 2483 5077 ηἶιείϐξτιε
2510 5021 2561 5073 in
2592 5021 2864 5075 veteribus
2897 5004 3130 5087 scltcdis,
3159 5004 3216 5075 et
3254 5021 3304 5073 in
3341 5004 3491 5070 codd.
3533 5004 3648 5058 Savi-

2171 5094 2314 5147 liano
2333 5106 2394 5145 ac
2419 5090 2622 5144 Fuketii
2641 5091 2869 5161 νικητήν
2894 5092 3108 5161 legitur.
3457 5151 3466 5161 ,

2241 5162 2353 5229 (16)
2387 5162 2566 5214 Ὅσον
2585 5153 2793 5214 elusit}.
2815 5153 3327 5229 Cliristophorsonus
3347 5153 3506 5229 vertit,
3533 5153 3647 5229 ρτίξξς

2171 5220 2412 5295 ήίἐενίήι,
2444 5233 2596 5300 quasi
2621 5233 2884 5302 scriptum
2921 5220 3066 5302 esset
3097 5231 3171 5293 ὼς
3211 5229 3399 5302 εἰπεῖν..
3421 5220 3531 5302 ⁸Ειξο

2171 5282 2677 5370 ιίὸῖἷάιιιὶίῶᾝιιῖιί
2692 5282 3210 5354 audieramus.
3254 5282 3508 5367 Eusebius:
3541 5282 3643 5371 iis}:

2171 5391 2293 5456 cum
2347 5360 2607 5456 tyrannos
2651 5372 2799 5452 brevi
2854 5371 3138 5456 admodum
3183 5360 3646 5456 .te_mpot:t3_:fi§2'ajiz

2173 5430 2336 5499 vellet
2363 5430 2670 5512 ostendere,
2715 5442 2793 5495 ait
2835 5455 2929 5496 eos
2971 5440 3206 5512 breviori
3246 5430 3477 5512 temporis
3513 5430 3645 5512 spatio

2162 5498 2501 5588 quam_quod
2532 5512 2598 5565 ad
2627 5498 2958 5588 loquendum
2982 5510 3317 5588 “requiritur.
3349 5498 3643 5588 -ζίξςξηῗδξθ

2162 5569 2301 5641 fdem
2332 5569 2444 5638 fere
2471 5591 2571 5643 est,
2605 5569 2745 5646 quod
2768 5581 2938 5636 Graeci
2965 5569 3163 5643 dicunt,
3201 5569 3350 5646 λόγου
3378 5569 3557 5625 θᾶττον.
3577 5571 3643 5624 δι’·

2162 5672 2260 5714 nus
2285 5653 2592 5724 liyperbola:
2621 5650 2828 5708 Graecis
2861 5650 3142 5708 familiare.
