3858 6260
160 272 164 276 θ
188 320 289 378 917

1274 313 1361 367 DE
1402 313 1559 369 VlTA
1599 314 2055 370 CONS'PANTINl
2096 317 2223 371 LIB.
2260 316 2298 368 Ι.

3319 314 3419 368 918

186 440 275 496 τοῦ
305 438 609 510 θεράποντα
639 438 767 500 Θεὸς
809 436 836 487 ὁ
868 434 949 501 εἷς
982 437 1074 491 καὶ
1104 437 1280 508 μόνος,
1313 437 1411 491 ἕνα
1449 439 1585 509 πρὸς
1634 438 1752 490 πολ-

1861 439 2078 508 pietatis
2139 438 2395 493 vexillum
2451 435 2800 490 sustulerant.
2849 432 3043 487 Verum
3100 433 3151 486 lti
3202 433 3417 501 quidem

187 534 301 595 λοὺς
326 531 478 600 θεῖκῇ
505 529 841 599 φραξάμενος
864 529 1135 600 πανοπλίᾳ.
1159 529 1288 599 (17),
1318 529 1417 599 τῆς
1446 529 1554 582 τῶν
1575 529 1748 582 ἀθέων

188 619 413 691 πληθύος
441 620 507 673 δι’
539 619 699 672 αὐτοῦ
725 619 814 671 τὸν
841 618 1030 689 θνητὸν
1056 617 1409 689 ἀποκαθήρας
1435 618 1568 689 βίον,
1600 620 1751 672 εὐσε-

187 713 329 775 ϐείας
351 694 459 781 τῆς
482 710 645 765 αὐτοῦ
681 710 991 764 διδάσκαλον
1019 713 1183 763 πᾶσιν
1215 710 1389 764 ἔθνεσι
1418 713 1751 782 κατεστήσα-

187 822 258 868 το,
282 803 491 875 μεγάλῃ
511 803 601 873 βοῇ
620 804 739 865 ταῖς
763 802 974 856 πάντων
996 801 1294 873 ἀκοαῖς(18)
1319 803 1741 875 μαρτυρόμενον,

188 895 269 946 τὸν
300 893 429 945 ὄντα
479 892 610 945 Θεὸν
660 892 874 958 ειδέναι,
908 892 1005 965 τὴν
1042 893 1097 947 δὲ
1140 893 1246 947 τῶν
1288 895 1538 965 οὐδαμῶς
1577 896 1745 950 ὄντων

189 982 615 1054 ἀποστρέφεσθαι
646 984 869 1056 πλάνην.

1851 550 1972 589 cum
2009 544 2284 589 momento
2306 530 2569 601 temporis
2594 530 2947 591 exstitissent,
2981 537 3255 581 momento
3285 541 3418 594 quo-

1852 641 1959 696 que
1990 642 2053 681 ac
2079 627 2227 681 dicto
2255 626 2415 679 citius
2443 623 2695 678 exstincti
2727 631 2872 675 sunt.
2926 619 3205 673 Famulum
3235 628 3414 673 autem

1854 733 2012 774 suum
2045 717 2186 772 Deus
2221 717 2312 786 qui
2349 731 2486 769 unus
2516 724 2601 769 est
2642 728 2705 767 ac
2740 713 2909 775 solus,
2940 728 3059 765 cum
3096 711 3270 765 solum
3319 710 3415 763 ad-

1854 824 2047 864 versus
2087 808 2284 863 multos
2325 810 2503 862 divina
2544 816 2822 860 armatura
2861 803 3163 866 muniisset,
3196 801 3418 868 ejusque

1856 915 2019 968 opera
2050 900 2237 954 orbem
2276 909 2540 953 terrarum
2587 897 2872 966 impiorum
2929 895 3204 949 hominum
3240 893 3417 945 multi-

1859 993 2043 1047 tudine
2083 993 2367 1047 liberatum
2401 999 2760 1060 repurgasset,
2790 988 2964 1043 cultus
2993 987 3073 1042 sui
3104 986 3417 1056 magistrum

190 1078 443 1133 universis
498 1079 748 1148 gentibus
799 1080 1113 1147 constituit;
1156 1081 1303 1137 clara
1359 1098 1491 1138 voce
1562 1086 1770 1140 cunctis
1818 1088 2161 1144 audientibus
2217 1097 2554 1154 testantem,
2615 1102 2673 1142 se
2735 1102 2918 1141 verum
2979 1086 3193 1154 quidem
3253 1083 3417 1136 Deum

192 1182 496 1241 agnoscere,
516 1168 774 1225 falsorum
806 1180 983 1225 autem
1010 1172 1288 1227 numinum
1330 1189 1568 1230 errorem
1592 1178 1850 1233 aversari.

703 1264 1096 1317 ΚΕΦΑΛΑΙΟΝ
1124 1268 1212 1332 ς’.

194 1356 311 1407 Ὀτι
354 1353 503 1407 Θεοῦ
550 1355 669 1424 μὲν
708 1354 927 1422 δοῦλος
976 1354 1074 1427 ἦν,
1126 1358 1318 1414 ἐθνῶν·
1367 1358 1434 1411 δὲ
1480 1359 1749 1428 νικητής.

255 1444 357 1495 Καὶ
397 1446 427 1495 ὁ
456 1443 559 1515 μὲν
591 1440 678 1498 οἷα
709 1448 897 1510 πιστὸς
940 1449 1034 1501 καὶ
1078 1449 1279 1517 ἀγαθὸς
1309 1449 1582 1521 θεράπων,
1609 1450 1751 1503 τοῦτ’

193 1535 410 1606 ἔπραττε
434 1537 528 1589 καὶ
542 1537 650 1613 ,ὲκή
661 1554 835 1606 ρυττε,
854 1537 1036 1593 δοῦλον
1058 1540 1317 1613 ἄντικρυς
1339 1542 1628 1595 ἀποκαλῶν
1659 1544 1753 1597 καὶ

193 1628 481 1697 θεράποντα
526 1628 621 1681 τοῦ
651 1629 1036 1700 παμϐασιλέως
1070 1632 1346 1703 ὁμολογῶν
1380 1635 1597 1688 ἑαυτόν·
1623 1635 1753 1698 Θεὸς

2464 1273 2697 1329 CAPUT
2740 1272 2823 1327 Vl.

1861 1365 2014 1433 Quod
2047 1367 2143 1423 Dei
2174 1370 2382 1439 quidem
2433 1370 2685 1507 Iniurius,
2739 1366 2973 1438 gentium
3029 1377 3203 1420 autem
3259 1368 3421 1419 uictor

2568 1448 2720 1492 uertt.

2568 1448 2720 1492 uerti.

1926 1528 1991 1583 Et
2031 1530 2119 1585 hic
2151 1530 2365 1599 quidem
2398 1540 2652 1601 tanquam
2699 1531 2870 1585 bonus
2915 1544 2976 1583 ac
3028 1528 3198 1583 fidelis
3229 1544 3421 1583 servus

1856 1622 1908 1675 id
1948 1622 2057 1691 egit
2083 1638 2145 1676 ac
2173 1624 2520 1691 praedicavit,
2557 1638 2773 1677 servum
2808 1636 2867 1677 se
2902 1623 3075 1691 palam
3111 1623 3417 1685 nominans,

193 1720 232 1772 δ’
264 1719 418 1772 αὑτὸν
460 1718 694 1787 ἐγγύθεν
742 1721 1122 1793 ἀμειϐόμενος,
1162 1724 1353 1796 κύριον
1398 1726 1625 1798 καθίστη
1657 1728 1749 1780 καὶ

1859 1715 2160 1785 summique
2184 1715 2345 1786 Regis
2377 1714 2635 1769 famulum
2660 1731 2717 1770 se
2749 1713 2906 1770 fateri
2933 1732 3038 1770 non
3068 1717 3418 1770 erubescens.

194 1811 460 1883 δεσπότην,
491 1813 717 1883 νικητήν
747 1830 807 1866 τε
839 1813 995 1883 μόνον
1022 1816 1129 1869 τῶν
1172 1815 1232 1881 ἐξ
1264 1816 1456 1880 αἰῶνος
1492 1818 1754 1888 αὐτοκρα-

194 1904 367 1975 τόρων,
412 1903 627 1974 ἄμαχον
676 1904 769 1958 καὶ
810 1907 1076 1977 ἀήττητον
1119 1908 1309 1971 εἰσαεὶ,
1356 1907 1521 1961 νικῶν
1552 1926 1611 1961 τε
1637 1925 1752 1979 τρο-

196 1995 358 2058 παίοις
380 1994 487 2067 (19)
532 1995 756 2066 βασιλέα
798 1998 1070 2061 τοσοῦτον,
1101 1999 1222 2052 ὅσον
1255 1999 1428 2063 οὐδεὶς
1461 1999 1595 2071 ἀκοῇ
1644 1999 1751 2053 τῶν

196 2088 345 2140 πάλαι
374 2088 640 2160 πρότερον
671 2090 994 2161 μνημονεύει
1020 2091 1301 2160 γενέσθαι·
1335 2091 1476 2145 οὕτω
1508 2092 1606 2162 μὲν
1637 2092 1752 2144 θεο-

198 2177 308 2247 φιλῆ
349 2178 440 2231 καὶ
471 2180 892 2251 τρισμακάριον,
924 2180 1064 2234 οὕτω
1093 2180 1149 2233 δὲ
1185 2181 1380 2252 εὐσεϐῆ
1423 2181 1516 2233 καὶ
1562 2198 1753 2234 πανευ-

192 2267 419 2338 δαίμονα,
454 2268 534 2331 ῶς
588 2268 723 2339 μετά
765 2270 942 2340 πάσης
983 2271 1079 2341 μὲν
1113 2268 1397 2342 ῥᾳστώνης
1429 2269 1685 2323 πλειόνων
1716 2270 1755 2341 ἢ

197 2360 483 2431 ἔμπροσθεν
528 2364 824 2431 κατασχεῖν
864 2361 1053 2427 ἐθνῶν,
1087 2362 1291 2416 ἄλυπον
1333 2361 1391 2414 δὲ
1436 2361 1533 2433 τὴν
1576 2361 1752 2432 ἀρχὴν

196 2455 266 2516 είς
299 2455 460 2524 αὐτὴν
495 2454 804 2523 καταλῆξαι
844 2455 1115 2525 τελευτήν.

1860 1810 1999 1862 Deus
2037 1822 2164 1863 vero
2206 1809 2452 1877 protinus
2488 1808 2661 1877 ipsum
2716 1817 3114 1871 remuneratus,
3145 1808 3418 1860 domimnn

1857 1916 1921 1956 ac
1951 1902 2238 1968 victorem,
2290 1902 2578 1971 solumque
2632 1915 2699 1954 ex
2757 1900 3005 1955 onmilms
3048 1900 3138 1968 qui
3185 1914 3418 1967 unquam

1859 1993 2074 2048 fuerunt
2109 1994 2555 2063 imperatoribus,
2588 2008 2807 2062 semper
2837 1992 3096 2045 invictum
3143 2002 3304 2060 atque
3341 1992 3422 2044 in-

1858 2086 2215 2157 superabilem
2264 2087 2516 2156 prrestitit
2547 2102 2561 2138 :
2592 2096 2647 2142 et
2692 2087 2761 2140 ob
2814 2086 3068 2141 victorias
3116 2100 3179 2138 ac
3222 2096 3419 2152 tropaea

1859 2187 2067 2231 tantum
2105 2179 2499 2247 imperatorem
2536 2193 2659 2232 eum
2713 2176 2911 2241 ell'ecit,
2942 2187 3200 2245 quantum
3262 2190 3421 2229 nemo

1858 2284 2094 2337 unquam
2124 2271 2387 2339 superiori
2419 2274 2678 2327 memoria
2722 2270 2889 2324 ullum
2934 2270 3205 2325 exstitisse
3235 2283 3422 2324 recor-

1858 2361 2036 2415 datur.
2064 2364 2214 2419 Adeo
2242 2364 2455 2419 felicem
2490 2377 2545 2421 et
2570 2368 2679 2421 Deo
2710 2367 2970 2429 charum,
3002 2365 3136 2419 adeo
3180 2363 3323 2433 pium
3355 2378 3419 2418 ac

1859 2452 2221 2523 fortunatum,
2254 2467 2312 2512 ut
2350 2458 2531 2526 plures
2561 2460 2776 2529 quidem
2828 2469 3014 2529 gentes
3060 2472 3123 2512 ac
3172 2456 3420 2510 nationes

198 2563 340 2615 quam
393 2547 610 2617 priores
669 2548 1024 2615 imperatores
1078 2546 1180 2602 sub
1237 2546 1497 2602 ditionem
1543 2560 1720 2602 suam.
1760 2544 2061 2616 redegerit;
2117 2548 2399 2619 imperium
2443 2565 2572 2604 vero
2633 2550 2777 2606 omni
2821 2547 3063 2603 molestia
3094 2561 3321 2601 vacuum
3354 2546 3421 2600 ad

196 2655 475 2698 extremum
521 2657 701 2713 usque
724 2643 863 2697 diem
896 2643 1217 2699 obtinuerit.

708 2734 1103 2788 ΚΕΦΑΛΑῙΟΝ
1148 2737 1221 2790 Z'.

198 2828 336 2896 Πρὸς
358 2827 565 2896 Κῦρον
591 2826 708 2880 τῶν
730 2827 978 2895 Περσῶν
1004 2828 1288 2891 βασιλέα,
1334 2828 1429 2881 καὶ
1485 2824 1751 2892 Ἁλέξαν-

465 2897 618 2966 δρον
642 2898 748 2951 τὸν
774 2897 1087 2951 Μακεδόνα
1116 2899 1452 2967 σύγκρισις.

2451 2734 2678 2790 CAPUT
2718 2734 2825 2791 VH.

1857 2826 2198 2894 Comparatio
2228 2828 2343 2898 ejus
2387 2844 2502 2898 cum
2549 2826 2689 2896 Cyro
2719 2827 3009 2881 Persarum
3035 2837 3081 2881 et
3119 2826 3420 2882 Alextmdro

2385 2896 2730 2950 Macedonum
2757 2915 2890 2967 rege.

259 2990 470 3061 Περσῶν
495 2961 612 3060 ⁷μὲν
642 2990 704 3061 δὴ
734 2990 914 3059 Κῦρον
941 2989 1168 3053 παλαιὸς
1190 2961 1420 3061 ἀνυμνεῖ
1459 2989 1613 3057 λόγος
1655 3007 1752 3042 πε-

1925 2989 2126 3062 Cyrum
2146 2989 2434 3044 Persarum
2473 3004 2648 3058 regem
2682 3004 2792 3057 pra:
2822 2990 3031 3043 cunctis
3062 2990 3151 3058 qui
3184 3003 3420 3056 unquam

200 3082 381 3153 ριφανῆ
429 3080 809 3152 ἀποφανθῆναι
860 3080 967 3134 τῶν
1016 3080 1255 3135 πώποτε.
1318 3081 1455 3133 Ἀλλ’
1505 3082 1626 3134 ἐπεὶ
1677 3082 1751 3153 μὴ

197 3174 370 3237 ταῦτα,
426 3173 589 3236 τέλος
634 3173 678 3226 δ’
726 3174 890 3245 ἐχρῆν
953 3175 1221 3246 μακαρίου
1283 3174 1614 3246 [ἀνυμνεῖν],
1650 3193 1754 3244 φα-

201 3262 400 3333 σὶν(20)
450 3263 622 3317 αὑτὸν
666 3264 763 3316 οὐκ
811 3262 1005 3327 αἴσιον,
1048 3264 1267 3335 αἰσχρὸν
1293 3264 1470 3317 δὲκαὶ
1505 3264 1758 3317 ἐπονείδι-

205 3370 312 3406 στον
346 3355 446 3408 ὑπὸ
490 3355 754 3424 γυναικὸς
804 3355 1028 3409 θάνατον
1069 3356 1386 3427 ὑποστῆναι.
1432 3356 1754 3410 Μακεδόνων

215 3446 537 3517 Ἀλέξανδρον
566 3446 830 3518 Ἑλλήνων
854 3448 1035 3519 ᾅδουσι
1062 3448 1271 3511 παῖδες,
1300 3447 1468 3518 μυρία
1489 3448 1755 3500 παντοίων

205 3534 351 3587 ἐθνῶν
383 3537 507 3607 γένη
556 3538 1052 3608 καταστρέψασθαι,
1086 3538 1277 3592 θᾶττον
1301 3538 1345 3591 δ’
1371 3539 1403 3609 ἢ
1443 3538 1753 3592 συντελέσαι

205 3626 274 3689 είς
301 3628 509 3699 ἄνδρας,
528 3628 817 3700 ὠκύμορον
839 3630 1128 3699 ἀποϐῆναι,
1154 3630 1359 3701 κώμοις
1378 3630 1755 3701 ἀποληφθέντα

206 3720 287 3771 καὶ
331 3720 535 3790 μέθαις.
571 3720 675 3775 Δύο
709 3722 806 3792 μὲν
834 3716 988 3785 οὗτος
1028 3723 1163 3794 πρὸς
1192 3726 1305 3785 τοῖς
1337 3722 1626 3794 τριάκοντα
1656 3722 1752 3792 τὴν

207 3812 366 3866 πᾶσαν
410 3811 557 3885 ζωὴν
591 3815 854 3877 ἐνιαυτοῖς
892 3814 1126 3887 ἐπλήρου
1146 3831 1159 3844 ·
1196 3814 1400 3887 τοῷτων
1428 3814 1483 3867 δὲ
1510 3814 1607 3884 τὴν
1635 3814 1753 3885 τρί-

269 3968 370 4039 (l7)
400 3968 606 4040 AVulg”
652 3972 955 4039 πανοπλίᾳ
1010 3972 1360 4040 παντευχίᾳ.
1418 3971 1746 4026 Alterutrum

205 4038 504 4110 vocabulum
535 4038 837 4095 'redundat.
884 4038 961 4095 Ac
1006 4044 1156 4110 prius
1193 4038 1323 4095 mihi
1374 4042 1587 4096 videtur
1630 4058 1751 4096 esse

206 4107 545 4182 scholiontln
591 4112 783 4182 codice
836 4110 968 4182 Fuit.
1007 4107 1184 4182 deest,
1214 4113 1532 4182 παντευχίᾳ.
1588 4110 1751 4166 Paulo

208 4179 870 4252 postscribendumgputo
922 4181 988 4233 δι’
1040 4181 1202 4234 αὑτοῦ
1256 4182 1346 4252 τὸν
1399 4179 1589 4252 θνητὸν
1627 4183 1754 4234 ἀπο-

208 4246 435 4319 καθήρας
462 4247 598 4317 βίον,
635 4260 693 4304 ut
723 4246 916 4319 legitur
952 4254 1001 4305 in
1029 4252 1239 4306 scbedis
1281 4246 1567 4315 Regiis'et
1611 4254 1662 4306 in
1693 4252 1756 4304 li-

207 4316 280 4436 gr.
324 4316 501 4398 ξείνη.
555 4334 619 4375 ac
669 4316 804 4377 Fuk:
855 4321 1024 4376 Porro
1057 4323 1225 4377 codex
1276 4320 1410 4375 Fuk.
1454 4322 1614 4376 habet
1663 4321 1755 4375 τὸν

236 4405 415 4436 νητων.

236 4405 291 4441 νη
298 4406 397 4441 των
406 4429 415 4439 .

264 4405 589 4531 ῗίῖἕςνλίυιςη
627 4460 759 4526 Ταῖς
805 4459 1042 4514 πάντων
1093 4461 1346 4529 ἀρεταῖς.
1395 4460 1752 4531 Scribendum

1858 3083 2164 3138 exstiterint
2201 3083 2458 3139 enituisse
2512 3092 2662 3136 vetus
2713 3089 2895 3134 narrat
2941 3080 3187 3135 historia.
3222 3080 3420 3133 Verum

1810 3170 1813 3171 ⁷
1860 3173 1950 3228 ille
1977 3187 2320 3242 nequaquam
2366 3171 2580 3226 felicem
2638 3172 2840 3225 exitum
2880 3170 3025 3235 vitm,
3056 3170 3163 3223 imo
3203 3180 3419 3237 turpem

1855 3264 2019 3337 409
2047 3264 2225 3334 potius
2252 3274 2411 3333 atque
2456 3263 2877 3332 ignominiosum
2904 3262 3125 3317 sortitus
3147 3275 3265 3316 esse
3292 3260 3424 3315 dici-

1858 3368 1972 3424 tur,
1996 3366 2178 3428 utpote
2196 3372 2225 3410 a
2245 3356 2468 3411 muliere
2492 3355 2830 3411 interfectus.
2847 3353 3213 3410 Alexandrum
3245 3353 3423 3408 Hace.

1856 3451 2051 3503 donum
2076 3464 2256 3517 regem
2288 3448 2707 3504 innumerabiles
2734 3457 2921 3517 gentes
2963 3447 3235 3502 domuisse
3285 3463 3424 3515 pra:-

1856 3540 2040 3595 dicant
2070 3540 2244 3595 Graeci
2271 3560 2285 3595 :
2314 3544 2407 3595 sed
2462 3541 2783 3610 priusquam
2840 3540 2905 3593 ad
2943 3540 3155 3594 virilem
3198 3547 3421 3593 aetatem

1860 3631 2218 3700 pervenisset,
2273 3629 2765 3686 comessationibus
2793 3639 2849 3684 et
2884 3628 3192 3683 temulentia
3240 3626 3424 3681 confe-

1858 3732 2024 3786 ctum,
2075 3723 2361 3777 immatura
2426 3730 2599 3777 morte
2654 3721 2908 3791 periisse.
2960 3721 3026 3774 Et
3072 3720 3160 3774 hic
3208 3719 3421 3788 quidem

1858 3814 2087 3868 duorum
2121 3829 2187 3869 ac
2246 3815 2465 3883 triginta
2523 3828 2787 3869 annorum
2844 3814 3021 3884 spatio
3084 3812 3249 3867 totius
3296 3812 3424 3864 vita:

1858 3971 2030 4026 ταῦτα
2061 3971 2386 4043 κοσμοῦντου
2416 3971 2564 4043 τέλος
2604 3970 2712 4043 γὰρ
2751 3970 2847 4040 οὐχ
2878 3970 2954 4032 ὡς
2982 3968 3167 4043 ἐχρῆν,
3199 3967 3305 4043 ουδ’
3332 3970 3423 4043 ἐπὶ

1860 4043 2091 4165 μακρὸν,
2138 4040 2397 4111 οὒμενοῦν
2436 4042 2544 4093 οὐδ’
2575 4040 2745 4094 αἴσιόν
2794 4056 2954 4109 φασιν
2990 4040 3172 4102 αὑτὸν,
3201 4040 3423 4119 αἰσχρὸν

1895 4113 1940 4165 έ.
1977 4126 2082 4165 etc.
2115 4115 2284 4165 Ouam
2320 4112 2533 4165 uuidem
2566 4110 2848 4165 lectionem
2880 4121 3097 4163 secutus
3134 4120 3217 4163 est
3260 4111 3423 4162 (iuri--

1895 4113 1940 4177 έ,
1977 4110 2082 4167 etc.
2115 4110 2284 4180 Quam
2320 4112 2533 4177 quidem
2566 4110 2848 4165 lectionem
2880 4121 3097 4180 secutus
3134 4120 3217 4163 est
3260 4111 3423 4162 (iuri--

1862 4179 2267 4252 stopliorso’nus,
2301 4193 2357 4235 ut
2386 4198 2451 4235 ex
2514 4182 2957 4252 interpretatione
3004 4179 3120 4246 ejus
3172 4190 3423 4252 apparet.

1863 4252 1916 4305 In
1944 4248 2129 4306 codice
2157 4263 2335 4305 tamen
2388 4248 2665 4307 Mormano’
2684 4252 2839 4319 paulo
2896 4251 3053 4303 aliter
3103 4248 3424 4319 emendatur

1861 4323 1949 4389 hic
1993 4323 2143 4377 locus
2204 4324 2257 4375 in
2308 4324 2449 4376 hunc
2510 4318 2720 4375 modum
2758 4340 2771 4376 :
2814 4320 2950 4373 Ἀλλ’
2982 4320 3103 4372 ἐπεὶ
3150 4319 3223 4389 μὴ
3251 4318 3421 4374 ταῦτα

1859 4388 1972 4463 εἶχε
2004 4393 2327 4463 κοσμοῦντα,
2364 4392 2517 4455 τέλος
2548 4393 2647 4463 οὐχ
2689 4392 2878 4463 ὡς..γ...
2921 4389 3027 4443 οὐδ’
3071 4388 3171 4463 ὲπῖ.
3192 4388 3418 4463 μακρὸν,

1859 4459 2120 4533 οὔμενοῦν
2194 4462 2300 4515 οὐδ’
2326 4464 2497 4516 αἴσιον
2538 4459 2696 4515 αὑτὸν
2757 4462 3068 4532 φάσκει.....
3112 4459 3283 4533 κέναι’
3311 4459 3422 4512 αἱ-

207 4521 1248 4604 estdioa‘igiquodiCltristophorsonus
1276 4521 1379 4586 non
1412 4530 1566 4604 vidit.
1595 4532 1753 4587 Certe
1788 4521 1830 4575 Ι)
1863 4521 2022 4604 σχρὸν
2080 4534 2157 4598 δέ,
2224 4544 2328 4587 etc.
2387 4533 2461 4585 Ex
2492 4533 2688 4602 quibus
2753 4521 2957 4586 lacunis
3008 4530 3267 4604 suspicari
3303 4533 3423 4604 quis

208 4596 590 4670 in_veteribus
630 4603 856 4670 Aschedis
922 4596 1112 4664 ἀκοαῖς
1177 4603 1597 4670 superscriptum
1677 4609 1759 4654 est

206 4667 376 4786 eatlem
399 4686 589 4792 graium
625 4667 817 4726 Scribu
846 4672 1010 4725 etiam
1038 4667 1464 4743 μαρτυρόμενον,
1512 4681 1567 4725 ut
1599 4672 1760 4726 habet

207 4751 361 4790 culex
447 4756 474 4791 u
522 4778 537 4791 .

207 4751 361 4790 couex
400 4751 537 4791 ιεύκ.

272 4806 385 4880 (19)
420 4809 598 4880 Vulg,
654 4810 930 4864 Νικῶντα
972 4813 1294 4880 τροπαίοις.
1330 4812 1474 4875 Lego
1503 4810 1666 4863 νικῶν
1698 4826 1756 4863 τε

207 4878 467 4951 τροπαίοις
500 4878 723 4951 βασιλέα
759 4878 1031 4937 τοσοῦτον.
1085 4896 1189 4936 etc.
1223 4888 1276 4935 tn
1305 4883 1517 4935 schedis
1574 4882 1753 4951 Regiis

209 4945 287 5025 hi_c
336 4945 625 5025 locus'ita_
660 4954 938 5020 suppletur
980 4955 1046 5004 ad
1110 4954 1436 5025 marginem,
1475 4945 1757 5025 siaaet'vt-

209 4970 287 4999 mc
336 4970 480 5003 locus
526 4970 595 5001 Ita
660 4970 938 5020 suppletur
980 4970 1046 5004 au
1110 4970 1224 5003 utar
1266 4970 1426 5014 mem,
1475 4970 1644 5003 εισαει
1682 4970 1755 5002 νι-

208 5015 393 5094 κῶντα,
428 5019 708 5094 τροπαίοις
750 5038 810 5073 τε
847 5025 1138 5094 τοῖςᾷκατξ
1160 4970 1368 5094 ὲχξρῶν
1415 5021 1528 5094 διὰ,
1561 5021 1755 5094 παντὸς

210 5086 631 5165 φαιδρυνάμενον.
664 5092 843 5165 Godex
888 5092 1021 5165 Fuk.
1068 5086 1222 5165 nihil‘
1245 5086 1442 5165 mutat,
1481 5092 1754 5165 nistquod

210 5162 627 5236 coniunctionem
676 5163 826 5215 addit
892 5164 995 5217 hoc
1045 5163 1203 5217 modo
1248 5179 1262 5215 :

210 5240 372 5279 κωντα
379 5267 393 5279 .

276 5297 379 5377 (29)
402 5298 557 5377 Vulg.
576 5302 737 5377 ’έλλέ
752 5301 878 5355 ἐπεὶ
888 5301 973 5377 μὴ
985 5302 1175 5377 Δτιιιῦιτα
1189 5300 1362 5367 τέλος
1376 5300 1426 5354 δ’
1440 5299 1629 5377 χρῆν
1639 5316 1751 5369 μα·

210 5370 343 5432 κροῦ
361 5372 567 5435 φασιν.
586 5370 765 5427 Variis
790 5370 967 5426 modis
982 5374 1121 5426 hunc
1148 5374 1317 5426 locum
1343 5376 1628 5426 restituere
1657 5388 1752 5441 ag-

211 5442 364 5514 gressi
384 5449 509 5493 sunt
530 5442 629 5514 viri
657 5443 820 5514 docti,
854 5451 1077 5514 utpatct
1105 5458 1171 5497 ex
1202 5456 1384 5514 eorum
1422 5443 1752 5514 emendatio-

211 5511 358 5585 nibus
379 5524 495 5585 quite
524 5512 590 5564 ad
619 5513 911 5585 marginem
937 5511 1216 5585 editionis
1237 5511 1586 5585 Genevensis,
1611 5524 1667 5585 et
1696 5515 1748 5567 in

208 5576 379 5650 codice
395 5576 665 5635 Μαι-ωαηο
693 5576 939 5650 ascriptze
961 5582 1374 5635 sunt.Aliienim
1412 5582 1483 5634 ita
1516 5583 1751 5637 scriben-

210 5648 323 5695 dum
351 5662 467 5725 esse
487 5648 862 5725 coniecerunt}
898 5652 1051 5725 Erret
1087 5650 1161 5725 μὴ
1194 5650 1554 5725 ταῦτα,τέτλος
1570 5652 1625 5705 δὲ
1643 5654 1747 5725 χρὴ

212 5719 417 5790 σκοπεῖν
461 5721 748 5790 μακαρίου,
790 5722 950 5789 φασὶν
984 5719 1164 5783 αὐτόν,
1208 5729 1313 5775 etc.
1362 5723 1463 5774 Alii
1506 5719 1748 5777 vero-sie

209 5785 584 5845 emendarunt:
616 5785 898 5845 "suasa
934 5792 1214 5848 τελευταῖα
1246 5790 1337 5844 τοῦ
1378 5791 1490 5864 βίον
1528 5790 1634 5862 εἶχε
1672 5794 1743 5863 μὴ

1311 5161 1403 5213 καὶ
1454 5161 1625 5214 εἰσαεὶ
1678 5178 1756 5211 νι-

1863 4600 1969 4657 non
2000 4606 2269 4657 immerito
2320 4600 2524 4671 possitf
2563 4604 2700 4657 hanc
2751 4618 2869 4656 esse
2916 4602 3100 4669 scripti
3143 4600 3419 4671 cujusdam

1861 4675 2064 4728 codicis
2126 4670 2433 4727 lectionem.
2490 4672 2554 4726 Et
2614 4673 2881 4742 posterior
2945 4672 3163 4741 quidem
3228 4670 3419 4723 lacuna

1860 4745 2005 4797 nullo
2033 4745 2245 4811 negotio
2271 4746 2349 4797 sic
2387 4743 2619 4811 suppleri
2654 4752 2852 4811 potest,
2883 4742 3041 4796 αὐτόν
3076 4757 3239 4809 φασιν
3267 4742 3423 4810 ἐσχη-

1860 4814 2031 4869 κέναι.
2075 4816 2178 4869 Sed
2215 4829 2335 4867 cum
2379 4814 2492 4866 hmo
2530 4816 2712 4866 omnia
2749 4814 2957 4865 mendis
3007 4819 3274 4872 scateant,
3324 4828 3421 4861 net:

1858 4886 2151 4953 quidquam
2182 4886 2306 4938 boni
2336 4884 2503 4953 cx‘iis
2529 4882 2650 4937 elici
2689 4883 2880 4953 possit,
2934 4881 3114 4935 malim
3170 4880 3417 4947 equidem

1857 4950 1921 5007 ea
1986 4950 2317 5024 expungere.
2382 4950 2476 5009 His
2546 4950 3007 5024 certe'reseetis,
3081 4966 3271 5024 sensus
3335 4960 3419 5024 est

1856 5020 2231 5093 apertissimis
2279 5025 2382 5079 hoc
2426 5024 2584 5077 modo
2632 5040 2645 5077 :
2698 5022 2856 5078 Ἀλλά
2908 5038 3068 5091 φασιν
3113 5020 3276 5074 αὐτὸν
3321 5020 3422 5071 οὐκ

1855 5096 2049 5161 αἴσιον,
2075 5107 2179 5151 etc.
2214 5095 2355 5165 quod
2387 5094 2547 5165 etiam
2587 5094 2639 5147 in
2686 5095 2935 5165 versione
2966 5107 3084 5165 mea
3112 5107 3227 5165 sum
3263 5106 3419 5165 secu-_

1856 5173 1961 5218 tus.
1989 5159 2129 5220 Idem
2169 5159 2294 5219 ante
2323 5181 2423 5219 nos
2466 5163 2669 5218 fecerat
2709 5162 2942 5217 Joannes
2981 5162 3278 5225 Portesius,
3326 5159 3420 5228 qui

1855 5236 1957 5290 hos
1995 5236 2213 5290 Eusebii
2244 5236 2407 5290 libros
2434 5234 2511 5287 De
2534 5235 2639 5287 vita
2670 5232 3027 5299 Constantini,
3072 5233 3280 5302 primus
3314 5228 3418 5302 La-

1856 5307 1970 5359 tino
2005 5307 2661 5375 sermoneinterpretatus
2706 5316 2807 5358 est.
2856 5305 2912 5357 ln
2952 5300 3166 5357 schedis
3213 5300 3416 5375 Regiis,

1852 5390 1976 5445 post
2008 5378 2172 5432 verba
2199 5378 2286 5432 illa
2312 5378 2464 5449 τέλος
2486 5377 2530 5430 δ’
2551 5376 2719 5449 ἐχρῆν
2756 5375 3093 5449 μακροῦμιιιι
3120 5374 3418 5449 marginem

1855 5443 1969 5503 inec
2003 5450 2293 5513 adduntur,
2324 5448 2437 5518 βίου
2484 5443 2721 5501 σκοπεῖν.
2755 5443 2935 5502 Codex
2981 5446 3117 5500 Fuk.
3148 5446 3300 5518 hunc
3335 5443 3419 5495 lo-

1853 5535 1975 5573 cum
2009 5520 2197 5573 eodem
2228 5517 2449 5588 prorsus
2496 5526 2654 5572 modo
2712 5520 2971 5586 scriptum
3033 5517 3289 5588 exhibet,
3311 5529 3420 5577 quo

1853 5592 1989 5644 liber
2019 5588 2199 5643 Μονωὶ
2228 5584 2322 5642 ⁷36
2370 5588 2711 5643 Turnebi.——
2755 5584 3065 5642 Lectionem
3102 5584 3420 5639 admisimus

1851 5676 2010 5729 quam
2038 5660 2252 5716 exhibet
2277 5658 2613 5715 Hciuichenii
2646 5658 2885 5714 recensio
2910 5655 3225 5728 Lipsiensis.
3256 5655 3435 5712 Ean.
