3858 6260
424 295 530 354 919

1132 296 1400 352 EUSEBll
1439 299 1920 357 CESARIENSIS
1957 301 1983 357 ί

2091 343 2104 356 .
2147 299 2328 356 mas
2365 300 2406 356 ι.
2447 331 2517 341 -
2553 278 2948 356 ιιιδτοιιιοιιξ

3580 303 3674 361 οεο

426 427 644 466 cursum
697 413 955 478 absolvit;
998 429 1224 484 quorum
1259 431 1364 472 non
1397 417 1518 487 plus
1548 433 1710 488 quam
1769 423 1983 476 tertiam

2090 439 2182 492 την
2212 415 2278 475 αὖ
2304 420 2463 474 πλέον
2500 419 2613 492 (21)
2644 421 2790 491 ὁτῆς
2824 416 3097 491 βασιλείας
3128 421 3441 494 περιώριζεο
3463 421 3672 492 χρόνος.

425 523 490 575 pa
503 517 636 560 rtem
687 515 896 576 tempus
927 506 1079 576 regni
1111 505 1254 561 illius
1278 506 1381 563 sibi
1409 509 1665 566 vindicat.
1694 511 1990 568 Grassatus

426 608 606 654 autem
650 607 734 654 est
781 613 877 668 per
903 600 1080 654 caedes
1115 599 1287 654 instar
1317 599 1584 668 fulminis,
1611 612 1802 674 gentes
1825 615 1993 676 atque

424 690 586 745 urbes
612 690 855 760 integras
879 691 1085 760 absque
1109 691 1219 746 ullo
1239 694 1419 748 artatis
1445 694 1766 751 discrimine
1805 697 1994 752 crude-

424 779 548 834 liter
578 781 826 834 servituti
855 782 1172 851 subiiciens.
1207 783 1314 840 Sed
1340 801 1462 841 cum
1502 787 1724 842 vixdum
1778 789 1832 844 in
1871 790 1991 860 ipso

421 871 598 924 aetatis
621 868 753 926 ﬂore
783 883 990 941 ageret,
1020 883 1077 928 et
1101 876 1372 930 amasium
1408 893 1564 932 suum
1593 878 1828 950 lugeret,
1847 896 1991 938 mors

419 970 643 1028 repente
670 964 1079 1031 superveniens,
1104 965 1256 1020 illum
1283 966 1564 1036 improlem
1586 1009 1603 1035 ,
1630 969 1773 1024 nulla
1796 971 1987 1041 stirpe,

417 1051 562 1104 nulla
599 1051 879 1108 fundatum
914 1055 1107 1122 domo,
1147 1058 1198 1110 in
1227 1069 1452 1114 externo
1487 1070 1542 1114 et
1577 1060 1788 1115 hostico
1836 1078 1984 1132 agro,

415 1155 486 1194 ne
523 1143 818 1198 humanum
868 1161 1038 1214 genus
1103 1149 1306 1202 diutius
1362 1159 1640 1217 vastaret,
1706 1153 1985 1208 exstinxit.

416 1232 536 1286 Mox
591 1249 814 1304 regnum
847 1237 965 1306 ejus
991 1240 1145 1294 varia
1199 1240 1254 1294 in
1313 1242 1556 1296 membra
1588 1243 1855 1298 divulsum
1883 1255 1985 1312 est,

416 1324 644 1394 singulis
693 1327 808 1396 ejus
861 1329 1132 1385 ministris
1178 1341 1386 1398 partem
1426 1333 1527 1386 sibi
1584 1349 1776 1402 rapere
1826 1343 1988 1404 atque

415 1415 632 1470 auferre
662 1419 1138 1476 contendentibus.
1181 1421 1385 1477 Verum
1418 1424 1505 1479 hic
1535 1425 1755 1494 quidem
1788 1427 1858 1481 ob
1888 1429 1980 1484 hu-

411 1508 646 1576 iusmodi
672 1511 814 1566 mala
849 1512 1100 1567 laudibus
1136 1511 1385 1568 ell‘ertur.

981 1604 1206 1660 CAPUT
1242 1604 1372 1660 Vlll.

485 1692 638 1758 Quod
677 1695 853 1748 orbem
897 1697 1270 1761 propemodum
1296 1699 1595 1753 universum
1633 1701 1911 1771 subegerit.

481 1785 676 1840 Noster
704 1801 833 1840 vero
870 1788 1164 1856 imperator
1190 1804 1258 1844 ex
1289 1804 1354 1844 eo
1388 1793 1564 1846 aetatis
1585 1807 1730 1848 anno
1755 1809 1985 1864 regnare
2013 1797 2060 1856 Β

409 1894 568 1934 orsus
596 1886 699 1944 est,
727 1894 833 1948 quo
857 1878 1074 1934 Macedo
1101 1880 1190 1935 ille
1229 1881 1481 1937 decessit.
1515 1884 1593 1938 Ac
1619 1885 1741 1939 vitae
1769 1887 1983 1955 quidem

410 1973 645 2040 spatium
689 1970 853 2040 duplo
903 1972 1075 2040 majus
1109 1973 1298 2028 habuit
1321 1990 1483 2044 quam
1515 1975 1636 2042 ille,
1671 1979 1822 2048 regni
1853 1993 1986 2035 vero

409 2063 572 2130 triplo
594 2063 827 2134 longius.
855 2064 1120 2120 Caeterum
1151 2082 1273 2120 cum
1301 2069 1597 2123 exercitum
1633 2085 1791 2124 suum
1831 2088 1985 2127 man-

409 2155 580 2210 suetis
603 2171 668 2210 ac
687 2156 940 2212 modestis
965 2158 1238 2228 religionis
1268 2161 1550 2230 praeceptis
1571 2162 1911 2229 munivisset,
1931 2166 1983 2219 in

407 2246 743 2302 Britanniam
774 2249 989 2317 quidem
1033 2258 1087 2304 et
1119 2250 1173 2304 in
1207 2265 1298 2306 eos
1321 2251 1412 2319 qui
1441 2253 1495 2306 in
1531 2253 1647 2323 ipso
1668 2255 1986 2312 habitabant

408 2341 624 2397 Oceano
656 2341 725 2395 ad
756 2339 888 2395 solis
917 2355 1173 2395 occasum
1204 2341 1360 2412 longe
1401 2344 1614 2413 lateque
1648 2345 1876 2413 diﬁuso,
1903 2349 1982 2403 sio

407 2448 511 2502 gna
539 2431 742 2486 intulit.
771 2433 1048 2504 Scythiam
1089 2448 1218 2488 vero
1248 2435 1714 2508 universam,quaa
1733 2440 1836 2495 sub
1871 2442 1986 2509 ipso

404 2523 778 2591 septentrione
811 2523 1009 2591 posita,
1055 2524 1108 2577 in
1155 2524 1416 2593 plurimas
1449 2537 1637 2594 gentes
1668 2537 1722 2582 et
1767 2531 1985 2584 nomine

405 2622 464 2666 et
511 2614 755 2668 moribus
823 2614 1190 2684 discrepantes
1261 2616 1556 2684 dividitur,
1593 2633 1692 2674 suo
1745 2619 1988 2688 adjunxit

405 2704 658 2772 imperio.
685 2703 800 2757 lam
832 2721 964 2760 vero
1003 2721 1127 2760 cum
1156 2707 1223 2762 ad
1262 2717 1534 2763 extremos
1571 2711 1817 2766 meridiei
1845 2712 1982 2767 ﬁnes

407 2795 693 2866 imperium
726 2809 1100 2867 prepagasset,
1123 2798 1190 2851 ad
1214 2797 1362 2867 ipsos
1387 2800 1644 2854 nimirum
1679 2802 1985 2874 Blemmyas

402 2895 462 2940 ct
491 2884 776 2957 Ethiopas
807 2903 936 2943 :eos
975 2903 1190 2958 quoque
1231 2889 1320 2958 qui
1372 2891 1437 2944 ad
1466 2876 1595 2946 solis
1623 2902 1801 2946 ortum
1837 2895 1985 2952 inco-

404 2974 545 3039 lunt,
573 2976 627 3031 iu
657 2991 810 3031 suam
841 2976 1104 3031 ditionem
1147 2978 1465 3048 redigendos
1488 2981 1712 3048 putavit.
1744 2983 1984 3053 Denique

404 3067 473 3121 ad
504 3066 722 3123 ultimos
751 3083 920 3138 usque
945 3069 1274 3126 continentis
1318 3072 1599 3136 terminos,
1636 3073 1737 3129 hoc
1773 3085 1855 3130 est
1913 3077 1980 3132 ad

2099 512 2296 583 ἐχώρει
2329 511 2386 564 δὲ
2415 513 2482 564 δι’
2513 513 2784 582 αἱμάτων,
2818 510 2957 583 ἀνὴρ
2985 512 3225 582 σκηπτοῦ
3252 513 3409 584 δίκην
3442 514 3672 581 ἀτρειῷ

2096 606 2222 678 ἔθνη
2279 608 2373 660 καὶ
2417 607 2596 670 πόλεις
2640 606 2766 670 ὅλας
2815 605 3014 677 ἡϐηδὸν
3068 606 3668 678 ἐξανδραποδιζόμενος.

2098 700 2259 769 Ἀρτι
2286 699 2343 750 δὲ
2376 697 2571 769 μικρὸν
2592 697 2861 768 ἀνθούσης
2884 699 3032 768 αὐτῷ
3052 699 3148 768 τῆς
3176 698 3323 770 ῶρας
3346 699 3466 770 (.22)
3495 700 3592 754 καὶ
3610 703 3672 755 τὰ

2097 790 2325 843 παιδικά
2359 790 2663 854 πενθοῦντι,
2699 790 2886 854 δεινῶς
2928 791 2990 844 τὸ
3034 790 3210 864 χρεὼν
3257 792 3514 856 ἐπιστὰν,
3559 794 3669 848 ἀτεο

2093 896 2240 942 κνον,
2272 879 2514 950 ἀρῤιζον,
2548 879 2812 945 ἀνέστιον,
2839 881 2924 934 ἐπ’
2949 881 3254 954 ἀλλοδαπῆς
3281 883 3372 936 καὶ
3405 885 3670 954 πολεμίας

2091 971 2277 1036 αὑτὸν,
2309 971 2386 1034 ὡς
2415 971 2481 1025 ἂν
2533 971 2608 1043 μὴ
2642 973 2722 1035 εἰς
2769 972 2978 1043 μακρὸν
3020 971 3331 1044 λυμαίνοιτο
3365 972 3432 1026 τὺ
3465 973 3672 1043 θνητῶν

2091 1063 2270 1130 γένος,
2301 1061 2586 1132 ἠφάνιζεν.
2622 1063 2832 1118 Αὐτίκα
2861 1063 2908 1116 δ’
2936 1066 2969 1134 ἡ
3010 1063 3252 1133 βασιλεία
3282 1065 3667 1135 κατεπέμνετο,

2091 1153 2198 1206 τῶν
2240 1154 2586 1227 θεραπόντων
2619 1155 2845 1208 ἑκάστου
2896 1157 3088 1226 μοῖράν
3117 1173 3239 1210 τινα
3272 1157 3666 1227 παρασπῶντος

2093 1243 2188 1297 καὶ
2215 1243 2603 1314 διαρπάζοντος
2654 1246 2848 1316 ἐαυτῷ.
2897 1245 3032 1298 Ἀλλ’
3069 1247 3098 1298 ό
3143 1245 3241 1316 μὲν
3267 1247 3362 1299 ἐπὶ
3405 1247 3664 1311 τοιούτοις

2095 1338 2193 1390 ἀνύ
2202 1340 2410 1407 μνεῐται
2437 1341 2636 1409 χοροῖς.

2617 1603 3012 1657 ΚΕΦΔΛΔΙΟΝ
3050 1602 3131 1656 Η’.

2093 1693 2221 1745 Ὅτι
2268 1692 2373 1760 τῆς
2413 1693 2767 1762 οἰκουμένης
2795 1694 2998 1762 πάσης
3042 1693 3268 1763 σχεδὸν
3303 1694 3660 1762 ἐκράτησεν.

2168 1787 2227 1839 ’0
2274 1785 2317 1838 δ’
2372 1787 2637 1858 ἡμέτερος
2668 1787 2920 1857 βασιλεὺς
2962 1788 3020 1854 ἐξ
3057 1787 3264 1840 ἐκείνου
3313 1789 3414 1857 μὲν
3448 1789 3658 1861 ἧρχετο,

2087 1877 2146 1944 ἐξ
2194 1869 2366 1948 οὗπερ
2409 1881 2436 1932 ὁ
2470 1879 2734 1932 Μακεδὼν
2777 1880 3050 1944 ὲτελεύτα,
3097 1879 3448 1944 ἐδιπλασίαζε
3491 1881 3548 1932 δὲ
3591 1880 3661 1950 τῷ

2085 1969 2261 2041 χρόνῳ
2289 1970 2387 2040 τὴν
2416 1970 2620 2024 ἐκείνου
2651 1971 2815 2042 ζωὴν,
2854 1971 3173 2042 τριπλάσιον
3212 1971 3256 2024 δ’
3291 1973 3539 2024 ἐποιεῖτο
3566 1972 3658 2040 τῆς

2087 2061 2360 2132 βασιλείας
2398 2062 2458 2115 τὸ
2508 2063 2698 2134 μῆκος.
2758 2064 3014 2135 Ἡμέροις
3047 2063 3112 2132 γέ
3149 2081 3232 2116 τοι
3280 2065 3376 2118 καὶ
3422 2062 3658 2134 σώφροσι

2085 2153 2389 2218 θεοσεϐείας
2455 2154 2875 2226 παραγγέλμασι
2938 2155 3028 2208 τὸν
3085 2155 3246 2208 αὑτοῦ
3314 2154 3656 2227 φραξάμενος

2086 2245 2333 2315 στρατὸν,
2366 2245 2566 2316 ἐπῆλθε
2593 2247 2688 2316 μὲν
2715 2247 2812 2316 τὴν
2832 2247 3143 2318 Βρεττανῶν
3165 2247 3256 2300 καὶ
3274 2247 3402 2310 τοὺς
3436 2248 3497 2299 ἐν
3519 2247 3658 2316 αὐτῷ

2084 2337 2364 2402 οἰκοῦντας
2397 2338 2624 2409 ὠκεανῷ
2663 2339 2742 2409 τῷ
2795 2340 2935 2393 κατά
2964 2340 3154 2394 δύοντα
3181 2339 3332 2412 ἥλιον
3358 2339 3479 2410 (23)
3513 2358 3655 2410 περι-

2083 2428 2401 2500 οριζομένῳ,
2425 2430 2485 2482 τό
2519 2447 2576 2483 τε
2605 2431 2866 2484 Σκυθικὸν
2899 2432 3211 2502 ὑπηγάγετο
3239 2434 3368 2499 πᾶν,
3400 2433 3501 2486 ὑπ’
3528 2433 3652 2501 αὐτῇ

2083 2523 2270 2594 ἄρκτῳ
2294 2523 2504 2594 μυρίοις
2532 2522 2820 2595 βαρϐάρων
2850 2524 3228 2591 ἐξαλλάττουσι
3254 2525 3442 2601 γένεσι
3475 2526 3654 2595 τεμνό-

2088 2631 2264 2684 μενον.
2294 2615 2431 2686 Ἥδη
2459 2615 2514 2668 δὲ
2545 2615 2637 2667 καὶ
2660 2615 3005 2687 μεσημϐρίας
3031 2617 3115 2669 ἐπ’
3142 2615 3344 2686 ἔσχατα
3365 2617 3470 2687 τὴν
3491 2617 3652 2687 ἀρχὴν

2083 2703 2347 2768 ἐκτείνας,
2379 2705 2458 2768 εἰς
2484 2706 2680 2768 αὐτοὺς
2703 2705 2993 2776 Βλέμμυάς
3021 2723 3080 2759 τε
3107 2707 3201 2760 καὶ
3219 2706 3490 2768 Αἰθίοπας
3507 2721 3522 2736 ·
3545 2707 3650 2758 οὐδὲ

2083 2791 2191 2847 τῶν
2242 2795 2381 2866 πρὸς
2425 2795 2710 2866 ἀνίσχοντα
2755 2796 2904 2867 ἣλιον
2956 2797 3242 2869 ἀλλοτρίαν
3282 2800 3524 2850 ἐποιείτο
3565 2798 3651 2868 τὴν

2083 2885 2295 2956 κτῆσιν.
2332 2885 2448 2938 Ἐπ’
2478 2885 2619 2939 αὐτὰ
2641 2886 2698 2940 δὲ
2729 2889 2797 2939 τὰ
2822 2888 2920 2958 τῆς
2944 2888 3266 2959 οἰκουμένης
3294 2889 3423 2960 ὅλης
3468 2889 3652 2959 τέρμα-

2083 2994 2170 3043 τα,
2214 2977 2388 3030 Ἰνδῶν
2421 2978 2580 3050 μέχρι
2606 2978 2714 3032 τῶν
2741 2979 3014 3046 ἐξωτάτω,
3058 2980 3166 3034 τῶν
3205 2979 3527 3052 περικύκλῳ
3550 2981 3648 3050 (9.4)

2086 3071 2376 3146 περιοίκων
2408 3071 2502 3125 τοῦ
2549 3073 2750 3135 παντὸς
2803 3073 2901 3144 τῆς
2951 3073 3056 3143 γῆς
3098 3073 3175 3145 τῷ
3228 3073 3329 3146 βίῳ
3375 3075 3648 3144 στοιχείου,

405 3169 679 3216 extremos
730 3161 890 3216 ludos
928 3171 982 3217 et
1020 3163 1364 3218 circumsitos
1416 3166 1654 3236 undique
1712 3168 1973 3238 pupulos,

2090 3165 2256 3235 parte;
2290 3164 2570 3229 εὐσεϐείας
2599 3167 2810 3218 ἀκτῖσιν
2839 3166 3155 3236 ἐκλάμπων,
3197 3162 3343 3236 εἶχεν
3387 3167 3652 3238 ἐπηκόους

404 3261 638 3307 cunctos
685 3253 940 3308 mortales
985 3253 1078 3322 qui
1123 3255 1430 3308 universum
1486 3263 1750 3312 terrarum
1789 3261 1975 3316 orbem

403 3343 673 3410 incolunt,
698 3343 1152 3415 splendidissimis
1197 3347 1414 3415 pietatis
1469 3349 1634 3402 radiis
1665 3351 1975 3420 illustrans,

403 3433 640 3504 regulos,
660 3433 942 3504 praefectos
968 3445 1024 3490 et
1055 3444 1303 3505 satrapas
1335 3435 1573 3505 gentium
1623 3439 1975 3494 barbararum

403 3527 505 3580 sibi
550 3527 815 3582 obnoxios
867 3543 935 3583 ac
975 3527 1223 3583 subditos
1267 3527 1494 3584 habuit;
1530 3529 1625 3598 qtti
1660 3545 1756 3584 sua
1791 3542 1982 3600 sponte

400 3629 604 3673 etcum
634 3620 829 3688 gaudio
862 3620 1035 3690 ipsum
1059 3619 1387 3686 salutabant,
1411 3630 1464 3674 et
1493 3620 1698 3690 legatos
1721 3637 1842 3676 cum
1871 3638 1985 3676 mu-

402 3714 626 3768 neribus
651 3715 720 3769 ad
749 3713 915 3786 410
945 3730 1067 3770 eum
1113 3717 1418 3781 mittebant,
1456 3717 1680 3786 ejusque
1729 3716 1973 3771 notitiam

399 3815 562 3876 atque
595 3807 891 3862 amicitiam
941 3809 1153 3878 plurimi
1206 3809 1565 3865 aestimabant.
1596 3809 1742 3862 Adeo
1769 3816 1826 3862 ut
1851 3823 1973 3862 eum

472 3919 584 3991 (21)
623 3917 712 3976 Αὖ
757 3924 968 3978 πλέον.
1016 3926 1371 3983 Scribendum
1406 3930 1617 3984 videtur
1665 3931 1725 3984 ού
1782 3929 1966 3992 πλέον,

401 4005 562 4060 quam
613 3993 903 4049 lectionem
959 4009 1179 4050 secutus
1231 4011 1314 4052 est
1369 3999 1668 4054 Portesius.
1727 3999 1974 4054 Christo-

401 4064 705 4137 phorsouns
721 4075 914 4137 autem
934 4067 1009 4122 sic
1029 4068 1412 4135 interpretatus
1430 4080 1510 4123 est
1537 4072 1686 4137 quissi
1717 4072 1982 4137 legeretur

399 4132 434 4204 ἢ
470 4132 652 4208 μικρῷ
680 4134 861 4208 πλέον.
893 4136 1053 4191 Certe
1084 4132 1393 4194 Alexander
1423 4132 1650 4208 Magnus
1696 4132 1977 4195 duodecim

399 4203 558 4280 anilis
577 4203 641 4258 et
679 4206 910 4274 amplius
953 4209 1218 4280 regnavit,
1272 4211 1364 4279 qui
1413 4203 1698 4279 aliquanto
1748 4212 1868 4280 plus
1898 4211 1979 4264 el-

399 4271 589 4328 ﬁciunt
640 4271 801 4348 quam
845 4271 1062 4331 tertiam
1116 4271 1322 4347 partem
1373 4271 1602 4335 duor'um
1627 4296 1693 4334 ac
1747 4271 1971 4348 iriginta

398 4358 700 4422 annorum,
724 4346 768 4399 si
804 4348 977 4422 resad
1013 4346 1284 4422 calculum
1318 4352 1588 4422 exigatur.
1625 4346 1977 4406 Verum-ora-

400 4422 548 4468 tores
610 4415 701 4483 qui
763 4417 1155 4485 amplilicandis
1221 4418 1385 4475 rebus
1411 4415 1668 4476 'student
1740 4436 1844 4474 non
1901 4423 1972 4474 ita

2077 3259 2325 3320 ἅπαντας
2350 3259 2650 3330 τοπάρχας,
2694 3257 2959 3328 ὲθνάρχας
2997 3259 3090 3310 καὶ
3128 3259 3413 3328 σατράπας
3464 3259 3652 3330 βαρεά-

2081 3367 2190 3420 ρων
2223 3348 2411 3414 ἐθνῶν,
2464 3349 2703 3402 ἐθελοντὶ
2749 3351 3160 3420 ἀσπαζομένους
3203 3351 3298 3404 καὶ
3349 3351 3647 3421 χαίροντας,

2079 3443 2194 3502 τοῖς
2225 3456 2281 3491 τε
2321 3441 2448 3510 παρ’
2490 3439 2670 3492 αὐτῶν
2717 3439 3038 3511 δὼροις(25)
3073 3439 3646 3511 διαπρεσϐευομένους,

2084 3531 2178 3584 καὶ
2207 3530 2303 3602 τὴν
2330 3531 2466 3602 πρὸς
2492 3530 2649 3584 αὑτὸν
2679 3531 2878 3600 γνῶσίν
2907 3549 2965 3586 τε
2997 3532 3092 3585 καὶ
3120 3531 3300 3600 φιλίαν
3340 3535 3473 3604 περὶ
3514 3531 3649 3584 πλεί-

2086 3640 2212 3676 στου
2264 3623 2636 3693 ποιουμένους,
2665 3625 2804 3677 ὣστε
2843 3626 2936 3678 καὶ
2977 3628 3215 3698 γραφαῖς
3250 3625 3480 3678 εἰκόνων
3504 3626 3649 3677 αὐτὸν

2084 3715 2214 3786 παρ’
2247 3715 2428 3777 αὐτοῖς
2464 3715 2649 3785 τιμᾷν,
2683 3715 3013 3786 ἀνδριάντων
3043 3733 3102 3767 τε
3134 3715 3466 3785 ἀναθήμασι,
3508 3716 3648 3785 μόνον

2083 3823 2143 3858 τε
2176 3806 2593 3877 αὐτοκρατόρων
2617 3806 2767 3876 παρά
2789 3809 2901 3870 τοῖς
2930 3807 3063 3858 πᾶσι
3087 3809 3505 3860 Κωνσταντῖνον
3530 3823 3649 3873 γνωο

2077 3927 2206 3989 νῶν,
2234 3929 2437 3980 rectius
2482 3942 2643 3990 quam
2702 3926 2753 3979 in
2795 3927 3027 3996 vulgatis
3086 3927 3432 3983 editionibus.
3467 3926 3641 3992 Neque

2085 4000 2244 4053 aliter
2283 3999 2449 4052 codex
2490 3997 2646 4062 Fuk.;
2684 4007 2871 4067 contra
2909 4013 3034 4050 vero
3061 3999 3222 4067 paulo
3246 4008 3383 4066 post,
3417 3999 3509 4050 ubi
3547 3998 3646 4067 vul-

2088 4079 2224 4137 gata:
2251 4068 2519 4139 editiones
2550 4067 2794 4120 scribunt
2820 4065 3123 4139 βλέμμυας,
3152 4068 3292 4121 idem
3318 4068 3490 4120 codex
3525 4065 3644 4139 fult.

2088 4136 2248 4193 habet
2278 4137 2537 4208 βλέμυας,
2564 4153 2668 4192 ιιοιι
2707 4136 2866 4203 male,
2897 4136 3165 4192 ut‘notavi
3198 4140 3266 4192 ad
3303 4140 3486 4191 Auito.
3521 4136 3645 4190 Mar-

2085 4210 2362 4264 cellinum.

2149 4280 2263 4350 (‘24)
2323 4277 2446 4357 Τῶν
2483 4278 2839 4357 περικύκλῳ.
2873 4277 3240 4357 _Scri_bend_um
3270 4286 3374 4341 est,
3415 4278 3528 4357 τῶν
3563 4275 3644 4357 κός

2081 4350 2194 4421 κλῳ
2223 4349 2516 4421 περιοίκων
2567 4349 2660 4421 τού
2721 4350 2920 4412 παντὸς
2955 4350 3053 4418 τῆς
3081 4350 3190 4421 ,γῆς
3244 4351 3535 4419 στοιχείου,
3577 4349 3645 4418 τῷ

2086 4419 2210 4493 βίῳ,
2241 4419 2414 4493 φωτὸς
2447 4419 2728 4493 εὐσεϐείας
2756 4421 2972 4493 ἀκτῖσιν
3014 4420 3329 4493 ἐκλάμπων.
3373 4423 3455 4493 ᾼο
3500 4435 3644 4493 voces

399 4493 588 4561 exacte
641 4487 952 4556 loquuntur.
1003 4487 1192 4558 itaque
1233 4491 1496 4548 Eusebius
1537 4502 1689 4547 recte
1734 4492 1870 4546 dixit
1916 4491 1977 4543 ού

2090 4487 2304 4561 quidem
2349 4491 2469 4544 illas
2498 4491 2604 4543 τῶν
2647 4489 2828 4560 κύκλῳ
2886 4487 3342 4561 περιοίκωνηοιο.
3380 4489 3644 4543 Portesius

400 4552 582 4608 πλέον.

475 4623 818 4702 (ἓὲλνιιιεη
851 4629 1159 4700 ἀνθούσης
1213 4631 1405 4701 αὐτῆς
1452 4633 1559 4702 τῆς
1593 4631 1766 4702 ὥρας.
1817 4631 1987 4687 Nemo

397 4703 506 4776 est,
529 4697 949 4776 qui_non_vid_eat
971 4697 1316 4776 scribendum
1349 4697 1468 4760 esse
1494 4697 1650 4775 αύτῷ
1677 4697 1776 4776 τῆς
1815 4703 1982 4774 ὧρας.

398 4774 461 4818 ιιι
495 4766 548 4820 ἰιι
584 4766 765 4822 ΜοΓωὶ
809 4771 947 4825 libro
978 4773 1141 4827 etiam
1187 4773 1502 4829 adnotatum
1540 4766 1641 4830 esi.
1689 4766 1769 4830 Ιιῖ
1796 4766 1987 4829 ve'teri-

397 4838 762 4912 bus_scl_ied_is
805 4841 1004 4912 legitur
1050 4843 1238 4898 αὐτοῦ.
1287 4845 1395 4899 Sed
1447 4846 1582 4900 liber
1630 4846 1766 4901 Fuk.
1823 4846 1986 4900 habet

397 4906 567 4986 αὐτῶ.
605 4909 713 4986 Sed
761 4922 817 4964 et
839 4906 1010 4986 paulo
1041 4925 1161 4982 post
1191 4916 1538 4986 scribendum
1571 4915 1680 4970 τῶν
1724 4915 1986 4986 θεραπόν-

396 4993 505 5056 των
534 4979 790 5056 ὲκάστου.
837 4979 902 5036 Ει
934 4987 987 5037 in
1030 4979 1136 5039 fine
1182 4985 1377 5056 capitis
1420 4986 1538 5055 lego
1587 4987 1680 5040 ἐπὶ
1722 4979 1985 5049 τοὶούτοις

397 5048 718 5125 ἀνυμνεῖται
767 5056 979 5118 κακοῖς,
1021 5048 1330 5125 quanquam
1363 5048 1553 5125 scripti
1601 5057 1816 5111 codices
1851 5048 1984 5111 nihil

399 5125 633 5198 variant.
665 5123 720 5198 lu
757 5127 942 5198 codice
995 5123 1147 5198 Fuk._
1170 5123 1432 5196 Scriptum
1465 5123 1641 5182 inveni
1675 5127 1786 5179 τῶν
1823 5127 1984 5198 θερα-

399 5188 612 5268 πόντων
687 5193 941 5270 ἕκαστον,
992 5195 1213 5270 μοῖράνλ
1249 5188 1372 5252 τινα
1431 5197 1848 5270 παρασπῶντος,
1890 5188 1986 5270 ξιι-

398 5261 538 5315 ctius
585 5278 748 5334 quant
803 5267 944 5318 utin
995 5261 1248 5337 'vulgatis
1296 5261 1628 5324 editionibus
1675 5268 1984 5340 περισπῶν·-

393 5345 507 5394 τος.

470 5404 586 5478 (23)
629 5404 809 5478 Vulg,
861 5405 941 5473 τῷ
987 5406 1138 5461 κατὰ
1179 5407 1402 5463 δύοντα
1459 5409 1653 5478 ἣλιον.
1698 5410 1754 5464 lu
1803 5426 1985 5465 manu-

399 5477 633 5552 scripto_
661 5477 937 5552 ltegiouet
988 5479 1127 5533 Fuk.
1156 5477 1493 5552 rdisjunctint
1537 5483 1796 5536 scribitur
1845 5500 1858 5535 :
1903 5482 1982 5552 τῷ

399 5545 542 5600 κατὰ
567 5545 770 5619 δύοντα
809 5549 982 5619 ἥλιον,
1033 5551 1234 5604 rectius
1262 5545 1415 5605 'sine
1451 5551 1634 5610 dubio.
1697 5553 1789 5605 Sic
1843 5545 1981 5605 infra

397 5633 528 5690 cap.
551 5618 643 5683 41,
662 5620 751 5672 ubi
785 5618 850 5690 de
878 5621 1281 5690 provinciarum
1306 5621 1674 5675 exsultatione
1697 5622 1972 5689 loquitur:

409 5688 580 5756 Ἔθνη
604 5706 665 5760 τε
697 5689 853 5742 πάνθ’
880 5688 994 5744 ⁷ὅσα
1030 5690 1255 5760 ὠκεανῷ
1290 5691 1368 5759 τῷ
1420 5690 1560 5743 κατά
1598 5688 1790 5744 δύοντα
1833 5691 1981 5760 ἥλιον

411 5757 789 5829 περιωρίζετο.
835 5761 888 5814 ln
922 5763 1110 5816 codice
1139 5757 1305 5830 Regio
1339 5757 1530 5832 legitur
1558 5764 1717 5817 etiam
1748 5757 1979 5831 Βρεττα-

2088 4558 2154 4617 ad
2186 4561 2345 4614 Indos
2380 4562 2582 4613 retulit.
2618 4561 2710 4615 Sic
2753 4558 2898 4615 enim
2954 4558 3113 4614 vertit
3148 4577 3162 4614 :
3200 4558 3362 4613 Indos
3389 4571 3644 4623 extremos

2089 4648 2247 4700 usque
2309 4641 2462 4684 terra:
2499 4632 2730 4700 undique
2771 4632 3151 4699 circumjectos.
3202 4630 3307 4683 Sed
3363 4648 3471 4685 non
3527 4641 3642 4699 puto

2089 4703 2228 4757 banc
2268 4716 2386 4756 esse
2444 4712 2679 4756 mentem
2741 4701 2980 4754 Eusebii.
3032 4702 3214 4769 Neque
3262 4701 3406 4754 enim
3448 4712 3644 4755 veteres

2086 4773 2405 4844 geographi,
2439 4770 2778 4844 lndosﬂorbis
2827 4784 3092 4844 terrarum
3112 4771 3378 4844 ambitum
3423 4772 3642 4825 circum-

2088 4841 2266 4899 cole’re
2297 4858 2533 4911 unquam
2577 4842 2851 4897 dixerunt.
2902 4841 3123 4912 Hispani
3174 4842 3391 4909 quidem
3430 4856 3639 4894 avorum

2086 4915 2366 4976 memoria,
2398 4923 2662 4967 terrarum
2691 4925 2895 4982 partem
2931 4927 3122 4967 recens
3164 4913 3262 4967 sibi
3305 4913 3643 4982 cognitamet

2085 4985 2429 5054 patefactam,
2467 4979 3124 5039 Indiam—Occidentalem
3157 4979 3519 5106 appellarunt.
3555 4979 3643 5033 Ve-

2088 5071 2206 5106 rum
2231 5055 2305 5106 illi
2339 5054 2390 5106 id
2420 5070 2516 5106 uro
2556 5055 2780 5106 arbitrio
2827 5069 2926 5106 suo
2967 5055 3166 5106 fecere.
3247 5053 3436 5106 roiude
3471 5068 3525 5105 tu
3551 5051 3641 5104 Eu-

2088 5051 2206 5110 rum
2231 5055 2305 5110 illi
2339 5054 2390 5108 id
2420 5070 2516 5124 pro
2556 5055 2780 5109 arbitrio
2827 5069 2926 5108 suo
2967 5055 3166 5109 fecere.
3198 5051 3436 5124 Proinde
3471 5051 3641 5124 quu-

2085 5127 2219 5180 sebii
2267 5122 2436 5179 nostri
2486 5125 2605 5179 loco
2652 5126 3173 5195 scribendnmputo
3206 5123 3314 5195 τῶν
3363 5140 3424 5176 τε
3459 5122 3641 5195 κύκλῳ

2086 5197 2398 5268 περιοίκων,
2425 5206 2552 5268 etc"
2574 5195 2656 5248 vel
2683 5198 2862 5264 potius
2894 5194 3028 5249 nihil
3047 5194 3408 5268 ’mutandum.
3451 5194 3641 5248 Sensus

2086 5266 2228 5322 enim
2302 5280 2406 5332 est,
2459 5267 2874 5321 Constantinum
2931 5282 2961 5318 a
3023 5266 3248 5320 meridie
3299 5266 3366 5316 ad
3435 5274 3640 5332 septen-

2087 5341 2338 5401 lrionem,
2374 5348 2429 5392 et
2469 5337 2538 5391 ab
2579 5351 2776 5390 occasu
2830 5336 2896 5389 ad
2957 5346 3158 5397 ortum,
3217 5347 3638 5405 quaquaversum

2088 5411 2299 5464 cunctis
2331 5408 2639 5462 hominibus
2664 5407 2941 5476 Christum
2976 5408 3323 5476 praedicasse.

2154 5479 2267 5551 (ἓῦ)
2312 5479 2547 5551 Τοῖς-,τε
2579 5478 2714 5546 παρ’
2754 5475 2952 5551 αὐτῶν
2978 5475 3226 5551 δώροις.
3278 5475 3640 5551 ln‘veteribus

2084 5547 2307 5604 schedis
2335 5551 2423 5603 bic
2455 5549 2602 5602 locus
2645 5551 2714 5601 ita
2765 5549 3047 5616 suppletur
3093 5549 3164 5600 ad
3202 5547 3520 5616 marginem,
3543 5548 3639 5605 τοῖς

2082 5639 2141 5673 τε
2173 5623 2298 5692 παρ’
2329 5619 2505 5673 αὐτῶν
2539 5619 2726 5683 ξενίοις
2758 5635 2823 5692 ,τε
2866 5619 2958 5692 καὶ
2991 5617 3201 5688 δώροις,
3228 5627 3346 5692 Δεις.
3391 5618 3460 5692 Et
3501 5616 3640 5692 paulo

2083 5702 2207 5760 post
2250 5688 2300 5745 in
2358 5693 2546 5745 iisdem
2603 5691 2819 5761 scltedis
2864 5688 3079 5761 legitur,
3111 5689 3238 5760 mp‘
3290 5688 3473 5751 αὐτοῖς
3522 5689 3636 5740 πᾶσι

2085 5758 2488 5817 Κωνσταντῖνον
2521 5758 2896 5831 γνωρίζεσθαι.
