3858 6260
236 323 340 380 εει
1349 327 1436 382 ne
1478 327 1640 384 vrrA
1680 312 2134 388 CONSTANTJ’NI
2173 327 2301 382 LIB.
2333 327 2375 383 ι.
3381 333 3484 386 922

246 441 496 515 ρίξεσθαί
530 461 590 496 τε
636 444 729 498 καὶ
770 443 1014 514 βοᾶσθαι.
1057 445 1113 498 '0
1144 445 1201 498 δὲ
1232 444 1330 498 καὶ
1359 445 1518 516 μέχρι
1545 445 1652 500 τῶν
1677 447 1802 518 τῇδε

1930 446 1984 500 in
2016 457 2116 500 sua
2145 443 2375 514 quisque
2402 443 2673 513 provincia
2696 444 2888 514 partim
2917 444 3258 515 imaginibus,
3289 453 3480 516 partim

243 534 548 607 βασιλικοῖς
571 536 860 606 προσφωνή
871 552 1002 606 μασι
1022 536 1112 592 τὸν
1132 535 1326 589 ἑαυτοῦ
1344 536 1478 591 Θεὸν
1493 537 1808 609 ἀνεκήρυττι

1923 536 2115 593 statuis
2147 535 2360 605 publice
2383 537 2642 591 dedicatis
2674 537 3263 606 bonoraretzsolusque
3289 554 3353 592 ex
3383 539 3486 590 iui-

242 627 347 681 σὺν
375 627 658 700 παρρησίᾳ
681 629 746 697 τῇ
775 626 942 698 πάσῃ.

1925 628 2268 699 peratoribus
2294 628 2716 694 Constantinus,
2743 628 2943 698 ubique
2976 638 3238 682 terrarum
3268 631 3483 684 notissi-

243 735 368 773 mus
407 727 554 774 esset
583 733 647 772 ac
672 718 1076 775 celeberrimus.
1126 717 1297 789 Igitur
1341 718 1408 774 ad
1441 719 1542 773 has
1592 734 1763 789 usque
1788 731 1979 790 gentes
2039 721 2206 790 regiis
2259 719 2665 775 allocutionibus
2699 721 2864 774 Deum
2885 735 3038 774 suum
3078 735 3198 774 cum
3236 723 3378 775 omni
3419 721 3482 775 li-

240 809 458 864 bertate
488 810 819 878 pradicavit.

771 903 1162 956 ΚΕΦΑΛΑΙΟΝ
1205 902 1280 956 9'.

243 989 372 1046 ὀτι
391 989 520 1057 υἱὸς
531 991 832 1060 ,βασιλέως
864 995 1173 1060 εὐσεϐοῦς,
1203 994 1302 1048 καὶ
1319 996 1467 1061 υἱοῖς
1486 996 1811 1060 βασιλεῦσι

683 1065 966 1118 κατέλιπε
1003 1065 1116 1133 τὴν
1141 1065 1356 1134 ἀρχήν.

313 1154 504 1211 Εῖτόὐ
537 1157 712 1227 λόγοις
760 1158 870 1230 (9.6)
901 1160 997 1229 μὲν
1025 1159 1167 1212 τοῦτ’
1206 1160 1492 1231 ἔπραττεν,
1521 1159 1812 1230 ἀφυστέρει

238 1249 300 1303 δὲ
328 1251 441 1313 τοῖς
455 1249 652 1321 ἔργοις·
681 1250 768 1303 διὰ
790 1250 968 1322 πάσης
985 1251 1040 1304 δὲ
1072 1251 1261 1322 χωρῶν
1294 1252 1515 1322 ἀρετῆς,
1545 1251 1813 1314 παντοίοις

239 1339 524 1402 εὐσεϐείας
577 1342 808 1411 καρποῖς
861 1339 1204 1412 ὲνηϐρύνετο,
1269 1341 1664 1412 μεγαλοψύχοις
1716 1341 1812 1410 μὲν

239 1432 331 1483 εὐε
341 1430 580 1500 ργεσίαις
595 1432 720 1495 τοὺς
739 1431 1048 1503 γνωρίμους
1063 1432 1571 1502 καταδουλούμενος,
1600 1433 1813 1503 κρατῶν

239 1522 297 1574 δὲ
327 1522 510 1592 νόμοις
554 1522 977 1593 φιλανθρωπίας,
1010 1523 1219 1595 εὐήνιόν
1249 1541 1308 1577 τε
1346 1524 1444 1596 τὴν
1493 1522 1666 1595 ἀρχὴν
1718 1522 1812 1576 καὶ

240 1611 568 1665 πολύευκτον
602 1613 769 1667 ἅπασι
819 1614 932 1676 τοῖς
970 1613 1293 1684 ἀρχομένοις
1321 1612 1807 1684 κατεργαζόμενος,

2510 898 2734 955 CAPUT
2765 897 2857 954 IX.

1921 1014 2094 1080 Quod,
2112 1013 2185 1083 pii
2231 992 2567 1082 i'i'nperotoris
2601 1010 2766 1079 ﬁlius,
2790 992 3061 1080 imperium
3101 1011 3230 1079 ﬁliis
3255 1011 3478 1081 reliquit.

1989 1147 2255 1202 Caeterum
2291 1160 2396 1198 non
2442 1143 2493 1197 id
2526 1143 2710 1198 verbis
2741 1143 2960 1211 quidem
3005 1143 3273 1210 praestitit,
3300 1157 3358 1196 re
3383 1159 3480 1196 au-

1922 1247 2027 1294 tem
2067 1238 2180 1306 ipsa
2209 1237 2504 1290 frustratus
2537 1242 2643 1289 est.
2678 1234 2779 1289 Sed
2817 1234 2868 1288 in
2901 1235 3045 1288 omni
3077 1250 3274 1303 genere
3307 1234 3482 1286 virtu-

1920 1333 1991 1387 tis
2017 1341 2188 1385 semet
2231 1343 2513 1392 exercens,
2558 1326 2726 1381 variis
2765 1327 2980 1395 pietatis
3018 1326 3279 1379 tructibus
3320 1325 3483 1377 abun-

1919 1421 2104 1484 davit,
2162 1421 2366 1475 amicos
2420 1418 2636 1489 quidem
2683 1417 2990 1488 ingentibus
3055 1419 3328 1473 benetieiis
3376 1418 3480 1472 sibi

1919 1514 2228 1569 devinciens
2247 1552 2262 1577 ,
2295 1512 2537 1567 subditos
2564 1528 2696 1568 vero
2723 1512 3023 1566 clementiae
3061 1510 3264 1580 legibus
3293 1510 3480 1563 mode-

1917 1625 2064 1672 rans,
2094 1618 2148 1664 et
2202 1609 2488 1676 imperium
2541 1624 2695 1663 suum
2753 1607 3020 1676 placidum
3069 1607 3282 1660 cunctis
3320 1615 3481 1673 atque

238 1705 416 1758 εἰσότε
471 1703 654 1758 λοιπὸν
711 1707 946 1776 μακραῖς
1006 1705 1272 1774 περιόδοις
1317 1703 1453 1758 ἐτῶν
1501 1703 1808 1774 κεκμηκότα

1919 1699 2150 1768 optabile
2196 1699 2482 1766 exhibens,
2519 1701 2690 1754 donec
2715 1705 2838 1768 post
2877 1697 3033 1764 longa
3063 1713 3320 1752 annorum
3353 1711 3479 1750 cur-

237 1796 403 1851 αὐτὸν
442 1795 603 1860 θείοις
630 1796 804 1851 ἄθλων
843 1795 1036 1865 ἀγῶσι,
1086 1795 1358 1869 βραϐείοις
1406 1794 1703 1856 ἀθανασίας
1747 1793 1807 1846 δν

237 1886 424 1955 ἐτίμα,
457 1885 589 1949 Θεὸς
609 1886 1033 1957 ἀναδησάμενος,
1063 1886 1260 1958 θνητῆς
1289 1889 1354 1938 ὲκ
1385 1885 1656 1956 βασιλείας
1714 1885 1806 1937 ἐπὶ

233 1976 336 2048 τὴν
371 1980 502 2048 παρ’
528 1978 693 2032 αὐτοῦ
723 1979 920 2050 ψυχαῖς
947 1981 1122 2043 ὁσίαις
1142 1978 1570 2049 τιταμιευμένην
1595 1975 1808 2030 ἀτελεύ-

233 2084 400 2138 τητον
429 2066 572 2138 ζωὴν
606 2072 996 2141 μετεστήσατο,
1045 2069 1264 2142 τριττὴν
1297 2068 1500 2122 παίδων
1523 2066 1682 2137 γονὴν
1706 2066 1806 2136 τῆς

236 2160 416 2230 ἀρχῆς
446 2160 686 2230 διάδοχον
716 2161 952 2232 ἐγείρας.
989 2160 1144 2215 Οὕτω
1171 2161 1234 2233 δὴ
1255 2161 1348 2215 καὶ
1373 2159 1558 2231 θρόνος
1584 2159 1683 2228 τῆς
1712 2158 1807 2228 βα-

236 2251 443 2315 σιλείας
495 2251 760 2323 πατρόθεν
798 2252 894 2323 μὲν
935 2253 1015 2315 είς
1058 2251 1220 2305 αὑτὸν
1269 2250 1480 2322 κατῄει,
1517 2249 1701 2320 θεσμῷ
1749 2248 1805 2300 δὲ

233 2343 474 2411 φύσεως,
503 2346 658 2397 παισὶ
682 2345 776 2396 καὶ
821 2347 933 2407 τοῖς
964 2343 1166 2396 τούτων
1188 2343 1428 2410 ἐκγόνοις
1467 2339 1802 2411 ὲταμιεύετο,

233 2439 314 2499 εἰς
335 2437 528 2506 ἀγήρω
550 2453 610 2489 τε
642 2436 827 2508 χρόνον
858 2431 947 2488 οἷά
968 2453 1052 2498 τις
1079 2433 1327 2504 πατρῷος
1351 2432 1649 2503 ἐμηκύνετο
1676 2431 1806 2502 κλῆ-

237 2543 350 2598 ρος.
379 2527 511 2590 Θεὸς
560 2528 656 2597 μὲν
703 2523 794 2580 οὖν
842 2526 1001 2580 αὐτὸν
1037 2526 1129 2579 καὶ
1157 2525 1251 2578 σὺν
1289 2526 1416 2594 ἡμῖν
1448 2523 1526 2577 ἔτι
1551 2523 1677 2575 ὄντα
1716 2521 1804 2574 τὸν

234 2617 507 2690 μακάριον
531 2617 886 2690 θεοπρεπέσιν
907 2617 1124 2687 ὑψώσας
1143 2617 1347 2686 τιμαῖς,
1364 2615 1458 2668 καὶ
1471 2613 1806 2667 τελευτῶντα

232 2713 522 2784 κοσμήσας
548 2710 842 2784 ἐξαιρέτοις
869 2714 981 2775 τοῖς
1010 2713 1138 2782 παρ’
1165 2707 1329 2765 αὑτοῦ
1356 2708 1802 2779 πλεονεκτήμασι,

229 2805 436 2873 ,γένοιτ’
450 2805 515 2858 ἂν
534 2804 697 2858 αὑτοῦ
718 2804 812 2858 καὶ
831 2804 1095 2876 γραφεὺς,
1109 2804 1301 2870 πλαξὶν
1320 2801 1582 2877 οὐρανίων
1596 2799 1806 2871 στηλῶν

232 2895 364 2959 τοὺς
407 2895 516 2950 τῶν
570 2896 732 2950 αὐτοῦ
778 2896 1215 2968 κατορθωμάτων
1253 2894 1445 2958 ἄθλους
1479 2893 1588 2964 (27)
1623 2892 1806 2945 ἀνατι-

236 2986 374 3052 θείς.

1916 1792 2086 1846 ricula
2112 1831 2128 1856 ,
2181 1791 2325 1846 Deus
2369 1806 2529 1861 quem
2582 1791 2859 1853 coluerat,
2901 1790 3070 1845 variis
3118 1789 3265 1845 illum
3304 1797 3480 1844 certa-

1913 1887 2151 1942 minibus
2197 1886 2468 1942 defessum
2542 1886 2962 1941 immortalitatis
3006 1886 3244 1954 praemiis
3301 1900 3480 1941 remu-

1912 1989 2170 2043 neratus,
2213 1993 2278 2034 ex
2321 1977 2538 2034 mortali
2579 1993 2743 2048 regno
2795 1979 2860 2033 ad
2910 1977 3267 2032 immortalem
3313 1979 3478 2032 vitam

1913 2071 2118 2126 sanctis
2176 2071 2371 2124 animis
2434 2071 2574 2140 apud
2631 2087 2689 2126 se
2751 2081 3102 2140 praeparatam
3155 2070 3475 2137 transtulit;

1914 2159 2074 2214 trium
2125 2159 2418 2215 liberorum
2462 2158 2676 2225 sobole,
2720 2162 2889 2230 quiin
2941 2161 3166 2228 imperio
3199 2162 3248 2215 ei
3295 2176 3482 2216 succe-

1913 2254 2141 2317 derent,
2175 2255 2427 2307 excitata.
2465 2252 2519 2306 ln
2573 2254 2716 2308 hune
2763 2253 2923 2322 igitur
2965 2254 3182 2309 modum
3226 2253 3480 2324 imperia-

1913 2345 1979 2399 lis
2026 2346 2262 2415 dignitas
2295 2360 2324 2400 a
2379 2355 2532 2416 patre
2569 2347 2785 2416 quidem
2834 2347 3146 2404 transmissa
3195 2348 3261 2402 ad
3304 2348 3478 2418 ipsum

1911 2437 2191 2506 pervenit;
2233 2436 2356 2504 jure
2388 2449 2564 2492 autem
2608 2447 2810 2490 natura:
2848 2438 3034 2492 liberis
3082 2452 3148 2492 ac
3197 2437 3478 2507 nepotibus

1911 2538 2149 2592 servata,
2212 2537 2266 2582 et
2319 2529 2372 2581 in
2424 2539 2738 2597 perpetuum
2790 2529 3044 2598 deinceps
3093 2538 3346 2600 tanquam
3387 2545 3478 2599 pa-

1913 2627 2064 2673 terna
2090 2619 2348 2688 {quaedam
2385 2620 2672 2675 haereditas
2720 2633 3007 2692 propagata
3054 2631 3156 2676 est.
3199 2624 3276 2676 Ae
3334 2621 3477 2676 Deus

1912 2710 2128 2778 quidem
2151 2710 2392 2779 ipse,qui
2421 2711 2787 2766 beatissimum
2806 2711 2952 2764 illum
2976 2713 3270 2782 principem
3305 2713 3478 2766 adhuc

1912 2803 2194 2857 nobiscum
2219 2802 2272 2856 in
2305 2802 2464 2859 terris
2497 2812 2742 2873 agentem
2765 2805 2960 2859 divinis
2988 2806 3285 2859 honoribus
3313 2805 3476 2859 subli-

1911 2896 2100 2960 mavit,
2120 2897 2476 2966 eumdemque
2505 2896 2822 2951 morientem
2848 2898 3042 2952 eximia
3073 2899 3306 2968 quadam
3337 2913 3474 2966 pne-

1913 2987 2158 3057 rogativa
2199 2987 2478 3057 dignitatis
2510 2991 2760 3056 ornavit,
2791 2990 2938 3045 solus
2969 2991 3092 3045 vitae
3146 2990 3290 3045 illius
3335 2991 3476 3044 scri-

234 3089 364 3150 ptor
408 3081 573 3137 luerit
622 3080 876 3146 idoneus;
931 3081 1130 3151 quippe
1173 3081 1262 3150 qui
1311 3080 1603 3133 certamina
1659 3079 1804 3135 illius
1861 3093 2056 3149 resque
2095 3081 2354 3150 przeclare
2411 3091 2587 3150 gestas
2633 3082 2687 3136 in
2751 3082 3060 3138 coelestibus
3105 3083 3300 3139 tabulis
3342 3100 3470 3139 con-

235 3173 554 3230 secraverit.

768 3267 1162 3320 ΚΕΦΑΛΑῙΟΝ
1221 3267 1278 3319 l'.

236 3356 380 3426 Περί
403 3355 512 3412 τοῦ
538 3359 633 3412 καὶ
659 3357 992 3426 ἀναγκαίαν
1029 3352 1181 3410 εἶναι
1217 3355 1317 3409 καὶ
1339 3356 1668 3427 ψυχωφελῆ
1696 3356 1811 3427 τὴν

752 3429 1024 3496 ἱστορίαν
1051 3428 1298 3495 ταύτην.

320 3521 476 3590 Ἐμοὶ
503 3519 548 3572 δ’
577 3522 625 3573 εί
650 3520 743 3573 καὶ
767 3520 826 3572 τὸ
852 3519 1028 3588 λέγειν
1053 3517 1270 3584 ὲπάξιόν
1297 3538 1348 3572 τι
1380 3519 1481 3590 τῆς
1505 3519 1594 3574 τοῦ
1623 3520 1812 3593 ἀνδρὸς

241 3613 641 3682 μακαριότητος
665 3611 866 3682 ἄπορον
904 3609 1178 3680 τυγχάνει,
1207 3599 1365 3663 τότε
1402 3615 1609 3683 σιωπᾷν
1637 3613 1812 3681 ἀσφα-

237 3705 328 3768 λὲς
379 3705 472 3756 καὶ
527 3704 826 3765 ἀκίνδυνον,
881 3705 1028 3773 ὅμως
1073 3704 1385 3770 ἀναγκαῖον,
1442 3705 1669 3774 μιμήσει
1713 3705 1810 3774 τῆς

239 3795 866 3871 θνητῆςβκιαγραφίας,
916 3793 1013 3864 τὴν
1045 3793 1133 3847 διὰ
1162 3793 1332 3861 λόγων
1363 3794 1547 3848 εἰκόνα
1574 3795 1665 3847 τοῦ
1694 3795 1807 3848 θεο-

239 3883 428 3953 φιλοῦς
455 3884 730 3937 ἀναθεῖναι
765 3883 868 3954 μνή
881 3901 974 3954 μῃ,
1021 3883 1180 3935 ὄκνου
1213 3883 1305 3934 καὶ
1331 3882 1528 3953 ἀργίας
1560 3884 1810 3952 ἀφοσιου-

242 3977 437 4049 μένους
456 3974 564 4045 (28)
575 3975 741 4045 ἐγκλη
752 3992 845 4045 μα.
862 3973 1110 4044 Αἰσχυνοί
1117 3991 1221 4044 μην
1237 3974 1342 4044 γὰρ
1359 3974 1420 4028 ἂν
1435 3975 1664 4045 ἐμαυτὸν
1677 3975 1808 4046 (‘29),

238 4072 288 4123 εί
315 4070 390 4140 μὴ
416 4068 484 4122 τά
513 4068 653 4122 κατά
700 4067 946 4138 δύναμιν,
979 4066 1080 4120 κᾶν
1116 4067 1326 4136 σμικρά
1422 4069 1591 4120 ταῦτα
1617 4069 1708 4120 καὶ
1729 4068 1812 4120 εὐ-

238 4161 390 4230 τελῆ,
421 4159 498 4230 τῷ
526 4159 794 4230 ὑπερϐολῇ
819 4159 1096 4221 εὐλαϐείας
1117 4158 1246 4210 Θεὸν
1268 4160 1580 4230 τετιμηκότι
1604 4159 1812 4229 συμϐα-

239 4253 461 4324 λοῦμαι.
495 4250 657 4323 Οἶμαι
680 4252 734 4304 δὲ
761 4252 854 4304 καὶ
887 4251 1060 4314 ἄλλως
1095 4250 1352 4320 βιωφελὲς
1393 4251 1486 4304 καὶ
1519 4253 1810 4319 ἀναγκαῖον

244 4347 460 4400 ἔσεσθαί
522 4363 611 4417 μοι
662 4345 721 4398 τὸ
767 4345 1020 4416 γράμμα,
1069 4345 1472 4417 περιλαμϐάνον
1527 4345 1812 4417 βασιλικῆς

246 4438 593 4509 μεγαλονοίας
621 4436 863 4508 πράξεις,
893 4437 1010 4508 Θεῷ
1035 4437 1111 4507 τῷ
1133 4437 1463 4508 παμϐασιλεῖ
1487 4439 1811 4508 κεχαρισμέ-

249 4549 356 4595 νας.
384 4527 462 4583 Ἦ
487 4530 595 4601 γὰρ
640 4531 739 4584 οὐκ
775 4531 1015 4601 αἰσχρὸν,
1050 4529 1299 4601 Νέρωνος
1328 4529 1422 4600 μὲν
1454 4531 1551 4600 τὴν
1593 4531 1810 4600 μνήμην

247 4622 336 4676 cui.
358 4623 465 4676 τῶν
512 4622 698 4676 τούτου
723 4620 918 4692 μακρῴ
946 4620 1198 4692 χειρόνων
1235 4620 1510 4675 δυσσεϐῶν
1536 4639 1695 4674 τινων
1718 4621 1810 4674 καὶ

2536 3261 2760 3320 CAPUT
2789 3261 2859 3318 X.

1917 3355 2067 3421 Quod
2123 3356 2346 3410 historia
2404 3358 2516 3410 [nec
2579 3356 2903 3418 necessaria,
2942 3366 2992 3410 et
3049 3356 3119 3409 ad
3178 3356 3480 3423 formandos

2447 3441 2615 3478 mores
2663 3427 2810 3478 utilis
2867 3426 2952 3478 sit.

1983 3517 2096 3589 Ego
2118 3534 2246 3575 vero
2279 3517 2494 3573 tametsi
2542 3516 2674 3571 tanti
2711 3518 2927 3585 quidem
2970 3517 3070 3572 viri
3107 3517 3364 3574 felicitate
3396 3520 3480 3574 di-

1913 3625 2078 3680 gnum
2129 3611 2408 3681 quidpiam
2458 3613 2638 3666 dicere
2670 3607 2882 3665 dillieile
2920 3612 3204 3665 admodum
3244 3627 3364 3667 esse
3397 3612 3480 3664 in-

1911 3701 2172 3772 telligam,
2208 3703 2366 3757 silere
2400 3713 2576 3758 autem
2618 3715 2786 3759 tutum
2819 3720 2881 3759 ac
2929 3705 3172 3772 periculo
3205 3718 3435 3757 vacuum
3465 3725 3477 3759 :

1913 3795 2282 3848 necessarium
2341 3795 2697 3850 nihilominus
2745 3805 2874 3866 puto
2929 3796 3480 3866 piissimiiprincipis

1912 3885 2221 3953 imaginem,
2280 3887 2526 3955 exemplo
2586 3887 2828 3941 mortalis
2879 3887 3135 3956 picturae,
3191 3888 3476 3942 verborum

1914 3975 2185 4030 coloribus
2228 3991 2541 4046 expressam
2593 3978 2658 4031 ad
2703 3977 3090 4046 sempiternam
3137 3978 3475 4047 posterorum

1912 4072 2228 4124 memoriam
2277 4085 2624 4138 consecrare,
2675 4080 2731 4125 ut
2783 4071 3002 4125 desidiae
3059 4079 3220 4140 atque
3271 4071 3476 4124 inertiae

1913 4162 2116 4217 crimen
2145 4162 2302 4235 411
2334 4179 2363 4218 a
2398 4167 2554 4219 nobis
2585 4164 2938 4233 depellamus.
2964 4163 3045 4218 Me
3073 4166 3213 4219 enim
3234 4166 3476 4236 profecto

1912 4253 2136 4322 puderet
2163 4255 2265 4308 mei
2295 4256 2487 4324 ipsius,
2519 4257 2621 4312 nisi
2654 4271 2868 4312 omnem
2929 4270 3099 4310 meam
3155 4257 3472 4311 industriam

1913 4360 1975 4398 ac
2003 4343 2341 4409 facultatem,
2363 4345 2486 4400 licet
2509 4347 2794 4402 admodum
2827 4348 2959 4404 levis
2975 4349 3043 4402 sit
3073 4359 3231 4416 atque
3261 4349 3472 4418 exigua,

1913 4436 1964 4490 in
2022 4437 2164 4491 hunc
2214 4437 2302 4505 qui
2339 4438 2577 4492 divinum
2630 4438 2838 4494 Numen
2895 4455 3104 4495 summa
3133 4440 3474 4496 observantia

1915 4540 2200 4584 veneratus
2253 4538 2355 4594 est,
2389 4530 2714 4588 conferrem.
2766 4532 2870 4588 Sed
2917 4545 2972 4589 et
3021 4535 3088 4590 ad
3135 4548 3472 4589 communem

1920 4622 2200 4676 hominum
2241 4625 2404 4677 vitam
2435 4624 2586 4691 utile,
2615 4625 2855 4694 mihique
2883 4627 2936 4680 in
2981 4626 3173 4697 primis
3219 4640 3472 4679 necessa~

315 4779 426 4847 (26)
457 4775 576 4832 Εἶτ’
608 4781 678 4831 οὺ
710 4779 932 4846 λόγοις.
965 4777 1045 4829 Ab
1077 4778 1159 4849 his
1198 4779 1380 4832 verbis
1408 4787 1567 4849 caput
1600 4780 1808 4834 orditur

1919 4780 2076 4833 Savil.
2103 4789 2154 4834 et
2188 4780 2348 4844 Fuk.,
2377 4781 2631 4835 scribitur
2662 4780 3099 4849 ἀφοσιουμένους.
3146 4781 3238 4836 Est
3296 4791 3472 4834 autem

245 4848 446 4916 Regius
503 4851 692 4910 codex,
741 4863 897 4910 quem
947 4862 1044 4900 nos
1099 4848 1327 4901 libenter
1370 4848 1539 4901 secuti
1597 4864 1804 4904 sumus.

244 4920 424 4972 Codex
452 4934 663 4987 quoque
691 4916 824 4971 Fuk.
857 4917 944 4984 qui
977 4918 1198 4986 singulis
1220 4918 1486 4986 capitibus
1517 4933 1642 4973 suos
1679 4921 1806 4972 titu-

244 4988 327 5040 los
352 4989 492 5044 solet
520 4990 818 5058 przeligere,
858 4988 926 5039 ab
966 4988 1150 5058 iisdem
1183 4988 1363 5042 verbis
1406 4998 1565 5056 caput
1593 4991 1807 5042 exordi-

247 5067 356 5112 tur.
388 5058 638 5112 Eamdem
671 5057 904 5126 denique
938 5057 1228 5112 sectionem
1255 5058 1429 5127 reperi
1457 5058 1508 5110 in
1539 5061 1807 5115 veteribus

250 5128 467 5181 schedis
500 5128 840 5182 bibliotheca:
873 5127 1070 5194 liegize.

319 5197 432 5266 (27)
463 5197 935 5266 Κατορθωμάτων
971 5195 1212 5263 ἄθλους.
1262 5196 1424 5251 Deest
1465 5212 1568 5252 vox
1620 5197 1810 5250 ἀνατι-

248 5267 382 5330 θείς,
408 5280 568 5334 quam
599 5268 653 5320 in
685 5267 863 5321 Μοτωί
901 5266 1036 5319 libro
1062 5269 1128 5320 ad
1173 5268 1467 5336 marginem
1517 5269 1807 5332 ascriptum

248 5337 453 5392 inveni.
486 5337 540 5390 In
564 5338 780 5392 schedis
809 5347 984 5391 autem
1014 5335 1196 5405 Regiis
1229 5348 1349 5405 post
1373 5353 1559 5390 vocem
1591 5337 1803 5400 ἄθλους,

252 5409 366 5461 haec
394 5409 756 5479 addunturpd
783 5409 1096 5479 marginem,
1138 5408 1221 5469 εἰς
1257 5409 1500 5476 μακροὺς
1539 5407 1807 5479 ἐγχαράτ-

247 5495 356 5532 των
389 5475 610 5540 αίῶνας.
661 5477 790 5543 Quae
842 5475 1084 5547 profecto
1134 5475 1472 5544 nequaquam
1521 5475 1806 5542 rejicienda

250 5548 381 5601 mihi
414 5548 684 5610 videntur,
713 5549 826 5602 sive
843 5545 920 5600 ex
947 5545 1280 5613 conjectura,
1312 5550 1424 5598 sive
1464 5563 1530 5600 cx
1573 5548 1678 5598 alio
1712 5563 1806 5600 co-

252 5621 381 5742 dige'
417 5617 732 5686 deprompta
758 5619 884 5672 sint.
912 5616 1096 5672 Codex
1122 5624 1302 5670 tamen
1333 5615 1468 5670 Fuk.
1502 5618 1662 5671 habet
1681 5619 1808 5671 ἁνα-

252 5705 298 5741 τι
333 5703 432 5742 εις.

251 5703 432 5749 τιυεις.

320 5757 430 5828 (⁸28)
483 5754 637 5826 Vulg.
716 5755 1210 5829 Ἀςοωσιωμένους.
1273 5754 1334 5811 In
1393 5757 1544 5814 codd.
1620 5755 1808 5828 Regio,

1871 4851 2030 4921 haec
2088 4853 2263 4906 oratio
2341 4851 2748 4921 σολοικοφανής.
2802 4850 3094 4921 Dicendum
3155 4851 3295 4906 enim
3358 4861 3475 4904 erat

1911 4920 2308 4992 ἀφοσιουμένῳ,
2342 4925 2391 4992 si
2425 4919 2711 4992 emendate
2737 4920 2880 4988 loqui
2909 4919 3182 4992 voluisset.
3217 4921 3274 4974 ln
3323 4929 3470 4973 vete-

1913 4992 2062 5043 ribus
2108 4990 2320 5045 schedis
2382 4991 2578 5060 legitur
2643 4990 3071 5062 άφωσιωμένου,
3134 5002 3186 5046 et
3252 5007 3331 5062 νιρ
3379 5005 3471 5044 su-

1913 5061 2268 5128 perseriptum
2293 5069 2394 5114 est.
2633 5127 2636 5128 ,
2730 5127 2745 5128 η
2879 5061 2882 5062 ⁷
3033 5117 3036 5120 .

1987 5130 2099 5199 (29)
2125 5127 2544 5199 ίΑισχυνοίμην
2581 5127 2689 5196 γὰρ
2719 5127 2795 5180 ἂν
2827 5128 3102 5200 ἐμαυτόν.
3147 5129 3260 5182 Vox
3301 5131 3471 5200 ἐμαυ-

1915 5198 2006 5253 τόν
2044 5197 2369 5268 ιιλιιιιερυεὶιιι
2397 5197 2514 5252 esse
2546 5201 2780 5268 videtur,
2821 5209 2876 5252 et
2901 5197 3127 5268 inferius
3152 5197 3469 5268 collocanda

1916 5271 2016 5322 hoc
2054 5267 2234 5340 modo,
2262 5269 2616 5339 αἰσχυνοίμην
2667 5267 2891 5340 γὰρ-ἂν,
2920 5269 2968 5319 εί
2997 5267 3071 5340 μὴ
3105 5267 3174 5321 τά
3213 5269 3353 5322 κατὰ
3373 5269 3471 5340 τὴν

1913 5337 2152 5409 ἐμαυτοῦ
2203 5337 2450 5409 δύναμιν,
2509 5337 2612 5391 etc.
2668 5338 2833 5409 Paulo
2862 5348 2979 5404 post
3013 5337 3130 5405 lego
3177 5355 3244 5409 ex
3288 5337 3472 5392 codice

1911 5408 2047 5463 Fuk.
2077 5407 2170 5480 Tib
2193 5407 2768 5480 bnepGoXﬁ‘et’akweiag
2797 5408 2937 5480 Θεὸν
2954 5408 3290 5480 τετιμηκότι,
3317 5409 3398 5480 vel
3427 5410 3470 5462 si

1914 5480 2070 5550 malis
2106 5478 2183 5550 τῷ
2213 5480 2278 5532 δι’
2304 5478 2631 5550 ὑπερϐολήν.
2667 5479 2724 5532 In
2754 5478 3262 5550 veteribnsischetlis
3280 5478 3473 5550 biblio-

1913 5549 2084 5603 thecae
2106 5546 2284 5618 Regia:
2305 5551 2390 5602 hic
2413 5546 2652 5602 locus—ita
2678 5548 2951 5618 suppletur
2971 5549 3035 5602 ad
3056 5551 3328 5618 marginen
3351 5566 3364 5600 :
3383 5546 3472 5617 Τῷ

1914 5619 2122 5682 πάντας
2142 5617 2289 5690 ἡμᾶς
2315 5620 2382 5670 δι’
2415 5618 2714 5690 ὑπερϐολὴν
2748 5617 3030 5680 εὐλαϐείας
3073 5617 3206 5671 Θεοῦ
3250 5635 3473 5690 τετιμη-

1918 5690 2052 5743 κότι.
2085 5689 2236 5756 Quod
2259 5691 2507 5758 equidem
2546 5689 2695 5743 valde
2724 5690 2909 5757 probo.
