3858 6260
416 318 528 379 925
1119 320 1387 378 EUSEBII
1426 321 1905 380 CESARIENSIS
1942 323 2092 380 OPP.
2136 323 2323 379 PARS
2356 325 2397 379 Ι.
2437 355 2506 367 -
2543 320 2935 379 HISTORICA.
3564 312 3661 369 924

421 439 561 493 rium
602 439 712 493 hoe
739 452 874 507 opus
898 436 1017 493 fore
1044 438 1278 505 confido,
1308 453 1414 506 quo
1446 439 1849 509 generosissimi
1873 441 1976 494 im-

2083 440 2255 494 ἀθέων
2280 441 2577 511 τυράννων,
2605 440 2815 495 ἀόκνων
2866 436 3157 508 εὐτυχῆσαι
3197 431 3585 505 συγγραφέων,
3613 432 3660 485 οἶ

420 531 689 598 peratoris
737 544 826 584 res
879 536 1075 599 gestae,
1126 543 1337 584 summo
1376 531 1615 585 omnium
1671 531 1977 600 imperatori

2087 532 2150 604 δὴ
2204 531 2422 600 φαύλων
2471 530 2753 596 ὑποθέσεις
2803 529 3095 602 δραμάτων
3151 526 3416 599 ἑρμηνείᾳ
3480 525 3658 596 nam

423 624 533 677 Deo
573 627 844 689 acceptae,
902 620 1456 690 comprehenduntur.
1513 620 1797 688 Quomodo
1841 623 1977 678 enim

2087 623 2542 687 καλλωπίσαντες,
2566 621 2900 687 πολυδίϐλοις
2923 620 3189 691 ἀνέθηκαν
3217 618 3507 690 ἱστορίαις,
3524 616 3663 687 ἡμᾶς

423 722 580 782 turpe
602 727 716 767 non.
729 711 913 776 fuerit,
941 711 1169 767 Neronis
1197 713 1422 782 quidem
1450 721 1504 768 et
1528 713 1756 769 aliorum
1798 714 1977 784 impio-

2087 713 2143 766 δὲ
2177 716 2410 784 σιὼπᾷν,
2433 713 2527 779 οὒς
2554 714 2685 778 Θεὸς
2722 714 2884 777 αὐτὸς
2917 711 3153 782 τοσούτῳ
3179 708 3529 780 ωγκυρῆσαι
3570 707 3659 776 βα-

423 821 542 861 rum
566 816 917 877 tyrannorum
950 805 1041 873 qui
1067 804 1225 875 longe
1267 806 1356 860 illo
1400 806 1705 862 deteriores
1746 807 1986 874 fuerunt,

420 898 695 953 memoriae
731 913 838 953 non
893 898 1131 953 defuisse
1183 899 1626 968 diligentissimos
1672 901 1986 970 scriptores,

418 991 513 1062 qui
552 989 689 1044 mala
718 999 1033 1060 argumenta
1079 990 1312 1062 eleganti
1349 1006 1599 1047 sermone
1639 1001 1988 1058 exornantes,

416 1079 723 1136 numerosis
772 1081 1125 1137 historiarum
1161 1082 1523 1138 voluminibus
1576 1083 1987 1139 condiderunt:

416 1187 518 1228 nos
552 1187 681 1227 vero
708 1172 892 1238 silere,
914 1174 1110 1245 quibus
1140 1175 1280 1229 Deus
1314 1173 1581 1244 ejusmodi
1609 1174 1989 1245 imperatorem

416 1265 631 1334 qualem
658 1267 805 1321 nulla
838 1282 1076 1336 unquam
1099 1277 1230 1321 aetas
1259 1268 1393 1321 vidit
1431 1267 1691 1329 nancisci,
1715 1266 1846 1322 etin
1877 1266 1992 1336 ejus

416 1367 789 1427 conspectum,
802 1359 1047 1413 notitiam
1063 1373 1125 1412 ac
1139 1357 1463 1427 colloquium
1481 1357 1763 1428 pervenire
1775 1372 1994 1413 conces-

417 1450 514 1506 sit?
536 1449 894 1517 Quamobrem
930 1451 975 1506 si
1011 1450 1260 1519 cuiquam
1289 1450 1474 1515 alteri,
1508 1450 1665 1505 nobis
1691 1459 1837 1505 certe
1855 1466 1992 1520 prte-

417 1542 576 1612 cipue
604 1542 878 1608 convenit,
900 1551 959 1596 ut
993 1549 1071 1595 tot
1100 1557 1164 1596 ac
1182 1550 1332 1596 tanta
1357 1556 1474 1610 quae
1500 1540 1805 1595 audivimus
1824 1541 1987 1606 bona,

2092 806 2247 869 σιλεῖ,
2274 801 2386 860 οἷον
2402 808 2429 860 ό
2452 806 2671 878 σύμπας
2693 807 2790 877 ούχ
2820 805 3100 877 ἱστόρησεν
3129 801 3263 857 αἰὼν
3283 801 3417 873 (50),
3446 801 3531 863 είς
3547 798 3662 869 ἤψιν

2089 915 2147 950 τε
2177 898 2272 952 καὶ
2287 897 2486 967 γνῶσιν
2509 897 2693 963 αὐτοῦ,
2734 899 2828 952 καὶ
2848 896 3065 968 ὁμιλίαν
3092 893 3263 954 ἐλθεῖν
3286 890 3659 963 κατηξίωσενς

2089 989 2180 1041 Διὸ
2203 990 2466 1060 προσήκοι
2492 988 2599 1060 (51)
2635 987 2700 1043 ἃν
2729 987 2784 1041 εἴ
2810 1005 2949 1043 τισιν
2973 986 3169 1051 ἄλλοις,
3186 985 3281 1039 καὶ
3308 985 3443 1055 ἡμῖν
3460 983 3659 1049 αὐτοῖς,

2090 1078 2308 1148 ἀγαθῶν
2329 1079 2556 1149 ἄφθονον
2604 1079 2770 1151 ἀκοὴν
2798 1078 3086 1150 κηρύττειν
3133 1077 3356 1143 ἅπασιν,
3382 1070 3470 1140 οἷς
3496 1077 3531 1147 ἡ
3562 1076 3662 1128 τῶν

2089 1170 2271 1227 καλῶν
2298 1171 2529 1243 μίμησις
2565 1173 2701 1244 πρὸς
2743 1171 2837 1225 τὸν
2874 1171 3017 1224 θεῖον
3063 1169 3242 1242 ἔρωτα
3280 1168 3550 1240 διεγείρει
3578 1168 3664 1221 τὸν

2091 1264 2273 1318 πόθον.
2305 1265 2368 1317 Oi
2392 1265 2489 1335 μὲν
2517 1256 2624 1336 γὰρ
2656 1263 2764 1334 (52)
2797 1262 2943 1333 βίους
2968 1260 3176 1333 ἀνδρῶν
3210 1262 3273 1314 οὐ
3309 1259 3550 1331 σεμνῶν,
3575 1261 3661 1313 καὶ

2091 1357 2318 1428 πράξεις
2343 1357 2480 1428 πρὸς
2503 1355 2649 1426 ἠθῶν
2690 1354 2969 1425 βελτίωσιν
2995 1352 3350 1420 ἀλυσιτελείς,
3379 1352 3571 1424 χάριτι
3598 1355 3657 1423 τῇ

2090 1451 2225 1520 πρός
2253 1467 2404 1514 τινας
2428 1450 2463 1518 ἢ
2496 1448 2778 1519 ἀπεχθείᾳ,
2807 1448 2945 1522 τάχα
2974 1446 3032 1500 δέ
3054 1462 3155 1501 που
3179 1447 3275 1499 καὶ
3299 1444 3440 1517 πρὸς
3472 1444 3661 1508 ἐπίδει-

2090 1541 2172 1607 ξιν
2228 1541 2328 1612 τῆς
2397 1557 2547 1609 σφων
2606 1538 2784 1593 αὐτῶν
2836 1537 3170 1602 παιδεύσεως
3229 1537 3656 1607 συναγαγόντες.

417 1634 486 1687 iis
509 1633 840 1700 nuntiemus,
888 1648 1124 1702 quorum
1184 1641 1391 1687 mentes
1443 1632 1709 1686 bonorum
1765 1645 1977 1700 operum

2090 1630 2287 1701 κόμπῳ
2344 1629 2618 1701 ῥημάτωνς
2649 1626 2994 1697 εὐγλωττίας,
3047 1627 3286 1699 αἰσχρῶν
3320 1627 3657 1698 πραγμάτων

414 1720 663 1789 exemplo
688 1723 755 1774 ad
784 1736 1023 1775 amorem
1044 1721 1137 1775 Dei
1165 1723 1494 1776 excitantur.
1522 1719 1734 1791 Quippe
1754 1721 1842 1774 alii
1873 1721 1977 1790 qui.

2092 1722 2393 1793 ύφηγήσεις
2419 1722 2529 1774 οὐκ·
2558 1722 2637 1784 εἰς
2658 1719 2776 1774 δέον
2804 1718 3274 1790 ἐξετραγῴδησαν,
3315 1720 3434 1782 τοῖς
3465 1718 3540 1789 μὴ
3572 1735 3649 1788 με·

418 1813 537 1865 rlem
565 1813 730 1865 vitam
752 1811 1032 1865 hominum
1073 1813 1294 1867 minime
1327 1814 1590 1884 gravium,
1620 1822 1674 1868 et
1694 1828 1784 1868 res
1809 1821 1977 1882 gestas

2091 1814 2310 1880 τασχεῖν
2359 1810 2466 1865 τῶν
2497 1810 2682 1865 κακῶν
2703 1845 2709 1850 -
2731 1811 2871 1865 κατὰ
2908 1810 3040 1864 Θεὸν
3074 1811 3462 1881 εὐτυχήσασιν,
3492 1810 3655 1880 ἔργων

418 1903 486 1957 ad
520 1918 729 1956 morum
765 1903 1198 1959 emendationem
1228 1920 1454 1975 prorsus
1482 1904 1726 1972 inutiles,
1754 1912 1977 1975 aut-gra-

2089 1906 2188 1958 οὐκ
2241 1903 2481 1974 ἀγαθῶν,
2517 1903 2651 1958 ἀλλὰ
2669 1902 2805 1976 λήθῃ
2833 1904 2927 1957 καὶ
2951 1903 3125 1968 σκότῳ
3152 1903 3461 1957 σιωπᾶσθαι
3502 1901 3656 1966 ἀξίων

416 1992 527 2053 tia,
578 2000 673 2045 aut
709 1992 833 2046 odio
889 1994 1268 2061 quorumdam,
1318 2003 1411 2049 aut
1455 1995 1521 2049 ad
1566 1995 1826 2050 doctrinae
1875 2010 1977 2051 sua

2089 1995 2392 2049 διδάσκαλοι
2418 1995 2804 2057 καταστάντες.
2846 1994 2997 2065 Ἐμοὶ
3015 1995 3072 2048 δὲ
3099 1997 3127 2048 ὁ
3153 1995 3251 2066 μὲν
3277 1994 3379 2065 τῆς
3408 1995 3653 2066 φράσεως

414 2082 832 2136 ostentationem
864 2083 1105 2139 scribere
1128 2080 1394 2152 aggressi,
1423 2084 1861 2154 turpissimorum
1891 2084 1977 2140 tia-

2088 2088 2264 2157 λόγος,
2308 2089 2357 2141 εί
2402 2087 2658 2157 καὶπρὸς
2694 2088 2754 2141 τὸ
2797 2087 3021 2159 μέγεθος
3050 2088 3295 2158 τῆςλτῶν
3318 2087 3655 2159 δηλουμένων

414 2174 669 2242 gitiorum
693 2175 1061 2229 narrationem
1094 2174 1381 2245 magniﬁco
1412 2177 1702 2231 verborum
1727 2187 1977 2248 apparatu

2087 2180 2378 2250 ἐμφάσεως
2399 2180 2689 2247 ἐξασθενεῖ,
2720 2180 3058 2252 φαιδρύνοιτο
3084 2179 3216 2249 γοῦν
3241 2181 3393 2251 ὅμως
3410 2179 3513 2232 καὶ
3534 2178 3651 2250 ψιλῇ

412 2267 570 2321 aliter
596 2281 757 2336 quam
788 2267 968 2322 decuit
1015 2267 1456 2337 amplificarunt,
1492 2269 1558 2324 iis
1602 2270 1692 2338 qui
1724 2269 1977 2339 singulari

2088 2275 2156 2345 τῇ
2181 2273 2289 2327 τῶν
2317 2272 2535 2342 ἀγαθῶν
2561 2273 2808 2344 πράξεων
2824 2273 3131 2346 ἀπαγγελίᾳ
3159 2272 3292 2343 (55)·
3318 2274 3354 2342 ἠ
3380 2271 3443 2325 δέ
3465 2288 3529 2341 γε
3553 2270 3652 2324 τῶν

411 2360 506 2416 Dei
531 2360 791 2414 beneficio
818 2359 1079 2414 malorum
1107 2368 1356 2430 expertes
1381 2359 1610 2427 fuerant,
1629 2363 1977 2431 pessimorum

2090 2349 2350 2434 θεοφιλῶν
2370 2364 2718 2435 διηγημάτων
2759 2365 3062 2437 ὑπόμνησις
3086 2364 3185 2418 οὐκ
3217 2365 3500 2435 ἀνόνητον,
3529 2361 3650 2417 ἀλλά

407 2468 633 2523 operum
656 2461 708 2506 et
744 2467 863 2521 quae
906 2451 1177 2508 oblivione
1205 2467 1270 2508 ac
1299 2454 1535 2508 tenebris
1563 2453 1759 2509 involvi
1785 2454 1977 2512 debue-

2086 2455 2181 2507 καὶ
2208 2455 2410 2526 σφόδρα
2437 2455 2675 2526 βιωφελῆ
2710 2459 2820 2521 τοῖς
2863 2455 2962 2528 τὴν
3000 2455 3176 2527 ψυχὴν
3216 2451 3275 2510 εὖ
3315 2470 3641 2528 παρεσκευα-

407 2553 554 2611 rant,
580 2546 866 2612 magistros
892 2558 951 2598 se
971 2545 1290 2614 praebentes.
1322 2545 1411 2599 -Ατ
1441 2544 1596 2602 nobis
1636 2545 1814 2602 oratio
1859 2547 1977 2616 qui-

2088 2546 2305 2617 σμένοις
2340 2549 2608 2618 ποριεῖται
2636 2548 2736 2617 τὴν
2768 2546 3021 2614 ἔντευξιν.

405 2641 530 2693 dem
558 2638 670 2708 ipsa
711 2638 956 2708 quamvis
998 2638 1232 2708 suscepti
1292 2639 1472 2707 operis
1537 2640 1895 2710 magnitudini
1949 2655 2174 2712 prorsus
2214 2641 2388 2710 impar
2418 2643 2518 2710 sit,
2551 2641 2663 2697 sola
2706 2650 2884 2697 tamen
2920 2640 3410 2711 pulcherrimorum
3459 2638 3643 2695 facino-

406 2745 529 2785 rum
574 2730 883 2785 narratione
923 2729 1181 2785 illustrari
1222 2744 1380 2800 posse
1428 2731 1656 2786 videtur.
1696 2731 1818 2802 Ipsa
1864 2749 1994 2789 vero
2031 2750 2252 2805 operum
2289 2737 2396 2791 Deo
2443 2743 2788 2803 acceptorum
2828 2732 3293 2799 commemoratio,
3357 2732 3425 2787 iis
3483 2733 3647 2801 utique

404 2822 500 2891 qui
533 2824 768 2878 animum
795 2830 941 2878 recte
968 2833 1336 2893 comparatum
1359 2824 1686 2893 habuerint,
1718 2840 1824 2881 non
1846 2826 2090 2884 inutilem
2109 2830 2204 2884 sed
2243 2829 2298 2883 in
2347 2828 2534 2899 primis
2558 2826 2886 2882 fructuosam
2928 2825 3214 2881 lectionem
3234 2826 3540 2896 praebitura
3556 2836 3649 2880 εει.

1018 3001 1245 3057 CAPUT
1283 3002 1376 3059 XI.
2006 3014 2049 3070 C

409 3111 565 3177 Quod
589 3114 700 3168 sola
715 3115 1046 3170 Constantini
1067 3126 1212 3186 gesta
1230 3134 1345 3187 quae
1358 3118 1436 3199 .ad
1450 3118 1695 3189 pietatem
1716 3121 1979 3189 pertinent

971 3197 1289 3241 narraturus
1323 3197 1411 3243 sit.

2608 3007 3002 3062 ΚΕΦΑΛΑΙΟΝ
3031 3008 3132 3060 ῙΔ¹.

2085 3123 2201 3177 Ὅτι
2214 3126 2408 3194 μόνας
2429 3123 2502 3178 τὰ
2523 3143 2537 3160 ν
2558 3120 3018 3194 Κωνσταντινον
3056 3119 3173 3174 νῦν
3191 3119 3521 3188 ἱστόρησεν
3539 3121 3633 3173 deo

2612 3193 2806 3264 φιλεῖς
2848 3190 3115 3260 πράξεις.

478 3290 663 3362 Itaque
730 3294 1122 3365 quamplurima
1158 3297 1262 3353 alia
1303 3315 1423 3369 quae
1461 3302 1528 3356 de
1583 3302 1686 3358 hoc
1736 3302 1982 3373 principe

407 3384 616 3436 narrari
652 3392 875 3452 possunt
908 3401 921 3437 :
961 3386 1244 3443 conflictus
1292 3398 1347 3444 et
1388 3391 1597 3460 praelia,
1629 3391 1794 3448 fortia
1841 3393 1977 3448 faci-

407 3487 542 3528 nora
586 3483 746 3543 atque
777 3476 1073 3544 victorias,
1105 3486 1308 3549 troptea
1337 3494 1402 3535 ac
1437 3482 1741 3552 triumphos
1775 3483 1842 3559 de
1880 3483 1981 3538 ho-
2030 3546 2031 3549 η

407 3564 579 3619 stibus
610 3577 824 3638 partos,
868 3577 923 3624 et
955 3585 1076 3641 qua:
1104 3581 1361 3640 praeterea
1395 3574 1461 3629 ad
1494 3574 1827 3645 singulorum
1874 3577 1979 3631 uti—

408 3654 619 3710 litatem
655 3659 722 3713 ab
750 3673 815 3715 eo
844 3662 1143 3716 constituta.
1164 3672 1323 3730 sunt;
1365 3664 1510 3735 leges
1533 3668 1597 3719 ad
1641 3667 1975 3721 subditorum

404 3744 569 3819 412
601 3757 657 3802 et
681 3750 983 3820 reipublicae
1011 3754 1350 3810 commodum
1379 3755 1556 3822 latas;
1585 3756 1720 3812 alios
1744 3758 1979 3827 denique

405 3841 665 3911 plurimos
694 3842 1029 3914 principatus
1069 3846 1285 3904 labores
1314 3848 1381 3904 ab
1428 3864 1494 3904 eo
1522 3849 1848 3915 exantlatos,
1886 3851 1977 3919 qui

406 3931 460 3986 in
497 3934 736 3987 omnium
771 3949 867 3990 ore
900 3951 963 3991 ac
999 3939 1256 3992 memoria
1307 3950 1613 4005 versantur,
1650 3952 1979 4010 praetereun-

406 4024 502 4079 dos
530 4024 659 4079 mihi
692 4041 835 4081 nunc
877 4042 997 4082 esse
1031 4030 1269 4085 arbitror
1300 4032 1539 4100 :quippe
1572 4046 1695 4084 cum
1746 4032 1976 4087 instituti

403 4116 584 4184 operis
621 4128 996 4187 argumentum
1030 4119 1319 4176 admoneat
1367 4136 1473 4186 me,
1512 4129 1572 4177 ut
1612 4136 1676 4176 ea
1717 4123 1832 4178 sola
1858 4140 1978 4194 quae

406 4207 472 4261 ad
500 4208 590 4262 Dei
631 4209 833 4263 cultmn
867 4211 1158 4279 pertinent,
1196 4212 1424 4268 dicendo
1447 4228 1509 4268 ac
1536 4214 1832 4270 scribendo
1858 4231 1976 4284 per-

405 4314 617 4368 sequar.
647 4300 912 4357 Caeterum
964 4318 1084 4358 cum
1127 4306 1239 4361 haec
1285 4306 1401 4374 ipsa
1435 4322 1659 4362 numero
1687 4322 1823 4378 pene
1855 4309 1978 4362 iuti-

2147 3307 2233 3365 Τὰ
2260 3308 2358 3380 μὲν
2378 3302 2471 3363 οὖν
2493 3309 2719 3362 πλεῖστα
2741 3308 2835 3365 καὶ
2856 3306 3109 3378 βασιλικά
3132 3305 3227 3360 τοῦ
3253 3305 3644 3379 τρισμακαρίευ

2079 3402 2392 3475 διηγήματα
2432 3401 2566 3472 (54),
2598 3399 2873 3473 συμϐολάς
2905 3418 2965 3453 τε
3010 3399 3106 3453 καὶ
3144 3399 3485 3470 παρατάξεις
3512 3396 3645 3450 πολέ-

2083 3512 2219 3566 μων,
2259 3493 2539 3564 ἀριστείας
2570 3510 2629 3545 τε
2681 3494 2775 3546 καὶ
2815 3492 2991 3555 νίκας,
3021 3491 3115 3545 καὶ
3144 3491 3381 3564 τρόπαια
3413 3490 3486 3543 τὰ
3539 3488 3642 3542 κατ’

2080 3569 2309 3658 ἐχθρῶν,
2343 3584 2640 3658 θριάμϐους
2672 3602 2732 3637 τε
2767 3585 2995 3647 ὁπόσους
3027 3584 3220 3656 ήγαγε,
3254 3584 3325 3637 τά
3348 3599 3410 3635 τε
3436 3581 3571 3655 πρὸς
3592 3578 3642 3631 τὸ

2082 3675 2359 3747 συμφέρον
2399 3674 2625 3728 ἑκάστου
2674 3674 3024 3746 διωρισμένα,
3074 3674 3251 3746 νόμων
3279 3691 3339 3727 τε
3362 3672 3639 3740 διατάξεις.

2078 3767 2144 3832 ἃς
2166 3769 2265 3822 ἐπὶ
2284 3765 2587 3838 λυσιτελείᾳ
2613 3767 2712 3838 τῆς
2738 3765 2846 3820 τῶν
2872 3767 3188 3838 ἀρχομένων
3216 3765 3497 3829 πολιτείας
3540 3780 3641 3816 συν-

2079 3860 2349 3924 ετάττετο,
2383 3859 2666 3922 πλείστους
2700 3860 2747 3912 τ’
2769 3859 2962 3922 ἄλλους
3002 3857 3293 3929 βασιλικῶν
3324 3851 3640 3923 ἄθλωνάγῶ-

2079 3970 2197 4018 νας,
2222 3954 2348 4016 τοὺς
2378 3952 2435 4005 δὲ
2473 3950 2625 4023 παρὰ
2650 3953 2763 4014 τοῖς
2783 3952 2916 4003 πᾶσι
2963 3949 3493 4021 μνημονευομένους,
3520 3962 3640 4016 παρ-

2079 4047 2231 4118 ήσειν
2263 4062 2351 4115 μοι
2378 4042 2664 4110 δοκῶ,τοῦ
2704 4043 2802 4114 τῆς
2838 4041 3202 4114 προκειμένης
3233 4044 3366 4113 ἡμῖν
3398 4055 3637 4112 πραγμα-

2078 4135 2227 4199 τείας
2257 4133 2457 4187 σκοποῦ
2486 4133 2623 4204 μὸνα
2651 4134 2720 4187 τά
2753 4133 2889 4206 πρὸς
2915 4135 3005 4188 τὸν
3035 4132 3257 4204 θεοφιλῆ
3313 4132 3637 4186 συντείνοντα

2081 4228 2194 4299 βίον
2212 4226 2390 4295 λέγειν
2421 4243 2481 4280 τε
2512 4225 2607 4279 καὶ
2637 4225 2869 4295 γράφειν
2902 4224 3313 4288 ύποϐἀλλοντος.
3350 4225 3573 4295 Mapin
3596 4221 3634 4273 δ’

2081 4320 2220 4372 ὅσων
2246 4317 2412 4372 ὅντων
2437 4317 2531 4371 καὶ
2565 4315 2788 4380 τούτων,
2813 4315 2884 4369 τὰ
2913 4315 3247 4389 καιριώτατα
3278 4316 3374 4370 καὶ
3396 4316 3512 4378 τοῖς
3536 4313 3635 4384 μεθ’

406 4390 516 4443 nita
548 4391 695 4458 sint,
723 4405 788 4444 ex
825 4392 890 4447 iis
922 4408 1039 4463 quae
1061 4395 1127 4449 ad
1157 4395 1405 4450 notitiam
1447 4407 1685 4452 nostram
1718 4412 1973 4468 pervene-

2255 4368 2741 4479 ἀξιομνημόνευτα
2774 4368 2896 4459 ’τῶν
2916 4368 3023 4470 ἐίς⁵
3054 4368 3200 4477 ημᾶς
3526 4368 3636 4457 ἀνα-

405 4483 1021 4550 runt,0pportunissima
1043 4489 1546 4557 quaeque-duntaxat
1571 4529 1586 4555 ,
1628 4499 1681 4544 et
1721 4499 1969 4560 postero-

406 4589 523 4627 rum
579 4577 836 4632 memoria
888 4577 1200 4648 diguissima
1254 4583 1528 4655 seligens,
1579 4599 1736 4653 quam
1782 4593 1970 4653 potero

405 4667 720 4724 brevissime
758 4685 1021 4739 exponam
1043 4673 1349 4754 :_siquidem
1379 4685 1587 4748 tempus
1627 4678 1799 4747 ipsum
1828 4679 1971 4733 hanc

402 4758 657 4830 deinceps
701 4761 974 4817 licentiam
1022 4766 1178 4820 nobis
1231 4767 1514 4833 concedit,
1565 4776 1622 4822 ut
1669 4768 1969 4824 beatissimi

472 4918 583 4988 (50)
602 4922 726 4998 ea):
760 4921 1092 4998 lqtdpna'sr_
1113 4923 1276 4981 αἰών.
1310 4925 1369 4981 In
1401 4927 1589 4984 codice
1631 4926 1799 4998 Regio
1828 4928 1968 4983 scri-

399 4988 555 5067 bitur
571 4988 964 5067 ρύχίστόρησε
998 4994 1206 5067 χρόνος.

473 5059 589 5129 (51)
621 5059 719 5115 Διὸ
747 5059 1059 5133 προσήκὸϊ.
1111 5066 1193 5118 Ab
1240 5063 1325 5120 liis
1391 5063 1573 5119 verbis
1618 5078 1739 5133 cap.
1787 5063 1847 5115 Η
1887 5063 1968 5117 in-

401 5129 600 5202 choent
634 5129 795 5202 codd.
838 5132 1037 5201 ltegius
1067 5145 1119 5186 et
1152 5133 1288 5189 Fuk.
1318 5142 1372 5189 et
1401 5134 1614 5189 schedze
1639 5129 1837 5202 Hegias.

2077 4495 2388 4567 λεξάμενος,
2421 4493 2625 4548 τούτων
2650 4492 2829 4548 αὐτῶν
2848 4495 2924 4558 ὡς
2956 4489 3065 4547 οἷόν
3093 4511 3151 4547 τε
3181 4493 3268 4547 διὰ
3299 4492 3635 4566 βραχυτάτων

2077 4587 2374 4658 ἐκθήσομαι
2404 4585 2502 4656 τὴν
2530 4586 2827 4658 ὑφήγησιν·
2879 4584 2975 4639 τοῦ
3009 4584 3201 4657 καιροῦ
3232 4584 3419 4638 λοιπὸν
3447 4582 3636 4653 ἐπιτρέ-

2077 4695 2268 4741 ποντος
2321 4674 2613 4741 ἀκωλύτως
2646 4677 2925 4741 παντοίαις
2956 4678 3159 4746 φωναῖς
3196 4676 3288 4730 τὸν
3313 4659 3397 4740 ὡς’
3437 4675 3633 4747 ἀληθῶς

2080 4767 2346 4839 μακάριον
2379 4770 2653 4838 ἀνυμνεῖν,
2690 4769 2773 4822 ὅτι
2808 4769 2885 4840 μὴ
2908 4767 3067 4822 τοῦτο
3101 4767 3361 4840 πράττειν
3385 4768 3519 4840 ἐξῆν
3543 4764 3633 4835 πρὸ

2146 4926 2259 4994 (54)
2298 4922 2408 4978 Τοῦ
2437 4924 3245 4995 τρισμακαριουνδιηγήματα.
3283 4924 3339 4979 1η
3372 4924 3630 4979 veteribus

2074 4998 2745 5066 schedissuperscriplum
2779 5006 2861 5050 est
2888 4997 3337 5066 στρατηγήματα,
3362 4997 3626 5066 quodnon

2073 5068 2266 5134 probo.
2292 5060 2425 5119 Nam
2454 5060 2718 5121 Eusebius
2748 5066 2849 5121 hoc
2873 5060 2993 5120 loco
3030 5060 3253 5135 opponit
3279 5066 3350 5119 τὰ
3382 5060 3629 5135 ’βασιλικά

2071 5136 2382 5209 διηγήματα
2468 5136 2849 5214 Constantini,
2922 5134 3075 5214 τρῖς)
3104 5134 3409 5214 θεοφιλέσιέ
3453 5134 3628 5214 διηγή-

472 5199 680 5280 (152)-01
856 5199 985 5273 γάρ.
1023 5204 1333 5273 Scriptores
1389 5204 1511 5259 illos
1560 5199 1824 5274 intelligit,
1870 5203 1961 5274 qui

2083 5199 2328 5280 μαίσιξύι
2355 5214 2501 5276 patet
2537 5222 2603 5280 ex
2640 5205 2745 5259 line
2789 5199 3082 5280 superioris
3111 5199 3323 5280 capitis.
3371 5206 3438 5260 Et
3473 5199 3628 5280 regios

402 5266 630 5345 Neronis
651 5266 965 5345 etaliorum
1019 5266 1370 5345 tyrannorum
1414 5288 1501 5329 res
1543 5266 1965 5343 gestas'meuio-

405 5341 497 5415 [ite
532 5342 939 5406 mandaverant,
974 5341 1268 5413 de'quibus
1295 5345 1451 5415 paulo
1478 5341 1603 5400 ante
1629 5347 1836 5399 locutus
1863 5356 1965 5399 est.

402 5409 566 5484 [tecte
602 5428 738 5484 ergo
770 5409 1309 5484 Cliristopho’rsouus'
1333 5420 1495 5470 vertit
1523 5435 1536 5469 :
1581 5432 1705 5468 nam
1734 5415 1833 5477 illi,
1861 5425 1966 5469 etc.

403 5477 829 5555 Portesius'vero
855 5477 1238 5554 interpretatur
1262 5504 1276 5539 :
1302 5484 1446 5539 Nam
1468 5487 1561 5539 alii
1584 5486 1819 5555 quidem,
1836 5498 1970 5551 etc.,

403 5554 544 5617 quod
568 5550 697 5606 ferri
723 5563 921 5617 potest.

2069 5276 2285 5347 quidem
2318 5286 2471 5347 actus
2518 5278 2595 5329 ait
2620 5291 2680 5330 se
2703 5277 2955 5331 consulto
3005 5278 3447 5345 praetermittere.
3499 5276 3627 5340 Quos

2069 5346 2291 5421 quidem
2310 5346 2798 5421 bifariatndivitlit,
2848 5348 2904 5421 in
2936 5347 3176 5421 bellicos
3202 5348 3413 5401 scilicet
3453 5355 3508 5399 et
3545 5358 3627 5421 pa:-

2071 5414 2170 5476 eis.
2198 5417 2357 5472 Solos
2379 5431 2508 5473 vero
2534 5418 2637 5472 sibi
2670 5414 2929 5471 dicendos
2951 5417 3204 5487 proponit
3232 5427 3387 5471 actus
3410 5432 3526 5477 eos,
3547 5414 3624 5487 qui

2071 5489 2137 5542 ad
2193 5488 2510 5557 religionem
2553 5488 2844 5557 pertinent.
2898 5482 3067 5542 Porro
3103 5489 3157 5541 in
3186 5488 3405 5541 schedia
3452 5482 3623 5557 Regiis

2070 5568 2195 5632 post
2221 5555 2380 5612 verba
2433 5559 2526 5632 illa
2559 5555 2867 5632 θριάμϐους
2895 5575 2953 5632 τε
2994 5557 3226 5632 ὁπόσους
3270 5558 3473 5632 ᾕγαγε,
3525 5556 3623 5632 Ιιωρ

473 5619 587 5706 (ξᾷ)
645 5619 825 5705 Vulg,
904 5622 1289 5706 eadfredla._
1318 5623 1488 5706 magis
1555 5625 1743 5706 pla_cet_
1795 5625 1962 5679 altera

2083 5619 2342 5706 adduntur
2380 5628 2464 5706 ad_
2495 5619 2817 5706 ιιιεηεςὶιέοιηΔ
2855 5629 2930 5706 τα
2969 5644 3028 5680 τε
3059 5630 3176 5682 κατ’
3496 5620 3625 5705 αὐτῷ

402 5687 577 5765 lectio
604 5687 773 5758 quam'
812 5687 865 5746 in
906 5687 1175 5765 veteribus
1202 5687 1434 5765 'schedis
1474 5687 1670 5765 inveni,
1721 5698 1963 5765 ἀπαγγε-

400 5757 507 5831 λίᾳ.
534 5758 608 5812 Ita
628 5757 779 5816 certe
802 5765 953 5819 codd.
987 5764 1135 5819 Fult.-
1154 5777 1208 5820 et
1238 5763 1441 5821 Savilit.

2074 5698 2209 5771 πρὸς
2252 5698 2351 5770 τήν
2368 5696 2504 5771 Δτῶν
2558 5695 2756 5771 κοινῶν-
2790 5696 3089 5770 διόρθωσιν,
3148 5695 3299 5769 πρός
3333 5695 3624 5765 τετυμφέ-

2078 5767 2190 5841 ρὸν,
2218 5767 2323 5824 etc.
2356 5767 2486 5834 Quae
2517 5768 2649 5823 mihi
2672 5767 2922 5823 videntur
2958 5784 3079 5825 esse
3103 5767 3284 5840 proba:
3310 5779 3498 5839 uota,
