3858 6260
264 293 381 349 925

1357 303 1444 360 DE
1484 305 1645 360 VlTA
1681 307 2142 366 CONSTANTINI
2179 311 2306 368 LIB.
2346 312 2390 367 1.

3405 321 3506 376 99.6

266 411 470 466 τούτου
496 413 574 484 τῷ
602 415 674 486 μὴ
705 419 1021 488 μακαρίζειν
1045 421 1150 491 (35)
1175 422 1338 494 ἄνδρα
1355 425 1458 494 πρὸ
1480 425 1729 496 τελευτῆς
1757 427 1829 480 διό

1949 429 2208 500 principis
2237 429 2421 485 laudes
2441 429 2647 499 quovis
2670 431 2930 486 orationis
2951 447 3147 500 genere
3172 431 3342 489 libere
3368 450 3505 504 pra:-

265 505 448 577 τὸτῆς
472 507 566 561 τοῦ
593 508 708 578 βίου
735 512 938 584 τροπῆς
981 514 1172 585 ἄδηλον
1217 517 1609 587 παρηγγέλθαι.
1638 519 1842 590 Κεκλη-

269 595 396 650 σθω
441 597 498 651 δὲ
549 599 681 664 Θεὸς
746 602 954 673 βοηθὸς,
1010 605 1255 677 οὐράνιός
1298 624 1359 660 τε
1405 609 1663 680 συνεργὸς
1707 612 1838 681 ἡμῖν

266 687 552 756 ἐμπνείτω
579 690 763 759 Λόγος.
815 693 902 758 Ἐξ
933 695 1099 767 αὐτῆς
1137 699 1180 752 δ’
1229 699 1331 770 ἦδη
1379 699 1599 772 πρώτης
1627 702 1838 773 ἡλικίας

263 777 370 831 τοῦ
399 779 586 851 ἀνδρὸς
613 775 714 836 ὧδέ
748 803 821 856 πη
848 787 947 857 τῆς
971 790 1185 861 γραφῆς
1206 790 1592 863 ἀπαρξώμεθα.

1946 521 2206 576 dicemus.
2234 521 2367 575 Nam
2412 531 2567 577 antea
2611 523 2824 593 quidem
2863 525 2916 578 id
2949 525 3125 581 facere
3163 542 3500 597 nequaquam

1945 611 2159 677 licebat,
2185 625 2466 685 propterea
2506 620 2645 686 quod
2687 619 2908 674 vetitum
2955 629 3039 673 est
3082 633 3150 673 ne
3181 635 3500 688 quemquam

1945 712 2075 758 ante
2102 706 2307 761 obitum
2358 709 2427 762 ob
2477 708 2713 766 incertas
2760 713 2882 767 vita:
2927 713 3248 766 mutationes
3286 713 3499 769 beatum

1942 800 2357 866 pronuntiemus
2382 804 2419 857 ί.
2457 800 2687 860 Proinde
2736 806 2901 862 Deum
2942 806 3240 876 adjutorem
3289 805 3500 866 invoco,

266 889 337 928 ³ο
390 877 613 971 caeleste
655 879 770 946 eius
814 883 1048 938 Verbum
1098 900 1325 956 precor,
1391 896 1448 942 ut
1496 889 1550 943 in
1595 890 1699 945 hoc
1760 904 1922 960 opere
1954 893 2196 951 asuirare
2250 897 2380 952 mibi
2424 899 2573 955 velit.
2631 900 2824 956 Ordiar
2866 911 3042 956 autem
3075 917 3103 954 a
3144 902 3315 971 prima
3362 900 3502 954 illius

266 977 438 1025 aetate
467 970 519 1024 in
554 973 696 1028 bunc
728 977 968 1032 modum.

794 1091 1183 1148 ΚΕΦΑΛΑΙΟΝ
1199 1063 1310 1148 ἰΒν.

267 1172 409 1228 ’Ὁτι
439 1175 518 1242 ὡς
556 1179 812 1248 Μωϋσῆς
835 1183 925 1258 έν
962 1185 1164 1258 οἵκοιςᾼ
1190 1186 1496 1254 τηρῶ-’νων
1539 1185 1834 1258 ἀνετράφη

827 1255 997 1308 Κωνσ
1008 1255 1294 1322 ταντῖνος.

342 1337 552 1393 Παλαιὰ
577 1340 686 1411 (56)
713 1343 930 1413 κατέχει
956 1347 1133 1416 φήμη,
1160 1349 1309 1402 δεινά
1339 1367 1460 1403 τινα
1489 1351 1619 1422 γένη
1647 1352 1836 1422 τυράν-

261 1448 379 1484 νων
409 1433 499 1486 τὸν
553 1434 814 1507 Ἐϐραίων
862 1441 1234 1512 καταπονῆσαι
1280 1442 1434 1508 λεὼν,
1467 1442 1601 1497 Θεὸν
1631 1443 1692 1497 δέ
1721 1449 1833 1508 τοῖς

262 1526 758 1596 καταπονουμένοις
783 1529 980 1601 εὐμενῆ
1008 1532 1409 1604 παραφανέντα,
1438 1535 1674 1588 Μωύσέα
1701 1553 1832 1607 προ-

260 1613 469 1682 φήτην,
501 1613 579 1668 ἔτι
610 1615 728 1668 τότε
766 1617 1116 1688 νηπιάζοντα,
1163 1621 1346 1692 μέσοις
1377 1624 1557 1688 αὐτοῖς
1589 1643 1834 1697 τυραννι-

261 1706 384 1768 κοῖς
419 1705 586 1769 οίκοις
623 1724 681 1760 τε
749 1711 842 1763 καὶ
875 1711 1092 1775 κόλποις
1128 1714 1420 1785 τραφῆναι,
1456 1717 1671 1787 καὶτῆς
1700 1719 1830 1788 παρ’

260 1794 454 1859 αὐτοῖς
489 1802 773 1868 μετασχεῖν
803 1802 1098 1873 προνοῆσαι
1144 1805 1352 1874 σοφίας.
1394 1807 1480 1870 *Ως
1516 1808 1560 1859 δ’
1603 1807 1769 1861 ἐπιὼν
1804 1810 1833 1861 ό

259 1887 458 1957 χρόνος
482 1889 571 1941 τὸν
604 1889 702 1960 μέν
732 1894 810 1956 εἰς
838 1893 1035 1964 ἄνδρας
1065 1895 1269 1962 ἐκάλει,
1297 1898 1416 1969 δίκη
1455 1899 1498 1951 δ’
1524 1901 1556 1970 ἡ
1583 1900 1690 1953 τῶν
1716 1901 1832 1953 ἀδι-

260 1982 548 2052 κουμένων
572 1985 782 2054 ἀρωγὸς
805 1988 929 2049 τούς
960 1988 1274 2053 ἀδικοῦντας
1303 1992 1509 2062 μετῄει,
1536 1993 1835 2063 τηνικαῦτα

259 2071 326 2137 ἐξ
358 2075 537 2127 αὐτῶν
562 2076 894 2147 τυραννικῶν
919 2077 1181 2149 δωμάτων
1215 2081 1487 2152 προελθὼν
1512 2085 1540 2136 ὁ
1571 2084 1662 2137 τοῦ
1697 2084 1831 2137 Θεοῦ

261 2165 583 2236 προφήτης,
618 2169 684 2238 τῇ
721 2166 812 2220 τοῦ
847 2170 1150 2240 κρείττονος
1183 2173 1478 2244 διηκονεῖτο
1513 2173 1694 2248 βουλῇ,
1725 2177 1832 2229 τῶν

264 2255 367 2326 μὲν
392 2258 849 2330 ἀναθρεψαμένων
872 2264 1145 2335 τυράννων
1203 2264 1381 2336 ἔργοις
1415 2267 1506 2320 καὶ
1537 2266 1712 2336 λόγοις
1740 2268 1833 2320 ἁλ-

259 2348 661 2420 λοτριούμενος,
701 2355 826 2416 τοὺς
873 2354 914 2406 δ’
962 2355 1149 2426 ἀληθεῖ
1185 2355 1325 2426 λόγῳ
1361 2357 1652 2429 σφετέρους
1679 2359 1833 2412 ἀδελ-

259 2442 400 2507 φούς
444 2457 503 2493 τε
551 2443 644 2496 καὶ
691 2447 970 2512 συγγενεῖς
1003 2446 1315 2514 ἀποφαίνων
1363 2447 1703 2518 γνωρίμους·
1735 2449 1832 2502 κᾶ-

261 2549 428 2585 πειτα
473 2533 604 2597 Θεὸς
655 2535 813 2588 αὐτὸν
860 2535 1206 2608 καθηγεμόνα
1265 2536 1355 2590 τοῦ
1405 2539 1601 2603 παντὸς
1649 2539 1831 2604 ἔθνους

260 2625 506 2695 ἐγείρας,
541 2625 820 2697 Ἐϐραίους
849 2628 945 2698 μέν
974 2628 1072 2698 τῆς
1101 2629 1204 2682 ὐπὸ
1231 2632 1341 2694 τοῖς
1368 2629 1576 2700 ἐχθροῖς
1608 2631 1830 2700 ἠλευθέ-

265 2733 362 2786 ρου
410 2715 666 2782 δουλείας,
691 2716 750 2770 τὸ
789 2718 844 2771 δὲ
875 2720 1187 2790 τυραννικὸν
1213 2699 1667 2792 γένος’θεηλάτοις
1701 2741 1830 2794 μετ-

261 2811 464 2880 ήρχετο
518 2810 584 2863 δι’
649 2811 814 2864 αὐτοῦ
878 2811 1271 2883 κολαστηρίοις.
1326 2814 1482 2886 Φήμη
1543 2815 1639 2885 μὲν
1693 2815 1831 2887 αὕτη

262 2901 493 2968 παλαιὰ,
541 2903 709 2974 μύθου
745 2903 842 2974 μὲν
879 2907 1114 2975 σχήματι
1145 2908 1254 2968 τοῖς
1289 2904 1498 2969 πολλοῖς
1538 2907 1829 2978 παραδεδο-

265 2996 428 3068 μένη,
474 2998 571 3059 τὰς
602 2998 814 3051 πάντων
848 2997 1016 3061 ἀκοάς
1060 2998 1314 3069 ἐπλήρου,
1350 2999 1464 3052 νυνὶ
1501 2999 1556 3052 δὲ
1594 3003 1621 3053 ό
1671 3001 1831 3066 αὐτὸς

262 3087 361 3139 καὶ
405 3089 530 3158 ἡμῖν
573 3087 724 3151 Θεὸς,
772 3087 1030 3158 μειζόνων
1071 3089 1102 3159 ἦ
1136 3089 1274 3142 κατὰ
1308 3090 1506 3159 μύθους
1544 3091 1830 3161 θαυμάτων

264 3178 595 3242 αὐτοπτικὰς
626 3177 772 3241 θέας,
804 3180 1022 3250 νεαραῖς
1049 3178 1200 3247 ὄψεσι
1230 3181 1408 3252 πάσης
1442 3182 1610 3253 ἀκοῆς
1642 3182 1831 3252 ἀληθε-

265 3272 464 3342 στέρας
497 3269 810 3342 δεδώρηται.
837 3271 1098 3362 Τύραννοι
1133 3273 1228 3341 μὲν
1269 3274 1376 3342 γὰρ
1419 3276 1465 3326 οί
1512 3273 1631 3326 καθ’
1661 3276 1827 3344 ἡμᾶς,
1857 3307 1900 3362 C

262 3363 355 3416 τὸν
381 3364 472 3415 ἐπὶ
500 3363 712 3416 πάντων
735 3362 865 3416 Θεὸν
897 3359 1147 3433 πολεμεῖν
1173 3363 1511 3434 ὡρμημένοι,
1538 3364 1633 3435 τὴν
1663 3365 1824 3418 αὐτοῦ

263 3456 595 3513 κατεπόνουν
627 3453 967 3525 Ἐκκλησίαν,
994 3453 1154 3525 μέσος
1180 3455 1236 3508 δέ
1257 3455 1461 3518 τούτοις
1491 3458 1828 3510 Κωνσταντῖ-

263 3559 377 3611 νος,
423 3548 451 3599 ό
500 3546 614 3617 μετ’
667 3545 842 3613 ὀλίγον
885 3547 1320 3617 τυραννοκτόνος,
1354 3551 1481 3610 παῖς
1527 3549 1650 3620 ἄρτι
1687 3550 1823 3615 νέος,

265 3639 491 3704 ἁπαλὸς,
519 3638 715 3708 ὡραῖός
737 3639 784 3690 τ’
810 3638 998 3700 ἄνθους
1031 3639 1242 3704 ίούλοις,
1274 3635 1362 3692 οἷά
1391 3658 1472 3703 τις
1499 3641 1660 3705 αὐτὸς
1685 3643 1826 3694 ἐκεῖ·

264 3747 355 3792 νος
392 3731 420 3781 ὁ
465 3727 557 3781 τοῦ
604 3726 739 3781 Θεοῦ
790 3727 1060 3799 θεράπων,
1111 3733 1459 3800 τυραννικαῖς
1503 3732 1828 3802 ἐφήδρευσεν

267 3819 502 3881 ἑστίαις·
535 3819 596 3872 οὐ
631 3819 738 3890 μὴν
769 3819 862 3872 καὶ
901 3818 1116 3891 τρόπων
1147 3820 1251 3873 τῶν
1283 3822 1439 3887 ἴσων,
1473 3823 1672 3894 καίπερ
1711 3825 1828 3888 νέος

265 3912 362 3975 ὣν,
385 3914 497 3974 τοῖς
536 3910 712 3973 ἀθέοις
751 3909 1041 3964 ἐκοινώνει.
1082 3904 1242 3964 Είλκε
1277 3912 1385 3983 γὰρ
1413 3913 1572 3966 αὐτὸν
1599 3912 1658 3978 ἐξ
1688 3917 1829 3968 ὲκεί-

263 4021 356 4056 νου
386 4002 497 4072 (57)
519 4001 646 4072 θείῳ
663 4000 938 4072 Πνεύματι
963 4001 1125 4072 φύσις
1154 4002 1330 4076 ἀγαθὴ
1359 4004 1492 4075 πρὸς
1513 4003 1604 4058 τὸν
1629 4007 1827 4078 εὐσεϐῆ

266 4096 360 4148 καὶ
389 4092 508 4163 Θεῷ
539 4093 929 4164 κεχαρισμένον
956 4092 1099 4163 βίον
1133 4095 1193 4146 οὐ
1243 4094 1346 4166 μὴν
1377 4095 1512 4150 ἀλλά
1544 4097 1640 4152 καὶ
1673 4096 1831 4169 ζῆλος

263 4186 426 4255 ἐνῆγε
457 4185 741 4258 πατρικὸς,
763 4185 848 4237 ἐπ’
875 4185 1091 4254 ἀγαθῶν
1115 4189 1342 4258 μιμήσει
1371 4189 1462 4241 τὸν
1484 4189 1644 4243 παῖδα
1673 4208 1831 4262 προσ-

266 4273 616 4345 καλούμενος.
659 4274 848 4346 Πατὴρ
876 4273 985 4346 γὰρ
1003 4270 1082 4346 ,ἦν
1115 4275 1259 4346 αὐτῷ
1281 4317 1295 4342 ,
1321 4278 1403 4330 ὅτι
1443 4278 1504 4349 δὴ
1540 4281 1633 4332 καὶ
1684 4280 1829 4346 ἄξιον

265 4368 323 4418 ἐν
351 4364 525 4435 καιρῷ
555 4364 728 4436 τούτῳ
755 4366 852 4437 τὴν
879 4368 1095 4438 μνήμην
1128 4366 1568 4440 ἀναζωπυρῆσαι,
1603 4389 1831 4442 περιφα-

263 4458 518 4521 νέστατος
543 4456 650 4511 τῶν
676 4457 796 4510 καθ’
822 4460 966 4529 ἡμᾶς
991 4459 1404 4531 αὐτοκρατόρων
1438 4463 1826 4527 Κωνστάντιος.

265 4543 338 4604 Οὐ
373 4548 500 4620 πέρι
539 4549 648 4619 (58)
677 4549 744 4603 τὰ
787 4549 866 4618 τῷ
905 4551 1055 4604 παιδ)¹
1098 4552 1330 4623 φέροντα
1374 4553 1593 4624 κόσμον,
1642 4554 1833 4627 βραχεῖ

263 4640 406 4710 λόγῳ
432 4639 656 4693 διελθεῖν
681 4641 992 4710 ἀναγκαῖον.

2539 1103 2763 1160 CAPUT
2808 1104 2919 1159 XII.

1939 1194 2092 1260 Quod
2156 1195 2528 1267 Constantinus
2578 1199 2634 1250 in
2683 1209 3026 1267 tyrannorum
3079 1195 3309 1259 (edibus,
3367 1197 3501 1250 sicut

2409 1266 2636 1336 Moyses,
2673 1266 2922 1321 educatus
2957 1271 3044 1320 sit.

2003 1354 2170 1409 Vetus
2225 1367 2414 1410 narrat
2456 1357 2677 1411 historia
2705 1366 2918 1426 gentem
2964 1355 3306 1410 Hebrazorum
3337 1373 3366 1408 a
3402 1372 3500 1410 sm-

1935 1447 2176 1502 vissimis
2212 1446 2339 1500 olim
2377 1448 2617 1516 tyrannis
2663 1461 2974 1516 oppressam
2993 1447 3177 1514 fuisse,
3201 1447 3506 1514 Deumque,

1939 1555 2059 1592 cum
2091 1554 2376 1607 oppressos
2409 1540 2642 1607 benigno
2675 1554 2739 1592 ac
2765 1538 3005 1607 propitio
3043 1538 3187 1592 vultu
3233 1537 3499 1605 respexis—

1938 1640 2040 1694 set,
2085 1631 2385 1698 providisse
2427 1639 2485 1684 ut
2523 1630 2780 1700 propheta
2817 1630 2990 1684 Moses
3025 1631 3114 1698 qui
3167 1640 3278 1682 tum
3323 1629 3498 1682 adhuc

1940 1721 2119 1777 infans
2148 1729 2285 1784 erat,
2319 1721 2390 1773 in'
2412 1720 2602 1773 mediis
2633 1730 2981 1789 tyrannorum
3008 1719 3212 1772 mdibus
3239 1717 3496 1782 etiuipso

1938 1828 2124 1866 eorum
2185 1811 2391 1882 gremio
2438 1812 2781 1874 educaretur,
2831 1824 3152 1877 omnemque
3201 1824 3314 1878 quae
3357 1809 3496 1877 apud

1939 1905 2058 1958 iilos
2096 1914 2214 1958 erat
2261 1904 2580 1974 sapientiam
2611 1902 2958 1972 perdisceret.
2993 1901 3179 1954 Postea
3222 1916 3349 1954 vero
3376 1916 3495 1955 cum

1943 1996 2030 2051 ille
2064 2011 2349 2065 progressu
2382 1995 2638 2064 temporis
2661 1994 2727 2048 ad
2769 1993 2976 2046 virilem
3005 1993 3339 2060 pervenisset
3368 2000 3498 2045 aeta-

1944 2101 2071 2151 tem,
2098 2099 2151 2142 et
2180 2087 2360 2141 divina
2397 2085 2598 2154 iustitia
2634 2101 2750 2154 quae
2769 2086 3045 2156 oppressis
3063 2083 3309 2153 Opitulari
3342 2082 3495 2146 solet,

1940 2193 2130 2249 pmnas
2184 2181 2249 2232 ab
2305 2178 2504 2246 iniquis
2542 2164 2798 2248 'tyrannis
2851 2185 3204 2245 exposceret;
3237 2184 3360 2227 tunc
3403 2174 3496 2226 Dei

1941 2272 2203 2342 prepheta
2259 2288 2323 2325 ex
2360 2272 2489 2341 ipsis
2521 2270 2820 2340 tyrannicis
2866 2270 3140 2340 profectus
3168 2267 3392 2331 milibus,
3426 2268 3499 2320 di-

1938 2366 2079 2420 vinae
2142 2364 2408 2419 voluntati
2470 2363 2830 2417 ministerium
2891 2377 3046 2416 suum
3115 2360 3379 2414 exhibuit.
3432 2358 3498 2412 Et

1941 2457 2085 2525 ipsos
2119 2455 2334 2525 quidem
2373 2465 2634 2527 tyrannos
2679 2470 2708 2508 a
2767 2454 2961 2524 quibus
3006 2452 3182 2506 fuerat
3218 2450 3495 2513 educatus,

1942 2563 2000 2600 re
2031 2561 2095 2600 ac
2125 2545 2302 2600 verbis
2329 2555 2606 2602 aversatus
2628 2555 2731 2611 est,
2759 2560 2854 2599 eos
2885 2559 3010 2598 vero
3043 2543 3131 2611 qui
3171 2557 3356 2596 revera
3389 2541 3498 2608 ira;

1943 2646 2051 2691 tres
2086 2644 2139 2690 et
2184 2635 2394 2704 cognati
2423 2645 2597 2701 erant,
2639 2635 2841 2689 amicos
2883 2650 2946 2687 ac
2991 2631 3285 2687 familiares
3315 2632 3494 2701 elegit.

1939 2727 2186 2782 Post-lucc
2219 2727 2358 2780 Deus
2381 2742 2500 2780 cum
2534 2725 2688 2780 illum
2726 2728 2886 2780 totius
2916 2727 3089 2796 gentis
3131 2726 3318 2780 ducem
3366 2740 3495 2780 con-

1940 2818 2225 2880 stituisset,
2248 2816 2502 2871 Hebraeos
2527 2816 2744 2886 quidem
2777 2815 3126 2870 aeerbissima
3148 2816 3290 2883 apud
3319 2815 3498 2868 hostes

1939 2911 2200 2964 servitute
2250 2908 2540 2962 liberavit:
2586 2917 2932 2978 tyrannorum
2967 2915 3144 2962 autem
3186 2923 3355 2976 genus
3389 2921 3497 2960 em-

1948 3001 2076 3056 litus
2105 3000 2302 3055 inﬂixis
2333 2999 2609 3068 suppliciis
2642 3000 2758 3069 ejus
2797 3014 2959 3068 opera
2999 2998 3140 3052 ultus
3174 3007 3276 3052 est.
3307 2994 3496 3060 Vetus,

1940 3093 2177 3162 inquam,
2207 3095 2320 3147 haec
2359 3092 2606 3154 historia,
2636 3092 2806 3146 instar
2838 3091 3032 3144 fabulae
3061 3105 3091 3143 a
3121 3089 3303 3143 multis
3345 3103 3498 3141 acce-

1937 3197 2050 3253 pta,
2080 3185 2318 3238 omnium
2359 3199 2520 3239 aures
2563 3183 2870 3238 mortalium
2903 3181 3162 3251 implevit.
3191 3180 3344 3234 Nunc
3369 3194 3497 3234 vero

1937 3275 2075 3329 idem
2100 3275 2253 3329 nobis
2282 3275 2422 3329 Deus
2454 3274 2656 3342 majora
2687 3275 2942 3329 omnibus
2969 3273 3170 3327 fabulis
3190 3270 3354 3342 413
3395 3271 3495 3322 mi-

1932 3368 2112 3422 racula
2139 3368 2266 3436 ipsis
2314 3367 2485 3423 oculis
2531 3376 2774 3436 spectare
2809 3364 3078 3420 concessit
3107 3380 3122 3430 ;
3156 3365 3294 3432 quod
3330 3377 3498 3432 genus

1928 3457 2214 3526 spectaculi
2246 3457 2383 3525 apud
2417 3472 2507 3510 eos
2548 3459 2636 3524 qui
2673 3471 2860 3510 recens
2910 3457 3178 3518 viderunt,
3209 3453 3354 3507 omni
3403 3469 3495 3506 au-

1928 3549 2131 3604 ditione
2162 3549 2266 3603 fide
2293 3549 2508 3619 dignius
2538 3549 2783 3602 habetur.
2811 3547 3018 3616 {Nostra
3048 3548 3190 3599 enim
3233 3555 3392 3599 aetate
3424 3555 3500 3615 ty-

1929 3629 2084 3695 ranni
2129 3641 2343 3710 quidem
2393 3639 2482 3709 qui
2546 3639 2802 3693 adversus
2854 3639 3018 3692 Deum
3074 3652 3338 3691 summum
3393 3655 3505 3691 Olli-

1929 3733 2074 3787 nium
2109 3748 2288 3802 regem
2351 3732 2547 3785 bellum
2590 3745 2806 3784 movere
2839 3730 3218 3792 instituerant,
3247 3728 3359 3794 ejus
3394 3726 3496 3781 Ec-

1930 3823 2146 3878 clesiam
2201 3823 2438 3894 graviter
2488 3817 2890 3890 oppresserunt.
2939 3817 3319 3872 Constantinus
3351 3832 3498 3873 vero,

1931 3916 2017 3984 qui
2053 3923 2235 3983 postea
2283 3923 2632 3983 tyrannorum
2667 3910 2978 3964 interfector
3011 3909 3129 3973 fuit,
3163 3909 3286 3962 dum
3324 3908 3499 3961 adhuc

1931 4005 2244 4060 adolescens
2283 4013 2424 4058 esset
2476 4013 2531 4058 et
2574 4002 2794 4072 juvenili
2837 4001 3088 4068 lanugine
3145 4003 3408 4065 decorus,
3443 4003 3495 4055 iu

1931 4099 2108 4153 medio
2141 4097 2374 4161 illorum,
2403 4106 2459 4150 ut
2485 4098 2754 4167 quondam
2787 4096 2872 4149 ille
2907 4095 2997 4149 Dei
3030 4094 3260 4148 famulus
3297 4093 3492 4157 Moses,

1933 4190 1986 4244 in
2020 4190 2151 4257 ipsis
2182 4197 2531 4257 tyrannorum
2573 4188 2777 4242 aedibus
2816 4187 3076 4242 subsedit.
3108 4185 3292 4253 Neque
3317 4195 3496 4238 tamen

1932 4281 2146 4335 eosdem
2176 4295 2298 4334 cum
2330 4279 2506 4347 impiis
2543 4293 2718 4331 mores
2742 4317 2756 4342 ,
2795 4279 3007 4332 tametsi
3039 4275 3323 4329 admodum
3366 4275 3496 4327 ado-

1930 4369 2162 4435 lescens,
2194 4377 2435 4422 sectatus
2465 4375 2566 4420 est.
2586 4365 2792 4434 Quippe
2818 4367 2926 4433 jam
2956 4366 3080 4420 inde
3107 4365 3171 4418 ab
3196 4363 3284 4416 illa
3316 4373 3493 4428 relate,

1931 4461 2145 4532 egregia
2199 4458 2401 4513 indoles
2451 4458 2629 4512 divino
2686 4457 2895 4526 Spiritu
2949 4457 3398 4526 impulsa,ipsum
3429 4456 3494 4508 ad

1931 4555 2072 4623 piam
2109 4553 2320 4620 Deoque
2355 4561 2630 4619 acceptam
2655 4551 2818 4603 vitam
2850 4551 3129 4604 incitabat.
3175 4548 3281 4602 Sed
3317 4563 3371 4602 et
3399 4564 3496 4618 pa-

1861 4643 1904 4697 D
1937 4648 2032 4700 tris
2061 4645 2332 4700 aemulatio
2381 4643 2628 4698 Stimulos
2660 4643 2998 4709 admovebat,
3037 4658 3140 4712 qua
3181 4644 3246 4696 ad
3277 4641 3494 4695 virtutis

261 4743 317 4789 et
345 4736 609 4791 bonorum
665 4747 881 4790 actuum
928 4739 1284 4793 imitationem
1328 4739 1543 4808 juvenis
1602 4742 2017 4810 provocabatur.
2071 4740 2231 4793 Pater
2264 4741 2527 4808 siquidem
2573 4740 2620 4794 ei
2669 4737 2770 4792 fuit
2812 4737 2957 4808 (nam
3003 4745 3058 4789 et
3093 4735 3248 4803 hujus
3299 4745 3496 4786 memo‘

262 4829 399 4881 riam
473 4839 772 4899 opportune
811 4846 1072 4886 renovare
1126 4849 1417 4902 congruum
1478 4835 1600 4904 est)
1655 4837 2043 4903 Constantius,
2116 4836 2501 4905 imperatorum
2572 4834 2738 4888 nostri
2795 4833 3049 4902 temporis
3105 4830 3492 4886 nobilissimus.

261 4918 337 4974 De
363 4935 474 4990 quo
503 4922 753 4977 nonnulla
784 4939 903 4993 quae
932 4927 997 4980 ad
1027 4925 1120 4980 filii
1149 4929 1669 4982 commendationem
1699 4931 1986 4999 pertinent,
2013 4931 2249 4986 breviter
2272 4945 2303 4983 a
2335 4929 2490 4984 nobis
2533 4926 2848 4996 exponenda
2878 4934 3020 4979 sunt.

331 5039 346 5070 ¹
372 5037 538 5092 Eecli.
574 5053 648 5104 II,
675 5039 765 5094 50.

332 5149 678 5224 (55)_T¢I)_ph
711 5152 1067 5222 μακαρίζειν.
1118 5154 1367 5224 lnlelligit
1401 5155 1573 5209 locum
1609 5155 1696 5219 qui
1730 5156 1826 5209 ha-

259 5219 417 5299 betur
460 5221 514 5299 in
556 5219 922 5299 EccleSiastici
962 5241 1011 5279 c.
1041 5241 1101 5289 ll,
1155 5226 1268 5295 Πρὸ
1294 5219 1403 5296 ’τῆς
1449 5225 1700 5296 τελευτῆς
1747 5227 1820 5299 μὴ

264 5290 533 5364 recedentis
558 5292 796 5364 μηδένα-

331 5361 449 5435 (56)
479 5361 728 5435 νυιςςἩ
753 5361 996 5418 παλαιά.
1026 5364 1193 5421 Codd.
1227 5365 1426 5435 Regius
1462 5373 1515 5421 et
1541 5363 1822 5435 Fuls.isine

259 5432 490 5513 articulo
529 5433 776 5513 scribunt
816 5435 1023 5513 παλαιὰ
1065 5432 1505 5513 κατέχειςεβήμηε,
1554 5445 1611 5513 et_
1635 5434 1733 5513 _sic
1764 5436 1817 5490 in

258 5503 476 5576 scltedis
501 5505 702 5576 :__quo_d
743 5507 961 5576 quidem
999 5508 1171 5576 magis
1199 5503 1422 5576 redolet
1458 5503 1816 5560 Eusebiauum

254 5571 944 5648 stylum._b_lo‘x_legddqwd
987 5571 1273 5648 μέν”γένη.
1317 5574 1483 5631 Recte
1519 5587 1694 5648 autem
1729 5576 1818 5628 Sa-

254 5644 412 5697 vilius
432 5644 500 5722 a_d
535 5642 744 5700 initium
775 5644 932 5715 hujus
963 5642 1156 5718 capitis
1185 5642 1460 5705 adnotavit
1481 5669 1492 5703 :
1512 5645 1631 5701 Huc
1658 5662 1816 5715 usque

252 5729 583 5782 proemium.

2006 5153 2117 5221 (57)
2153 5149 2332 5208 Elius
2374 5151 2485 5222 γὰρ
2513 5152 2697 5206 αὐτὸν
2732 5151 2800 5216 ἐξ
2833 5150 3088 5222 ἐκείνου.
3121 5137 3493 5222 Cluiétophor-

1934 5219 2475 5278 sonus’etPorles‘ius
2523 5226 2619 5276 has
2652 5238 2808 5276 voces
2858 5221 2916 5286 ἐξ
2968 5220 3174 5273 ἐκείνου
3235 5219 3493 5284 interpre-

1931 5296 2024 5347 tati
2063 5305 2210 5356 sunt,
2249 5294 2402 5362 quasi
2449 5293 2825 5347 subaudiretur
2866 5291 2960 5344 τοῦ
3007 5291 3230 5362 τρόπου.
3272 5288 3380 5355 Ego
3428 5287 3492 5351 ἐξ

1928 5365 2134 5419 ἐκείνου
2179 5361 2315 5417 idem
2349 5378 2468 5417 esse
2507 5378 2703 5418 eeuseo
2737 5378 2799 5418 ac
2834 5362 2951 5432 jam
2994 5361 3123 5428 tum,
3175 5361 3237 5410 ab
3275 5374 3332 5409 eo
3361 5365 3492 5409 tem-

1924 5451 2068 5503 pore.
2107 5434 2182 5486 lta
2217 5448 2272 5487 et
2299 5433 2590 5503 Museulus.

1997 5504 2109 5573 (58)
2147 5503 2320 5573 Vulg.,
2353 5499 2440 5557 Αὖ
2477 5505 2631 5572 περί.
2667 5501 3032 5573 Sct'ibendum~
3053 5508 3134 5573 est
3167 5495 3492 5573 sine_dul_iio

1925 5564 2168 5643 οὐπέρι,
2199 5564 2340 5640 ιιιῖοο
2367 5575 2504 5628 idem
2538 5564 2676 5627 valet
2720 5587 2785 5627 ac
2825 5573 2953 5643 περ).
2978 5564 3267 5643 ob.__Atq_i_i_e
3302 5567 3371 5643 ita
3409 5565 3491 5643 le-

1924 5646 2068 5708 gitur
2095 5636 2391 5712 'in’sehedis
2427 5643 2629 5712 Regiis,
2668 5653 2720 5697 et
2756 5644 2805 5695 in
2834 5636 3021 5699 codice
3064 5638 3272 5694 Savilii.
3310 5636 3489 5691 Codex

1927 5713 2058 5769 Fuk.
2094 5708 2262 5783 οὗπερ
2297 5715 2480 5781 habet,
2511 5708 2630 5769 'uon
2670 5713 2828 5769 male.
