3858 6260
375 290 480 349 9‘27

965 412 1193 470 CAPUT
1229 415 1362 471 XIII.

383 499 462 554 De
487 511 638 568 patre
668 506 783 574 ejus
799 505 1129 576 Constantio,
1159 510 1246 576 qui
1270 509 1617 576 Christianos,
1651 523 1706 566 ut
1738 513 1949 571 Diocle-

601 577 776 630 tianus
801 585 851 629 et
869 575 1252 641 Maximianus,
1281 583 1512 650 persequi
1554 575 1742 640 noluit.

455 728 590 783 Cum
645 729 930 798 imperium
992 730 1294 787 Romanum
1336 751 1366 789 a
1416 745 1647 805 quatuor
1701 739 1954 810 Augustis

389 833 684 890 regeretur,
718 824 805 878 hic
833 825 1104 879 diversum
1145 842 1176 880 a
1204 827 1426 898 collegis
1451 829 1563 884 suis
1586 831 1708 885 vita:
1740 832 1955 887 institu-

391 923 503 966 tum
533 915 836 980 aemulatus,
865 917 1014 971 solus
1046 932 1166 972 cum
1197 918 1310 974 Deo
1347 935 1527 974 rerum
1553 923 1794 977 omnium
1839 940 1956 979 mo-

389 1009 639 1059 deratore
689 1022 878 1076 pacem
940 1009 1191 1064 firmavit.
1248 1011 1326 1066 Illi
1371 1014 1512 1068 enim
1562 1013 1823 1070 ecclesias
1862 1017 1955 1072 Dei

369 1095 702 1166 expugnare
734 1099 934 1165 adorti,
971 1101 1086 1155 solo
1115 1112 1422 1171 aequarunt,
1457 1114 1511 1159 et
1555 1109 1796 1162 oratoria
1850 1124 1954 1163 una

388 1203 509 1243 cum
543 1189 677 1258 ipsis
699 1190 1066 1249 fundamentis
1092 1195 1463 1252 aboleverunt.
1512 1197 1609 1254 Hic
1635 1215 1764 1255 vero
1790 1217 1820 1255 a
1862 1217 1958 1256 ne-

388 1283 530 1338 faria
560 1285 771 1342 illorum
802 1289 1076 1360 impietate
1109 1309 1274 1362 puras
1303 1309 1495 1348 manus
1517 1305 1681 1364 atque
1710 1296 1956 1366 integras

389 1376 649 1442 servavit,
683 1393 784 1434 nec
814 1395 873 1434 se
906 1381 1174 1437 ullatenus
1199 1397 1387 1438 eorum
1419 1386 1654 1440 similem
1685 1387 1952 1456 prtestitit.

391 1465 459 1520 Et
489 1468 564 1522 illi
595 1469 812 1538 quidem
840 1472 935 1527 Dei
963 1475 1228 1530 cultorum
1253 1487 1361 1530 tam
1387 1476 1626 1532 virorum
1650 1493 1813 1549 quam
1840 1496 1958 1534 mu-

390 1555 584 1612 lierum
617 1561 877 1627 caedibus,
915 1574 1170 1633 tanquam
1202 1566 1350 1621 civili
1390 1568 1621 1636 quodam
1659 1569 1802 1624 bello
1833 1585 1958 1639 pro-

390 1649 600 1704 vincias
629 1653 730 1706 sibi
761 1654 1034 1722 subiectas
1065 1657 1394 1725 polluerunt.
1432 1659 1529 1714 Hic
1560 1674 1689 1713 vero
1721 1662 1958 1715 animum

1080 298 1347 355 EUSEBII
1386 301 1862 361 CAESARIENSIS
1897 304 2047 362 OPP.
2085 305 2262 362 PARS
2303 307 2344 360 Ι.
2381 335 2452 348 -
2489 305 2880 362 HISTORICA.

3510 306 3610 363 918

2568 423 2956 479 ΚΕΦΑΛΑΙΟΝ
2986 423 3083 475 ﬂ".

2050 516 2189 584 Περὶ
2209 515 2624 571 Κωνσταντίου
2645 515 2750 568 τοῦ
2773 513 2991 581 πατρὸς
3011 513 3217 584 αὑτοῦ,
3235 513 3320 582 μὴ
3349 511 3611 584 ἀνασχο-

2115 583 2303 656 μένου
2333 583 2449 639 τῶν
2481 585 2614 652 περὶ
2644 585 3074 656 Αιοκληζιᾳνὸν
3095 583 3194 656 καὶ
3220 583 3611 656 Μαξιμιανόν,

2124 653 2220 711 καὶ
2251 656 2605 720 Μαξέντιον,
2630 654 2784 708 ὥστε
2807 653 3009 717 διῶξαι
3038 653 3178 720 τοὺς
3197 655 3612 721 Χριστιανούς.

2123 748 2408 818 Τεττάρων
2446 748 2553 819 γάρ
2590 765 2670 800 τοι
2699 747 2798 816 τῆς
2839 746 3122 817 Ῥωμαίων
3153 744 3615 816 αὑτοριρατορικῆς

2053 839 2446 894 κοινωνούντων
2479 839 2674 910 ἀρχῆς,
2715 838 2872 909 μόνος
2907 833 3059 900 οὗτος
3101 836 3457 908 ἀκοινώνητον
3508 837 3614 898 tot;

2054 929 2230 993 ἄλλοις
2283 929 2734 1000 περιϐαλλόμενος
2781 928 3010 1000 τρόπον,
3060 927 3157 998 τὴν
3201 927 3337 998 πρὸς
3387 926 3480 981 τὸν
3528 927 3616 978 ἐπὶ

2057 1022 2271 1076 πάντων
2300 1021 2431 1074 Θεὸν
2477 1021 2656 1089 φιλίαν
2685 1019 2988 1072 ἐσπένδετο.
3029 1020 3091 1071 Οἱ
3127 1019 3224 1089 μὲν
3252 1018 3361 1090 γάρ
3401 1020 3498 1080 τὰς
3529 1019 3615 1070 ἐκ-

2056 1113 2281 1183 κλησίας
2310 1112 2403 1165 τοῦ
2444 1111 2578 1165 Θεοῦ
2621 1110 2903 1182 πολιορκίᾳ
2935 1109 3206 1182 δῃοῦντες,
3244 1108 3302 1173 ἐξ
3335 1109 3500 1178 ὕψους
3540 1110 3616 1170 εἰς

2057 1204 2248 1272 ἔδαφος
2289 1201 2578 1274 καθῄρουν,
2618 1204 2799 1266 αὐτοῖς
2841 1201 3106 1274 θεμελίοις
3148 1202 3271 1264 τοὺς
3300 1200 3617 1271 εὑκτηρίους

2056 1294 2405 1362 ἀφανίζοντες
2431 1293 2610 1355 οἴκους
2628 1309 2641 1322 ·
2681 1293 2708 1344 ὁ
2744 1291 2800 1344 δὲ
2825 1293 2922 1364 τῆς
2951 1291 3152 1345 τούτων
3181 1289 3409 1359 ἐναγοῦς
3432 1290 3615 1343 δυσσε-

2058 1383 2210 1448 ϐείας
2241 1383 2487 1456 καθαρὰς
2523 1381 2788 1452 ἐφύλαττε
2817 1382 2914 1446 τὰς
2943 1385 3146 1453 χεῖρας,
3195 1380 3418 1452 μηδαμῆ
3457 1378 3619 1448 μηδα-

2059 1475 2178 1546 μῶς
2203 1475 2382 1539 αὐτοῖς
2409 1474 2841 1545 ἐξομοιούμενος.
2866 1475 2974 1527 Καὶ
3006 1475 3054 1526 οἱ
3081 1473 3175 1544 μὲν
3197 1471 3480 1542 ἐμφυλίοις
3503 1469 3617 1522 θεο-

2061 1563 2234 1617 σεϐὦν
2291 1564 2498 1636 ἀνδρῶν
2546 1581 2606 1616 τε
2656 1565 2749 1618 καὶ
2790 1563 3064 1633 γυναικῶν
3120 1566 3350 1633 σφαγαῖς
3392 1561 3490 1626 τάς
3533 1561 3620 1614 ὑπ’

2061 1656 2244 1719 αὑτοῖς
2285 1655 2549 1727 ἐπαρχίας
2581 1657 2842 1726 ἐμίαινον,
2877 1657 2904 1708 ό
2949 1656 3005 1708 δὲ
3053 1655 3142 1709 τοῦ
3191 1654 3390 1726 μύσους
3429 1654 3620 1724 ἀμίαν-

391 1744 462 1797 ab
523 1745 828 1813 huiusmodi
889 1749 1096 1803 scelere
1152 1765 1346 1818 purum
1416 1762 1579 1820 atque
1647 1753 1958 1808 inviolatum

2075 1764 2150 1800 εον
2189 1747 2300 1818 (59)
2345 1748 2444 1819 τὴν
2492 1746 2682 1800 ἑαυτοῦ
2726 1749 3004 1818 συνετήρει
3042 1746 3239 1819 ψυχήν.
3269 1746 3401 1801 ’Καὶ
3442 1749 3489 1798 οἱ
3529 1745 3622 1816 μὲν

391 1852 609 1905 semper
641 1842 896 1896 servavit.
933 1842 1012 1896 Illi
1041 1847 1376 1900 coacervatis
1403 1845 1734 1916 impiissimae
1765 1863 1960 1918 Super-

393 1930 632 1984 stitionis
662 1931 838 1998 malis,
865 1935 1072 2003 seipsos
1111 1936 1366 2004 primum,
1406 1953 1468 1993 ac
1499 1939 1693 1994 deinde
1721 1940 1964 1995 subditos

391 2035 582 2076 onmes
613 2024 1065 2092 nequissimorum
1107 2027 1408 2084 daemonum
1445 2029 1723 2086 fraudibus
1751 2033 1961 2087 manci-

393 2123 618 2182 parunt.
659 2115 756 2170 Hic
782 2117 1222 2187 profundissimae
1255 2126 1408 2190 pacis
1459 2121 1601 2177 intra
1635 2123 1846 2193 imperii
1878 2123 1962 2178 sui

393 2203 532 2259 ﬁnes
562 2215 755 2262 auctor
783 2223 848 2263 ac
892 2209 1135 2280 signifer,
1186 2212 1416 2268 subditis
1463 2214 1574 2269 suis
1609 2216 1855 2284 permisit
1903 2225 1964 2270 ut

393 2297 596 2366 absque
628 2298 732 2352 ulla
773 2300 1018 2356 molestia
1061 2301 1244 2358 divino
1273 2303 1439 2358 cultui
1471 2303 1820 2360 inservirent.
1857 2306 1961 2361 De-

392 2389 559 2459 nique
589 2389 663 2443 illi
699 2400 922 2446 cunctos
975 2393 1233 2449 mortales
1285 2395 1621 2464 gravissimis
1662 2399 1967 2453 exactioni-

391 2479 495 2533 bus
546 2481 931 2550 opprimendo,
986 2484 1152 2540 vitam
1199 2484 1304 2540 illis
1358 2487 1582 2542 minime
1640 2489 1858 2544 vitalem
1909 2500 1966 2546 ct

390 2568 559 2643 414
607 2575 798 2641 quavis
851 2583 1025 2630 morte
1065 2578 1401 2633 acerbiorem
1429 2580 1821 2648 prastiterunt.
1860 2580 1962 2634 So-

391 2665 480 2720 lus
507 2665 853 2722 Constantius
881 2668 1150 2738 placidum
1199 2685 1264 2724 ac
1299 2673 1642 2741 tranquillum
1692 2674 1965 2743 principa-

392 2764 508 2810 tum
538 2773 694 2812 suum
723 2761 955 2816 subditis
981 2761 1273 2825 exhibens,
1315 2773 1536 2832 paterna
1573 2766 1802 2833 quadam
1837 2781 1963 2822 cura

394 2864 459 2904 ac
487 2849 848 2906 sollicitudine
876 2866 971 2906 eos
999 2853 1150 2908 fovit.
1199 2855 1369 2909 Porro
1398 2869 1519 2909 cum
1575 2855 1694 2912 aliae
1750 2873 1967 2927 quoque

397 2941 830 3000 innumerabiles
873 2945 1037 3012 huius
1069 2945 1172 2999 viri
1197 2947 1425 3002 virtutes
1451 2948 1518 3002 ab
1543 2950 1796 3004 omnibus
1825 2966 1966 3019 prae-

395 3033 667 3097 dicentnr,
697 3050 804 3090 uno
840 3043 892 3089 et
925 3036 1094 3090 altero
1123 3037 1239 3105 ejus
1267 3035 1505 3092 facinore
1522 3052 1962 3105 commemorato,

396 3139 466 3180 ex
503 3125 700 3195 quibus
731 3126 1044 3194 coniectura
1074 3129 1189 3184 fieri
1229 3132 1400 3196 possit
1437 3130 1504 3184 de
1539 3133 1604 3185 iis
1643 3145 1762 3198 quae
1804 3135 1967 3188 silen-
1993 3105 2034 3162 c

399 3215 479 3269 tio
505 3225 927 3284 praetereuntur,
954 3219 1020 3271 ad
1042 3221 1374 3286 propositum
1411 3222 1568 3278 nobis
1589 3223 1860 3278 scribendi
1883 3238 1970 3278 ar-

399 3316 714 3378 gumentum
745 3309 1233 3379 transgrediemur.

960 3399 1210 3465 [CAPUT
1241 3399 1379 3456 XIV.

403 3488 679 3555 Quomodo
717 3490 1076 3558 Constantius,
1102 3494 1418 3562 exprobrata
1449 3496 1548 3562 ipsi
1576 3513 1609 3548 a
1648 3477 1970 3553 Diocletiano

469 3571 798 3634 paupertate,
823 3565 1074 3634 aerarium
1124 3564 1428 3630 impleverit,
1459 3577 1504 3619 el
1532 3576 1710 3634 postea
1749 3569 1971 3623 collato-

470 3632 618 3684 ribus
645 3633 919 3695 pecuniam
957 3634 1265 3688 reddiderit.

469 3790 602 3846 Cum
639 3791 726 3844 hic
753 3792 1002 3861 princeps
1049 3794 1258 3848 crebris
1305 3794 1580 3848 hominum
1630 3796 1973 3852 sermonibus

401 3883 795 3948 celebraretur,
837 3889 978 3953 quod
1024 3886 1169 3939 mitis
1208 3895 1353 3940 esset
1397 3900 1460 3940 ac
1517 3885 1788 3956 placidus,
1829 3887 1970 3955 quod

401 3975 644 4044 optimus
676 3975 876 4043 Deique
905 3976 1348 4043 amantissimus;
1390 3979 1644 4047 quodque
1691 3978 1760 4032 ob
1797 3978 1974 4032 incre-

401 4066 622 4122 dibilem
647 4082 776 4136 erga
802 4069 1044 4122 subditos
1085 4069 1495 4140 indulgentiam,
1556 4069 1754 4123 nullam
1809 4085 1970 4140 pecu-

404 4155 546 4209 niam
587 4156 636 4208 in
675 4157 944 4211 thesauris
975 4158 1311 4212 reconditam
1368 4159 1626 4224 haberet,
1682 4159 1976 4226 imperator

404 4246 452 4301 is
473 4247 564 4316 qui
596 4256 722 4302 tunc
752 4249 1012 4316 temporis
1039 4263 1351 4318 supremum
1386 4249 1596 4316 imperii
1630 4248 1856 4316 gradum
1879 4247 1976 4300 ob-

405 4337 631 4400 tinebat,
666 4338 844 4393 missis
866 4339 930 4393 ad
954 4354 1074 4392 eum
1094 4337 1412 4408 quibusdam
1439 4339 1770 4402 hominibus,
1795 4337 1978 4407 objur-

2067 1836 2324 1906 συγχύσει
2351 1835 2534 1890 κακῶν
2562 1837 3000 1908 είδωλολατρείας
3029 1837 3319 1908 ἐκθέσμου,
3353 1838 3492 1904 σφᾶς
3517 1835 3620 1905 (40)

2064 1926 2259 1988 αὑτοὺς
2291 1926 2582 1996 πρότερον,
2619 1925 2854 1978 κᾶπειτα
2891 1926 3017 1990 τοὺς
3048 1925 3319 1997 ὑπηκόους
3352 1926 3622 1988 ἅπαντας,

2064 2017 2314 2088 πονηρῶν
2357 2017 2622 2088 δαιμόνων
2668 2017 2896 2081 πλάναις
2938 2016 3372 2080 κατεδουλοῦντο,
3407 2019 3436 2070 ό
3466 2017 3520 2069 δὲ
3553 2019 3624 2070 εἰ·

2066 2110 2234 2182 ρήνης
2261 2108 2564 2180 βαθυτάτης
2606 2112 2717 2174 τοῖς
2752 2111 2843 2164 ὑπ’
2875 2111 3038 2163 αὑτοῦ
3072 2110 3504 2181 βασιλευομένοις
3545 2109 3625 2176 ἐξ·

2066 2202 2272 2272 ἀρχων,
2303 2201 2373 2254 τά
2396 2202 2495 2271 τῆς
2521 2203 2600 2265 είς
2621 2202 2753 2256 Θεὸν
2780 2202 3059 2267 εὐσεϐείας
3085 2203 3264 2256 ἄλυπα
3283 2206 3396 2266 τοῖς
3416 2201 3628 2264 οίκείοις

2063 2294 2375 2364 ἐϐράϐευεν.
2424 2293 2580 2347 Ἀλλὰ
2617 2295 2712 2347 καὶ
2751 2296 2882 2347 πᾶσι
2922 2295 3017 2365 μὲν
3055 2293 3363 2368 ἀνθρώποις
3397 2294 3624 2364 βαρυτά-

2063 2405 2162 2451 τας
2195 2385 2504 2458 εἰσπράξεις
2542 2386 2937 2457 ἐπαιωροῦντες
2967 2389 3016 2442 οε
3055 2387 3221 2453 ἄλλοι,
3259 2387 3374 2458 βίον
3407 2387 3627 2441 ἀϐίωτον

2063 2480 2246 2542 αὑτοῖς
2273 2479 2365 2532 καὶ
2401 2478 2629 2532 θανάτου
2669 2479 3042 2554 χαλεπώτερον
3070 2481 3320 2552 ἐπήρτων
3339 2521 3354 2545 ,
3395 2480 3546 2551 μόνος
3571 2480 3624 2533 δὲ

2066 2568 2439 2632 Κωνστάντιος
2481 2569 2685 2622 ἄλυπον
2732 2571 2844 2634 τοῖς
2885 2571 3202 2642 ἀρχομένοις
3257 2589 3353 2624 και
3399 2570 3622 2642 γαληνὴν

2067 2662 2486 2732 παρασκευάσας
2517 2661 2614 2733 τὴν
2659 2662 2858 2734 ἀρχὴν,
2897 2664 3166 2737 πατρικῆς
3213 2664 3530 2734 κηδεμονίας
3569 2666 3622 2716 ἐν

2065 2755 2239 2808 οὐδενὶ
2271 2755 2558 2807 λείπουσαν
2590 2755 2688 2826 τὴν
2721 2758 2778 2822 ἐξ
2808 2757 2970 2810 αὑτοῦ
3006 2759 3262 2828 παρεῖχεν
3291 2757 3614 2827 ἐπικουρίαν.

2066 2848 2290 2917 Μυρίων
2317 2849 2372 2903 δὲ
2404 2855 2498 2904 καὶ
2537 2849 2710 2905 ἄλλων
2744 2849 2837 2903 τοῦ
2872 2849 3060 2921 ἀνδρὸς
3100 2849 3307 2923 ἀρετῶν
3339 2849 3492 2926 παρὰ
3520 2856 3619 2916 τοῖς

2068 2941 2229 2992 πᾶσιν
2252 2939 2545 3011 ᾀδομένων,
2573 2941 2690 3004 ἐνὸς
2710 2943 2804 2994 καὶ
2830 2939 3080 3011 δευτέρου
3114 2941 3490 3012 μνημονεύσας
3514 2959 3622 2994 κατ-

2067 3031 2413 3102 ορθώματος,
2444 3035 2764 3108 τεκμηρίοις
2794 3052 2854 3088 τε
2895 3035 3102 3098 τούτοις
3128 3033 3237 3088 τῶν
3267 3035 3623 3105 σιωπωμένων

2067 3124 2430 3196 χρησάμενος,
2471 3127 2563 3180 ἐπὶ
2601 3127 2691 3181 τὸν
2725 3126 3081 3198 προκείμενον
3118 3126 3218 3196 τῆς
3250 3125 3468 3197 γραφῆς
3514 3141 3627 3177 σκο-

2069 3216 2170 3270 πὸν
2198 3216 2545 3290 διαϐήσομαι.

2585 3399 2978 3454 ΚΕΦΑΛΑΙυΝ
3016 3402 3109 3456 1Δ’.

2069 3488 2260 3553 Ὅπως
2287 3491 2700 3558 Κωνστὰντιος
2736 3497 2769 3546 ό
2797 3492 2989 3561 πατὴρ
3027 3491 3393 3561 ὀνειδισθεὶς,
3426 3491 3637 3561 πενίιιγ

2137 3561 2256 3614 ὑπὸ
2297 3565 2739 3630 Διοκλητιανοῦ,
2787 3563 2887 3616 καὶ
2925 3558 3063 3629 τοὺς
3105 3560 3449 3628 θησαυροὺς
3489 3558 3632 3627 πλή-

2138 3647 2274 3695 σας,
2325 3633 2591 3686 ἁπέδωκε
2637 3632 2824 3688 πάλιν
2867 3633 2989 3700 τοῖς
3034 3631 3510 3701 προσενεγκοῦσι
3568 3633 3635 3685 τὰ

2139 3703 2336 3770 χρῆμα
2345 3719 2429 3754 τα.

2141 3792 2342 3847 Πολλοῦ
2379 3793 2442 3865 δὴ
2472 3793 2630 3862 λόγου
2667 3794 3079 3864 περιτρέχοντος
3119 3794 3272 3866 φήμῃ
3304 3795 3451 3863 ἀμφὶ
3487 3793 3632 3846 τοῦδε

2072 3882 2164 3938 τοῦ
2201 3884 2481 3954 βασιλέως,
2519 3885 2592 3948 ὡς
2622 3885 2802 3955 ἤπιος,
2835 3885 2910 3948 ὡς
2937 3885 3154 3953 ἀγαθὸς,
3194 3885 3268 3949 ὼς
3311 3885 3371 3938 τὸ
3400 3886 3636 3956 θεοφιλὲς

2073 3976 2351 4046 ὑπεράγαν
2379 3976 2731 4046 κεκτημένος,
2757 3976 2832 4039 ὡς
2862 3975 2928 4028 δι’
2963 3975 3259 4046 ὑπερϐολὴν
3293 3976 3510 4045 φειδοῦς
3536 3977 3634 4029 τῶν

2074 4066 2348 4138 ὑπηκόων,
2383 4066 2500 4120 οὐδὲ
2535 4065 2805 4136 θησαυρός
2843 4083 2926 4129 τις
2964 4065 3108 4137 αύτῴ
3147 4068 3473 4138 τεταμίευτο
3504 4087 3634 4139 χρη-

2077 4156 2281 4227 μάτων.
2311 4155 2556 4225 βασιλεὺς
2589 4156 2617 4208 ὸ
2641 4157 2943 4227 τηνικαῦτα
2974 4157 3063 4210 τὸν
3098 4157 3308 4227 πρῶτον
3334 4157 3436 4226 τῆς
3469 4157 3636 4229 ἀρχῆς

2074 4250 2285 4319 ἐπέχων
2315 4248 2541 4319 βαθμὸν,
2572 4248 2792 4320 πέμψας
2827 4249 2972 4319 αύτῷ
2999 4250 3382 4319 κατεμέμφετο
3407 4250 3508 4320 τὴν
3537 4249 3637 4302 τῶν

2074 4340 2266 4393 κοινῶν
2294 4339 2604 4413 ὀλιγωρίαν,
2643 4340 2832 4392 πενίαν
2864 4340 2911 4392 τ’
2947 4339 3276 4404 ὲπωνείδιζε,
3317 4339 3518 4410 δεῖγμα
3549 4337 3636 4392 τοῦ

404 4429 551 4500 gavit
579 4430 694 4499 ejus
720 4431 772 4484 in
828 4430 1104 4498 republica
1158 4431 1396 4502 gerenda
1447 4431 1828 4502 negligentiam
1865 4448 1878 4484 :
1919 4441 1965 4484 el

2075 4433 2232 4501 λόγου
2282 4432 2556 4506 παρέχων,
2597 4432 2659 4484 τὸ
2693 4432 2854 4502 μηδὲν
2895 4433 3056 4486 αὑτὸν
3089 4434 3144 4484 ὲν
3184 4431 3481 4504 θησαυροῖς
3519 4431 3639 4484 ἀπὸο

403 4530 772 4592 paupertatem
808 4521 909 4590 ipsi
939 4524 1137 4590 probro
1171 4523 1354 4586 vertit,
1397 4525 1501 4578 hoc
1545 4523 1778 4577 maxime
1804 4539 1968 4590 argu-

403 4623 584 4667 mento
617 4613 774 4668 ﬁdem
810 4615 968 4667 dictis
991 4614 1216 4679 faciens,
1247 4616 1388 4684 quod
1430 4615 1563 4670 nihil
1607 4615 1660 4670 in
1705 4614 1972 4670 thesauris

404 4707 740 4760 reconditum
773 4707 1018 4761 haberet.
1062 4709 1133 4761 At
1165 4707 1252 4761 ille
1279 4721 1372 4762 eos
1394 4709 1485 4777 qui
1530 4707 1597 4760 ab
1646 4707 1973 4776 imperatore

403 4813 665 4856 venerant
697 4803 924 4871 rogavit,
957 4813 1016 4855 ut
1044 4802 1183 4870 apud
1231 4815 1288 4855 se
1335 4801 1727 4870 aliquantisper
1775 4801 1971 4854 morari

401 4891 622 4948 vellent.
653 4894 854 4949 Deinde
885 4910 950 4950 ex
1003 4894 1252 4949 omnibus
1302 4893 1598 4962 provinciis
1636 4909 1754 4963 quae
1805 4893 1974 4962 ipsius

474 5101 588 5172 (59)
638 5101 690 5153 '0
730 5100 798 5154 δὲ
829 5099 933 5172 τοῦ
968 5103 1206 5170 μύσους
1247 5103 1553 5172 ἀμίαντον.
1618 5102 1969 5156 Scribendum

403 5170 623 5226 videtur
649 5173 677 5224 ὁ
705 5172 764 5224 δὲ
794 5170 981 5223 τούτου
1009 5172 1101 5223 τοῦ
1141 5170 1360 5242 μύσους.
1407 5174 1600 5226 Iisdem
1644 5173 1754 5224 fere
1798 5173 1974 5225 verbis

401 5242 487 5296 usi
511 5250 635 5295 sunt
664 5242 961 5312 Donatista:
982 5242 1034 5293 in
1071 5243 1248 5295 libello
1279 5257 1498 5312 precum
1523 5259 1681 5310 quem
1709 5243 1971 5296 Constan-

409 5311 530 5365 tino
571 5311 884 5380 imperaturi
914 5310 1222 5365 obtulerunt
1253 5310 1452 5378 {cujus
1503 5313 1777 5380 exemplar
1808 5313 1974 5366 refert

401 5382 695 5449 Optatusin
729 5381 821 5436 lib.
853 5397 866 5434 ι
895 5401 906 5435 :
945 5401 962 5431 ι
988 5382 1255 5450 Rogamus
1287 5392 1358 5449 te,
1378 5383 1724 5436 Constantine
1746 5384 1974 5449 impera-

403 5461 510 5511 tor,
543 5453 796 5519 quoniam
832 5453 898 5505 de
929 5466 1124 5517 genere
1159 5450 1308 5519 justo
1343 5467 1437 5517 es;
1483 5452 1634 5521 cujus
1661 5464 1810 5520 pater
1835 5453 1975 5506 inter

411 5531 638 5574 ceteros
685 5525 1043 5589 imperatores
1071 5522 1500 5589 persecutionem
1541 5537 1644 5576 non
1678 5523 1920 5578 exercuit
1955 5540 1966 5576 :

400 5596 454 5642 et
485 5591 558 5664 ab
583 5597 686 5664 hoc
707 5592 907 5664 scelere
936 5591 1188 5664 immunis
1219 5602 1299 5646 est
1327 5592 1516 5664 Gallia,
1547 5610 1583 5664 is

477 5659 588 5728 (40)
620 5661 822 5730 iVulg"
881 5659 1218 5730 ἐκθέσμους
1283 5659 1505 5730 saurch
1545 5663 1707 5717 Deest
1753 5663 1969 5722 verbum

409 5729 817 5800 προστιθέντες,
855 5741 949 5784 aut
987 5729 1131 5786 aliud
1162 5729 1356 5788 simile.
1403 5731 1509 5788 Nec
1547 5733 1838 5789 omittenda
1885 5744 1967 5790 cst

2072 4525 2222 4580 θετον
2253 4525 2567 4596 κεκτῆσθαι.
2616 4525 2672 4578 '0
2701 4525 2756 4577 δὲ
2779 4525 2904 4586 τοὺς
2945 4524 3095 4595 παρὰ
3125 4524 3383 4602 βασιλέως
3408 4525 3638 4595 ἥκοντας

2073 4618 2235 4671 αὑτοῦ
2279 4617 2458 4688 μένειν
2489 4616 3053 4688 παρακελευσάμενος,
3084 4615 3191 4668 τῶν
3213 4617 3302 4668 ὑπ’
3331 4617 3500 4670 αὑτὸν
3519 4616 3639 4678 τοὺς

2073 4710 2360 4782 ἀμφιλαφῆ
2412 4709 2636 4764 πλοῦτον
2684 4711 3085 4776 κεκτημένους.
3122 4709 3180 4774 ἐξ
3229 4709 3487 4762 ἁπάντων
3534 4707 3636 4760 τῶν

2075 4803 2179 4857 ὑπὸ
2207 4807 2270 4874 τῇ
2304 4801 2548 4873 βασιλείᾳ
2595 4799 2932 4874 συγκαλέσας
2973 4798 3139 4851 ἐθνῶν
3160 4838 3174 4862 ,
3207 4797 3505 4869 χρημάτων
3535 4798 3636 4867 ἐφη

2073 4895 2305 4959 δεῖσθαι,
2349 4895 2442 4947 καὶ
2486 4891 2673 4946 τοῦτον
2724 4888 2861 4946 εἶναι
2907 4891 3093 4962 καιρὸν
3141 4893 3199 4944 ἐν
3251 4883 3296 4958 ᾧ
3345 4890 3636 4960 προσήκειν

2080 5101 2178 5154 viri
2209 5099 2347 5172 docti
2378 5098 2711 5172 conjectura,
2745 5112 2906 5172 quam
2938 5097 3004 5150 ad
3040 5095 3338 5172 marginem
3364 5093 3490 5172 libri
3523 5092 3632 5172 Μρτ

2079 5171 2241 5224 neani
2297 5163 2583 5236 ascriptum
2651 5163 2828 5221 iuveni
2879 5186 2892 5223 :
2950 5181 3139 5234 nempe
3201 5165 3484 5236 legendum
3535 5163 3633 5217 sibi

2077 5242 2268 5312 videri_
2298 5239 2385 5292 διὰ
2416 5233 2514 5312 τὰς
2562 5239 2660 5308 τῆς
2704 5233 3137 5312 είδωλολατρείας
3173 5233 3485 5312 ’ἐκθέσμους
3510 5250 3633 5312 ’φω-

2079 5312 2198 5373 νάς.
2229 5309 2510 5364 Turnebus
2537 5305 2665 5362 vero
2696 5309 2758 5360 ad
2785 5323 2938 5360 oram
2969 5305 3052 5360 sui
3085 5307 3290 5360 codicis
3326 5305 3632 5373 emendavit

2080 5372 2366 5450 ἐκθέσμοις
2413 5377 2636 5448 φωναῖς,
2681 5377 2902 5446 perinde
2946 5391 3012 5431 ac
3052 5375 3309 5450 SaVilitts.
3355 5372 3547 5450 Verum
3579 5373 3666 5426 in-

2080 5444 2294 5506 schedis
2362 5444 2542 5519 liegiis
2604 5444 2767 5523 supra
2822 5461 3048 5523 vocem__
3089 5444 3276 5523 φωνάς
3321 5447 3664 5523 emendatur

2083 5523 2220 5589 σφᾶς
2241 5535 2254 5549 °
2300 5513 2466 5587 quani
2486 5513 2919 5589 emendationem
2954 5513 3178 5589 reliquis
3208 5513 3458 5589 pra-fero.
3492 5513 3634 5589 Seri-

2079 5583 2149 5645 bo
2175 5583 2354 5659 igitur,
2381 5590 2474 5643 καὶ
2504 5588 2672 5660 οἱμὲν
2703 5588 2956 5660 συγχύσει
2990 5583 3172 5660 κακῴν
3204 5583 3634 5660 είδωλολατρείας

2079 5653 2367 5730 ἐκθὲσμού,
2393 5661 2530 5727 σφᾶς
2555 5653 2898 5725 ἀύτούς,ἰἓὶο.
2930 5658 2984 5712 In
3011 5655 3193 5713 codice
3215 5653 3350 5710 Fuk.
3373 5653 3637 5724 scriptum-

2077 5742 2159 5788 est
2185 5731 2466 5800 ἐκθέσμοις
2506 5732 2726 5798 φωναῖς.
