3858 6260
407 301 505 359 931

991 409 1213 466 CAPUT
1240 410 1375 467 XVI.

410 506 681 575 Quomodo
704 504 1076 559 Constantinus
1099 503 1349 558 simulans
1382 516 1438 575 se
1478 500 1757 554 simulacra
1798 498 1967 575 colere

478 596 564 632 eos
590 577 798 647 quidem
824 575 913 647 qui
940 575 1241 647 δωρεῇ-σατις
1264 572 1438 639 parati
1465 582 1635 647 essent
1658 572 1912 647 expulerit
1945 585 1964 623 :

478 640 614 700 ίιιοε⁷
640 662 755 698 vero
784 640 873 713 qui
902 660 957 696 se
1002 640 1325 696 Christianos
1352 641 1587 709 proﬁteri
1642 642 1963 705 maluissem,

478 720 532 770 in
554 715 751 782 palatio
774 715 1066 767 retinuerit.

476 807 588 862 Soli
617 805 937 860 Constantio
961 804 1175 873 sapiens
1203 801 1471 871 qnoddam
1513 800 1794 857 consilium
1818 800 1965 855 venit

408 899 459 953 in
491 907 744 951 mentem.
774 895 851 949 Ac
884 910 973 950 res
997 895 1212 965 quidem
1241 895 1356 962 ipsa
1387 909 1547 962 quam
1583 894 1770 961 gessit,
1800 892 1964 946 mira-

404 989 526 1043 bilis
547 997 631 1042 est
670 984 882 1053 auditu,
927 984 1073 1040 factu
1136 992 1314 1038 tamen
1359 982 1520 1052 longe
1573 980 1961 1036 admirabilior.

404 1075 661 1131 Palatinis
689 1059 940 1130 omnibus
963 1074 1052 1144 qui
1079 1073 1131 1127 in
1178 1071 1344 1142 ipsius
1373 1071 1493 1124 aula
1540 1071 1858 1132 militabant,
1896 1068 1963 1123 ad

403 1167 550 1238 ipsos
575 1163 971 1236 usquejudiees
999 1165 1052 1219 in
1074 1164 1299 1217 summis
1321 1161 1677 1232 potestatibus
1702 1161 1962 1225 constitu-

405 1268 508 1322 tos,
556 1259 677 1312 data
725 1256 957 1327 eligendi
998 1263 1177 1309 utrum
1224 1256 1445 1311 mallent
1490 1252 1769 1319 facultate,
1822 1252 1962 1307 hanc

403 1350 769 1405 conditionem
795 1346 1008 1412 detulit,
1041 1356 1103 1401 ut
1125 1347 1387 1417 siquidem
1423 1344 1752 1399 daemonibus
1791 1344 1962 1399 sacri-

404 1438 680 1501 ﬁcassent,
722 1449 942 1490 manere
973 1435 1103 1505 ipsis
1133 1436 1186 1493 in
1231 1434 1432 1505 palatio
1461 1443 1515 1488 et
1542 1431 1813 1488 consuetis
1860 1432 1963 1488 bo-

404 1530 625 1584 noribus
654 1527 757 1582 l'rui
789 1526 1017 1592 liceret;
1047 1527 1092 1581 si
1137 1540 1267 1581 vero
1320 1524 1371 1579 id
1401 1523 1580 1578 facere
1632 1523 1957 1589 renuissent,

401 1622 468 1677 ab
497 1621 661 1691 ipsius
693 1621 839 1674 aditu
870 1619 1310 1682 excluderentur,
1340 1628 1395 1673 et
1436 1618 1504 1671 ab
1554 1617 1724 1686 ipsius
1772 1617 1960 1672 notitia

402 1727 467 1767 ac
506 1711 872 1766 familiaritate
913 1709 1105 1764 remoti
1135 1708 1492 1763 discederent.
1518 1707 1652 1763 Cum
1686 1721 1815 1778 ergo
1841 1707 1962 1762 uni-

1104 296 1372 354 EUSEBII
1408 287 1883 351 CAESARIENS‘S
1914 294 2066 369 ’OPP.
2111 293 2288 350 PARS
2327 294 2366 348 1.
2405 325 2476 337 -
2511 294 2899 353 HlSTORlCA.

1996 414 2045 471 Α

3526 295 3640 352 932

2576 407 2966 464 ΚΕΦΛΛΑΙΟΝ
3003 408 3120 476 IC,’.

2073 499 2261 565 Ὅπως
2275 499 2688 566 Κωνστόψτιος
2705 502 2737 553 ό
2755 497 2950 565 πατὴρ
2962 496 3457 564 εὶδωλολατρείαν
3479 514 3525 565 σ

2233 725 2517 776 παλατιφ.

2137 800 2301 872 Μόνῳ
2327 801 2371 854 δ’
2400 801 2506 872 ἄρα
2529 801 2889 872 Κωνσταντίῳ
2918 801 3077 871 σοφία
3116 818 3200 864 τις
3234 800 3350 874 (47)
3381 800 3636 872 ὑπεισῄει

2067 890 2323 962 λογισμοῦ
2344 910 2358 923 ο
2384 894 2478 947 καὶ
2506 893 2734 963 πρᾶγμα
2762 893 2991 963 πράττει
3019 892 3315 963 παράδοξον
3342 891 3443 962 μὲν
3468 890 3635 945 ἀκοῦ-

2070 998 2180 1046 σαι,
2214 984 2415 1054 πρᾶξαι
2455 983 2513 1037 δὲ
2547 982 3009 1054 θαυμασιώτατον.
3054 983 3178 1047 Τοῖς
3205 983 3318 1053 γὰρ
3362 983 3458 1035 ὑπ’
3483 981 3634 1053 αὐτῷ

2070 1073 2361 1144 βασιλικοῖς
2399 1074 2512 1147 (48)
2555 1075 2725 1130 ἅπασι
2780 1074 2939 1146 μέχρι
2977 1074 3071 1128 καὶ
3102 1073 3211 1127 τῶν
3245 1072 3334 1127 ἐπ’
3380 1072 3633 1140 ἐξουσίας

2066 1165 2338 1238 ἀρχόντων
2370 1167 2631 1238 αἱρέσεως
2678 1166 3068 1239 προταθείσης,
3101 1164 3351 1236 σύνθημα
3390 1164 3629 1230 δίδωσιν,

2064 1256 2098 1328 ἢ
2130 1255 2322 1311 θύσασι
2345 1260 2455 1321 τοῖς
2480 1256 2747 1328 δαίμοσιν,
2777 1258 2974 1321 ἐξεῖναι
2999 1257 3129 1328 παρ’
3151 1255 3299 1326 αὐτῷ
3328 1255 3510 1327 μένειν
3537 1257 3633 1310 καὶ

2064 1346 2171 1399 τῶν
2193 1347 2436 1418 συνήθων
2464 1347 2889 1418 μεταλαγχάνειν
2910 1345 3108 1417 τιμῶν,
3131 1345 3165 1418 ἤ
3199 1346 3273 1419 μὴ
3296 1344 3457 1400 τοῦτο
3483 1348 3632 1418 πρά-

2066 1436 2208 1503 ξασι,
2239 1438 2347 1493 τῶν
2379 1437 2514 1509 πρὸς
2538 1438 2727 1493 ἑαυτὸν
2750 1437 3166 1493 ἀποκεκλεῖσθαι
3192 1437 3465 1510 παρόδων,
3497 1438 3635 1504 έξωο

2067 1527 2273 1583 θεϊσθαί
2301 1546 2361 1583 τε
2397 1529 2491 1583 καὶ
2513 1529 2818 1601 ἀποχωρεῖν
2848 1528 2949 1599 τῆς
2976 1527 3138 1582 αὑτοῦ
3166 1525 3421 1597 γνώσεώς
3450 1544 3508 1581 τε
3537 1529 3631 1581 καὶ

2064 1617 2407 1688 οἰκειότητος.
2443 1617 2657 1689 Ἐπειδὴ
2680 1604 2773 1673 οὖν
2796 1618 3123 1690 διεκρίνοντο
3144 1618 3223 1680 είς
3247 1616 3554 1688 ἀμφότερα,
3579 1618 3629 1669 οὶ

2069 1708 2166 1781 μὲν
2182 1709 2257 1772 ὡς
2270 1708 2477 1773 τούσδε,
2507 1711 2557 1763 οί
2577 1709 2619 1762 δ’
2636 1709 2711 1773 ὡς
2732 1709 2971 1773 ἐκείνους
2991 1706 3352 1781 μεριζόμενοι,
3369 1706 3630 1779 ἠλέγχετό

400 1803 545 1858 versi
566 1800 819 1856 bifariam
876 1800 1125 1870 dirempti
1159 1807 1377 1864 essent,
1408 1799 1647 1869 aliusque
1699 1798 1752 1852 in
1802 1798 1950 1854 hanc.

2068 1817 2126 1854 τε
2143 1803 2170 1856 ό
2183 1801 2281 1872 τῆς
2298 1802 2521 1855 ἑκάστου
2551 1801 2920 1871 προαιρέσεως
2942 1801 3161 1873 τρόπος,
3182 1798 3418 1854 ἐνταῦθα
3445 1799 3628 1854 λοιπὸν

401 1897 539 1950 alius
573 1896 627 1949 in
664 1894 805 1948 illam
838 1902 1048 1965 partem
1074 1891 1442 1956 discessisset,
1466 1900 1519 1947 et
1542 1891 1961 1962 uniuscujusque

402 1987 738 2058 propositum
768 1999 833 2040 ac
888 1983 1153 2039 sententia
1212 1982 1488 2052 explorata
1552 1981 1786 2038 fuisset:
1831 1993 1960 2039 tunc

401 2080 632 2134 eximius
656 2077 909 2149 princeps
936 2074 1221 2129 consilium
1239 2089 1392 2130 suum
1423 2073 1564 2142 quod
1586 2074 1847 2129 hactenus
1879 2074 1959 2128 la-

402 2180 601 2235 tuerat,
632 2172 906 2239 detegens,
932 2167 1098 2240 416
1127 2165 1337 2221 illorum
1360 2164 1576 2236 quidem
1620 2165 1958 2220 timiditatem

402 2279 467 2317 ac
495 2263 716 2317 nimium
740 2261 822 2317 sui
854 2261 1096 2329 ipsorum
1130 2271 1370 2313 amorem
1400 2257 1784 2313 condemnavit
1810 2274 1825 2313 :
1859 2257 1960 2314 hos

401 2371 532 2410 vero
559 2355 627 2409 ob
661 2354 912 2409 devotam
943 2351 1128 2407 divino
1162 2348 1372 2404 Numini
1406 2348 1788 2404 conscientiam
1836 2364 1959 2403 ma-

400 2460 636 2514 gnopere
664 2444 936 2515 probavit.
962 2443 1041 2498 Ac
1075 2442 1269 2496 deinde
1299 2440 1419 2496 illos
1449 2441 1664 2511 quidem
1698 2451 1957 2510 tanquam

400 2537 492 2592 Dei
527 2538 851 2606 proditores,
884 2550 951 2589 ne
979 2534 1236 2605 principis
1291 2533 1508 2603 quidem
1554 2532 1816 2601 obsequio
1873 2530 1957 2586 di-

398 2628 834 2699 gnosjudicavit.
871 2627 1003 2682 Nam
1038 2627 1327 2697 quomodo,
1376 2624 1569 2695 inquit,
1624 2623 1782 2678 ﬁdem
1830 2637 1958 2691 erga

393 2722 695 2793 principem
717 2738 871 2779 suum
911 2718 1179 2776 servaturi
1210 2725 1354 2783 sunt,
1386 2717 1476 2786 qui
1501 2731 1629 2785 erga
1652 2715 1817 2770 Deum
1838 2729 1960 2784 per-

396 2814 487 2868 tidi
523 2826 644 2868 esse
679 2809 1195 2881 deprehenduntur?
1223 2808 1410 2878 itaque
1437 2806 1697 2877 ejusmodi
1729 2806 1877 2861 viros
1925 2818 1957 2860 a

395 2904 562 2975 regiis
590 2903 792 2958 sedibus
819 2900 1007 2970 procul
1039 2899 1363 2970 ablegandos
1387 2912 1506 2953 esse
1557 2896 1789 2952 censuit.
1834 2894 1957 2951 Illos

394 3010 525 3049 vero
554 3010 690 3064 quos
722 2995 829 3049 Deo
850 2995 1039 3063 dignos
1059 3006 1180 3047 esse
1222 2990 1464 3044 veritatis
1494 2989 1664 3058 ipsius
1709 2988 1957 3042 testimo-

394 3087 486 3141 nio
510 3096 804 3154 constaret,
829 3086 1016 3140 eodem
1051 3099 1179 3154 erga
1215 3081 1513 3151 principem
1539 3081 1720 3135 animo
1745 3079 1954 3135 futuros

2059 1892 2397 1964 όθαυμάσιος
2426 1893 2488 1944 τὸ
2513 1890 2730 1964 λεληθὸς
2760 1893 2854 1946 τοῦ
2889 1893 3217 1963 σοφίσματος
3245 1891 3626 1963 ἀποκαλύψας,

2058 1981 2165 2036 τῶν
2184 1981 2281 2052 μὲν
2295 1981 2490 2036 δειλίαν
2505 1983 2599 2037 καὶ
2615 1983 2898 2052 φιλαυτίαν
2914 1985 3298 2048 κατεγίνωσκε,
3313 1985 3442 2047 τοὺς
3456 1984 3512 2037 δὲ
3525 1984 3627 2054 τῆς

2059 2074 2193 2146 πρὸς
2225 2076 2315 2128 τὸν
2346 2074 2476 2128 Θεὸν
2510 2076 2862 2147 συνειδήσεως
2888 2071 2947 2129 εὖ
2984 2076 3127 2147 μάλα
3163 2076 3476 2145 ἀπεδέχετο.
3507 2076 3626 2128 Κά-

2059 2179 2219 2217 πειτα
2243 2164 2367 2227 τοὺς
2398 2164 2514 2234 μὲν,
2540 2164 2614 2229 ὡς
2644 2165 2709 2219 ἂν
2738 2164 2873 2219 Θεοῦ
2902 2166 3182 2239 προδότας,
3206 2166 3341 2237 μηδὲ
3365 2164 3624 2235 βασιλέως

2058 2250 2197 2308 εἶναι
2245 2253 2425 2320 ἀξίους
2469 2256 2768 2325 ἀπέφαινε’
2816 2258 2931 2321 πῶς
2977 2240 3085 2327 γάρ
3129 2259 3192 2313 ἄν
3236 2273 3368 2311 ποτε
3417 2257 3627 2327 βασιλεῖ

2059 2347 2239 2400 πίστιν
2279 2347 2506 2418 φυλάξαι
2540 2348 2671 2421 (49),
2714 2351 2840 2417 τοὺς
2870 2351 2998 2421 περὶ
3025 2351 3085 2405 τὸ
3117 2353 3362 2422 κρεῖττον
3397 2350 3624 2413 ἁλόντας

2058 2436 2410 2508 ἀγνώμοναςς
2446 2439 2526 2492 διὸ
2559 2440 2652 2493 καὶ
2684 2439 2974 2510 βασιλικῶν
3011 2439 3175 2496 οἴκων
3210 2440 3432 2513 μακρὰν
3467 2441 3624 2494 ἐλαύ-

2058 2528 2237 2583 νεσθαι
2279 2529 2386 2583 δεῖν
2429 2530 2648 2596 τούτους
2696 2531 3000 2603 ἐνομοθέτει
3023 2550 3037 2563 ο
3078 2533 3204 2595 τοὺς
3249 2531 3309 2585 δὲ
3352 2532 3492 2603 πρὸς
3523 2533 3622 2603 τῆς

2056 2619 2309 2691 ἀληθείας
2350 2623 2788 2693 μαρτυρηθέντας
2837 2624 2972 2678 Θεοῦ
3017 2623 3216 2691 ἀξίους,
3258 2622 3480 2694 όμοίους
3525 2626 3621 2677 καὶ

2057 2714 2186 2786 περὶ⁹
2236 2714 2455 2786 βασιλέα
2505 2716 2674 2770 εἰπὼν
2712 2715 2961 2783 ἔσεσθαι,
3011 2716 3481 2789 σωματοφύλακας
3527 2718 3621 2769 καὶ

2057 2806 2224 2878 αὐτῆς
2262 2806 2533 2877 βασιλείας
2571 2811 2838 2881 φρουροὺς
2877 2811 3202 2865 κατέταττεν
3221 2849 3239 2875 ,
3283 2811 3343 2864 ὲν
3387 2807 3621 2881 πρώτοις

2056 2898 2152 2952 καὶ
2176 2898 2285 2969 (50)
2318 2898 2633 2970 ἀναγκαίοις
2659 2901 2826 2971 φίλων
2851 2919 2909 2954 τε
2935 2903 3027 2957 καὶ
3050 2902 3263 2957 οἰκείων
3289 2902 3492 2974 χρῆναι
3516 2903 3623 2971 φή-

2060 3006 2155 3054 σας
2174 2991 2298 3054 τοὺς
2316 2991 2588 3055 τοιούτους
2612 2993 2720 3047 δεῖν
2746 2993 3046 3065 περιέπειν,
3075 2995 3167 3047 καὶ
3194 2994 3396 3065 μᾶλλον
3423 2992 3620 3056 αὐτοὺς

2058 3080 2092 3154 ἢ
2125 3081 2372 3152 μεγάλων
2406 3086 2601 3154 ταμεῖα
2643 3083 2931 3157 θησαυρῶν
2971 3084 3293 3155 περιπολλοῦ
3329 3083 3615 3155 τιμᾶσθαι,

392 3192 512 3233 esse
545 3176 841 3241 aﬂirmans,
885 3183 1214 3244 protectores
1259 3183 1420 3241 atque
1449 3170 1654 3241 imperii
1689 3172 1855 3243 ipsius
1899 3173 2148 3228 custodes
2209 3175 2519 3241 constituit;
2569 3175 2831 3247 ejusmodi
2861 3177 3106 3233 homines
3149 3178 3290 3233 inter
3319 3179 3617 3248 praecipuos

393 3269 687 3323 amicorum
718 3276 771 3322 et
805 3266 1036 3321 maxime
1070 3266 1406 3321 necessarios
1446 3265 1724 3322 habendos
1756 3280 1874 3321 esse
1898 3265 2103 3333 dicens,
2132 3266 2404 3340 multoque
2458 3269 2627 3341 pluris
2672 3270 3014 3326 aestimandus
3059 3286 3221 3340 quam
3258 3273 3614 3328 maximarum

392 3379 552 3433 opum
580 3363 880 3418 thesauros.

966 3451 1192 3508 CAPUT
1225 3453 1387 3509 XVII.

393 3547 470 3602 De
508 3547 698 3616 affectu
721 3554 768 3600 et
802 3560 979 3598 amore
1021 3544 1251 3665 ejus‘dem
1304 3545 1599 3599 Constantii
1644 3559 1767 3614 erga
1798 3541 1951 3597 Chri-

1094 3631 1118 3665 s
1148 3631 1255 3665 um.

1094 3631 1255 3669 stum.

462 3706 778 3775 Huiusmodi
807 3703 1268 3759 fuitConstantini
1307 3713 1476 3771 pater,
1524 3703 1664 3758 sicut
1716 3718 1747 3757 a
1796 3702 1951 3758 nobis

388 3801 626 3856 breviter
660 3798 950 3853 indicatum
1008 3805 1113 3851 est.
1144 3793 1329 3862 Qualis
1377 3804 1554 3851 autem
1606 3796 1784 3851 exitus
1827 3799 1951 3849 vita:

390 3894 462 3947 illi
491 3890 795 3961 contigerit,
828 3904 951 3945 cum
978 3903 1036 3944 se
1064 3885 1223 3942 talem
1250 3901 1378 3956 erga
1409 3888 1574 3943 Deum
1595 3886 1948 3958 praestitisset,

387 3972 765 4056 quantumque
792 3983 1085 4039 discrimen
1123 3983 1264 4038 inter
1288 3982 1437 4037 illum
1468 3991 1523 4036 et
1565 3980 1801 4050 reliquos
1850 3983 1949 4034 im-

386 4079 523 4149 perii
550 4084 829 4133 consortes
854 4077 900 4129 is
925 4090 1082 4144 quem
1112 4074 1353 4129 coluerat
1382 4072 1523 4126 Dens
1540 4086 1660 4126 esse
1692 4069 1941 4133 voluerit,

388 4169 630 4239 quisquis
655 4182 767 4224 rem
791 4170 959 4238 ipsam
992 4167 1248 4222 attentius
1288 4165 1624 4234 expenderit,
1658 4163 1817 4218 facile
1854 4177 1947 4218 co-

387 4341 528 4395 modi
555 4340 753 4410 palatia
787 4355 879 4394 seu
905 4341 1092 4395 domus
1112 4336 1270 4410 regiae
1293 4345 1449 4390 erant
1470 4333 1942 4410 subdispositione

2567 3449 2958 3504 ΚΕΦΑΛΔῙΟΝ
2996 3452 3095 3504 IZ’.

2137 3539 2275 3607 Περὶ
2318 3537 2430 3609 τῆς
2465 3540 2859 3610 φιλοχρίστου
2895 3540 3082 3596 αὐτοῦ
3114 3540 3536 3610 προαιρέσεως.

2138 3697 2272 3750 Ἀλλ’
2300 3690 2409 3760 οἷος
2441 3697 2536 3766 μὲν
2568 3695 2680 3767 (5})
2712 3696 2741 3748 ό
2771 3695 3176 3749 Κωνσταντίνου
3201 3696 3382 3769 πατὴρ
3415 3715 3614 3769 μνημο-

2055 3788 2288 3852 νεύεται,
2321 3787 2396 3851 ὡς
2423 3789 2481 3841 ὲν
2519 3788 2741 3859 βραχέσι
2780 3787 3088 3858 δεδήλωται.
3142 3787 3352 3845 Ὀποῖον
3377 3790 3425 3845 δ’
3467 3793 3612 3864 αὐτῷ

2053 3880 2236 3951 τοιῷδε
2284 3880 2410 3952 περὶ
2456 3880 2544 3934 τὸν
2590 3880 2721 3934 Θεὸν
2751 3879 3116 3950 ἀποδειχθέντι
3162 3883 3611 3956 παρηκολούθησε

2052 3973 2222 4037 τέλος,
2261 3974 2355 4027 καὶ
2382 3972 2439 4028 έν
2472 3972 2620 4039 πόσῳ
2649 3972 2711 4025 τὸ
2742 3971 3048 4026 διαλλάττον
3082 3972 3245 4026 αὐτοῦ
3281 3990 3343 4027 τε
3376 3977 3473 4029 καὶ
3509 3975 3609 4029 τῶν

2050 4068 2316 4124 κοινωνῶν
2345 4069 2441 4140 τῆς
2469 4066 2741 4137 βασιλείας
2774 4068 2803 4122 ό
2827 4066 2962 4139 πρὸς
3001 4066 3162 4121 αὑτοῦ
3194 4067 3452 4140 τιμηθεὶς
3484 4068 3608 4132 Θεὸς

2047 4161 2234 4226 ἔδειξε,
2281 4161 2439 4232 μάθοι
2472 4162 2537 4216 ἄν
2584 4178 2665 4224 τις
2711 4163 2777 4233 τῇ
2820 4159 2919 4215 τῶν
2957 4160 3298 4232 πραγμάτων
3348 4160 3445 4215 τὸν
3489 4160 3607 4213 νοῦν

2044 4334 2103 4390 1η
2128 4336 2311 4391 codice
2337 4336 2500 4408 Regio
2522 4337 2589 4391 ad
2612 4337 2751 4393 latus
2771 4337 2962 4394 borum
2982 4339 3268 4394 verborum
3296 4336 3605 4407 bujusmodi

385 4404 741 4500 quorumdam
770 4408 1226 4500 ollipialitim,_q:ii
1250 4404 1939 4500 epraenpalptigpuugjpfag
1970 4443 2016 4500 Β
2044 4415 2171 4500 nota
2203 4404 2489 4500 apponitur
2513 4425 2636 4500 "top:
2683 4409 2929 4500 Similem,
2976 4418 3161 4500 notam
3193 4404 3605 4490 supra'notavi-

387 4474 605 4546 bantur,
654 4479 722 4534 de
773 4480 971 4549 quibus
1024 4474 1940 4549 men—tioﬁt_in_Notitia_imperii
1970 4474 2016 4500 ν
2043 4490 2165 4549 mus
2207 4474 2460 4549 in'lib._x
2505 4474 2758 4549 Historia:
2801 4477 3206 4549 Eeclesiastictg,
3254 4474 3308 4549 in
3353 4479 3605 4549 ora_tione

386 4542 639 4604 Romani.
672 4542 804 4604 Haec
821 4549 983 4618 igitur
1015 4547 1223 4618 palatia,
1243 4542 1939 4618 intelligitEusebiusJSed

386 4631 442 4673 et
490 4621 646 4675 villas
686 4616 930 4686 publicas
964 4616 1072 4687 seu
1115 4617 1292 4687 regias
1338 4616 1563 4684 intelligi
1605 4622 1755 4685 puto,
1806 4628 1941 4683 quas

384 4692 652 4743 curabant
684 4686 996 4743 Caesariani.

456 4760 567 4829 (47)
598 4759 785 4829 Σοερζα
805 4775 915 4824 τις.
942 4756 1071 4829 Post
1095 4755 1211 4809 haec
1235 4756 1397 4829 verba
1432 4755 1487 4810 in
1512 4753 1727 4829 schedis
1755 4752 1939 4823 Regiis

382 4824 484 4881 vos
521 4824 775 4891 εύσεὸοὖς
803 4831 870 4880 ad
901 4827 1461 4895 marginem‘additm:
1491 4824 1768 4894 eleganter
1798 4841 1812 4855 ·
1850 4840 1938 4876 σο-

384 4897 481 4968 φία
514 4917 595 4961 τις
626 4896 888 4968 εὐσεϐοῦς
919 4892 1167 4968 ὑπεῐσῂει
1203 4892 1483 4968 λογισμοῦ.

454 4970 565 5038 (48)
601 4967 748 5038 Vulg.
772 4966 898 5031 τοῖς
929 4961 1160 5038 γᾴρ-ὕπ’
1190 4961 1376 5038 apem”)
1400 4961 1770 5038 βασιλικοῖς.
1795 4961 1937 5038 Lego

385 5029 475 5091 ὑπ⁵
500 5029 669 5107 αύτῷ,
695 5029 757 5090 ut
780 5029 948 5090 cst—in'
965 5029 1101 5089 F'ult.
1143 5035 1412 5107 et__Mortei
1449 5035 1609 5107 libro,
1626 5034 1692 5107 id
1717 5042 1800 5085 est
1823 5029 1935 5107 Pa-

384 5108 562 5159 latinis
594 5102 830 5160 omnibus
857 5107 950 5159 sub
978 5106 1090 5172 ipso
1126 5103 1496 5167 militantibus,
1535 5104 1763 5172 ipsisque
1803 5102 1933 5153 adeo

384 5177 646 5229 iudicibus
672 5178 761 5243 qui
793 5177 849 5229 in
883 5171 1147 5243 potestate
1184 5183 1330 5243 erant
1369 5171 1658 5227 constituti.
1687 5171 1935 5243 Potestas

382 5248 599 5315 proprie
631 5239 826 5315 dicitur
866 5239 936 5299 de
965 5242 1271 5315 majoribus,
1295 5241 1612 5315 judicibus,_
1630 5239 1932 5315 cujusmodi

382 5309 538 5369 erant
575 5314 810 5385 praefecti
847 5314 1118 5384 praetorio.
1150 5312 1240 5385 Sic
1264 5312 1551 5385 in_fra_cap.
1586 5310 1677 5373 28,
1700 5309 1767 5362 'et
1793 5309 1932 5385 apud

383 5378 658 5440 Socratem
692 5386 744 5438 in
779 5378 872 5438 lib'.
914 5399 974 5448 ll,
1015 5398 1136 5448 cap.
1172 5381 1259 5444 12,
1293 5382 1359 5435 de
1406 5378 1934 5450 Pliilipporprtel'ecto

379 5456 650 5521 pratorio.
698 5457 802 5510 Sed
839 5465 895 5507 et
948 5455 1009 5523 in
1046 5450 1214 5506 Gestis
1257 5449 1584 5523 purgationis
1628 5449 1928 5523 ⁸(ἱιιξίςίιίιῃιί,

378 5515 654 5587 Agesilaus
680 5524 921 5577 ollicialis
946 5521 1156 5577 Ailiano
1181 5515 1481 5589 proconsuli
1514 5521 1584 5574 ita
1619 5516 1750 5573 dicit
1775 5536 1789 5571 :
1821 5515 1933 5570 Po-

378 5601 536 5645 testas
584 5602 675 5646 tua
717 5603 820 5647 etc.
880 5592 1015 5646 Vide
1062 5606 1181 5659 quae
1221 5604 1383 5658 supra
1428 5590 1607 5645 notavi
1652 5590 1717 5643 ad
1763 5589 1853 5643 lib.
1896 5602 1930 5640 ν

378 5661 756 5713 Historiarum.

437 5671 756 5715 “tartarum.

2042 4545 2498 4630 illapanegyrica,
2524 4547 2669 4630 dicta
2703 4548 2753 4601 in
2776 4547 3125 4630 dedicatione
3150 4547 3411 4630 Ecelesias
3438 4546 3601 4630 Tyri:

2040 4615 2143 4668 nisi
2174 4615 2535 4687 quod’littera
2583 4618 2673 4670 illa
2704 4619 2787 4671 cui
2834 4633 2865 4687 ρ
2906 4617 3171 4687 inﬁgitur,
3226 4617 3317 4671 hic
3364 4615 3603 4687 undique

2040 4685 2292 4738 conclusa
2323 4694 2426 4739 est.
2463 4687 2583 4752 Quo
2615 4687 2784 4755 magis
2819 4685 3076 4753 adducor,
3113 4697 3171 4739 ut
3202 4685 3599 4741 credam'ha'ne

2039 4763 2222 4827 notam
2243 4769 2362 4809 esse
2388 4772 2445 4824 φ.
2481 4763 2535 4810 et
2564 4771 2616 4827 ρ.
2648 4764 2701 4827 et
2726 4755 3033 4823 signiﬁcare
3066 4755 3371 4827 φρόντισον,
3408 4756 3464 4827 id
3497 4764 3601 4819 est,

2037 4825 2283 4896 attende,
2311 4826 2519 4896 cogita.
2546 4825 2778 4896 Additur
2802 4835 2989 4896 autem
3015 4825 3130 4879 haec
3160 4837 3283 4896 nota
3313 4826 3475 4893 locis,
3511 4828 3600 4896 qui

2038 4893 2237 4965 liabent
2272 4893 2506 4964 aliquam
2526 4893 2914 4965 ditiicultatem.
2948 4893 3110 4949 Verbi
3140 4895 3316 4965 gratia
3349 4896 3455 4949 hoc
3482 4893 3601 4949 loco

2037 4962 2295 5018 lectorem
2352 4962 2550 5020 morari
2598 4970 2774 5032 potest
2830 4965 3039 5019 novitas
3091 4962 3247 5032 hujus
3306 4964 3602 5021 locutionis

2036 5032 2297 5158 ξᾶςεέτιὸιρ
2330 5034 2396 5089 ἃν
2436 5031 2691 5105 φυλάξαι,
2740 5032 2841 5088 nisi
2877 5034 3015 5088 sciat
3046 5031 3409 5104 supplendum
3436 5035 3600 5089 δυνα-

2033 5120 2125 5157 τον
2157 5120 2264 5157 ειη.

2129 5121 2374 5244 ὄῗῖιοῈν
2407 5172 2657 5243 πρώτοις
2700 5172 2820 5228 καί.
2866 5172 3049 5244 Codex
3082 5172 3285 5244 Regius
3332 5173 3594 5244 scriptum

2034 5243 2245 5318 habet:
2289 5246 2347 5298 ὲν
2377 5244 2611 5318 πρώτοις
2638 5261 2696 5296 τε
2719 5243 3043 5318 ’ἀναγκαίοις
3075 5255 3191 5318 (διο.Δ
3221 5243 3376 5318 ΩΨΩιΙ
3410 5243 3593 5318 aut_em

2033 5315 2278 5386 sequitur
2303 5313 2500 5386 χρῆναι
2520 5315 2647 5386 δεῖν,
2681 5313 3135 5386 pleonasmusest
3168 5313 3454 5386 familiaris
3483 5313 3590 5367 Eu-

2034 5385 2204 5438 sebio.
2240 5383 2516 5441 Sioe'nim
2557 5385 2760 5439 locutus
2803 5391 2887 5438 est
2922 5385 2976 5438 in
3012 5384 3166 5442 libris
3202 5383 3589 5445 Historiarum,

2033 5463 2092 5508 ut
2126 5460 2291 5522 probe
2317 5454 2559 5522 memini.

2103 5520 2215 5594 (Si)
2258 5524 2420 5594 Ἀλλ’
2448 5521 2573 5590 οἷος
2596 5524 2728 5594 μέν.
2770 5521 2920 5594 Novi,
2947 5522 3142 5592 capitis
3174 5521 3471 5577 sectionem
3506 5520 3588 5574 hic

2034 5593 2278 5658 iecimus,
2309 5593 2464 5664 Regii
2489 5593 2689 5664 codicis
2721 5593 3094 5650 auctoritatem
3124 5595 3323 5664 secuti,
3350 5593 3441 5649 cui
3462 5606 3590 5647 con-

2032 5666 2197 5722 sentit
2221 5662 2555 5723 cedes—Fuit.
2590 5680 2712 5723 cum
2742 5665 3015 5724 veteribus
3043 5662 3283 5721 schedia.

447 5729 558 5807 (ιο)
756 5732 862 5800 γὰρ
876 5730 956 5809 κᾷν
973 5742 1123 5807 ,ποτε
1143 5728 1394 5809 ,ϐασιλεῖ
1415 5728 1621 5783 πίστιν
1639 5725 1923 5801 savldfat,
