3858 6260
207 207 370 275 -935
1357 226 1445 280 DE
1486 226 1650 282 VlTA
1689 226 2156 284 CONSTANTINI
2203 229 2333 287 LIB.
2378 231 2418 285 1.
3436 245 3501 305 93

232 337 560 410 ἐπιστήσας
602 337 780 408 φύσει.
825 339 1038 413 Ἐπειδὴ
1069 340 1178 414 γὰρ
1213 340 1500 414 βασιλικῆς
1536 345 1734 415 ἀρετῆς
1766 344 1802 396 δι

1922 408 1928 418 ι
1954 353 2198 416 gnoscet.
2254 346 2552 418 Postquam
2582 351 2726 406 enim
2752 353 2920 410 multa
2951 357 3113 428 regiae
3141 343 3358 418 virtutis
3395 363 3535 424 indi-

232 430 420 500 κίμια
467 431 662 502 μακρῷ
711 431 931 486 δεδώκει
983 433 1191 505 χρόνῳ,
1231 434 1391 504 μόνον
1440 435 1539 506 μὲν
1576 437 1706 489 Θεὸν
1754 435 1802 488 τὶ

1947 437 2028 490 cia
2057 437 2359 493 diutissime
2390 437 2733 509 praebuisset,
2772 460 2941 501 unum
2982 450 3198 520 quidem
3259 468 3531 511 summum

233 523 350 576 ἐπὶ
379 525 595 578 πάντων
625 524 736 596 (52)
768 524 941 589 εἰδὼς,
981 526 1080 596 τῆς
1115 527 1171 579 δὲ
1211 525 1320 580 τῶν
1361 527 1538 583 ἀθέων
1579 546 1802 596 κατεγνο

1944 529 2183 583 omnium
2208 529 2376 584 Deum
2431 546 2751 602 agnoscens,
2791 551 2980 594 eorum
3015 556 3146 598 vero
3195 545 3286 614 qui
3351 547 3532 618 plures

233 614 370 678 κὼς
412 615 702 681 πολυθεῖας
723 656 736 680 ,
764 617 950 687 εὐχαῖς
979 634 1036 669 τε
1086 617 1258 687 ἁγίων
1286 619 1495 692 ἀνδρῶν
1543 620 1632 673 τὸν
1675 621 1840 674 αὑτοῦ

231 710 660 782 περιεφράξατο
688 708 853 776 οἶκον,
879 711 1111 781 εὐσταλῆ
1140 713 1200 765 τὸ
1223 713 1407 768 λοιπὸν
1436 714 1530 768 κα)¹
1567 715 1840 786 ἀτάραχον

227 804 351 876 τὴν
383 804 526 876 ζωὴν
555 803 846 876 διαπρέψαι
890 805 1030 875 (55)’
1068 799 1178 858 οἷον
1207 805 1339 859 αὐτὸ
1382 807 1441 859 τὸ
1473 805 1536 878 δὴ
1570 807 1838 878 μακάριον

227 889 394 949 εἷναί
417 912 549 966 φασι
585 895 719 966 (54),
749 896 810 948 τὸ
842 896 974 968 μήτε
1004 896 1302 966 πράγματα
1334 896 1496 968 ἔχειν,
1535 899 1670 968 μήτε
1695 897 1838 966 ἄλλῳ

228 990 537 1062 παρέχειν.
577 989 730 1044 Οὕτω
763 989 900 1060 δῆτα
933 990 1024 1043 τὸν
1057 991 1234 1044 πάντα
1263 990 1363 1060 τῆς
1402 989 1677 1060 βασιλείας
1705 991 1833 1062 χρό-

226 1100 337 1136 νον
369 1081 606 1154 εὐσταθῆ
641 1083 733 1136 καὶ
773 1082 1026 1155 γαλήνιον
1058 1084 1241 1148 αὐτοῖς
1289 1084 1446 1136 παισὶ
1487 1085 1580 1138 καὶ
1617 1086 1830 1155 γαμετῇ

228 1191 344 1228 συν
371 1174 594 1229 οἰκετῶν
621 1175 904 1247 Θεραπεία,
942 1175 1120 1230 πάντα
1147 1175 1238 1228 τὸν
1266 1175 1428 1229 αὑτοῦ
1467 1171 1613 1228 οἷκον
1647 1175 1727 1227 ἑνὶ
1753 1175 1832 1245 τῷ

228 1266 460 1336 βασιλεῖ
482 1266 599 1338 Θεῷ
633 1267 913 1340 καθιέρου,
949 1267 1025 1331 ὡς
1050 1266 1214 1339 μηδὲν
1246 1266 1462 1320 ἀποδεῖν
1501 1265 1828 1337 Ἐκκλησίας

225 1359 382 1413 Θεοῦ
408 1360 506 1432 τὴν
535 1359 680 1413 ἔνδον
709 1360 764 1412 ἐν
791 1360 973 1423 αὐτοῖς
1032 1358 1321 1430 βασιλείοις
1355 1357 1829 1430 συγκροτουμένην

224 1451 456 1522 πληθύν
475 1468 490 1482 ·
601 1451 832 1522 συνῆσαν
856 1452 949 1505 καὶ
975 1451 1276 1523 λειτουργοὶ
1302 1450 1458 1514 Θεοῦ,
1486 1450 1534 1503 οἳ
1562 1450 1662 1513 τὰς
1689 1449 1827 1520 ὑπὲρ

223 1544 512 1616 βασιλέως
572 1545 837 1617 διηνεκεῖς
891 1544 1165 1612 ὲξετέλουν
1217 1543 1506 1614 λατρείας,
1549 1544 1636 1597 ὅτε
1677 1541 1826 1614 παρὰ

1944 623 2072 677 deos
2101 622 2342 679 colerem
2382 625 2717 695 impietatem
2777 633 3168 704 condemnans,
3205 647 3260 693 ct
3305 652 3527 698 sancto-

1945 730 2064 767 rum
2093 715 2372 769 hominum
2404 719 2810 787 precationibus
2839 723 3055 778 domum
3105 741 3259 782 suam
3288 731 3527 802 undique

1941 806 2286 874 munivisset,
2310 809 2578 878 reliquum
2607 811 2862 881 deinceps
2889 815 3012 870 vita:
3041 825 3252 889 tempus
3275 825 3525 892 expedite

1940 911 2004 951 ac
2034 899 2325 969 tranquille
2351 915 2566 956 summa
2595 917 2718 956 cum
2752 903 2925 973 gloria
2974 911 3221 978 exegisse
3277 913 3474 968 dicitur
3504 932 3520 966 :

1940 1005 2165 1061 compos
2190 992 2306 1063 ejus
2339 992 2618 1049 felicitatis
2645 1011 2805 1064 quam
2835 999 2999 1069 vulgo
3047 1004 3330 1070 perhibent
3369 1009 3422 1062 in
3455 1024 3522 1064 eo

1938 1082 2168 1150 positam
2202 1097 2342 1148 esse,
2376 1091 2437 1136 ut
2476 1098 2652 1154 neque
2697 1085 2767 1139 ab
2798 1087 2920 1143 aliis
2969 1090 3290 1161 alliciamur,
3343 1110 3520 1165 neque

1938 1173 2075 1228 alios
2107 1173 2206 1243 ipsi
2246 1174 2545 1230 afﬁciamus
2603 1177 2872 1237 molestia.
2904 1181 2988 1235 Ad
3013 1182 3157 1237 hunc
3187 1185 3352 1255 igitur
3398 1203 3516 1242 mo-

1935 1267 2062 1320 dum
2101 1274 2217 1320 toto
2256 1266 2470 1336 imperii
2511 1269 2592 1323 sui
2627 1278 2891 1339 tempore,
2929 1275 3074 1342 quod
3101 1277 3367 1345 aequabile
3391 1295 3517 1348 per-

1932 1360 2098 1421 petuo
2119 1368 2182 1406 ac
2208 1353 2478 1422 placidum
2511 1357 2634 1423 fuit,
2661 1359 2971 1416 universam
3014 1363 3299 1435 familiam,
3325 1370 3515 1438 conju-

1931 1459 2052 1515 gem
2088 1445 2298 1500 scilicet
2343 1461 2409 1502 ac
2451 1447 2648 1505 liberos
2670 1466 2791 1506 cum
2827 1454 3078 1510 omnibus
3109 1459 3393 1525 ministris,
3421 1463 3511 1514 uni

1930 1541 2169 1593 omnium
2211 1539 2343 1612 Regi
2385 1541 2494 1596 Deo
2548 1547 2902 1612 consecravit,
2958 1549 3091 1603 adeo
3119 1559 3178 1603 ut
3227 1552 3512 1606 multitudo

213 1639 353 1700 ’τοῖς
396 1636 610 1701 πολλοῖς
651 1636 761 1708 (55)
797 1635 914 1689 οὐδὲ
949 1635 1108 1707 μέχρι
1138 1633 1293 1704 ψιλοῦ
1330 1636 1572 1705 ῥήματος
1613 1632 1674 1685 τὸ
1713 1631 1802 1684 τῶ¹

1932 1645 2119 1686 eorum
2157 1632 2247 1701 qui
2313 1633 2369 1686 in
2425 1633 2592 1703 ipsius
2653 1637 2857 1705 palatio
2907 1639 3069 1694 simul
3129 1645 3508 1711 versabantur,

225 1727 511 1782 θεοσεδῶν
543 1726 896 1800 χρηματίζειν
926 1729 1278 1798 συνεχωρεῖτο
1302 1726 1477 1794 γένος.

1931 1722 2075 1776 nulla
2108 1738 2168 1777 re
2199 1722 2266 1776 ab
2294 1723 2538 1780 Ecclesia
2570 1725 2668 1781 Dei
2698 1727 2960 1784 dilferret.
3001 1731 3147 1787 lnter
3173 1749 3309 1803 quos
3353 1749 3510 1791 erant

225 1821 406 1874 etiam
441 1820 677 1875 ministri
719 1821 832 1887 Dei,
864 1820 957 1889 qui
992 1819 1268 1874 continuis
1324 1816 1723 1888 precationibus
1776 1829 1876 1883 pro
1924 1814 2402 1905 salute.principis
2443 1813 2612 1870 Deum
2668 1819 3062 1875 venerabantur
3099 1843 3110 1878 :
3149 1839 3268 1880 cum
3327 1835 3505 1886 tamen

225 1917 404 1988 vulgo
437 1916 580 1987 apud
613 1915 748 1972 alios
777 1932 845 1970 ne
899 1916 1072 1985 ipsum
1124 1913 1342 1985 quidem
1388 1913 1484 1966 Dei
1537 1913 1803 1968 cultorum
1849 1925 2044 1966 nomen
2078 1911 2323 1981 proferre
2350 1910 2433 1966 fas
2462 1923 2625 1974 esset.

757 2007 1052 2062 ΚΕΦΑΛΑΙ
1065 2007 1156 2060 ΟΝ
1196 2005 1304 2059 ΙΗ’.

227 2104 359 2159 Ὅτι
405 2101 831 2170 Διοκλητιαφςοῦ
869 2100 968 2155 καὶ
1011 2096 1387 2166 Μαξιμιανοῦ
1433 2095 1815 2170 ἀποδυσαμέ-

303 2191 450 2239 reor,
475 2167 702 2241 πρῶτος
725 2168 804 2242 ἦν
823 2171 1412 2242 λοιπὸν-Αὔγουστος
1439 2171 1471 2220 ὁ
1493 2167 1816 2220 Kairode-

300 2261 434 2310 τιος
471 2239 540 2297 ἐκ
583 2239 860 2308 εὐτεκνίᾳ
907 2239 1126 2310 κομῶν.

301 2336 532 2398 Τούτοις
559 2336 603 2389 δ’
635 2335 863 2404 ἐγγύθεν
897 2331 1045 2403 αὐτῷ
1077 2332 1145 2384 τὰ
1173 2333 1271 2403 τῆς
1309 2333 1373 2384 ἐκ
1403 2328 1536 2383 Θεοῦ
1577 2345 1817 2400 παρακο-

222 2428 416 2482 λουθεῖ
441 2429 693 2500 ἀμοιϐῆς,
719 2428 845 2481 ὥστ’
873 2426 974 2497 ἤδη
1003 2425 1097 2478 καὶ
1122 2425 1404 2496 πρωτείων
1429 2424 1527 2494 τῆς
1548 2423 1818 2492 αὐτοκρα-

223 2522 460 2595 τορικῆς
506 2522 676 2593 ἀρχῆς
741 2521 1043 2590 μετασχεῖν.
1091 2518 1153 2570 Οἱ
1211 2517 1307 2587 μὲν
1359 2516 1467 2586 γὰρ
1525 2514 1601 2584 τῷ
1642 2515 1816 2586 χρόνῳ

226 2610 590 2681 προάγοντες,
634 2609 734 2661 οὐκ
775 2603 870 2660 οἷδ’
903 2609 1052 2670 ὅπως
1092 2605 1449 2672 ὑπεξίσταντο
1480 2605 1580 2675 τῆς
1617 2604 1811 2674 ἀρχῆς,

224 2704 416 2767 αὐτοῖς
449 2701 648 2773 ἁθρόας
692 2699 989 2772 μεταϐολῆς
1024 2697 1160 2770 μετὰ
1203 2697 1263 2750 τὸ
1306 2696 1519 2768 πρῶτον
1559 2695 1677 2758 ἔτος
1715 2695 1815 2762 τῆς

223 2797 340 2849 τῶν
377 2793 713 2866 Ἑκκλησιῶν
737 2791 1048 2861 πολιορκίας
1078 2790 1188 2860 (56)
1221 2789 1624 2860 ἐπισκηψάσης,
1656 2787 1813 2858 μόνος

223 2889 287 2942 δὲ
328 2887 518 2941 λοιπὸν
570 2885 946 2947 Κωνστάντιος
992 2882 1208 2954 πρῶτος
1239 2881 1543 2950 Αὔγουστος
1588 2880 1680 2932 κα)¹
1727 2896 1814 2931 σε-

225 2978 434 3041 ϐαστὸς
468 2974 846 3046 ἀνηγορεύετο,
885 2974 944 3027 τὸ
986 2974 1082 3044 μὲν
1115 2973 1395 3043 καταρχὰς
1419 2971 1496 3042 τῷ
1519 2971 1625 3024 τῶν
1652 2971 1811 3024 αὐτο-

225 3067 515 3140 κρατόρων
550 3066 844 3137 Καισάρων
883 3065 1173 3136 διαδήματι
1219 3063 1666 3134 λαμπρυνόμενος
1719 3063 1811 3114 καὶ

224 3159 439 3213 τούτων
477 3157 792 3228 ἀπειληφὼς
823 3157 891 3209 τά
931 3155 1144 3227 πρῶτα,
1195 3153 1332 3226 μετά
1365 3153 1421 3205 δὲ
1457 3153 1556 3222 τὴν
1590 3155 1648 3205 ὲν
1685 3151 1808 3204 τού-

221 3269 344 3316 τοις
400 3249 645 3322 δοκιμὴν,
712 3251 778 3320 τῇ
836 3249 945 3301 τῶν
1001 3249 1258 3302 ἀνωτάτω
1309 3244 1460 3316 παρά
1522 3245 1810 3313 Ῥωμαίοις

227 3347 518 3415 ἐκοσμεῖτο
569 3345 725 3414 τιμῇ,
785 3341 1000 3414 πρῶτος
1060 3339 1317 3402 σεϐαστὸς
1372 3337 1648 3408 τεττάρων
1699 3335 1807 3388 τῶν

226 3437 460 3508 ὕστερον
498 3433 919 3505 ἀναδειχθέντων
952 3432 1060 3502 (57)
1103 3430 1468 3501 χρηματίσας.
1507 3427 1665 3481 Ἀλλά
1713 3427 1806 3480 καὶ

225 3529 484 3600 εὐτεκνίᾳ
533 3530 690 3600 μόνος
745 3528 896 3600 παρά
945 3531 1068 3590 τοὺς
1123 3525 1348 3586 πολλοὺς
1403 3522 1806 3592 αὐτοκράτορας

222 3623 508 3694 διήνεγκε,
535 3623 738 3677 παίδων
766 3622 1012 3693 ἀρρένων
1038 3620 1130 3672 καὶ
1169 3615 1395 3687 θηλειῶν
1428 3615 1679 3685 μέγιστον
1712 3630 1804 3684 χο-

226 3715 323 3787 ρὸν
364 3715 788 3786 συστησάμενος.
845 3711 1059 3782 Ἐπειδὴ
1103 3711 1159 3763 δὲ
1207 3709 1343 3781 πρὸς
1394 3705 1540 3776 αὑτῴ
1588 3704 1804 3774 λιπαρῷ

222 3807 398 3878 γήρα,
431 3809 498 3878 τῇ
552 3808 702 3877 κοινῇ
742 3805 898 3875 φύσει
938 3804 1000 3857 τὸ
1048 3801 1220 3873 χρεὼν
1259 3799 1572 3882 ἀποδιδοῦς,
1619 3799 1802 3851 λοιπον

224 3897 321 3951 τοῦ
352 3898 467 3967 βίου
495 3896 876 3968 μεταλλάττειν
901 3893 1145 3965 ἔμελλεν,
1171 3888 1404 3943 ἐνταῦθα
1431 3887 1590 3940 πάλιν
1616 3887 1644 3938 ό
1670 3886 1801 3949 Θεὸς

211 4053 214 4057 ’
297 4059 413 4130 (52)
455 4055 879 4130 Θεὸν-τὸνίέπί
910 4053 1168 4130 θεάν-των.
1210 4053 1366 4130 Deest
1395 4048 1671 4130 ὁμολογῶν
1689 4057 1796 4130 .aut

224 4118 358 4201 quid
379 4118 584 4201 simile.
608 4128 664 4201 lu
690 4128 904 4201 schedis
931 4125 1117 4201 Regiis
1145 4130 1264 4201 post
1293 4118 1600 4201 bmclvcrba
1636 4118 1794 4201 μόνον

229 4188 332 4271 μὲν
364 4199 758 4271 Θεόνλιιιιιι-ἰιυι
785 4196 852 4250 ad
883 4188 1179 4262 marginem
1200 4189 1476 4271 ἐπιγνούς.
1514 4188 1798 4271 Turnebus

227 4260 362 4325 iero
412 4281 466 4323 et
505 4260 740 4323 Savilius
789 4276 908 4335 post
949 4260 1136 4318 vocem
1197 4263 1288 4316 ἐπὶ
1330 4260 1548 4335 πάντων
1583 4260 1800 4335 addunt

227 4340 403 4404 εἰδώς.
429 4340 535 4394 Sed
557 4339 745 4410 melior
761 4329 843 4410 est
869 4335 1027 4410 lectio
1046 4335 1140 4410 illa
1157 4347 1313 4402 quam
1340 4346 1404 4384 ex
1433 4329 1647 4410 schedis
1675 4345 1798 4408 pro-

229 4413 351 4466 tuli.
384 4410 518 4464 Nam
544 4409 764 4462 verbum
799 4404 1051 4474 ἐπιγνούς
1095 4404 1373 4474 eleganter
1403 4404 1699 4474 opponitur
1727 4404 1798 4474 ei,

229 4484 374 4550 quod
399 4480 644 4550 proxime
669 4468 916 4548 sequitur
939 4468 1321 4543 κατεγνωκὼς.
1355 4472 1411 4526 ln
1444 4470 1633 4524 codice
1660 4468 1793 4522 Fuk.

231 4554 495 4602 scribitur
533 4547 710 4602 εἰδώς.

231 4547 495 4606 scribitur
533 4547 710 4606 εἰδώς.

302 4585 782 4692 (ἕὲἱηίνιιῖξίζυῖῆς
814 4616 960 4692 ζωῆς
979 4611 1618 4692 διαπρέψαιλῐιεητίοιιε
1648 4609 1802 4692 savi-

231 4683 337 4746 lius
372 4683 439 4745 :i'd
459 4683 967 4745 oramsui'codicis
989 4683 1287 4746 adnotavit,
1315 4683 1454 4737 forte
1493 4683 1798 4737 addendum

229 4778 350 4816 esse
370 4763 609 4828 λέγεται.
635 4761 740 4815 Sed
779 4761 932 4827 longe
961 4758 1254 4828 meliorest
1275 4753 1606 4828 emendatio,
1635 4766 1797 4828 quam

232 4836 286 4886 in
313 4823 537 4888 schedis
561 4832 742 4900 Regiis
769 4829 833 4882 ad
863 4823 1005 4900 latus
1034 4823 1580 4900 ascriptamjnveni,
1599 4823 1797 4900 εὐστα-

229 4903 298 4973 λῆ
323 4903 507 4956 λοιπὸν
534 4903 626 4956 και
642 4891 925 4973 ἀτάραχον
946 4898 1046 4973 τῆς
1065 4894 1226 4973 ,ζωῆις
1251 4891 1495 4973 διεξήγυε
1530 4892 1684 4973 βίονκ
1699 4893 1800 4973 Cp-

229 4961 332 5027 dex
374 4973 508 5028 Fuk.
544 4974 708 5027 habet
736 4961 1034 5038 εἘῖίσταλῆ
1065 4961 1248 5019 λοιπὸν
1275 4965 1370 5018 καὶ
1389 4961 1491 5019 ⁷ἀτ.
1523 4961 1621 5034 τὴν
1653 4961 1798 5034 ζωὴν

225 5043 542 5098 διαπρέψαι.

299 5045 628 5186 (ἓῗξψῗδ⁶δὴ
650 5105 1118 5186 μακάριον-ξῖναί
1148 5121 1320 5186 ςᾳασι.
1347 5104 1554 5186 ξιὶιιιίὶι
1581 5105 1646 5186 ad
1684 5103 1799 5158 dic-

231 5174 346 5239 ιιιιή
380 5174 709 5254 Εῃίοιιιῖᾶε
751 5174 856 5254 Deo
890 5195 905 5231 ε
935 5181 1010 5233 Τὸ
1039 5174 1313 5254 μακάριον
1340 5174 1461 5254 obes
1498 5175 1797 5254 πράγματα

226 5255 346 5326 ἔχει
386 5245 538 5320 αὖτὸ,
574 5254 696 5308 οὕτε
741 5253 882 5323 ἄλλῳ
910 5245 1158 5326 παρέχει,
1197 5245 1263 5302 ut
1296 5245 1474 5326 refert
1511 5245 1797 5326 N_emesius

227 5317 353 5394 cap.
393 5328 484 5392 44,
525 5317 723 5382 Cicero
768 5317 867 5379 lib:
894 5337 912 5376 ι
941 5317 1017 5376 De
1046 5317 1238 5374 natura
1273 5322 1512 5384 deorum,
1545 5317 1795 5371 Laertius

228 5399 508 5468 pag.795.
761 5465 770 5468 _
881 5463 908 5468 _
1067 5458 1190 5468 η,
1272 5458 1290 5468 _
1425 5458 1438 5468 _
1511 5457 1546 5468 η
1611 5457 1648 5468 ﬁ
1730 5457 1764 5468 η

211 5457 247 5538 ι’
269 5457 413 5542 ,(55)
455 5469 594 5522 Ὅτε
627 5465 786 5542 παρᾲ
811 5463 936 5542 τοῖς
967 5458 1236 5542 πολλοῖς.
1272 5458 1328 5542 ln
1364 5457 1580 5513 schedis
1611 5457 1795 5542 Biegiis

213 5531 420 5594 ultima
447 5554 550 5593 vox
581 5531 796 5606 punctis
821 5539 1246 5606 subnotata_est,
1275 5538 1330 5583 et
1371 5531 1794 5606 superscribitur

229 5606 456 5678 λοιποῖς,
489 5597 630 5678 quod
665 5606 834 5675 magis
875 5603 1062 5678 probo.
1099 5601 1426 5678 Porro_ante
1465 5600 1579 5678 haec
1628 5597 1790 5678 verba

229 5677 282 5734 in
314 5666 897 5737 iisd'em'schedis'limé
929 5674 1197 5730 adduntur
1224 5670 1288 5724 ad
1325 5668 1654 5738 marginem:
1683 5666 1789 5722 Καὶ

2381 2005 2544 2078 417
2596 2006 2825 2064 CAPUT
2859 2008 3042 2066 XVIII.

1927 2093 2081 2178 Qimd
2125 2099 2668 2178 post-abdicationem
2709 2102 3029 2178 Diocletiani
3060 2119 3110 2162 et
3161 2109 3502 2178 Maximiani,

1993 2166 2333 2248 Constantius
2363 2173 2566 2239 primus
2595 2172 2864 2242 Augustus
2895 2176 3023 2244 fuit,
3055 2196 3333 2236 nunzerosa
3358 2166 3505 2253 prole

1991 2253 2234 2306 nisigms.
3525 2265 3540 2273 ~-

1992 2327 2163 2384 Porro
2189 2345 2281 2385 eas
2316 2331 2384 2385 ob
2434 2347 2520 2386 res
2565 2348 2672 2387 non
2723 2334 2812 2389 diu
2861 2337 3088 2406 posthac
3133 2344 3438 2398 mercedem
3471 2361 3501 2398 a

1920 2417 2030 2470 Deo
2068 2432 2151 2473 est
2181 2431 2506 2476 consecutus
2529 2463 2544 2487 ,
2579 2425 2630 2477 in
2662 2435 2868 2480 tantum
2904 2439 2960 2482 ut
2994 2431 3228 2499 primum
3289 2435 3498 2504 imperii

1920 2509 2092 2564 locum
2117 2512 2406 2567 obtineret.
2442 2513 2578 2568 Nam
2615 2532 2737 2570 cum
2775 2519 3020 2576 seniores
3055 2525 3284 2592 Augusti
3318 2529 3501 2582 nescio

1917 2618 2024 2672 quo
2049 2615 2209 2673 pacto
2241 2606 2475 2675 imperio
2515 2622 2574 2663 se
2615 2610 2991 2679 abdicassent,
3052 2633 3173 2688 quae
3207 2623 3498 2689 repentina

1917 2698 2161 2764 mutatio,
2199 2700 2444 2768 proximo
2466 2712 2586 2769 post
2617 2704 2970 2760 ecclesiarum
2998 2710 3336 2766 eversionem
3355 2729 3502 2768 anno

1917 2789 2022 2843 illis
2052 2792 2314 2860 contigit,
2358 2792 2506 2847 solus
2531 2794 2728 2848 exinde
2761 2795 3115 2852 Constantius
3139 2801 3346 2868 primus
3378 2805 3494 2856 Au-

1915 2889 2104 2950 gustus
2161 2882 2505 2937 renuntiatus
2549 2894 2657 2938 est.
2707 2883 2807 2952 Qui
2873 2886 3024 2940 initio
3060 2889 3277 2957 quidem
3310 2891 3494 2947 Caesa—

1915 2985 2034 3023 rum
2087 2970 2390 3025 diademate
2454 2987 2573 3026 cum
2625 2972 2841 3027 Galerio
2892 2975 3201 3039 decoratus,
3260 2977 3496 3046 priorem

1913 3062 2138 3131 gradum
2168 3062 2497 3129 obtinuerat,
2553 3073 2740 3131 postea
2770 3078 2901 3117 vero
2924 3081 3047 3118 cum
3080 3065 3134 3119 in
3161 3066 3245 3119 illa
3265 3054 3499 3122 Cmsmis

1915 3154 2180 3224 dignitate
2229 3155 2504 3224 egregium
2560 3156 2644 3210 sui
2705 3158 2981 3225 specimen
3023 3157 3303 3225 edidisset,
3340 3174 3494 3213 sum-

1912 3262 2058 3300 mum
2081 3249 2220 3315 apud
2251 3247 2528 3302 Romanos
2554 3247 2777 3302 honoris
2801 3247 3078 3319 fastigium
3113 3250 3343 3320 adeptus
3373 3261 3453 3305 est
3476 3291 3495 3314 ,

1913 3336 2056 3391 inter
2085 3347 2317 3406 quatuor
2355 3338 2444 3407 qui
2486 3339 2826 3407 postmodum
2877 3340 3148 3410 designati
3187 3349 3335 3408 sunt,
3377 3343 3492 3410 pri-

1913 3444 2032 3483 mus
2067 3429 2348 3496 Augustus
2382 3429 2705 3498 appellatus.
2743 3430 2849 3484 Sed
2876 3439 2930 3485 ct
2956 3446 3260 3488 numerosze
3288 3432 3495 3487 sobolis

1909 3520 2222 3587 prmstantia
2260 3520 2497 3588 reliquos
2520 3521 2880 3588 imperatores
2908 3522 3224 3588 superavit,
3257 3523 3496 3577 maximo

1910 3609 2204 3665 liberorum
2228 3613 2512 3680 utriusque
2547 3627 2710 3667 sexus
2741 3613 2908 3666 choro
2945 3614 3337 3667 circumdatus.
3392 3615 3493 3669 De-

1910 3700 2072 3768 nique
2100 3716 2223 3755 cum
2260 3701 2313 3754 in
2345 3710 2587 3755 extrema
2637 3711 2916 3756 senectute
2975 3703 3206 3770 pOs'illtS,
3249 3705 3489 3759 debitum

1911 3795 2185 3848 communi
2225 3804 2431 3848 natura:
2471 3793 2850 3864 perseluturus
2908 3805 3068 3862 atque
3116 3809 3180 3848 ex
3222 3798 3321 3852 hac
3368 3796 3492 3851 luce

1911 3886 2246 3956 migraturus
2295 3893 2462 3951 esset,
2503 3886 2579 3941 ibi
2612 3883 2756 3940 Deus
2788 3885 3162 3940 admirabilem
3193 3888 3485 3956 potentiam

1901 4047 2072 4101 ταῦτα
2102 4048 2253 4121 παρὰ
2299 4050 2443 4121 μόνῳ
2490 4047 2624 4118 τῷδε
2667 4045 3019 4101 συνετελεῖτο.
3065 4048 3240 4114 Quam
3285 4051 3483 4121 eruditi

1906 4120 2200 4189 antiquarii
2248 4120 2612 4186 conjecturam
2659 4131 2940 4185 sequetur,
2993 4121 3083 4185 qui
3135 4121 3296 4172 volet.
3347 4120 3484 4175 Mihi

1905 4190 2122 4257 quidem
2145 4193 2272 4244 .haac
2301 4191 2464 4244 verba
2505 4205 2610 4243 non
2645 4191 2898 4241 violentur
2931 4190 3263 4242 necessaria.

1980 4259 2090 4329 (56)
2130 4260 2290 4315 Μετὰ
2318 4260 2382 4313 τὸ
2415 4259 2650 4328 πρῶτον
2678 4259 2812 4325 ἔτος
2831 4257 2939 4326 τῆς
2967 4258 3086 4311 τῶν
3111 4258 3484 4327 Ἑκκλησιῶν

1837 4371 1877 4423 D
1907 4332 2277 4398 πολιορκίας.
2317 4329 2430 4423 llic.
2451 4333 2603 4384 locus
2643 4331 2695 4383 in
2737 4332 2929 4410 primis
2962 4331 3230 4384 notandus
3259 4342 3363 4383 est.
3404 4332 3480 4385 Ex

1907 4418 1970 4454 eo
2014 4407 2212 4470 quippe
2252 4401 2546 4468 colligitur,
2598 4402 3028 4469 persecutionem
3084 4409 3319 4468 coeptam
3361 4415 3482 4454 esse

1906 4474 2190 4525 consulatu
2216 4472 2530 4525 Diocletiani
2554 4480 2768 4533 octavo,
2796 4481 2849 4523 et
2874 4470 3185 4523 Maximiani
3217 4472 3478 4536 septimo;

1906 4557 2010 4594 non
2049 4553 2224 4595 autem
2269 4544 2550 4610 superiore
2593 4557 2759 4604 anno,
2808 4551 2864 4593 ut
2906 4541 3021 4592 vult
3069 4539 3354 4610 Baronius.
3405 4541 3479 4593 De

1903 4628 2007 4676 qua
2044 4627 2101 4665 re
2137 4605 2382 4681 pluribus
2405 4612 2682 4681 disputavi,
2714 4612 2780 4665 ad
2815 4612 2907 4664 lib.
2951 4624 3048 4663 vm
3099 4605 3474 4662 Hiswrim'um.

1904 4682 2038 4735 Cum
2073 4680 2218 4736 enim
2259 4681 2492 4736 allirmet
2527 4680 2813 4746 Eusebius,
2845 4695 2984 4734 anno
3021 4688 3140 4748 post
3168 4681 3474 4732 inchoatam

1903 4753 2336 4820 persecutionem
2374 4753 2541 4820 impp.
2570 4751 2961 4805 Diocletianum
2995 4760 3049 4803 et
3083 4749 3473 4820 Maximianum

1901 4819 2197 4889 purpuram
2244 4819 2554 4893 deposuisse
2591 4840 2605 4876 :
2651 4821 2826 4893 idque
2848 4820 2915 4874 ab
2955 4821 3061 4874 illis
3105 4819 3308 4893 factum
3353 4833 3474 4893 esse

1902 4903 2114 4947 constet
2161 4889 2328 4948 anno'
2358 4893 2558 4947 Christi
2605 4889 2739 4956 504,
2777 4892 2830 4945 id
2876 4891 3187 4946 necessario
3229 4889 3473 4956 sequitur

1903 4965 2044 5029 quod
2082 4964 2212 5026 dixi,
2259 4965 2689 5033 persecutionem
2737 4962 2950 5015 scilicet
2993 4960 3310 5033 Diocletiani
3357 4972 3468 5012 cce-

1901 5044 2046 5102 plant
2076 5049 2196 5088 esse
2227 5031 2370 5086 anno
2401 5033 2602 5086 Christi
2639 5034 2801 5086 tertio
2835 5046 2895 5084 ac
2927 5031 3328 5102 trecentesimo.

1970 5104 2084 5174 (57)
2129 5103 2426 5172 Τεττὰρων
2463 5104 2580 5156 τῶν
2625 5102 2881 5170 ὕστερον
2913 5101 3088 5154 (iraa.
3138 5099 3469 5174 Saviliusad

1898 5167 2174 5229 Oram'sui
2203 5167 2405 5229 codicis
2446 5175 2674 5238 notavit,
2719 5167 2817 5227 hos
2852 5185 3091 5240 quatuor
3124 5185 3266 5234 esse,
3309 5167 3472 5222 Gale-

1899 5247 2037 5299 rium
2070 5245 2478 5307 Maximianum,
2517 5245 2782 5299 Severum
2810 5251 2864 5296 et
2899 5241 3276 5302 Maximinum,
3305 5253 3470 5308 quar-

1898 5326 2010 5369 tum
2065 5331 2194 5370 vero
2237 5314 2589 5370 Maxentium.
2632 5313 2736 5369 Sed
2785 5313 2926 5382 quod
2978 5312 3193 5382 quidem
3243 5311 3309 5361 ad
3360 5319 3469 5360 tres

1897 5389 2106 5454 priores
2130 5387 2344 5452 attinet,
2376 5386 2646 5442 assentior
2671 5386 2902 5450 Savilio;
2925 5390 3177 5450 quartum
3207 5393 3333 5432 vero
3361 5394 3466 5454 non

1896 5449 2248 5528 Maxentium,
2291 5449 2384 5510 sed
2415 5457 2588 5527 ipsum
2613 5449 2991 5528 Constantium
3017 5449 3462 5528 esse__conlend_o.

1895 5528 2103 5595 Quippe
2129 5522 2449 5580 Maxentius
2465 5543 2573 5584 non
2599 5526 2701 5582 nisi
2722 5535 2840 5596 post
2876 5532 3106 5580 mortem
3135 5522 3468 5586 Constantii,

1894 5598 2180 5668 imperium
2215 5597 2477 5670 arripuit.
