3858 6260
236 284 335 338 94!

1329 279 1414 332 DE
1454 275 1615 332 VITA
1648 271 2103 329 CONSTANTIM
2137 266 2264 325 LIB.
2307 268 2349 324 1.

3356 263 3460 319 943

234 419 322 472 ρει
373 409 468 472 μὲν
505 402 766 474 ταπρῶτα
806 400 903 472 τὴν
936 402 1074 472 ὑπὲρ
1114 401 1282 470 αὐτῆς
1311 401 1518 471 ἄμυναν
1555 401 1666 461 τοῖς
1693 397 1800 449 τῶν

1922 393 2081 457 :iens;
2111 392 2338 460 primum
2373 387 2586 455 quidem
2618 399 2736 438 eam
2767 380 3069 437 vindicandi
3109 395 3172 435 ac
3194 379 3457 433 liberandi
3500 407 3505 420 ι

232 493 439 547 λοιπῶν
472 496 732 565 κρατοῦσι
781 495 958 566 μερῶν
999 493 1140 564 (69),
1195 495 1290 547 ἆτε
1338 493 1400 562 δὴ
1446 492 1617 563 χρόνῳ
1669 509 1800 563 προ-

231 583 462 652 άγορσιν
485 601 498 609 ·
543 584 663 636 ἐπεὶ
694 584 749 636 δὲ
779 584 979 638 τούτων
1016 584 1187 647 οὐδεὶς
1235 579 1342 646 οἶός
1385 600 1444 634 τε
1474 579 1542 652 ἦν
1585 585 1803 636 ἐπικου-

236 672 392 745 ρεῖν,
432 675 566 729 ἀλλὰ
617 675 712 727 καὶ
757 677 804 727 οἱ
859 677 1052 746 πεῖραν
1089 673 1272 726 λαϐεῖν
1317 673 1664 746 ἐθελήσαντες
1715 675 1799 726 αἰ-

235 769 408 838 σχρὸν
441 767 737 837 ὑπέμειναν
777 766 928 829 τέλος
973 766 1105 846 (70),
1130 765 1272 818 ὀὐδὲ
1320 765 1506 834 βιωτὸν
1536 765 1682 836 αὐτῷ
1706 765 1803 836 τὴν

235 860 388 930 ζωὴν
421 856 557 913 εἶναι
590 858 788 921 εἰπὼν,
836 861 884 912 εί
931 859 1028 929 τὴν
1077 858 1322 928 βασιλίδα
1355 858 1506 911 πόλιν
1533 858 1674 912 οὕτω
1702 861 1802 913 κά-

237 971 482 1022 μνουσαν
511 953 755 1024 παρίδοι,
798 953 1232 1025 παρεσκευάζετο
1273 955 1339 1006 τὰ
1375 955 1507 1018 ποὺς
1553 955 1648 1024 τὴν
1676 956 1800 1009 καθ-

235 1044 457 1114 αίρεσιν
486 1043 586 1114 τῆς
617 1045 942 1115 τυραννίδος.

758 1222 1149 1275 ΚΕΦΑΛΑΙΟΝ
1177 1225 1298 1276 KZ'.

241 1310 370 1388 ὀῗι
408 1312 513 1388 ἵεις
553 1311 671 1388 ﬁt?
711 1313 1347 1388 εἱδῳλολατρῃσάνςζων
1389 1321 1806 1385 καταστρορῖις

318 1380 705 1514 ξὲἓὲεέἕεὶς,
749 1382 988 1452 μᾶλλον
1030 1380 1137 1437 τὸν
1204 1380 1663 1454 Χριστιανισμὸν
1691 1380 1806 1450 ’ἐξ-

322 1539 397 1596 Εὖ
425 1543 468 1595 δ’
493 1544 746 1613 ἐννοήσας
775 1544 849 1608 ὡς
898 1546 1202 1616 κρείττονος
1244 1546 1276 1616 ἢ
1313 1546 1451 1599 κατὰ
1497 1560 1811 1617 στρατιωτιά

243 1633 357 1703 κὴν
387 1633 494 1686 δέοι
533 1633 681 1702 αὐτῷ
730 1633 1016 1704 βοηθείας,
1062 1635 1149 1689 διὰ
1189 1634 1286 1699 τὰς
1332 1637 1688 1706 κακοτέχνους
1720 1640 1812 1692 καὶ

1902 494 2082 550 partes
2110 481 2176 534 iis
2210 479 2373 534 cessit
2408 479 2498 548 qui
2542 477 2778 545 reliquas
2819 473 3027 542 imperii
3073 469 3299 524 Romani
3333 472 3456 536 por-

1899 572 2074 625 tiones
2097 556 2434 633 obtinebant,
2463 576 2645 636 utpote
2683 573 2838 619 astate
2863 565 3177 634 potionibus.
3203 559 3307 615 Sed
3333 567 3454 613 cum

1901 663 2078 717 nullus
2100 677 2283 716 eormn
2321 659 2573 730 opitulari
2616 666 2821 727 posset,
2859 657 3098 724 adeoque
3143 652 3241 721 ipsi
3272 651 3363 720 qui
3402 650 3455 730 id

1905 764 2114 810 lentare
2181 753 2465 808 voluerant
2550 749 2959 819 ignominiosum
3031 744 3234 800 exitum
3317 735 3456 795 nacti

1902 858 2122 911 essent;
2161 851 2326 901 vitam
2373 846 2473 899 sibi
2522 845 2742 898 minime
2777 841 2988 894 vitalem
3017 853 3135 892 esse
3165 835 3458 904 professus,

1903 942 1947 995 si
1975 939 2160 994 urbem
2204 938 2441 992 omnium
2481 936 2751 992 dominam
2804 942 2955 987 tanta
2985 929 3304 998 aegritudine
3333 925 3458 980 atie-

1903 1043 2041 1085 ctam
2071 1030 2391 1101 despiceret,
2412 1029 2478 1082 ad
2509 1027 2947 1096 exstinguendam
2974 1021 3306 1092 tyrannidem
3340 1034 3460 1074 sese

1906 1120 2159 1174 accinxit.

2354 1196 2510 1282 5,21
2546 1190 2772 1264 CAPUT
2804 1188 3013 1260 x‘xv’n.

1911 1303 2063 1368 Quod
2109 1305 2484 1356 Constantinus
2533 1316 2708 1355 eorum
2735 1300 2824 1369 qui
2858 1299 3140 1354 simulacra
3183 1296 3459 1369 coluissent

1977 1373 2250 1493 irltteritum
2313 1373 2670 1436 considerans,
2746 1368 3202 1425 Christianismum
3251 1368 3455 1435 .potius

1977 1454 2154 1493 eeau.

1977 1454 2154 1496 eteatt.

1979 1537 2097 1591 Jam
2138 1550 2263 1590 vero
2291 1549 2414 1588 cum
2449 1533 2777 1603 intelligeret
2825 1541 3019 1602 prteter
3064 1529 3328 1584 militares
3373 1543 3466 1583 co-

1915 1630 2030 1702 pias
2067 1605 2439 1698 praes'tantiore
2487 1623 2666 1691 aliquo
2719 1622 2959 1676 subsidio
2994 1619 3098 1674 sibi
3137 1630 3272 1689 Opus
3321 1632 3466 1680 esse;

244 1725 511 1794 γοητικὰς
544 1725 880 1795 μαγγανείας
924 1726 1022 1789 τὰς
1066 1725 1217 1798 παρὰ
1252 1726 1330 1798 τῷ
1365 1729 1608 1800 τυράννῳ
1651 1746 1812 1782 σπου-

1922 1723 1982 1776 ob
2010 1716 2284 1772 maleﬁcas
2317 1724 2461 1767 artes
2493 1712 2835 1781 magicasque
2871 1709 3171 1779 praesdgias
3202 1723 3336 1777 quas
3383 1716 3469 1777 ty-

245 1815 570 1887 δαζομένας,
591 1817 720 1870 Θεὸν
740 1817 985 1887 ἀνεζήτει
1009 1817 1216 1887 βοηθὸν,
1241 1818 1307 1871 τὰ
1337 1819 1435 1889 μὲν
1461 1821 1518 1884 ἐξ
1549 1819 1813 1875 ὁπλίσεων

247 1910 352 1962 καὶ
398 1909 780 1980 στρατιωτικοῦ
831 1909 1066 1980 πλήθους
1101 1909 1327 1981 δεύτερα
1369 1910 1684 1980 τιθέμενος,
1719 1912 1815 1983 τὴν

247 2000 299 2053 δ’
330 2002 393 2053 ὲκ
419 1999 549 2052 Θεοῦ
586 1999 870 2069 συνεργίαν
907 1999 1117 2071 ἄμαχον
1159 1997 1295 2054 εἶναι
1328 2001 1422 2054 καὶ
1465 2003 1817 2074 ἁπαράθραυ-

252 2108 402 2144 στον.
461 2092 662 2144 Ἐννοεῖ
700 2092 833 2160 δῆτα
875 2093 1054 2146 ὁποῖον
1092 2093 1198 2146 δέοι
1239 2083 1368 2148 Θεὸν
1412 2095 1816 2165 ἐπιγράψασθαι

254 2182 474 2254 βοηθόν·
518 2181 764 2253 ζητοῦντι
793 2184 836 2235 δ’
871 2184 1016 2254 αὐτῷ
1042 2185 1217 2239 ἔννοιά
1247 2204 1329 2250 τις
1355 2187 1674 2257 ὑπεισῆλθεν
1694 2204 1706 2214 ·
1742 2188 1816 2251 ὡς

252 2273 518 2327 πλειόνων
555 2273 814 2346 πρότερον
848 2277 944 2347 τῆς
990 2277 1162 2348 ἀρχῆς
1194 2277 1586 2349 ἐφαψαμένων,
1627 2279 1676 2331 οἱ
1721 2279 1817 2350 μὲν

253 2363 467 2418 πλείοσι
493 2365 631 2428 θεοῖς
654 2367 750 2428 τὰς
773 2365 919 2434 σφῶν
942 2367 1118 2421 αὐτῶν
1144 2368 1542 2439 ἁναρτήσαντες
1579 2369 1814 2436 ἐλπίδας,

253 2455 470 2519 Θυσίαις
493 2473 553 2509 τε
597 2459 691 2511 καὶ
728 2459 1036 2530 ἀναθήμασι
1065 2459 1172 2529 (7i)
1218 2460 1436 2524 τούτους
1467 2461 1821 2531 θεραπεύσαν-

251 2565 370 2612 aeq,
401 2550 768 2620 ἀπατηθέντες
797 2552 1056 2623 ταπρῶτα
1086 2552 1172 2604 διὰ
1209 2553 1470 2622 μαντειῶν
1496 2555 1821 2626 κεχαρισμέ-

252 2654 365 2695 νων
386 2683 400 2705 ,
433 2643 691 2714 χρησμῶν
734 2661 792 2697 τε
831 2645 900 2699 τὰ
933 2641 1082 2699 αἴσια
1111 2629 1587 2716 ἐπαγγελλομένων
1618 2648 1816 2711 αὐτοῖς,

253 2733 410 2796 τέλος
433 2735 530 2787 οὐκ
555 2736 725 2788 αἴσιον
757 2735 981 2806 εὕραντο
1004 2777 1018 2802 ,
1055 2737 1176 2789 οὐδὲ
1206 2754 1289 2800 τις
1317 2738 1451 2791 θεῶν
1481 2739 1614 2808 πρὸς
1649 2739 1707 2792 τὸ
1747 2739 1820 2810 μὴ

256 2822 545 2892 θεηλάτοις
576 2827 940 2897 ὑποϐληθῆναι
980 2831 1408 2899 καταστροφαίς,
1443 2829 1610 2893 δεξιὺς
1641 2832 1821 2894 αὐτοῖς

257 2914 506 2986 παρέστη
525 2933 536 2944 ·
571 2917 726 2986 μόνον
756 2917 814 2969 δὲ
844 2917 934 2970 τὸν
966 2918 1156 2971 ἑαυτοῦ
1188 2919 1400 2990 πατέρα
1442 2921 1538 2988 τὴν
1577 2921 1821 2974 ἐναντίαν

254 3006 490 3069 ἐκείνοις
513 3009 804 3077 τραπέντα,
844 3009 952 3061 τῶν
981 3011 1076 3078 μὲν
1102 3009 1306 3080 πλάνην
1337 3011 1696 3079 καταγνῶναι,
1723 3014 1820 3065 αὐ-

1918 1824 2118 1866 rannus
2149 1806 2387 1863 studiose
2415 1804 2872 1863 Consectabatur:
2906 1801 3069 1853 Deum
3105 1799 3206 1854 sibi
3255 1799 3470 1867 adjuto-

1918 1917 2029 1954 rem
2067 1898 2354 1968 quaesivit;
2389 1909 2664 1950 armorum
2699 1891 2911 1961 quidem
2943 1898 3261 1957 apparatum
3288 1901 3343 1942 et
3373 1886 3472 1938 mis

1917 1991 2066 2045 litum
2095 1990 2277 2059 copias
2307 1988 2544 2043 secundo
2577 1984 2696 2038 loco
2727 1984 2925 2036 ducens
2954 1977 3251 2045 ;auxilium
3288 1979 3465 2028 autem

1917 2082 2080 2137 divini
2108 2079 2343 2134 numinis
2377 2077 2638 2144 invictum
2664 2083 2719 2129 et
2747 2069 3162 2140 ineXpngnabile
3209 2077 3330 2122 esse
3368 2063 3468 2120 sibi

1917 2171 2266 2242 persuadens.
2301 2169 2467 2238 Igitur
2492 2165 2732 2234 cogitare
2761 2165 2900 2232 apud
2946 2177 3004 2216 se
3050 2159 3234 2227 cmpit,
3275 2169 3468 2228 quem;

1919 2281 2041 2321 nam
2070 2264 2170 2321 sibi
2198 2263 2364 2319 Deum
2401 2260 2753 2316 adscisceret.
2794 2255 2944 2323 Quod
2971 2255 3094 2309 dum
3135 2251 3361 2307 sollicite
3389 2251 3470 2304 iit-

1918 2357 2106 2427 quirit,
2145 2357 2261 2411 haec
2293 2354 2366 2409 il-li
2408 2353 2574 2408 subiit
2607 2351 2908 2421 cogitatio:
2959 2360 3025 2401 ex
3079 2344 3325 2414 plurimis
3375 2344 3469 2413 qui

1918 2461 2045 2505 ante
2093 2464 2154 2504 se
2198 2446 2484 2516 imperium
2523 2447 2825 2505 tenuerant,
2867 2448 2959 2494 eo’s
3006 2437 3223 2507 quidem
3271 2435 3364 2504 qui
3416 2434 3468 2486 in

1921 2543 2145 2597 deorum
2200 2536 2546 2593 multitudine
2595 2547 2742 2602 spem
2793 2542 2943 2586 suam
2988 2527 3368 2590 collocassent,
3414 2530 3472 2576 et

1919 2634 2012 2703 qui
2043 2629 2280 2684 victimis
2321 2626 2440 2681 illos
2478 2640 2542 2680 ac
2593 2622 2835 2678 donariis
2875 2620 3182 2684 coluissent,-
3236 2619 3468 2688 primum

1920 2722 2190 2778 vaticiniis
2220 2720 2286 2774 ad
2311 2715 2734 2773 assentationem
2773 2711 3111 2781 compositis,
3147 2718 3202 2765 et
3231 2706 3472 2764 oraculis

1921 2819 2094 2873 fausta
2123 2821 2301 2870 omnia
2337 2811 2717 2881 pollicentibus
2735 2807 2970 2861 delusos.
2993 2803 3206 2857 tandem
3231 2787 3472 2877 infausto

1921 2905 2112 2961 mortis
2137 2916 2333 2973 genere
2367 2900 2680 2960 interiisse;
2736 2909 2834 2949 nec
2869 2895 3092 2948 deorum
3143 2906 3469 2960 quemquam

1923 3007 2119 3068 prmsto
2178 2994 2284 3048 illis
2346 2991 2601 3049 adfuisse.
2652 2987 2741 3058 qui
2789 3000 2883 3040 eos
2942 2985 3158 3038 invecto
3215 2983 3476 3036 divinitus

253 3097 352 3149 τὸν
391 3098 446 3150 δὲ
478 3099 566 3152 τὸν
596 3099 848 3152 ἐπέκεινα
880 3101 985 3153 τῶν
1018 3102 1151 3154 ὅλων
1183 3075 1313 3156 Θεδν
1339 3103 1426 3156 διὰ
1456 3075 1630 3175 πάσης
1660 3108 1815 3178 τιμή-

1923 3089 2090 3144 exitio
2120 3087 2398 3140 liberaret.
2434 3081 2617 3136 Solum
2651 3078 2818 3148 ipsius
2851 3085 3078 3145 patrem,
3123 3075 3211 3144 qui
3257 3084 3476 3128 contra-

260 3207 430 3243 σαντα
455 3190 618 3260 ζωῆς,
649 3191 866 3262 σωτῆρα
891 3193 982 3244 καὶ
1009 3192 1221 3259 φύλακα
1249 3195 1347 3263 τῆς
1377 3195 1665 3265 βασιλείας,
1696 3200 1823 3268 ἁγα-

259 3280 358 3334 θοὖ
393 3298 450 3332 τε
486 3281 681 3345 παντὸς
707 3283 939 3354 χορηγὸν
971 3285 1242 3356 εὑρέσθαι.
1281 3279 1461 3340 Ταῦτα
1491 3291 1618 3360 παρ’
1647 3291 1823 3361 ἑαυτῷ

257 3370 564 3442 διακρίνας,
591 3368 647 3425 εὖ
673 3391 731 3424 τε
756 3373 1123 3444 λογισάμενος,
1149 3377 1224 3440 ὡς
1256 3378 1303 3429 οἱ
1336 3378 1432 3447 μὲν
1459 3378 1649 3450 πλήθει
1686 3379 1822 3434 θεῶν

260 3461 761 3532 ἐπιθαρρήσαντες,
803 3466 896 3517 καὶ
942 3466 1178 3519 πλείοσιν
1225 3469 1662 3523 ἐπιπεπτώκασιν
1707 3471 1824 3524 ὀλέ-

260 3553 433 3624 θροις,
473 3555 546 3618 ὼς
593 3556 728 3626 μηδὲ
756 3556 929 3624 γένος,
977 3560 1107 3630 μηδὲ
1138 3551 1294 3632 φυὴν,
1329 3561 1402 3631 μὴ
1437 3562 1588 3632 ῥίζαν
1621 3565 1819 3628 αὐτοῖς,

264 3645 390 3715 μηδ’
423 3644 631 3726 ὄνομα,
687 3647 819 3717 μηδὲ
871 3649 1088 3720 μνήμην
1151 3653 1207 3703 ὲν
1263 3650 1565 3721 ἀνθρώποις
1607 3654 1824 3706 ἀπολει-

262 3734 484 3813 φθῆναι,
511 3738 538 3788 ὁ
567 3736 622 3788 δὲ
643 3738 890 3808 πατρῷος
913 3739 1060 3809 αὐτῷ
1077 3728 1204 3802 Θεδς
1230 3741 1326 3810 τῆς
1356 3742 1516 3794 αὐτοῦ
1547 3743 1824 3813 δυνάμεως

262 3823 468 3896 ἐναργῆ
495 3827 586 3878 καὶ
611 3825 900 3896 πάμπολλα
933 3828 1194 3898 δείγματα
1225 3831 1306 3899 εἴη
1337 3830 1578 3894 δεδωκὼς
1609 3831 1686 3901 τῷ
1721 3832 1821 3886 αὐ-

261 3916 360 3968 τοῦ
403 3917 606 3987 πατρί·
649 3918 781 3970 ἀλλὰ
820 3919 1066 3982 καὶτοὺς
1111 3920 1210 3989 ἤδη
1253 3923 1824 3992 καταστρατεύσαντας

262 4006 528 4087 πρότερον
568 4006 662 4059 τοῦ
706 4009 964 4077 τυράννου
996 4003 1455 4078 διασκεψάμενος,
1495 4013 1589 4064 σὺν
1634 4011 1824 4082 πλήθει

267 4096 367 4166 μὲν
415 4095 550 4149 θεῶν
590 4097 687 4167 τὴν
730 4096 1026 4167 παράταξιν
1057 4099 1446 4170 πεποιημένους
1471 4140 1484 4164 ,
1524 4102 1739 4172 αἰσχρὸν
1768 4091 1824 4155 δὲ

262 4185 414 4248 τέλος
458 4186 877 4256 ὑπομείναντας’
927 4189 954 4240 ὁ
991 4188 1086 4256 μὲν
1118 4187 1224 4259 γὰρ
1253 4189 1427 4241 αὐτῶν
1472 4193 1565 4244 σὺν
1599 4192 1823 4265 αἰσχύνῃ

261 4282 362 4348 τῆς
397 4279 666 4352 συμϐολῆς
705 4281 982 4351 ἄπρακτος
1023 4280 1303 4352 ἀνεχώρει,
1340 4285 1367 4334 ὀ
1407 4283 1461 4335 δὲ
1504 4286 1595 4337 καὶ¹
1641 4275 1825 4355 μέσοις

261 4372 447 4435 αὐτοῖς
477 4375 585 4435 τοῖς
609 4371 970 4442 στρατεύμασι
993 4372 1381 4440 κατασφαγεὶς,
1409 4373 1679 4444 πάρεργον
1703 4375 1824 4442 ἐγέ-

262 4479 386 4516 νετο
414 4463 640 4516 θανάτου
670 4463 779 4534 (72)
800 4479 812 4490 ·
852 4462 1022 4515 ταῦτα
1054 4460 1144 4516 οὖν
1185 4465 1357 4517 πάντα
1403 4456 1721 4535 συναγαγὼν
1753 4470 1817 4538 τῇ

331 4615 617 4690 (ϐθὶγΤοίς
661 4619 778 4672 τῶν
821 4617 1046 4673 λοιπῶν
1090 4621 1374 4689 κρατοῦσι
1404 4619 1620 4690 μερῶν.
1656 4622 1814 4678 Gale-

264 4687 404 4762 rium
450 4689 936 4762 MaximianumAet
980 4687 1328 4762 Maximinum
1391 4687 1658 4762 intelligit.
1711 4694 1816 4747 llos

263 4760 408 4830 enim
432 4759 734 4830 vocat'coiig
770 4759 944 4830 χρόνῳ
976 4760 1333 4830 προάγοντας,
1367 4762 1414 4814 id
1458 4772 1539 4814 est
1575 4759 1815 4816 seniores

265 4828 642 4893 imperatores.
663 4828 925 4883 Nam—etsi
947 4828 1272 4882 Maximinus
1299 4830 1512 4883 vixdum
1543 4833 1814 4900 Augustus

264 4911 383 4968 erat
447 4900 799 4961 renuntiatus,
847 4909 1022 4952 tamen
1066 4901 1191 4968 quia
1244 4900 1446 4968 aliquot
1486 4902 1641 4954 annis
1689 4913 1813 4955 ante

263 4966 678 5020 Constantinum
711 4969 890 5022 CwSar
935 4966 1111 5023 factus
1153 4966 1346 5029 fuerat,
1395 4971 1513 5023 ideo
1561 4971 1702 5025 inter
1726 4985 1813 5024 εθ-

264 5039 449 5097 Diores
477 5038 830 5090 Constantino
859 5039 1207 5105 imperatores
1231 5039 1411 5093 haberi
1442 5049 1634 5104 potest.

338 5107 452 5175 (70)
490 5109 754 5175 Αίσχρὸν
785 5108 1110 5178 ὑπέμειναν
1152 5107 1344 5173 τέλος.
1383 5107 1586 5178 illorum
1622 5109 1810 5162 Verbo-

265 5192 385 5247 rum
435 5178 628 5246 duplex
681 5194 870 5231 sensus
902 5177 1092 5231 'allerri
1143 5191 1337 5247 potest.
1378 5177 1510 5230 Nam
1555 5189 1649 5230 aut
1687 5194 1808 5232 cum

260 5245 522 5327 Portesio’
561 5258 614 5300 et
641 5245 1343 5327 ChristOpborsono'_possis
1378 5257 1588 5327 vertere
1623 5249 1815 5316 [cedunt

262 5319 341 5370 rei
377 5327 614 5371 euentum
647 5320 784 5370 nacti
814 5329 961 5379 sunt,
1001 5326 1096 5370 aut
1130 5319 1270 5372 sicut
1306 5334 1404 5387 ego
1433 5319 1814 5386 interpretatus

263 5401 408 5448 sum,
446 5389 585 5455 turpi
626 5389 773 5440 exitu
807 5388 1092 5454 perierunt.
1133 5387 1286 5440 Prior
1322 5403 1514 5441 sensus
1553 5389 1617 5438 ad
1667 5387 1817 5441 Gale-

265 5456 406 5509 rium
436 5456 814 5510 Maximianum
847 5459 1093 5510 refertur.
1129 5457 1402 5510 Posterior
1444 5458 1815 5525 interpretatio

265 5525 333 5577 de
369 5527 572 5578 Severo
614 5528 827 5579 Gazsare
868 5527 1208 5593 intelligenda
1241 5531 1362 5579 est:
1411 5528 1498 5592 qui
1543 5543 1571 5578 a
1599 5525 1813 5580 Galerio

265 5605 454 5648 contra
505 5594 829 5650 Maxentiqu
861 5613 978 5649 cum
1024 5596 1261 5648 exercitu
1311 5596 1522 5657 missus,
1560 5611 1680 5649 cum
1715 5596 1813 5649 Ro-

271 5679 410 5733 mam
479 5668 728 5720 obsidere
795 5675 1044 5733 pararet,
1097 5667 1340 5718 desertus
1395 5680 1426 5717 a
1490 5666 1623 5726 suis,
1679 5681 1813 5732 quos

270 5726 581 5791 Maxentius
618 5750 710 5804 spe
743 5726 1082 5804 przcmiorunt
1123 5735 1188 5789 ad
1219 5749 1276 5789 se
1313 5735 1646 5802 traduxerat,
1683 5726 1816 5806 fug-it

1922 3181 2060 3241 riam
2094 3177 2368 3246 prioribus
2415 3174 2520 3228 illis
2569 3172 2710 3225 viam
2767 3170 3018 3234 iniisset,
3069 3175 3123 3222 et
3160 3167 3250 3235 qui
3282 3181 3472 3221 eorum

1922 3271 2138 3342 quidem
2170 3283 2409 3323 errorem
2443 3266 2874 3326 condemnasset,
2915 3274 3080 3314 unum
3125 3273 3254 3312 vero
3287 3258 3479 3327 supre-

1925 3378 2070 3418 mum
2119 3361 2355 3415 omnium
2407 3360 2571 3412 Deum
2626 3364 2736 3409 toto
2786 3355 2913 3408 vita).
2959 3352 3132 3422 spatio
3179 3349 3474 3415 coluisset;

1923 3457 2168 3510 eumdem
2191 3460 2516 3508 servatorem
2543 3464 2607 3502 ac
2630 3448 2838 3514 imperii
2859 3446 3153 3506 custodem,
3176 3453 3222 3496 et
3238 3442 3478 3496 omnium

1922 3547 2185 3601 bonorum
2211 3552 2483 3597 auctorem
2517 3538 2786 3593 habuisse.
2812 3535 2936 3590 lltec
2967 3533 3055 3588 ille
3081 3547 3202 3587 cum
3246 3533 3384 3601 apud
3415 3548 3475 3586 se

1923 3637 2300 3706 expendisset;
2357 3642 2611 3700 recteque
2667 3627 3156 3692 animadvertisset,-
3209 3625 3324 3680 illos
3359 3627 3479 3694 qui-

1927 3730 2046 3784 dem
2082 3726 2176 3796 qui
2209 3727 2263 3779 in
2309 3724 2531 3778 deorum
2583 3717 2931 3774 multitudine
2967 3716 3214 3770 ﬁduciam
3264 3717 3477 3786 posuis-‘

1925 3826 2064 3880 sent,
2107 3818 2159 3869 in
2193 3814 2586 3868 multitudinem
2618 3825 2833 3882 quoque
2854 3810 3144 3864 exitiorUm
3173 3823 3293 3862 esse
3327 3808 3475 3862 dela-

1926 3925 2052 3979 psos
2078 3953 2092 3975 ,
2131 3909 2265 3963 adeo
2297 3916 2356 3960 ut
2402 3919 2500 3960 nec
2531 3907 2741 3973 generis
2765 3903 2981 3956 illorum
3023 3915 3086 3955 ac
3125 3899 3346 3962 sobolis,
3378 3913 3476 3952 nec

1927 4002 2110 4071 stirpis
2137 4015 2199 4054 ac
2225 3998 2484 4061 nominis,
2515 4002 2617 4050 nec
2649 3994 2918 4048 memoria:
2950 3991 3112 4045 ullum
3142 3991 3281 4043 inter
3304 3991 3477 4043 homi-

1927 4109 2020 4148 nes
2049 4093 2328 4161 vestigium
2354 4089 2705 4143 remanserit:
2736 4096 2922 4139 contra
2955 4091 3082 4137 vero
3115 4081 3478 4151 Deumpatris

1926 4187 2035 4248 sui,
2064 4184 2229 4238 multa
2262 4198 2430 4252 eaque
2458 4180 2686 4234 illustria
2728 4178 2978 4246 potentiae
3009 4183 3119 4229 suae
3155 4175 3475 4228 documenta

1926 4279 2028 4349 ipsi
2075 4276 2399 4346 praebuisse;
2440 4287 2672 4341 cumque
2718 4277 2980 4340 prmterea
3041 4267 3476 4328 considerasset,-

1929 4384 2020 4424 eus
2057 4368 2160 4437 qui
2180 4366 2288 4432 jam
2311 4373 2469 4417 antea
2497 4363 2680 4430 c0pias
2709 4362 3278 4427 adversustyrannutn
3309 4357 3479 4410 duxeo'

1930 4470 2069 4529 rant,
2108 4475 2230 4515 cum
2273 4458 2494 4512 deorum
2543 4453 2889 4510 multitudine
2925 4453 2990 4506 ad
3033 4465 3264 4522 pugnam
3293 4449 3468 4520 prodeJ

1922 4621 2264 4688 Ravennam;-
2287 4621 2340 4678 in
2363 4632 2467 4686 qua
2497 4613 2748 4688 obsessus
2771 4612 3114 4688 auMaxentio,
3141 4626 3263 4665 mox
3286 4610 3474 4688 fraude

1923 4707 1984 4745 ac
2016 4682 2266 4759 perjuriis
2288 4682 2599 4759 Maximiani
2632 4683 2870 4759 Herculii
2890 4683 3246 4759 deccptu_s,retl
3270 4682 3471 4747 captivi

1921 4751 2353 4815 liab'iIu'Rmnam
2385 4751 2871 4824 perductus,_brevi
2901 4752 3472 4824 post_ea__i_n‘teremptus

1920 4843 2022 4892 est,
2053 4819 2462 4883 inscribitur-in
2494 4823 2666 4877 Gestis
2694 4820 3045 4875 Constantini.
3081 4819 3209 4892 Yide
3232 4835 3352 4888 cap.
3379 4821 3472 4884 27,

1918 4887 2059 4965 quod
2092 4899 2338 4967 proxime
2375 4895 2641 4961 sequitur,
2675 4892 2762 4945 ubi
2795 4904 2914 4944 eam
2944 4903 3054 4942 rem
3077 4887 3249 4943 fusius
3283 4901 3475 4942 narrat.

1917 4970 2205 5022 Eusebius.

1989 5039 2100 5108 (7i)
2143 5037 2386 5108 qulatc
2406 5050 2469 5086 τε
2489 5029 2954 5108 καὶᾴναᾷήμασε.
2975 5029 3029 5108 l_n
3057 5029 3270 5108 seltedis
3294 5027 3473 5096 Regiis

1917 5099 2134 5164 additur
2165 5099 2373 5167 λοιϐαῖς
2396 5121 2455 5155 τε
2489 5105 2581 5154 καὶ
2613 5101 2825 5164 θυσίαις
2856 5099 2952 5170 καὶ
2986 5099 3470 5170 ἀναθήμασι,ίεῑ‹ξε

1988 5178 2098 5243 (7'2)
2137 5175 2436 5245 Πάρεργον
2461 5173 2694 5245 ἐγένετο
2719 5167 2995 5245 dar-citet).
3033 5167 3471 5245 _D_illicile_ad_nio-

1915 5239 2039 5303 dum
2073 5239 2158 5300 est
2191 5239 2394 5304 dicere.
2429 5239 2554 5310 quid
2591 5244 2692 5294 sibi
2725 5241 2854 5292 velit
2893 5239 3174 5292 Eusebius.
3221 5239 3472 5291 Christo-

1913 5322 2214 5386 pborsonus
2251 5315 2464 5386 quidem
2520 5312 2703 5374 vertit,-
2771 5320 3018 5386 tfnquam
3089 5311 3473 5375 supervacuum

1915 5378 2100 5440 inertis
2145 5378 2372 5436 accessio
2422 5382 2592 5448 factus
2632 5391 2727 5432 est.
2782 5378 3056 5448 Porteﬁsius
3091 5393 3303 5444 quoque
3346 5388 3474 5448 ante

1917 5458 2062 5510 illum
2105 5455 2198 5520 [uti
2231 5446 2575 5506 accessionem
2612 5458 2869 5502 verterat.
2917 5447 3019 5500 Sed
3065 5463 3168 5500 non
3210 5446 3469 5520 intelligo,

1917 5542 2012 5580 cur
2038 5515 2271 5579 Severus
2313 5521 2500 5574 mortis
2534 5521 2778 5572 accessio
2807 5520 3038 5577 dicatur,
3074 5531 3193 5569 cum
3224 5515 3367 5568 solus
3406 5529 3470 5565 ex

1917 5596 2062 5649 omni
2093 5593 2334 5648 exercitu
2365 5605 2460 5644 suo
2497 5590 2739 5656 perierit.
2775 5587 2952 5641 Malim
2985 5587 3166 5653 itaque
3194 5586 3473 5656 πάρεργον

1918 5663 2258 5731 interpretari
2288 5661 2438 5714 vilem
2469 5660 2752 5712 victinmm.
2787 5657 2919 5731 Eilia
2954 5660 3096 5709 enim
3125 5658 3473 5731 capitaurecte

1917 5725 2145 5788 θανάτου
2179 5733 2452 5803 πάρεργον
2484 5731 2755 5783 dicuntur.
2787 5727 3066 5800 Πάρεργον
3091 5730 3251 5782 etiam
3276 5725 3473 5781 dicitur
