3858 6260
474 270 582 327 9ιὸ
1177 273 1443 331 EUSEBII
1479 276 1951 336 C/ESARIENSIS
1988 281 2137 339 OPP.
2179 282 2359 337 PARS
2395 281 2436 340 I.
2475 316 2544 325 —
2582 282 2963 341 HISTORICA.
3569 291 3654 350 9H

474 404 615 455 ctos,
647 402 857 460 turpem
891 399 1098 444 exitum
1129 392 1413 447 habuisse.
1441 395 1590 450 Alter
1619 396 1760 451 enim
1799 414 1856 452 re
1890 398 2011 454 infe-

2125 399 2349 473 διανοίᾳ,
2376 400 2440 455 τὸ
2466 402 2563 472 μὲν
2590 402 2717 472 περὶ
2747 402 2873 466 τοὺς
2907 400 3068 473 μηδὲν
3094 401 3248 465 δντας
3280 401 3435 466 θεοὺς
3462 412 3652 473 ματαιά-

474 497 561 535 cta
584 497 703 536 cum
725 483 976 538 Omnibus
998 483 1169 552 copiis
1195 484 1551 554 ignominiose
1576 498 1871 544 recesserat
1894 506 1912 547 :
1946 492 2011 546 al-

2136 492 2267 557 ζειν,
2298 493 2390 546 καὶ
2437 492 2575 563 μετὰ
2610 492 2861 548 τοσοῦτον
2886 493 3101 566 ἔλεγχον
3125 493 3545 556 ἀποπλανᾶσθαι,
3573 514 3655 567 μω-

478 582 558 627 ter
592 574 643 626 in
681 573 854 627 medio
898 573 1138 627 exercitu
1180 574 1478 655 iugulatus,
1507 562 1759 646 tanquam
1804 581 2011 635 fortuita

2134 580 2254 653 ρίας
2280 562 2445 653 ἔργον
2471 581 2840 653 ὑπελάμϐανε,
2862 583 2952 637 τὸν
3066 583 3313 657 πατριζύον
3343 586 3501 656 τιμᾷν
3527 562 3654 656 μόνον

475 666 665 719 tnortis
691 665 863 732 praeda
890 666 1191 719 exstiterat.
1226 664 1371 731 Haec,
1407 668 1652 736 inquam,
1679 672 1857 724 omnia
1883 672 2011 741 cogi-

2129 669 2266 742 ᾤετο
2296 672 2405 725 δεῖν
2437 672 2587 727 Θεόν.

478 758 677 811 tatione
738 772 833 810 sua
894 756 1226 826 complexus,
1266 758 1394 813 deos
1434 761 1647 828 quidem
1700 762 1791 831 qui
1837 777 2097 831 nusquam
2150 772 2330 817 essent
2386 765 2614 818 colendo
2646 765 2858 834 nugari,
2886 772 2942 820 et
2969 773 3091 835 post
3136 774 3210 819 tot
3243 780 3308 820 ac
3337 774 3476 819 tanta
3522 767 3654 823 docu-

477 857 651 901 menta
678 862 818 899 cmco
852 847 1026 901 adlmc
1053 861 1240 901 errore
1294 847 1447 913 ferri,
1482 864 1710 905 summae
1765 851 2045 905 dementiae
2101 864 2219 906 esse
2270 852 2596 907 existimavit
2636 867 2653 908 :
2703 855 2878 908 solum
2940 869 3068 908 vero
3099 852 3264 908 Deum
3318 854 3562 925 genitoris
3589 862 3653 916 sui

474 940 577 994 sibi
601 955 720 995 esse
747 939 1026 995 colendum
1060 941 1292 994 censuit.

906 1032 1066 1105 422
1094 1031 1320 1089 CAPUT
1345 1033 1585 1091 XXVIII.

473 1122 745 1185 Quomodo
793 1121 928 1176 Deus
986 1124 1164 1177 oranti
1199 1124 1448 1177 visionem
1491 1127 1768 1181 ostenderit
1809 1129 1862 1183 in
1900 1129 2024 1183 caelo

537 1195 633 1245 sub
662 1193 951 1256 meridiem,
996 1210 1197 1247 crucem
1227 1193 1458 1247 videlicet
1507 1195 1737 1250 lucidam
1785 1216 1901 1252 cum
1937 1202 2022 1253 in-

537 1264 839 1327 scriptione,
872 1275 1108 1317 moneute
1137 1272 1191 1316 ut
1216 1264 1269 1315 iu
1301 1265 1399 1316 hac
1429 1265 1676 1320 vinceret.

542 1351 711 1422 Hujus
759 1367 889 1422 ergo
934 1368 1088 1423 opem
1123 1354 1409 1421 implorare
1446 1358 1630 1424 coepit,
1660 1371 1823 1413 orans
1865 1368 2025 1427 atque

467 1443 760 1498 obsecrans
786 1454 843 1497 ut
868 1458 926 1498 se
960 1445 1060 1513 ipsi
1095 1446 1421 1499 noscendum
1452 1448 1739 1514 praeberet,
1776 1463 1838 1502 ac
1886 1464 2024 1516 pra:—

468 1534 710 1588 scntibus
774 1536 1005 1601 negotiis
1054 1536 1379 1604 adjutricem
1433 1553 1648 1591 manum
1703 1540 2019 1608 porrigeret.

473 1622 594 1679 H:ec
636 1627 874 1694 precanti
907 1640 970 1679 ac
996 1626 1311 1693 suppliciter
1342 1628 1632 1696 postulanti
1684 1630 2019 1701 imperatori,

418 1718 421 1727 '
468 1717 786 1771 admirabile
809 1719 1075 1785 quoddam
1102 1719 1318 1787 signum
1371 1734 1400 1773 a
1445 1718 1551 1775 Deo
1604 1721 1825 1776 missmn
1865 1739 2023 1791 appa-

471 1807 599 1862 ruit.
625 1806 777 1872 Quod
826 1806 869 1859 si
911 1806 1129 1874 quidem
1174 1809 1241 1862 ab
1282 1808 1387 1862 alio
1434 1811 1683 1879 Qnupiam
1726 1812 2018 1879 diceretur,

471 1899 611 1953 haud
643 1898 801 1952 facile
824 1900 1097 1953 auditores
1121 1899 1277 1954 tidem
1308 1914 1489 1957 essent
1528 1904 1784 1957 habituri.
1817 1904 2018 1958 Verqu

468 2006 589 2045 cum
620 1991 731 2058 ipse
756 1989 925 2043 victor
956 1992 1228 2060 Augustus
1260 1994 1412 2048 nobis
1433 1994 1521 2063 qui
1557 1996 1690 2049 hanc
1735 1995 2017 2049 historiam
2044 2018 2051 2027 ο

468 2077 774 2143 scribimus,
816 2077 974 2145 longo
1020 2090 1141 2146 post
1191 2088 1448 2148 tempore,
1509 2096 1630 2135 cum
1671 2083 1918 2138 videlicet
1964 2084 2016 2137 in

466 2166 582 2234 ejus
610 2169 850 2221 notitiam
871 2180 924 2222 et
952 2170 1369 2223 familiaritatem
1398 2173 1759 2239 pervenimus,
1803 2175 1851 2227 id
1876 2184 2021 2228 retu-

466 2260 609 2324 lerit,
636 2269 690 2313 et
725 2275 1022 2314 sermonem
1050 2264 1380 2316 sacramenti
1409 2264 1667 2331 religione
1690 2266 2014 2332 firmaverit;

452 2351 586 2419 quis
614 2352 837 2421 posthac
859 2351 1017 2406 fidem
1047 2354 1167 2407 huic
1213 2355 1510 2408 narrationi
1546 2357 1807 2411 adbibere
1856 2357 2019 2411 dubi-

466 2441 651 2495 tabit?
712 2444 1010 2511 praesertim
1049 2458 1170 2497 cum
1221 2445 1271 2498 id
1323 2446 1465 2513 quod
1517 2447 1867 2502 subsecutum
1935 2456 2019 2503 est

464 2540 698 2600 tempus,
730 2535 993 2587 sermonis
1034 2535 1191 2604 hujus
1231 2535 1512 2590 veritatem
1566 2539 1877 2593 testimonio
1919 2554 2018 2594 suo

462 2626 883 2680 confirmaverit.
907 2625 1067 2680 Horis
1094 2626 1198 2679 diei
1248 2626 1583 2691 meridianis,
1621 2629 1734 2682 sole
1770 2630 1820 2682 in
1857 2644 2019 2684 occa-

460 2732 579 2771 sum
603 2723 875 2787 vergente,
908 2717 1085 2771 crucis
1118 2726 1375 2786 tropaeum
1407 2718 1457 2771 in
1481 2718 1618 2773 coelo
1650 2733 1715 2772 ex
1746 2718 1863 2772 luce
1893 2735 2017 2774 con-

462 2808 666 2874 ﬂatum,
717 2807 815 2862 soli
851 2808 1267 2875 superpositum,
1322 2808 1451 2878 ipsis
1493 2808 1663 2863 oculis
1709 2823 1767 2863 se
1815 2809 2013 2864 vidisse

464 2899 766 2963 aﬂirmavit,
793 2916 913 2953 cum
947 2899 1248 2968 bujusmodi
1281 2900 1629 2968 inscriptione
1662 2918 1676 2954 :
1704 2898 1820 2954 Hoc
1844 2904 2008 2955 vince.

2628 1005 3021 1083 KEoAAAION
3053 1027 3186 1082 κη’.

2132 1123 2324 1188 Ὅπως
2347 1121 2653 1190 εὐξαμένῳ
2686 1120 2800 1187 τὴν
2846 1121 3141 1190 ὀπτασίαν
3167 1123 3199 1174 ὀ
3230 1119 3375 1184 Θεὸς
3405 1120 3651 1190 παρέσχε,

2198 1192 2460 1260 σταυρὸν
2489 1189 2555 1245 ἐκ
2593 1191 2784 1260 φωτὸς
2815 1192 2882 1243 ἐν
2906 1189 3159 1260 οὐρανῷ,
3188 1190 3550 1258 μεσημϐρίας
3575 1192 3653 1245 οῦς

2198 1257 2465 1329 σηςζκαὶ
2496 1257 2731 1330 ῃοιὶφὴν
2766 1263 2955 1328 τούτῳ
2980 1257 3164 1325 νικᾷν
3191 1257 3605 1328 παραινοῦσαν.

2210 1354 2545 1408 Ἀνεκαλεῖτο
2570 1354 2704 1422 δῆτα
2738 1355 2796 1406 ἐν
2834 1353 3021 1423 εὐχαῖς
3052 1351 3240 1405 τοῦτον
3273 1350 3551 1405 ἀντιϐολῶν
3579 1352 3651 1405 xui

2127 1446 2505 1516 ποτνιώμενος,
2544 1449 2708 1516 φῆναι
2753 1443 2898 1514 αὐτῷ
2937 1444 3125 1497 ἑαυτὸν
3157 1446 3306 1506 ὅστις
3330 1444 3433 1513 εἴη,
3462 1443 3547 1497 καὶ
3568 1443 3646 1515 τὴν

2127 1538 2319 1591 ἑαυτοῦ
2350 1536 2528 1601 δεξιὰν
2556 1538 2665 1600 τοῖς
2696 1536 3070 1606 προκειμένοις
3096 1534 3370 1605 ὲπορέξαι.
3404 1534 3651 1605 Εύχομένφ

2124 1625 2180 1678 δὲ
2206 1625 2375 1678 ταῦτα
2419 1627 2513 1679 καὶ
2539 1623 2779 1693 λιπαρῶς
2807 1624 3096 1677 ἱκετεύοντι
3133 1622 3212 1693 τῷ
3240 1621 3465 1693 βασιλεῖ,
3496 1622 3650 1693 Osos-r5-

2125 1715 2220 1786 μία
2263 1733 2347 1779 τις
2397 1716 2735 1784 ἐπιφαίνεται
2785 1714 3189 1785 παραδοξοτάτη
3215 1730 3229 1743 ι
3282 1715 3348 1783 ἦν
3404 1713 3532 1782 τάχα
3572 1714 3650 1782 μὲν

2121 1803 2282 1857 ἄλλου
2316 1804 2583 1871 λέγοντος,
2629 1806 2688 1858 ού
2725 1805 2903 1876 ῥᾴδιον
2930 1799 2996 1875 ἦν
3028 1802 3391 1869 ἀποδέξασθαι
3420 1802 3541 1873 (73),
3569 1802 3646 1856 αὐ-

2118 1894 2210 1947 τοῦ
2256 1894 2312 1948 δὲ
2345 1896 2434 1947 τοῦ
2482 1898 2701 1968 νικητοῦ
2738 1897 2998 1967 βασιλέως
3017 1935 3032 1959 ,
3066 1898 3178 1958 τοῖς
3210 1895 3311 1965 τὴν
3362 1895 3558 1965 γραφὴν
3583 1894 3647 1946 δι-

2117 1986 2434 2056 ηγουμένοις
2461 1988 2590 2057 ἡμῖν
2618 1989 2848 2056 μακροῖς
2882 1987 3108 2057 ὕστερον
3143 1985 3376 2056 χρόνοις,
3409 1986 3494 2039 ὅτε
3510 1985 3643 2055 ἡξιώ-

2118 2077 2183 2149 θη
2192 2095 2288 2148 μεν
2315 2078 2415 2148 τῆς
2441 2078 2603 2132 αὐτοῦ
2631 2078 2882 2147 γνώσεώς
2933 2095 2992 2131 τε
3047 2077 3141 2131 καὶ
3167 2078 3409 2147 ὁμιλίας.
3439 2078 3646 2145 ἐξαγγεί-

2118 2168 2327 2233 λαντος,
2378 2169 2558 2242 ὅρκοις
2608 2188 2666 2224 τε
2714 2170 3120 2239 πιστωσαμένου
3152 2169 3246 2221 τὸν
3273 2168 3451 2236 λόγον,
3489 2168 3560 2230 τίς
3590 2166 3643 2220 ἂν

2118 2260 2414 2330 ἁμφιὸἀλοι
2465 2261 2538 2331 μὴ
2588 2262 2708 2331 οὐχὶ
2761 2260 3045 2314 πιστεῦσαι
3095 2258 3173 2330 τῷ
3215 2260 3523 2329 διηγήματις
3560 2259 3641 2327 μά-

2117 2351 2253 2404 λισθ⁹
2287 2353 2373 2405 ὅτε
2409 2354 2552 2407 καὶὸ
2587 2354 2723 2424 μετὰ
2769 2352 2937 2406 ταῦτα
2980 2352 3168 2423 χρόνος
3215 2350 3388 2421 ἀληθῆ
3422 2349 3495 2421 τῷ
3527 2350 3639 2419 λόγῳ

2117 2443 2357 2515 παρέσχε
2397 2445 2493 2515 τὴν
2531 2446 2852 2517 μαρτυρίαν.
2906 2445 3069 2515 Ἀμφὶ
3116 2443 3482 2514 μεσημϐρινὰς
3519 2442 3638 2512 ἡλίου

2114 2532 2263 2605 ὥρας
2286 2577 2300 2600 ,
2343 2535 2444 2607 ήδη
2491 2536 2587 2606 τῆς
2635 2536 2848 2607 ἡμέρας
2884 2535 3282 2605 ἀποκλινούσης
3316 2534 3454 2603 (74),
3492 2533 3636 2594 αὐτοῖς

2114 2623 2409 2694 ὀφθαλμοῖς
2460 2625 2586 2678 ἰδεῖν
2627 2625 2726 2697 ἔφη
2763 2627 2818 2678 ὲν
2859 2623 3007 2695 αὑτῷ
3049 2623 3265 2695 οὐρανῷ
3297 2621 3637 2693 ὑπερκείμενον

2114 2720 2204 2773 τοῦ
2233 2720 2382 2792 ἡλίου
2419 2721 2652 2792 σταυροῦ
2676 2722 2951 2792 τρόπαιον,
2982 2722 3046 2773 ὲκ
3075 2719 3253 2788 φωτὸς
3279 2717 3634 2787 συνισιάμενον,

2114 2818 2327 2882 γραφήν
2374 2830 2433 2865 τε
2473 2812 2622 2882 αὐτῷ
2645 2812 2910 2883 συνῆφθαι
2936 2851 2951 2875 ,
2986 2812 3279 2879 λέγουσαν
3314 2813 3489 2877 τούτῳ
3508 2809 3633 2861 νίκα.

2113 2904 2329 2975 Θάμὸος
2359 2904 2401 2956 δ’
2428 2906 2518 2957 ἐπὶ
2556 2904 2630 2975 τῷ
2664 2904 2892 2975 θεάματι
2931 2904 3201 2975 κρατῆσαι
3232 2903 3387 2958 αὐτόν
3412 2919 3465 2955 τε
3490 2901 3567 2954 καὶ
3586 2898 3632 2952 τὸ

464 2991 543 3046 Eo
565 2991 679 3045 viso
705 3000 758 3043 et
782 2989 1016 3057 seipsum
1045 2998 1098 3042 et
1134 2988 1329 3043 milites
1370 3005 1577 3051 omnes,
1611 2990 1700 3057 qui
1727 2992 1897 3059 ipsum
1928 3006 2011 3044 ne-

2118 2994 2503 3065 στρατιωτικὸν
2551 2994 2728 3056 ἅπαν,
2783 2995 2812 3048 ὂ
2859 2994 2922 3065 δὴ
2969 2993 3305 3064 στελλομένῳ
3336 3010 3420 3046 ποι
3451 2998 3631 3063 πορείαν

462 3082 575 3135 scio
602 3096 708 3149 quo
730 3081 831 3133 iter
858 3078 1145 3132 facientem
1181 3072 1572 3146 sequebantur,
1598 3090 1653 3133 et
1681 3080 1770 3146 qui
1799 3092 2016 3147 specta-

466 3180 611 3225 tores
654 3168 901 3223 miraculi
927 3166 1163 3229 fuerant,
1194 3169 1549 3222 vehementer
1582 3168 2010 3238 obstupefactos.

999 3255 1227 3311 CAPUT
1265 3251 1456 3312 XXIX.

462 3351 739 3417 Quomodo
785 3350 1022 3403 Christus
1094 3348 1439 3403 Constantino
1493 3351 1547 3403 in
1607 3350 1802 3404 somnis
1851 3351 2008 3415 visus,

528 3422 920 3543 pra'cepebriltl_ut
947 3424 1094 3489 signo
1120 3421 1189 3473 ad
1216 3421 1386 3474 crucis
1415 3419 1639 3489 [orntum
1667 3423 1812 3489 [acto
1835 3433 2011 3475 utere-

527 3505 616 3544 tur
648 3509 702 3544 m
772 3509 798 3543 ρ
844 3507 909 3543 ts.

434 3576 439 3591 “
524 3582 748 3636 Interim
778 3583 909 3651 ipse,
939 3588 1001 3635 ut
1033 3580 1232 3647 aiebat,
1259 3579 1576 3635 addubitare
1626 3582 1811 3636 animo
1849 3581 2011 3651 cmpit

456 3675 712 3742 quidnam
744 3674 844 3728 hoc
876 3683 1147 3751 spectrum
1175 3673 1276 3728 sibi
1301 3672 1481 3727 vellet.
1516 3670 1793 3743 Cogitanti
1830 3673 1930 3742 ipsi
1955 3684 2010 3728 et

456 3758 545 3818 diu
573 3764 905 3834 multumque
925 3765 1063 3833 apud
1087 3779 1145 3819 se
1175 3766 1473 3843 reputanti,
1511 3781 1613 3819 nox
1653 3767 1868 3818 tandem
1916 3781 2008 3817 su-

453 3855 718 3922 pervenit.
758 3854 891 3908 Tum
918 3870 1049 3911 vero
1076 3856 1327 3910 Christus
1372 3854 1466 3911 Dei
1514 3856 1800 3910 dormienti
1853 3871 2009 3925 appa-

454 3944 561 3998 ruit
597 3959 720 3999 cum
749 3947 908 4016 signo
933 3946 1022 4000 illo
1049 3947 1191 4014 quod
1218 3947 1271 4000 iu
1299 3945 1441 4000 ctelo
1483 3954 1757 4001 ostensum
1804 3945 2007 4007 fuerat,

454 4037 834 4106 praecepitque.
886 4047 941 4090 ut
1000 4037 1219 4091 militari
1285 4038 1443 4106 signo
1491 4039 1557 4090 ad
1599 4036 2006 4091 similitudinem

451 4124 567 4191 ejus
592 4128 733 4194 quod
767 4128 819 4179 iu
849 4126 987 4181 cmlo
1026 4128 1245 4180 vidisset
1293 4125 1580 4189 fabricato,
1627 4140 1692 4180 co
1753 4134 2006 4193 tauquam

452 4218 685 4273 salutari.
713 4221 962 4288 praesidio
998 4219 1050 4271 in
1087 4218 1286 4286 prmliis
1320 4227 1606 4284 uteretur“

2118 3087 2394 3141 συνείπετό
2420 3104 2479 3140 τε
2513 3089 2603 3141 καὶ
2637 3087 2837 3159 θεωρὸν
2869 3087 3073 3156 ἐγίνετο
3105 3085 3398 3157 θαύματος.

2613 3262 3006 3315 ΚΕΦΑΛΑΙΟΝ
3036 3261 3165 3315 ΚΘ’.

2116 3352 2312 3418 Ὅπως
2356 3356 2389 3407 ὁ
2431 3353 2683 3421 Χριστὸς
2726 3353 2832 3408 τοῦ
2872 3354 3019 3408 Θεοῦ
3064 3356 3191 3409 καθ’
3240 3356 3460 3420 ὕπνους
3502 3348 3630 3417 αὐτῷ

2183 3424 2412 3494 φανεὶς,
2459 3426 2817 3491 όμοιοτρόπῳ
2861 3425 2989 3494 τοῦ,
3013 3424 3279 3492 σταυροῦ
3320 3426 3522 3494 σημείῳ
3555 3439 3623 3477 κε·

2180 3492 2436 3561 χρῆσθαι
2475 3494 2624 3547 κατά
2660 3493 2801 3559 τοὺς
2843 3493 3150 3563 πολέμους
3180 3492 3513 3563 προσέταξε.

2181 3585 2290 3638 Καὶ
2315 3583 2377 3657 δὴ
2423 3585 2699 3657 διαπορεῖν
2731 3585 2865 3656 πρὸς
2900 3585 3091 3638 ἑαυτὸν
3122 3584 3299 3655 ἔλεγε,
3344 3587 3392 3639 τί
3424 3600 3533 3638 ποτε
3560 3581 3622 3652 εἴη

2109 3674 2170 3727 τὸ
2193 3675 2400 3745 φάσμα.
2431 3674 2581 3728 Ἐνθυ
2591 3692 2688 3745 μου
2696 3674 2840 3745 μένῳ
2863 3674 2907 3727 δ’
2929 3674 3075 3745 αὑτῷ
3096 3677 3187 3728 καὶ
3208 3677 3301 3728 ἐπὶ
3322 3676 3444 3729 πολὺ
3467 3672 3624 3740 λογιζο-

2113 3765 2257 3835 μένῳ
2289 3764 2384 3829 νὺξ
2424 3764 2579 3836 ἐπῄει
2616 3764 3023 3820 καταλαϐοῦσασ
3058 3765 3289 3820 ἐνταῦθα
3319 3766 3378 3836 δὴ
3418 3761 3624 3818 ὑπνοῦντι

2108 3853 2284 3926 αὐτῷ,
2315 3853 2407 3907 τὸν
2438 3856 2668 3925 Χριστὸν
2718 3856 2808 3909 τοῦ
2843 3856 2982 3910 Θεοῦ
3029 3858 3124 3910 σὺν
3166 3856 3248 3928 τῷ
3294 3856 3490 3926 φανέντι
3528 3866 3621 3905 κατ’

2107 3946 2331 4017 οὐρανὸν
2378 3946 2585 4017 σημείῳ
2633 3947 2860 4018 ὀφθῆναί
2903 3966 2963 4002 τε
3009 3948 3101 4001 καὶ
3142 3941 3621 4020 παρακελεύσασθαι,

2112 4037 2331 4108 μίμημα
2374 4041 2734 4110 ποιησάμενον
2761 4040 2854 4093 τοῦ
2892 4043 3010 4094 κατ’
3039 4042 3266 4113 οὐρανὸν
3295 4037 3522 4109 ὀφθέντος
3547 4048 3620 4101 σηι

2112 4128 2283 4198 μείου,
2323 4130 2494 4200 τούτῳ
2522 4131 2654 4203 πρὸς
2686 4130 2782 4196 τὰς
2813 4132 2920 4187 τῶν
2946 4133 3219 4205 πολεμίων
3254 4127 3500 4202 meum
3524 4122 3622 4178 ἀλε¹

2109 4218 2307 4290 ξήματι
2342 4221 2593 4292 χρῆσθαι.

1015 4332 1239 4389 CAPUT
1286 4332 1455 4391 XXX.

2637 4335 3026 4389 ΚΕΦΑΛΛΙΟΝ
3068 4337 3145 4390 Λ’.

527 4423 831 4479 Fabi-italia
860 4425 975 4494 ejus
1014 4426 1154 4495 signi
1181 4426 1251 4479 ad
1295 4427 1465 4480 crucis
1500 4423 1936 4480 similitudinem.

525 4516 616 4571 Ille
655 4517 832 4585 primo
888 4516 1073 4569 Statim
1136 4516 1369 4571 diluculo
1425 4531 1674 4587 surgens,
1746 4530 2006 4570 arcanum

454 4620 615 4662 onnne
658 4607 847 4661 amicis
887 4606 1156 4676 exposuit.
1199 4604 1525 4660 Convocatis
1547 4606 1747 4659 deinde
1785 4605 1905 4659 auri
1944 4619 2009 4659 ac

456 4712 784 4766 gemmarum
820 4696 1009 4761 fabris,
1048 4697 1257 4752 medius
1305 4696 1445 4750 inter
1488 4710 1581 4751 eos
1628 4697 1851 4761 sedens,
1883 4712 2009 4766 spe-

455 4791 593 4844 ciem
629 4788 791 4861 523
824 4789 962 4861 signi
1007 4789 1087 4844 eis
1132 4802 1386 4844 sermone
1434 4788 1702 4858 depinxit,
1737 4786 2011 4859 jussitque

456 5043 713 5114 quidquid
744 5041 1175 5114 Acilralaborem
1237 5036 1313 5104 ﬁt,
1349 5046 1430 5114 et_
1452 5038 1606 5107 quasi
1641 5039 1780 5114 inter
1809 5037 2003 5092 luden-

455 5109 616 5166 dum.
638 5112 712 5165 Ita
739 5111 923 5166 Severi
946 5112 1173 5166 Caesaris
1196 5125 1341 5163 mors
1362 5109 1639 5180 πάρεργον
1664 5109 1770 5163 dici
1807 5117 2002 5180 potest,

454 5198 576 5235 cum
609 5191 719 5235 tam
755 5182 907 5235 facile
948 5191 1138 5249 captus
1173 5177 1490 5249 occisusque
1510 5177 1607 5239 'stt,
1639 5193 1703 5232 ae
1748 5177 2004 5249 sinullos

454 5256 597 5305 circa
635 5267 693 5307 se
726 5252 924 5304 milites
954 5248 1256 5304 habuisset.
1289 5251 1364 5302 Ac
1402 5248 1630 5302 fortasse
1658 5248 2004 5302 scribendum

453 5333 535 5375 est
563 5321 837 5394 πάρεργον
867 5320 1088 5394 ἐγένετο
1108 5318 1469 5394 πολέμουζιιει
1499 5315 1745 5394 Gelasius
1764 5317 2003 5394 _Cyzic_e-

454 5405 557 5445 nus
604 5385 657 5445 ui
691 5385 782 5447 liti.
829 5406 864 5444 ι.
908 5385 1136 5460 ἐκδίκει)
1172 5385 1294 5442 Είλε
1319 5387 1397 5460 se
1437 5387 1529 5440 καὶ
1559 5386 1634 5460 τῷ
1678 5385 1865 5460 κράτει
1895 5385 2005 5460 τῷν

453 5459 629 5515 ὃπλων
659 5462 727 5515 τὰ
759 5460 943 5531 αὐτόθι
975 5455 1230 5531 ’βάρϐαρα
1275 5456 1436 5531 φῦλα,
1470 5455 1731 5528 παρέργῳ
1761 5456 1860 5525 τῆς
1895 5455 2001 5531 μεθ’·

453 5545 564 5603 χηςΔ
579 5531 713 5603 πρὸς
830 5525 995 5601 ἔργον
1015 5525 1478 5603 συγχρησάμενος,
1510 5525 1598 5603 ubi
1617 5525 1995 5603 'tut’erpt'essi-

457 5596 654 5651 milite}
695 5600 814 5652 belli
844 5596 1410 5660 decessionem'vertit,
1458 5598 1600 5663 quod
1648 5611 1752 5649 nou
1800 5596 1987 5664 probo.

456 5667 670 5721 Mallem
699 5677 845 5722 certe
870 5670 919 5722 in
945 5667 1159 5724 Gelasio
1191 5678 1421 5730 vertere,
1450 5666 1531 5719 his
1556 5665 1687 5719 velut
1719 5664 1838 5717 belli
1860 5679 1984 5734 pro-

2204 4423 2556 4491 Κατασκευὴ
2592 4425 2697 4479 τοῦ
2730 4425 2915 4478 αὑτοῦ
2942 4424 3266 4493 σταυρικοῦ
3295 4420 3537 4491 σημείου.

2175 4517 2325 4586 ’Ἅμα
2356 4516 2399 4567 δ’
2430 4516 2611 4587 ἡμέρᾳ
2650 4515 2969 4581 διαναστὰς,
3006 4518 3119 4579 τοῖς
3161 4515 3331 4585 φίλοις
3372 4510 3613 4581 ἐξηγόρευε

2102 4606 2164 4659 τὸ
2189 4607 2518 4678 ἀπόρρητον.
2548 4606 2796 4659 Κᾶπειτα
2828 4605 3028 4677 χρυσοῦ
3059 4606 3153 4660 καὶ
3180 4605 3337 4658 λίθων
3362 4595 3613 4655 πολυτελῶν

2103 4696 2460 4766 δημιουργοὺς
2513 4695 2883 4762 συγκαλέσας,
2934 4696 3094 4767 μέσος
3158 4694 3316 4757 αὐτὸς
3361 4687 3609 4752 καθιζάνει.

2103 4787 2198 4841 καὶ
2234 4785 2327 4840 τοῦ
2376 4786 2599 4857 σημείου
2642 4787 2742 4858 τὴν
2773 4788 2956 4841 εἰκόνα
2996 4787 3230 4861 φράζει,
3275 4772 3612 4855 ἀπομιμεῖσθαί

2109 5038 2271 5092 ludiis
2296 5039 2364 5091 ad
2397 5037 2583 5091 bellum
2613 5039 2782 5099 ipsum
2813 5052 2957 5091 usus.
2990 5035 3082 5092 Sic
3118 5037 3279 5091 etiam
3309 5029 3543 5089 Eusebius
3564 5024 3609 5079 in

2112 5124 2231 5176 cap.
2268 5108 2357 5189 .51,
2392 5108 2483 5161 lib.
2519 5123 2576 5161 ιι.
2615 5105 2789 5160 Porro
2825 5108 2925 5160 hoc
2955 5108 3005 5159 in
3036 5107 3153 5161 loco
3176 5110 3337 5175 figura
3359 5112 3453 5181 est,
3478 5108 3608 5165 quam

2108 5175 2283 5232 Graccr
2308 5189 2505 5232 vocant
2541 5175 2763 5247 ὕστερον
2790 5176 3072 5247 πρότερον.
3092 5175 3435 5247 Νειηβενεη
3454 5167 3597 5222 Caesa-

2110 5193 2283 5232 ωοωοι
2308 5193 2505 5232 vocant
2541 5193 2763 5250 υστερον
2790 5193 3072 5247 προτερον.
3102 5193 3230 5230 nam
3263 5193 3435 5229 aeven
3454 5193 3597 5222 νευ-

2110 5249 2186 5299 ris
2225 5248 2405 5329 clades
2437 5248 2847 5315 ignominiosam
2898 5248 3046 5301 illam
3075 5245 3275 5301 Galerii
3302 5242 3466 5312 fugam
3489 5247 3603 5305 prt-

2325 5369 2977 5458 VUIS-gdﬂoéslfaoﬂat.
2990 5383 3344 5458 Scribendum
3368 5385 3479 5458 puto

2106 5448 2377 5529 δέξεσθαι,
2411 5448 2467 5508 ut
2501 5457 2694 5529 legisse
2723 5448 2935 5529 videtur
2960 5454 3285 5529 Nicephorus
3311 5448 3603 5529 in'librogvtt.

2100 5507 2149 5579 «ἐ.
2174 5507 2264 5581 ἒξ).
2297 5507 2477 5593 Atque
2503 5507 2584 5578 ita:
2609 5507 2891 5579 inscitedis
2905 5507 3344 5593 Regiisscriptum
3368 5507 3601 5573 inveuthl

2097 5595 2252 5665 codd.
2284 5591 2415 5665 Fui.
2443 5605 2498 5665 et
2525 5595 2687 5648 Savil.
2719 5595 2908 5663 legitur
2931 5591 3341 5665 παραδέξασθαι.

2161 5642 2304 5735 (ii)—
2329 5642 2497 5733 Ἆᾷὶεὲἱ
2525 5642 3355 5734 ᾖξᾶὴῇἱέἒὶὲὗς”ἦῖιῑὸὗ”ὧρας,
3379 5653 3479 5725 ἤδη
3511 5642 3598 5711 τῆς
