3858 6260
251 349 354 407 949

1347 327 1432 404 ιιέ
1466 350 1626 405 νιτΑ
1664 349 2125 406 CONSTANTINI
2165 349 2294 404 LIB.
2333 346 2376 405 ι.

3020 309 3031 334 1

3393 349 3498 405 950

255 466 585 539 ἀτιμότατα]
634 469 744 530 τοῖς
786 465 1042 539 ἀνδράσιν
1080 467 1374 539 ἀπέπεμπε
1396 511 1410 534 ,
1430 453 1538 538 ,καὶ
1565 470 1713 524 ταῦτ’
1740 472 1832 524 οὐκ

1946 470 2168 524 maritos
2195 469 2430 524 remisit.
2468 465 2652 536 Neque
2689 480 2819 519 vero
2851 465 3096 523 homines
3122 465 3386 522 obscuros
3415 478 3498 520 at-

253 558 508 629 ἀσήμοις,
550 557 659 610 οὐδ’
687 558 962 626 ἀφανέσιν,
994 557 1105 611 ἀλλ’
1134 559 1315 623 αὐτοῖς
1349 560 1692 631 ἐμπαροινῶν
1719 563 1829 624 τοῖς

251 651 328 704 τὰ
375 653 621 722 πρωτεῖα
669 651 769 720 τῆς
814 649 922 703 τῶν
961 650 1244 720 Ῥωμαίων
1291 652 1590 723 συγκλήτου
1640 652 1832 724 βουλῆς

241 743 572 812 κατέχουσι.
609 743 847 813 Μυρίαις
879 742 976 812 μὲν
1031 739 1122 796 οὖν
1151 742 1459 815 ἐλευθέραις
1483 745 1727 812 γυναιξὶν
1756 746 1835 797 ἐν·

255 832 496 904 υὸρίζων
540 832 818 904 αἰσχρῶς,
873 833 972 886 οὑκ
1019 829 1160 903 εἶχεν
1186 834 1333 897 ὅπως
1394 834 1688 906 ἐμπλήσειε
1737 836 1833 906 τὴν

254 923 474 993 ἀκρατῆ
505 924 596 977 καὶ
626 925 916 978 ἀκόλαστον
949 926 1113 979 αὑτοῦ
1151 926 1346 1001 ψυχήν.
1388 930 1474 994 Ὠς
1501 931 1558 984 δὲ
1585 932 1678 984 καὶ
1704 933 1834 1004 Χρι-

257 1019 506 1078 πιαναῖς
539 1017 831 1088 ἐνεχείρει,
874 1018 965 1071 καὶ
999 1019 1174 1072 οὐκέθ’
1201 1015 1309 1084 οἶός
1341 1039 1398 1075 τε
1441 1018 1509 1093 ἦν
1536 1023 1646 1092 (85)
1677 1025 1836 1077 εὐπο-

256 1107 387 1176 ρίαν
431 1110 542 1170 τοῖς
598 1107 818 1171 οἰκείοις
861 1109 1271 1180 ἐπιθυμήμασιν
1325 1116 1574 1168 ἐπινοεῖν.
1632 1117 1833 1168 Θᾶττον

255 1191 396 1260 γοῦν
437 1193 534 1263 τὴν
579 1194 753 1265 ψυχὴν
798 1195 1102 1250 θανατῶσαι
1143 1199 1288 1272 (86),
1323 1203 1357 1273 ἢ
1393 1203 1454 1256 τὸ
1498 1204 1654 1275 σῶμα
1687 1205 1834 1274 αὐτῷ

256 1281 618 1354 παρεχώρουν
644 1285 736 1337 ἐπὶ
771 1285 974 1356 φθοράν
1006 1279 1184 1341 αὗται.

774 1378 1169 1432 ΚΕΦΑΛΑΙΟΝ
1205 1382 1325 1434 ΛΔ’.

264 1465 457 1532 Ὅπως
501 1467 540 1536 ἡ
578 1467 686 1521 τοῦ
720 1468 986 1593 ἐπάρχρὶυ
1030 1469 1133 1593 aid
1169 1465 1570 1543 σωφροσύνην
1611 1476 1835 1545 ἑαυτὴν

961 1556 1046 1592 νει.
1091 1557 1180 1593 εν.

961 1556 1025 1592 νε
1031 1556 1180 1594 ινιεν.

331 1629 450 1682 Μία
480 1628 609 1697 γοῦν
634 1647 716 1692 τις
747 1629 855 1683 τῶν
882 1631 1064 1685 αὐτόθι
1096 1635 1470 1708 συγκλητικῶν
1499 1637 1706 1708 ἀνδρῶν
1738 1638 1834 1707 τὴν

256 1718 502 1790 ἔπαρχον
527 1719 818 1774 διεπόντων
849 1721 1115 1790 ἐξουσίαν,
1151 1725 1226 1788 ώς
1252 1727 1578 1790 ἐπιστάντας
1599 1727 1676 1798 τῷ
1704 1728 1836 1800 οίκῳ

1939 577 2045 632 que
2076 560 2368 633 ignobiles,
2407 560 2502 614 sed
2532 559 2676 628 ipsos
2707 559 2977 626 primores
3006 567 3230 612 senatus
3247 556 3494 622 Romani,

1933 667 1998 706 eo
2022 650 2373 706 contumelia:
2403 663 2598 716 genere
2627 646 2830 702 affecit.
2873 646 3137 701 Caeterum
3177 663 3297 702 cum
3341 646 3499 702 innu-

1935 759 2115 799 meras
2146 744 2258 799 fere
2285 741 2545 797 mulieres
2575 741 2838 811 ingenuas
2873 739 3014 795 [inde
3037 739 3284 805 violaret,
3311 740 3500 794 immo-

1935 838 2180 892 deratam
2215 845 2396 890 tamen
2425 834 2590 887 animi
2614 833 2698 888 sui
2725 832 3008 886 libidinem
3064 832 3369 887 nullatenus
3397 847 3496 901 po-

1937 938 2079 984 terat
2107 927 2344 996 explere.
2381 926 2484 981 Sed
2521 935 2803 995 postquam
2853 925 3108 978 mulieres
3159 922 3497 979 ChriStiauas

1936 1019 2234 1074 sollicitare
2270 1019 2460 1086 coapit,
2496 1015 2653 1069 nullis
2683 1016 2897 1069 artibus
2926 1014 3188 1080 perlicere
3216 1014 3414 1082 potuit,
3439 1023 3497 1067 ut

1935 1123 2120 1163 earum
2178 1121 2476 1176 congressu
2517 1104 2808 1159 frueretur.
2844 1103 2937 1156 Hae
2987 1119 3220 1173 namque
3259 1104 3496 1157 animam

1936 1197 2042 1251 leto
2069 1196 2336 1263 obiicere,
2368 1209 2529 1262 quam
2568 1207 2766 1261 corpus
2803 1191 2852 1245 ei
2893 1191 2958 1245 ad
2990 1203 3240 1258 stuprum
3275 1189 3498 1258 permit-

1939 1295 2051 1338 tere
2086 1282 2376 1337 malebant.

2459 1370 2689 1426 CAPUT
2731 1367 2970 1425 XXXIV.

1941 1462 2222 1530 Quomodo
2256 1478 2391 1514 umor
2425 1461 2685 1530 prarfecti,
2730 1460 2998 1528 pudicitia:
3033 1461 3298 1514 servanda:
3340 1475 3500 1514 causa

2396 1541 2616 1584 mortem
2643 1530 2741 1584 sibi
2773 1531 3038 1582 conscivit.

2010 1625 2260 1692 Quaedam
2287 1640 2354 1679 ex
2385 1624 2492 1689 his,
2517 1631 2679 1690 nupta
2714 1622 2971 1675 senatorii
3012 1621 3222 1673 ordinis
3252 1620 3370 1680 viro
3405 1618 3499 1690 qui

1939 1717 2315 1790 praefecturam
2345 1713 2786 1775 adminisuabat,
2825 1728 2945 1766 cum
2988 1711 3254 1766 satellites
3301 1709 3499 1777 quibus

253 1811 389 1874 τοὺς
422 1811 489 1862 τά
519 1810 738 1864 τοιαῦτα
765 1812 842 1882 τῷ
869 1814 1114 1885 τυράννῳ
1138 1815 1584 1887 διακονουμένους
1609 1817 1832 1871 ἐπύθετο

1946 1821 2209 1881 tyrannus
2247 1807 2551 1878 hujusmodi
2578 1803 2903 1873 ﬂagitiorum
2931 1802 3194 1855 ministris
3223 1802 3496 1858 utebatur.

257 1898 584 1972 (Χριστιανὴ
613 1900 656 1952 δ’
681 1896 768 1972 ἦν)
802 1903 890 1955 τόν
923 1904 967 1956 τ’
993 1903 1161 1975 ἄνδρα
1189 1905 1278 1958 τὸν
1301 1905 1471 1974 αὐτῆς
1497 1906 1654 1975 ἔγνω,
1685 1907 1834 1971 δέους

255 1991 458 2058 ἕνεκα,
490 1992 750 2057 λαϐόντας
788 1995 988 2065 αὐτὴν,
1032 1997 1262 2064 ἀπάγειν
1305 1997 1591 2063 κελεῦσαι,
1633 1999 1834 2071 βραχὺν

255 2083 825 2157 ὑποπαραίτησαμένη
877 2086 1095 2156 χρόνον,
1129 2088 1204 2151 ὡς
1240 2087 1304 2142 ἂν
1344 2089 1436 2141 τοῦ
1467 2089 1714 2161 σώματος
1744 2091 1835 2145 τὸν

258 2174 470 2245 συνήθη
520 2177 864 2246 περιϐάλοιτο
904 2178 1138 2247 κόσμον,
1194 2178 1419 2234 εἴσεισιν
1462 2182 1554 2234 ἐπὶ
1601 2181 1695 2235 τοῦ
1741 2199 1837 2235 τα-

260 2265 422 2333 μείου
442 2282 455 2295 ·
505 2267 595 2319 καὶ
636 2267 970 2338 μονωθεῖσα,
1002 2268 1152 2336 ξίφος
1183 2269 1275 2322 τοῦ
1322 2271 1543 2341 στέρνου
1576 2273 1832 2344 πήγνυσι,

256 2359 500 2414 θανοῦσά
535 2378 594 2413 τε
633 2362 974 2434 παραχρῆμα
997 2403 1011 2428 ,
1047 2362 1137 2415 τὸν
1178 2363 1275 2432 μὲν
1319 2364 1507 2436 νεκρὸν
1546 2369 1657 2428 τοῖς
1705 2383 1832 2436 προ-

255 2455 501 2520 αγωγοῖς
532 2453 882 2517 καταλείπει,
919 2455 1100 2525 ἔργοις
1127 2455 1172 2508 δ’
1199 2456 1416 2526 ἀπάσης
1453 2457 1836 2528 γεγωνοτέροις

258 2544 469 2614 φωνῆς,
507 2547 588 2598 ὅτι
620 2546 777 2616 μόνον
809 2546 996 2616 χρῆμα
1020 2547 1286 2618 ἀήττητόν
1313 2564 1372 2598 τε
1395 2547 1488 2599 καὶ
1514 2546 1834 2619 ἀνώλεθρον,

254 2637 294 2707 ή
351 2635 599 2707 βοωμένη
650 2637 800 2708 παρὰ
825 2639 1170 2709 Χριστιανοῖς
1209 2639 1528 2711 σωφροσύνη
1573 2640 1834 2709 πέφυκεν,

253 2731 342 2793 είς
372 2730 577 2793 πάντας
605 2730 946 2802 ἀνθρώπους,
990 2731 1115 2796 τούς
1148 2749 1208 2785 τε
1246 2732 1340 2785 νῦν
1378 2733 1534 2796 ὄντας
1571 2750 1666 2792 και
1711 2733 1838 2796 τοὺς

259 2821 561 2891 μετέπειτα
615 2822 1008 2894 γενησομένους
1065 2822 1340 2896 ἐξέφηνεν.
1397 2824 1543 2894 Αὕτη
1601 2836 1699 2897 μεν
1745 2820 1836 2882 οὖν

255 2911 487 2985 τοιαύτη
520 2931 604 2977 τις
637 2913 812 2988 ὤφθη.

776 3093 1170 3147 ΚΕΦΑΛΑῘΟΝ
1202 3093 1326 3146 ΛΕ’.

344 3181 668 3250 Ἂναίρεσις
700 3183 890 3253 δήμου
931 3185 1226 3254 Ῥωμαίων
1254 3183 1372 3239 ὑπὸ
1399 3183 1755 3248 Μαξεντίου.

329 3274 435 3326 Τὸν
455 3274 510 3327 δὲ
541 3276 799 3339 τοιούτοις
829 3277 1200 3348 ἐπιτολμῶντα
1232 3275 1431 3340 πάντες
1464 3276 1833 3347 ὑπεπτηχότες

255 3367 424 3438 δῆμοι
447 3368 541 3420 καὶ
566 3367 844 3439 ἄρχοντες,
879 3367 1077 3431 ἔνδοξοί
1099 3384 1158 3419 τε
1182 3368 1276 3420 κα¹ι
1299 3365 1494 3431 ἄδοξοι,
1521 3366 1664 3438 δεινῇ
1697 3385 1831 3421 κατ-

255 3459 548 3530 ετρύχοντο
601 3460 896 3530 τυραννίδι.
928 3459 1036 3512 Καὶ
1079 3459 1184 3512 οὐδ’
1224 3459 1572 3530 ἠρεμούντων
1603 3459 1696 3512 καὶ
1735 3458 1833 3530 τὴν

255 3549 464 3621 πικρὰν
507 3548 777 3619 φερόντων
821 3547 1090 3610 δουλείαν,
1137 3547 1423 3619 ἀπαλλαγή
1465 3565 1545 3611 τις
1591 3549 1737 3618 ὅμως
1767 3542 1834 3618 ῆν

254 3641 359 3711 τῆς
397 3640 500 3692 τοῦ
535 3641 798 3712 τυράννου
829 3639 1075 3711 φονώσης
1121 3638 1421 3710 ὠμότητος.
1481 3640 1602 3693 Ἐπὶ
1633 3641 1838 3710 σμικρᾷ

257 3731 392 3798 γοῦν
449 3733 550 3803 ἤδη
615 3732 745 3785 ποτέ
817 3733 1114 3803 προφάσει,
1183 3731 1274 3783 τὸν
1335 3730 1504 3801 δῆμον
1557 3732 1634 3793 είς
1683 3729 1838 3798 φόνον

259 3830 375 3890 τοῖς
402 3826 538 3895 ἀμφ’
573 3825 734 3878 αὐτὸν
777 3825 1095 3896 δορυφόροις
1127 3823 1358 3890 ἐξεδίδου
1388 3841 1398 3851 ·
1438 3823 1532 3876 κοιλ⁹
1571 3823 1839 3876 ἐκτείνετο

264 3918 436 3990 μυρία
467 3917 644 3988 πλήθη
689 3917 782 3969 τοῦ
827 3917 996 3988 δήμου
1038 3914 1324 3986 Ῥωμαίων
1363 3917 1447 3968 ἐπ’
1475 3915 1636 3968 αὑτοῦ
1675 3916 1837 3986 μέσου

258 4010 356 4062 τοῦ
395 4009 638 4074 ἄστεως,
694 4010 752 4061 οὐ
787 4007 1005 4061 Σκυθῶν
1047 4008 1080 4078 ἢ
1133 4006 1458 4078 βαρϐάρων,
1508 4005 1619 4059 ἀλλ’
1665 4006 1840 4062 αὐτῶν

257 4102 368 4156 τῶν
400 4103 616 4156 οίκείων
646 4102 831 4173 δόρασι
865 4100 957 4154 καὶ
989 4099 1328 4162 πανοπλίαις.
1358 4098 1739 4169 Συγκλητικῶν
1773 4116 1836 4167 γε

262 4195 370 4265 μὴν
401 4194 560 4264 φόνος
597 4195 720 4257 ὅσος
753 4193 818 4246 δι’
845 4191 1132 4262 ἐπιϐουλὴν
1159 4193 1439 4262 ἐνηργεῖτο
1469 4191 1565 4262 τῆς
1607 4190 1835 4243 ἑκάστου

259 4286 596 4357 περιουσίας,
627 4287 734 4339 οὐδ’
766 4283 1232 4356 ἐξαριθμήσασθαι
1258 4283 1498 4348 δυνατὸν,
1524 4283 1710 4337 ἄλλοτε
1745 4283 1837 4337 άλ-

258 4379 378 4444 λαις
422 4378 833 4449 πεπλασμέναις
861 4379 1059 4441 αἰτίαις
1095 4376 1302 4448 μυρίων
1340 4376 1763 4448 ἀναιρουμένων.

1939 1917 2037 1972 pro
2100 1899 2305 1954 foribus
2355 1900 2542 1952 adesse
2593 1895 2969 1963 comperisset,
3021 1890 3185 1962 425
3224 1901 3279 1945 et
3323 1890 3497 1950 virum

1937 2009 2095 2049 suum
2121 2003 2267 2046 metu
2303 1992 2554 2045 adactum
2585 1989 2906 2059 permisisse
2936 1985 3042 2040 illis
3075 1995 3131 2039 ut
3160 1998 3220 2037 se
3268 1981 3501 2052 prehen-

1937 2097 2050 2138 sam
2105 2083 2436 2136 abducerent
2486 2081 2626 2150 (erat
2678 2089 2854 2134 autem
2921 2077 3114 2131 mulier
3165 2073 3518 2136 Christiana),

1937 2176 2100 2228 breve
2156 2173 2414 2242 temporis
2461 2172 2692 2241 spatium
2731 2170 2950 2224 concedi
2990 2167 3092 2223 sibi
3141 2165 3402 2236 ﬂagitavit
3433 2167 3498 2216 ad

1938 2279 2136 2335 corpus
2169 2262 2396 2318 solemni
2452 2261 2597 2316 cultu
2641 2259 3034 2314 exornandum.
3084 2255 3149 2310 Et
3193 2253 3498 2310 cubiculum

1941 2357 2202 2426 ingressa,
2237 2354 2404 2410 solam
2436 2367 2493 2407 se
2526 2352 2766 2406 relictam
2797 2347 3249 2419 videns,gladium
3291 2343 3499 2416 pectori

1939 2447 2204 2501 immersit
2247 2461 2264 2508 ;
2316 2444 2608 2511 statimque
2643 2441 2974 2504 exanimata,
3024 2439 3257 2493 cadaver
3281 2437 3496 2506 quidem

1938 2536 2351 2606 perductoribus
2401 2533 2640 2602 reliquit,
2679 2531 2814 2600 ipsis
2849 2545 2977 2586 vero
3003 2529 3164 2584 factis
3197 2542 3317 2598 quae
3349 2529 3498 2581 omni

1937 2643 2071 2682 voce
2117 2625 2319 2681 clarius
2371 2633 2650 2685 resonant,
2691 2621 2904 2677 cunctis
2953 2620 3044 2690 qui
3090 2635 3230 2672 nunc
3276 2629 3404 2673 sunt
3441 2627 3503 2672 et.

1939 2720 2028 2792 qui
2055 2721 2280 2790 posthac
2306 2727 2467 2773 erunt
2495 2717 2811 2772 mortalibus
2837 2716 3152 2778 declaravit,
3178 2714 3497 2784 pudicitiam.

1939 2825 2106 2880 penes
2137 2809 2281 2864 solos
2321 2809 2654 2864 christianos
2687 2807 2941 2862 invictam
2971 2815 3136 2877 atque
3158 2809 3500 2877 iuexpugna~

1939 2900 2121 2964 bilem,
2145 2914 2244 2953 nec
2272 2898 2430 2953 morti
2452 2897 2742 2952 obnoxiam
2769 2911 2912 2952 esse.
2941 2896 3120 2966 Atque
3143 2898 3255 2953 haec
3279 2897 3497 2967 quidem

1938 2991 2012 3048 ita
2050 3005 2108 3044 se
2132 2989 2320 3062 gessit.
2400 2983 2407 2998 ¹

2481 3083 2709 3141 CAPUT
2745 3083 2962 3142 XXXV.

2151 3175 2331 3231 Caedes
2359 3175 2538 3246 populi
2562 3173 2788 3228 Romani
2813 3175 2974 3244 jussu
3005 3173 3288 3230 Maxentii.

2010 3271 2143 3325 Eum
2177 3270 2342 3339 igitur
2376 3268 2444 3322 ad
2476 3268 2739 3338 ejusmodi
2773 3267 3015 3322 facinora
3048 3284 3172 3335 eum
3213 3268 3356 3324 omni
3403 3285 3503 3323 au-

1938 3365 2092 3420 dacia
2125 3370 2566 3433 prorumpentem
2591 3359 2771 3414 cuncti
2799 3361 3233 3425 reformidantes,
3261 3371 3365 3415 tam
3393 3365 3505 3431 ple-

1941 3455 2026 3510 bei
2051 3469 2212 3524 quam
2245 3453 2617 3521 magistratus,
2655 3459 2761 3504 tam
2805 3450 3013 3506 nobiles
3054 3466 3216 3519 quam
3261 3453 3502 3517 obscuri,

1941 3547 2268 3618 gravissima
2327 3545 2610 3616 tyrannide
2654 3545 3124 3614 Opprimebantur.
3166 3545 3243 3598 Ac
3288 3546 3504 3600 tametsi

1939 3639 2122 3708 quiete
2149 3647 2391 3707 agerent,
2426 3645 2482 3690 et
2510 3636 2919 3691 acerbissimam
2954 3637 3270 3692 servitutem
3298 3637 3508 3706 paticn-
3547 3687 3550 3690 .

1943 3741 2023 3784 ter
2051 3730 2369 3794 tolerarent,
2405 3745 2472 3784 ne
2511 3731 2590 3786 sic
2630 3741 2809 3784 tamen
2843 3732 3015 3802 vitare
3039 3737 3288 3796 poterant
3311 3741 3508 3783 eruen.

1945 3831 2052 3874 tam
2089 3821 2296 3891 tyranni
2337 3821 2705 3874 atrocitatem.
2757 3820 2998 3887 Denique
3043 3819 3275 3886 quodam
3314 3817 3401 3871 die
3430 3817 3507 3870 le-

1943 3915 2220 3968 vissimam
2258 3913 2326 3966 ob
2360 3925 2575 3966 causam
2613 3911 2865 3980 populum
2896 3909 3197 3962 Romanum
3230 3907 3507 3973 praetoria-

1944 4007 2030 4060 nis
2077 4005 2340 4060 militibus
2372 4005 2805 4058 obtruncandum
2853 4001 3078 4055 dedidit.
3108 4001 3285 4068 Atque
3318 3999 3391 4052 ita
3425 3999 3508 4052 in-

1945 4098 2298 4153 numerabilis
2330 4097 2616 4152 multitudo
2651 4094 2834 4166 populi
2865 4094 3114 4157 Romani,
3140 4109 3245 4148 non
3275 4091 3507 4162 Scytha-

1945 4206 2063 4245 rum
2094 4205 2156 4246 ac
2195 4191 2546 4245 barbarorum
2567 4230 2580 4255 ,
2611 4191 2703 4244 sed
2731 4188 2928 4243 civium
2965 4202 3185 4242 suorum
3215 4187 3384 4240 hastis
3421 4200 3511 4239 ar-

1945 4284 2158 4349 misque
2187 4282 2236 4335 in
2269 4281 2443 4336 media
2477 4283 2608 4335 urbe
2646 4281 2915 4335 trucidata
2952 4289 3053 4344 est.
3091 4278 3318 4344 Quantae
3348 4292 3510 4346 porro

1943 4384 2256 4428 senatorum
2285 4375 2459 4429 caedes
2480 4374 2637 4428 facta:
2658 4373 2790 4436 ﬁni,
2819 4382 2875 4427 ut
2905 4374 2957 4426 in
2993 4374 3132 4426 bona
3165 4369 3510 4439 uniuscujus-

259 4486 367 4538 que
413 4485 601 4525 eorum
638 4471 1005 4537 invaderetur,
1035 4471 1307 4524 numerari
1357 4472 1508 4527 nullo.
1542 4473 1700 4526 modo
1745 4479 1956 4542 potest;
1988 4487 2109 4526 cum
2173 4471 2422 4540 qu0tidie
2476 4467 2693 4538 plurimi
2739 4466 2982 4522 conﬁctis
3013 4465 3205 4537 ~variis
3263 4464 3510 4522 crimini-

261 4561 364 4616 bus
386 4561 849 4616 interﬁcerentur.

757 4655 1152 4708 KEMAAION
1205 4656 1344 4724 Λσν.

295 4741 544 4814 Marciae
584 4743 919 4814 Μαξεντίου
969 4746 1119 4799 κατὰ
1165 4746 1655 4810 Κωνσταντίνου,
1701 4745 1800 4800 καὶ

649 4813 849 4867 ἔνδεια
875 4815 1109 4884 τροφῶν
1137 4819 1206 4870 ἐν
1243 4815 1443 4887 Ῥώμῃ.

342 4906 409 4959 Ἦ
441 4905 500 4958 δὲ
535 4904 645 4959 τῶν
670 4904 855 4959 κακῶν
907 4905 983 4976 τῷ
1025 4907 1271 4978 τυράννῳ
1310 4908 1539 4978 κορωνὶς
1587 4908 1679 4960 ἐπὶ
1704 4923 1834 4977 γοη-

255 4997 410 5051 τείαν
459 4997 680 5070 ἤλαυνε,
733 5001 988 5068 μαγικαῖς
1013 5000 1277 5064 ἐπινοίαις
1305 4999 1425 5052 τοτὲ
1458 4999 1556 5069 μὲν
1578 5002 1837 5068 γυναῖκας

259 5089 571 5158 ἐγκύμονας
602 5089 1017 5160 ἀνασχίζοντος,
1051 5092 1173 5144 τοτὲ
1203 5090 1259 5144 δέ
1293 5091 1522 5160 νεογνῶν
1560 5091 1838 5160 σπλάγχνα

259 5177 478 5249 βρεφῶν
518 5179 964 5250 διερευνωμένου,
997 5178 1219 5243 λέοντάς
1255 5198 1313 5234 τε
1347 5181 1834 5251 κατασφάττοντος,

261 5329 562 5403 ἐνυδρίςων
594 5332 987 5403 αἰσχροτάτως.
1011 5341 1130 5403 etc.
1160 5331 1216 5403 lu
1246 5333 1430 5387 codice
1468 5333 1604 5388 Fnk.
1648 5333 1838 5388 scribi-

264 5411 357 5522 ιιιὲ
378 5400 791 5484 διαζευγνύςγέ
814 5420 894 5456 τοι
922 5402 1031 5455 τῶν
1051 5402 1258 5475 ἀνδρῶν
1279 5404 1376 5468 τάς
1413 5406 1693 5473 γυναῖκας,
1725 5406 1838 5467 τοῖς

264 5487 326 5522 αν
362 5487 540 5522 οασιν.
569 5482 678 5522 etc.

260 5482 540 5532 ἀνδράσιν,
569 5482 678 5525 etc.

331 5487 824 5611 ῗὲἓῖἳὲαῗιὲἶῢκέσ
852 5534 979 5608 οἶός
1008 5559 1074 5595 τε
1109 5542 1208 5610 ἦν.
1250 5542 1428 5597 Prima
1471 5557 1574 5597 vox
1605 5543 1833 5598 delenda

255 5621 358 5664 est.
389 5611 498 5665 Sed
524 5613 810 5679 sequentia
841 5621 1092 5679 corrupta
1117 5622 1238 5676 sunt.
1261 5628 1321 5667 ac
1351 5614 1554 5679 mutila,
1575 5629 1695 5680 quae
1718 5615 1833 5668 sine

256 5681 588 5749 scriptorum
620 5682 869 5736 codicum
898 5683 1140 5749 subsidio
1166 5682 1379 5736 diﬂicile
1404 5692 1490 5736 est
1521 5683 1832 5737 restituere.

251 5746 443 5808 Potest
476 5761 657 5807 tamen
702 5751 802 5819 legi
823 5791 836 5818 ,
885 5750 1062 5806 οὐκέθ’
1096 5746 1206 5815 οἷός
1235 5771 1291 5805 τε
1324 5749 1390 5822 ῆν
1425 5752 1681 5824 εὐπορίαν
1714 5757 1823 5815 τοῖς

2470 4642 2698 4700 CAPUT
2737 4641 2976 4696 XXXVI.

2014 4743 2242 4814 Magnae
2268 4751 2404 4794 artes
2430 4737 2707 4858 Maxengi,
2739 4747 2784 4789 et
2821 4735 3186 4789 alimentorum
3215 4736 3437 4805 penuria

2671 4822 2821 4858 anne.

2671 4822 2821 4859 amre.

2012 4904 2256 4960 Tandem
2280 4915 2406 4956 vero
2419 4909 2685 4971 tyrannus
2712 4895 3008 4952 sceleribus
3028 4896 3141 4950 suis
3165 4897 3314 4966 quasi
3337 4898 3508 4967 quod-

1943 5002 2064 5055 dam
2118 4997 2418 5066 fastigium,
2460 4994 2682 5062 magicae
2707 4992 2840 5046 artis
2878 4989 3182 5060 praestigias
3227 4990 3504 5060 imposuit,

1944 5105 2089 5144 nunc
2136 5089 2390 5142 mulieres
2428 5085 2680 5154 gravidas
2727 5085 3029 5148 dissecans,
3059 5095 3204 5136 nunc
3240 5081 3504 5135 infantum

1945 5194 2134 5233 recens
2167 5178 2221 5233 in
2269 5177 2440 5231 lucem
2475 5175 2745 5228 editorum
2794 5172 2999 5227 rimans
3023 5172 3276 5226 viscera:
3325 5172 3507 5227 leones

1945 5331 2182 5414 οἰκείοις·
2205 5329 2577 5414 ἀσελγῆήμασιν
2623 5326 3050 5414 ἐπινοεῖνίιΜοι
3077 5327 3246 5382 codex
3291 5325 3424 5380 Fuk.
3454 5335 3510 5380 et

1941 5404 2126 5457 Savilii
2168 5403 2328 5455 habet
2359 5398 2550 5470 θᾶττον
2581 5398 2690 5470 γὰρ
2721 5400 2838 5470 τήν,
2869 5408 2976 5470 etc.

2010 5472 2121 5543 (86)
2156 5471 2274 5537 Τὴν
2297 5464 2888 5543 ψυχὴν-θανατῶσαι.
2919 5467 3272 5543 scribendum
3297 5464 3508 5543 videtur

1939 5534 2171 5612 θανάτῳ.
2203 5534 2497 5612 διοίειιῇιιι
2524 5541 2764 5612 loquitur
2799 5539 3060 5612 Eusebius
3099 5548 3291 5612 (noster
3321 5536 3373 5612 in
3408 5534 3503 5612 lib.

1937 5629 2030 5667 vnt
2065 5601 2153 5664 ubi
2185 5612 2250 5663 tle
2284 5609 2556 5662 Maximini
2589 5601 2802 5678 ﬂagitiis
2836 5614 2976 5670 agit:
3009 5609 3063 5662 αἱ
3097 5609 3153 5664 δὲ
3184 5608 3276 5660 ἐπὶ
3301 5601 3506 5678 φθορὰν

1935 5683 2240 5750 ἑλκόμεναι,
2270 5680 2460 5752 θᾶττον
2487 5678 2582 5749 τὴν
2611 5676 2790 5751 ψυχὴν
2826 5678 3056 5749 θανάτῳ,
3087 5679 3119 5752 ἢ
3163 5678 3222 5731 τὸ
3256 5677 3412 5747 σῶμα
3436 5676 3504 5748 τῇ
3561 5697 3564 5701 ·

1935 5749 2105 5823 φθορᾷ
2130 5749 2554 5819 παραδεδώκασι.
