3858 6260
175 376 273 432 953

1249 369 1337 424 DE
1381 369 1538 423 \‘lTA
1575 367 2043 424 CONSTANTEM
2084 368 2210 423 LIB.
2252 365 2295 420 1.

3309 357 3413 418 958

175 491 290 546 καθ’
320 489 514 544 ἑαυτοῦ
541 488 768 552 δείλαιος
800 489 1041 559 συνίστη.
1081 489 1199 560 Ἐφ’
1223 485 1267 560 ᾧ
1297 492 1389 545 καὶ
1425 487 1493 563 ἦν
1532 493 1734 552 εἰπεῖν,

1850 504 1968 558 gam
2008 496 2182 551 actus,
2225 485 2445 540 tluvium
2481 483 2582 537 sibi
2613 481 2889 549 obiectum
2923 481 3278 551 pertransiret
3311 501 3327 537 :
3356 483 3409 537 in

176 582 244 644 ὡς
279 580 383 650 ἄρα
416 598 434 630 ι
475 579 676 657 λάκκον
708 577 881 650 ὤρυξε
925 579 1017 632 καὶ
1049 581 1353 651 ἀνέσκαψεν
1375 622 1388 646 ,
1438 582 1532 636 καὶ¹
1574 583 1734 652 ἐμπε.

1847 592 1976 646 quo,
2009 586 2171 644 ponte
2210 589 2275 628 ex
2300 573 2516 640 scaphis
2561 571 2871 625 ﬁrmissime
2895 572 3270 632 contabulato,
3299 571 3412 638 ipse

179 675 339 724 σεῖται
385 671 468 734 είς
507 669 695 741 βόθρον
729 670 789 744 ξιν
833 671 1156 742 εἰργάσατο·
1184 672 1502 744 ἐπιστρέψει
1523 674 1551 726 ὁ
1584 673 1743 736 πόνος

178 763 332 817 αὑτοῦ
368 765 448 826 είς
478 763 718 834 κεφαλὴν
759 764 943 826 αὐτοῦ,
980 765 1074 818 καὶ
1101 765 1192 818 ἐπὶ
1233 765 1474 836 κορυφὴν
1511 765 1674 819 αὑτοῦ
1706 767 1738 836 ὴ

177 856 347 910 ἀδικία
385 854 552 907 αὑτοῦ
591 855 978 925 καταϐήσεται.
1013 876 1030 906 ι
1073 856 1226 910 Οῦτω
1269 857 1402 926 δῆτα
1432 857 1566 910 Θεοῦ
1624 858 1743 910 νεύ-

181 964 298 1018 ματι
322 947 429 998 τῶν
459 946 551 999 ἐπὶ
575 945 666 998 τοῦ
689 945 991 1017 ζεύγματος
1017 948 1274 1018 μηχανῶν
1296 949 1388 1002 τοῦ
1420 951 1466 1002 τ’
1487 951 1544 1000 ὲν
1560 950 1742 1012 αὐτοῖς

176 1037 556 1108 ἐγκρύμματος
586 1035 986 1108 [διαλυθέντος].
1018 1040 1076 1091 οὐ
1101 1040 1241 1092 κατὰ
1265 1039 1453 1109 καιρὸν
1480 1039 1570 1092 τὸν
1590 1039 1741 1092 ἐλπι-

178 1129 377 1191 σθέντα,
433 1128 681 1198 ὑφιζάνει
715 1129 814 1198 μὲν
867 1131 899 1201 ἡ
942 1131 1208 1194 διάϐασις,
1250 1133 1419 1202 χωρεῖ
1455 1131 1500 1183 δ’
1529 1130 1740 1202 ἀθρόως

175 1217 431 1288 αὔτανδρα
489 1218 630 1270 κατὰ
660 1217 749 1270 τοῦ
799 1217 961 1288 βυθοῦ
998 1220 1065 1272 τὰ
1096 1220 1296 1289 σκάφη.
1336 1220 1445 1272 Καὶ
1483 1219 1646 1282 αὑτός
1675 1235 1739 1286 γε

175 1310 374 1381 πρῶτος
406 1309 434 1360 ό
469 1308 732 1372 δείλαιος,
766 1306 884 1362 εἷτα
939 1310 995 1363 δὲ
1025 1312 1116 1364 καὶ
1150 1312 1200 1364 oi
1263 1312 1399 1381 ἀμφ’
1441 1311 1602 1363 αὐτὸν
1632 1311 1736 1362 ὑπ-

174 1401 417 1454 ασπισταί
448 1418 506 1454 τε
559 1401 652 1453 καὶ
672 1401 981 1473 δορυφόροι,
1108 1401 1176 1455 τὰ
1225 1402 1340 1464 θεῖα
1361 1400 1737 1474 προανεςρὼνει

173 1492 334 1560 λόγια,
374 1491 571 1546 ἔδυσαν
604 1491 737 1544 ὡσεὶ
771 1492 1026 1562 μόλυϐδος
1046 1495 1105 1546 ὲν
1136 1492 1286 1546 eam
1316 1493 1548 1564 σφοδρῷ.
1587 1494 1735 1546 Ὢστ⁹

173 1583 381 1645 εἰκότως
413 1582 500 1644 ἂν,
541 1585 588 1636 εί
615 1583 710 1636 καὶ
744 1583 817 1654 μὴ
852 1584 1050 1651 λόγοις,
1091 1583 1271 1654 ἔργοις
1308 1585 1350 1637 δ’
1380 1580 1473 1637 οῦν
1511 1583 1732 1653 ὁμοίως,

171 1673 271 1732 τοῖς
301 1671 440 1740 ἀμφὶ
467 1670 562 1723 τὸν
600 1672 771 1742 μέγαν
799 1673 1102 1744 θεράποντα
1133 1675 1390 1740 Μωῦσέα,
1419 1676 1547 1738 τοὺς
1585 1673 1735 1745 παρὰ

172 1761 292 1814 Θεοῦ
321 1762 416 1830 τὴν
464 1763 626 1830 νίκην
673 1765 1009 1834 ἀραμένους,
1044 1766 1183 1819 αὐτὰ
1229 1766 1291 1838 δὴ
1342 1767 1410 1820 τὰ
1455 1765 1596 1820 κατὰ
1635 1765 1732 1818 τοῦ

1846 667 2148 719 machinam
2182 662 2469 733 quamdam
2503 662 2553 714 in
2580 676 2732 714 suam
2764 660 2934 728 ipsius
2958 661 3251 727 perniciem
3283 676 3410 714 con-

1843 764 2136 815 struxerat,
2176 753 2282 806 Deo
2311 751 2563 808 dilecutm
2595 753 2890 820 principem
2935 751 3240 818 httjtlSIIIOdi
3288 749 3411 804 dolo

1845 847 2206 913 interceptum
2237 844 2300 896 iri
2337 857 2588 911 sperans.
2627 843 2821 896 Verum
2861 841 2986 895 huic
3016 841 3232 907 quidem
3268 840 3409 895 Deus

1843 956 1998 1010 quem
2035 941 2267 1004 colebat,
2299 939 2501 992 auxilio
2534 937 2723 992 adfuit.
2759 941 2824 991 At
2851 938 3049 1002 impius
3079 938 3190 1000 ille,
3227 935 3408 990 occul-

1842 1041 1925 1086 tas
1969 1032 2247 1086 machinas
2283 1031 2334 1082 in
2359 1046 2516 1083 suttm
2552 1030 2718 1094 ipsius
2749 1041 2908 1096 caput
2941 1030 3101 1083 miser
3123 1044 3408 1096 compara-

1842 1125 1934 1176 vit.
1970 1123 2201 1176 Proinde
2235 1130 2288 1174 et
2321 1123 2421 1174 hoc
2458 1122 2651 1174 merito
2691 1120 2796 1173 dici
2831 1120 3002 1188 potuit
3035 1138 3048 1173 :
3090 1137 3110 1171 ι
3151 1119 3407 1172 Scrobem

1840 1213 2053 1281 aperuit
2084 1221 2252 1281 atque
2280 1210 2486 1275 effodit,
2519 1220 2568 1262 et
2608 1210 2658 1262 in
2691 1209 2901 1262 foveam
2937 1224 3098 1275 quam
3133 1206 3260 1260 fet-it
3295 1207 3408 1274 ipse

1841 1305 2057 1360 incidet.
2083 1304 2442 1358 C0nvertetur
2470 1301 2622 1355 labor
2645 1299 2760 1366 ejus
2801 1300 2852 1353 itt
2916 1299 3192 1369 proprium
3230 1300 3398 1368 ipsius

1839 1408 2017 1464 Caput,
2065 1403 2118 1447 et
2168 1394 2220 1446 in
2268 1393 2524 1447 verticem
2582 1393 2751 1460 ipsius
2814 1390 3076 1457 iujustitia
3118 1391 3232 1460 ejus
3276 1391 3408 1444 reci-

1838 1489 1989 1542 det’.
2015 1505 2033 1539 ›
2066 1487 2158 1540 Sic
2187 1487 2350 1554 igitur
2379 1485 2646 1538 machinis
2677 1500 2796 1555 quae
2823 1485 2873 1538 in
2903 1495 3063 1552 ponte
3082 1493 3406 1537 constructae

1840 1579 2051 1632 fuerant
2083 1593 2207 1632 cum
2235 1577 2448 1630 occulta
2481 1576 2726 1644 decipula
2760 1585 3005 1645 tempore
3034 1576 3256 1628 minime
3285 1589 3408 1642 spe-
3471 1617 3483 1634 .

1839 1682 1955 1726 rato
1985 1670 2282 1734 dissolutis,
2310 1669 2577 1724 transitus
2623 1669 2844 1738 quidem
2883 1670 3164 1724 subsidere
3194 1670 3354 1737 cmpit
3386 1686 3402 1727 :

1837 1762 2050 1832 navigia
2096 1776 2223 1815 vero
2274 1759 2431 1814 simul
2482 1775 2606 1813 cum
2661 1761 2793 1830 ipsis
2827 1761 3141 1814 hominibus
3187 1771 3408 1829 repente

171 1853 320 1906 πάλαι
364 1853 664 1918 δυσσεϐοῦς
703 1855 966 1926 τυράννου
1011 1850 1111 1911 ὧδέ
1156 1875 1273 1920 πως
1330 1860 1584 1929 άνυμνεῖν
1639 1858 1732 1910 καὶ

1842 1854 2184 1923 pessumiere.
2215 1852 2280 1905 Et
2309 1851 2496 1906 infelix
2533 1851 2624 1905 ille
2661 1851 2901 1905 omnium
2939 1853 3164 1920 primus,
3206 1853 3399 1908 deinde

170 1943 358 2012 λέγειν·
396 1963 414 1994 ι
461 1945 722 2016 ’ᾼσωμεν
754 1945 832 2015 τῷ
879 1947 1086 2018 Κυρίῳ·
1129 1946 1352 2012 ἐνδόξως
1384 1947 1491 2018 γάρ
1517 1946 1731 2012 δεδόξα-

172 2052 308 2088 σταιο
361 2035 528 2088 ἵππον
578 2036 672 2089 καὶ
721 2037 995 2108 ἀναϐάτην
1027 2038 1246 2111 ἔρριψεν
1301 2040 1379 2102 είς
1420 2038 1730 2104 θάλασσαν,

173 2127 348 2198 βοηθὸς
383 2129 476 2180 καὶ
512 2128 825 2199 σκεπαστὴς
863 2129 1076 2198 ἐγένετό
1108 2148 1196 2199 μοι
1229 2133 1308 2195 είς
1354 2130 1628 2201 σωτηρίαν
1649 2147 1662 2159 ·
1697 2149 1715 2182 ι

171 2219 280 2273 καί·
306 2240 322 2271 ι
347 2219 440 2284 Τίς
463 2222 652 2292 ὅμοιός
675 2239 753 2274 σοι
783 2224 839 2274 ἐν
873 2221 1014 2285 θεοῖς
1034 2262 1049 2284 ,
1076 2223 1267 2293 Κύριε,
1298 2225 1380 2287 τίς
1412 2225 1592 2294 ὅμοιός
1619 2240 1734 2290 σοι;

171 2311 536 2384 δεδοξασμένος
570 2316 627 2366 ὲν
669 2314 864 2382 ἁγίοις,
900 2314 1208 2388 θαυμαστὸς
1237 2319 1292 2370 ἐν
1331 2316 1526 2381 δόξαις,
1568 2315 1732 2369 ποιῶν

171 2405 372 2476 τέρατα.
406 2425 425 2456 ι

1837 1945 2013 2000 cuncti
2037 1958 2176 2014 quos
2198 1943 2341 1998 circa
2372 1958 2432 1997 se
2464 1943 2696 1997 habebat
2731 1953 3069 2012 protecmres
3095 1957 3155 1997 ac
3181 1945 3408 2011 stipato-

1838 2053 1943 2099 res.
1973 2037 2115 2092 sicut
2145 2037 2325 2089 divitta
2361 2037 2728 2104 praedixerunt
2755 2036 3003 2100 oracula,
3037 2038 3208 2090 instar
3233 2037 3408 2106 plum-

1837 2129 1950 2183 beae
1991 2143 2177 2181 massae
2202 2127 2255 2180 in
2290 2126 2614 2180 altissimum
2651 2127 2920 2196 gurgitem
2952 2127 3221 2183 cecidere.
3252 2128 3402 2183 Adeo

1835 2231 1895 2277 ιιι
1947 2219 2146 2273 milites
2184 2219 2275 2288 qui
2320 2229 2447 2274 tunc
2487 2235 2588 2290 ope
2619 2221 2785 2274 divini
2842 2222 3077 2276 numinis
3122 2223 3405 2278 victoriam

1835 2312 2015 2380 adepti
2047 2319 2190 2375 sunt,
2223 2313 2448 2381 perinde
2477 2329 2539 2368 ac
2569 2312 2699 2367 olitn
2737 2313 2997 2367 Israelita:
3023 2331 3156 2386 quos
3181 2332 3408 2384 magnus

1837 2405 1924 2458 ille
1961 2404 2051 2457 Dei
2081 2402 2317 2458 famulus
2349 2403 2525 2460 Moses
2555 2407 2806 2470 ducebat,
2835 2408 3029 2460 merito
3063 2411 3108 2462 si
3141 2423 3246 2461 non
3279 2422 3406 2462 ver-

172 2496 264 2562 bis,
315 2498 498 2552 saltem
552 2499 716 2554 rebus
765 2499 900 2568 ipsis
947 2500 1133 2554 eadem
1183 2516 1302 2568 qme
1336 2500 1410 2555 illi
1461 2500 1730 2569 quondam
1757 2499 2014 2552 adversus
2063 2495 2284 2564 impium
2331 2496 2478 2550 illum
2519 2495 2853 2551 Pharaonem
2896 2499 3166 2551 cantaturi
3208 2499 3409 2554 l‘ucrint

172 2589 218 2643 in
251 2590 383 2644 hunc
435 2592 654 2644 modum
690 2609 704 2646 :
739 2611 757 2643 ι
792 2591 1090 2649 Cantemus
1143 2594 1372 2648 Domino
1401 2612 1416 2649 :
1448 2591 1730 2663 magnitice
1759 2589 1900 2644 enim
1925 2587 2261 2656 gloriﬁcalus
2305 2598 2409 2643 est.
2437 2589 2645 2659 Equum
2697 2600 2752 2643 et
2797 2604 3137 2643 ascensorem
3185 2589 3410 2658 projecit

171 2681 222 2735 in
249 2697 406 2736 mare.
447 2685 679 2751 Atljutor
740 2694 795 2740 et
851 2697 1126 2754 protector
1191 2687 1365 2742 factus
1410 2696 1491 2742 est
1552 2685 1679 2739 mihi
1721 2683 1786 2736 ad
1819 2679 2046 2734 salutem
2078 2678 2130 2730 ³.
2159 2698 2178 2731 ι
2214 2679 2280 2732 Ει
2345 2680 2539 2735 iterum
2579 2699 2593 2734 :
2637 2698 2655 2732 t
2701 2680 2833 2748 Quis
2889 2680 3080 2734 similis
3127 2679 3219 2733 tibi
3269 2682 3410 2736 inter

171 2775 304 2839 deos,
356 2775 608 2843 Domine,
662 2777 784 2844 quis
830 2778 1027 2831 similis
1069 2779 1205 2833 tibi?
1259 2780 1608 2835 Gloriiicatus
1637 2780 1688 2834 in
1719 2775 1942 2840 sanctis,
1971 2773 2309 2828 admirabilis
2336 2773 2390 2827 in
2431 2774 2626 2840 gloria,
2656 2774 2861 2828 laciens
2889 2772 3132 2844 prodigia
3159 2773 3205 2827 ’⁵.
3230 2792 3251 2827 ι

660 2868 1055 2928 ΚΕΦΛΛΑΙυΝ
1093 2871 1216 2926 ΛΘ’.

385 2954 648 3020 Εῑσοδος
679 2956 750 3007 ἐν
783 2955 975 3024 Ῥώμῃ
1013 2960 1494 3013 Κωνστιιντίνου.

229 3044 401 3099 Ταῦτά
426 3064 483 3100 τε
515 3047 613 3099 καὶ
634 3048 736 3100 ὅσα
764 3048 974 3111 τούτοις
994 3049 1198 3118 ἀδελφὰ
1227 3052 1633 3114 Κωνσταντῖνος
1655 3047 1732 3119 τῷ
1760 3056 1802 3114 C

172 3137 483 3208 πανηγεμόνι
518 3139 616 3191 καὶ
641 3138 740 3207 τῆς
764 3139 920 3211 νίκης
952 3141 1128 3209 αἰτίῳ,
1160 3141 1302 3195 κατὰ
1327 3142 1514 3214 καιρὸν
1535 3141 1736 3211 ὁμοίως

169 3228 238 3300 τῷ
273 3231 482 3300 μεγάλῳ
513 3230 808 3301 θεράποντι
830 3231 1012 3302 ἔργοις
1041 3234 1223 3297 αὐτοῖς
1254 3236 1590 3306 ἀνυμνήσας,
1617 3235 1733 3303 μετ’

171 3322 425 3375 ἐπινικίων
507 3321 823 3390 εἰσήλαυνεν
857 3327 948 3379 ἐπὶ
980 3326 1077 3398 τὴν
1125 3326 1510 3396 βασιλεύουσαν
1558 3326 1735 3379 πόλιν.

172 3409 354 3476 Πάντες
389 3412 432 3465 δ’
466 3411 677 3482 ἁθρόως
752 3414 938 3480 αὐτὸν,
982 3416 1035 3468 οἵ
1066 3417 1112 3468 τ’
1139 3416 1245 3469 ἀπὸ
1288 3415 1385 3486 τῆς
1432 3416 1734 3486 συγκλήτου

174 3497 364 3572 βουλῆς.
385 3504 437 3558 οῖ
461 3506 508 3557 τ’
533 3505 708 3569 ἄλλως
758 3509 1034 3573 ἐπιφανεῖς
1060 3507 1153 3560 καὶ
1179 3507 1432 3578 διάσημοι
1462 3507 1568 3560 τῶν
1590 3507 1734 3577 τῇδε,

173 3589 340 3673 ὥσπερ
374 3594 431 3661 ἐξ
469 3597 718 3677 εἱργμῶν
762 3597 1214 3667 ἠλευθερωμένοι,
1254 3598 1350 3650 σὺν
1386 3597 1547 3650 παντὶ
1577 3597 1735 3668 δήμῳ

185 3681 464 3755 Ῥωμαίων,
504 3691 752 3760 φαιδροῖς
801 3691 1063 3763 ὄμμασιν,
1101 3693 1288 3754 αὑταῖς
1338 3690 1558 3761 ψυχαῖς,
1619 3693 1733 3766 μετ’

131 3833 135 3837 .
173 3775 430 3846 εὐφημιῶν
457 3782 557 3834 καὶ
595 3782 873 3853 ἀπλήστου
911 3784 1087 3854 χαρᾶς
1121 3783 1442 3853 ὑπεδέχοντο
1463 3801 1475 3812 ·
1516 3781 1651 3852 ὁμοῦ
1685 3783 1732 3834 τ’

177 3865 346 3940 ἄνδρες
385 3873 497 3943 ἃμα
549 3874 762 3942 γυναιξὶ
797 3877 890 3930 καὶ
933 3876 1090 3929 παισὶ
1139 3875 1232 3928 καὶ
1263 3873 1486 3926 οἰκετῶν
1523 3873 1734 3943 μυρίοις

177 3957 407 4030 πλήθεσι,
443 3961 725 4035 λυτρωτὴν
750 3967 932 4030 αὑτὸν,
966 3965 1193 4036 σωτῆρά
1221 3981 1278 4018 τε
1308 3965 1402 4016 καὶ
1439 3963 1732 4036 εὐεργέτην

179 4048 310 4114 βοαῖς
335 4055 580 4123 ἀσχέτοις
607 4055 934 4125 ἐπεφώνουν.
971 4057 1028 4109 ’0
1059 4057 1102 4109 δ’
1124 4057 1371 4127 ἔμφυτον
1409 4056 1505 4126 τὴν
1537 4057 1615 4117 εἰς
1644 4055 1733 4107 τὸν

177 4139 292 4194 Θιὸν
341 4145 622 4201 εὐσέϐειαν
675 4149 1032 4220 κεκτημένος,
1103 4151 1227 4220 μήτ’
1267 4150 1359 4201 ἐπὶ
1412 4151 1532 4211 ταῖς
1583 4149 1734 4218 βοαῖς

181 4234 538 4308 χαυνούμενος,
572 4240 696 4311 μήτ’
729 4240 1091 4310 ἐπαιρόμενος
1120 4241 1230 4301 τοῖς
1268 4237 1525 4303 ἐπαίνοις,
1564 4238 1660 4308 τῆς
1687 4237 1732 4290 δ’

179 4322 233 4374 ὲκ
265 4323 390 4378 θεοῦ
422 4329 825 4400 συνῃσθημένος
856 4329 1126 4400 βοηθείας,
1177 4330 1588 4400 εὐχαριστήριον
1622 4330 1731 4382 άπ-

179 4416 328 4470 εδίδου
351 4422 691 4496 παραχρῆμα
719 4424 882 4494 εὐχὴν
909 4423 987 4494 τῷ
1016 4424 1116 4493 τῆς
1149 4422 1305 4493 νίκης
1337 4422 1515 4492 αιτίῳ·

2362 2864 2594 2921 CAPUT
2630 2865 2871 2919 XXXIX.

2009 2954 2285 3026 Ingressus
2319 2956 2652 3010 Constantini
2680 2958 2734 3010 in
2769 2957 2948 3010 urbem
2983 2955 3223 3012 Romam.

1908 3049 2034 3104 Ilaec
2058 3060 2112 3104 ct
2143 3049 2248 3103 alia
2283 3051 2473 3103 horum
2499 3064 2754 3119 germana
2784 3062 2903 3101 cum
2929 3048 3316 3103 Constantinus
3337 3063 3405 3103 eo

1839 3153 2006 3210 tempt
2025 3157 2080 3196 re
2131 3157 2385 3211 magnum
2444 3141 2536 3194 Dei
2582 3140 2842 3194 famulum
2883 3139 3082 3194 Mosem
3138 3140 3404 3207 imitatus,

1837 3234 1890 3288 in
1925 3233 2138 3288 laudem
2185 3233 2283 3287 Dei
2327 3233 2712 3286 universorum
2762 3231 3025 3301 principis
3062 3239 3116 3285 et
3166 3231 3408 3286 victoria:

1837 3328 2073 3382 auctoris
2108 3327 2263 3381 factis
2295 3326 2426 3394 ipsis
2458 3325 2769 3388 cecinisset,
2803 3323 3031 3378 Romam
3067 3325 3409 3394 triumphans

1838 3421 2112 3489 ingressus
2159 3430 2262 3474 est.
2319 3418 2627 3488 Omnesque
2676 3420 2884 3489 pariter
2941 3428 3048 3471 tam
3097 3433 3162 3472 ex
3216 3427 3406 3471 senatu

1835 3524 1993 3578 quam
2019 3525 2084 3562 ex
2123 3509 2366 3578 equestri
2401 3512 2616 3573 ordine,
2655 3519 2911 3579 tanquam
2960 3512 3203 3563 carceris
3229 3517 3410 3564 custo-

1835 3601 1919 3653 dia
1955 3599 2203 3665 liberati,
2257 3615 2380 3654 cum
2437 3601 2693 3653 universo
2741 3599 2937 3668 populo
2990 3600 3253 3661 Romano,
3288 3597 3409 3652 laeto

1835 3691 1982 3745 vultu
2033 3693 2334 3760 faustisque
2376 3691 2865 3746 acclamationibus
2912 3707 3034 3746 eum
3096 3691 3406 3760 inexplebili

1835 3783 2028 3853 gaudio
2050 3798 2116 3838 ex
2149 3785 2340 3836 intimo
2365 3784 2666 3838 animorum
2697 3783 2864 3855 428
2886 3783 3076 3838 aﬂcctu
3108 3799 3228 3836 eum
3249 3799 3412 3838 exce-

1835 3889 1982 3944 pere.
2025 3874 2088 3928 Et
2123 3875 2304 3929 cuncti
2333 3884 2439 3927 tam
2465 3874 2567 3928 viri
2600 3890 2762 3944 quam
2791 3876 3045 3928 mulieres
3075 3891 3195 3929 cunt
3219 3874 3408 3930 liberis

1833 3977 1888 4020 et
1929 3966 2139 4020 inlinita
2190 3965 2518 4021 famulorum
2563 3966 2931 4030 multitudine,
2964 3965 3114 4018 illum
3152 3965 3409 4019 liberato-

1835 4072 1971 4120 rem,
2009 4068 2341 4111 servatorem
2386 4073 2450 4111 ac
2478 4058 2743 4112 bonorum
2771 4062 3075 4120 auctorem,
3105 4059 3406 4114 incredibili

1834 4149 2076 4202 clamore
2106 4165 2266 4216 quem
2313 4166 2472 4204 nemo
2512 4151 2775 4206 cohibere
2807 4160 3018 4220 poterat
3043 4152 3402 4221 appellabant.

1836 4241 2030 4294 Verum
2057 4242 2146 4296 ille
2161 4243 2415 4311 pietatem
2433 4245 2484 4298 itt
2511 4245 2675 4298 Deum
2697 4245 2852 4312 quasi
2879 4244 3092 4298 insitam
3122 4232 3220 4299 sibi
3246 4257 3408 4315 atque

1835 4331 2077 4386 innatam
2129 4351 2346 4404 gerens,
2399 4351 2497 4390 nec
2552 4337 2856 4406 hujusmodi
2899 4332 3404 4402 acclan'tatiouibus,

1764 4417 1806 4471 Ι)
1841 4440 1940 4478 nec
1968 4425 2218 4480 laudibus
2239 4427 2414 4480 elatus
2442 4437 2549 4482 est.
2589 4431 2694 4484 Sed
2723 4445 2846 4483 cum
2876 4429 2968 4482 Dei
3011 4428 3272 4482 auxilium
3304 4428 3407 4482 sibi

181 4513 396 4580 adtuisse
438 4520 608 4588 probe
663 4520 1010 4588 intelligeret,
1047 4520 1190 4574 illico
1225 4521 1461 4575 victoriae
1506 4520 1714 4575 auctori
1747 4523 2043 4594 gratiarum
2087 4524 2352 4579 actionem
2388 4525 2612 4594 supplex
2653 4527 2913 4598 rependit.

685 4635 1078 4688 ΚΕΦΑΛΑΙΟΝ
1117 4635 1202 4697 Μ’,

134 4785 138 4790 ,
181 4724 302 4791 Περὶ
329 4727 676 4796 ἀνδριάντος
692 4728 899 4812 adma"),
933 4728 1198 4806 σταυρὸν
1225 4714 1605 4796 κατέχοντοῇ
1635 4727 1734 4782 καὶ

686 4815 796 4866 της
825 4813 1155 4867 επιγραςγςης
1167 4836 1180 4848 .

241 4885 416 4960 Γραφῇ
435 4907 494 4942 τε
525 4891 733 4964 μεγάλῃ
771 4891 877 4960 (89)
907 4891 1000 4942 καί
1025 4889 1266 4960 στήλαις,
1307 4889 1507 4942 ἅπασιν
1529 4889 1734 4961 ἀνθρώ-

183 4990 288 5039 ποις
329 4979 386 5032 τὸ
423 4983 686 5052 σωτήριον
732 4981 1128 5053 ἀνεκηρύττετο
1170 4983 1414 5049 σημεῖον,
1463 4981 1604 5054 μέσῃ
1660 4983 1726 5053 τῇ

183 5065 511 5144 βασιλευούσῃ
545 5074 696 5128 πόλει
748 5073 893 5144 μέγα
929 5074 1188 5146 τρόπαιον
1225 5075 1375 5128 τουτὶ
1427 5073 1568 5126 κατὰ
1621 5074 1728 5131 τῶν

181 5157 427 5231 πολεμίων
454 5165 690 5237 ἐγείρας,
717 5165 1010 5238 διαρρήδην
1055 5167 1166 5237 (90)
1213 5183 1274 5218 τε
1324 5159 1754 5230 ἀνεξαλείπτοις“

241 5279 262 5311 ³
287 5279 421 5340 Psal.
444 5288 647 5355 vu,16,
676 5290 765 5342 17.
838 5290 858 5320 ³
888 5288 1055 5344 Exod.
1088 5304 1176 5354 xv,
1205 5289 1256 5353 1,
1289 5289 1344 5344 2.
1421 5288 1442 5319 ⁸
1469 5289 1596 5346 ibid.
1627 5289 1719 5345 11.

183 5413 348 5461 manu.
374 5404 572 5462 Odonis
604 5409 814 5463 scilicet
849 5408 1110 5465 T'thtebi.
1148 5410 1282 5464 Nam
1322 5409 1596 5464 Adrianus
1626 5426 1719 5465 V0-

181 5472 437 5549 ceutﬁvsg
473 5489 527 5529 ut
561 5481 886 5549 superﬂuam
917 5491 1276 5549 expunxerat,

216 5543 348 5621 "(89)
392 5547 598 5621 Γραφῆ
629 5543 710 5602 ’τε
760 5543 1015 5620 perditi.
1073 5553 1126 5604 lu
1176 5550 1508 5621 Panegyrico
1556 5549 1724 5604 Euse-

184 5607 259 5694 bij'
293 5607 355 5694 de
411 5607 796 5694 ti'iceti‘italibu's
842 5607 1180 5694 Constantini
1209 5607 1432 5694 degit"?
1468 5621 1620 5694 φωνῇ
1665 5638 1724 5673 τε

186 5687 396 5761 ξιτεγάᾷιῃ,
447 5687 584 5761 quod
631 5691 879 5757 equidem
923 5687 1316 5761 praeferendum
1356 5687 1505 5759 puto.
1557 5687 1726 5746 Porro

183 5748 242 5801 ab
269 5748 551 5811 uisset-bis
587 5748 708 5813 nov'i
739 5748 936 5829 capitis
977 5760 1299 5830 sectionem.
1335 5748 1606 5826 inchoavi,
1636 5776 1722 5816 se-

2425 4637 2655 4693 CAPUT
2699 4637 2809 4692 XL.

1908 4726 1986 4782 De
2015 4726 2353 4784 Constantini
2376 4739 2555 4812 statua
2583 4748 2787 4813 crucem
2815 4741 3039 4796 tenente,
3058 4742 3103 4784 et
3131 4731 3194 4785 de
3224 4733 3338 4801 ejus

2436 4814 2797 4869 inscriptione.

1907 4889 1974 4946 Et
2005 4891 2148 4946 clara
2177 4907 2312 4947 voce
2350 4908 2413 4947 ac
2449 4893 2723 4950 titulorum
2759 4894 3224 4964 inscriptionibus,
3255 4877 3410 4950 salu-

1841 4990 1957 5037 tare
2005 4985 2215 5054 signum
2266 4985 2481 5040 cunctis
2535 4986 2846 5041 hominibus
2881 4987 3226 5040 annuntiavit
3259 5004 3272 5040 :
3307 4987 3410 5042 hoc

1837 5084 2041 5145 tropaeo
2067 5082 2118 5132 itt
2147 5081 2323 5135 medio
2345 5081 2495 5134 urbis
2527 5081 2688 5149 regia:
2714 5081 2974 5136 adversus
2999 5082 3182 5136 bos’tes
3203 5093 3407 5147 erecto,

1833 5179 1998 5239 atque
2031 5171 2133 5226 hoc
2162 5173 2384 5227 salutari
2438 5175 2592 5244 signo
2637 5173 2782 5242 quod
2818 5174 3026 5243 imperii
3078 5173 3306 5228 Romani
3343 5189 3408 5230 ac

1836 5420 1997 5465 cutus
2042 5402 2424 5463 auctoritatem
2458 5406 2660 5465 codicis
2700 5404 2850 5474 Regii
2882 5443 2896 5468 ,
2933 5415 2985 5458 et
3019 5403 3151 5457 Fuk.
3205 5402 3402 5471 quibus

1839 5480 2187 5534 consentiunt
2217 5481 2429 5532 schedaa
2471 5490 2694 5530 tetert-s.

1896 5549 2008 5619 (90)
2044 5548 2224 5614 Vulg.,
2255 5547 2584 5619 διαρῤήδιιιν
2611 5545 2705 5619 δέ.
2748 5543 3408 5619 Rectiusiu_Panegyri_co

1835 5613 2030 5689 legitur
2062 5613 2361 5690 διαρρήδην
2387 5613 2622 5690 mete.
2663 5617 2954 5690 Mevcodd
3040 5613 3172 5668 Fttk.
3215 5613 3407 5690 eos.»

1985 5685 2210 5744 verbum
2247 5685 2448 5744 addunt
2489 5689 2591 5744 hoc
2631 5689 2826 5742 modo:
2867 5687 3234 5756 φυλακτήριον
3269 5685 3409 5738 ἀπο⁴

1867 5777 1890 5812 ε
1925 5775 2085 5816 ειγεν.

1867 5775 2085 5829 εοειχεν.
