3858 6260
457 335 565 393 955

1138 336 1417 394 EUSEBII
1456 334 1933 393 CESARIENSIS
1967 334 2118 392 OPP.
2157 334 2337 393 PARS
2374 336 2413 392 1.
2451 367 2523 376 -
2558 332 2951 397 HISTORICA.

3583 339 3672 397 956

455 455 626 509 tutius
679 453 826 509 orbis
859 454 1166 523 praesidium
1205 464 1312 519 est,
1347 454 1652 511 litterarum
1684 455 1826 510 notis
1879 470 1985 509 nun

2122 451 2430 524 ἐγχαράξας
2450 451 2661 517 τύποις,
2688 450 2954 522 σωτήριον
2984 451 3134 505 τουτὶ
3165 446 3390 524 σημεῖον
3418 451 3521 523 τῆς
3558 453 3674 508 Ῥω-

452 558 617 613 quam
651 544 948 599 interituris
982 544 1170 603 inciso.
1220 545 1412 601 Statim
1441 561 1569 617 ergo
1599 547 1879 602 sublimem
1912 547 2012 602 ha-

450 645 589 692 stam
620 638 671 691 in
706 637 919 690 modum
949 638 1151 701 crucis,
1181 639 1283 693 sub
1325 655 1540 693 manum
1582 649 1772 695 statua:
1798 655 1907 696 sua:
1955 640 2007 695 in

449 727 801 783 celeberrimo
838 727 988 780 urbis
1043 727 1161 783 loco
1204 730 1330 800 poni
1371 729 1554 801 jussit,
1604 739 1659 784 et
1706 728 2007 799 huiusmodi

452 817 858 887 inscriptionem
887 818 1077 873 Latino
1101 833 1352 874 sermone
1380 819 1604 886 subiici:
1636 819 1751 875 Hoc
1779 821 2007 875 salutari

448 908 596 977 signa
636 909 774 978 quod
808 927 942 964 uerto
968 910 1199 965 uirtutis
1243 921 1610 983 argumentum
1654 922 1754 976 est,
1782 922 2006 965 vestram

446 998 625 1050 urbem
645 1000 933 1067 tyrannica:
961 1000 1337 1054 dominationis
1347 999 1476 1069 jugo
1498 996 1769 1054 liberatam
1787 1002 2012 1056 servavi:

448 1086 668 1142 Senutui
694 1090 986 1158 populoque
1010 1088 1248 1143 Romano
1268 1089 1625 1143 inlibertatem
1647 1098 1845 1144 asserto
1864 1090 2005 1160 pris-

448 1179 617 1231 tinum
651 1179 807 1232 decus
829 1180 1118 1232 nobilitatis
1143 1178 1569 1247 splendoremque
1599 1178 1823 1235 restitui.

2119 544 2295 614 μαίων
2316 526 2503 616 Ράρχῆς
2532 544 2625 598 καὶ
2671 542 2773 614 τῆς
2815 541 3040 597 καθόλου
3092 543 3367 614 βασιλείας
3410 544 3675 618 φυλακτή-

2121 650 2252 705 ριον.
2287 634 2493 687 Αὐτίκα
2545 633 2589 685 δ’
2622 627 2715 686 οὖν
2748 632 2949 703 ὑψηλὸν
2987 632 3113 704 δόρυ
3163 633 3397 705 σταυροῦ
3447 636 3673 706 σχήματι

2115 726 2219 780 ὑπὸ
2248 728 2403 799 χεῖρα
2425 726 2559 790 ἰδίας
2580 728 2789 789 εἰκόνος
2803 727 2861 778 ὲν
2888 725 3160 796 ἀνδριάντι
3189 727 3669 799 κατειργασμένης,

2110 815 2219 870 τῶν
2250 817 2342 869 ἐπὶ
2382 816 2598 888 Ῥώμης
2638 817 3141 889 δεδημοσιευμένων
3173 819 3231 871 ὲν
3260 817 3413 887 τόπῳ
3454 819 3674 889 στήσαν-

2111 925 2230 972 τας.
2277 909 2444 982 αὐτὴν
2488 910 2551 980 δὴ
2580 911 2782 982 ταύτην
2820 907 2917 979 τὴν
2952 907 3189 982 γραφὴν,
3238 910 3481 981 ῥήμασιν
3524 910 3672 980 ὲγχα-

2116 1000 2272 1072 ράξαι
2314 1004 2383 1072 τῇ
2431 1002 2713 1074 Ῥωμαίων
2758 998 3104 1069 ὲγκελεύεται
3150 1003 3299 1071 φωνῇ
3321 1017 3335 1030 ·
3384 1001 3577 1064 Τούτῳ
3599 1000 3671 1067 τῷ

2112 1091 2467 1161 σωτηριάκῖει
2505 1094 2749 1162 σημείῳ,
2797 1091 2878 1157 τῷ
2922 1089 3137 1159 ἀληθεῖ
3160 1090 3391 1162 ἐλέγχῳ
3437 1090 3671 1159 nich

2112 1182 2302 1251 δρίας,
2340 1181 2454 1250 τὴν
2476 1186 2658 1237 πόλιν
2693 1182 2861 1252 ὑμῶν
2885 1180 3060 1252 ζυγοῦ
3091 1182 3452 1250 τυραννικοῦ
3474 1182 3669 1237 διασω-

446 1270 657 1325 θεῖσαν
678 1272 1091 1340 ἠλευθέρωσα·
1117 1274 1205 1328 ἔτι
1228 1271 1356 1342 μὴν
1390 1273 1486 1326 καί
1551 1273 1666 1341 τὴν
1709 1275 2055 1346 σύγκλητον
2102 1279 2202 1332 καὶ
2241 1279 2349 1333 τὸν
2387 1277 2581 1349 δῆμον
2610 1278 2929 1348 Ῥωμαίων,
2976 1276 3053 1347 τῇ
3095 1277 3314 1351 ἀρχαίᾳ
3359 1277 3668 1348 ἐπιφανείᾳ

443 1366 545 1421 καί
570 1370 937 1438 λαμπρότητι
964 1368 1368 1437 ἐλευθερώσας
1389 1369 1869 1441 ἀποκατέστησα.

1020 1504 1263 1585 CAPUT.
1283 1505 1421 1561 xu.

464 1617 770 1675 Exsultatio
810 1620 1195 1689 provinciarum
1224 1629 1271 1673 et
1296 1621 1597 1691 largitiones
1618 1619 1966 1678 Constantini.

510 1754 568 1809 In
595 1757 740 1810 hunc
767 1756 990 1809 modum
1017 1754 1110 1809 Dei
1144 1755 1544 1809 amantissimus
1575 1755 1872 1823 imperator
1887 1757 2001 1812 vic-
2031 1777 2078 1835 Β

440 1846 595 1900 tricis
641 1844 819 1900 crucis
862 1844 1258 1899 confessionem
1310 1860 1421 1914 pra:
1468 1860 1525 1900 se
1571 1844 1774 1911 ferens,
1804 1846 1995 1901 Filium

439 1938 535 1992 Dei
580 1935 839 1990 Romanis
874 1935 1046 1989 libere
1092 1944 1252 2004 atque
1298 1936 1530 2006 ingenue
1564 1937 1895 2006 praedicavit.
1931 1938 1997 1992 Et

436 2032 617 2085 cuncti
648 2028 740 2098 qui
794 2027 979 2081 urbem
1019 2027 1364 2094 incolebant,
1417 2036 1525 2080 tam
1576 2037 1797 2082 senatus
1834 2043 1996 2096 quam

434 2121 683 2191 populus,
732 2128 917 2189 utpote
962 2119 1154 2172 acerba
1202 2129 1256 2173 et
1300 2119 1576 2190 tyrannica
1629 2119 1998 2175 dominatione

434 2210 670 2272 liberati,
710 2208 992 2276 'reSpirare
1021 2209 1418 2275 quodammodo
1466 2216 1518 2263 et
1570 2209 1805 2276 purioris
1856 2210 1995 2265 lucis

432 2301 600 2354 radiis
622 2298 821 2367 perfrui
846 2298 949 2352 sibi
977 2297 1483 2368 videbantur,atque
1508 2300 1561 2354 in
1588 2316 1777 2354 novam
1803 2316 1994 2371 quam-

432 2391 555 2445 dam
585 2391 752 2443 vitam
779 2390 1017 2443 renasci.
1048 2388 1248 2444 Gentes
1275 2404 1488 2459 quoque
1528 2391 1794 2446 universae
1826 2403 1991 2462 quot-

429 2489 562 2551 quot
596 2480 916 2535 occidentali
952 2495 1154 2534 oceano
1185 2481 1566 2547 terminantur,
1600 2483 1848 2550 pristinis
1879 2499 1991 2538 ma-

428 2572 496 2628 lis
541 2573 805 2638 liberatae,
835 2574 1004 2628 festos
1049 2574 1166 2627 dies
1202 2588 1321 2627 cum
1352 2574 1497 2628 omni
1546 2575 1820 2631 hilaritate
1855 2577 1991 2632 cele-

2613 1506 3008 1563 ΚΕΦΑΛΑῘΟΝ
3040 1506 3177 1561 MA'.

2138 1600 2521 1671 Εὑφροσύναι
2572 1600 2724 1654 κατὰ
2770 1599 2878 1665 τὰς
2926 1598 3236 1671 ἐπαρχίας,
3287 1594 3393 1649 καί
3430 1594 3637 1665 δωρεαὶ

2644 1669 3121 1724 Κωνσταντινου.

2187 1760 2244 1815 ’0
2294 1761 2392 1830 μὲν
2442 1754 2534 1814 οὖν
2566 1760 2814 1831 θεοφιλὴς
2849 1759 3098 1830 βασιλεὺς
3134 1754 3237 1813 ὧδέ
3276 1776 3351 1828 πη
3397 1757 3493 1812 τοῦ
3523 1775 3673 1814 vocor

2100 1849 2253 1904 ποιοῦ
2283 1850 2513 1923 σταυροῦ
2545 1850 2804 1921 ὁμολογίᾳ
2837 1849 3299 1921 λαμπρυνάμενος,
3328 1848 3428 1902 σὺν
3455 1851 3663 1921 παρρη-

2101 1942 2191 2015 σία
2210 1942 2376 2014 πολλῇ
2410 1943 2499 1996 τὸν
2524 1942 2652 1996 Υἱὸν
2681 1940 2773 1994 τοῦ
2798 1941 2931 1996 Θεοῦ
2968 1940 3255 2011 Ῥωμαίοις
3290 1941 3478 2004 αὐτοῖς
3524 1940 3658 2009 γνὼ-

2104 2052 2259 2107 ριμον
2292 2035 2480 2089 ἐποίει.
2514 2034 2719 2098 Πάντες
2749 2034 2793 2086 δ’
2827 2031 3036 2104 ἀθρόως
3070 2034 3118 2086 οἰ
3147 2031 3243 2103 τὴν
3272 2031 3427 2086 πόλιν
3457 2033 3658 2086 οἰκοῦν-

2100 2144 2211 2193 τες,
2257 2131 2392 2201 αὐτῇ
2445 2131 2730 2201 συγκλήτῳ
2774 2130 2868 2183 καὶ
2909 2131 3093 2210 δήμων
3132 2130 3413 2203 πλήθεσιν,
3465 2131 3659 2184 ὡσανεὶ

2100 2222 2300 2291 πικρᾶς
2352 2221 2446 2275 καὶ
2486 2223 2808 2293 τυραννικῆς
2840 2222 3267 2287 ἀναπνεύσαντες
3322 2222 3654 2285 δυναστείας,

2099 2312 2272 2381 φωτὸς
2304 2312 2595 2366 ἀπολαύειν
2627 2313 2840 2367 ἐδόκουν
2873 2313 3266 2386 καθαρωτέρων
3298 2313 3507 2383 αὐγῶν,
3538 2331 3656 2367 και-

2096 2403 2186 2456 νοῦ
2208 2422 2266 2456 τε
2303 2404 2397 2458 καὶ
2426 2405 2546 2458 νέου
2581 2405 2694 2475 βίου
2738 2406 3153 2475 παλιγγενεσίας
3186 2406 3459 2477 μετέχειν.
3492 2406 3652 2478 Ἔθνη

2092 2511 2151 2547 τε
2173 2495 2331 2548 πάνθ’
2356 2497 2457 2550 ὅσα
2482 2497 2706 2569 ὠκεανῷ
2757 2497 2835 2567 τῷ
2879 2498 3020 2551 κατά
3067 2498 3262 2552 δύοντα
3307 2499 3464 2570 ἥλιον
3501 2508 3653 2572 περι-

2089 2585 2331 2656 ωρίςετο,
2358 2586 2465 2641 τῶν
2498 2589 2625 2657 πρὶν
2648 2588 2971 2658 συνεχόντων
3004 2588 3187 2642 κακῶν
3218 2588 3650 2661 ἡλευθερωμὲνα,

426 2664 697 2731 brabant;
728 2663 1144 2720 Constantinum
1185 2663 1470 2731 victorem,
1502 2666 1594 2720 Dei
1624 2668 1891 2731 amicum,
1924 2668 1985 2722 de

2097 2677 2423 2748 πανηγύρεσι
2459 2679 2707 2750 φαιδραῖς
2746 2679 3221 2750 ἐνευφραινόμενα,
3269 2679 3362 2733 τὸν
3416 2680 3649 2737 καλλίνι-

423 2755 679 2811 omnibus
717 2754 855 2809 bene
908 2755 1165 2808 meritum
1215 2754 1489 2810 continuis
1532 2755 1700 2828 429
1736 2755 1985 2813 laudibus

2097 2785 2198 2832 κον,
2221 2768 2311 2822 τὸν
2338 2769 2582 2840 θεοσεϐῆ,
2626 2769 2715 2827 τὸν
2748 2770 2924 2825 κοινὸν
2964 2770 3277 2843 εὐεργέτην,
3313 2772 3650 2843 ἀνυμνοῦντα

422 2848 802 2917 praedicantes.
849 2846 983 2900 Eum
1031 2845 1211 2900 cuncti
1254 2860 1538 2902 commune
1582 2848 1855 2917 quoddam
1892 2848 1985 2904 bo-

2097 2859 2367 2926 Βιετέλουν,
2393 2865 2541 2934 φωνῇ
2576 2879 2636 2916 τε
2667 2864 2766 2933 μιᾷ
2792 2862 2886 2916 καὶ
2915 2863 2995 2916 ἑνὶ
3022 2864 3268 2934 στόματι,
3298 2865 3484 2917 κοινὸν
3514 2865 3647 2933 ἀγα-

422 2955 574 3003 num,
601 2938 697 2992 Dei
726 2937 1062 3007 benignitate
1094 2938 1328 2993 humano
1352 2940 1536 3009 generi
1559 2940 1820 2996 donatum
1861 2942 1982 2996 illu-

2097 2951 2173 3008 ibv
2200 2952 2507 3026 ἀνθρώποις
2529 2956 2594 3008 ὲκ
2625 2955 2758 3009 Θεοῦ
2793 2955 3015 3028 χάριτος
3047 2958 3098 3010 ul
3130 2957 3333 3021 πάντες
3361 2959 3647 3012 Κωνσταν-

422 3029 590 3092 κίεεο,
613 3043 721 3084 uno
772 3044 867 3083 ore
898 3037 1056 3097 atque
1087 3043 1193 3083 una
1221 3043 1353 3085 voce
1386 3033 1742 3087 testabantur.
1783 3034 1888 3089 Sed
1928 3043 1985 3090 et

2097 3047 2223 3099 πῖνον
2250 3046 2560 3118 ὡμολόγουν
2589 3048 2912 3118 ἐπιλάμψαι.
2968 3048 3231 3105 Ἦπλοῦτο
3275 3050 3336 3104 δὲ
3378 3052 3476 3104 καί⁷
3506 3049 3649 3122 βασι-

423 3121 770 3189 imperatoris
804 3121 999 3177 litterae
1032 3125 1233 3193 ubique
1281 3124 1574 3194 propositae
1610 3123 1934 3193 legebantur
1959 3169 1976 3195 ,

2097 3136 2232 3191 ιικὸν
2277 3137 2590 3209 ἁπανταχοῦ
2634 3139 2885 3209 γράμμα,
2939 3143 3053 3203 τοῖς
3102 3141 3200 3211 μὲν
3241 3140 3343 3204 τὰς
3391 3118 3648 3213 ὑπάρξεις

420 3212 618 3282 quibus
666 3213 702 3267 ii
740 3214 832 3282 qui
889 3214 1046 3269 bonis
1088 3217 1200 3271 suis
1240 3216 1454 3285 spoliati
1505 3214 1753 3280 fuissent,
1796 3230 1981 3272 eorum

2097 3230 2449 3300 δφαρπαγεῖσι
2471 3231 2568 3302 τὴν
2596 3230 2703 3285 τῶν
2726 3233 2939 3287 οἰκείων
2963 3231 3257 3286 ἀπόλαυσιν
3288 3212 3645 3303 δωρούμενον,

419 3306 820 3375 possessionem
857 3306 1124 3364 beneﬂcio
1157 3310 1430 3381 principis
1466 3309 1895 3379 recuperabant;
1929 3321 1983 3368 et

2097 3320 2205 3382 τοὺς
2230 3319 2274 3372 δ’
2304 3320 2486 3374 ἄδικον
2527 3320 2742 3393 ἐξορίαν
2773 3322 3190 3393 ὑπομείναντας,
3223 3322 3318 3376 ἐπὶ
3349 3323 3453 3387 τὰς
3505 3323 3646 3392 σφῶν

419 3397 511 3466 qui
541 3396 738 3465 iniuste
765 3398 991 3468 relegati
1021 3409 1224 3464 essent,
1258 3400 1547 3469 penatibus
1592 3401 1704 3455 suis
1732 3402 1984 3457 restitue-

2097 3409 2507 3482 ὶνακαλούμενον
2558 3412 2756 3474 ἑστίας.
2816 3412 3137 3484 Ἠλευθέρου
3176 3429 3240 3466 τε
3286 3412 3383 3466 καὶ
3416 3413 3642 3484 δεσμῶν,

419 3489 639 3543 bantur.
674 3488 916 3545 Vinculis
945 3506 1163 3562 quoque
1191 3499 1247 3546 et
1274 3492 1419 3547 omni
1455 3492 1696 3562 periculo
1738 3507 1802 3547 ac
1836 3503 1979 3548 metu

2097 3502 2278 3565 ταντός
2306 3519 2367 3555 τε
2395 3502 2639 3565 κινδύνου
2673 3504 2765 3557 καὶ
2791 3503 2948 3569 δέους
2984 3505 3109 3567 τοὺς
3141 3503 3246 3558 ὑπὸ
3273 3505 3373 3575 τῆς
3399 3520 3644 3575 τυραννι-

416 3578 792 3635 liberababtnr
815 3580 874 3647 ii,
901 3582 991 3652 qui
1017 3597 1115 3652 per
1135 3582 1475 3653 tyrannicam
1505 3583 1882 3639 crudelitatem
1914 3583 1993 3640 iis.

416 3673 597 3728 vexati
634 3672 886 3730 fuissent.

987 3785 1215 3843 CAPUT
1246 3785 1403 3842 XLII.

582 3875 823 3932 Honores
870 3877 1122 3949 episcopis
1174 3878 1337 3960 delati
1390 3889 1437 3933 et
1487 3879 1822 3934 ecclesiarum

998 3956 1396 4004 exstructionem

490 4043 659 4096 Porro
693 4042 807 4110 ipse
847 4042 1142 4111 imperator
1184 4042 1467 4097 ministros
1499 4042 1591 4096 Dei
1623 4059 1653 4097 a
1688 4057 1747 4098 se
1774 4058 1981 4098 convo'

412 4142 588 4195 catos,
620 4135 771 4189 omni
802 4135 1065 4205 obsequio
1095 4146 1259 4205 atque
1290 4136 1502 4191 honore
1527 4139 1974 4207 prosequebatur,

412 4237 508 4277 eos
545 4231 727 4293 utpote
763 4225 873 4281 Deo
903 4240 1061 4296 quem
1094 4228 1301 4282 colebat
1330 4237 1698 4294 consecratos,
1728 4244 1832 4283 non
1857 4245 1976 4284 ver-

410 4313 495 4368 bis
523 4315 701 4380 modo,
731 4330 916 4370 verum
946 4317 1109 4371 etiam
1142 4317 1302 4372 factis
1339 4320 1655 4374 humaniter
1677 4322 1972 4391 excipiens.

408 4403 643 4461 Proinde
674 4422 873 4462 mensae
905 4408 1075 4476 ipsius
1110 4409 1508 4464 adhibebantur
1539 4411 1786 4465 homines
1813 4450 1829 4475 ,
1877 4427 1974 4467 cx-

410 4505 562 4549 terno
593 4497 812 4564 quidem
858 4498 1046 4553 habitu
1098 4513 1162 4553 ac
1193 4500 1393 4554 vestitu
1428 4500 1783 4570 despicabiles
1817 4518 1831 4556 :
1874 4503 1968 4556 sed

406 4598 543 4652 quos
588 4585 679 4640 ille
726 4587 951 4643 minime
995 4588 1349 4659 despicabiles
1393 4588 1673 4656 judicabat
1714 4608 1727 4645 :
1770 4591 1970 4660 quippe

404 4675 497 4745 qui
529 4690 633 4731 non
659 4686 942 4736 externam
965 4679 1201 4736 hominis
1232 4681 1465 4751 Speciem
1487 4695 1607 4750 qua:
1635 4680 1809 4739 oculis
1828 4681 1959 4741 sub-

457 4946 538 5018 (9l
552 4945 738 5019 ),V_ulg.
756 4948 1166 5015 Θεραπεία-ὠς
1178 4947 1275 5019 Qui
1292 4946 1841 5018 τιμῆς-,δοτίὺθυιίιιῐη
1857 4956 1986 5019 puto

400 5016 697 5088 θεραπείας
744 5035 803 5069 τε
850 5018 942 5072 καὶ
976 5019 1160 5088 τιμῆς.
1194 5016 1477 5088 Turnebus
1521 5020 1573 5072 in
1604 5016 1873 5088 margine'
1898 5019 1981 5073 sui

397 5087 946 5160 codicisetneudarat
980 5087 1277 5160 θερατὲείας
1299 5089 1394 5160 καὶ
1425 5090 1611 5160 τιμῆς,
1652 5087 1795 5160 εαξη
1817 5100 1983 5157 atque

399 5159 475 5209 ita
520 5156 778 5210 scribitur
811 5158 863 5211 in
913 5156 1102 5213 codice
1136 5157 1272 5211 Fuk.
1304 5157 1361 5211 lu
1393 5156 1610 5213 schedis
1650 5158 1833 5228 Regiis
1872 5156 1969 5211 ex-

397 5235 657 5299 punctum
689 5236 771 5299 est
797 5230 1115 5283 adverbium
1149 5227 1245 5292 ὼς,
1278 5230 1503 5299 ejusque
1524 5228 1644 5283 loco
1671 5227 1969 5297 superscri-

395 5307 546 5366 ptum
574 5296 786 5360 αὐτούς.

465 5367 574 5436 (92)
613 5366 691 5439 Τῇ
733 5368 838 5422 τοῦ
881 5367 1183 5438 σχήματος
1229 5368 1483 5439 ὀφθῆναι
1510 5366 1815 5438 περιϐολῇ.
1855 5367 1968 5424 Hoc

394 5436 514 5490 loco
544 5437 728 5509 σχῆμα
757 5454 862 5491 non
908 5436 1016 5493 tam
1046 5436 1276 5493 vultum'
1296 5436 1379 5493 ac
1401 5436 1629 5493 lorntain
1673 5439 1960 5508 significat,

394 5518 456 5559 ιιι
486 5513 697 5578 putavit
727 5509 1297 5578 Christophorsonus,
1331 5524 1492 5578 quam
1528 5509 1727 5563 cultum
1772 5524 1837 5563 ac
1869 5524 1963 5563 ve-

396 5576 802 5647 stem.rProinde
839 5576 1127 5647 utrumque
1162 5580 1214 5631 in
1244 5576 1689 5644 interpretatione
1717 5594 1834 5632 mea
1860 5595 1957 5632 cx-

398 5646 609 5713 pressi;
641 5647 784 5712 quod
816 5649 980 5701 etiam
1030 5646 1058 5701 a
1091 5648 1336 5702 Portesio
1374 5649 1571 5705 factum
1612 5664 1731 5703 esse
1767 5660 1955 5717 postea

405 5716 751 5771 denrchendi.
788 5717 910 5771 Erat
939 5729 1120 5771 autem
1154 5718 1371 5773 habitus
1413 5733 1473 5773 ac
1504 5720 1729 5773 vestitus
1770 5716 1956 5773 Sacer-

2079 3593 2180 3665 κῆς
2208 3594 2487 3665 ὼμόττιτος
2504 3595 2712 3659 τούτοις
2746 3595 3016 3667 ὑποῦεόλη
3026 3595 3239 3667 μένους.

2584 3794 2977 3848 ΚΕΦΑΛΑΙΟΝ
3013 3796 3123 3849 ΜΒ¹
3131 3836 3144 3849 .

2160 3862 2528 3919 Ἐπισκόπων
2557 3864 2736 3933 τιμαὶ,
2764 3865 2861 3918 καὶ
2886 3864 3224 3933 ἐκκλησιῶν
3249 3866 3578 3937 οἰκοδομαί.

2147 4038 2404 4102 Βασιλεὺς
2434 4038 2480 4093 δ’
2512 4039 2673 4104 αὐτὸς
2711 4041 2835 4106 τοὺς
2862 4041 2955 4094 τοῦ
2984 4041 3117 4095 Θεοῦ
3146 4042 3494 4116 λειτουργοὺς
3524 4062 3634 4114 συγ-

2076 4130 2275 4194 καλῶν,
2293 4129 2586 4202 θεραπείας
2602 4149 2661 4185 τε
2676 4134 2769 4186 καὶ
2783 4133 2946 4204 τιμῆς
2965 4133 3076 4205 (9i)
3090 4135 3187 4205 τῆς
3202 4136 3461 4189 ἀνωτάτω
3478 4135 3638 4207 ἠξίου,

2076 4220 2259 4293 ἔργοις
2290 4224 2383 4276 καὶ
2414 4222 2591 4292 λόγοις
2614 4225 2740 4288 τοὺς
2768 4224 2966 4296 ἄνδρας
2986 4226 3185 4280 ὡσανεὶ
3211 4226 3289 4297 τῷ
3324 4227 3489 4281 αὐτοῦ
3528 4225 3637 4295 Θεῷ

2076 4314 2519 4387 καθιερωμένους
2552 4314 3055 4389 φιλοφρονούμενος.
3097 4317 3495 4390 Ὁμοτράπεζοι
3512 4318 3634 4389 δῆτα

2080 4406 2315 4476 συνῆσαν
2346 4403 2513 4475 αὐτῷ,
2543 4406 2732 4479 ἄνδρες
2765 4407 2999 4471 εὐτελεῖς
3036 4406 3134 4478 μὲν
3155 4410 3221 4479 τῇ
3244 4407 3338 4461 τοῦ
3365 4409 3633 4480 σχήματος

2006 4467 2049 4522 D
2076 4467 2308 4566 όερθῖγναι
2329 4467 2585 4568 περιδολῇ
2616 4467 2751 4568 (θὲδ,
2767 4497 2881 4551 ἀλλ’
2899 4498 2957 4552 οὐ
2973 4467 3308 4556 τοιοῦτοίκαὶ
3331 4467 3487 4571 αὐτῶ
3505 4467 3635 4553 νενοζ

2077 4590 2346 4660 μισμένοι,
2382 4593 2463 4644 ὅτι
2501 4591 2576 4661 μὴ
2616 4590 2707 4647 τὸν
2739 4588 3011 4662 ὁρώμενον
3044 4593 3154 4654 τοῖς
3185 4590 3401 4654 πολλοῖς
3440 4593 3634 4664 ἀνθρω-

2075 4698 2197 4743 πον,
2245 4681 2335 4735 τὸν
2383 4681 2514 4735 Θεὸν
2555 4681 2611 4734 δὲ
2644 4682 2961 4736 ἐποπτεύειν
2996 4683 3169 4736 ἐδόκει
3208 4683 3340 4755 (93).
3379 4683 3634 4755 Ἐπήγετο

2091 4949 2276 5005 (lotum
2311 4948 2457 5003 illius
2489 4947 2747 5016 temporis
2777 4946 3061 5001 admodum
3098 4947 3270 5001 tenuis
3299 4961 3366 5001 ac
3398 4944 3563 5016 vilis,
3578 4951 3629 4997 ut

2092 5029 2316 5074 testatur
2332 5020 2510 5072 Amm.
2538 5014 2884 5072 Marcellinus
2910 5018 2959 5071 in
2987 5017 3079 5071 lib.
3117 5032 3288 5079 xxv",
3322 5017 3412 5070 ubi
3446 5017 3513 5075 de
3537 5014 3629 5067 Da-

2089 5106 2237 5143 maso
2285 5098 2339 5142 et
2396 5087 2591 5142 Ursino
2647 5088 2904 5156 loquitur.
2957 5084 3062 5141 Sed
3112 5096 3164 5141 et
3209 5087 3501 5156 Gregorius
3535 5085 3628 5156 Na-

2075 5161 2367 5214 zianzenus
2421 5159 2473 5210 in
2522 5155 2770 5211 oratione
2823 5157 3035 5211 funebri
3088 5171 3250 5224 quam
3288 5158 3358 5211 de
3395 5155 3626 5209 iaudibus

2073 5229 2257 5284 Basilii
2291 5228 2637 5296 conscripsit,
2669 5228 2743 5280 ait
2788 5225 2944 5296 illum
2986 5226 3127 5296 dum
3158 5227 3444 5296 episcopus
3496 5231 3625 5278 esset

2073 5300 2354 5364 Cmsareat,
2385 5297 2475 5351 vili
2505 5294 2664 5366 pallio
2689 5295 2947 5351 amictum
2976 5294 3140 5351 fuisse
3173 5296 3313 5365 quod
3344 5295 3514 5367 ρἀος
3537 5306 3622 5361 ap-

2109 5369 2254 5423 ellal.

2072 5386 2257 5510 νθὶἒῗῖῖᾗ
2292 5434 2672 5510 Τὸν-Θεὸν-δὲ
2698 5435 3065 5510 ἐποπτεύειν.
3083 5433 3295 5510 ἐδόκει.
3340 5430 3396 5486 In
3426 5428 3624 5510 schedis

2076 5496 2259 5574 Regiis
2290 5509 2377 5561 hic
2410 5507 2559 5560 locus
2586 5507 2660 5560 ita
2690 5503 3067 5574 suppleturrad
3114 5505 3434 5574 marginem.
3461 5496 3622 5574 τὸνᾷ

2065 5579 2123 5631 ἐν
2158 5567 2375 5646 ἓκάστῳ
2406 5574 2715 5651 τιμιρμενον
2756 5567 3290 5651 ἐποπτεύεινλεδόκρι
3322 5571 3486 5651 ’Θεόν.
3527 5567 3619 5651 §cd

2064 5648 2285 5703 brevius
2326 5642 2483 5702 codd.
2512 5642 2652 5703 Fuk.
2688 5661 2773 5703 ac.
2805 5647 2933 5701 Sav.
2964 5643 3053 5697 τὸν
3080 5642 3135 5696 δὲ
3157 5642 3289 5696 Θεὸν
3317 5642 3619 5696 ἐποπτεύειν

2065 5718 2236 5773 ἐδόκει
2266 5717 2445 5771 αὐτόν.
