3858 6260
245 349 350 407 95'.’

1352 357 1443 411 DE
1480 357 1642 412 VITA
1681 359 2142 417 CONSTANTINI
2179 362 2307 417 LIB.
2350 361 2388 419 I.

3383 374 3486 430 958

245 467 294 523 δ’
335 464 533 530 αὐτοὺς
592 467 687 522 καὶ
733 469 856 523 ὅποι
911 472 1040 524 ποτὲ
1098 470 1366 526 στέλλοιτο
1415 474 1656 546 πορείαν,
1718 476 1804 528 κάι

1922 476 2071 545 recta
2104 490 2191 533 est
2218 519 2233 544 ,
2262 479 2355 533 sed
2388 479 2554 533 Deum
2609 482 2784 550 ipsum
2836 482 3234 552 introspiceret.
3264 488 3344 544 Ad
3374 492 3486 548 bare

245 558 418 629 τούτῳ
431 559 542 630 (94)
556 560 651 614 τὸν
683 562 1114 634 θεραπευόμενον
1151 566 1286 637 πρὸς
1317 567 1512 632 αὐτῶν,
1536 568 1704 635 δεξιὸν
1724 570 1820 622 αὑ-

245 651 324 721 τῷ
359 655 610 722 παρεῖναι
643 653 976 726 πειθόμενος.
997 657 1104 710 Ναὶ
1127 657 1234 729 μὴν
1257 659 1349 711 καὶ
1365 662 1481 722 ταῖς
1508 660 1821 731 ἐκκλησίαις

242 741 343 800 τοῦ
387 743 520 796 Θεοῦ
568 745 827 809 πλουσίας
874 747 974 810 τὰς
1003 751 1130 820 παρ’
1155 750 1348 803 ἐαυτοῦ
1399 755 1658 822 παρεῖχεν
1702 755 1820 809 ἐπι-

247 835 495 906 κουρίας,
519 837 768 903 ἐπαύξων
799 839 895 909 μὲν
916 841 1010 894 καὶ
1037 844 1114 904 είς
1131 840 1265 911 ὕψος
1293 842 1461 914 αἴρων
1478 846 1602 908 τοὺς
1623 845 1820 916 εὐκτη-

245 926 398 999 ρίους
444 931 642 994 οἴκους,
690 931 961 996 πλείστοις
987 933 1030 986 δ’
1063 935 1374 1006 ἀναθήμασι
1403 937 1473 991 τά
1504 938 1676 1008 σεμνά
1709 938 1818 992 τῶν

241 1020 350 1092 τῆς
385 1023 706 1094 Ἐκκλησίας
738 1024 1191 1102 καθηγιασμένων
1225 1028 1546 1101 φαιδρύνων.

753 1203 1145 1258 ΚΕΦΛΛΑΙΟΝ
1181 1205 1314 1258 ΜΓ’.

238 1293 390 1362 Περὶ
428 1291 546 1348 τῶν
569 1297 658 1365 είς
685 1294 828 1361 τοὺς
849 1293 1112 1418 πέτητας
1131 1293 1490 1366 εὐεργεσιῶν
1510 1300 1820 1351 Κωνσταν-

913 1383 946 1418 τ
971 1383 1102 1418 νου.

913 1383 964 1418 τι
971 1383 1102 1419 νου.

314 1455 581 1519 Παντοίας
602 1472 663 1508 τε
695 1455 805 1526 (95)
833 1456 1128 1526 χρημάτων
1165 1456 1426 1520 διαδόσεις
1470 1459 1582 1519 τοῖς
1612 1455 1815 1510 ἐνδεέσι

239 1551 594 1621 ποιούμενος,
629 1551 832 1604 τούτων
867 1552 913 1604 δ’
942 1552 1099 1616 ἐκτὸς
1145 1551 1238 1605 καὶ
1296 1555 1407 1615 τοῖς
1461 1551 1658 1618 ἔξωθεν
1705 1551 1812 1623 (96)

235 1643 394 1714 αὐτῷ
417 1643 696 1715 προσιοῦσι
737 1643 1116 1715 φιλάνθρωπον
1173 1645 1266 1698 καὶ
1297 1645 1637 1717 εὐεργετικὸν
1673 1663 1814 1715 παρ-

235 1738 381 1807 έχων
404 1737 612 1800 ἐαυτὺν,
631 1739 742 1800 τοῖς
767 1737 864 1807 μὲν
893 1738 979 1789 ἐπ’
1002 1737 1205 1808 ἀγορᾶς
1225 1736 1564 1808 μεταιτοῦσιν
1579 1738 1814 1808 οἰκτροῖς

234 1848 350 1882 τισι
385 1832 477 1884 καὶ
500 1831 946 1902 ἀπερριμμένοις,
972 1832 1033 1884 οὐ
1061 1831 1358 1901 χρημάτων
1393 1831 1570 1901 μόνον,
1598 1829 1718 1882 οὐδέ
1746 1847 1810 1898 γε

233 1921 342 1991 τῆς
374 1923 671 1990 ἀναγκαίας
703 1923 928 1993 τροφῆς,
964 1922 1099 1976 ἀλλὰ
1120 1923 1212 1976 καὶ
1252 1922 1458 1992 σκέπης
1481 1922 1811 1992 εὐσχήμονος

235 2010 334 2064 toﬁ
369 2011 616 2082 σώματος
635 2014 905 2085 προυνόει,
935 2016 1048 2075 ’τοῖς
1076 2013 1121 2066 δ’
1141 2007 1199 2066 εῦ
1235 2014 1330 2084 μὲν
1349 2013 1417 2066 τὰ
1442 2013 1630 2084 πρῶτα
1654 2031 1810 2082 γεγο-

236 2103 378 2165 νόσι,
430 2103 545 2174 βίου
591 2104 647 2156 δὲ
695 2103 962 2175 μεταϐολῇ
1003 2103 1388 2175 δυστυχήσασι,
1423 2104 1808 2176 δαψιλεστέρας

234 2199 468 2266 παρεῖχε
521 2197 619 2259 τὰς
666 2197 930 2266 χορηγίας
956 2214 968 2226 ·
1008 2196 1269 2268 βασιλικῷ
1300 2198 1364 2266 γέ
1393 2215 1472 2250 τοι
1503 2199 1807 2269 φρονήματι

237 2287 674 2359 μεγαλοπρεπεῖς
706 2287 804 2352 τὰς
837 2289 1084 2352 εὐποιίας
1114 2292 1226 2352 τοῖς
1246 2290 1416 2353 οὓτως
1457 2289 1634 2360 ἔχουσι
1670 2307 1808 2360 παρ-

232 2378 397 2448 έχων,
443 2382 555 2442 τοῖς
607 2379 706 2450 μὲν
759 2378 942 2449 ἀγρῶν
995 2382 1216 2451 κτήσεις
1249 2381 1519 2452 ἐδωρεῖτο,
1580 2382 1706 2445 τοὺς
1751 2381 1805 2434 δὲ

234 2468 515 2542 διαφόροις
547 2469 850 2541 ἀξιώμασιν
894 2473 1076 2542 ἐτίμα.
1120 2473 1228 2525 Καὶ
1268 2473 1376 2525 τῶν
1414 2473 1512 2542 μὲν
1546 2473 1805 2543 ὀρφανίαν

232 2545 682 2633 δυστυχησάντων
732 2565 789 2617 ἐν
836 2565 1041 2636 πατρὸς
1066 2565 1380 2636 ἐπεμελεῖτο
1403 2565 1575 2636 χώρᾳ,
1621 2582 1806 2634 γυναι-

237 2653 354 2705 κῶν
402 2654 458 2706 δὲ
509 2655 692 2726 χηρῶν
756 2657 816 2710 τὸ
870 2658 1231 2731 ἀπερίστατον
1281 2661 1683 2730 ἀνακτώμενος,
1737 2660 1804 2712 δι’

235 2744 442 2809 οἰκείας
490 2747 742 2818 ἐπεμέλει
797 2748 1138 2820 κηδεμονίας,
1175 2750 1301 2803 ὥστ’
1340 2751 1438 2821 ἤδη
1491 2752 1585 2804 καὶ
1644 2751 1804 2822 γάμῳ

235 2836 528 2906 ζευγνύναι
574 2841 870 2912 γνωρίμοις
916 2842 1064 2912 αὐτῷ
1122 2845 1216 2896 καὶ
1271 2843 1545 2906 πλουσίοις
1584 2843 1803 2913 ἀνδράσι

228 2928 405 3000 κόρας
465 2932 668 3002 ἐρημίᾳ
722 2933 923 3000 γονέων
969 2933 1428 3007 όρφανισθείσας·
1500 2935 1594 2987 καὶ
1652 2933 1802 2986 ταῦτ’

228 3021 492 3093 ἔπραττε,
523 3024 801 3095 προδιδοὺς
834 3029 953 3089 ταῖς
981 3026 1353 3098 γαμουμέναις
1376 3027 1484 3096 (97)
1519 3027 1616 3078 ὅσα
1639 3025 1802 3096 ἐχρῆν

228 3117 349 3178 τοῖς
384 3115 716 3185 λαμϐάνουσι
768 3119 902 3187 πρὸς
947 3121 1126 3189 γάμου
1182 3120 1464 3172 κοινωνίαν
1511 3118 1798 3188 εἰσφέρειν.

233 3208 449 3280 Ὠσπερ
473 3209 516 3261 δ’
544 3210 777 3280 ἀνίσχων
810 3213 949 3283 ὑπὲρ
981 3213 1083 3282 γῆς
1107 3213 1255 3282 ἥλιος
1283 3213 1392 3283 (98)
1422 3212 1665 3280 ἀφθόνως
1692 3214 1803 3274 τοῖς

230 3303 369 3353 πᾶσι
405 3303 511 3355 τῶν
542 3303 634 3355 τοῦ
665 3304 841 3371 φωτὸς
875 3305 1191 3374 μεταδίδωσι
1228 3305 1625 3377 μαρμαρυγῶν,
1663 3303 1803 3358 κατὰ

226 3394 302 3446 τὰ
349 3395 485 3448 αὐτὰ
521 3395 583 3466 δὴ
620 3397 714 3448 καὶ
745 3398 1166 3462 Κωνσταντῖνος,
1199 3397 1315 3468 ἅμα
1355 3398 1488 3468 ήλίῳ
1532 3397 1801 3467 ἀνίσχοντι

228 3485 347 3538 τῶν
391 3485 686 3556 βασιλικῶν
728 3490 890 3542 οἴκων
957 3490 1404 3561 προφαινόμενος,
1450 3490 1649 3543 ὡσανεὶ
1683 3507 1804 3542 συν-

231 3575 543 3630 ανατέλλων
573 3575 650 3646 τῷ
676 3580 792 3632 κατ’
807 3579 1032 3649 οὐρανὸν
1053 3579 1319 3650 φωστῆρι,
1339 3581 1450 3642 τοῖς
1481 3582 1559 3642 είς
1588 3581 1802 3654 πρόσω-

229 3683 336 3719 πον
363 3666 508 3738 αὑτῷ
531 3668 815 3738 παριοῦσιν
859 3671 1029 3724 ἆπασι
1059 3671 1232 3746 φωτὸς
1267 3673 1438 3739 αὐγὰς
1471 3671 1568 3742 τῆς
1597 3673 1801 3735 οἰκείας

231 3759 508 3829 ἐξέλαμπε
548 3761 950 3831 καλοκάγαθίας
985 3763 1120 3833 (99).
1157 3765 1268 3817 Οὐκ
1286 3761 1354 3835 ἦν
1380 3765 1426 3817 τ’
1456 3764 1628 3828 ἄλλως
1664 3765 1800 3835 πλη-

232 3849 353 3903 σίον
395 3851 668 3919 γενέσθαι,
718 3854 791 3924 μὴ
824 3855 943 3924 οὐχὶ
976 3854 1176 3922 ἀγαθοῦ
1220 3873 1364 3919 τινος
1387 3857 1794 3911 ἀπολαύσαντα·

229 3942 345 3996 οὐδ’
373 3938 440 4013 ἦν
460 3943 579 3996 ποτ’
615 3946 865 4005 ἐκπεσεῖν
887 3945 1100 4009 ἐλπίδος
1131 3948 1374 4018 χρηστῆς
1398 3951 1508 4012 τοῖς
1545 3949 1644 4019 τῆς
1672 3954 1798 4022 παρ’

232 4031 401 4084 αὐτοῦ
431 4035 610 4100 τυχεῖν
634 4034 948 4104 ἐπικουρίας
976 4035 1398 4107 προσδοκήσασι.

738 4169 1130 4222 ΚΕΦΑΛΑΙΟΝ
1167 4173 1295 4226 MA'.

232 4257 436 4323 Ὅπως
460 4258 588 4324 ταῖς
617 4259 900 4326 συνόδοις
923 4260 1042 4314 τῶν
1075 4261 1423 4314 ἐπισκόπων
1449 4264 1795 4332 συμπαρῆν.

305 4348 515 4412 Κοινῶς
546 4350 642 4419 μὲν
677 4346 768 4404 οῦν
803 4351 939 4422 πρὸς
976 4351 1217 4415 ἅπαντας
1243 4348 1310 4423 ἦν
1335 4353 1587 4418 τοιοῦτος.
1621 4355 1798 4419 Ἐξαί-

231 4457 390 4512 ρετον
421 4441 478 4493 δὲ
503 4445 566 4512 τῇ
613 4443 906 4514 Ἐκκλησία
935 4443 1028 4495 τοῦ
1068 4443 1201 4497 Θεοῦ
1237 4444 1334 4516 τὴν
1367 4448 1496 4516 παρ’
1525 4447 1685 4501 αὑτοῦ
1715 4448 1799 4500 νέ-

233 4550 354 4604 μων
396 4535 672 4603 φροντίδα,
717 4535 1117 4606 διαφερομένων
1161 4537 1321 4589 τινῶν
1373 4539 1508 4608 πρὸς
1537 4539 1798 4609 ἀλλήλους

230 4624 376 4677 κατά
413 4624 701 4695 διαφόρους
737 4624 940 4696 χώραςε
971 4621 1058 4679 οἷά
1089 4643 1172 4689 τις
1211 4627 1384 4690 κοινὸς
1411 4627 1703 4692 ἐπίσκοπος
1736 4631 1800 4683 ἐκ

230 4715 371 4769 Θεοῦ
399 4716 816 4788 καθεσταμένος,
850 4718 1098 4781 συνόδους
1140 4718 1246 4772 τῶν
1274 4718 1368 4778 τοῦ
1410 4719 1542 4772 Θεοῦ
1571 4719 1803 4791 λειτουρ-

231 4806 348 4876 γῶν
372 4809 704 4879 συνεκρότει.
739 4809 824 4862 Ἐν
852 4809 991 4881 μέσῃ
1015 4809 1070 4862 δὲ
1103 4811 1168 4879 τῇ
1203 4809 1406 4866 τούτων
1437 4810 1682 4881 διατριϐῇ
1703 4811 1803 4865 οὐκ

302 5002 416 5072 (94)
458 5004 587 5079 Κάν
633 5005 838 5070 τούτῳ.
880 5003 1058 5058 Malim
1128 5006 1372 5062 scribere
1416 5005 1556 5064 κάπὶ
1600 5007 1794 5079 τούτῳ,

230 5072 290 5128 id
324 5083 426 5136 est,
457 5078 518 5127 ob
553 5090 666 5128 eam
698 5091 933 5127 causam.

308 5142 422 5214 (95)
477 5142 534 5197 In
589 5145 744 5198 codd.
808 5143 941 5214 Fuit.
992 5158 1054 5198 ac
1107 5144 1275 5214 Regio
1323 5153 1380 5199 et
1425 5146 1477 5198 in
1524 5146 1798 5202 veteribus

234 5213 458 5268 schedis
484 5224 646 5279 caput
673 5213 859 5281 incipit
889 5217 956 5266 ab
985 5215 1065 5268 his
1085 5213 1262 5268 verbis
1288 5215 1544 5278 παντοίας
1572 5234 1652 5279 τε,
1685 5224 1796 5270 etc.

295 5283 406 5353 (96)
437 5283 566 5354 ,Καὶ
593 5283 735 5354 ,τοῖς
781 5281 1055 5354 ἐξωθενη
1083 5283 1322 5339 Gentiles
1344 5286 1614 5354 intelligit
1635 5327 1650 5352 ,
1706 5287 1798 5354 qui

229 5352 395 5434 erant
421 5352 524 5417 ἔξω
554 5353 1006 5434 τῇςᾘκκλησίας.
1044 5353 1204 5434 [dque
1226 5352 1582 5434 conﬁrmatur
1602 5371 1664 5408 ex
1710 5352 1799 5408 ca-

227 5424 345 5494 gite
376 5419 640 5494 sequenti,
666 5425 752 5494 ubi
785 5419 860 5474 ait
889 5419 1243 5494 εκοινῶςμὲν
1270 5419 1362 5477 οὖν
1392 5424 1527 5494 πρὸς
1556 5423 1799 5488 ἅπαντας

227 5490 306 5565 ἦν
327 5492 564 5565 τοιοῦτος
587 5508 601 5521 ’
631 5492 900 5565 ἐξαίρετον
931 5493 1081 5565 δέ-τῇ
1099 5494 1410 5565 Ἐκκλησία.
1437 5490 1575 5565 Elin
1613 5496 1703 5550 lib.
1732 5511 1793 5560 tt,

228 5561 354 5629 c'ap.
386 5563 475 5624 είς
503 5562 734 5650 τοσαῦτα
752 5561 860 5650 ἠμὲν
885 5565 949 5632 τῇ
967 5561 1258 5650 Ἐκκλησία
1283 5561 1377 5650 τεῦ
1403 5561 1607 5650 Θεοῦῖαἱ
1629 5582 1797 5650 κατατ

227 5633 564 5703 πεμφθεῖσαι
589 5633 785 5704 δωρεαὶ
803 5636 1076 5704 παρεῖχον·
1107 5633 1298 5706 δήμοις
1311 5634 1369 5686 δὲ
1396 5636 1506 5697 τοῖς
1531 5634 1682 5699 ἐκτὸς
1706 5635 1798 5689 καὶ

230 5705 397 5756 πᾶσιν
422 5703 618 5756 ἔθνεσι.

230 5705 397 5764 πᾶσιν
422 5705 618 5757 ἔθνεσι.

305 5721 1053 5846 ἒῖῗῗιξῗὲταμουμέναις.
1100 5774 1236 5832 Male
1278 5773 1796 5848 Christophorsouus

1922 584 2249 638 quocunque
2275 570 2380 623 iter
2403 569 2627 636 iaceret,
2643 588 2736 627 eos
2755 588 2934 629 secum
2963 578 3292 644 deducebat;
3316 577 3483 639 Deum

1921 673 2081 728 quem
2131 659 2205 711 illi
2235 659 2480 714 colerent
2503 702 2518 726 ,
2547 662 2616 716 ob
2652 662 2701 716 id
2734 665 2896 718 etiam
2941 669 3226 736 propitium
3259 672 3356 726 sibi
3389 675 3486 730 ad-

1921 747 2036 803 l'ore
2066 765 2163 819 pro
2191 761 2340 806 certo
2371 751 2598 808 habens.
2627 753 2764 820 Quin
2786 757 2953 811 etiam‘
2979 760 3220 816 ecclesiis
3247 764 3338 818 Dei
3363 765 3481 835 plu—

1922 841 2059 895 rima
2116 857 2183 926 es
2240 843 2510 900 thesauris
2554 849 2665 900 suis
2709 849 2966 907 beneﬁcia
3011 854 3479 927 subministravit;

1917 931 2116 1000 partim
2146 947 2336 986 sacras
2379 935 2524 990 aedes
2559 937 2894 1006 ampliﬁcatis
2928 951 2982 996 et
3026 944 3078 997 in
3123 945 3348 1002 sublime
3376 951 3485 1004 eri-

1917 1036 2082 1092 gens;
2111 1025 2305 1093 partim
2334 1037 2558 1095 augusta
2587 1029 2940 1089 ecclesiarum
2967 1037 3204 1091 sacraria
3234 1039 3481 1109 plurimis

1920 1115 2162 1171 donariis
2194 1132 2488 1176 exornans.

2479 1211 2706 1268 CAPUT
2746 1215 2923 1270 XLIII.

2103 1319 2180 1381 De
2211 1319 2546 1387 Constantini
2575 1328 2630 1380 in
2659 1345 2912 1397 pauperes
2950 1330 3305 1402 beneﬁcentia.

1988 1453 2168 1511 Variis
2189 1457 2422 1526 denique
2445 1461 2790 1528 pecuniarum
2819 1463 3178 1521 divisionibus
3210 1469 3479 1538 egentium

1916 1546 2152 1616 inopiam
2198 1548 2524 1612 sublevans,
2558 1554 2828 1607 extraneis
2877 1568 3138 1624 praeterea
3175 1560 3266 1628 qui
3304 1561 3479 1630 ipsum

1915 1638 2165 1704 adirent,
2205 1638 2502 1693 humanum
2551 1657 2610 1695 se
2642 1657 2705 1697 ac
2746 1645 3030 1700 liberalem
3054 1652 3347 1718 prazbebat.
3402 1653 3481 1708 Ae

1916 1729 2131 1784 miseris
2164 1730 2382 1800 quidem
2428 1731 2535 1786 illis
2562 1744 2616 1787 et
2649 1737 2872 1805 abjectis
2908 1740 3000 1807 qui
3043 1742 3094 1794 in
3128 1741 3248 1796 foro
3274 1745 3481 1799 mendi-

1841 1815 1883 1870 B
1913 1829 2058 1886 cant,
2085 1836 2192 1876 non
2218 1825 2473 1892 pecunias
2499 1825 2671 1879 solum
2694 1837 2747 1880 et
2767 1827 3023 1883 alimenta
3052 1831 3116 1884 ad
3154 1833 3353 1886 victum
3385 1849 3479 1888 ne-

1914 1915 2147 1968 cessaria
2173 1953 2190 1979 ,
2232 1916 2325 1969 sed
2371 1921 2536 1970 etiam
2567 1927 2777 1972 vestem
2825 1921 2891 1973 ad
2923 1924 3204 1991 tegendam
3236 1927 3479 1995 corporis

1913 2005 2212 2061 nuditatem
2245 2008 2576 2077 suppeditari
2623 2009 2803 2079 jussit.
2835 2011 2947 2066 Illis
2974 2028 3103 2068 vero
3130 2015 3220 2084 qui
3251 2031 3372 2069 cum
3397 2016 3480 2070 in-

1913 2098 2070 2164 genui
2103 2109 2264 2168 atque
2299 2101 2541 2170 opulenti
2575 2103 2725 2170 prius
2761 2105 3117 2167 exstitissent,
3157 2116 3337 2176 postea
3360 2123 3482 2162 mu-

1915 2195 2024 2240 tata
2050 2199 2198 2241 sorte
2229 2190 2281 2242 in
2314 2199 2591 2245 extremas
2616 2193 2956 2248 calamitates
2989 2196 3330 2264 inciderant,
3372 2197 3480 2251 lar-

1911 2279 2058 2347 giora
2102 2279 2226 2334 vitae
2277 2281 2518 2336 subsidia
2550 2285 2931 2339 commodavit.
2963 2285 3297 2356 Prorsusque
3331 2291 3478 2359 regio

1911 2371 2094 2426 animo
2120 2371 2409 2441 magniﬁca
2441 2377 2687 2442 quaedam
2737 2392 2958 2429 munera
3002 2378 3052 2430 in
3085 2378 3348 2446 ejusmodi
3375 2382 3476 2434 bo-

1912 2463 2082 2517 mines
2131 2464 2418 2520 conferens
2445 2504 2460 2529 ,
2508 2466 2632 2520 aliis
2671 2481 2830 2536 agros
2861 2467 3023 2538 43o
3052 2470 3268 2524 donavit
3295 2486 3312 2525 :
3343 2471 3477 2526 alios

1909 2555 2074 2609 variis
2122 2555 2474 2624 dignitatibus
2520 2559 2752 2612 ornavit.
2808 2559 2875 2612 Et
2906 2576 3090 2614 eorum
3127 2562 3338 2630 quidem
3367 2558 3473 2632 'qui

1912 2646 1965 2699 in
1993 2647 2243 2702 orbitatis
2269 2649 2517 2705 miserias
2551 2651 2897 2714 incidissent,
2928 2655 3080 2720 quasi
3107 2663 3260 2722 pater
3286 2669 3474 2709 curam

1912 2737 2185 2807 gerebat:
2223 2741 2506 2794 viduarum
2563 2751 2745 2798 autem
2798 2744 3078 2798 mulierum
3124 2745 3473 2801 solitudinem

1910 2830 2200 2886 sublevans
2223 2871 2238 2895 ,
2287 2847 2381 2887 eas
2407 2835 2710 2901 patrocinio
2746 2850 2846 2889 suo
2874 2835 3108 2890 fovebat.
3138 2836 3279 2903 Quin
3305 2839 3473 2894 etiam

1908 2922 2146 2990 virgines
2195 2925 2514 2991 parentibus
2569 2925 2683 2980 suis
2732 2924 2954 2980 orbatas
3003 2927 3116 2994 ipse
3165 2927 3472 2984 hominibus

1909 3014 2182 3082 opulentis
2213 3030 2276 3069 ac
2311 3015 2670 3072 familiaribus
2695 3019 2808 3072 suis
2845 3021 2895 3072 in
2941 3021 3345 3074 matrimonium
3378 3021 3473 3076 de-

1911 3103 2006 3156 dit.
2036 3103 2200 3173 ldque
2234 3105 2467 3174 agebat,
2501 3121 2622 3160 cum
2653 3108 2801 3176 prius
2830 3108 3068 3162 dedisset
3102 3109 3428 3163 nubentibus
3449 3149 3470 3176 ,

1909 3209 2239 3262 quaecunque
2276 3197 2420 3265 ipsas
2449 3198 2582 3252 viris
2606 3198 2719 3252 suis
2753 3198 3001 3253 conferre
3033 3200 3335 3267 Oportebat.
3368 3199 3472 3255 De-

1905 3285 2073 3354 nique
2098 3288 2554 3355 quemadmodum
2586 3289 2663 3342 sol
2695 3305 2861 3356 supra
2909 3301 3080 3343 terras
3111 3291 3361 3345 exoriens
3390 3291 3471 3345 lu-

1901 3381 1983 3434 cis
2001 3394 2112 3432 sua:
2142 3381 2324 3436 radios
2350 3381 2560 3434 cunctis
2592 3381 2886 3434 liberaliter
2913 3382 3186 3449 impertit;
3213 3383 3293 3436 sic
3315 3381 3470 3450 plane

1901 3471 2296 3525 Constantinus
2323 3472 2498 3540 primo
2531 3471 2770 3525 diluculo
2802 3474 3102 3540 procedens
3135 3487 3199 3526 ex
3232 3471 3428 3541 palatio
3449 3512 3465 3537 ,

1901 3577 1964 3616 ac
1995 3577 2116 3616 cum
2147 3563 2358 3616 ccelesti
2394 3563 2524 3617 solis
2545 3563 2738 3632 jubare
2768 3563 3160 3631 quodammodo
3196 3565 3467 3630 exoriens,

1901 3654 2114 3708 cunctis
2161 3654 2486 3709 adeuntibus
2521 3655 2890 3708 beneﬁcentiae
2922 3669 3033 3708 sua;
3063 3656 3237 3709 radios
3271 3656 3469 3725 imper-

1903 3744 2094 3798 tiebat.
2124 3744 2233 3800 Nec
2266 3745 2406 3798 ullus
2430 3760 2664 3813 unquam
2690 3746 2756 3796 ad
2792 3745 2936 3798 illum
2967 3747 3182 3814 propius
3215 3748 3462 3811 accessit,

1900 3840 1989 3907 qui
2030 3837 2268 3893 fructum
2310 3837 2537 3906 alicujus
2589 3835 2834 3890 beneﬁcii
2881 3854 2986 3890 non
3040 3837 3286 3890 retulerit
3319 3855 3333 3890 :
3365 3852 3465 3891 nec

1899 3947 1994 4000 spe
2039 3947 2133 3986 sua
2166 3948 2401 4001 unquam
2438 3932 2685 3984 frustrati
2719 3939 2878 3997 sunt,
2909 3930 2997 3999 qui
3029 3930 3096 3984 ab
3122 3931 3237 3999 ipso
3264 3929 3464 3998 aliquid

1899 4026 2082 4087 auxilii
2113 4033 2540 4094 exspectassent.

2461 4159 2686 4214 CAPUT
2720 4158 2901 4212 XLIV.

2082 4255 2357 4321 Quomodo
2395 4255 2608 4324 synodi:
2644 4255 2996 4322 episcoporum
3032 4253 3285 4326 interfuit.

1970 4348 2048 4402 Ac
2077 4347 2405 4416 generaliter
2433 4348 2645 4416 quidem
2688 4362 2812 4415 erga
2841 4361 3030 4400 omnes
3061 4347 3218 4399 talem
3244 4363 3301 4399 se
3326 4361 3458 4418 prae-

1906 4439 2064 4493 stitit.
2110 4438 2311 4492 Verum
2341 4437 2580 4492 ecclesiae
2604 4436 2695 4490 Dei
2729 4437 2994 4506 praecipue
3021 4451 3209 4490 curam
3245 4451 3455 4505 gerens,

1909 4548 2030 4585 cum
2087 4545 2180 4600 per
2223 4529 2469 4584 diversas
2509 4529 2813 4597 provincias
2842 4527 3060 4597 quidam
3103 4528 3240 4582 inter
3265 4544 3320 4581 se
3349 4528 3456 4581 dis-

1831 4604 1874 4659 D
1904 4625 2170 4681 sentirent
2198 4664 2212 4688 ,
2261 4625 2375 4692 ipse
2401 4622 2546 4677 velut
2579 4621 2882 4676 communis
2911 4621 3146 4674 omnium
3178 4621 3458 4689 episcopus

1905 4734 1933 4772 a
1965 4718 2072 4772 Deo
2104 4717 2434 4771 constitutus
2459 4757 2473 4778 ,
2511 4715 2883 4767 ministrorum
2933 4714 3024 4768 Dei
3071 4713 3297 4766 concilia
3330 4726 3457 4764 con-

1905 4808 2166 4888 gregavit.
2222 4807 2332 4864 Nec
2378 4807 2696 4876 dedignatus
2732 4805 2920 4859 adesse
2966 4813 3020 4858 et
3069 4803 3350 4857 considere
3401 4801 3454 4856 in

1898 5015 2088 5074 nuptas
2125 5005 2532 5076 interpretatur.
2565 4999 2750 5076 Neque
2766 4997 2926 5076 _eni_n_t
2969 5004 3144 5076 nuptae
3170 5039 3184 5061 ,
3219 4995 3312 5049 sed
3333 5011 3456 5076 ,ηα-

1897 5064 2085 5131 bentes
2115 5064 2293 5127 dotem
2329 5072 2557 5125 olferunt
2602 5064 2832 5148 maritis.
2851 5066 3037 5148 _Simili
3065 5081 3247 5148 errore
3272 5064 3455 5148 τελευτ

1898 5147 2105 5208 τῶντας
2131 5155 2364 5196 mortuos
2407 5143 2567 5195 vertit
2597 5139 3136 5206 Clll‘lSlOpItOl‘SOﬂuS,
3179 5143 3238 5189 ul.
3275 5139 3454 5190 notavi

1899 5218 1965 5271 ad
1999 5217 2191 5286 librum
2220 5228 2251 5265 κ
2283 5211 2536 5286 Historicc
2573 5209 2968 5286 Ecclesiaatirar;
2990 5279 3006 5286 Α
3168 5274 3182 5286 ε
3355 5274 3386 5286 η

1971 5285 2081 5355 (98)
2123 5284 2359 5356 Ὥσπερ
2411 5281 2461 5333 δ’
2505 5281 2774 5356 ἀνίσχων
2801 5316 2815 5330 .
2931 5274 3222 5356 ἥλιοςηίη
3269 5274 3456 5356 codice

1903 5346 2036 5424 Reg.
2064 5346 2134 5407 'ad
2171 5346 2535 5424 latus'horum
2558 5346 2843 5424 vet-borum
2871 5346 3170 5424 ltujusmodi
3197 5353 3337 5424 nota
3356 5359 3454 5411 ap-

1903 5413 2074 5494 posita
2106 5432 2219 5476 est:
2257 5439 2356 5492 ωρ.
2378 5421 2647 5494 Quaenam
2670 5413 2976 5494 signiﬁcare
3027 5416 3155 5468 mihi
3175 5413 3450 5494 _videtur;

1902 5484 2098 5566 ἰυραίος
2141 5484 2317 5559 λόγος’
2343 5484 2434 5546 seu
2465 5490 2660 5554 τόπος,
2707 5484 2758 5543 id
2809 5497 2912 5550 est,
2947 5485 3093 5548 locus
3140 5484 3354 5553 elegans
3398 5493 3454 5538 et

1901 5581 2164 5620 alumnus.
3223 5585 3243 5608 δ

1976 5633 2084 5705 (99)
2105 5631 2582 5706 -Καλοκάγαθίαᾳ
2633 5628 2738 5706 Pro
2781 5625 3116 5706 benignitate
3127 5639 3208 5706 .ae
3243 5622 3454 5706 beneﬁ-

1903 5695 2077 5758 centia
2105 5704 2206 5756 hoc
2230 5695 2550 5756 vocabulum
2585 5699 2748 5753 sumit
2780 5697 3056 5751 Eusebius.
3084 5695 3172 5751 Sic
3203 5695 3366 5751 etiam
3398 5695 3451 5748 in

1901 5775 2038 5832 libro
2068 5789 2100 5829 χ
2133 5772 2383 5830 Historia:
2413 5773 2547 5827 hanc
2576 5783 2758 5826 vocem
2785 5768 3080 5836 usurpavit.
