3858 6260
432 306 537 369 93)

1144 311 1412 368 EUSEBII
1450 308 1924 367 CAESARXENSIS
1962 307 2111 364 OPP.
2153 307 2332 362 PARS
2369 308 2411 364 1.
2450 337 2522 348 —-
2559 305 2945 362 HISTORICA.

3565 306 3654 360 960

430 428 607 483 medio
641 427 852 481 illorum
889 436 1185 493 conventu,
1207 427 1535 496 cognitionis
1560 427 1829 497 particeps
1856 424 1958 478 fuit

2100 421 2348 487 ἀπαξιῶν
2397 421 2650 493 παρεῖναί
2695 438 2756 474 τε
2801 421 2895 475 καὶ
2928 421 3251 486 συνιζάνειν,
3278 421 3535 486 κοινωνὸς
3561 424 3654 479 τῶν

427 532 492 571 ea
519 531 637 585 quae
663 518 727 570 ad
757 532 942 584 pacem
975 516 1063 570 Dei
1095 516 1386 585 pertinent,
1420 516 1634 569 cunctis
1664 529 1989 581 procurans.

425 605 598 661 Porro
629 606 848 661 sedebat
895 606 948 659 in
1000 604 1179 659 medio
1210 615 1468 673 tanquam
1519 620 1665 660 unus
1693 619 1723 657 e
1769 604 1992 671 multis;

424 707 761 766 protectores
804 697 1024 766 quidem
1073 706 1406 765 cunctosque
1451 697 1696 763 corporis
1742 696 1996 752 custodes

423 789 609 858 procul
639 804 897 843 amovens
921 830 937 854 ,
986 789 1080 844 Dei
1112 800 1305 844 autem
1357 790 1549 842 timore
1582 798 1867 843 contectus
1890 828 1906 852 ,
1938 796 2018 866 et_

425 879 724 934 amicorum
758 878 998 932 fidelium
1036 879 1403 934 benevolentia
1442 879 1692 932 vallatus.
1724 878 1989 933 Caeterum

424 987 778 1041 quoscunque
826 973 1028 1026 saniori
1082 973 1369 1027 sententiae
1416 972 1765 1039 acquiescere
1792 1012 1808 1036 ,
1839 979 1891 1023 et
1924 967 1990 1023 ad

423 1065 663 1134 quietem
717 1072 772 1117 et
823 1063 1173 1117 concordiam
1237 1076 1535 1131 propensos
1584 1076 1708 1115 esse
1756 1059 1995 1114 animad-

420 1163 697 1219 verterat,
744 1168 839 1207 eos
888 1153 1124 1207 maxime
1171 1153 1478 1219 probabat;
1521 1150 1696 1220 palam
1749 1150 1992 1204 indicans

422 1244 662 1299 unanimi
722 1245 960 1297 omnium
1025 1258 1293 1299 consensu
1352 1256 1411 1298 sc
1473 1244 1527 1296 in
1587 1241 1779 1312 primis
1834 1241 1992 1296 dele-

421 1335 579 1391 ctari.
625 1335 942 1391 Pertinaces
986 1351 1118 1391 vero
1163 1344 1218 1390 et
1266 1334 1643 1405 immorigeros
1695 1334 1988 1390 aversaba-

424 1434 534 1481 tur.
979 1515 1207 1573 CAPUT
1253 1515 1415 1571 XLV.

724 1612 1000 1677 Quomodo
1025 1611 1332 1680 insipienter
1362 1608 1686 1666 toleraverit.

486 1703 627 1772 Quin
667 1705 831 1758 etiam
871 1703 1159 1757 nonnullos
1197 1703 1287 1770 qui
1324 1703 1586 1755 adversus
1613 1701 1785 1769 ipsum
1827 1712 1984 1769 aspe-

415 1795 530 1849 rius
558 1795 750 1849 invecti
787 1793 1042 1860 fuerant,
1075 1793 1345 1859 patienter
1371 1792 1526 1857 tulit;
1563 1791 1666 1845 leni
1702 1805 1766 1844 ac
1793 1791 1981 1844 sedata

413 1900 548 1939 voce
572 1885 652 1939 eis
686 1884 1024 1954 praecipiens,
1053 1882 1211 1955 43],
1252 1893 1309 1936 ut
1343 1883 1637 1937 modestius
1671 1886 1856 1951 agere,
1886 1895 1986 1936 nec

414 1975 712 2031 seditiones
753 1976 994 2030 excitare
1024 1976 1243 2028 vellent.
1297 1973 1371 2027 Ex
1407 1973 1492 2028 his
1538 1973 1626 2026 alii
1664 1971 1985 2027 admonitio-

413 2083 511 2121 nes
538 2068 654 2134 ejus
698 2067 957 2130 reveriti,
1000 2082 1028 2120 a
1073 2066 1374 2136 pervicacia
1419 2065 1586 2119 animi
1629 2062 1981 2120 desistebaut.

411 2158 562 2213 Alios
598 2159 687 2226 qtti
720 2157 787 2212 ad
840 2172 1030 2213 sanam
1075 2168 1310 2211 mentem
1361 2156 1508 2211 nullo
1541 2156 1780 2211 remedio
1825 2170 1984 2211 revo-

411 2251 525 2305 cari
560 2258 852 2320 poterant,
901 2250 1013 2305 Deo
1055 2249 1405 2304 committens
1443 2248 1815 2316 relinquebat;
1845 2246 1983 2302 nihil

411 2344 672 2399 adversus
714 2358 1040 2414 quemquam
1087 2343 1331 2411 asperius
1378 2357 1614 2412 unquam
1667 2344 1979 2412 designans.

410 2431 564 2486 Hauc
595 2435 664 2486 ob
697 2448 943 2496 causam,
973 2442 1030 2487 ut
1061 2433 1323 2487 credibile
1350 2442 1457 2496 est,
1486 2433 1578 2502 qui
1610 2433 1662 2486 in
1693 2431 1876 2487 Africa
1905 2447 1982 2487 se-

409 2512 669 2577 ditionem
706 2532 1111 2577 commoverant
1136 2561 1152 2586 ,
1189 2537 1254 2577 eo
1308 2523 1672 2591 improbitatis
1713 2539 1980 2594 prorupe—

407 2624 534 2670 runt
562 2655 578 2679 ,
612 2624 671 2669 ttt
711 2617 942 2685 abrupta
967 2617 1213 2684 quardam
1248 2614 1483 2670 facinora
1530 2625 1842 2682 tentarent;
1870 2618 1979 2671 dae-

406 2718 571 2759 mone
601 2714 659 2757 ut
691 2705 907 2759 videtur
954 2706 1024 2760 ob
1070 2707 1423 2776 praesentium
1477 2704 1743 2759 bonorum
1771 2707 1979 2775 copiam

405 2795 609 2850 invidia
655 2797 900 2867 percito,
941 2806 998 2851 et
1043 2798 1110 2851 ad
1155 2798 1342 2866 gravia
1387 2800 1634 2867 quaedam
1667 2807 1723 2852 et
1772 2800 1978 2852 atrocia

406 2887 648 2941 facinora
697 2887 941 2941 homines
975 2887 1236 2942 incitante
1262 2929 1277 2953 ,
1312 2905 1418 2958 quo
1461 2888 1807 2958 imperatoris
1864 2889 1980 2942 ani-

406 2995 552 3034 mum
585 2990 772 3032 contra
825 2979 971 3049 ipsos
1003 2981 1343 3035 accenderet.
1374 2981 1572 3036 Verum
1634 2980 1766 3034 nihil
1802 2979 1978 3048 profe-

2099 513 2576 583 ἐπισκοπουμένων
2620 511 2846 583 ἐγίνετο,
2882 512 2951 566 τά
2998 513 3097 582 τῆς
3141 513 3369 584 εἰρήνης
3411 512 3507 566 τοῦ
3535 513 3652 569 Θωῦ

2099 604 2380 677 βραϐεύων
2408 607 2521 669 τοῖς
2550 606 2703 658 πᾶσι·
2741 604 2981 676 καθῆστό
3000 622 3060 658 τε
3090 607 3185 659 καὶ
3210 605 3398 677 μέσος,
3415 606 3548 660 ὡσεὶ
3573 610 3653 661 καὶ

2093 700 2201 753 τῶν
2231 698 2439 752 πολλῶν
2458 693 2559 766 εἷς,
2584 697 2915 770 δορυφόρους
2945 698 3041 768 μὲν
3075 697 3168 751 καὶ
3190 697 3532 762 ὁπλίτας-καὶ
3561 702 3653 752 πᾶν

2093 792 2153 845 τὸ
2183 791 2658 863 σωματοφυλάκων
2686 789 2840 859 γένος
2874 789 3326 861 ἀποσεισάμενος,
3368 789 3449 861 τῷ
3484 790 3540 844 δὲ
3570 792 3651 846 τοῦ

2093 883 2225 938 Θεοῦ
2280 884 2429 955 φόϐῳ
2466 881 2940 954 κατημφιεσμένος
2964 922 2978 947 ,
3022 883 3130 937 τῶν
3170 901 3228 937 τε
3277 883 3489 937 πιστῶν
3522 885 3655 938 ἐταξ-

2098 994 2203 1048 ρων
2237 977 2311 1047 (1)
2344 979 2456 1039 τοῖς
2515 974 2891 1039 εὐνουστάτοις
2946 975 3502 1047 περιεστοιχισμένος.
3552 971 3651 1031 Εἶθ’

2090 1069 2246 1131 ὅσους
2274 1068 2371 1138 μὲν
2397 1066 2542 1139 ἐώρα
2576 1069 2639 1137 τῇ
2666 1065 2933 1137 κρείττονι
2954 1065 3147 1137 γνώμῃ
3178 1065 3512 1136 πειθηνίους,
3530 1065 3652 1137 πρὸς

2090 1160 2325 1230 εὐσταθῆ
2349 1177 2408 1212 τε
2443 1160 2536 1212 καὶ
2567 1159 2926 1231 ὁμογνώμονα
2949 1160 3506 1231 παρεσκευασμένους
3533 1160 3649 1232 τρό-

2091 1269 2213 1314 πον,
2258 1248 2317 1305 εὖ
2356 1250 2498 1323 μάλα
2545 1251 2767 1315 τούτους
2805 1250 3115 1321 ἀπεδέχετο,
3162 1250 3422 1322 χαίροντα
3452 1251 3650 1315 δεικνὺς

2089 1345 2278 1398 ἑαυτὸν
2314 1347 2380 1414 τῇ
2413 1347 2564 1415 κοινῇ
2618 1343 2834 1398 πάντων
2865 1342 3114 1415 ὁμονοίᾳ·
3166 1344 3294 1406 τοὺς
3340 1343 3389 1399 δ’
3413 1342 3647 1422 ,ἀπειθῶς

2087 1436 2308 1507 ἔχοντας
2330 1435 2723 1506 ἀπεστρέφετο.

2576 1526 2968 1580 ΚΕΦΑΛΑΙΟΝ
3020 1526 3155 1580 ME'.

2324 1620 2521 1685 Ὅπως
2546 1620 2646 1673 καὶ
2671 1617 2788 1672 τῶν
2808 1618 3086 1687 ἀφρόνων
3117 1619 3416 1689 ἠνείχετο.

2158 1708 2297 1779 Ἤδη
2345 1709 2403 1762 δέ
2452 1727 2605 1773 τινας
2636 1709 2731 1763 καὶ
2768 1712 2888 1763 κατ’
2919 1708 3081 1763 αὐτοῦ
3111 1710 3544 1782 τραχυνομένους
3575 1711 3641 1782 (Ξ)

2085 1799 2275 1873 ἔφερεν
2307 1800 2659 1867 ἀνεξικάκως,
2692 1801 2932 1874 ἠρεμαίᾳ
2971 1803 3064 1855 καὶ
3106 1802 3306 1873 ἰτραείιτ⁸
3355 1804 3508 1872 φωνῇ
3552 1819 3642 1855 σω-

2084 1896 2320 1964 φρονεῖν,
2353 1892 2487 1946 ἀλλά
2523 1893 2600 1964 μὴ
2626 1891 2941 1956 στασιάζειν
2976 1892 3184 1956 τούτοις
3211 1892 3638 1963 ἐγκελευόμενος.

2083 1984 2297 2040 Τούτων
2330 1986 2375 2039 δ’
2407 1986 2456 2039 οἱ
2490 1986 2587 2057 μὲν
2626 1984 3047 2055 ἀπηλλάττοντο,
3088 1984 3506 2053 καταιδούμενοι
3556 1983 3643 2046 τὰς

2083 2077 2429 2149 παραινέσεις
2446 2094 2460 2108 ·
2483 2078 2608 2141 τοὺς
2629 2076 2672 2129 δ’
2702 2077 2935 2140 ἀνιάτως
2964 2076 3099 2147 πρὸς
3124 2076 3376 2148 σώφρονα
3398 2074 3644 2145 λογισμὸν

2083 2169 2427 2241 ἔχοντας,ετῷ
2459 2168 2577 2240 Θεῷ
2614 2169 2937 2241 παραδιδοὺς
2986 2167 3154 2237 ἠφίει.
3193 2167 3359 2238 μηδὲν
3392 2165 3645 2237 μηδαμῶς

2080 2262 2242 2326 αὐτὸς
2271 2262 2411 2315 κατά
2436 2277 2578 2325 τινος
2596 2260 2838 2333 λυπηρὸν
2863 2259 3256 2328 διανοούμενος.
3293 2259 3489 2312 Ἔνθεν
3519 2258 3647 2311 εἰκό-

2079 2371 2186 2418 τως
2213 2354 2340 2416 τοὺς
2361 2354 2452 2407 ἐπὶ
2483 2354 2584 2423 τῆς
2604 2355 2825 2425 ’Ἄφρων
2846 2352 3029 2425 χώρας
3061 2349 3643 2422 (5)διαστασιάζοντας,

2080 2446 2161 2508 εἰς
2196 2444 2445 2497 τοσοῦτον
2481 2441 2790 2496 συνέϐαινεν
2834 2441 3117 2514 ἐπιτριϐῆς
3151 2439 3421 2501 ἐλαύνειν,
3450 2438 3527 2501 ὼς
3560 2437 3646 2491 καὶ
3688 2510 3693 2513 Δ

2079 2534 2367 2605 τολμηροίς
2406 2551 2550 2587 τισιν
2607 2535 2895 2605 ἐγχειρεῖν,
2945 2533 3019 2595 ὡς
3057 2531 3221 2594 ἔοικε,
3265 2529 3522 2601 δαίμονος
3572 2527 3645 2600 μ)

2082 2627 2463 2699 βασκαίνοντος
2513 2629 2580 2697 τῇ
2629 2625 2737 2680 τῶν
2791 2626 3074 2697 παρόντων
3112 2623 3332 2692 ἀγαθῶν
3380 2620 3642 2693 ἀφθονίᾳ,

2082 2717 2471 2787 παρορμῶντός
2505 2717 2551 2769 τ’
2581 2718 2661 2780 είς
2695 2718 2926 2780 ἀτόπους
2972 2715 3197 2785 πράξεις
3238 2716 3366 2778 τοὺς
3416 2713 3642 2785 ἀνδρας,

2075 2809 2151 2874 ὡς
2191 2809 2257 2863 ἂν
2289 2811 2528 2879 κινήσειε
2569 2811 2686 2863 κατ’
2711 2808 2888 2862 αὐτῶν
2916 2808 3008 2861 τὸν
3043 2807 3305 2878 βασιλέως
3337 2805 3535 2881 θυμόν.
3573 2803 3641 2857 Ού

2078 2902 2184 2975 μὴν
2212 2900 2517 2974 προύχώρει
2543 2902 2620 2973 τῷ
2652 2900 2849 2972 φθόνῳ,
2879 2900 3091 2969 γέλωτα
3123 2896 3405 2969 τιθεμένου
3451 2896 3531 2966 (5)
3554 2892 3642 2949 τοῦ

2077 2989 2336 3060 βασιλέως
2382 2989 2450 3042 τά
2495 2989 2872 3061 πραττόμενα,
2912 2989 3005 3042 καὶ
3045 2988 3142 3058 τὴν
3174 2988 3237 3039 ἐκ
3269 2985 3363 3038 τοῦ
3409 2983 3641 3055 πονηροῦ

405 3071 481 3126 cit
516 3071 738 3136 invidia,
770 3089 890 3126 cum
931 3072 1231 3140 imperator
1264 3088 1328 3127 ea
1354 3088 1473 3143 qua:
1498 3072 1716 3136 fiebant,
1747 3071 1968 3125 ridenda

2077 3081 2289 3151 κίνησιν
2336 3081 2573 3135 συνιέναι
2605 3080 2932 3151 φάσκοντος·
2981 3079 3053 3150 μὴ
3080 3078 3188 3147 γὰρ
3218 3076 3638 3147 σωφρονούντων

404 3176 525 3218 esse
577 3163 836 3228 duceret;
892 3174 946 3218 et
1003 3165 1222 3232 ntaligni
1279 3165 1536 3220 όεειιιοιιίε
1587 3163 1966 3234 impulsionem

403 3269 701 3324 agnoscere
742 3270 801 3310 se
827 3255 1143 3311 aflirmaret.
1173 3255 1359 3326 Neque
1394 3257 1539 3312 enim
1572 3271 1829 3311 sanorum
1866 3256 1966 3310 ιω-

403 3346 609 3401 minum
641 3345 727 3399 illa
775 3361 897 3402 esse
940 3332 1192 3402 facinora
1220 3388 1236 3411 ,
1274 3350 1370 3404 sed
1413 3349 1497 3403 vel
1540 3349 1755 3417 penitus
1777 3361 1966 3400 amen-

402 3437 538 3493 tium
562 3475 578 3503 ,
614 3436 696 3490 vel
726 3453 914 3492 eorum
946 3440 1035 3508 qui
1087 3440 1403 3509 nequisslmi
1447 3440 1704 3494 daemonia
1734 3437 1969 3493 stimulis

400 3529 776 3599 agitarentur:
809 3530 1110 3600 cujusmodi
1141 3532 1387 3586 homines
1411 3531 1759 3585 miseratione
1785 3531 1964 3598 potius

400 3636 562 3691 quam
611 3622 875 3693 supplicio
908 3623 1100 3694 dignos
1137 3638 1280 3679 esse.
1327 3624 1442 3679 Non
1477 3625 1622 3678 enim
1672 3634 1832 3678 tantae
1874 3623 1966 3693 ju-

465 3820 699 3894 (1)]ῶν
736 3839 804 3894 ,τε
842 3822 1074 3878 πιστῶν
1118 3823 1384 3891 ἑταίρων.
1438 3822 1668 3894 Fideles
1697 3824 1799 3878 hoc
1842 3824 1961 3881 loco

401 3892 532 3948 dicit
554 3892 839 3954 Eusebius,
858 3910 962 3947 non
987 3909 1082 3947 eos
1107 3897 1195 3962 qui
1222 3896 1308 3947 tidi
1339 3912 1401 3948 ac
1433 3893 1674 3948 benevoli
1705 3909 1830 3962 erga
1859 3896 1961 3948 im-

400 3974 702 4033 peratorem
733 3973 931 4022 essent,
953 3974 1009 4016 ut
1031 3965 1662 4031 putaruntinterpretes;
1693 3967 1787 4017 sed
1811 3964 1962 4018 Chri-

400 4032 627 4086 stianos.
662 4032 1044 4086 Constantinus
1071 4035 1212 4086 enim
1235 4074 1250 4096 ,
1298 4046 1480 4100 utpote
1525 4034 1961 4101 religiosissimus

401 4103 714 4170 imperator,
750 4103 793 4154 si
830 4103 1044 4169 quando
1086 4104 1460 4171 episcoporum
1486 4106 1732 4157 conciliis
1786 4105 1955 4158 inter-

398 4183 563 4233 essvt,
614 4182 822 4224 retn0to
858 4172 1000 4224 omni
1033 4173 1288 4225 Satellitio
1327 4176 1471 4226 solos
1509 4188 1574 4226 ex
1620 4172 1808 4226 aulicis
1869 4188 1960 4227 se-

401 4257 524 4294 cum
556 4239 863 4313 assumebat
896 4257 988 4295 eos
1012 4243 1148 4311 ,ειιυί
1177 4241 1499 4297 Christianae
1530 4242 1652 4297 lidei
1688 4243 1964 4313 mysteriis

400 4320 583 4365 essent
617 4310 823 4364 imbuti.

467 4381 544 4450 (2)
592 4381 770 4450 Vulg.,
809 4382 948 4434 Κατ’
1001 4381 1220 4446 αὐτοὺς
1259 4381 1758 4452 τραχυνομένους.
1809 4378 1959 4452 Haud

403 4452 564 4505 uubie
611 4454 956 4504 scribendum
1007 4462 1089 4503 est
1136 4452 1255 4505 κατ’
1293 4451 1491 4517 αὑτοῦ,

403 4522 559 4577 codd.
622 4521 790 4589 Regio
865 4530 919 4573 et
984 4520 1334 4577 Fuketiano:
1395 4538 1556 4589 quam
1628 4520 1963 4574 emendatio-

403 4606 524 4643 nem
576 4592 739 4644 etiam
795 4592 846 4643 in
900 4590 1036 4643 libro
1074 4592 1249 4644 Monet
1307 4594 1595 4659 ascriptam
1648 4591 1849 4644 inveni.
1906 4590 1960 4643 In

399 4663 671 4715 veteribus
707 4661 870 4715 etiam
905 4661 1122 4716 schedis
1160 4662 1229 4714 ita
1269 4663 1611 4717 emendatum
1646 4672 1731 4715 est
1768 4662 1962 4716 eadem

400 4744 583 4784 manu.

469 4827 724 4907 (5)1055
756 4831 853 4885 ἐπὶ
898 4829 1006 4900 τῆς
1033 4833 1260 4903 Ἄφρων
1299 4833 1509 4905 χώρας.
1542 4839 1850 4893 Donatistas
1885 4841 1969 4892 in-

402 4898 628 4968 telltgit,
661 4903 728 4953 de
780 4898 1007 4968 quorum
1065 4898 1392 4959 audaciaﬂct
1452 4898 1736 4963 insolentia
1794 4910 1965 4964 multa

400 4967 679 5022 habentur
729 4967 868 5038 apud
913 4975 1162 5042 Optatum
1215 4986 1269 5029 et
1312 4978 1693 5047 Augustinum.

709 5096 901 5183 ἔοικε,
944 5090 1247 5173 δαίμονος.
1294 5107 1348 5161 ltt
1399 5113 1611 5167 schedis
1657 5113 1838 5183 Regiis
1881 5117 1970 5174 hic

402 5164 555 5254 locus
584 5166 664 5254 ita,
683 5164 957 5235 suppletur
988 5164 1056 5254 ai
1079 5164 1370 5247 marginem
1407 5198 1420 5234 :
1452 5164 1863 5254 ’τῖνᾶς

402 5235 549 5289 ἔοικε
580 5234 849 5306 δαίμονος,
882 5244 1023 5312 quod
1057 5234 1313 5301 cet-tevest
1346 5234 1664 5321 elegantius.

465 5359 541 5430 (5)
563 5359 807 5413 Γέλωτα
830 5361 1153 5430 τιθεμένου.
1186 5362 1356 5415 Nimis
1383 5364 1524 5417 molli
1545 5365 1706 5419 verbo
1732 5379 1859 5419 usus
1880 5374 1964 5419 est

402 5430 680 5484 Eusebius.
710 5431 842 5503 Nam
875 5448 997 5501 qua:
1028 5450 1055 5485 a
1091 5433 1382 5487 Donatistis
1412 5443 1540 5489 tunc
1575 5437 1625 5488 itt
1657 5433 1839 5488 Africa
1872 5451 1965 5503 ge-

401 5503 674 5563 rebantur,
704 5501 965 5570 ejusmodi
995 5512 1183 5567 eraut,
1216 5513 1272 5555 ut
1296 5519 1399 5556 non
1423 5509 1620 5568 risum,
1651 5506 1744 5558 sed
1787 5501 1963 5558 antin-

399 5571 787 5647 advtsrsioneur
823 5577 1000 5641 potius
1040 5580 1398 5647 mererentur.
1449 5572 1582 5647 Nam
1612 5587 1666 5630 et
1690 5575 1963 5647 religionis

402 5641 660 5697 Sanctitas
694 5649 749 5697 et
774 5641 1122 5712 imperatoris
1149 5642 1319 5711 ipsius
1345 5645 1642 5702 auctoritas
1669 5646 1737 5702 ab
1765 5641 1958 5702 iisdem

2071 3168 2207 3225 εἶναι
2253 3170 2459 3242 ἀνδρῶν
2492 3170 2559 3224 τά
2589 3169 2930 3241 τολμώμενα,
2974 3170 3089 3223 ἀλλ’
3117 3169 3149 3240 ἢ
3187 3168 3365 3237 πάντη
3398 3183 3634 3236 παρακο-

2070 3262 2332 3323 πτόντων.
2362 3261 2394 3333 ἢ
2421 3261 2525 3316 ὑπὸ
2551 3261 2646 3315 τοῦ
2676 3261 2909 3332 πονηροῦ
2946 3260 3197 3330 δαίμονος
3219 3257 3631 3330 οἱστρουμένων,

2069 3350 2163 3419 οὒς
2195 3351 2458 3405 ἐλεεῖσθαι
2487 3352 2687 3422 μᾶλλον
2725 3352 2757 3422 ἢ
2788 3349 3108 3413 κολάζεσθαι
3133 3350 3349 3420 χρῆναι·
3390 3345 3629 3419 [τοσοῦτο

2069 3441 2177 3514 γὰρ
2198 3443 2255 3496 τὸ
2289 3442 2579 3513 κυλάζειν,]
2605 3442 2740 3515 πρὸς
2766 3443 2864 3511 τῆς
2892 3441 2999 3493 τῶν
3022 3439 3392 3511 ἀφραινόντων
3431 3438 3507 3511 (6)
3536 3455 3631 3510 μα·
3723 3510 3727 3515 γ

2068 3533 2208 3596 νίας,
2248 3533 2280 3603 ἢ
2312 3534 2435 3587 ὅσον
2461 3534 2523 3586 τὸ
2560 3531 2863 3604 συμπαθεῖν
2901 3533 3103 3597 αὐτοῖς,
3142 3529 3418 3603 ὑπερϐολὴ
3459 3531 3634 3600 φιλαν-

2067 3625 2331 3697 θρωπίας.

2068 3824 2486 3881 insolentissime
2532 3825 2864 3881 calcabatur.
2918 3824 3026 3881 Sed
3082 3824 3314 3879 fortasse
3364 3823 3626 3880 Eusebius

2068 3896 2170 3949 hoc
2202 3897 2318 3950 loco
2343 3911 2404 3949 ea
2435 3895 2697 3949 duntaxat
2723 3895 2996 3962 intelligit,
3018 3911 3139 3963 quae
3167 3897 3231 3946 ad
3261 3905 3626 3963 contemptum

2067 3966 2431 4034 imperatorie
2457 3965 2756 4033 majestatis
2789 3967 3147 4031 pertinebant.
3187 3965 3255 4017 Ea
3283 3965 3429 4018 enim
3474 3966 3626 4018 dissi-

2067 4037 2274 4089 mulare
2322 4040 2494 4103 potuit
2540 4036 2946 4095 Constantinus.
2978 4046 3034 4088 et
3079 4034 3186 4086 risu
3237 4035 3420 4103 potius
3467 4050 3623 4101 quam

2065 4102 2424 4159 commotione
2448 4106 2611 4158 animi
2654 4106 2810 4172 digna
2860 4105 3190 4157 existimare.
3238 4102 3513 4157 Caeterum
3563 4120 3621 4157 ea

2064 4189 2181 4240 quae
2202 4175 2461 4228 adversus
2498 4176 2661 4228 Deum
2693 4183 2746 4227 et
2771 4174 3044 4226 catholicae
3073 4173 3203 4243 legis
3228 4175 3623 4228 observantiam

2070 4243 2138 4297 ab
2168 4244 2352 4297 iisdem
2392 4244 2680 4298 DonatiSIis
2722 4256 2871 4311 gesta
2900 4255 3044 4306 sunt,
3076 4244 3423 4296 severissime
3454 4243 3623 4295 vindi-

2067 4327 2216 4379 eare,
2249 4328 2420 4383 eoque
2452 4315 2678 4367 consilio
2713 4315 2764 4365 in
2798 4314 3036 4365 Africam
3079 4312 3623 4383 traiicereConstau-

2069 4384 2211 4436 tinus
2238 4381 2575 4443 decreverat,
2607 4393 2663 4435 ιιι
2695 4385 2808 4450 ipse
2844 4383 3031 4437 scribit
3064 4382 3118 4436 iu
3153 4381 3379 4451 epistola
3414 4385 3484 4435 ad
3511 4382 3623 4436 Cel-

1558 4461 1614 4504 ut
1666 4453 1860 4520 legitur
1909 4451 1959 4504 in
1995 4454 2039 4512 υ
2066 4468 2186 4506 sum
2220 4454 2482 4506 vicariqu
2516 4453 2732 4507 Africae.

2135 4521 2210 4581 (6)
2251 4524 2403 4590 Πρὸς
2431 4521 2537 4591 τῆς
2562 4521 2679 4575 τῶν
2701 4522 3127 4590 ἀρραινόντων.
3152 4521 3289 4574 Ante
3320 4521 3438 4575 hate
3465 4520 3621 4574 verba

2066 4597 2344 4660 ponendus
2387 4602 2469 4648 est
2518 4594 2832 4646 asterisrus.
2893 4594 3090 4645 Desunt
3135 4591 3279 4644 enim
3329 4593 3619 4652 nonnulla,

2063 4678 2182 4729 qua:
2220 4664 2455 4729 suppleri
2493 4677 2652 4729 posse
2689 4663 2816 4715 tnihi
2873 4662 3123 4714 videntur
3158 4663 3258 4712 hoc
3309 4663 3512 4713 modo:
3549 4660 3619 4713 Οὐ

2061 4731 2186 4815 γάρῆ
2199 4733 2448 4815 τοσοῦτον
2474 4730 3130 4815 ,δικαιοσύνηςυύπερόολὴ
3155 4729 3220 4815 ἀν
3243 4731 3327 4815 εξη
3356 4729 3420 4815 τὸ
3457 4729 3621 4815 ἐρεθί-

2062 4781 2249 4866 ξεσθαι
2277 4805 2412 4874 πρὸς
2442 4803 2538 4873 τῆς
2563 4819 2692 4874 τ.>α.
2732 4781 2942 4874 μάνίας,
2969 4781 3242 4874 ’ὅσονίθιᾳ
3267 4781 3450 4874 Aliter!
3468 4781 3621 4874 Chri-

2062 4870 2458 4940 Stophursonus
2498 4870 2564 4924 et
2611 4870 2860 4926 Savi'lius.
2911 4873 2964 4925 In
3031 4871 3257 4940 schedis
3301 4872 3486 4940 Regiis
3541 4870 3620 4940 hic

2062 4937 2212 4995 locus
2262 4943 2335 4996 ita
2389 4945 2668 5008 suppletur
2708 4943 2772 4994 ad
2823 4942 3162 5011 marginem:
3197 4939 3303 5011 Oi);
3354 4937 3619 5011 ἐλεεῖσθαι

2112 5012 2260 5065 Ξλλον
2304 5013 2336 5083 ἢ
2387 5011 2707 5083 κολάζεσθαι
2752 5009 2975 5083 χρῆναι·
3012 5011 3182 5083 ἀὐτὸν
3226 5009 3282 5083 δέ
3331 5010 3481 5083 κατά
3523 5024 3618 5079 μη-

2143 5028 2260 5065 Λλον
2304 5028 2336 5083 η
2387 5028 2707 5078 κολαςεσυαι
2752 5028 2975 5083 χρηναι·
3024 5028 3182 5063 αυτον
3226 5028 3282 5062 οε
3331 5028 3478 5063 κατα
3523 5028 3617 5079 μη-

2059 5028 2182 5137 ἔέῗα
2221 5083 2420 5155 τρόπον
2456 5081 2776 5154 ζημιοῦσθαι
2811 5081 2945 5153 πρὸς
2974 5081 3075 5151 τῆς
3114 5080 3221 5133 τῶν
3250 5079 3617 5155 ἀφραινόντων

2062 5152 2278 5224 μανίαςζ
2329 5152 2541 5208 Vel-uni
2571 5169 2689 5221 qua:
2725 5152 2864 5224 mox
2899 5163 3196 5224 sequittutttt'
3233 5154 3434 5224 verba,
3486 5152 3615 5224 hanc

2059 5219 2422 5291 conjecturam
2461 5219 2737 5286 respuunt.
2770 5222 2823 5274 lu
2852 5222 3040 5274 codice
3075 5219 3206 5275 Fnk.
3242 5220 3327 5291 hic
3364 5220 3515 5291 locus
3549 5219 3615 5272 ita

2058 5288 2357 5346 scribitur:
2396 5291 2731 5362 Κολάςεσθαι
2757 5290 3013 5362 Δχρῆναιζ
3057 5290 3177 5362 ὅσον
3224 5288 3334 5359 γάρ
3383 5288 3455 5362 τό
3490 5305 3607 5362 συμς

2058 5364 2247 5435 παθεῖν
2291 5364 2471 5426 αὐτοῖς
2499 5357 3257 5435 ξύπερὸολῆίφιλανθρωπίας,
3295 5357 3522 5435 τοσοῦτο

2056 5432 2323 5498 κολάζειν,
2356 5433 2569 5503 ἀνδρῶνῄ
2597 5428 2962 5503 ἄφραινόντων
2993 5428 3171 5503 ἀνοίας
3197 5429 3261 5483 ἂν
3280 5430 3374 5503 »εἴη
3392 5470 3406 5494 ,
3439 5430 3531 5503 καὶ
3556 5428 3613 5481 οὐ

2058 5503 2394 5573 φρονούντων
2437 5500 2761 5575 ὁρθῷςζδιιι
2804 5501 2965 5575 etiam
3004 5502 3072 5575 ‘iu
3119 5501 3241 5554 libr.
3279 5500 3518 5575 :l‘urut'bi
3561 5507 3611 5551 et

2060 5568 2247 5644 Savilii
2282 5568 2494 5644 legitur}
2528 5571 2721 5644 Verum
2751 5573 2864 5644 haec
2894 5568 3053 5625 lectio
3083 5584 3148 5626 ex
3175 5570 3490 5640 conjectura
3517 5583 3609 5621 an-

2060 5643 2274 5713 tiquarii
2305 5642 2551 5701 manasse
2584 5643 2716 5699 mihi
2753 5642 2988 5698 videtur.
