3858 6260
183 319 277 373 961

1268 313 1356 368 DE
1395 311 1558 366 VITA
1596 307 2056 366 CONSTANTINI
2093 309 2220 364 LIB.
2261 310 2303 364 l.

3294 313 3403 368 962

183 437 334 492 stitite
361 444 479 496 est,
516 433 796 502 insurgere
853 431 921 485 ad
973 428 1304 501 puniendum
1343 428 1578 480 iurarent
1612 425 1887 480 hominum
1949 427 2280 491 amentium,
2309 434 2568 495 quantum
2618 423 2931 480 eorumdem
2970 423 3140 479 vicem
3172 423 3403 492 'doierc,

179 543 432 588 extremm
463 529 814 584 humanitatis
842 539 944 581 est.

667 620 1058 674 ΚΕΦΑΛΑΙΟΝ
1095 619 1246 685 Μετ’.

593 716 763 769 [Vincat
808 713 956 766 κατὰ
981 709 1320 778 βαρϐάρων.

244 802 368 859 Ὧδε
405 806 501 876 μὲν
530 802 617 858 τὸν
637 804 742 856 τῶν
764 802 1016 856 ἁπάντων
1049 800 1243 869 ἔφορον
1279 796 1412 848 Θεὸν
1445 793 1534 847 διὰ
1558 793 1739 862 πάσης

184 898 424 972 βασιλεὺς
454 894 766 966 θεραπεύων
805 894 1086 965 πράξεως,
1127 891 1354 960 ἄτρυτον
1381 887 1458 958 (7)
1504 887 1739 939 ἐποιεῖτο

179 992 269 1062 τὴν
309 990 414 1042 τῶν
459 986 761 1057 ἐκκλησιῶν
795 985 958 1038 αὑτοῦ
997 983 1280 1059 πρόνοιαν.
1333 979 1465 1041 Θεὸς
1507 977 1553 1030 δ’
1577 975 1736 1028 αὑτὸν

182 1077 544 1149 ἀμειϐόμενος,
576 1075 752 1128 πάντα
785 1074 915 1142 γένη
952 1072 1237 1144 βαρϐάρων
1269 1071 1378 1130 τοῖς
1418 1064 1578 1120 αὐτοῦ
1606 1063 1737 1117 καθ-

153 1171 429 1234 ,υπέταττε
473 1170 663 1232 ποσὶν,
703 1167 776 1230 ὡς
823 1167 917 1218 καὶ
962 1167 1136 1235 πάντη
1182 1159 1455 1230 πανταχοῦ
1501 1158 1736 1230 τρόπαια

179 1262 286 1316 κατ’
314 1259 522 1330 ἐχθρῶν
570 1258 828 1329 ἐγείρειν·
863 1257 1089 1326 νικητήν
1142 1256 1186 1306 τ’
1221 1251 1380 1307 αὑτὸν
1427 1248 1578 1319 παρά
1622 1249 1734 1309 τοῖς

178 1353 328 1404 πᾶσιν
365 1349 754 1418 ἀνεκήρυττεν,
795 1344 1052 1414 ὲπίφοϐόν
1093 1361 1152 1395 τε
1187 1342 1399 1413 ἐχθροῖς
1443 1341 1536 1392 καὶ
1578 1335 1762 1388 πολε--

180 1448 309 1516 μίοις
333 1442 584 1509 καθίστη,
608 1441 707 1492 οὐκ
741 1438 868 1490 ὄντα
911 1436 1007 1505 τὴν
1041 1434 1199 1503 φύσιν
1227 1431 1487 1491 τοιοῦτον,
1515 1426 1734 1498 ἡμερώ-

174 1555 316 1590 τατον
342 1536 397 1587 δὲ
426 1536 522 1588 καὶ
556 1533 857 1603 πραότατον
892 1529 986 1582 καὶ·
1013 1525 1538 1598 φιλανθρωπότατον,
1573 1521 1623 1573 εί
1648 1536 1730 1582 τις

175 1626 377 1680 πώποτε
403 1626 498 1677 καὶ
523 1623 698 1685 ἄλλος.

677 1783 1068 1840 ΚΕΦΑΛΛῘΟΝ
1105 1783 1235 1835 MZ'.

174 1881 489 1949 Μαξιμίγου
509 1879 878 1949 θελήσαντος
898 1870 1320 1949 ἐπιϐουλεῦσαι
1342 1868 1612 1946 θάνατος,
1630 1864 1731 1918 καὶ

237 1943 433 2004 (illam
487 1943 712 2015 οὖς’ὲξ
771 1945 1204 2013 ἀποκαλύψεως
1263 1943 1713 2001 Κωνσταντῐνος

230 2018 416 2087 εὗρεν.

243 2115 324 2166 Ἐν
367 2111 582 2174 τούτοις
614 2109 657 2162 δ’
687 2109 800 2161 ὄντι
829 2105 997 2178 αὐτῷ,
1035 2103 1280 2175 μηχανὴν
1327 2098 1557 2153 θανάτου
1599 2100 1726 2166 συρ-

176 2207 373 2278 ρἀτων
407 2203 573 2264 ἁλοὺς
607 2200 714 2253 τῶν
749 2198 845 2270 τὴν
883 2197 1056 2268 ἀρχὴν
1091 2192 1440 2263 ἀποθεμένων
1479 2193 1506 2243 ὁ
1547 2188 1726 2241 δεύτε-

173 2314 254 2368 ρος
285 2297 376 2364 (8),
418 2295 690 2364 αἰσχίστῳ
735 2289 1100 2360 καταστρέφει
1130 2286 1362 2355 θανάτῳ.
1403 2282 1627 2354 Πρώτου
1669 2281 1724 2334 δὲ

170 2388 339 2440 τούτου
494 2386 596 2448 τὰς
629 2385 720 2436 ἐπὶ
751 2385 880 2452 τιμῇ
926 2378 1162 2450 γραφὰς,
1196 2376 1515 2448 ἀνδριάντας
1542 2391 1602 2425 τε
1633 2373 1726 2425 καὶ

168 2479 254 2530 ὅσα
280 2477 404 2531 ἄλλα
427 2475 659 2528 τοιαῦτα
686 2474 771 2526 ἐπ’
800 2471 1050 2525 ἀναθέσει
1083 2469 1245 2539 τιμῆς
1272 2467 1572 2535 νενόμιστο.
1599 2480 1726 2516 παν-

168 2570 314 2640 ταχοῦ
349 2570 470 2639 γῆς,
508 2568 601 2621 τοῦ
637 2565 848 2621 ἀνοσίου
883 2583 941 2618 τε
982 2564 1077 2617 καὶ
1108 2559 1398 2622 δυσσεϐοῦς
1428 2557 1720 2628 καθῄρουν.

174 2659 291 2715 Εἶτα
309 2663 361 2714 δὲ
384 2662 474 2714 καὶ
510 2659 651 2730 μετά
681 2659 867 2712 τοῦτον
889 2657 996 2710 τῶν
1022 2655 1156 2726 πρὸς
1182 2653 1372 2721 γένους
1396 2651 1570 2722 ἕτεροι
1599 2667 1725 2721 κρυ-

175 2755 308 2823 φίους
338 2753 482 2822 αὐτῷ
510 2752 917 2822 συρράπτοντες
957 2745 1247 2808 ἐπιϐουλάς
1279 2744 1580 2814 ἡλίσκοντο,
1630 2758 1726 2794 πα·

177 2847 383 2916 ραδόξως
429 2846 524 2898 τοῦ
565 2843 700 2896 Θεοῦ
737 2843 836 2905 τὰς
883 2840 1087 2893 τούτων
1132 2839 1385 2892 ἁπάντων
1419 2835 1611 2906 βουλὰς
1645 2834 1724 2904 τῷ

173 2938 316 2990 αὐτοῦ
343 2937 635 3007 θεράποντι
665 2933 753 2988 διά
776 2933 1096 3004 ᾳρασμάτων
1137 2927 1584 2990 ὲκκαλύπτοντος.
1615 2926 1724 2979 Καὶ

171 3033 264 3102 γὰρ
285 3030 343 3102 δὴ
379 3032 468 3083 καὶ
499 3023 820 3097 θεοφανείας
854 3027 1014 3078 αὐτὸν
1062 3023 1318 3085 πολλάκις
1348 3021 1520 3090 ἠξίου,
1559 3035 1724 3090 παρα-

199 3121 404 3184 οξότατα
427 3121 580 3183 θείας
609 3121 784 3188 ὅψεως
815 3115 1242 3186 ὲπιφαινομένης
1273 3112 1439 3181 αὐτῷ,
1467 3110 1724 3173 παντοίας

171 3228 222 3263 τε
243 3211 580 3282 παρεχούσης
614 3209 953 3280 πραγμάτων
989 3204 1206 3258 ἔσεσθαι
1259 3203 1557 3274 μελλόντων
1592 3219 1724 3270 προ-

171 3302 394 3370 γνώσεις.
426 3305 506 3356 Τά
540 3301 638 3373 μὲν
669 3297 760 3353 οὖν
794 3301 858 3353 ὲκ
887 3299 1021 3351 Θεοῦ
1052 3297 1272 3366 χάριτος
1303 3295 1571 3365 ἀδιήγητα
1601 3292 1726 3346 0mi-

175 3411 299 3465 ματα
340 3396 445 3448 οὐδ’
479 3395 596 3448 ἔστι
646 3393 788 3461 λόγῳ
825 3390 1136 3461 περιλαϐεῖν
1176 3387 1427 3450 δυνατὸν,
1482 3386 1582 3438 ὅσα
1616 3402 1720 3456 περ

172 3486 284 3549 Θεὸς
328 3487 484 3549 αὐτὸς
517 3483 598 3554 τῷ
631 3482 795 3537 αὐτοῦ
825 3481 1114 3552 θεράποντι
1137 3478 1393 3548 παρέχειν
1422 3476 1573 3545 ἠξίου
1597 3492 1610 3504 ·
1640 3471 1720 3537 οἷς

171 3578 224 3647 δὴ
253 3578 650 3650 πεφραγμένος,
682 3577 738 3626 ὲν
772 3572 1002 3642 ἀσφαλεῖ
1033 3571 1215 3624 λοιπὸν
1254 3569 1351 3637 τὴν
1400 3567 1540 3637 ζωὴν
1567 3566 1719 3635 διῆγε

171 3671 352 3741 χαίρων
377 3672 468 3741 μὲν
491 3670 588 3721 ἐπὶ
613 3671 678 3738 τῇ
708 3666 814 3720 τῶν
845 3663 1158 3737 ἀρχομένων
1184 3661 1384 3732 εὐνοίᾳ,
1421 3659 1625 3729 χαίρων
1663 3657 1719 3710 δὲ

173 3765 253 3816 καὶ
271 3765 347 3832 ἐφ’
364 3759 441 3827 οἷς
471 3764 601 3825 τοὺς
631 3760 720 3812 ὑπ’
747 3757 906 3811 αὑτὸν
930 3757 1141 3817 πάντας
1168 3751 1398 3822 εὔθυμον
1423 3746 1723 3801 διατελοῦν-

234 3945 300 4013 (7)
338 3943 487 4013 Vulg.
520 3944 830 4013 Ἀτρωτογ.
867 3936 980 4013 Etsi
1011 3936 1126 3988 haec
1157 3946 1260 4013 vox
1293 3932 1572 4010 commode
1620 3945 1716 4013 cit-

175 4001 342 4081 plicari
378 4001 555 4083 poicst
585 4001 650 4065 de
692 4007 1070 4083 Constantino,
1100 4003 1252 4069 cujus
1288 4004 1526 4083 animum
1557 4001 1713 4080 exul-

174 4069 337 4138 cerare
367 4069 527 4152 atque
578 4082 908 4152 exacerbare
952 4090 1222 4152 numquam
1268 4070 1442 4152 potuit
1492 4069 1711 4123 Donati-

177 4164 356 4205 Slartlllt
385 4143 796 4217 et'reliqnornm
828 4143 1503 4217 ejusmodihaereticorum
1534 4155 1715 4192 aliien-

177 4223 260 4283 tia.
281 4226 478 4278 mallem
509 4211 688 4275 tamen
719 4221 818 4272 hoc
851 4211 966 4270 loco
994 4215 1229 4266 scribere
1250 4211 1510 4283 étpurovt;
1542 4224 1715 4276 neque

176 4278 320 4357 enim,
345 4309 458 4347 tneo
479 4289 695 4360 quidem
725 4288 948 4360 judicio,
974 4294 1121 4338 recte
1144 4283 1256 4360 dici
1284 4278 1714 4360 νοιθδιάτρωτον

175 4349 381 4417 ὲποιείτο
405 4349 511 4433 τὴν’
537 4349 811 4433 πρόνοιαν.
840 4357 1040 4433 Contra
1074 4368 1199 4406 vero
1227 4349 1468 4421 άτρυτονξ
1497 4351 1713 4428 elegan-

177 4435 358 4487 tissime
388 4425 618 4494 dicetur,
653 4432 704 4482 id
741 4440 844 4490 est,
877 4425 1190 4491 indefessum
1236 4435 1426 4494 curant
1452 4425 1716 4494 uc__provi-

177 4505 380 4555 dentiam
428 4488 656 4569 gerebat.
693 4500 781 4552 Sic
827 4488 878 4549 in
930 4488 1064 4569 libro
1103 4509 1176 4552 II,
1217 4506 1334 4569 cap.
1371 4490 1466 4555 14,
1509 4488 1713 4542 ἄϋπνον

176 4572 383 4626 ἐποιεῖτο
408 4560 503 4642 τὴν
537 4571 676 4642 ὑπὲρ
694 4569 812 4642 τῶν
840 4565 1030 4642 κοινῶν
1053 4560 1333 4642 φροντίδα.

235 4643 301 4718 (8)
342 4629 473 4718 Τῶν’
510 4629 870 4718 τὴίάρχὴν

179 4701 536 4764 Maximianntn
571 4701 916 4778 ‘Ilerctiltnnt
957 4705 1226 4778 intelligit.
1285 4701 1380 4753 llic
1433 4701 1588 4778 eli-illi.
1617 4713 1717 4778 se-

179 4783 386 4835 cundum
417 4783 626 4846 imperii
663 4782 835 4833 locum
869 4777 1200 4846 obtinuerat,
1231 4784 1459 4846 cumque
1493 4769 1714 4846 insidias

181 4851 411 4905 adversus
474 4840 890 4906 Constantinum
957 4844 1276 4904 struxisset,
1341 4840 1714 4906 deprehensus

182 4920 344 4977 fractis
395 4923 582 4990 laqueo
635 4919 880 4973 faucibus
932 4914 1156 4990 interiit.
1203 4912 1305 4964 Sed
1355 4920 1406 4990 et
1456 4924 1574 4990 qum
1623 4922 1709 4990 se-

181 5003 394 5056 quuntur
440 4978 505 5044 de
559 4990 887 5056 imaginibus
957 4984 1071 5050 ejus
1121 4993 1174 5035 et
1224 4980 1420 5056 stat_u_is
1453 4978 1714 5056 _dejectis-

179 5048 321 5128 atque
367 5062 610 5121 abolitis,
661 5048 944 5128 perspicue
987 5048 1257 5128 testantur
1326 5048 1709 5128 ll'laxiiiiiattunt

184 5117 461 5184 Herculium
503 5117 869 5197 hic-ititelli'gi.
902 5125 1074 5197 Quod_
1096 5124 1138 5175 si
1177 5136 1358 5197 verum
1390 5117 1714 5197 esthfmdis:

181 5198 355 5260 sitnum
387 5215 624 5254 errorem
672 5200 760 5252 hic
790 5186 1008 5249 admisit
1037 5191 1318 5260 Eusebius,
1345 5190 1434 5256 qui
1472 5186 1712 5260 Herculii

180 5258 383 5323 mortem
439 5271 600 5324 refert
651 5279 771 5338 post
812 5266 1108 5338 victoriam.
1134 5258 1540 5338 denMaxentio,
1586 5271 1711 5309 cum

181 5344 336 5393 tamen
381 5352 584 5395 certum
634 5329 705 5392 sit
758 5335 1138 5390 Maximiannm
1197 5329 1510 5383 Herculium
1562 5339 1703 5377 inor-

181 5414 311 5459 tuum
338 5425 456 5464 esse
487 5411 702 5462 biennio
727 5418 852 5460 ante
884 5405 1088 5459 cladem
1120 5401 1395 5463 Maxentii,
1429 5412 1571 5450 anno
1607 5395 1710 5450 510

179 5472 363 5531 Natalis
393 5481 673 5532 Dominici.
701 5478 831 5545 Quis
856 5492 984 5529 vero
1017 5472 1204 5524 credat
1233 5479 1436 5545 tantum
1471 5481 1708 5545 errorem

179 5545 237 5596 ab
265 5547 484 5602 Eusebio
525 5537 746 5601 horumw
768 5559 1071 5612 temporum
1100 5540 1328 5612 rmqnali
1360 5537 1568 5589 admitti
1599 5551 1711 5612 _po-

182 5617 361 5687 tuisse?
401 5620 552 5671 Adde
603 5620 743 5687 quod
797 5606 985 5671 titulus
1021 5606 1406 5687 hujns;c-‘Pi}l5
1444 5606 1709 5687 ¹¹⁰¹¹,,Μὲῗ“

180 5683 400 5751 xitniani,
426 5689 516 5741 sed
548 5676 816 5741 Maximini
847 5700 1038 5738 nomen
1069 5676 1312 5748 praefert.
1336 5678 1518 5744 Itaque
1555 5676 1709 5727 facile

180 5755 395 5811 adducor
446 5767 502 5810 ut
547 5760 762 5812 credam
811 5759 951 5810 hntw
983 5755 1160 5807 locum
1194 5759 1505 5816 corruptum
1561 5761 1700 5805 esse.

1765 618 1813 676 Δ

1757 1968 1875 2060 By

2400 606 2626 662 CAPUT
2659 605 2842 662 XLVI.

2201 697 2442 751 Victorim
2473 699 2536 751 de
2577 697 2818 750 barbaris
2846 696 3048 750 relatw.

1909 791 1974 844 Et
2010 792 2305 859 imperator
2335 790 2554 858 quidem
2596 789 2659 842 ad
2692 790 2831 842 hunc
2864 791 3079 842 modum
3124 790 3176 842 in
3226 789 3404 844 omni-

1836 880 1936 934 bus
1976 881 2092 935 snis
2141 881 2352 934 actibus
2398 879 2504 932 Deo
2555 879 2797 931 omnium
2860 879 3149 948 inspectori
3196 879 3401 932 cultum

1836 973 2140 1036 exhibens.
2195 970 2452 1025 Ecclesiis
2495 969 2613 1038 ejus
2667 969 2992 1023 inconcussa
3041 969 3404 1024 sollicitudine

1835 1065 2168 1134 providebat.
2210 1064 2349 1116 Deus
2377 1078 2504 1117 vero
2529 1063 2576 1116 ei
2613 1064 2784 1116 vicem
2817 1064 3142 1130 rependens,
3175 1073 3403 1118 cunctas

1835 1159 1946 1212 fere
1976 1159 2235 1211 barbaras
2265 1167 2454 1226 gentes
2503 1157 2732 1224 pedibus
2779 1155 2923 1208 illius
2953 1154 3218 1224 subjecit;
3269 1157 3404 1210 adeo

1835 1257 1892 1301 ut
1926 1257 2123 1312 tropaea
2163 1249 2360 1316 ubique
2413 1247 2479 1301 de
2534 1245 2786 1300 hostibus
2833 1246 3086 1314 erigeret.
3124 1245 3278 1299 lllum
3322 1245 3404 1298 vi-

1834 1350 2036 1394 ctorem
2068 1341 2204 1408 apud
2237 1354 2428 1393 omnes
2473 1337 2730 1391 mortales
2782 1337 2979 1391 illustri
3013 1338 3282 1407 praaconio
3313 1351 3393 1390 re-

1834 1432 2138 1497 nuntiavit;
2187 1431 2336 1484 illum
2363 1429 2756 1483 formidabilem
2802 1429 3040 1482 inimicis
3075 1439 3128 1482 et
3157 1429 3400 1482 hostibus

1833 1524 2087 1590 reddidit,
2114 1523 2364 1592 quamvis
2397 1531 2592 1588 suapte
2627 1530 2822 1574 natura
2855 1520 3077 1574 minime
3110 1520 3233 1574 talis
3259 1560 3273 1584 ,
3303 1519 3398 1574 sed

1833 1612 2012 1682 potius
2052 1610 2545 1672 mansuetissimus,
2579 1609 2894 1664 lenissimus
2919 1619 3084 1679 atque
3113 1610 3398 1664 humanis-

1832 1703 2000 1756 simus
2020 1710 2166 1756 esset
2191 1701 2430 1755 omnium
2465 1702 2796 1755 mortalium.

2381 1789 2605 1844 CAPUT
2643 1788 2849 1843 XLVII.

1883 1879 2029 1936 Mors
2064 1881 2378 1934 Maximiani
2406 1891 2451 1934 et
2489 1880 2714 1932 aliorum
2741 1895 2961 1949 quorum
2985 1880 3207 1932 insidias
3239 1877 3350 1934 Deo

2043 1954 2297 2005 revelante
2340 1949 2716 2004 Constantinus
2752 1947 3197 2019 deprehenderat.

1895 2109 2020 2163 Haec
2059 2108 2188 2162 dum
2234 2109 2302 2162 ab
2352 2122 2418 2162 eo
2466 2117 2745 2176 geruntur,
2782 2105 2918 2160 alter
2959 2120 3151 2161 eorum
3188 2105 3280 2175 qni
3327 2120 3387 2161 se

1827 2195 2049 2264 imperio
2086 2197 2494 2262 abdicaverant,
2523 2211 2642 2250 cum
2681 2197 2904 2249 insidias
2941 2197 2992 2249 in
3042 2198 3159 2266 ejus
3207 2211 3394 2251 necem

1825 2297 2194 2356 compararet,
2226 2288 2599 2357 deprehensus
2633 2287 2947 2356 turpissimo
2978 2289 3167 2341 mortis
3197 2303 3397 2358 genere

1826 2378 2051 2432 interiit.
2096 2379 2429 2447 Primusque
2475 2379 2560 2432 hic
2599 2389 2684 2432 est
2725 2377 2882 2447 cujus
2917 2388 3106 2446 utpote
3151 2379 3298 2446 impii
3334 2394 3398 2432 ac

1825 2469 2073 2524 scelerati
2111 2471 2348 2524 hominis
2376 2471 2647 2541 imagines
2672 2485 2862 2525 omnes
2895 2470 3057 2542 432
3086 2479 3139 2523 et
3169 2479 3387 2534 statuae,

1826 2571 2128 2631 caeteraqne
2158 2563 2206 2616 id
2243 2579 2409 2633 genus
2443 2573 2789 2618 monumenta
2821 2579 2941 2633 quae
2977 2565 3200 2618 honoris
3229 2579 3393 2619 causa

1825 2651 1956 2718 erigi
2006 2651 2215 2714 solent,
2260 2651 2461 2719 ubique
2500 2665 2764 2704 terrarum
2806 2653 3016 2722 dejecta
3065 2663 3210 2710 sunt.
3267 2654 3398 2708 Post

1825 2741 1968 2795 hunc
2000 2743 2090 2796 alii
2121 2757 2335 2811 quoque
2367 2743 2770 2811 pmpinquitate
2824 2743 3036 2811 generis
3077 2743 3346 2810 conjuncti
3377 2784 3393 2807 ,

1824 2849 1946 2888 cum
1973 2834 2190 2886 occulte
2211 2834 2259 2886 ei
2291 2835 2702 2898 insidiarentur,
2730 2833 3054 2902 deprehensi
3084 2845 3246 2899 sunt;
3286 2835 3396 2889 Deo

1825 2924 2032 2977 scilicet
2090 2933 2284 2976 cuncta
2348 2923 2559 2976 illormn
2611 2923 2834 2977 consilia
2884 2923 3114 2978 mirabili
3160 2924 3391 2992 quodam

1825 3017 1985 3069 modo
2037 3030 2132 3082 per
2178 3015 2414 3068 visiones
2463 3014 2665 3067 famulo
2691 3030 2791 3069 suo
2833 3015 3130 3084 dctegente.
3171 3012 3300 3068 Nam
3341 3026 3396 3068 et

1824 3107 2167 3174 praesentiam
2198 3121 2350 3160 suam
2383 3105 2430 3159 ei
2467 3106 2664 3174 saepius
2697 3105 2956 3160 exhibere
2986 3107 3238 3175 dignatus
3267 3115 3393 3171 est;

1824 3199 2004 3252 divina
2049 3199 2254 3253 scilicet
2304 3199 2484 3266 specie
2531 3214 2629 3267 per
2675 3214 2942 3253 summum
2976 3200 3296 3254 miraculum
3343 3201 3394 3257 ei

1748 3321 1794 3381 ϐ
1827 3301 2145 3358 apparente,
2179 3306 2244 3344 ac
2289 3290 2592 3344 futurarum
2636 3306 2816 3345 rerum
2861 3291 3259 3359 pratscientiatn
3292 3295 3393 3362 ipsi

1827 3391 2168 3452 suggerente.
2223 3381 2287 3434 Et
2339 3381 2741 3450 ineXplicabilia
2791 3382 3012 3450 quidem
3065 3383 3154 3437 illa
3201 3384 3394 3438 divina:

1825 3475 2019 3545 gratiae
2059 3473 2313 3527 miracula
2342 3512 2358 3537 ,
2404 3487 2522 3540 quae
2559 3473 2699 3527 Deus
2735 3474 2849 3543 ipse
2881 3474 3081 3528 tantulo
3108 3489 3207 3529 suo
3256 3491 3394 3545 prte-

1827 3576 1971 3619 stare
2001 3564 2249 3634 dignatus
2278 3573 2384 3626 est,
2407 3579 2473 3617 ne
2504 3564 2884 3632 comprehendi
2917 3564 3132 3633 quidem
3165 3565 3392 3619 dicendo

1826 3656 1983 3712 facile
2017 3666 2262 3725 possunt.
2296 3655 2504 3722 Quibus
2537 3655 2625 3708 ille
2654 3656 2891 3708 munitus
2915 3693 2931 3719 ,
2960 3657 3226 3724 reliquum
3257 3666 3392 3711 tem-

1827 3759 1926 3813 pus
1955 3745 2131 3797 aatatis
2161 3743 2428 3796 tutissime
2470 3741 2748 3806 traduxit;
2793 3750 2903 3793 tum
2952 3755 3017 3793 ex
3049 3741 3387 3796 subditorum

1824 3931 1986 3992 atque
2041 3923 2112 3975 ita
2159 3921 2448 3992 emendari
2507 3919 2702 3992 debere
2746 3917 2926 3992 :‘Ti'ov
2982 3918 3062 3992 εἰς
3094 3915 3389 3992 Δβασιλείαν

1820 3984 2304 4068 προχειρισθέντων
2336 3984 2584 4068 ὑπὸ-τῶν
2619 3987 2937 4068 ,τὴνάρχὴν
2979 3985 3330 4068 ἀποθεμένων
3364 3991 3389 4042 5

1818 4059 2097 4133 δεύτερος,
2147 4077 2201 4114 ιιι
2238 4061 2568 4133 Maximinus
2617 4059 2701 4112 hic
2739 4059 3088 4133 intelligatur,
3140 4059 3230 4124 qui
3276 4074 3385 4133 _u_na

1820 4149 1940 4187 cum
1981 4126 2186 4185 Severo
2223 4131 2404 4185 Caesar
2447 4129 2622 4184 factus
2649 4137 2733 4181 est
2761 4145 2786 4180 a
2824 4126 3156 4181 Diocletiano
3187 4137 3242 4179 et
3273 4128 3388 4181 Ma-

1820 4205 2091 4263 ximiano,
2147 4211 2273 4255 tunc
2329 4216 2450 4268 cum
2517 4212 2807 4268 purpuram
2876 4198 3274 4266 deposuerunt,
3327 4207 3384 4251 ut

1819 4272 2005 4326 scribit
2053 4272 2250 4325 ldatius
2301 4271 2354 4324 in
2404 4267 2604 4322 Fastis.
2652 4267 2717 4321 Et
2767 4269 2847 4320 sic
2897 4280 3196 4335 temporum
3249 4269 3385 4325 ordo

1821 4344 1958 4410 apud
1996 4342 2284 4395 Eusebium
2340 4350 2494 4410 recte,
2537 4339 2810 4410 procedet.
2861 4335 3187 4410 Maximinus
3236 4337 3383 4410 enim

1820 4407 1942 4479 post
1997 4412 2277 4465 victoriam
2331 4409 2397 4462 de
2451 4409 2726 4462 Maxentio
2779 4407 3126 4479 interi_it,_et
3165 4407 3381 4479 quidem

1821 4475 2008 4535 inortis
2060 4497 2258 4550 genere
2309 4480 2639 4547 turpissimo,
2685 4487 2743 4531 ut
2786 4477 2980 4532 scribit
3022 4475 3286 4530 Eusebius
3329 4477 3382 4530 in

1818 4551 1959 4604 libro
1986 4566 2103 4604 vnn.
2141 4566 2256 4604 can.
2288 4550 2341 4604 9.

1839 4551 1959 4604 ihro
1986 4566 2103 4610 vui,
2141 4566 2256 4610 cap.
2288 4551 2341 4604 9.

1888 4567 1959 4604 .ro
1986 4566 2103 4610 vni,
2141 4566 2256 4618 cap.
2288 4566 2341 4604 υ.

1888 4621 1964 4685 (9)
2010 4621 2183 4689 Vulg.,
2232 4619 2350 4687 Πρὸ
2405 4616 2488 4689 δὲ-
2533 4618 2766 4671 τούτου.
2824 4614 2969 4689 Lego
3051 4611 3264 4686 πρώτου
3290 4612 3380 4689 ﬁt

1814 4683 2026 4752 τούτου,
2055 4683 2134 4742 εί
2158 4683 2293 4742 libro
2321 4705 2411 4741 vtn
2443 4687 2699 4741 Historia:
2727 4683 3110 4752 ecclesiasticae,
3137 4699 3256 4751 cap.
3286 4683 3378 4747 25,

1817 4763 1908 4815 ubi
1937 4745 2078 4814 totus
2103 4760 2190 4813 hic
2215 4763 2363 4813 locus
2393 4759 2578 4813 iisdem
2613 4758 2724 4810 fere
2748 4756 2930 4809 verbis
2960 4745 3176 4820 legitur.
3207 4745 3379 4806 Porro

1815 4833 1955 4898 quod
2014 4831 2091 4883 ait
2164 4829 2427 4884 Eusebius
2492 4827 2817 4898 Maximiano
2893 4825 3142 4898 llercnlio
3206 4823 3378 4898 primo

1818 4895 2057 4955 on'mium
2103 4901 2412 4969 contigisse,
2445 4898 2728 4969 utrstatu‘tc
2769 4895 2888 4969 ejus
2919 4906 3080 4969 atque
3114 4895 3377 4969 imagines

1817 4971 2016 5038 ubique
2062 4964 2302 5022 locorum
2338 4965 2888 5038 disturbarentur,__id
2927 4964 3127 5038 nemini
3181 4965 3376 5015 mirum

1815 5034 1986 5094 vide—ri
2030 5039 2208 5094 debet.
2242 5038 2351 5092 Hoc
2387 5039 2530 5093 enim
2564 5037 2644 5090 sic
2678 5034 2976 5103 intelligere
3007 5034 3284 5103 debemus,
3320 5040 3378 5085 ut

1815 5127 1937 5165 cum
1984 5111 2116 5164 dicit
2159 5110 2387 5177 prinnnn
2419 5106 2658 5177 omnium
2691 5101 3080 5177 _C0nstanti_ttnt
3120 5101 3374 5156 Chiorum

1815 5181 1955 5234 inter
1989 5174 2410 5232 divos—relatum
2457 5176 2643 5229 fuisse.
2690 5175 2928 5228 Primum
2973 5174 3105 5225 dicit
3141 5188 3208 5224 ex
3256 5187 3377 5223 οιιι-

1815 5252 1974 5303 nibus
2011 5264 2146 5314 quos
2181 5250 2395 5316 quidem
2432 5241 3108 5316 videratimperatoribus.
3146 5240 3298 5306 Quod
3315 5241 3379 5316 ,εἰ

1814 5325 1935 5388 quis
1968 5310 2081 5372 haec
2110 5319 2178 5370 de
2199 5310 2516 5388 Maximino
2537 5314 2837 5388 intelligere
2883 5314 3052 5374 malit,
3091 5310 3381 5388 sententia!

1815 5378 1926 5443 sua:
1975 5389 2377 5454 astipulatorcm
2437 5385 2597 5439 habet
2646 5378 2969 5445 Eusebium,
3016 5382 3102 5449 qui
3161 5381 3213 5433 in
3270 5378 3377 5432 line

1813 5461 1933 5514 libri
2012 5474 2068 5511 ιχ
2147 5459 2344 5510 diserte
2405 5467 2631 5510 testatur
2698 5465 2904 5508 statuas
2962 5467 3150 5504 omnes
3213 5457 3383 5513 atth

1755 5551 1764 5562 -
1815 5532 2076 5599 imagines
2131 5526 2405 5581 Maximini
2463 5534 2586 5594 post
2644 5525 2760 5594 ejus
2815 5527 3019 5580 obitum
3055 5517 3386 5592 vconfractas

1811 5600 1996 5656 fuisse.
