3858 6260
348 248 355 255 ι
447 294 555 353 asa

1149 282 1420 349 EUSEBII
1457 288 1937 349 CIESARIENSIS
1972 284 2122 347 OPP.
2162 284 2344 348 PARS
2381 290 2425 347 I.
2462 321 2532 332 —
2568 284 2959 350 IIISTORICA.
3227 274 3262 371 ’λ
3586 296 3675 354 θοι

448 417 823 477 benemlentia
876 414 1168 470 maximam
1216 415 1439 485 capiens
1487 415 1859 484 voluptatem;
1905 422 2016 467 tum

2131 430 2216 475 τας
2256 412 2368 484 βίον
2411 411 2588 485 ἐώρα·
2635 410 3080 485 ὑπερϐαλλόντως
3112 413 3171 467 δέ
3214 415 3678 488 ἐνευφραινόμενος

449 526 520 567 ex
550 526 618 566 eo
645 508 787 579 quod
813 515 1037 563 cunctos
1064 506 1290 575 imperio
1316 521 1415 562 suo
1430 504 1703 574 subjectos
1730 505 1782 560 in
1807 520 2017 561 summa

456 605 840 677 tranquillitate
883 617 946 658 ac
998 601 1185 658 laetitia
1253 603 1453 673 degere
1505 602 1723 658 videbat

452 699 652 775 gaudio
680 697 937 769 gestiens.

985 788 1212 845 CAPUT
1245 785 1475 844 XLVIII.

879 880 1220 937 Constantini
1248 882 1580 937 decennalia.

520 975 658 1030 Dum
698 976 754 1030 in
794 975 897 1030 hoc
947 984 1091 1030 statu
1119 983 1304 1039 esset,
1354 975 1597 1029 decimus
1643 972 1854 1043 imperii
1899 972 2021 1042 ejus

450 1082 627 1124 annus
660 1066 909 1125 evolutus
940 1075 1043 1121 est.
1094 1063 1262 1133 Cujus
1292 1065 1371 1120 rei
1415 1080 1581 1121 causa
1631 1065 1784 1119 festis
1832 1064 2021 1119 diebus

450 1174 551 1231 per
573 1161 889 1216 universum
914 1158 1099 1213 urbem
1136 1156 1442 1212 Romanum
1484 1156 1791 1218 celebratis.
1829 1166 2022 1225 preces

453 1266 576 1308 cum
610 1251 908 1322 gratiarum
947 1248 1166 1305 actione
1214 1255 1470 1317 tanquam
1516 1260 1682 1316 puras
1725 1245 1978 1300 victimas
2004 1284 2023 1311 ,

452 1343 593 1413 ignis
623 1353 678 1396 et
730 1340 936 1396 nidoris
965 1347 1249 1410 expertes,
1277 1338 1386 1393 Deo
1425 1338 1665 1393 omnium
1704 1336 1833 1405 Regi
1865 1322 2025 1392 obtu-

452 1431 537 1489 lit.
569 1432 637 1487 Et
668 1447 734 1488 ex
766 1431 851 1487 his
879 1430 1095 1500 quidem
1130 1430 1425 1483 maximam
1455 1427 1637 1482 animo
1657 1426 1903 1497 capiebat
1930 1442 2026 1481 vo-

450 1522 713 1594 luptatem
744 1538 759 1575 :
788 1524 883 1577 sed
925 1536 1029 1575 non
1065 1520 1289 1589 perinde
1318 1534 1440 1575 eum
1472 1518 1820 1574 oblectabant
1848 1520 2022 1574 nuntii

450 1615 572 1679 illi,
600 1616 689 1684 qui
729 1614 795 1670 de
825 1612 1231 1685 provinciarum
1276 1609 1520 1667 Orientis
1559 1612 1862 1667 vastatione
1889 1610 2023 1667 all‘e-

452 1707 731 1763 rebantur.

1010 1795 1236 1852 CAPUT
1264 1794 1454 1851 XLIX.

656 1887 930 1955 Quomodo
984 1887 1220 1942 Licinius
1255 1886 1523 1942 Orientem
1552 1888 1817 1958 amiserit.

521 1982 734 2037 Etenim
783 1981 1037 2036 immanis
1086 1981 1332 2047 quaedam
1387 1980 1558 2036 bellua
1603 1991 1714 2034 tum
1766 1979 2022 2037 Ecclesia:

436 2076 571 2145 .Dei,
609 2085 720 2128 tum
750 2073 973 2144 reliquis
1002 2072 1436 2141 provincialibus
1462 2072 1571 2127 illic
1606 2071 1856 2127 insidiari
1882 2088 2023 2127 nun-

453 2167 691 2221 tiabatur
721 2183 736 2219 :
771 2179 896 2217 cum
927 2162 1298 2230 nequissimus
1348 2163 1559 2217 daemon
1602 2163 1760 2232 quasi
1802 2162 2023 2218 aemula-

451 2259 598 2313 tione
624 2270 924 2311 succensus
946 2295 960 2316 ,
995 2255 1063 2308 iis
1093 2269 1215 2324 qua:
1257 2254 1325 2308 ab
1354 2254 1681 2323 imperatore
1708 2254 1803 2308 Dei
1828 2270 2022 2308 aman-

452 2349 661 2404 tissimo
687 2347 1037 2418 gerebantur,
1070 2346 1343 2401 contraria
1373 2346 1554 2401 facere
1584 2347 1847 2402 studeret.
1873 2347 2022 2403 Adeo

449 2452 509 2494 ut
542 2440 828 2510 imperium
865 2437 1170 2491 Romanum
1218 2437 1355 2491 duas
1403 2437 1455 2492 in
1512 2447 1698 2508 partes
1743 2437 2019 2503 divisum,

448 2531 595 2587 nocti
627 2545 692 2585 ac
714 2530 818 2584 diei
849 2527 1027 2582 simile
1052 2541 1175 2584 esse
1199 2528 1455 2583 omnibus
1486 2529 1780 2585 videretur.
1811 2528 2023 2598 Quippe

448 2624 691 2682 Orientis
718 2623 936 2692 quidem
986 2621 1194 2675 incolas
1236 2621 1416 2693 caligo
1465 2622 1643 2677 noctis
1688 2623 1971 2690 premebat
2006 2641 2021 2677 :

450 2734 546 2774 eos
572 2732 702 2772 vero
731 2717 822 2785 qui
856 2713 1164 2770 Occidentis
1199 2722 1384 2782 partes
1415 2712 1756 2779 habitabant,
1784 2714 2025 2769 serenis-

448 2810 619 2864 simus
656 2805 957 2863 illustrabat
1005 2804 1141 2859 dies.
1193 2802 1296 2869 Qui
1350 2819 1474 2858 eum
1511 2802 1740 2857 inﬁnitis
1792 2805 1952 2859 bonis
1991 2820 2020 2859 a

453 2903 564 2956 Deo
596 2900 699 2955 sibi
733 2898 1037 2953 conciliatis
1081 2896 1415 2960 fruerentur,
1461 2912 1570 2950 non
1612 2896 1736 2950 tulit
1769 2897 1823 2951 id
1861 2896 2021 2969 5,33

450 2990 671 3062 maligni
723 2987 982 3044 daemonis
1034 2986 1238 3041 invidia
1287 2985 1448 3042 bonis
1498 2986 1752 3041 omnibus
1802 2985 2018 3041 infesta.

2054 1724 2101 1781 B

2125 506 2190 576 τῇ
2223 503 2331 559 τῶν
2356 505 2657 577 ἐκκλησιῶν
2681 506 2776 559 τοῦ
2810 506 2945 561 Θεοῦ
2985 507 3325 579 φαιδρότητι.

1786 619 1801 656 :
1857 610 1970 658 tum
2041 601 2316 673 praecipue
2363 605 2432 658 ob
2474 602 2814 674 Splendorem
2857 604 3209 660 ecclesiarum
3258 604 3355 660 Dei
3402 606 3680 662 incredibili

2614 755 3011 833 κΕψΑλΑιοΝ
3046 780 3187 834 MH'.

2266 870 2690 941 Δεκαετηρίδος
2721 873 3178 927 Κωνσταντίνου
3200 872 3560 942 πανήγυρις.

2197 966 2354 1022 Οὕτω
2396 966 2441 1019 δ’
2483 964 2687 1036 ἔχοντι,
2739 964 3004 1034 δεκαέτης
3056 963 3205 1036 αὐτῷ
3254 964 3360 1035 τῆς
3422 965 3679 1036 βασιλείας

2125 1059 2319 1131 ἠνύετο
2347 1059 2563 1130 χρόνος·
2592 1058 2676 1126 ἐφ’
2708 1049 2752 1124 ᾧ
2773 1056 2839 1127 δὴ
2862 1056 3177 1127 πανδήμους
3218 1056 3458 1110 ἐκτελῶν
3485 1057 3678 1128 ἑορτὰς,

2122 1151 2201 1224 τῷ
2237 1150 2454 1205 πάντων
2496 1149 2707 1220 βασιλεῖ
2733 1147 2852 1219 Θεῷ
2895 1147 3251 1220 εὐχαρίστους
3278 1149 3469 1220 εὐχὰς,
3514 1149 3680 1222 ῶσπρ

2123 1242 2278 1307 τινὰς
2318 1241 2564 1314 ἀπύρους
2620 1240 2714 1294 καὶ
2763 1239 3043 1303 ἀκάπνους
3089 1239 3280 1302 θυσίας
3332 1239 3676 1310 ἀνεπέμπετο.

2139 1333 2278 1388 Ἀλλ’
2313 1334 2407 1386 ἐπὶ
2460 1333 2559 1404 μὲν
2602 1332 2813 1396 τούτοις
2843 1333 3049 1404 χαίρων
3097 1332 3344 1396 διετέλει,
3375 1332 3438 1385 οὐ
3474 1332 3575 1403 μὴν
3600 1335 3681 1386 καὶ

2126 1427 2210 1495 ἐφ’
2234 1419 2316 1490 οἷς
2358 1424 2494 1495 ἁκοῇ
2541 1423 2671 1495 περὶ
2704 1423 2812 1477 τῶν
2855 1423 2995 1477 κατὰ
3031 1421 3126 1494 τὴν
3169 1422 3313 1495 ἑῴαν
3353 1423 3681 1494 τρυχομέκυν

2129 1515 2297 1574 ἐθνῶν
2332 1518 2679 1573 ἐπυνθάνετο.
2726 1571 2731 1576 .

2633 1786 3028 1850 ΚΕΦΑΛΑΙΟΝ
3060 1786 3194 1850 ΜΘ.
3270 1807 3281 1816 ‘

2257 1874 2454 1953 ’Ὅπως
2478 1884 2594 1954 τὴν
2621 1884 2929 1954 ἀνατολὴν
2946 1886 3261 1955 ἐκακούχει
3296 1883 3578 1952 Λικίνιος.

2235 1979 2418 2043 Δεινὸς
2445 1978 2554 2051 γάρ
2575 1997 2657 2043 τις
2679 1980 2790 2049 (10)
2807 1979 2958 2050 αὐτῷ
2989 1979 3284 2044 κάνταῦθα,
3314 1982 3383 2051 τῇ
3414 1978 3686 2051 τ”Εκκλη-

2122 2071 2213 2141 σίᾳ
2244 2071 2338 2124 τοῦ
2367 2072 2523 2137 Θεοῦ,
2550 2075 2665 2136 τοῖς
2696 2089 2754 2125 τε
2773 2071 2978 2137 λοιποῖς
2993 2070 3360 2143 ἐπαρχιιὶπαις
3392 2070 3684 2144 ἐφεδρεύειν

2122 2163 2497 2235 ἀπηγγέλλετο
2525 2163 2632 2235 θὴρ
2646 2181 2660 2194 ’
2686 2164 2781 2218 τοῦ
2803 2163 3042 2236 πονηροῦ
3064 2164 3316 2235 δαίμονος
3334 2163 3490 2217 ῶσπε
3497 2181 3527 2236 ρ
3543 2163 3685 2233 ἁμιλ-

2122 2250 2389 2323 λωμένου,
2417 2255 2530 2317 τοῖς
2558 2252 2711 2325 παρὰ
2731 2252 2809 2325 τῷ
2832 2254 3071 2323 θεοφιλεῖ
3093 2255 3492 2326 πραττομένοις
3510 2256 3684 2309 τάναν-

2124 2342 2215 2398 τία
2241 2343 2694 2415 κατεργάζεσθαι,
2728 2345 2803 2410 ὡς
2828 2345 3003 2400 δοκεῖν
3022 2349 3134 2409 τοῖς
3167 2345 3439 2417 σύμπασι,
3474 2346 3569 2417 τὴν
3596 2346 3683 2400 ὐπὸ

2137 2435 2426 2506 Ῥωμαίοις
2458 2437 2633 2509 ἀρχὴν
2671 2438 2794 2493 δυσὶ
2832 2441 3113 2511 τμήμασιν
3133 2438 3559 2511 ἀποληφθεῖσαν,
3594 2441 3684 2492 ἐοι-

2126 2525 2282 2582 κέναι
2316 2528 2473 2582 νυκτὶ
2514 2531 2610 2598 καὶ
2645 2530 2848 2602 ἡμέρᾳ.
2892 2532 3119 2596 σκότους
3150 2532 3247 2604 μέν
3274 2534 3388 2595 τοῖς
3419 2530 3523 2601 τῆν
3563 2530 3684 2601 ἑῴαν

2123 2615 2380 2689 λαχοῦσιν
2418 2619 2859 2686 ἐπιπολάζοντος,
2909 2622 3123 2694 ἡμέρας
3164 2623 3223 2677 δὲ
3259 2621 3684 2695 τηλαυγεστάτης

2122 2714 2236 2776 τοῖς
2258 2713 2356 2784 τῆς
2394 2711 2628 2785 θατέρας
2658 2714 2855 2788 μοίρας
2884 2717 3163 2788 οἰκήτορσι
3201 2716 3681 2787 καταλαμπούσης·

2122 2798 2205 2867 οἷς
2231 2806 2439 2877 μυρίων
2466 2805 2686 2874 ἀγαθῶν
2718 2807 2783 2860 ἐκ
2815 2806 2950 2861 θεοῦ
2981 2808 3495 2879 πρυτανευομένων,
3515 2810 3610 2863 οὐκ
3628 2804 3686 2879 ἦν

2125 2896 2204 2968 τῷ
2238 2897 2513 2970 μισοκάλῳ
2545 2898 2724 2971 φθόνῳ
2756 2900 2965 2974 φορητὴ
3003 2901 3193 2973 ήστῶν
3231 2903 3532 2973 γινομένων
3566 2903 3685 2957 θέα⁸

2124 2988 2312 3061 ὥσπερ
2339 2986 2431 3044 οῦν
2456 2990 2575 3045 οὐδὲ
2605 2991 2683 3063 τῷ
2700 2991 2924 3065 θάτερον
2951 2996 3114 3067 μέρος
3136 2995 3237 3064 τῆς
3251 2995 3571 3066 οἰκουμένης
3599 3013 3686 3049 κα-

451 3084 558 3140 Sed
590 3098 765 3154 neque
797 3091 1057 3152 tyrannus
1086 3080 1179 3150 qui
1211 3079 1436 3134 alteram
1470 3089 1680 3148 partem
1733 3077 1882 3134 orbis
1912 3078 2021 3131 Ro-

2131 3083 2442 3137 ταπονοῦντι
2470 3085 2741 3156 τυράννῳ,
2775 3084 2834 3149 ὃς
2864 3081 2923 3140 εῦ
2959 3087 3261 3158 φερομένης
3285 3088 3384 3159 τῆς
3416 3088 3587 3159 ἀρχῆς
3613 3087 3688 3139 αὐ-

449 3176 595 3231 mani
638 3173 1005 3230 dominatione
1053 3187 1150 3227 sua
1199 3170 1579 3241 opprimebat,
1632 3170 1685 3224 id
1737 3169 2021 3224 ferendum

447 3267 680 3339 putavit.
726 3265 831 3332 Qui
860 3280 984 3320 cum
1017 3279 1106 3319 res
1135 3278 1264 3318 suas
1291 3275 1552 3333 prospero
1579 3276 1741 3315 cursu
1776 3262 1917 3316 (ferri
1946 3263 2024 3316 vi-

448 3363 603 3415 deret
637 3378 651 3414 :
690 3358 935 3425 tantique
990 3356 1255 3425 principis
1299 3353 1564 3408 alliuitate
1588 3362 1735 3409 esset
1783 3354 2021 3408 honora-

449 3464 576 3518 tus;
608 3450 849 3520 religiosi
877 3448 1101 3518 quidem
1149 3446 1493 3515 imperatoris
1534 3448 1842 3517 exemplum
1872 3450 2022 3516 sequi

449 3542 688 3611 neglexit
720 3560 736 3596 :
774 3539 1064 3609 impiorum
1103 3551 1231 3591 vero
1262 3537 1512 3591 instituta
1547 3546 1715 3606 atque
1748 3538 2024 3607 improbos

449 3650 631 3691 mores
693 3633 903 3689 studuit
968 3630 1192 3684 imitari.
1245 3630 1314 3684 Et
1372 3644 1603 3699 quorum
1654 3629 2020 3685 miserabilem

447 3730 575 3785 vita
601 3727 809 3783 exitum
843 3726 960 3780 suis
1008 3726 1123 3795 ipse
1155 3722 1332 3778 oculis
1379 3723 1796 3792 conspexisset,
1831 3737 2021 3776 eorum

2125 3174 2223 3242 τῷ.
2259 3176 2668 3231 Κωνσταντίνου
2689 3194 2749 3231 τε
2772 3178 3024 3232 τοσούτου
3052 3178 3313 3249 βασιλέως
3339 3179 3688 3250 ἐπιγαμΰρξας

2123 3267 2443 3339 ἠξιωμένος,
2494 3271 2780 3342 μιμήσεως
2822 3271 2920 3342 μὲν
2951 3270 3044 3325 τοῦ
3081 3271 3360 3340 θεοφιλοῦς
3398 3271 3690 3342 ἀπελιμπά-

2125 3377 2266 3425 νετο,
2303 3362 2401 3433 τῆς
2440 3362 2499 3416 δέ
2531 3362 2640 3415 τῶν
2666 3363 2942 3418 δυσσεόῶν
2974 3363 3348 3437 προαιρέσεως
3376 3363 3565 3434 ἐζήλου
3603 3364 3689 3434 τὴν

2125 3454 2520 3525 κακοτροπίαν,
2552 3454 2647 3509 καὶ
2666 3449 2743 3509 ὧν
2766 3455 2861 3509 τοῦ
2889 3456 3005 3527 βίου
3034 3457 3134 3526 τὴν
3157 3456 3537 3529 καταστροφὴν
3562 3457 3692 3509 ἐπεῖ-

2127 3543 2216 3596 δεν
2243 3546 2426 3608 αὐτοῖς
2450 3545 2768 3616 ὀφθαλμοῖς,
2791 3546 2996 3601 τούτων
3016 3546 3240 3601 ἕπεσθαι
3265 3551 3331 3618 τῇ
3363 3546 3555 3620 γνώμῃ
3580 3546 3679 3616 μᾶλ

2128 3633 2239 3697 λον,
2262 3636 2296 3707 ἢ
2332 3640 2452 3701 ταῖς
2476 3637 2572 3691 τοῦ
2602 3639 2909 3711 κρείττονος
2934 3639 3171 3710 φιλικαῖς
3200 3638 3405 3705 δεξιαῖς
3432 3640 3476 3711 (Ι
3494 3640 3540 3693 ll
3564 3640 3694 3692 ἒπει-

2131 3728 2282 3799 ρᾶτο.
2638 3750 2645 3757 ·

448 3819 676 3879 consilia
702 3818 856 3888 sequi
893 3816 1103 3887 maluit,
1135 3830 1301 3886 quam
1341 3814 1395 3869 in
1425 3814 1670 3869 amicitia
1703 3823 1762 3869 et
1830 3815 2119 3873 concordia
2174 3836 2297 3875 cum
2341 3838 2409 3880 eo
2439 3825 2532 3896 qui
2575 3826 2923 3896 prmsmutior
2978 3835 3097 3882 erat
3132 3838 3210 3883 ‘ac
3265 3827 3471 3899 potior,
3496 3837 3693 3894 perma-

449 3929 583 3971 nere

1069 4001 1295 4059 CAPUT
1334 4001 1395 4057 L.

557 4096 831 4162 Quomodo
855 4095 1091 4149 Licinius
1114 4094 1463 4149 Constantino
1498 4095 1789 4150 insidiatus
1817 4097 1911 4150 sit.
1970 4082 1983 4092 κ

2672 4003 3070 4057 ΚΕΦΑΛΛΙΟΝ
3097 3995 3179 4057 Ν’.

2134 4096 2333 4161 Ὅπως
2352 4095 2783 4164 Κωνσταντίνῳ
2800 4098 3066 4164 Λικίνιος
3080 4098 3497 4152 ἐπιϐουλεύειν
3511 4094 3688 4166 ἤθελε.

524 4188 725 4243 Bellum
751 4188 917 4257 igitur
951 4184 1281 4256 inexpiabile
1311 4186 1518 4240 homini
1550 4186 1691 4240 bene
1721 4186 1791 4240 de
1825 4201 1884 4241 se
1906 4201 2015 4241 me-

2200 4186 2441 4256 Πόλεμον
2459 4185 2504 4238 δ’
2524 4182 2616 4240 οὖν
2630 4188 2892 4242 ἄσπονδον
2910 4189 3044 4260 πρὸς
3060 4190 3152 4243 τὸν
3168 4190 3465 4262 εὐεργέτην
3482 4192 3687 4261 αἴρεται,

452 4280 558 4335 rito
589 4278 803 4345 intulit;
832 4292 931 4332 nec
956 4277 1216 4331 amicitiae
1240 4277 1390 4347 jura,
1420 4291 1518 4331 nec
1557 4284 2028 4332 sacramentorum

451 4372 794 4443 religionem,
826 4384 926 4425 nec
949 4371 1165 4440 generis
1187 4370 1669 4445 necessitudinem.
1697 4385 1797 4426 nec
1822 4370 2026 4426 findere

451 4465 505 4520 in
531 4463 847 4518 memoriam
876 4476 1158 4517 revocans.
1201 4461 1334 4517 Nam
1359 4462 1753 4517 Constantinus
1784 4464 2026 4532 quidem,

452 4565 637 4625 utpote
657 4555 1076 4625 benignissimus
1099 4553 1381 4625 princeps,
1410 4568 1517 4622 quo
1543 4554 1774 4609 sincerae
1799 4555 2032 4610 benevo-

450 4627 630 4702 lentiae
657 4646 1022 4701 certissimum
1046 4645 1095 4698 ei
1125 4654 1510 4714 argumentum
1554 4644 1749 4709 daret,
1791 4655 2031 4715 paterna:

450 4740 640 4810 stirpis
678 4718 1041 4803 nobilitatem,
1072 4744 1127 4792 et
1150 4737 1489 4806 imperatorii
1510 4735 1622 4806 jam
1648 4737 1776 4793 inde
1801 4753 1830 4791 a
1866 4738 2032 4807 majo-

451 4835 605 4889 ribus
624 4833 840 4904 generis
857 4830 1198 4902 splendorem
1220 4833 1268 4885 ei
1288 4832 1813 4897 communicaverat,
1840 4845 2030 4886 sorore

450 4942 546 4980 sua
593 4926 647 4979 in
693 4923 1102 4978 matrimonium
1133 4923 1258 4976 data
1286 4936 1300 4972 :
1334 4921 1610 4990 totiusque
1641 4923 1855 4992 imperii
1913 4924 2027 4977 Ro-

450 5016 597 5073 mani
628 5016 909 5069 consortio
943 5015 1194 5070 eumdem
1236 5015 1340 5070 frui
1378 5016 1734 5086 permiserat.
1780 5013 2028 5070 Licinius

450 5123 581 5162 vero
617 5109 774 5177 plane
809 5108 892 5161 bis
926 5107 1200 5161 contraria
1234 5108 1421 5163 animo
1458 5106 1719 5169 volvens,
1770 5108 2029 5162 adversus

450 5200 886 5272 praestantiorem
920 5196 1149 5255 occultis
1181 5200 1392 5256 artibus
1429 5201 1829 5271 grassabatur;
1873 5201 2026 5255 varia
2074 5242 2078 5246 Α

451 5295 682 5351 subinde
721 5292 1037 5347 insidiarum
1069 5307 1271 5362 genera
1302 5292 1748 5356 comutiniscens,
1782 5301 1843 5347 ut
1887 5293 2028 5348 bene

452 5385 704 5441 meritum
736 5384 893 5438 malis
919 5393 1384 5438 remuneraretur.
1413 5385 1492 5438 Ac
1517 5383 1781 5454 principio
1807 5384 2025 5452 quidem

453 5476 747 5531 amicitiam
779 5475 1062 5538 simulans,
1088 5472 1209 5529 dolo
1238 5488 1304 5529 ae
1333 5472 1525 5529 fraude
1558 5483 1753 5529 cuncta
1780 5474 1979 5544 agebat
2008 5479 2024 5541 ;

523 5615 635 5687 (10)
676 5612 1046 5687 Δεινόςρτάρ
1083 5629 1195 5687 τις.
1243 5612 1325 5687 Ab
1373 5604 1699 5687 hisgverbis
1727 5622 1890 5687 caput
1938 5613 2025 5668 in»

462 5681 680 5741 elluatur
714 5689 765 5738 in
798 5681 981 5737 codice
1010 5681 1142 5736 Fuk.
1173 5691 1226 5734 et
1254 5684 1305 5735 in
1336 5684 1879 5739 sehedis'veteribus.

526 5754 636 5826 (i‘l)
676 5753 947 5818 Φισιικαῖς
977 5750 1219 5818 δεξιαῖς.
1258 5751 1357 5809 llic
1392 5754 1542 5810 locus
1583 5754 1912 5824 supplendas
1940 5763 2023 5811 est

2129 4276 2189 4329 οὐ
2210 4276 2437 4345 φιλικῶν
2456 4277 2656 4349 νόμων,
2689 4277 2788 4349 οὐχ
2805 4279 3179 4351 ὁρκωμοσιῶν,
3198 4280 3259 4332 οὐ
3285 4281 3620 4349 συγγενείας,
3638 4280 3689 4332 οὐ

2132 4369 2415 4441 συνθηκῶν
2438 4372 2657 4442 μνήμην
2676 4372 2734 4422 ἐν
2752 4370 2958 4443 διανοίᾳ
2973 4371 3284 4442 λαμϐάνων.
3311 4375 3370 4426 Ὀ
3389 4373 3491 4443 μὲν
3507 4373 3606 4443 γὰρ
3621 4389 3689 4439 φι-

2129 4461 2257 4515 λανθ
2268 4461 2580 4534 ρωπότατος
2595 4462 2804 4525 εὐνοίας
2816 4461 2964 4532 αὐτῴ
2981 4462 3236 4534 παρέχων
3250 4463 3490 4533 ἀληθοῦς
3516 4464 3575 4517 σύ
3583 4463 3689 4535 p.60—

2128 4554 2240 4619 λον,
2276 4552 2529 4625 πατέρων
2561 4553 2899 4621 συγγενείας,
2945 4552 3223 4624 βασιλικοῦ
3255 4555 3301 4606 τ’
3338 4553 3599 4608 ἀνέκαθεν
3624 4552 3688 4606 αῖ-

2131 4664 2300 4717 ματος
2346 4645 2601 4700 κοινωνὸν
2650 4646 2923 4716 γενέσθαι,
2977 4647 3140 4718 γάμῳ
3183 4647 3280 4718 τὴν
3318 4646 3555 4718 ἀδελφὴν
3588 4662 3689 4699 συν-

2128 4740 2293 4810 άψας,
2321 4740 2420 4810 τῆς
2448 4756 2506 4791 τε
2536 4740 2676 4794 κατὰ
2712 4739 2928 4794 πάντων
2953 4740 3242 4795 ἀπολαύειν
3274 4742 3452 4812 ἀρχῆς
3487 4740 3594 4793 τῶν
3613 4738 3689 4789 λα-

2127 4831 2351 4901 χόντων,
2384 4831 2612 4900 παρεῖχε
2652 4830 2752 4902 τὴν
2784 4830 3045 4895 ἐξουσίαν·
3075 4833 3105 4885 ό
3133 4831 3191 4883 δέ
3210 4831 3424 4892 τούτοις
3461 4829 3688 4884 τάναντία

2127 4920 2433 4991 γινώσκων,
2470 4922 2611 4976 κατὰ
2635 4922 2728 4975 τοῦ
2761 4924 3065 4996 κρείττονος
3099 4922 3346 4995 μηχανὰς
3381 4924 3687 4977 συνεσκευά-

2129 5014 2270 5080 ζετο,
2309 5014 2483 5068 ἄλλοτ’
2514 5014 2705 5079 ἄλλους
2738 5016 2968 5069 ἐπινοῶν
3001 5005 3226 5085 ἀπειλῆς
3250 5015 3512 5086 τρόπους,
3543 5016 3614 5079 ῶς
3639 5012 3689 5066 ἂν

2127 5107 2316 5167 κακοῖς
2345 5105 2436 5157 τὸν
2473 5104 2766 5177 εὐεργέτην
2796 5106 3106 5177 ἀμείψαιτο.
3154 5104 3265 5158 Καὶ
3287 5104 3354 5157 τὰ
3385 5105 3488 5176 μὲν
3527 5104 3690 5177 πρῶτα

2129 5196 2309 5266 φιλίαν
2341 5196 2816 5268 ὑποκοριζόμενος,
2839 5197 2973 5270 δόλῳ
3000 5198 3093 5251 καὶ
3119 5198 3302 5268 ἀπάτῃ
3334 5198 3496 5251 πάντ’
3525 5198 3690 5268 ἔπρατ-

2126 5307 2240 5354 τεν,
2288 5290 2373 5359 ἐφ’
2402 5282 2483 5352 οἷς
2512 5289 2733 5359 ἐτόλμα,
2769 5288 3030 5361 λήσεσθαι
3062 5282 3296 5354 ἐλπίζων
3320 5307 3336 5320 ⁶
3368 5289 3449 5360 τῷ
3476 5287 3523 5343 δ’
3550 5284 3688 5341 αὐτοῦ

2128 5381 2418 5455 θεράποντι
2446 5382 2578 5446 Θεὸς
2595 5382 2694 5447 τὰς
2719 5385 2777 5437 ὲν
2799 5383 2974 5454 σκότῳ
2998 5383 3398 5455 μηχανωμένας
3424 5381 3689 5440 ἐπιϐουλὰς

2128 5472 2487 5546 καταφώρους
2517 5472 2709 5526 ἐποίει.
2770 5473 2829 5528 '0
2859 5472 2904 5526 δ’
2932 5473 3008 5537 ὼς
3046 5474 3139 5526 ἐπὶ
3177 5474 3291 5535 τοῖς
3324 5472 3565 5545 πρώτοις
3595 5468 3689 5540 niti-

2133 5630 2199 5670 ex
2232 5614 2407 5683 capite
2432 5622 2625 5667 octavo
2658 5610 2782 5666 libri
2811 5608 3003 5666 decimi
3035 5610 3292 5683 Historia:
3310 5607 3688 5683 _rc:{esiuslt'nt,

2131 5698 2199 5741 ex
2234 5680 2342 5755 quo
2368 5686 2532 5740 etiam
2558 5692 2720 5754 caput
2751 5696 2988 5751 sequens
3016 5680 3420 5737 emendandum
3446 5687 3545 5736 est.
