3858 6260
182 315 279 374 965

1264 306 1352 366 DE
1392 309 1555 366 VlTA
1595 309 2054 367 CONSTANTINI
2099 309 2230 366 LIB.
2269 309 2308 366 l.

3297 317 3400 373 966

183 449 346 496 ⁴τιιετο,
379 432 473 485 ἐπὶ
499 430 756 502 δευτέρας
793 429 1006 494 ἀπάτας
1029 428 1247 501 ἐχώρει,
1280 429 1378 482 νῦν
1405 429 1500 500 μὲν
1527 428 1727 497 φιλικὰς

1846 444 2072 498 sperans
2095 430 2212 484 fore
2243 438 2302 482 nt
2334 428 2563 484 consilia
2598 444 2693 483 sua
2740 426 2988 485 laterent.
3029 430 3223 485 Verum
3261 433 3404 490 Dens

183 524 458 597 προτείνων
485 521 687 588 δεξιὰς,
722 521 816 575 νῦν
847 521 902 574 δὲ
933 520 1212 590 συνθηκῶν
1260 521 1619 591 ὁρκωμοσίας
1646 537 1734 572 πι-

179 614 474 684 στούμενος.
505 607 617 666 Εἶτ’
636 612 846 684 ἀθρόως
869 610 1074 665 ἀθετῶν
1094 611 1160 662 τὰ
1183 608 1500 680 δεδογμένα,
1529 611 1620 663 καὶ
1642 607 1736 663 αὗ-

177 706 251 769 Θις
281 704 572 758 ἀντιϐολῶν
603 703 689 757 διὰ
733 703 1046 774 πρεσϐείας,
1083 703 1178 755 καὶ¹
1223 701 1384 755 πάλιν
1417 702 1738 772 ἀσημονῶν

176 797 282 859 ταῖς
310 794 704 865 ψευδολογίαις,
733 795 884 858 τέλος
909 794 1158 867 προφανῆ
1184 793 1416 864 πόλεμον
1439 793 1740 864 ἀνακηρύτ-

175 905 267 953 τει,
291 887 517 959 ἀπονοίᾳ
535 906 594 941 τε
616 887 898 960 λογισμοῦ,
927 889 1047 940 κατ’
1080 887 1242 940 αὐτοῦ
1275 885 1460 940 λοιπὸν
1485 885 1578 938 τοῦ
1601 886 1734 939 Θεοῦ

175 979 228 1034 ὃν
247 979 508 1049 ἠπίστατο
537 980 712 1034 σέϐειν
747 981 838 1035 τὸν
873 979 1114 1051 βασιλέα,
1149 977 1586 1051 παρατάττεσθαι
1625 977 1733 1050 ὡρ-

178 1071 321 1142 μᾶτο.

1839 521 2071 576 insidias
2107 536 2228 590 quae
2267 521 2511 574 clanculo
2539 521 2908 586 struebantur,
2956 522 3155 579 famqu
3181 541 3279 579 suo
3305 527 3402 580 de-

1842 613 2000 669 texit.
2030 613 2100 666 At
2132 612 2374 668 Licinius
2403 613 2454 666 in
2487 613 2676 681 primis
2703 615 2985 670 conatibus
3015 617 3403 685 deprehensus,

1843 705 1911 759 ad
1963 720 2129 759 secun
2158 720 2234 758 'as
2275 703 2491 759 fraudes
2535 719 2595 759 se
2644 708 2910 772 contulit;
2958 722 3101 762 nunc
3151 708 3404 763 amicitiae

1842 795 2002 849 ﬁdem
2037 797 2408 866 praetendens;
2463 813 2605 852 nunc
2635 796 2899 853 foederum
2937 814 3000 854 ac
3027 812 3403 858 sacramento-

1845 902 1965 942 rum
2001 888 2263 959 religione
2295 889 2450 942 ﬁdem
2496 890 2598 944 sibi
2639 891 2940 946 concilians
2975 908 2989 944 :
3025 892 3216 947 deinde
3245 909 3404 962 pacta

1844 988 2108 1032 conventa
2161 987 2380 1047 repente
2431 979 2658 1042 violans,
2707 995 3002 1050 rursusque
3053 997 3151 1050 per
3199 981 3406 1053 legatos

1843 1069 2058 1123 veniam
2092 1084 2318 1138 poscens
2346 1085 2359 1120 ε
2393 1085 2456 1123 ac
2481 1073 2655 1124 denuo
2679 1071 2975 1125 mendaciis
2994 1072 3135 1128 foede
3155 1073 3399 1132 illudens.

176 1161 398 1216 Tandem
439 1177 570 1218 vero
626 1163 825 1218 bellum
892 1164 1068 1234 palam
1118 1163 1345 1228 indixit,
1395 1171 1450 1227 e_t
1492 1162 1774 1231 desperata
1841 1161 2039 1215 mentis
2096 1162 2318 1216 audacia
2370 1161 2642 1226 incitatus,
2693 1163 2950 1218 adversus
3013 1164 3178 1219 Deum
3230 1166 3404 1235 ipsum

176 1251 316 1321 cujus
347 1253 518 1307 cultui
560 1254 946 1332 imperatorem
1007 1255 1419 1311 Consmntinum
1455 1256 1699 1312 deditum
1740 1269 1861 1310 esse
1889 1266 2250 1325 cognoverat,
2285 1270 2436 1308 arma
2471 1256 2724 1324 deinceps
2755 1256 2898 1310 ferre
2936 1258 3191 1312 instituit.

677 1349 1070 1403 ΚΕΦΑΛΛῙΟΝ
1096 1351 1225 1404 NA'.

173 1437 420 1494 Λικινίου
450 1441 580 1492 κατ’
606 1441 948 1495 ἐπισκόπων
991 1441 1306 1505 συσκευαὶ,
1332 1441 1426 1495 καὶ
1459 1444 1735 1497 συνόδων

792 1514 1106 1578 κωλύσεις.

235 1599 479 1672 Πρώτους
499 1601 566 1670 γέ
582 1620 662 1656 τοι
686 1604 810 1666 τοὺς
840 1604 931 1656 ὑπ’
960 1605 1118 1659 αὑτὸν
1143 1606 1220 1677 τῷ
1245 1605 1350 1677 θεῷ
1372 1607 1730 1678 λειτουργοὺς,

179 1693 328 1764 μηδὲν
359 1692 581 1748 πώποτε
611 1696 928 1766 πλημμελὲς
957 1697 1106 1768 παρὰ
1133 1697 1231 1768 τὴν
1270 1699 1442 1768 ἀρχὴν
1481 1698 1736 1766 διαπονη-

2344 1347 2508 1420 434
2544 1346 2768 1401 CAPUT
2807 1348 2889 1402 LI.

1841 1441 2034 1496 Licinii
2089 1441 2299 1495 insidia:
2365 1443 2611 1494 adversus
2675 1443 2964 1510 episcopos,
3017 1450 3065 1495 et
3121 1441 3404 1511 prohibitio

2451 1512 2788 1580 synodorum.

1917 1603 1992 1657 Ac
2039 1603 2272 1672 primum
2335 1604 2552 1672 quidem
2596 1602 2693 1656 Dei
2741 1602 3017 1657 ministros
3051 1603 3152 1658 sub
3203 1603 3406 1658 ditione

1843 1707 1938 1748 sua
1965 1694 2249 1762 degentes,
2281 1697 2370 1764 qui
2406 1693 2538 1747 nihil
2566 1711 2800 1764 unquam
2852 1695 3099 1748 criminis
3145 1695 3406 1751 adversus

174 1784 364 1849 Θέντας,
402 1786 591 1857 ἡρέμα
621 1787 756 1850 τέως
798 1790 1230 1860 περιειργάζετο,
1274 1788 1575 1859 προφάσεις
1616 1790 1727 1841 κατ

1841 1784 2120 1852 imperium
2164 1786 2337 1854 ipsius
2371 1788 2777 1852 commiserant,
2833 1787 3065 1842 obscure
3115 1797 3168 1842 et
3209 1787 3406 1842 callide

172 1876 334 1931 αὐτῶν
378 1879 741 1949 κακοτέχνους
803 1880 1136 1952 θηρώμενος.
1183 1881 1466 1952 Μηδεμιᾶς
1526 1898 1588 1950 γε
1632 1881 1738 1952 μὴν

172 1966 398 2037 εὖπορῶν
423 1967 628 2032 αἰτίας,
671 1970 789 2040 μηδ’
823 1971 960 2040 ἔχων
1001 1972 1121 2024 ὅποι
1167 1975 1278 2034 τοῖς
1317 1973 1540 2044 ἀνδράσι
1572 1989 1738 2027 κατα-

174 2057 437 2128 μέμψοιτο,
485 2059 656 2128 νόμον
684 2060 959 2129 ἐκπέμπει
1002 2059 1464 2132 διακελευόμενον,
1514 2061 1735 2132 μηδαμῆ

175 2149 413 2219 μηδαμῶς
468 2149 726 2219 ἀλλήλοις
775 2151 1147 2205 ἐπικοινωνεῖν
1206 2154 1329 2215 τοὺς
1387 2153 1734 2217 ἐπισκόπους,

177 2241 283 2312 μηδ’
317 2242 601 2312 ἐπιδημεῖν
633 2243 812 2296 αὐτῶν
839 2242 1038 2308 ἐξεῖναί
1070 2261 1176 2296 τινι
1216 2247 1280 2316 τῇ
1329 2245 1422 2298 τοῦ
1454 2245 1618 2308 πέλας
1648 2248 1738 2299 ἐκ·

178 2333 370 2404 κλησίᾳ,
416 2335 551 2405 μηδέ
593 2351 656 2402 γε
699 2334 946 2399 συνόδους
986 2336 1018 2406 ἢ
1064 2335 1257 2406 βουλὰς
1303 2338 1394 2390 καὶ
1430 2337 1738 2406 διασκέψεις

176 2426 287 2495 περὶ
313 2425 414 2478 τῶν
462 2426 756 2479 λυσιτελῶν
791 2427 1080 2482 ποιεῖσθαι.
1116 2423 1188 2480 Τὸ
1229 2428 1272 2480 δ’
1303 2425 1371 2499 ἦν
1396 2430 1502 2500 ἄρα
1536 2430 1738 2500 πρόφα-

177 2530 248 2576 σις
267 2515 360 2584 τῆς
391 2515 509 2568 καθ’
539 2516 696 2588 ἡμῶν
722 2518 1002 2588 ἐπηρείας.
1044 2519 1112 2570 Ἢ
1146 2518 1254 2590 γὰρ
1299 2519 1736 2590 παραϐαίνοντας

173 2604 254 2656 τὸν
272 2605 446 2676 νόμον,
495 2607 666 2678 ἐχρῆν
707 2607 1102 2663 ὑποϐάλλεσθαι
1149 2610 1408 2681 τιμωρίᾳ,
1446 2607 1477 2680 ἢ
1516 2609 1738 2682 πειθαρ-

175 2697 380 2768 χοῦντας
399 2698 476 2769 τῷ
505 2700 950 2771 παραγγέλματι,
981 2701 1276 2773 παραλύειν
1292 2702 1617 2770 Ἐκκλησίας
1649 2700 1738 2754 θε-

176 2790 324 2859 σμοὺς
346 2808 358 2820 ο
401 2791 578 2854 ἄλλως
607 2792 713 2862 γὰρ
757 2793 816 2844 οὐ
841 2791 1062 2845 δυνατὸν
1095 2793 1161 2846 τά
1192 2792 1398 2862 μεγάλα
1433 2792 1540 2844 τῶν
1564 2809 1734 2864 σκεμ-

177 2880 415 2952 per.va
453 2881 544 2934 διὰ
587 2882 817 2936 συνόδων
849 2883 1318 2954 κατορθώσασθαι.
1355 2886 1462 2937 Καὶ
1489 2883 1657 2944 ἄλλως
1689 2883 1734 2936 δ’

174 2974 198 3022 ὁ
222 2971 461 3045 θεομισὴς
513 2973 594 3044 τῷ
629 2974 862 3042 θεοφιλεί
890 2975 1145 3028 τάναντία
1175 2979 1430 3046 πράττειν
1461 2974 1730 3044 ἐγνωκὼς,

173 3059 232 3111 τὰ
255 3062 419 3114 τοιάδε
464 3062 868 3134 παρήγγελλεν.
915 3065 972 3115 ’0
1005 3063 1100 3133 μὲν
1143 3064 1248 3136 γὰρ
1285 3065 1409 3128 τοὺς
1449 3067 1610 3136 ἱερεῖς
1639 3063 1731 3118 τοῦ

175 3145 316 3214 Θεοῦ,
355 3148 419 3223 τῇ
455 3153 598 3225 πρὸς
629 3153 720 3206 τὸν
761 3153 1054 3225 ἱερωμένον
1085 3159 1216 3227 τιμῇ
1248 3154 1376 3227 (12),
1420 3158 1636 3227 εἰρήνης
1671 3170 1731 3208 τε

174 3241 256 3295 καὶ
288 3243 536 3313 ὁμονοίας
582 3245 673 3297 ἐπὶ
713 3245 879 3297 ταὺτὸ
926 3247 1174 3317 συνῆγεν*
1220 3250 1248 3300 ὁ
1284 3248 1338 3299 δέ
1383 3247 1520 3300 καλά
1553 3266 1730 3321 παρα-

174 3323 302 3383 λύειν
331 3333 740 3403 μηχανώμενος,
786 3333 1155 3398 διασκεδάζειν
1181 3334 1276 3405 τὴν
1321 3333 1603 3405 σύμφωνον
1630 3335 1728 3405 ἁρ-

178 3422 344 3492 μονίαν
363 3425 642 3496 ἐπειρᾶτο.

660 3695 1050 3749 ΚΕΦΑΛΑΙΟΝ
1074 3695 1198 3750 ΝΒ’.

258 3781 590 3855 Ἕξορισμοὶ
618 3787 712 3840 καὶ
738 3788 1056 3857 δημεύσεις
1077 3789 1226 3842 κατὰ
1258 3786 1640 3856 Χριστιανῶν.

235 3875 336 3931 Εἶτ’
361 3881 551 3952 ἐπειδὴ
581 3881 608 3932 ὁ
645 3882 721 3952 τῷ
753 3883 870 3953 Θεῷ
900 3884 1050 3952 φίλος
1076 3883 1206 3936 εἴσω
1242 3883 1530 3954 βασιλικῶν
1563 3883 1724 3936 οἴκων

173 3968 282 4033 τοὺς
306 3971 638 4043 θεράποντας
667 3975 1005 4045 εἰσέρχεσθαι
1037 3975 1210 4045 ἠξίου,
1237 3976 1491 4028 τάναντία
1518 3975 1725 4046 φρονῶν

175 4062 199 4111 ὁ
221 4060 480 4135 θεομισὴς,
514 4065 761 4128 ἅπαντας
802 4068 928 4129 τοὺς
971 4066 1062 4118 ὑπ’
1087 4066 1234 4137 αὐτῷ
1268 4067 1537 4130 θεοσεϐεῖς
1574 4068 1725 4136 βασι-

175 4146 322 4204 λικῶν
341 4155 646 4226 ἀπήλαυνεν
679 4153 842 4208 οἴκων
879 4154 1013 4227 (15),
1040 4149 1235 4219 αὐτούς
1267 4173 1323 4209 τε
1348 4155 1577 4226 μάλιστα
1597 4158 1722 4220 τοὺς

235 4331 336 4403 (l2)
379 4333 455 4403 Τῇ
485 4335 637 4403 πρὸς
661 4336 768 4392 τὸν
795 4339 1111 4407 ἱερωμένον
1151 4335 1309 4406 τιμῇ.
1343 4337 1624 4390 Turnebus
1654 4338 1720 4390 ad

1839 1877 2226 1940 circumvenit,
2252 1879 2432 1931 varias
2451 1879 2713 1932 adversus
2733 1893 2825 1932 eos
2851 1877 3156 1932 calumnias
3188 1878 3407 1932 investi-

1839 1976 1992 2030 gans.
2042 1962 2282 2031 Cumque
2315 1965 2516 2018 nullum
2549 1965 2648 2034 ipsi
2683 1968 2889 2021 crimen
2931 1976 3260 2035 suppeteret,
3306 1980 3406 2023 nec

1837 2055 2062 2108 haberet
2099 2057 2244 2124 quod
2292 2057 2425 2111 viris
2474 2059 2580 2113 illis
2629 2068 2809 2128 posset
2831 2059 3090 2126 objicere;
3145 2061 3263 2130 lege
3294 2059 3404 2114 lata

1837 2145 2092 2213 praecepit
2137 2161 2204 2200 ne
2242 2148 2482 2218 episcopi
2521 2151 2730 2218 uspiam
2797 2151 2936 2203 inter
2983 2165 3042 2206 se
3087 2152 3150 2206 de
3191 2151 3298 2206 ulla
3344 2167 3405 2206 re

1839 2233 2178 2301 conferrent,
2214 2253 2351 2292 neve
2380 2239 2473 2292 ulli
2508 2255 2695 2294 eorum
2736 2242 2788 2294 in
2831 2242 3053 2296 alterius
3096 2243 3199 2297 sibi
3242 2243 3402 2298 vicini

1837 2328 2121 2382 ecclesiam
2155 2341 2380 2385 ventare
2419 2332 2633 2398 liceret,
2689 2342 2744 2387 et
2781 2336 3019 2405 synodos
3061 2350 3126 2389 ac
3171 2335 3404 2390 concilia

1840 2417 1906 2470 de
1928 2418 2310 2474 communibus
2343 2423 2574 2489 negotiis
2597 2421 2818 2476 habere.
2863 2421 3057 2476 Verum
3091 2425 3205 2478 lucc
3231 2424 3306 2478 illi
3333 2424 3404 2478 ad

1839 2522 1934 2561 nos
1962 2509 2238 2565 vexandos
2269 2513 2487 2566 occasio
2515 2515 2880 2582 quarrebatur.
2921 2513 3052 2567 Nam
3091 2515 3135 2569 si
3182 2515 3400 2583 quidem

1835 2599 2004 2652 nostri
2031 2600 2200 2670 legem
2237 2602 2556 2668 violassent,
2592 2616 2806 2672 poenam
2845 2606 3033 2660 subire
3068 2621 3161 2661 eos
3184 2618 3405 2675 oporte-

1834 2687 1928 2743 bat
1957 2707 1970 2742 :
2000 2691 2081 2743 sin
2131 2706 2398 2763 praerepto
2439 2696 2773 2762 paruissent,
2809 2697 3214 2751 ecclesiasticas
3258 2699 3404 2768 leges

1835 2782 2086 2837 convelli.
2121 2778 2302 2852 Neque
2345 2787 2486 2838 enim
2525 2787 2745 2853 majoris
2793 2790 3048 2841 momenti
3089 2800 3403 2844 controver-

1834 2873 1946 2934 sias.
1980 2875 2138 2927 aliter
2165 2892 2325 2940 quam
2358 2893 2450 2941 per
2476 2880 2711 2948 synodos
2755 2882 3002 2948 componi
3049 2891 3299 2948 possunt.
3338 2882 3403 2935 Et

1834 2963 2032 3033 alioqui
2088 2966 2194 3020 Deo
2246 2966 2474 3021 infestus
2521 2974 2820 3038 tyrannus,
2857 2986 2979 3024 cum
3019 2973 3246 3041 principi
3293 2974 3401 3028 Deo

1837 3056 2212 3110 amantissimo
2258 3057 2536 3112 adversari
2592 3061 2644 3113 in
2695 3062 2952 3116 omnibus
2987 3064 3246 3121 studeret.
3285 3063 3400 3118 lucc

1837 3147 2042 3200 nostris
2108 3146 2417 3214 imperavit.
2504 3147 2638 3201 Nam
2716 3148 3105 3204 Constantinus
3180 3151 3399 3218 quidem

1834 3239 2150 3291 sacerdotes
2187 3235 2300 3295 Dei.
2332 3237 2483 3305 pacis
2511 3249 2564 3290 ct
2594 3242 2898 3293 concordia:
2923 3251 3123 3295 mutua:
3150 3256 3309 3294 causa
3346 3241 3401 3296 in

1833 3341 1997 3379 unum
2031 3327 2402 3380 convocabat:
2429 3327 2589 3396 idque
2619 3330 2670 3380 in
2699 3330 2952 3382 honorem
2982 3329 3099 3398 ejus
3131 3331 3216 3383 cui
3241 3345 3400 3384 sacra

1831 3420 2127 3474 faciebant.
2171 3420 2414 3474 Licinius
2444 3437 2568 3474 vero
2597 3421 2722 3474 dum
2760 3421 2959 3488 optima
3003 3435 3228 3489 qumque
3267 3435 3401 3474 con-

1829 3514 2035 3568 vellere
2082 3513 2322 3578 molitur,
2380 3524 2708 3569 concentum
2766 3514 3131 3568 Ecclesiarum
3179 3512 3400 3567 turbare

1827 3607 2076 3660 tentavit.

2423 3697 2648 3754 CAPUT
2693 3697 2799 3750 LII.

2006 3789 2432 3844 Christianorum
2478 3790 2663 3842 exsilia
2704 3800 2751 3842 et
2792 3786 3218 3856 proscriptiones.

1902 3879 1968 3934 Et
2001 3885 2256 3950 quoniam
2313 3883 2424 3936 Deo
2471 3883 2674 3935 chatus
2721 3880 3110 3935 Constantinus
3165 3878 3396 3934 famulos

1830 3972 1922 4026 Dei
1969 3972 2021 4026 in
2066 3973 2325 4040 palatium
2380 3973 2613 4027 libenter
2660 3973 3022 4029 admittebat:
3073 3971 3243 4025 hostis
3299 3970 3394 4025 Dei

1826 4062 2067 4116 Licinius
2093 4063 2359 4116 contraria
2396 4063 2578 4118 omnia
2607 4064 2869 4120 sentiens.
2901 4070 3130 4115 cunctos
3157 4061 3248 4114 Dei
3281 4061 3396 4115 cnl-

1824 4161 1972 4208 torcs
1997 4154 2086 4224 qui
2110 4155 2208 4209 sub
2235 4155 2461 4224 imperio
2489 4169 2586 4208 suo
2611 4155 2898 4224 degebant,
2915 4152 3114 4223 palatio
3147 4152 3389 4222 expulit:

1830 4337 1883 4392 id
1916 4337 2081 4392 refert
2119 4347 2245 4390 ante
2277 4337 2564 4391 Cibalense
2598 4335 2820 4398 bellum,
2851 4337 2993 4403 quod
3025 4335 3242 4403 quidem
3279 4337 3395 4391 bel-

174 4415 324 4478 oram_
349 4410 433 4478 sui
469 4407 674 4478 codicis
701 4406 1032 4478 emendavit
1079 4410 1142 4478 τῇ
1195 4407 1330 4478 πρὸς
1373 4407 1433 4460 τὸ
1488 4407 1717 4478 ἱερωμέ-
1750 4412 1795 4466 D
1826 4408 1936 4461 lum
1987 4418 2180 4462 octavo
2213 4423 2355 4478 anno
2385 4408 2720 4478 principatus
2756 4406 3098 4478 Constantini
3145 4407 3390 4478 contigit.

175 4487 282 4545 vo».
312 4473 468 4541 quue
500 4477 665 4530 etiam
697 4477 746 4530 in
782 4477 971 4531 Morari
1019 4473 1156 4532 libro
1205 4473 1400 4544 reperi.
1452 4473 1561 4545 Ego
1593 4473 1718 4531 vero

177 4543 338 4619 malim
387 4546 627 4619 scribere
661 4547 799 4618 πρὸς
831 4551 896 4618 τῇ
937 4548 1043 4601 τῶν
1079 4543 1581 4619 ἱερωμένων-τιμῇ,
1611 4556 1714 4619 etc.

177 4608 352 4688 Beddit
397 4616 541 4688 enim
596 4608 1336 4680 rationem"Eusebids,'cur
1372 4608 1720 4671 Constantius

179 4686 290 4756 imp.
319 4686 550 4756 synodos
583 4688 956 4756 episcoporum
997 4689 1288 4741 identidem
1336 4698 1714 4755 congregaret.

179 4748 362 4816 Prima,
404 4748 804 4822 inquit,'caus'a
854 4767 990 4822 erat,
1023 4770 1080 4810 ut
1131 4748 1500 4810 sacerdotibds
1540 4748 1628 4810 Dei
1667 4758 1716 4809 in

177 4832 322 4874 unum
353 4825 590 4878 collectis
634 4827 888 4880 honorem
919 4829 1219 4881 exhiberet.
1259 4828 1506 4880 Secunda
1543 4837 1601 4879 ut
1633 4843 1721 4895 pa-

177 4902 278 4962 cem
309 4895 444 4947 inter
469 4896 613 4962 ipsos
641 4907 695 4949 et
726 4899 1066 4950 concordiam
1093 4896 1377 4950 stabiltret.
1406 4897 1564 4949 Certe
1593 4898 1718 4960 τοὺς

179 4955 502 5030 ῑεριομένουξ
537 4965 798 5019 Eusebius
849 4981 1042 5020 vocare
1095 4967 1232 5020 solet
1272 4969 1601 5029 sacerdotes,
1658 4955 1717 5020 ut

177 5036 354 5100 passim
386 5035 627 5087 occurrit
681 5037 732 5088 in
785 5037 868 5089 his
918 5037 1085 5089 libris.
1126 5035 1277 5100 Quod
1326 5039 1368 5088 si
1413 5052 1534 5089 cum
1579 5037 1720 5088 'l‘nr-

178 5099 299 5177 tiebo
327 5103 498 5177 legere
528 5105 774 5177 malimus
799 5105 957 5177 πρὸς
989 5106 1048 5157 τὸ
1084 5099 1398 5177 ἱερωμένον,
1435 5116 1545 5158 tum
1581 5107 1717 5159 scri-

176 5164 401 5246 bendum"
419 5174 522 5226 erit
552 5173 648 5246 τῆς
693 5164 878 5246 τιμῆς,
906 5164 963 5228 nt
992 5192 1113 5228 cum
1135 5164 1497 5246 'seqttenti'hus
1541 5177 1715 5229 oratio

176 5241 455 5316 colitereat‘;
487 5253 536 5297 et
568 5241 628 5297 τὸ
657 5241 948 5316 ἱερωμένον
977 5261 1072 5315 pro
1098 5241 1351 5315 religione
1389 5247 1499 5314 ipsa
1541 5261 1718 5316 smne-

178 5311 431 5386 tur,_qtt_od
465 5325 549 5386 est
579 5311 1028 5370 duriinsIMalleitt
1058 5311 1218 5370 enim'
1239 5311 1422 5370 dicere
1463 5318 1528 5386 τῇ
1581 5315 1716 5386 πρὸς

174 5373 253 5456 ’⁸δῖ
267 5373 596 5456 ,ιε’ρδᾎνφμον
622 5388 776 5456 τιμῇ-

238 5445 340 5517 (ίδ)
392 5445 535 5522 Τοὺς
605 5445 902 5522 θεὸόίεϐεῖς
962 5454 1306 5520 βασιλικῶν
1363 5455 1718 5521 ἀπήλαυνεν

175 5514 354 5597 cyma
398 5514 674 5597 Eusebius
698 5527 750 5578 in
784 5514 1041 5580 Chronico
1087 5542 1230 5578 anno
1264 5514 1481 5580 decimo
1520 5536 1714 5593 quarto

175 5584 590 5665 Cotstantinict
620 5593 878 5660 Licinius,
910 5597 1111 5664 inquit,
1154 5597 1494 5649 Christianos
1527 5584 1593 5649 de
1625 5611 1717 5664 pa-

178 5651 290 5728 latio
315 5672 408 5711 suo
441 5662 607 5728 pellit.
635 5683 655 5717 ι
694 5665 836 5719 l'dem
869 5651 1030 5720 habet
1075 5651 1298 5720 Orosius
1337 5667 1387 5718 in
1438 5666 1575 5719 linro
1607 5651 1718 5728 vn,

177 5725 260 5776 Oed
300 5725 604 5796 perturbato
651 5750 829 5791 rerum
877 5751 940 5792 ac
972 5748 1272 5812 temporum
1320 5725 1732 5812 ordinetduns'

1827 4478 2029 4545 Duplex
2058 4479 2199 4530 enim
2232 4477 2330 4529 fuit
2366 4479 2534 4531 'civile
2578 4477 2776 4530 bellum
2811 4477 2950 4528 inter
2979 4477 3392 4530 Constantinum

1822 4562 1885 4600 ac
1925 4546 2210 4600 Licinium.
2259 4546 2498 4600 Primum
2545 4562 2652 4615 quo
2694 4545 2932 4598 Licinius
2971 4545 3147 4615 vietus
3189 4545 3290 4598 fuit
3324 4547 3390 4598 ad

1818 4616 2047 4672 Cibalim
2096 4617 2412 4681 Pannonim,
2458 4613 2601 4669 anno
2645 4615 2849 4669 Christi
2898 4615 3022 4667 5H.
3053 4613 3217 4680 Cujus
3264 4615 3387 4668 belli

1819 4702 2017 4740 Causas
2063 4703 2199 4738 unus
2233 4689 2376 4754 quod
2426 4688 2594 4741 sciam
2650 4685 2832 4738 retulit
2873 4696 3063 4739 auctor
3103 4694 3390 4753 excerpto-

1822 4771 1940 4808 rum
1977 4762 2040 4810 de
2066 4755 2235 4808 Certis
2269 4755 2628 4819 Constantini,
2656 4771 2814 4824 quam
2846 4757 2910 4806 ad
2959 4754 3161 4808 calcem
3206 4756 3384 4806 Amm.

1820 4825 2114 4879 Marrellini
2155 4827 2480 4895 jampridem
2521 4823 2685 4879 edidi.
2717 4823 2996 4895 Posterius
3028 4839 3158 4878 vero
3182 4825 3386 4895 bellum

1819 4895 1921 4950 fuit
1950 4897 2100 4956 illttd,
2131 4893 2238 4962 quo
2266 4898 2414 4960 juxta
2449 4895 2854 4962 AdrianOpolitn
2898 4894 3048 4947 fusus
3078 4909 3138 4946 ac
3169 4893 3390 4961 fugatus

1818 4965 1920 5019 fuit
1949 4966 2212 5027 Licinius,
2243 4967 2564 5032 tandemque
2589 4965 2653 5016 ad
2689 4964 3022 5017 deditionem
3053 4964 3385 5030 compulsus.

1819 5050 1965 5090 anno
1995 5038 2192 5090 Christi
2227 5035 2352 5088 524.
2381 5039 2458 5090 Ac
2489 5036 2684 5102 prioris
2717 5035 2938 5103 quidem
2991 5034 3114 5086 belli
3165 5034 3388 5086 mentio-

1821 5122 1941 5159 nem
1994 5107 2197 5158 nullam
2253 5105 2379 5158 fecit
2433 5105 2737 5158 Eusebius:
2785 5105 2902 5155 ideo
2959 5103 3190 5156 fortasse
3242 5106 3386 5170 quod

1817 5174 2058 5229 Licinius
2094 5176 2326 5228 nondum
2367 5176 2628 5228 adversus
2667 5172 3011 5226 Christianos
3057 5174 3388 5240 persecutio-

1820 5261 1939 5300 nem
1983 5247 2292 5298 excitasset.
2327 5247 2423 5298 Din
2457 5245 2722 5312 siquidem
2760 5251 2881 5310 post
2925 5242 3074 5310 prius
3102 5243 3226 5295 illud
3271 5243 3388 5296 beI-

1819 5315 1925 5368 lum
1975 5315 2216 5369 Licinius
2261 5316 2606 5369 Christianos
2647 5313 2893 5382 persequi
2951 5315 3204 5375 instituit,
3237 5326 3388 5382 almo

1820 5387 2026 5439 scilicet
2058 5402 2147 5439 xlv
2176 5387 2387 5454 imperii
2427 5380 2790 5445 Constantini,
2821 5393 2878 5435 ut
2911 5382 3107 5454 legitur
3136 5384 3186 5434 in
3219 5380 3390 5434 Chro-

1817 5457 1936 5508 nico
1969 5455 2183 5508 Eusebii
2234 5452 2484 5509 editionis
2525 5454 2788 5521 Scaligeri
2817 5469 2880 5506 ac
2930 5452 3124 5512 Miraei,
3169 5453 3218 5505 id
3269 5462 3386 5516 est,

1819 5541 1961 5579 anno
1986 5527 2184 5578 Christi
2216 5526 2341 5578 520.
2385 5523 2529 5578 ldem
2580 5539 2756 5576 attnus
2793 5523 3021 5575 habetur
3050 5527 3100 5574 in
3126 5521 3386 5575 Chronico

1817 5595 2064 5649 Cedreni.
2095 5602 2161 5647 At
2192 5595 2458 5648 Baronius
2497 5594 2764 5647 Licinium
2813 5607 2957 5645 anno
3008 5592 3209 5646 Christi
3254 5591 3380 5653 516,

1835 5668 2245 5719 )erscculiottcm
2287 5665 2336 5716 in
2380 5666 2718 5718 Christianos
2763 5664 3123 5716 commovisse
3169 5661 3379 5715 scribit.

1849 5735 2016 5791 ierunt
2070 5736 2122 5788 in
2192 5735 2407 5791 Baronii
2461 5734 2755 5789 Annalibus
2813 5733 3040 5788 historia
3098 5733 3382 5800 utriusque
