3858 6260
176 218 282 275 969

1266 220 1353 280 DE
1390 220 1555 279 VITA
1591 218 2048 281 CONSTANTINI
2087 222 2215 279 LIB.
2257 224 2297 282 i.

3302 233 3407 287 970

175 335 233 385 ὲν
252 333 493 404 εἱρκταῖς
520 332 1064 405 ταλαιπωρουμένους
1083 336 1282 408 μηδένα
1319 339 1594 408 μεταδόσει
1618 357 1736 412 τρο-

1846 338 2185 393 orationibus
2215 349 2528 394 sanctorum
2561 340 2796 393 virorum
2820 384 2834 405 ,
2874 341 3073 409 quibus
3114 355 3405 412 είοιιιειινε-ε

176 424 282 494 φῆς
308 423 839 495 φιλανθρωπεύεσθαι
871 428 1142 491 ἐκέλευσε,
1187 429 1305 498 μηδ’
1336 429 1499 482 ἐλεεῖν
1533 431 1659 493 τοὺς
1685 433 1741 483 ἐν
1794 439 1803 447 “

175 516 396 585 δεσμοῖς
430 514 574 585 λιμῷ
611 515 1099 587 διαφθειρομένους,
1164 520 1283 589 μηδ’
1322 520 1506 582 ἁπλῶς
1540 519 1741 586 ἀγαθὸν

175 602 313 659 εἶναι
342 605 564 676 μηδένα,
598 608 716 678 μηδ’
748 609 948 675 ἀγαθόν
974 627 1026 662 τι
1043 611 1300 681 πράττειν
1330 613 1454 673 τοὺς
1486 612 1577 664 καὶ
1608 610 1742 681 πρὸς

174 698 271 767 τῆς
299 697 514 765 φύσεως
539 700 631 751 ἐπὶ
659 698 718 752 τὸ
763 701 1043 772 συμπαθὲς
1069 702 1174 755 τῶν
1196 704 1357 765 πέλας
1386 702 1738 772 έλκομένους;

174 790 283 843 Καὶ
300 785 370 860 ἦν
399 806 460 857 γε
482 790 659 860 νόμων
685 783 836 855 οὗτος
860 793 1113 863 ἄντικρυς
1146 794 1365 865 ἀναιδὴς
1384 794 1478 845 καὶ
1514 810 1741 864 παρανο-

180 880 447 951 μώτατος,
493 884 670 935 πᾶσαν
720 882 1155 952 ὑπερακοντίζων
1195 883 1387 952 φύσινο
1437 885 1519 951 ἐφ’
1563 878 1606 950 ᾧ
1649 882 1740 935 καὶ

172 972 411 1042 τιμωρία
446 974 779 1044 προσέκειτο,
817 975 942 1036 τοὺς
986 974 1266 1037 ἐλεοῦντας
1291 974 1359 1027 τὰ
1390 975 1477 1027 ίσα
1515 975 1740 1044 πάσχειν

172 1065 284 1125 τοῖς
316 1063 674 1134 ὲλεουμένοις,
714 1066 1079 1136 ὑπομένοντας
1103 1065 1371 1135 τιμωρίας
1400 1066 1523 1127 τοὺς
1550 1064 1619 1116 τὰ
1654 1082 1740 1133 φι-

172 1152 300 1207 λάνθ
307 1172 469 1224 ρωπα
496 1157 738 1210 διακόνου
748 1159 961 1228 μένους.
1123 1147 1125 1149 ί

1846 430 2106 496 privarat.
2132 428 2268 495 Quid
2306 439 2567 499 praeterea
2600 445 3029 485 commemorare
3051 434 3268 497 attinet,
3299 449 3407 503 qum

1846 528 2004 587 pacto
2054 522 2395 590 praeceperit,
2452 536 2518 575 ne
2559 522 2772 575 miseris
2807 522 2859 574 in
2907 536 3125 576 carcere
3174 526 3429 577 detentis

1848 610 2098 662 alimenta
2130 612 2412 680 quisquam
2433 613 2746 664 humaniter
2773 612 3243 676 subministraret;
3272 629 3411 667 neve

1797 700 1970 767 .qnis
2040 703 2285 756 homines
2354 702 2405 754 in
2480 702 2706 755 vinculis
2773 701 2914 755 fame
2965 703 3415 757 contabescentes

1849 792 2195 847 miseratione
2232 802 2649 860 prosequeretur
2690 811 2703 847 :
2745 793 2848 846 hoc
2881 802 2986 857 est,
3026 808 3095 847 ne
3127 794 3246 862 quis
3292 808 3410 847 om-

1851 884 1977 936 nino
2000 884 2083 936 vir
2109 884 2284 936 bonus
2315 885 2636 946 exsisteret;
2681 899 2814 937 neve
2842 884 2875 938 ii
2910 885 3001 953 qui
3042 884 3107 938 ad
3143 886 3414 951 proximo-

1850 988 1968 1025 rum
2038 974 2439 1027 miserationem
2508 983 2700 1026 natura
2758 975 2871 1041 ipsa
2927 976 3218 1040 ducuntur,
3283 975 3408 1028 boni

1845 1062 2135 1130 quidquam
2169 1062 2520 1131 praestarent?
2560 1063 2686 1117 Fuit.
2732 1064 2844 1118 haec
2894 1066 3137 1133 profecto
3188 1065 3406 1134 quidem

1846 1152 1928 1206 lex
1960 1154 2132 1222 palam
2164 1154 2448 1222 impudens
2499 1162 2549 1207 et
2597 1155 3026 1215 immanissima;
3083 1170 3407 1224 omnemque

176 1264 385 1302 morum
417 1251 683 1305 feritatem
716 1252 872 1307 facile
902 1252 1196 1323 superarit.
1245 1251 1381 1318 Quin
1428 1250 1588 1303 etiam
1629 1248 1728 1317 legi
1790 1246 1999 1315 adjecta
2028 1256 2149 1300 erat
2182 1245 2297 1301 haec
2347 1262 2528 1315 paena,
2559 1258 2617 1300 ttt
2643 1248 2733 1317 qui
2764 1248 2984 1302 inclusis
3007 1250 3198 1314 stipem
3226 1248 3407 1303 dedis-

173 1348 308 1405 sent,
339 1346 457 1407 pari
494 1358 616 1396 cum
646 1343 776 1411 ipsis
816 1344 1074 1414 supplicio
1103 1344 1503 1413 plecterentur;
1549 1353 1714 1411 utque
1755 1341 1811 1395 in
1858 1354 2134 1395 carcerem
2179 1349 2233 1393 et
2265 1339 2475 1395 vincula
2510 1341 2736 1410 coniecti
2788 1343 3031 1395 eamdem
3073 1334 3195 1395 cum
3229 1342 3407 1397 noxiis

176 1449 383 1500 prunam
409 1438 673 1502 subirent,
710 1438 800 1506 qui
830 1437 1183 1493 humanitatis
1206 1436 1379 1493 oﬂicia
1410 1436 1489 1491 eis
1522 1435 1922 1506 praestitissent.

686 1527 1077 1580 ΚΕΦΑΛΑΙΟΝ
1099 1528 1226 1580 NE'.

173 1614 303 1682 Περὶ
346 1615 471 1669 τῶν
507 1620 775 1672 Λικινίου
812 1618 1190 1687 παρανομιῶν
1218 1617 1313 1671 καί
1350 1614 1732 1682 πλεονεξιῶν.

239 1707 499 1761 Τοιαῦται
525 1709 765 1762 Λικινίου
800 1711 856 1762 αἱ
881 1709 1169 1773 διατάξεις.
1197 1709 1260 1762 Τί
1285 1709 1340 1761 δὲ
1374 1710 1476 1780 χρὴ
1504 1708 1602 1772 τὰς
1638 1725 1735 1761 πε-
1783 1700 1795 1713 ’

177 1799 225 1867 pi.
256 1800 452 1869 γάμων
492 1798 655 1852 αὑτοῦ
694 1800 1039 1871 καινοτομίας
1071 1799 1515 1872 ἀπαριθμεῖσθαι,
1553 1799 1737 1870 ἥτοὺς

171 1888 258 1940 ἐπὶ
289 1886 555 1951 τοιούτοις
572 1888 662 1941 τὸν
706 1887 818 1958 βίον
869 1889 1286 1959 μεταλλάττουσι
1316 1890 1732 1960 νεωτερισμοὺς,

170 1979 231 2031 δι’
253 1973 326 2033 ὦν
352 1980 482 2044 τοὺς
516 1979 777 2044 παλαιοὺς
822 1981 1102 2053 Ῥωμαίων
1144 1976 1201 2033 εὖ
1236 1980 1328 2034 καὶ
1351 1979 1527 2049 σοφῶς
1554 1980 1738 2050 κειμέ-

171 2087 287 2133 νους
311 2071 517 2140 νόμους
551 2071 887 2143 περιγράψαι
922 2073 1216 2143 τολμήσας,
1247 2071 1551 2143 βαρϐάρους
1588 2070 1738 2132 τινὰς

172 2165 259 2216 καὶ
298 2163 608 2234 ἀνημέρους
657 2165 962 2233 ἀντεισῆγε,
1005 2165 1230 2234 σκήψεις
1269 2162 1497 2216 ἐπινοῶν
1538 2162 1734 2231 μυρίας

175 2255 303 2309 κατὰ
344 2255 455 2306 τῶν
514 2256 797 2325 ὑπηκόων;
844 2255 1033 2309 Ἔνθεν
1080 2258 1477 2328 ἀναμετρήσεις
1530 2254 1738 2307 ἐπενόει

176 2353 291 2422 γῆς,
314 2352 387 2415 ὡς
417 2352 485 2405 ἂν
529 2351 749 2404 πλείονα
796 2351 874 2422 τῷ
913 2352 1091 2423 μέτρῳ
1128 2351 1389 2420 λογίζοιτο
1427 2351 1524 2422 τὴν
1559 2351 1740 2421 ἐλαχί-

175 2458 316 2512 στην,
346 2445 412 2497 δι’
432 2444 737 2515 ἀπληστίαν
760 2443 1023 2515 περιττῶν
1044 2443 1396 2515 είσπράξεων.
1427 2442 1616 2496 Ἔνθεν
1630 2442 1738 2495 τῶν

176 2537 286 2587 κατ’
324 2536 531 2606 ἀγροὺς
567 2535 762 2607 μηκέτι
800 2535 969 2587 ὅντων
1003 2533 1321 2607 ἀνθρώπων,
1371 2534 1645 2604 πρόπαλαι
1692 2534 1737 2587 δ’

175 2630 229 2683 ὲν
256 2630 470 2699 νεκροῖς
523 2626 808 2698 κειμένων,
862 2628 1179 2699 ἀναγραφὰς
1218 2630 1471 2691 ἐποιεῖτο,
1514 2628 1738 2699 αἰσχρὸν

177 2719 313 2791 αὑτῷ
341 2720 536 2792 κέρδος
577 2720 640 2773 ὲκ
684 2720 871 2772 τούτου
914 2718 1288 2791 ποριζόμενος.
1337 2720 1412 2772 Οὑ
1452 2718 1560 2790 γὰρ
1596 2717 1738 2790 εἶχεν

177 2811 314 2881 αὐτῷ
340 2811 593 2882 μέτρονὴ
621 2809 953 2881 μικρολογία,
980 2810 1087 2864 οὐδ’
1110 2813 1141 2880 ἡ
1172 2810 1443 2881 ἀπληστία
1469 2811 1613 2883 κόρῳ
1643 2828 1741 2863 πε-

2331 1522 2496 1599 433
2525 1521 2755 1579 CAPUT
2794 1520 2907 1577 LV.

2146 1615 2221 1670 De
2253 1617 2528 1682 iniquitate
2555 1628 2599 1670 et
2624 1621 2851 1671 avaritia
2876 1616 3083 1669 Licinii.

1911 1707 2225 1776 Huiusmodi
2275 1708 2428 1765 fuere
2489 1710 2905 1764 constitutiones
2980 1709 3197 1765 Licinii.
3261 1708 3397 1776 Quid

1839 1816 1968 1855 vero
2011 1816 2146 1869 opus
2170 1810 2263 1871 est
2310 1815 2597 1855 recensere
2634 1816 2752 1869 quae
2782 1802 2836 1854 in
2873 1802 3072 1869 nuptiis
3120 1813 3212 1855 aut
3255 1804 3399 1854 circa

1842 1889 2135 1945 morientes
2191 1892 2505 1956 innovavit;
2558 1901 2799 1946 vetustas
2841 1890 3207 1945 Romanorum
3256 1878 3404 1961 leges

1842 1991 1990 2034 recte
2037 1988 2092 2034 et
2143 1982 2419 2051 sapienter
2475 1982 2796 2035 constitutas
2846 1997 3009 2035 ausus
3064 1982 3302 2045 abolere,
3351 1994 3407 2035 et

1842 2069 2105 2126 barbaras
2131 2072 2394 2139 quasdam
2428 2080 2592 2139 atque
2628 2072 2889 2125 immanes
2926 2072 3188 2140 planeque
3235 2072 3407 2141 illegi-

1844 2162 2006 2216 timas
2045 2172 2101 2216 et
2151 2163 2367 2233 iniquas
2426 2162 2572 2232 leges
2615 2164 2826 2217 illarum
2874 2163 2993 2217 loro
3038 2165 3408 2219 substituere?

1845 2253 1985 2308 Mille
2014 2264 2277 2322 praterea
2311 2255 2656 2308 exactionnm
2690 2270 2887 2323 genera
2929 2256 3189 2310 adversus
3213 2255 3405 2309 subdi-

1845 2352 1927 2399 tos
1964 2343 2315 2414 excogitavit.
2342 2342 2602 2409 Quocirca
2629 2358 2795 2398 novas
2822 2358 3072 2413 agrorum
3096 2344 3405 2397 mensiones

1842 2436 2141 2502 adinvenit,
2192 2445 2251 2489 ιιι
2292 2436 2471 2507 exigui
2506 2436 2620 2506 agri
2656 2435 2913 2499 maiorem
2948 2438 3243 2506 imputaret
3289 2452 3407 2492 mo-

1843 2527 1991 2591 dum,
2015 2525 2084 2579 ob
2106 2525 2479 2595 inexplebilem
2495 2526 2843 2595 cupiditatem
2863 2526 3150 2580 nimiarum
3169 2534 3409 2579 exactio.

1844 2635 1992 2677 num.
2013 2619 2138 2675 Ideo
2174 2623 2499 2676 rusticorum
2532 2620 2623 2688 qui
2665 2620 2986 2688 superstites
3035 2618 3265 2686 amplius
3298 2633 3405 2670 non

1843 2720 2018 2773 erant,
2048 2710 2138 2764 sed
2165 2708 2490 2778 jampridem
2523 2709 2807 2771 obierant,
2841 2708 3057 2762 nomina
3090 2709 3143 2761 in
3175 2721 3407 2763 censua-

1847 2801 1988 2856 libus
2019 2801 2214 2854 tabulis
2243 2798 2594 2864 inscribebat,
2626 2800 2796 2869 turpis
2832 2800 2969 2853 lucri
3002 2800 3128 2854 hinc
3155 2813 3407 2867 compen-

180 2903 473 2976 ριωρίζετο.
505 2905 596 2955 Διὸ
619 2902 682 2973 δὴ
709 2902 883 2955 πάντα
912 2902 1204 2974 πληρώσας
1228 2901 1430 2974 χρυσοῦ
1452 2882 1545 2956 καί
1570 2903 1736 2974 ἀργύ-

1846 2891 1993 2945 dium
2021 2898 2268 2958 captans.
2301 2889 2484 2957 Neque
2520 2889 2663 2941 enim
2700 2889 2917 2943 sordida
2950 2889 3187 2943 hominis
3224 2892 3406 2958 parci-

178 3010 264 3064 ρον
285 2994 583 3065 χρημάτων
608 2995 653 3045 τ’
686 2995 924 3064 ἀπείρων
951 2993 1161 3066 πλήθει,
1205 2994 1403 3047 στένων
1430 2994 1742 3065 ἀπωδύρετο

178 3084 456 3156 πτωχείαν,
506 3084 810 3155 Τανταλείῳ
841 3085 1001 3138 πάθει
1035 3084 1132 3156 τὴν
1175 3083 1352 3155 ψυχὴν
1387 3082 1737 3154 τρυχόμενος.

178 3178 295 3241 υἷας
318 3176 361 3231 δ’
386 3176 589 3248 ἐφεῦρε
604 3175 744 3230 κατὰ
757 3174 864 3229 τῶν
886 3176 1049 3248 μηδὲν
1072 3174 1403 3245 ἠδικηκότων
1424 3172 1743 3245 ὑπερορίους

175 3269 452 3341 τιμωρίας,
487 3269 603 3332 οἵας
637 3269 986 3339 ὑπαρχόντων
1010 3265 1320 3343 δημεύσεις,
1350 3265 1468 3328 οἵας
1492 3265 1743 3334 εὐπατρι-

178 3360 272 3416 δῶν
300 3364 391 3417 καὶ
415 3362 710 3431 ἀξιολόγων
741 3360 947 3432 ἀνδρῶν
966 3358 1285 3428 ἀπαγωγὰς,
1326 3349 1400 3410 ὧν
1431 3355 1527 3418 τὰς
1554 3371 1740 3424 κουρι-

178 3451 283 3516 δίας
316 3454 532 3525 μιαροῖς
568 3452 800 3514 οἰκέταις
824 3450 1076 3521 ἐφ’ὖϐρει
1100 3448 1348 3520 πράξεως
1378 3446 1608 3515 αἰσχρᾶς
1642 3460 1739 3495 πα-

181 3548 400 3620 ρεδίδου·
435 3550 590 3611 ὅσαις
629 3548 672 3600 δ’
705 3546 884 3610 αὑτὸς,
921 3546 1121 3614 καίπερ
1160 3544 1261 3615 ἢδη
1301 3543 1449 3613 γήρᾳ.
1482 3540 1541 3593 τὸ
1577 3538 1737 3609 σῶμα

181 3638 641 3709 πεπαλαιωμένος,
691 3637 934 3706 γυναιξὶν
983 3635 1293 3706 ὑπάνδροις,
1338 3630 1628 3703 παρθένοις
1678 3644 1735 3679 τε

179 3728 354 3799 κόραις
385 3730 678 3801 ἐπεχείρει,
725 3730 783 3781 οὑ
912 3726 1080 3780 ταῦτα
1111 3724 1285 3796 χρεὼν
1316 3721 1594 3794 μηκύνειν,
1638 3719 1737 3789 τῆς

179 3818 276 3873 τῶν
314 3822 558 3891 ἐσχάτων
592 3820 753 3874 αὑτοῦ
792 3820 1037 3892 πράξεων
1069 3817 1370 3888 ὑπερϐολῆς
1420 3812 1628 3885 σμικρὰ
1675 3809 1737 3863 τὰ

182 3910 356 3981 πρῶτα
386 3912 483 3964 καὶ
513 3913 573 3964 τὸ
603 3912 763 3982 μηδὲν
793 3909 1166 3982 ἁποδειξάσης.

1847 2982 2023 3035 monia
2055 2980 2218 3035 ullum
2247 2981 2482 3035 habebat
2530 2980 2769 3045 modum,
2806 2994 2902 3034 nec
2930 2979 3163 3033 habendi
3191 2979 3405 3047 cupidi-

1849 3081 2011 3127 tatem
2042 3072 2266 3126 satietas
2300 3072 2541 3128 finiebat.
2577 3072 2763 3140 Itaque
2784 3086 2906 3125 cum
2938 3083 3073 3122 auro
3094 3079 3149 3123 et
3180 3080 3406 3139 argento

1848 3171 1902 3217 et
1931 3164 2190 3216 immensa
2237 3176 2394 3230 opum
2442 3162 2600 3231 copia
2639 3163 2920 3215 thesauros
2951 3176 3078 3215 suos
3106 3160 3403 3228 implesset,

1845 3267 2064 3323 gemens
2108 3253 2175 3307 de
2221 3262 2536 3322 paupertate
2576 3269 2671 3307 sua
2718 3252 3067 3323 querebatur,
3127 3252 3406 3307 Tantalici»

1844 3346 2079 3416 quodam
2114 3346 2304 3400 morbo
2327 3356 2581 3401 vexatus.
2624 3344 2763 3410 Quid
2800 3344 3031 3399 referam
3057 3345 3248 3399 exsilia
3279 3349 3404 3413 qui-

1842 3438 1942 3493 bus
1966 3437 2452 3491 virosinnocentes
2477 3434 2788 3490 damnavit?
2828 3434 2965 3501 Quid
3006 3436 3269 3488 bonorum
3306 3448 3406 3501 pu-

1844 3528 2206 3583 blicationes?
2256 3527 2395 3593 Quid
2429 3526 2640 3581 nobiles
2700 3540 2766 3581 ac
2807 3525 3093 3595 praecipuae
3125 3525 3405 3595 dignitatis

1843 3622 2085 3675 homines
2138 3622 2192 3674 in
2246 3633 2517 3673 carcerem
2573 3618 2854 3681 abductos,
2909 3630 3140 3687 quorum
3206 3632 3405 3672 uxores

1843 3712 2121 3768 sceleratis
2192 3709 2511 3781 quibusdam
2606 3711 2892 3778 mancipiis
2967 3711 3403 3778 constuprandas

1843 3804 2048 3859 dabat?
2077 3802 2219 3870 Quid
2250 3801 2501 3856 mulieres
2527 3811 2743 3870 nuptas,
2781 3801 2910 3871 quid
2944 3802 3181 3869 virgines
3213 3816 3403 3855 recen-

1843 3910 2010 3960 seam,
2067 3893 2264 3964 quibus
2312 3893 2601 3961 ipse,licet
2648 3892 2839 3946 affecta
2883 3892 2995 3961 jam
3055 3900 3237 3957 :etate,
3293 3894 3400 3945 vim

184 3998 368 4058 inferre
425 4008 694 4056 tentavit!
736 4004 878 4057 Nihil
922 4018 1057 4071 opus
1114 4012 1197 4056 est
1253 4003 1305 4055 in
1361 4001 1446 4054 his
1510 3988 1995 4052 commemorandis
2055 3986 2258 4041 diutius
2302 3985 2608 4049 immorari,
2659 3999 2783 4039 cum
2826 3993 3227 4053 postremorum
3282 3983 3403 4051 ejus

184 4089 470 4149 facinorum
502 4096 766 4162 gravitas,
807 4103 863 4147 nt
903 4095 1082 4162 priora
1128 4096 1241 4148 brcc
1284 4094 1418 4148 levia
1454 4108 1517 4161 ac.
1547 4101 1712 4158 prope
1735 4080 1882 4137 nulla
1907 4081 2239 4144 viderentur,
2267 4077 2526 4133 effecerit.

464 4248 467 4251 _
656 4186 1048 4239 ΚΕΦΑΛΑΙΟΝ
1079 4186 1222 4251 Νεῖι.

329 4275 457 4328 Ὀτι
484 4273 738 4330 διωγμὸν
757 4274 1002 4330 ποιιῖσαι
1023 4276 1236 4329 λοιπὸν
1259 4272 1567 4342 ἐπεχείρει.

246 4429 314 4481 Τὸ
340 4427 469 4496 γοῦν
499 4428 647 4492 τέλος
679 4428 825 4499 αὑτῷ
866 4428 964 4498 τῆς
996 4429 1190 4498 μανίας
1226 4428 1364 4482 κατὰ
1402 4426 1507 4481 τῶν
1534 4426 1731 4498 ἐκκλη-

188 4518 305 4571 σιῶν
342 4517 625 4582 ὡπλίζετο,
665 4519 755 4571 ὲπί
797 4535 858 4570 τε
890 4518 1014 4582 τοὺς
1046 4519 1370 4580 ἐπισκόπους
1393 4515 1607 4587 ἐχώρει,
1639 4514 1733 4579 οὒς

187 4608 245 4662 ἂν
273 4611 499 4679 μάλιστα
532 4609 965 4679 ἐναντιουμένους
981 4607 1152 4681 ἐώρα·
1184 4610 1277 4663 καὶ
1296 4610 1521 4680 ἐχθροὺς
1549 4609 1732 4678 ἡγεῖτο

187 4704 300 4766 τοὺς
328 4703 402 4773 τῷ
425 4703 659 4771 θεοφιλεῖ
690 4702 782 4754 καὶ
817 4701 1033 4772 μεγάλῳ
1063 4701 1269 4771 βασιλεῖ
1304 4700 1508 4770 φίλους.
1548 4700 1638 4753 Διὸ
1666 4699 1731 4769 δὴ

191 4793 407 4862 μάλιστα
430 4792 549 4847 καθ’
588 4792 741 4863 ἡμῶν
772 4792 861 4845 τὸν
892 4790 1058 4861 θυμὸν
1096 4791 1345 4857 ὼξὺνετο,
1384 4790 1478 4843 τοῦ
1518 4789 1730 4859 σώφρο-

184 4899 267 4947 νος
288 4884 391 4955 (19)
421 4883 903 4955 παρενηνεγμένος,
945 4881 1067 4934 οὔτε
1108 4883 1206 4952 τὴν
1237 4884 1454 4952 μνήμην
1485 4880 1593 4932 τῶν
1624 4879 1732 4949 πρὸ

189 4975 338 5027 αὑτοῦ
374 4977 727 5046 Χριστιανοὺς
759 4972 1121 5040 ἐκδιωξάντων
1163 4976 1220 5026 ἐν
1261 4973 1337 5042 νῷ
1382 4971 1728 5036 κατεϐάλετο,

189 5065 289 5119 οὗθ’
318 5060 390 5120 ὧν
433 5067 590 5130 αὑτὸς
627 5067 816 5137 όλετὴρ
865 5067 954 5118 καί
996 5065 1232 5135 τιμωρὸς
1264 5064 1329 5117 δι’
1361 5063 1427 5125 ἃς
1470 5062 1728 5133 μετῆλθον

186 5158 444 5223 ἀσεϐείας,
469 5160 721 5228 κατέστη,
745 5156 856 5210 οὗθ’
880 5151 953 5213 ὧν
980 5158 1251 5225 αὐτόπτης
1278 5155 1516 5223 γέγονεν,
1548 5155 1728 5216 αὑτοῖς

189 5334 273 5400 τός
310 5340 462 5407 ponit
510 5353 609 5408 pro
662 5336 1050 5408 paganis__seu_
1072 5333 1398 5408 gentilibus;
1426 5331 1560 5408 Vide
1594 5345 1721 5408 gnte

192 5403 339 5473 supra
372 5403 547 5465 notavi
576 5409 640 5461 ad
666 5403 831 5474 caput
860 5404 932 5460 43
966 5403 1120 5470 hujus
1156 5405 1300 5458 libri.
1339 5403 1722 5470 Christopbor-

193 5489 345 5533 sonus
379 5488 550 5533 tamen
579 5477 685 5532 τῶν
727 5475 883 5539 ἐκτός
922 5476 1302 5544 interpretatus
1328 5484 1409 5544 est
1436 5483 1719 5539 prreterea;

194 5556 247 5615 t_tt
274 5546 408 5602 idem
452 5551 517 5603 sit
544 5565 607 5603 ac
630 5546 830 5601 τούτων
866 5543 1042 5609 ἐκτός,
1068 5543 1346 5615 quomodo
1397 5543 1605 5597 locutus
1638 5552 1721 5595 est

196 5613 462 5687 Eusebius,
488 5635 607 5689 cap.
631 5619 719 5671 45.

539 5711 806 5771 Panos.
839 5707 957 5768 Gn.
1000 5705 1139 5769 XX.

2406 4167 2633 4225 CAPUT
2683 4166 2817 4223 LVI.

1911 4262 2185 4330 Quomodo
2241 4260 2651 4330 persecutionem
2705 4262 2953 4330 adversus
2997 4256 3330 4312 Christianos

2325 4332 2533 4383 tandem
2580 4329 2901 4382 excitaverit.

1909 4426 2150 4494 Denique
2172 4436 2237 4477 eo
2266 4420 2470 4474 furoris
2505 4420 2792 4486 processit,
2826 4426 2884 4470 ut
2916 4416 3177 4471 Ecclesiis
3198 4416 3396 4471 bellum

1839 4517 2089 4579 inferret,
2124 4513 2378 4581 ipsosque
2407 4511 2695 4577 episcopos
2726 4507 3056 4573 adoriretur,
3082 4521 3217 4575 quos
3234 4508 3401 4561 maxi-

1838 4622 1924 4661 me
1950 4605 2055 4660 sibi
2082 4604 2340 4658 adversos
2367 4614 2488 4655 esse
2514 4598 2881 4669 intelligebat;
2913 4612 3011 4666 pro
3036 4598 3273 4652 inimicis
3299 4599 3399 4651 ha-

1836 4700 1971 4753 bens
1995 4710 2088 4750 eos
2117 4695 2209 4763 qui
2235 4692 2456 4747 maximi
2486 4691 2700 4758 Deoque
2721 4689 3025 4744 chari‘ssitni
3054 4688 3396 4757 imperatoris

1838 4789 1997 4844 amici
2048 4794 2249 4841 essent.
2287 4784 2369 4839 0b
2409 4797 2569 4850 quam
2598 4781 2869 4849 praecipue
2904 4794 3123 4833 causam
3158 4778 3397 4834 furorem
3444 4772 3451 4793 ‘

1837 4895 1995 4935 suum
2024 4878 2075 4931 in
2106 4891 2205 4931 nos
2232 4874 2473 4935 exacuit,
2533 4886 2562 4924 a
2613 4879 2762 4925 recta
2807 4868 3020 4922 ratione
3066 4868 3393 4922 desciscens.

1840 4973 1949 5025 Nec
1992 4967 2293 5035 exemplum
2328 4978 2515 5019 eorum
2550 4962 2642 5031 qui
2673 4970 2800 5014 ante
2842 4960 3019 5028 ipsum
3057 4958 3398 5014 Christianos

1837 5062 2055 5115 fuerant
2100 5057 2391 5128 persecuti.
2450 5057 2505 5109 in
2548 5053 2865 5108 memoriam
2920 5051 3021 5106 sibi
3079 5051 3393 5110 revocavit;

1839 5167 1940 5206 nec
1984 5149 2195 5203 illorum
2229 5160 2460 5217 quorum
2494 5145 2563 5198 ob
2608 5142 2770 5211 impia
2822 5140 3061 5194 facinora
3098 5141 3241 5194 ultor
3282 5140 3397 5208 ipse

1899 5329 2009 5400 (l9)
2055 5326 2165 5381 Τόῦ
2207 5324 2537 5395 σώφρονος.
2569 5323 2698 5400 Pes;
2737 5336 2851 5377 meo
2894 5335 3057 5400 verna
3100 5325 3394 5374 asteriscus

1828 5392 2176 5469 apponendus
2204 5392 2312 5469 est;
2335 5392 2533 5469 Desunt
2558 5394 2703 5469 enim
2757 5392 3030 5452 nonnulla,
3059 5407 3181 5469 quae
3214 5402 3392 5453 tamen

1828 5458 2012 5522 ex'lib.
2039 5485 2096 5528 x.
2127 5482 2247 5534 cap.
2275 5466 2328 5530 8,
2359 5467 2428 5518 ita
2449 5464 2692 5534 suppleri
2707 5458 3394 5534 possunt‘moﬁ‘qtbcppovoc

1827 5538 2131 5611 superasti
2147 5529 2427 5611 λογισμοῦ.
2482 5529 2720 5589 lli—codd.
2746 5531 2880 5611 Fuit.
2907 5529 2947 5583 Τ
2954 5547 2984 5582 ιι
2996 5531 3146 5585 rnebi
3174 5529 3391 5585 ac‘b‘av.

1827 5603 2018 5678 legitur
2040 5604 2134 5659 τοῦ
2164 5603 2435 5675 σώφρονος
2460 5603 2957 5673 παρενηνεγμένος.

2998 5692 3073 5753 31
