3858 6260
385 256 484 311 971

1127 248 1394 306 EUSEBII
1429 244 1906 304 CJESARIENSIS
1942 244 2090 302 OPP.
2131 247 2312 304 PARS
2348 248 2391 304 ἰ.
2429 277 2502 288 ——
2539 246 2923 304 IIISTORICA.

3537 250 3634 307 972

385 383 555 441 atque
587 369 888 424 exstinctor
914 364 1091 420 fuerat
1119 363 1473 420 constitutus.
1520 360 1632 416 Nec
1674 361 1859 418 animo
1904 372 1950 417 cl

2061 361 2391 435 παραλαϐὼν
2433 364 2646 434 ὄμμασι
2686 362 2777 416 τὸν
2816 360 3203 434 πρωτοστάτην
3235 362 3347 433 (20)
3394 363 3499 415 τῶν
3543 380 3636 418 κα-

385 461 724 533 cogitatione’
762 457 926 530 437
972 456 1203 512 recoluit
1233 468 1297 510 ea
1326 469 1559 525 quorum
1596 453 1710 524 ipse
1738 462 1955 523 specta-

322 578 335 592 ο
387 562 471 605 ιοι·
496 553 823 616 exstiterat,
886 561 1015 605 tunc
1056 564 1178 603 cum
1215 547 1372 603 illum
1396 549 1640 603 omnium
1693 548 1958 602 malorum

2064 453 2196 520 κῶν,
2236 455 2295 518 ὃς
2323 473 2406 519 τις
2448 473 2576 509 ποτε
2609 450 2678 526 ἦν
2710 456 2936 519 ἐκεῖνος,
2977 452 3223 524 θεηλάτῳ
3255 454 3478 525 μάστιγι
3510 457 3638 528 πλη-

2066 548 2251 616 γέντα.

383 644 823 714 antesignanum,
895 640 1140 711 quisquis
1206 640 1299 696 ille
1344 641 1564 697 tandem
1625 638 1764 707 fuit,
1817 638 2022 695 inﬂicta
2082 641 2343 695 divinitus
2391 639 2546 711 plaga
2604 653 2925 709 percussum
2974 637 3091 694 suis
3134 637 3250 708 ipse
3298 637 3474 693 oculis
3510 652 3635 693 con-

386 736 584 807 spexit.

959 825 1188 883 CAPUT
1222 825 1382 882 LVII.

393 917 635 983 Qualiter
664 912 1030 972 Maximianus
1059 917 1301 988 ﬁstuloso
1338 933 1402 973 ac
1433 919 1753 975 verminante
1784 920 1956 975 ulcere

488 989 837 1054 perdomitus,
871 1005 966 1058 pro
999 988 1320 1043 Christianis
1355 990 1520 1060 legem
1556 991 1848 1059 scripserit.

454 1079 589 1134 Nam
622 1094 744 1134 cum
778 1080 866 1136 hic
903 1080 1181 1137 Ecclesias
1222 1095 1535 1152 oppugnare
1562 1096 1792 1140 exorsus
1825 1082 1959 1139 fuis-

379 1181 486 1237 set,
519 1172 838 1241 primusque
858 1170 1136 1241 justorum
1173 1186 1237 1228 ac
1285 1174 1378 1228 Dei
1418 1173 1689 1229 cultorum
1717 1175 1956 1231 caedibus

381 1265 622 1321 animum
658 1278 816 1319 suum
853 1265 1326 1330 contaminasset;
1371 1266 1570 1322 merito
1616 1282 1738 1323 eum
1773 1268 1954 1322 divina

380 1356 514 1413 ultio
561 1357 856 1427 corripuit.
902 1356 969 1411 ab
1017 1358 1154 1429 ipsis
1197 1373 1394 1415 exorsa
1455 1360 1744 1426 carnibus,
1792 1373 1847 1417 et
1888 1361 1955 1416 ad

382 1451 619 1507 animam
662 1464 834 1520 usque
871 1465 1179 1521 progressa.
1222 1451 1467 1522 Repente
1495 1453 1643 1506 enim
1679 1452 1732 1506 in
1779 1454 1957 1508 medio

387 1545 754 1602 occultiorum
786 1546 1043 1616 corporis
1071 1546 1307 1618 partium
1352 1547 1640 1602 abscessus
1683 1546 1731 1601 ei
1776 1548 1960 1603 nasci-

2565 835 2966 890 ΚΕΦΑΛΑῘΟΝ
3000 836 3130 890 ΝΖ’.

2063 928 2190 980 Ὅτι
2215 926 2585 996 Μαξιμιιινὸς
2609 926 2845 995 σύριγγι
2871 925 2969 996 καὶ
2995 923 3266 991 σκώληκι
3293 923 3636 995 δαμασθείς,

2432 996 2583 1064 ὑπὲρ
2609 994 2980 1064 Χριστιανῶν
3008 996 3285 1065 ἕῃιοαφεν.

2145 1086 2358 1160 Ἐπειδὴ
2387 1085 2496 1159 γάρ
2522 1086 2620 1159 τῆς
2649 1087 2754 1140 τῶν
2769 1084 3103 1155 Ἐκκλησιῶν
3131 1087 3375 1159 κατῆρχε
3428 1085 3635 1158 πολιορ-

2063 1178 2187 1243 κίας
2209 1174 2383 1241 οὗτος,
2412 1176 2627 1249 πρῶτός
2650 1194 2708 1230 τε
2735 1175 2833 1248 τὴν
2866 1176 3057 1229 ἑαυτοῦ
3085 1175 3263 1248 ψυχὴν
3290 1177 3518 1232 δικαίων
3547 1179 3635 1232 καὶ

2061 1270 2327 1324 θεοσεϐῶν
2357 1270 2615 1342 ἐνέφυρεν
2649 1268 2865 1341 αἵμασι,
2888 1268 3229 1340 θεόπεμπτος
3260 1270 3426 1324 αὐτὸν
3448 1272 3637 1343 μετήρ-

2060 1379 2184 1432 χετο
2209 1359 2469 1432 τιμωρία,
2519 1359 2579 1425 ἐξ
2601 1359 2771 1431 αὐτῆς
2803 1358 2967 1413 αὐτοῦ
2997 1360 3382 1434 καταρξαμένη
3420 1362 3630 1435 σαρκὸς,

2061 1453 2153 1507 καὶ
2187 1454 2349 1524 μέχρι
2386 1452 2485 1522 τῆς
2531 1450 2712 1522 ψυχῆς
2755 1447 3113 1521 προελθοῦσα.
3164 1450 3361 1521 Ἀθρόα
3404 1452 3504 1523 μὲν
3533 1454 3633 1524 γὰρ

2062 1545 2211 1616 αὐτῷ
2269 1546 2396 1617 περὶ
2425 1544 2495 1599 τὰ
2546 1545 2688 1618 μέσα
2727 1542 2836 1598 τῶν
2873 1544 3203 1616 ἀπορρήτων
3248 1543 3343 1598 τοῦ
3391 1543 3633 1617 σώματος

383 1647 489 1709 tur;
508 1636 891 1693 ulcusdeinde
922 1639 977 1692 in
1016 1638 1124 1692 imo
1178 1638 1507 1697 listulosum.
1543 1637 1837 1710 Utriusque
1874 1639 1950 1694 in-

2061 1637 2362 1701 ἀπόστασις
2390 1636 2628 1707 γίνεται’
2671 1631 2770 1689 εἷθ’
2800 1633 2955 1699 ἕλκος
3000 1636 3057 1688 ὲν
3098 1635 3252 1707 βάθει
3285 1637 3631 1708 συριγγῶδες,

381 1729 642 1785 sanabilis
687 1746 903 1786 morsus
941 1730 1133 1784 intima
1173 1722 1383 1786 viscera
1428 1732 1843 1802 depascebatur.
1878 1732 1958 1787 Ex

378 1822 466 1877 hls
497 1821 834 1878 incredibilis
862 1822 1131 1879 vermium
1182 1822 1476 1880 multitudo
1518 1823 1844 1890 scaturiens,
1881 1823 1957 1878 le-

383 1912 548 1967 talem
597 1912 892 1969 exhalabat
957 1914 1208 1969 fetorem.
1255 1912 1468 1986 Quippe
1498 1914 1575 1970 illi
1610 1924 1720 1970 tota
1764 1928 1958 1985 corpo-

381 2005 459 2059 ris
491 2004 680 2068 moles,
712 2006 784 2062 ob
826 2005 1052 2061 nimiam
1096 2005 1339 2061 alimenti
1378 2006 1592 2075 copiam
1635 2005 1691 2061 in
1732 2008 1958 2063 immen-

378 2110 497 2151 sam
552 2099 859 2167 quamdam‘
892 2098 1277 2168 pinguedinem
1320 2112 1583 2155 conversa
1632 2109 1786 2156 erat:
1833 2116 1957 2171 qum

380 2199 512 2245 tunc
549 2188 810 2260 temporis
852 2189 907 2245 in
953 2189 1131 2247 tabem
1172 2188 1372 2255 soluta,
1403 2189 1738 2247 horrendum
1785 2201 1841 2248 et
1875 2193 1956 2247 iu-

377 2281 663 2337 tolerabile
710 2282 1085 2351 spectaculum
1139 2280 1447 2338 astantibus
1495 2284 1798 2353 praabuisse
1844 2282 1956 2339 ier-

379 2385 487 2430 tur.
533 2373 640 2431 Tot
688 2373 858 2443 igitur
895 2382 1185 2445 quassatus
1236 2372 1428 2440 malis,
1485 2375 1704 2430 tandem
1752 2375 1956 2431 intelli-

352 2482 505 2539 zgere
539 2466 711 2538 cmpit
739 2481 860 2536 quae
888 2476 1081 2521 contra
1114 2464 1411 2521 Ecclesiam
1456 2466 1664 2525 scelera
1697 2467 1955 2523 admisis-

376 2570 482 2617 set.
528 2558 781 2616 Postbaec
822 2574 1069 2616 errorem
1118 2575 1276 2616 suum
1321 2559 1433 2614 Deo
1466 2559 1781 2626 confessus,
1830 2575 1954 2632 per-

374 2651 713 2709 secutionem
789 2651 1225 2709 Christianorum
1292 2650 1589 2718 cohibere,
1648 2661 1706 2706 et
1758 2653 1953 2724 regali-

377 2748 478 2801 bus
520 2745 717 2802 edictis
756 2759 826 2803 ac
882 2746 1094 2814 legibus
1151 2744 1407 2812 emissis,
1450 2744 1710 2800 ecclesias
1761 2760 1951 2802 eorum

375 2838 703 2908 quantocius
754 2837 1047 2904 mdillcari,
1101 2835 1356 2907 ipsosque
1402 2836 1741 2895 Christianos
1792 2852 1950 2894 sacra

375 2946 473 2985 sua
517 2929 681 2985 solito
726 2944 876 2985 more
906 2941 1187 3000 peragere,
1221 2937 1277 2984 et
1312 2944 1409 3000 pro
1452 2927 1788 3001 imperatore
1829 2945 1951 3002 pre-

377 3039 470 3078 ces
502 3022 570 3076 ad
602 3022 771 3078 Deum
819 3021 1051 3077 fundere
1077 3021 1252 3092 jubet.

934 3111 1165 3170 CAPUT
1206 3110 1386 3170 LVIII.

432 3202 690 3275 Qualiter
721 3204 1071 3271 Maatintinus,
1109 3203 1531 3259 Christianorum
1568 3216 1884 3275 persecutor,

572 3274 779 3345 fugiens
818 3275 997 3329 servili
1042 3276 1229 3328 habitu
1258 3291 1369 3328 sese
1401 3274 1762 3330 occultaverit.

412 3414 417 3423 .
448 3365 651 3422 Verum
685 3365 773 3421 hic
802 3365 1022 3435 quidem
1049 3365 1141 3433 qui
1173 3364 1570 3434 persecutionis
1606 3374 1796 3422 auctor
1837 3367 1953 3422 l'ue-

314 3512 335 3533 ,
367 3466 481 3520 rat.
534 3455 846 3528 hujusmodi
877 3468 1071 3526 ptenas
1115 3453 1236 3509 luit.
1284 3453 1335 3510 Is
1378 3469 1510 3532 vero
1559 3455 1627 3512 de
1658 3471 1767 3527 quo
1808 3471 1951 3512 nunc

376 3551 649 3616 loquimur
693 3550 957 3615 Licinius,
1003 3550 1096 3619 qui
1141 3548 1337 3605 borum
1371 3548 1523 3605 testis
1565 3564 1632 3605 ac
1676 3557 1951 3620 spectator

373 3643 686 3708 exstiterat,
723 3650 778 3698 et
807 3642 901 3714 qui
941 3649 1137 3698 cuncta
1178 3651 1432 3699 accurate
1466 3641 1804 3712 experientia
1835 3641 1949 3712 ipsa

379 3735 612 3789 docente
641 3741 975 3805 cognoverat
999 3750 1015 3801 ;
1044 3743 1273 3805 repente
1302 3734 1544 3788 omnium
1588 3732 1814 3802 oblitus,
1849 3726 1950 3789 nec

373 3826 694 3898 supplicium
751 3827 922 3900 priori
979 3829 1105 3884 huic
1151 3830 1451 3901 irrOgatum
1493 3827 1676 3883 animo
1730 3839 1951 3896 reputa-

372 3921 471 3987 vit,
521 3934 623 3976 nec
661 3936 796 3990 quas
832 3922 1015 3976 divina
1053 3921 1268 3991 justitia
1322 3922 1391 3978 de
1428 3921 1730 3993 posteriore
1776 3918 1947 3973 altero

372 4023 675 4085 sumpserat
706 4028 918 4085 paruas.
963 4014 1067 4081 Qui
1108 4015 1324 4086 quidem
1373 4032 1496 4071 cum
1528 4029 1766 4088 priorem
1798 4013 1949 4070 illum

2061 1728 2155 1782 καὶ
2183 1727 2386 1785 τούτων
2408 1729 2624 1793 ἀνίατος
2646 1725 2785 1798 νομὴ
2816 1725 2958 1779 κατά
2992 1725 3101 1780 τῶν
3138 1727 3405 1782 ἐνδοτάτω
3431 1727 3630 1797 σπλάγ-

2060 1838 2199 1891 χνων
2218 1837 2232 1851 ο
2264 1820 2359 1890 ἀφ’
2384 1813 2460 1874 ὧν
2486 1820 2712 1875 ἀλεκτόν
2746 1838 2800 1873 τι
2842 1819 3046 1891 πλῆθος
3083 1817 3385 1890 σκωλήκων
3432 1819 3631 1891 βρύειν,

2059 1911 2338 1985 θανατώδη
2374 1930 2433 1966 τε
2456 1912 2628 1985 ὀδμὴν
2671 1914 2957 1978 ἀποπνεῖν,
2978 1910 3073 1967 τοῦ
3105 1912 3308 1977 παντὸς
3333 1912 3502 1983 ὄγκου
3532 1913 3631 1966 τῶν

2059 2007 2326 2078 σωμάτων
2377 2008 2441 2061 ἐκ
2483 2006 2849 2078 πολυτροφίας
2898 2008 2978 2070 εἰς
3032 2002 3340 2076 ὑπερϐολὴν
3396 2005 3629 2078 πλήθσυς

2058 2098 2292 2169 πιμελῆς
2358 2098 2854 2172 μεταϐεϐληκότος·
2915 2099 2984 2170 ἣν
3029 2098 3150 2151 τότε
3200 2101 3629 2162 κατασαπεῖσαν,

2057 2191 2328 2264 ἀφόρητον
2355 2193 2449 2246 καὶ
2477 2191 2841 2264 φρικτοτάτην
2856 2194 2968 2254 τοῖς
2996 2190 3355 2263 πλησιάζουσι
3378 2191 3631 2263 παρέχειν

2056 2285 2153 2358 τὴν
2178 2285 2304 2340 θέαν
2334 2286 2485 2355 φασί.
2517 2287 2629 2340 Καὶ
2648 2285 2714 2357 δὴ
2742 2284 3017 2348 τοσούτοις
3039 2284 3285 2337 παλαίων
3312 2287 3521 2352 κακοῖς,
3538 2285 3631 2354 ὀψέ

2057 2395 2187 2431 ποτε
2213 2376 2563 2449 συναίσθησιν
2591 2376 2697 2430 τῶν
2713 2378 2854 2431 κατά
2880 2377 2981 2448 τῆς
3009 2375 3339 2448 Ἐκκλησίας
3373 2377 3629 2450 τετολμη-

2058 2469 2245 2545 μένων
2264 2468 2410 2541 αὐτῷ
2434 2468 2729 2540 λαμϐάνει·
2765 2469 2999 2524 κᾶπειτα
3026 2466 3104 2539 τῷ
3143 2467 3262 2539 Θεῷ
3312 2467 3627 2541 ἐξομολογη-

2055 2561 2310 2634 σάμενος,
2342 2561 2433 2617 τὸν
2472 2560 2616 2616 κατὰ
2645 2561 2755 2614 τῶν
2796 2562 3140 2633 Χριστιανῶν
3185 2561 3465 2616 ἀποπαύει
3507 2562 3627 2615 διω-

2053 2654 2213 2724 γμὺν,
2267 2651 2453 2723 νόμοις
2511 2668 2573 2704 τε
2620 2651 2712 2705 καὶ
2744 2650 3110 2723 ’διατάγμασι
3161 2649 3483 2721 βασιλικοῖς,
3534 2648 3628 2712 τὰς

2052 2744 2347 2817 ἐκκλησίας
2369 2742 2549 2798 αὐτῶν
2575 2742 2875 2814 οἰκοδομεῖν
2903 2743 3244 2814 ἐπισπέρχει,
3264 2741 3333 2796 τά
3346 2759 3408 2796 τε
3430 2740 3624 2813 συνήθη

2052 2837 2311 2911 πράττειν
2361 2836 2577 2900 αὐτοὺς,
2628 2834 2794 2907 εὐχὰς
2828 2835 2971 2906 ὑπὲρ
3038 2834 3204 2890 αὐτοῦ
3273 2835 3624 2905 ποιουμένους

2051 2930 2417 2988 διακελεύεται

2557 3113 2952 3167 ΚΕΦΑΛΑΙΟΝ
2990 3113 3125 3168 NH’.

2055 3208 2173 3261 ’Ότι
2201 3204 2531 3275 Μαξιμῐνος
2555 3204 2776 3272 διώξας
2814 3204 3232 3274 Χριστιανοὺς,
3271 3204 3377 3259 καὶ
3427 3202 3627 3275 φυγὰν

2477 3277 2559 3342 ὡς
2584 3278 2820 3344 οἰκέτης
2862 3277 3211 3344 ἐκρύπτετο.

2133 3368 2272 3424 Ἀλλ’
2298 3371 2326 3423 ό
2345 3369 2442 3442 μὲν
2468 3369 2562 3422 τοῦ
2578 3367 2818 3439 διωγμοῦ
2848 3366 3145 3439 κατάρξας,
3170 3367 3429 3441 τοιαύτην
3444 3369 3623 3437 ὑπεῖχε

2049 3461 2224 3533 δίκην.
2252 3460 2468 3515 Τούτων
2487 3460 2532 3514 δ’
2560 3458 2833 3529 αὐτόπτης
2866 3456 2895 3510 ὁ
2926 3457 3063 3529 πρὸς
3102 3458 3195 3512 τοῦ
3233 3458 3396 3526 λόγου
3441 3460 3621 3532 δηλού-

2056 3573 2216 3629 μενος
2259 3553 2521 3625 γεγονὼς,
2568 3554 2662 3608 καὶ
2716 3550 2870 3607 ταῦτ’
2908 3551 3153 3624 ἀκριϐῶς
3197 3552 3505 3623 διεγνωκὼς
3556 3557 3619 3626 τῇ

2053 3650 2240 3722 πείρα,
2257 3649 2428 3721 λήθην
2447 3648 2513 3702 ἀθ
2522 3648 2658 3721 ρόως
2672 3647 2926 3701 ἁπάντων
2953 3648 3206 3711 ἐποιεῖτο,
3234 3645 3359 3700 οὗτε
3378 3647 3477 3719 τὴν
3489 3646 3622 3702 κατά

2050 3741 2142 3796 τοῦ
2178 3741 2439 3815 προτέρου
2476 3739 2664 3812 ποινὴν
2697 3739 2998 3808 ἀνενέγκας
3024 3741 3089 3810 τῇ
3122 3740 3331 3812 μνήμῃ,
3372 3738 3495 3792 οὔτε
3526 3740 3620 3810 τὴν

2055 3831 2164 3905 [ἐκ]
2201 3832 2293 3887 τοῦ
2343 3834 2595 3905 δευτέρου
2647 3832 2886 3906 τιμωρὸν
2918 3831 3074 3904 δίκην
3115 3833 3252 3904 (21).
3285 3835 3383 3897 Ὃς
3423 3832 3488 3905 δὴ
3534 3833 3620 3887 καὶ

2052 3925 2215 3990 αὐτὸς
2244 3925 2645 3998 ὑπερϐαλέσθαι
2675 3925 2765 3979 τὸν
2798 3924 3015 3998 πρῶτον
3057 3924 3133 3988 ὡς
3167 3925 3226 3979 ὲν
3254 3924 3444 3979 κακῶν
3466 3943 3618 3995 πεφι-

2051 4016 2412 4088 λοτιμημένος
2459 4014 2654 4084 ἀγῶνι,
2701 4013 3035 4087 καινοτέρων
3086 4012 3367 4086 τιμωριῶν
3418 4013 3618 4084 εὑρέσει

374 4113 635 4176 tanquam
710 4106 763 4160 in
831 4108 1066 4176 quodam
1126 4107 1390 4164 scelerum
1443 4109 1742 4162 certamine
1789 4119 1950 4176 supe-

2060 4104 2173 4159 καθ’
2208 4104 2366 4175 ἡμῶν
2406 4102 2830 4167 ἐκαλλωπίζετο.
2868 4103 2983 4158 Οὐκ
3029 4102 3269 4178 ἀπήρκει
3306 4102 3440 4171 γοῦν
3482 4102 3616 4173 αὐτῷ

373 4213 498 4254 rare
545 4199 830 4254 ambitiose
887 4198 1289 4261 contenderet,
1355 4213 1624 4253 novorum
1688 4196 1950 4252 adversus

2060 4196 2166 4269 πῦρ
2181 4199 2274 4251 καὶ
2300 4196 2416 4268 σίδη
2426 4213 2516 4268 ρος
2531 4195 2626 4249 καὶ
2652 4195 3151 4268 προσήλωσις,οὐδέ
3172 4211 3236 4264 γε
3259 4194 3429 4268 θῆρες
3451 4194 3617 4267 ἄγριοι

373 4302 588 4349 nostros
629 4292 1024 4364 suppliciorum
1068 4291 1383 4347 inventione
1427 4290 1790 4362 gloriabatur.
1839 4289 1949 4344 Ne-

2060 4291 2148 4345 καὶ
2199 4289 2466 4361 θαλάττης
2507 4287 2676 4361 βυθοί.
2716 4289 2864 4361 Ἤδη
2904 4289 2962 4342 δὲ
3007 4290 3143 4361 πρὸς
3180 4289 3351 4344 ἅπασι
3400 4288 3615 4353 τούτοις,

372 4401 479 4453 que
521 4386 663 4441 enim
717 4386 856 4456 ignis
894 4394 989 4440 aut
1033 4382 1264 4448 ferrum,
1322 4398 1430 4437 non
1476 4382 1753 4438 clavorum
1799 4380 1947 4436 suﬁi-

2060 4380 2211 4452 Εένην
2263 4380 2383 4434 τινά
2423 4351 2652 4433 κόλασιν
2695 4351 2858 4442 αὐτὸς
2912 4351 3177 4450 ἐφευρὼν,
3218 4378 3290 4432 τὰ
3329 4379 3426 4433 τοῦ

366 4480 586 4540 tiones,
619 4494 726 4532 non
770 4479 1072 4533 bestiarum
1109 4475 1390 4540 ,laniatus,
1432 4488 1532 4529 nec
1574 4473 1746 4529 maris
1792 4472 1946 4529 altis-

2060 4472 2384 4546 αἰσθητήρια
2409 4470 2765 4544 λυμαίνεσθαι
2789 4470 2898 4524 δεῖν
2922 4471 3249 4542 ἐνομοθέτει.
3279 4470 3478 4544 Ἀθρόα
3498 4472 3620 4544 δῆτα

372 4572 494 4626 simi
524 4571 761 4640 gurgites
794 4569 845 4625 ei
871 4567 1220 4625 sulfecerunt.
1253 4565 1360 4621 Sed
1400 4563 1567 4637 438
1602 4571 1802 4635 praeter
1830 4563 1947 4619 haec

2060 4564 2235 4638 πλήθη
2267 4565 2367 4618 οὐκ
2397 4562 2612 4637 ἀνδρῶν
2649 4563 2828 4634 μόνον,
2863 4561 2997 4615 ἀλλά
3023 4563 3116 4616 καὶ
3151 4561 3358 4616 παίδων
3397 4562 3493 4615 καὶ
3528 4578 3617 4631 γυ·

364 4665 556 4719 -omnia
605 4676 805 4718 novum
834 4661 1109 4732 quoddam
1153 4659 1401 4729 supplicii
1436 4673 1611 4729 genus
1647 4657 1763 4727 ipse
1792 4671 1948 4712 com-

2060 4656 2275 4721 ναικῶν,
2307 4655 2524 4728 ὁράσεις
2551 4654 2740 4720 δεξιῶν
2766 4654 3080 4726 ὀφθαλμῶν,
3113 4654 3291 4708 ποδῶν
3316 4655 3365 4707 τ’
3393 4653 3620 4725 ἀγκύλας

366 4765 606 4820 meatus,
640 4752 886 4810 membra
931 4754 1126 4825 quibus
1154 4751 1295 4807 lucis
1335 4765 1560 4806 usuram
1595 4749 1945 4820 percipimus,

2060 4746 2260 4820 σιδήρῳ
2288 4747 2383 4802 καὶ
2425 4746 2726 4818 καυτῆρσιν
2760 4745 3143 4818 ἀχρειούμενα,
3168 4743 3619 4818 ταλαιπωρεῖσθαι

371 4848 613 4906 mutilari
660 4849 774 4919 lege
825 4846 933 4901 lata
986 4845 1261 4916 praecepit.
1330 4844 1534 4900 Statim
1597 4843 1764 4914 igitur
1813 4857 1945 4898 eon-

2061 4839 2345 4913 μετάλλοις
2372 4838 2708 4912 παρεδίδοτο.
2732 4833 2831 4893 Ὧν
2867 4837 3050 4903 ἕνεκα,
3091 4837 3188 4891 καὶ
3214 4837 3407 4892 τοῦτον
3432 4838 3530 4891 οὐκ
3551 4836 3621 4898 είς

368 4943 509 4999 ferta
555 4941 772 5012 agmina
835 4954 939 4994 non
993 4940 1231 4994 virorum
1284 4937 1478 5003 modo,
1529 4951 1717 4991 verum
1768 4935 1935 4989 etiam

2065 4931 2277 5005 μακρὰν
2305 4932 2340 5002 ἡ
2369 4931 2462 4985 τοῦ
2499 4929 2633 4985 Θεοῦ
2668 4930 3033 5002 δικαιοκρισία
3065 4930 3287 5002 μετῄει·
3333 4931 3425 4984 ὅτε
3448 4928 3623 5002 δαιμό-

2049 5140 2158 5196 5θά
2209 5153 2369 5194 nemo
2419 5151 2524 5192 non
2561 5137 2709 5192 videt
2748 5135 3055 5192 Cedrenum
3099 5134 3190 5190 hic
3237 5133 3432 5188 falsum
3481 5145 3620 5193 esse.

2048 5212 2140 5279 qui
2171 5209 2391 5265 Galerio
2425 5206 2758 5279 maximiano
2788 5207 3047 5279 tribuerit
3076 5206 3127 5259 id
3155 5205 3416 5279 quoddiu
3446 5214 3618 5272 postea

2048 5275 2259 5349 gestum
2298 5289 2380 5335 est
2412 5293 2442 5332 a
2476 5277 2793 5349 Marituino.
2824 5276 2924 5331 Est
2960 5275 3353 5349 ltic__solemnis
3399 5289 3468 5326 ac
3511 5286 3622 5341 per-

2051 5343 2295 5420 iiulgatus
2346 5362 2505 5403 error
2536 5347 2913 5420 Graecorum,
2959 5355 3017 5400 ut
3064 5343 3457 5398 Maximianum
3507 5356 3617 5396 cum

444 5150 557 5235 (ιο)
594 5138 1938 5235 πρωτρστάτην-Εαιετξξιιῐιςλῐιξὶτιὶιηιὶιξτ,ἐῐιξεεὲ·

374 5213 658 5291 ligit,'qui
695 5220 901 5287 primus
939 5213 1127 5272 auctor
1167 5215 1371 5291 initae
1409 5213 1634 5291 signifer
1684 5226 1943 5291 persecu-

376 5282 539 5349 tionis
581 5282 1047 5349 Christianorum,
1089 5297 1150 5340 ut
1194 5285 1387 5339 scribit
1436 5282 1702 5338 Eusebius
1734 5284 1788 5336 in
1839 5282 1935 5337 lib.

376 5378 497 5420 vm.
529 5361 810 5417 Cedrenus
858 5356 1046 5413 scribit
1078 5355 1463 5410 Maximianum
1515 5367 1659 5406 anno
1699 5352 1767 5406 18
1811 5353 1939 5407 Dio-

380 5419 594 5489 cletiani
631 5430 1061 5501 persecutionem
1104 5426 1364 5501 adversus
1394 5422 1740 5501 Christianos
1784 5422 1936 5501 exci-
2050 5419 2349 5501 Magi‘miuo‘
2377 5419 2760 5501 permisceat“.

381 5478 594 5564 Egi."
610 5478 785 5557 silis-ii
796 5478 1133 5553 'itiébié'cni
1148 5478 1449 5567 cujusdam
1506 5492 1935 5567 prmstigiatoris.

2116 5490 2252 5567 (21)⁸
2272 5478 2420 5567 (iiiis
2470 5488 2586 5556 τὴν
2623 5487 2694 5541 ἐκ
2746 5487 2855 5567 τοῦ
2886 5485 3181 5567 ϐενξέρου
3217 5481 3501 5567 τιμωρὸς
3540 5478 3618 5567 ei:

382 5554 841 5639 ﬁni—cumidem
884 5567 1051 5639 .Pilati
1102 5554 1265 5639 plena
1310 5554 1619 5639 impietatis
1678 5554 1940 5639 adversus
2044 5554 2452 5639 xn'r._"Delet_tda
2504 5554 2605 5639 est.
2627 5558 2958 5639 praepositio.
3004 5554 3178 5612 Porro
3216 5554 3305 5633 hic
3358 5554 3617 5626 posterior

381 5627 655 5698 Christum
698 5627 1606 5709 composuisset;galeritusedicto
1649 5634 1850 5709 sanxit,
1881 5642 1940 5687 ut
1976 5680 2001 5706 μ
2045 5627 2128 5689 est
2157 5630 2484 5687 Maximinus
2512 5627 2754 5687 Orientis
2783 5637 3072 5701 tyrannus.

271 5693 287 5751 θ
380 5693 1372 5774 ὦῖιέίειῆηειῖἰιιῖιιιιοι-ἰιοιι’άίεοθηιια
1417 5703 1603 5773 pueris
1642 5693 1935 5759 traderent.
1976 5697 2001 5706 ’
