3858 6260
306 249 415 308 975

1399 245 1489 301 DE
1526 245 1685 301 VlTA
1719 239 2173 303 CONSTANTINI
2210 243 2338 300 LIB.
2379 243 2416 298 l.

3443 245 3512 296 97

303 383 414 419 νων
443 363 678 432 ἐλπίσιν,
706 359 781 418 ὦν
808 363 872 436 δὴ
901 363 1036 435 ᾦετο
1075 361 1231 426 θεῶν,
1263 363 1496 417 ὁπλιτῶν
1532 382 1592 418 τε
1623 364 1860 437 μυριάσιε

1984 377 2269 430 puerorum
2319 376 2380 414 ac
2433 357 2738 425 mulierum,
2776 361 2982 416 dextris
3013 361 3183 416 oculis
3224 371 3283 414 et
3328 361 3541 430 junctu-

304 459 702 532 ἀναριθμήτοις
753 460 1148 531 ἐπιθαρρήσας,
1211 457 1431 528 πολέμῳ
1489 459 1877 529 παρετάττετο.

303 550 620 624 Τηνικαῦτα
650 549 758 623 γάρ
790 550 1098 621 γυμνωθεὶς
1132 551 1230 621 τῆς
1259 551 1321 601 ἐκ
1348 548 1442 602 τοῦ
1477 548 1610 601 Θεοῦ
1648 548 1878 612 ἐλπίδος,

301 643 630 698 ὁπεκδύεται
659 644 747 697 τὸν
778 645 838 696 οὐ
880 643 1156 715 πρέποντα
1182 641 1328 712 αὐτῷ
1361 641 1634 712 βασιλικὸν
1657 642 1876 712 κόσμον,

300 734 496 798 δειλῶς
534 751 594 786 τε
631 735 723 787 καὶ
752 734 1025 804 ἀνάνδρως
1062 731 1259 796 ὑποδὺς
1289 733 1347 784 τὸ
1388 731 1607 803 πλῆθος,
1655 729 1879 802 δρασμῷ

300 831 404 900 τὴν
436 831 704 901 σωτηρίαν
734 832 968 882 ἐπινοεῖ·
1014 829 1246 882 κᾶπειτα
1295 824 1738 896 κρυπταζόμενος
1777 824 1878 876 ἀνὰ

299 923 434 984 τοὺς
458 923 658 994 ἀγροὺς
689 922 782 974 καί
811 921 907 984 τάς
931 921 1121 992 κώμας
1145 922 1202 973 ἐν
1229 919 1436 972 οἰκέτου
1473 919 1730 987 σχήματι,
1763 919 1878 968 δια-

276 995 584 1068 λανθάνειν
633 1012 787 1083 ᾤετο.
822 1012 958 1065 Ἀλλ’
993 1011 1113 1082 οὐχὶ
1160 1013 1254 1064 καί
1286 1011 1377 1064 τὸν
1425 1010 1594 1080 μέγαν
1643 1009 1738 1061 καί
1779 1007 1876 1076 τῆς

301 1103 535 1156 καθόλου
572 1103 826 1175 προνοίας
863 1102 1203 1174 διαδεδρακεν
1233 1100 1540 1170 ὀφθαλμόν*
1579 1099 1654 1160 ὡς
1682 1096 1787 1168 γὰρ
1820 1099 1876 1148 ἐν

298 1196 538 1264 ἀσφαλεῖ
565 1195 748 1248 λοιπὸν
773 1196 981 1249 κεῖσθαι
1009 1191 1278 1264 αὐτῷτὴν
1315 1191 1458 1262 ζωὴν
1487 1189 1700 1261 ἤλπισε,
1734 1187 1875 1258 βέλει

299 1287 440 1340 Θεοῦ
477 1289 854 1359 πεπυρωμένῳ
882 1287 1130 1359 πληγεὶς,
1165 1286 1374 1357 πρηνὴς
1407 1284 1602 1345 ἔκειτο,
1633 1279 1876 1350 θεηλάτῳ

301 1378 483 1449 πληγῇ
524 1379 582 1431 τὺ
630 1381 736 1432 πᾶν
780 1378 1165 1450 δαπανώμενος
1194 1377 1372 1447 σῶμα,
1405 1376 1478 1437 ὠς
1507 1374 1568 1427 τὸ
1597 1375 1704 1426 πᾶν
1735 1368 1874 1435 εἶδος

301 1470 468 1522 αὑτοῦ
524 1470 619 1540 τῆς
670 1470 907 1533 παλαιᾶς
972 1469 1186 1540 μορφῆς
1251 1465 1632 1536 ἀφανισθῆναι,
1695 1461 1873 1534 ξηρῶν

296 1560 504 1613 ὀστέων
530 1562 621 1614 καὶ
648 1560 1034 1614 κατεσκελετευ
1044 1560 1238 1631 μένων,
1279 1558 1433 1628 δίκην
1456 1554 1686 1610 εἰδώλων
1717 1566 1872 1622 περι-

297 1649 627 1719 λειφθέντων
651 1653 799 1724 αὐτῷ
833 1653 1030 1723 μόνων.

1987 456 2060 508 ris
2107 453 2298 523 pedum
2328 491 2342 516 ,
2383 453 2577 519 partim
2623 451 2791 519 ferro,
2841 451 3036 522 partim
3081 453 3323 508 cauterio
3356 454 3540 508 debili-

1987 549 2134 613 tatis,
2181 555 2326 599 trusa
2378 552 2505 597 sunt
2553 544 2618 598 ad
2669 545 2907 611 metalla,
2961 555 3019 599 ut
3057 546 3312 602 diuturno
3363 534 3565 625 labore:

1984 639 2183 694 ibidem
2243 647 2590 694 vexarentur.
2646 637 2727 694 Ob
2792 654 2954 709 quam
3008 653 3230 694 causam
3297 647 3352 694 et
3402 637 3545 692 hunc

1981 747 2194 802 quoque
2243 750 2345 786 non
2399 733 2569 786 multo
2617 740 2739 801 post
2786 732 2893 786 ulta
2941 741 3024 787 est
3070 733 3253 785 divina
3291 727 3542 798 iustitia:

1983 835 2107 878 tunc
2148 839 2268 878 cum
2319 826 2619 878 dmmonum
2658 825 2831 893 (quos
2877 823 3092 892 quidem
3144 823 3238 877 ille
3273 824 3400 877 deos
3445 839 3545 893 pu-

1985 916 2175 982 tabat)
2214 915 2432 979 ﬁducia,
2478 925 2529 966 ct
2569 915 2948 971 innumerabt'i
2983 923 3315 968 armatorum
3357 915 3544 967 multi-

1982 1009 2163 1062 tudine
2187 1007 2374 1076 fretus,
2408 1011 2650 1079 przelium
2679 1009 2968 1064 commisit.
2997 1007 3203 1076 Quippe
3227 1019 3357 1059 tunc
3396 1007 3542 1059 omni

1979 1113 2072 1165 spe
2103 1100 2269 1154 divini
2307 1103 2538 1156 nudatus
2569 1102 2776 1165 auxilii,
2815 1099 3150 1169 imperialem
3184 1097 3386 1150 cultum
3436 1099 3543 1151 mi-

1980 1190 2122 1243 nime
2155 1192 2252 1258 ipsi
2285 1193 2695 1247 convenientem
2733 1191 2957 1260 altjecit,
3002 1189 3195 1244 deinde
3232 1189 3541 1256 vulgarium

1979 1283 2150 1336 turbze
2185 1282 2476 1346 immistns,
2511 1285 2697 1339 timide
2730 1299 2952 1353 prorsus
2983 1292 3143 1351 atque
3188 1281 3385 1351 ignave
3418 1279 3540 1349 luga

1977 1373 2205 1427 salutem
2241 1374 2342 1429 sibi
2390 1377 2662 1445 quaesivit,
2709 1387 2763 1428 et
2800 1391 2897 1444 per
2939 1391 3098 1445 agros
3130 1389 3195 1428 ac
3240 1373 3385 1427 vicos
3422 1387 3543 1427 sese

1976 1463 2278 1532 occultans,
2322 1466 2422 1518 sub
2472 1465 2659 1519 habitu
2704 1465 2884 1519 servili
2928 1465 3095 1518 latere
3127 1479 3186 1518 se
3227 1477 3384 1532 posse
3426 1461 3544 1514 exi-

1975 1555 2236 1609 stimavit.
2285 1557 2481 1610 Verum
2537 1573 2789 1627 maguum
2835 1557 2980 1612 illum
3024 1567 3078 1611 et
3123 1557 3379 1610 universa
3419 1568 3544 1622 spc-

1974 1653 2209 1700 ctantem
2248 1645 2609 1703 Providentia:
2641 1651 2854 1704 oculum
2893 1650 3271 1720 subterfugere
3305 1663 3411 1702 non
3445 1662 3540 1699 va-

298 1747 421 1800 luit.
469 1746 602 1801 Cum
671 1748 816 1800 enim
869 1750 1099 1802 salutem
1172 1762 1325 1801 suam
1377 1747 1428 1800 in
1504 1753 1618 1798 tuto
1681 1740 1793 1808 jam
1867 1740 2091 1793 locatam
2138 1753 2259 1794 csse
2308 1753 2590 1809 censeret,
2638 1743 2862 1798 ardente
2905 1745 2997 1798 Dei
3060 1759 3348 1813 percussus
3395 1743 3536 1804 telo,

295 1851 504 1906 pronus
556 1838 608 1888 in
684 1845 883 1889 terram
942 1837 1174 1900 cecidit,
1224 1845 1503 1905 totumque
1552 1833 1670 1902 ejus
1711 1846 1906 1899 corpus
1944 1829 2143 1884 inﬂicta
2207 1831 2418 1902 ccelitus
2473 1833 2627 1904 plaga
2679 1835 2814 1889 adeo
2871 1846 3249 1906 consumptmn
3301 1846 3420 1901 est,
3476 1846 3540 1889 ut

293 1930 538 1998 pristina:
609 1927 794 1980 forma:
852 1929 1062 1996 species
1127 1929 1308 1981 omnis
1361 1929 1709 1988 aboleretur,
1769 1925 1989 1991 solaque
2069 1937 2190 1977 ossa
2236 1923 2490 1996 arefacta,
2539 1928 2711 1982 instar
2755 1929 3029 1984 simulacri
3116 1930 3393 1998 cujusdam
3447 1949 3539 1988 su-

298 2032 599 2090 peresscnt.

803 2113 1197 2165 ΚΕΦΛΛΑῘΟΝ
1236 2112 1362 2164 ΝΘἏ

296 2207 417 2259 Ὅτι
462 2205 533 2258 ἐν
563 2206 725 2269 νόσῳ
777 2206 1108 2272 τυφλωθεὶς
1145 2203 1490 2273 Μαξι-μῖνος,
1540 2217 1696 2270 υπερ
1744 2182 1868 2268 Χρι-

810 2273 1073 2328 στιανῶν
1099 2274 1342 2344 ἔγραψε.

361 2366 731 2439 Σφοδροτὲρας
773 2367 829 2421 δὲ
858 2367 955 2437 τῆς
986 2366 1079 2419 τοῦ
1115 2367 1248 2420 Θεοῦ
1294 2366 1506 2438 πληγῆς
1529 2363 1865 2432 ἐνταθείσης,

291 2459 642 2532 προπηδῶσιν
671 2457 832 2512 αὑτοῦ
863 2457 930 2511 τά
963 2458 1211 2529 όμματα,
1231 2458 1330 2528 τῆς
1348 2475 1406 2509 τε
1430 2455 1632 2519 οἰκείας
1663 2455 1867 2527 λήξεως

291 2550 612 2612 ἐκπεσόντα,
655 2549 828 2621 πηρὸν
867 2549 1029 2602 αὐτὸν
1072 2549 1316 2618 ἀφίησιν,
1350 2548 1385 2601 ἂ
1433 2547 1572 2601 κατά
1621 2546 1728 2599 τῶν
1772 2545 1864 2598 τοῦ

289 2639 428 2692 Θεοῦ
478 2639 769 2711 μαρτύρων
817 2637 1034 2710 πρῶτος
1088 2637 1283 2707 ἐφεῦρε
1329 2637 1679 2708 κολαστήρια,
1710 2634 1863 2688 ταῦθ’

289 2733 660 2803 ὑπομείναντα
697 2731 1010 2802 δικαιοτάτῃ
1041 2731 1222 2801 ψήφῳ.
1273 2729 1380 2781 Καὶ
1417 2727 1480 2799 δὴ
1515 2727 1587 2779 ἔτ’
1615 2727 1866 2798 ἐμπνέων

290 2824 389 2876 ἐπὶ
415 2827 528 2887 τοῖς
559 2823 851 2886 τοσούτοις,
894 2822 991 2890 ὀψέ
1026 2838 1154 2874 ποτε
1187 2820 1278 2874 καὶ
1312 2811 1467 2882 οὗτος
1497 2817 1574 2889 τῷ
1604 2820 1646 2871 Χ
1658 2835 1861 2890 ριστια-

287 2913 398 2966 νῶν
425 2912 852 2984 ἀνθωμολογεῖτο
903 2912 1042 2983 Θεῷ,
1076 2913 1167 2965 καί
1207 2911 1304 2974 τὰς
1335 2910 1540 2973 οἰκείας
1573 2908 1863 2982 ἐξηγόρευε

286 3004 618 3075 θεομαχίας·
673 3005 1000 3077 παλινῳδίας
1045 3022 1104 3058 τε
1166 3005 1486 3057 συνέταττεν
1539 3003 1739 3074 ὁμοίως
1786 3003 1864 3075 τῷ

288 3095 546 3168 προτέρῳ
575 3098 668 3150 καὶ
706 3096 886 3160 αὐτὸς,
918 3097 1100 3166 νόμοις
1148 3097 1241 3148 καὶ
1277 3095 1636 3166 διατάγμασιν
1664 3095 1864 3166 ἐγγρά-

285 3204 408 3258 φως
439 3187 537 3259 τὴν
565 3188 767 3242 οἰκείαν
806 3189 936 3260 περὶ
967 3187 1058 3252 οὓς
1090 3188 1242 3240 ἔθετο
1291 3188 1465 3251 θεοὺς,
1510 3188 1719 3258 πλάνην
1737 3191 1864 3258 ὀμ⁰⁶

281 3279 480 3348 λογῶν,
528 3280 687 3348 μόνον
728 3279 786 3332 δὲ
829 3279 920 3332 τὸν
963 3278 1302 3349 Χριστιανῶν
1350 3280 1486 3349 αὐτῇ
1531 3279 1696 3350 πείρᾳ
1733 3279 1861 3331 Θεὸν

282 3371 586 3438 ἐγνωκέναι
623 3371 1050 3443 μαρτυρόμενος.
1094 3371 1256 3423 Ταῦτ’
1288 3371 1467 3442 ἔργοις
1495 3371 1679 3442 μαθὼν
1711 3373 1737 3424 ὁ
1770 3372 1862 3424 Λι-

2557 2103 2784 2160 (ᾺΡΗΤ
2822 2105 2957 2160 LIX.

2011 2197 2306 2262 Quomodo,
2339 2199 2386 2252 vi
2429 2200 2941 2272 morliigcxcwcatus,
2976 2200 3299 2255 Maximinus
3345 2201 3506 2272 legem

2408 2284 2504 2337 pro
2553 2269 2874 2324 Christianis
2923 2273 3090 2327 dedit.

2041 2361 2208 2415 Porro
2253 2359 2518 2414 saeviente
2546 2363 2728 2417 acrius
2779 2363 2871 2417 Dei
2909 2363 3086 2433 plaga,
3133 2365 3274 2420 oculi
3321 2367 3536 2420 tandem

1966 2454 2016 2508 ei
2052 2453 2396 2518 exsilieruut,
2447 2460 2502 2506 et
2547 2468 2612 2506 ex
2664 2454 2885 2524 propria
2925 2456 3053 2510 sede
3091 2455 3295 2521 avulsi,
3336 2472 3536 2510 czecuut

1966 2559 2087 2598 eum
2119 2545 2475 2599 dimiserunt:
2515 2547 2704 2599 eadem
2734 2545 3034 2614 justissime
3066 2561 3376 2617 perpessum
3406 2563 3539 2616 sup-

1967 2637 2150 2707 plicia,
2195 2653 2316 2706 qua:
2363 2637 2624 2691 adversus
2663 2648 2928 2708 martyres
2979 2636 3075 2693 Dei
3119 2639 3328 2709 primus
3371 2654 3538 2694 excu-

1965 2728 2189 2797 gitarat.
2237 2726 2366 2782 Post
2407 2731 2518 2782 Iuec
2549 2729 2900 2784 nihilominus
2929 2730 3105 2784 adhuc
3140 2730 3372 2800 spirans,
3418 2731 3537 2800 ipse

1966 2834 2182 2889 quoque
2232 2834 2261 2872 a
2326 2819 2763 2874 Christianorum
2815 2820 2925 2875 Deo
2981 2820 3189 2875 veniam
3248 2823 3532 2890 poposcit,

1964 2909 2159 2965 bellum
2188 2926 2247 2966 se
2297 2911 2574 2965 Diviuitati
2605 2911 2850 2966 intulisse
2881 2913 3055 2980 palam
3089 2912 3390 2967 confessus.
3426 2911 3534 2966 Nec

1964 3003 2125 3057 aliter
2169 3019 2232 3056 ac
2275 3004 2426 3072 prior
2467 3003 2556 3058 ille
2587 3004 2913 3071 palinodiam
2966 3003 3190 3069 cecinit,
3235 3003 3441 3073 legibus
3481 3015 3536 3056 et

1965 3093 2447 3148 conStitutiouibus
2501 3094 2681 3161 editis,
2738 3094 2936 3163 quibus
2977 3109 3425 3150 errorem‘suum
3477 3096 3532 3149 in

1963 3188 2209 3243 colendis
2240 3188 2344 3242 illis
2385 3203 2522 3257 quos
2551 3191 2918 3244 existimasset
2968 3189 3118 3255 deos,
3155 3190 3380 3257 ingenue
3411 3204 3534 3257 pro-

1964 3280 2136 3336 fessus
2167 3291 2270 3346 est,
2318 3297 2590 3350 unumque
2637 3282 3072 3336 Christianorum
3121 3281 3285 3336 Deum
3335 3295 3533 3350 exper-

1966 3383 2075 3426 tum
2113 3389 2169 3427 se
2203 3388 2363 3426 nosse
2393 3383 2637 3430 testatus.
2676 3372 2800 3429 Ηωο
2833 3390 2954 3428 cum
2989 3374 3230 3429 Licinius
3262 3390 3364 3430 non
3397 3375 3535 3429 alio-

283 3461 475 3525 κίνιος,
525 3459 639 3514 ἀλλ’
671 3462 770 3513 οὐκ
812 3462 946 3531 ἀκοῇ
985 3463 1114 3532 παρ’
1146 3461 1346 3532 ἐτέρων
1381 3460 1704 3532 πυθόμενος,
1747 3463 1860 3524 τοῖς

1969 3481 2083 3518 rum
2127 3480 2378 3521 sermone
2410 3467 2706 3531 didicisset,
2751 3469 2843 3522 sed
2899 3467 3056 3523 factis
3100 3467 3232 3538 ipsis
3263 3470 3534 3539 percepis-

281 3553 468 3616 αὐτοῖς
499 3551 788 3622 ἐπεφύετο,
813 3551 1001 3622 ὥσπερ
1033 3553 1141 3605 τινὶ
1171 3553 1476 3624 σκοτομήνῃ
1496 3553 1594 3624 τὴν
1623 3552 1858 3606 διάνοιαν

280 3647 778 3718 ἐγκαλυπτόμενος.

820 3784 1182 3796 α--α

283 3784 814 3812 ..,____.___.

1964 3561 2082 3620 set,
2131 3563 2304 3610 tamen
2369 3557 2723 3625 velutglensa
2774 3558 3006 3626 quadam
3063 3559 3292 3628 caligine
3351 3560 3535 3614 animo

1967 3648 2082 3718 ejus
2113 3647 2305 3713 offusa,
2339 3649 2524 3703 cadent
2553 3665 2673 3718 quae
2709 3649 2788 3704 illi
2821 3663 2982 3720 agere
3025 3650 3280 3705 instituit.

3249 3788 3498 3806 ψ

1225 3927 1358 3980 ΤΟΥ
1394 3927 1751 3981 ΔΕΥΤΕΡΟΥ
1789 3929 2062 3981 ΒΙΒΛΙΟΥ
2099 3930 2186 3982 ΤΑ
2225 3931 2590 3984 ΚΕΦΑΛΑΙΑ.

270 4228 342 4277 α’.
376 4223 646 4279 Λικινίου
678 4222 929 4293 διωγμὸς
959 4223 1257 4290 λαθραῖος,
1293 4224 1661 4293 ἐπισκόπους
1682 4228 1848 4282 ἀναι·

341 4295 602 4363 ροῦντος
629 4296 698 4348 ἐν
737 4295 1008 4362 Ἀμασείᾳ
1041 4295 1146 4348 τοῦ
1175 4296 1423 4349 Πόντου.

275 4365 344 4437 β’.
367 4365 750 4488 Καθῗιρέσεις
774 4365 1132 4434 ἐκκλησιῶν,
1170 4365 1268 4420 καὶ
1322 4365 1666 4422 ἐπισκόπων
1718 4387 1848 4437 xpe-

348 4454 498 4488 ovm-
520 4453 599 4488 αι.

348 4453 599 4503 ουρτιαι.

270 4457 1060 4575 γησέὅέίοιῗκωνσταντῖνος
1103 4507 1255 4575 ὑπὲρ
1295 4509 1664 4575 Χριστιανῶν
1714 4510 1846 4564 διώ-

347 4583 556 4632 κεσθαι
581 4580 928 4647 μελλόντων
956 4577 1222 4647 ἐκινήθη.

268 4647 337 4701 δ’.
370 4651 489 4719 ’Ὁτι
525 4646 979 4719 Κωνσταντῖνος
1029 4646 1144 4719 μὲν
1207 4649 1674 4719 παρεσκευάζετο
1717 4652 1845 4719 μετ’

347 4718 564 4787 εὐχῶν,
593 4720 855 4784 Λικίνιος
907 4718 974 4771 δὲ
989 4717 1140 4788 μετὰ
1189 4718 1485 4788 μαντειῶν
1533 4723 1620 4786 εὶς
1668 4717 1847 4776 πόλε-

266 4807 524 4914 ε’.1ἐ’(ί)νσα
557 4859 817 4930 Λικίνιος
842 4858 912 4930 ἐν
964 4859 1044 4925 τῷ
1078 4859 1279 4930 ἄλσει,
1312 4860 1486 4924 θύων,
1527 4855 1657 4914 εἶπε
1711 4861 1842 4930 περὶ

343 4929 462 4984 τῶν
496 4928 756 4984 εἰδώλων
786 4929 883 4984 καί
908 4930 1014 4983 τοῦ
1037 4929 1317 4998 Χριστοῦ.

268 5007 347 5066 ς’.
376 5001 699 5054 Φαντασίαι
737 4998 885 5053 κατὰ
908 5001 1014 5065 τὰς
1050 4999 1169 5056 ὑπὸ
1212 5001 1477 5054 Λικίνιον
1508 5003 1737 5068 πόλεις,
1763 5002 1844 5068 ὠς

341 5070 459 5124 τῶν
471 5070 928 5124 Κωνσταντίνου
966 5069 1419 5138 στρατευμάτων
1443 5071 1801 5135 διεξιόντων.

265 5144 335 5209 ζ’.
363 5142 485 5212 Ὅτι
507 5142 577 5194 ὲν
606 5140 924 5212 πολέμοις3
976 5139 1126 5212 ὅπου
1168 5141 1549 5212 σταυροειδὲς
1595 5143 1844 5212 σημεῖον

336 5211 560 5281 παρῆν,
589 5211 719 5281 ἐκεῖ
737 5210 808 5264 τὰ
845 5209 952 5278 τῆς
974 5211 1148 5281 νίκης
1169 5211 1414 5281 ἐγίνετο.

263 5289 340 5354 η’.
379 5279 498 5335 Ὅτι
528 5280 905 5348 πεντήκοντα
945 5279 1051 5333 τὸν
1081 5279 1348 5348 σταυρὸν
1395 5280 1598 5350 φέρειν
1644 5283 1841 5348 ἐξελέ-

383 5355 598 5406 θησαν.

261 5371 640 5495 θκχηᾝξῖἷξὲν
666 5422 1088 5490 σταυροερόρων
1116 5422 1376 5495 ἀνῃρέθη
1406 5423 1523 5492 μὲν
1545 5426 1576 5476 ό
1608 5425 1836 5495 φυγὼν,

339 5496 373 5546 ό
400 5492 466 5545 δὲ
491 5493 688 5544 πίστει
729 5507 1113 5561 παραμε;νας,
1143 5491 1360 5558 ἐσώθη.

263 5569 322 5619 ι’.
349 5562 647 5632 Συμϐολαί
703 5559 965 5630 διάφοροι
991 5601 1006 5626 ,
1063 5561 1162 5614 καὶ
1233 5565 1688 5620 Κωνσταντίνου
1753 5566 1839 5619 νί-⁵

338 5648 435 5686 και
444 5671 455 5682 .
615 5646 620 5651 ’

265 5701 356 5759 ια’.
387 5701 550 5773 Φυτὴ
573 5703 840 5758 Λικινίου
866 5702 962 5756 καί
995 5702 1264 5772 γοητεῖαι.

1867 4089 1937 4107 ὀ

1955 4226 2038 4296 ιβ’.
2081 4226 2268 4299 Ὅπως
2316 4225 2767 4299 Κωνσταντῖνος
2820 4225 2890 4278 ἐν
2935 4226 3138 4295 σκηνῇ
3196 4229 3528 4299 προσευχό-

2017 4314 2201 4366 μενος
2233 4297 2425 4350 ἐνίκα.

1956 4375 2041 4436 ιγ’.
2079 4367 2494 4453 Φιλανθρωπία
2539 4367 2670 4435 περὶ
2716 4369 2857 4436 τοὺς
2910 4369 3525 4441 συλλαμϐανομένους

2023 4453 2406 4508 στρατιώτας.

1953 4505 2032 4562 ιδ’.
2073 4505 2194 4561 Ἔτι
2213 4509 2344 4582 περί
2367 4506 2483 4564 τῶν
2509 4508 2582 4582 Δἑν
2607 4509 2810 4582 σκηνῇ
2828 4510 3220 4582 προσευχῶν.

1952 4586 2028 4632 ιε’.
2067 4578 2336 4666 Λικινίου
2392 4579 2526 4647 περὶ
2571 4581 2774 4649 φιλίας
2814 4579 3013 4648 δόλος,
3067 4578 3166 4635 alui
3207 4581 3516 4636 εἰδωλολαο

2017 4667 2168 4717 τρια.

1947 4726 2042 4785 ις’.
2081 4722 2278 4787 Ὅπως
2299 4720 2386 4792 μὴ
2411 4717 2833 4792 ἀντιπολεμεῖν
2862 4722 2943 4790 τῷ
2976 4720 3217 4792 σταυρῷ
3258 4722 3528 4790 Λικίνιος,

2016 4793 2266 4859 παρῄνει
2289 4791 2412 4856 τοῖς
2453 4791 2859 4858 στρατιώταις.

1949 4861 2030 4926 ιζ’.
2071 4863 2222 4929 Νίκη
2253 4863 2731 4916 Κωνσταντίνου.

1947 4939 2034 5002 ιη’.
2076 4935 2341 4986 Λικινίου
2365 4931 2640 4997 θάνατος,
2672 4933 2768 4985 καί
2799 4933 3057 4986 ἐπινίκια
3081 4933 3212 5000 περί
3248 4935 3484 4987 τούτου.

1949 5002 2032 5055 ιθ’.
2063 5001 2452 5055 Φαιδοότητεο
2481 5003 2576 5055 καί
2610 5005 2990 5055 πανηγύρεις.

1949 5005 2032 5056 ιθ’.
2063 5005 2452 5061 Φαιδρότητες
2481 5005 2576 5061 καί
2610 5005 2990 5061 πανηγύρεις.

1949 5019 2032 5056 ια’.
2063 5019 2452 5070 φαιοροτητες
2481 5019 2576 5061 και
2610 5019 2990 5072 πανηγυρεις.

1945 5077 2012 5125 κ’.
2049 5075 2246 5153 ξοπως
2267 5074 2419 5140 ὑπὲρ
2449 5073 2828 5143 ὀμολογητῶν
2857 5072 3187 5142 ἐνομοθέτει
3207 5079 3523 5129 Κωνσταν-

2014 5160 2195 5196 τινος.

1943 5163 2277 5292 ita???)ng
2302 5211 2398 5292 κςιί
2429 5211 2561 5280 περὶ
2597 5209 2909 5280 μαρτύρων
2953 5208 3054 5262 καί
3097 5210 3520 5278 ἐκκλησιαστι-

2014 5283 2133 5336 κῶν
2162 5283 2494 5351 κτημάτων.

1942 5354 2043 5424 κβ’.
2075 5349 2386 5424 Ὅπωςκαί
2415 5353 2557 5424 τοὺς
2588 5351 2815 5424 δήμους
2835 5349 3227 5424 ἀνεκτήσατο,

2077 5425 2194 5476 Ὅτι
2225 5423 2374 5476 Θεὸν
2405 5423 2521 5494 τῶν
2545 5422 2780 5492 ἀγαθῶν
2819 5422 3012 5476 αἴτιον
3056 5421 3359 5490 ἐκήρυττε,
3415 5427 3515 5478 καί

2010 5494 2141 5562 περί
2178 5493 2556 5562 ἀντιγράφων
2579 5495 2794 5561 νόμων.

1940 5566 2036 5619 κδ’.
2073 5564 2269 5633 Νόμος
2297 5561 2775 5625 Κώνσταντίνου,
2806 5563 2937 5630 περί
2969 5561 3073 5630 τῆς
3103 5566 3189 5630 εἰς
3239 5563 3387 5619 Θεὸν
3417 5566 3518 5621 εὐ..

2010 5635 2250 5704 σεϐείας
2272 5635 2367 5688 καὶ
2398 5634 2503 5688 τοῦ
2538 5633 3012 5704 χριστιαίνισμοῦ.

1940 5713 2037 5760 κε’.
2080 5703 2433 5774 ’Υπόδειγμιι
2461 5705 2528 5758 ἐκ
2563 5703 2836 5758 παλαιῶν
2861 5704 3113 5772 χρόνων.
