3858 6260
236 420 335 475 977

1323 418 1413 477 DE
1452 418 1617 476 VITA
1653 417 2111 476 CONSTANTINI
2147 417 2277 474 LIB.
2316 416 2381 474 II.

3356 415 3475 471 979

236 530 478 592 XXVIII.
515 532 667 599 Quod
710 531 849 589 Deus
886 532 1295 593 Constantinum
1337 539 1588 593 bonorum
1638 539 1795 592 mini-
1826 542 1870 599 Α
1977 553 2068 591 nes
2119 552 2375 604 responsa
2428 532 2652 603 amplius
2690 528 2842 587 edere
2892 546 2994 586 non
3018 528 3266 601 "poterat,
3318 540 3459 585 mota

311 616 478 658 strusn
510 604 683 671 elegit.

237 672 430 805 XXIX.
471 674 578 728 Pio:
604 676 657 728 in
694 673 862 728 Deum
883 691 1030 731 voces
1067 675 1425 742 Constantini,
1453 686 1504 731 et
1528 677 1645 733 laus
1672 695 1796 733 con-

331 761 589 798 εδεονιεηι.

331 761 589 798 εδεονιεηι.

238 811 408 896 ΧΧΧἶ
442 813 553 896 Lex
585 814 785 868 solvens
822 815 1004 871 exsilio
1039 827 1087 872 et
1111 817 1282 883 curia,
1311 826 1357 870 et
1388 818 1640 873 bonorum
1675 835 1796 887 pro-

302 894 606 946 scriptione.

302 902 324 935 S
362 901 387 934 Γ
471 902 485 935 1
592 923 606 937 .

625 970 711 1008 eos
735 956 825 1024 qui
849 956 903 1009 in
928 955 1130 1027 insulas
1160 956 1582 1027 erantrelegati.

234 1023 448 1097 X-XXII.
482 1022 615 1097 tem
660 1022 756 1097 eos
775 1027 864 1094 qui
891 1026 959 1078 ad
992 1029 1205 1097 metalla
1229 1035 1279 1078 et
1309 1028 1376 1080 ad
1402 1022 1608 1082 publica
1634 1043 1792 1097 opera

298 1093 643 1164 ignominiose
694 1093 934 1164 damnati
978 1096 1210 1164 fuerant.

517 1163 594 1235 De
621 1160 1018 1235 iconfessoribus
1047 1166 1135 1235 qui
1168 1164 1542 1221 militaverant.

234 1231 472 1286 XXXIV.
515 1232 589 1287 Ds
613 1234 680 1305 iis
717 1231 807 1303 qui
846 1236 915 1287 ad
960 1231 1227 1305 gyn’ascea,
1276 1235 1356 1288 vel
1398 1238 1455 1289 in
1493 1239 1791 1291 servitutem

299 1305 413 1355 dati
444 1314 615 1368 erant,
663 1304 969 1357 liberandis.

232 1371 445 1445 X-XXV.
484 1373 559 1426 De
588 1375 907 1427 successione
943 1376 1196 1429 bonorum
1240 1386 1531 1445 martyrum
1572 1391 1619 1430 et
1669 1392 1793 1429 con-

297 1444 583 1515 fessorum,
618 1454 664 1496 et
699 1459 879 1515 eorum
914 1446 1001 1515 qui
1029 1446 1257 1515 relegati
1295 1444 1524 1513 fuerant,
1580 1456 1625 1498 et
1664 1463 1793 1515 quo-

297 1529 413 1581 rum
454 1512 593 1581 bona
634 1515 689 1565 in
731 1512 934 1581 [iscum'
962 1513 1151 1568 relata.

232 1580 469 1637 XXXVI.
503 1579 573 1635 Ut
601 1579 962 1651 deﬁcientibus
999 1585 1236 1649 cognatis
1263 1583 1480 1637 ecclesia
1517 1586 1791 1640 haeredita—

296 1652 634 1722 tenicapiat,
663 1663 819 1721 utque
852 1654 1026 1722 legata
1051 1652 1206 1721 ﬁrma
1233 1664 1497 1717 maneant.

231 1720 489 1775 XXXVII.
538 1720 603 1775 Ut
636 1720 737 1792 qui
765 1720 1065 1792 liujusmodi
1092 1723 1231 1787 loca,
1272 1727 1437 1788 cedes,
1481 1723 1657 1779 hortos
1700 1743 1788 1780 oc-

300 1794 631 1859 cupaverint,
676 1792 992 1848 restituant:
1014 1794 1240 1860 exceptis
1270 1793 1548 1858 fructibus.

230 1860 527 1933 XXXVIII.
535 1862 819 1933 Quomodo
848 1878 1005 1931 super
1036 1862 1351 1933 hislibellos
1374 1865 1493 1916 dari
1524 1876 1784 1933 oporteat.

229 1930 570 2054 XXXIIX...Ut
601 1932 757 2001 ﬁscus
787 1930 1008 2002 fundos,
1055 1932 1191 1987 wdes
1225 1943 1272 1986 et
1324 1934 1507 1988 hortos
1548 1930 1790 1989 restituat

294 2020 377 2054 σοι
400 2019 546 2054 88118-

294 2019 546 2062 εεειεδιιε.

228 2071 335 2143 XL.
367 2070 438 2143 U_t
480 2072 743 2143 martyria
775 2080 822 2125 et
866 2071 1159 2125 caemeteria
1204 2071 1437 2125 ecclesiis
1477 2073 1786 2127 reddantur.

229 2142 357 2197 XLI.
394 2141 462 2196 Ut
502 2145 598 2212 qui
631 2141 726 2196 'res
765 2143 1000 2196 ecclesia
1043 2151 1295 2205 emerunt,
1338 2151 1429 2195 aut
1461 2145 1596 2195 dono
1645 2160 1791 2197 acce-

293 2224 503 2280 perunt,
540 2230 631 2267 eas
675 2213 976 2266 restituant.

228 2282 377 2337 XLII.
421 2282 631 2338 Sedula
661 2281 958 2336 exhortatio
997 2282 1067 2334 ad
1104 2281 1381 2334 colendum
1414 2280 1598 2334 Deum.

227 2353 401 2408 XLIII.
442 2351 723 2418 Quomodo
754 2350 1130 2406 Constantinus
1160 2368 1221 2403 ea
1267 2367 1383 2421 qua:
1420 2351 1619 2420 legibus
1665 2369 1789 2406 san-

291 2433 462 2486 xerat,
495 2423 662 2491 factis
697 2422 823 2491 ipsis
866 2421 1215 2489 conﬁrmavit.

228 2492 397 2547 XLIV.
435 2494 715 2558 Quomodo
755 2490 1085 2545 Christianos
1145 2492 1214 2543 ad
1265 2492 1516 2561 regendas
1578 2496 1782 2560 prouin-

290 2566 396 2617 cias
429 2563 772 2628 promoverit,
792 2572 838 2617 et
853 2577 1088 2631 paganos
1113 2562 1414 2631 sacriﬁcare
1440 2563 1787 2631 prohibuerit.

228 2630 377 2689 XLV.
412 2632 491 2686 De
527 2633 730 2703 legibus
768 2629 952 2703 quibus
997 2629 1265 2703 sacriﬁcia
1301 2629 1507 2700 quidem
1542 2632 1787 2703 pro/tibe-

293 2707 529 2766 bantur;
569 2701 800 2757 ecclesia:
824 2717 943 2756 vero
986 2703 1217 2753 construi
1237 2701 1579 2769 jubebantur.
1703 2723 1706 2725 λ

226 2771 374 2845 M2
388 2773 577 2845 XLVI.
598 2771 839 2845 Epistola
859 2770 1193 2845 Constantini
1207 2777 1273 2825 ad
1291 2770 1576 2845 Eusebium
1593 2780 1641 2826 et
1665 2772 1789 2845 reli-

298 2841 421 2916 quos
474 2844 761 2916 episcopos
805 2844 871 2897 de
892 2841 1119 2895 ecclesiis
1134 2842 1441 2916 _pra:sidum
1471 2844 1785 2916 operaa'di-

288 2911 547 2981 ﬁcandis,
594 2923 754 2984 utque
809 2921 1021 2968 uetusta:
1063 2911 1368 2978 reﬁciantur
1405 2921 1455 2967 et
1501 2913 1784 2982 ampliores

284 2993 651 3038 επειηιαηιιιν.

228 3051 415 3123 XLVII.
445 3052 607 3117 Quod
641 3063 825 3108 contra
863 3052 1126 3107 idolorum
1161 3056 1359 3107 cultum
1395 3053 1683 3123 scripserit.

229 3121 441 3179 XLVIII.
465 3124 809 3179 Constantini
832 3124 1056 3178 edictum
1087 3126 1156 3177 ad
1182 3121 1525 3193 provinciales
1555 3127 1619 3178 de
1647 3124 1784 3193 [also

283 3196 421 3248 cultu
456 3197 750 3249 multorum
775 3194 1014 3249 deorum.
1065 3192 1359 3248 Exordium
1399 3194 1463 3247 de
1494 3192 1683 3250 virtute
1731 3204 1780 3249 et

282 3267 420 3319 vitio.

229 3331 397 3390 XLIX.
436 3333 515 3388 De
553 3334 641 3401 pio
680 3350 741 3388 ac
778 3333 876 3389 Dei
910 3333 1280 3388 amantissimo
1316 3332 1650 3388 Constantini
1683 3351 1781 3403 pa-

285 3416 377 3526 tri,
418 3413 468 3459 et
516 3406 587 3460 de
627 3404 951 3460 Diocletiano
994 3420 1055 3458 ac
1106 3403 1435 3460 Maximiano
1484 3415 1784 3474 persecuto-

285 3490 327 3526 τι
365 3492 444 3526 ιη.

285 3490 444 3530 τιυιω.

228 3555 277 3599 1..
310 3544 458 3610 Quod
500 3560 573 3601 ex
614 3543 875 3616 Apollinis
907 3544 1122 3599 oraculo
1165 3546 1255 3614 qui
1299 3544 1360 3597 ob
1399 3543 1576 3612 justas
1607 3545 1782 3599 Itami-

1965 618 2031 659 sit
2072 618 2382 673 persecutio.

1902 674 1983 730 LI.
2017 668 2290 741 Quomodo
2323 672 2698 729 Constantinus
2748 671 2919 725 adhuc
2957 670 3255 724 adolescens
3285 668 3457 739 justas

1970 762 2081 800 esse
2120 745 2448 799 Christianos
2476 744 2697 796 audivit.

1898 813 2004 870 LII.
2052 816 2189 880 Quot
2223 825 2597 868 tormentorum
2642 822 2688 866 et
2724 808 3100 878 suppliciorum
3136 824 3322 877 genera
3357 807 3461 866 adn-

1966 902 2141 938 versus
2182 885 2510 939 Christianos
2547 882 2857 949 excogitata.

1897 954 2027 1009 LIII.
2063 954 2336 1019 Quomodo
2367 953 2578 1006 barbari
2629 950 2954 1005 Christianos
2984 957 3310 1017 exceperunt.

1894 1023 2027 1078 LIV.
2058 1025 2332 1090 Quomodo
2355 1024 2530 1077 divina
2563 1021 2758 1075 ultione
2785 1019 2955 1086 puniti
2983 1019 3215 1088 sint,qui
3239 1033 3305 1072 ea:
3331 1033 3465 1073 ora-7

1969 1102 2086 1149 culo
2116 1094 2526 1162 persecutionem
2566 1097 2967 1162 commoverant.

1894 1163 2011 1219 LV.
2060 1157 2440 1219 Cbnstantinus
2466 1161 2575 1215 Deo
2607 1160 2829 1230 gloriam
2859 1157 3070 1230 tri_buit,
3103 1159 3307 1228 signum
3331 1174 3453 1212 cru-

1967 1236 2043 1288 cis
2072 1234 2371 1303 conﬁtetur,
2417 1240 2466 1285 et
2508 1225 2749 1303 precatur
2776 1243 2876 1303 pro
2910 1225 3168 1303 Ecclesia.

1896 1302 2032 1360 LVI.
2072 1296 2547 1369 Quomodoomnes
2573 1300 2781 1371 quidem
2813 1296 3138 1352 Christianos
3174 1313 3285 1353 esse
3306 1306 3459 1363 opta-

1968 1377 2075 1439 vit;
2113 1374 2367 1425 neminem
2403 1369 2793 1438 autemcoegit.

1896 1433 2065 1498 LVII:
2087 1441 2321 1495 Gloriam
2353 1441 2534 1494 tribuit
2566 1433 2811 1507 Πασίφιιὶ
2840 1453 2931 1505 per
2957 1433 3159 1489 Filium
3190 1452 3342 1490 suum
3370 1452 3458 1491 er-

1969 1525 2146 1566 rantes
2176 1511 2515 1565 illuminavit.

1895 1580 2073 1637 LVIII.
2136 1581 2340 1635 lterum
2380 1578 2487 1633 Deo
2535 1579 2757 1649 gloriam
2803 1576 2988 1630 tribuit
3045 1590 3114 1629 ea:
3166 1576 3467 1632 ministerio

1968 1654 2131 1707 totius
2180 1651 2384 1703 mundi.

1893 1720 2032 1776 LIX.
2076 1723 2245 1777 Deum
2286 1718 2474 1773 laudat
2516 1718 2607 1788 qui
2643 1731 2842 1785 semper
2873 1719 3007 1769 bona
3053 1725 3206 1772 ataue
3241 1714 3457 1770 honesta

1955 1795 2124 1850 docet.

1893 1861 2006 1917 LX.
2040 1861 2357 1915 Adliortatio
2388 1860 2483 1912 sub
2507 1858 2667 1928 ﬁnem
2696 1855 2874 1921 edicti,
2902 1864 2958 1909 ut
2994 1870 3140 1909 nemo
3167 1854 3321 1907 alteri
3342 1871 3458 1909 mo-

1968 1931 2173 1986 lestiam
2210 1930 2456 2000 facessat.

1899 1999 2033 2060 LXI.
2074 1995 2346 2067 Quomodo
2382 2001 2445 2052 ab
2472 2000 2593 2053 urbe
2619 1996 2943 2051 Alexandria
2973 1995 3285 2065 quazstiones
3312 2008 3455 2047 com-

1964 2082 2121 2125 motae
2159 2072 2260 2125 sint
2294 2078 2505 2139 propter
2539 2070 2743 2139 Arium.

1894 2139 2050 2198 LXII.
2084 2141 2160 2195 De
2193 2137 2318 2193 Ario
2350 2149 2398 2193 et
2441 2142 2505 2193 de
2552 2137 2871 2192 Meletianis.

1890 2209 2073 2267 LXIII.
2105 2210 2378 2275 Quomodo
2417 2207 2642 2277 legatum
2682 2223 2801 2261 cum
2840 2206 3030 2260 litteris
3059 2204 3199 2259 misit
3242 2205 3310 2259 ad
3361 2219 3459 2274 pa-

1965 2298 2075 2334 cem
2106 2280 2539 2348 componendam.

1890 2349 2075 2407 LXIV.
2121 2344 2455 2405 Constantini
2487 2346 2706 2415 epistola
2755 2347 2822 2400 ad
2870 2344 3223 2400 Alexandrum
3264 2345 3465 2415 episco--

1961 2438 2082 2483 pum
2113 2431 2159 2474 et
2193 2419 2376 2472 Arium
2404 2418 2784 2487 presbyterum.

1890 2489 2052 2545 LXV.
2090 2490 2245 2555 Quod
2283 2505 2375 2557 pro
2400 2484 2525 2553 pace
2560 2484 2808 2557 continue
2836 2484 3149 2557 satagebat.
3192 2530 3193 2533 η

1890 2559 2070 2615 LXVI.
2104 2555 2375 2625 Quomodo
2404 2557 2716 2627 qumstiones
2736 2556 2792 2610 in
2824 2555 3008 2625 Africa
3036 2556 3293 2611 excitatas
3319 2570 3463 2609 com-

1959 2641 2163 2696 pressit.

1889 2694 2098 2754 LXVII.
2148 2699 2301 2764 Quod
2340 2697 2521 2767 religio
2563 2698 2626 2750 ab
2669 2697 2906 2767 Orientis
2940 2696 3178 2767 partibus
3221 2694 3449 2767 casperit.

1888 2769 2116 2825 LXVIII.
2150 2762 2761 2834 Quomodo'seditionem
2802 2762 3015 2821 moleste
3050 2762 3247 2835 ferens;
3273 2762 3454 2835 pacem

1957 2852 2142 2893 δυαδιι.
2777 2882 2781 2887 ν

1886 2908 2074 2965 LXIX.
2129 2907 2282 2963 Unde
2323 2917 2447 2961 nata
2495 2908 2565 2962 sit
2604 2906 2960 2962 controuersia
3003 2905 3143 2960 inter
3182 2905 3364 2961 Arium
3407 2913 3453 2957 et

1956 2980 2343 3049 Alexandrum,
2368 2978 2582 3049 etquod
2620 2976 2747 3031 talia
2781 2992 2885 3049 non
2914 2986 3063 3030 erant
3092 2973 3452 3047 disquirenda.

1886 3049 2052 3105 LXX.
2094 3048 2411 3102 Exhortatio
2452 3045 2525 3101 ad
2566 3045 2926 3102 concordiam.

1887 3118 2075 3175 LXXI.
2135 3119 2291 3184 Quod
2329 3118 2392 3171 ob
2426 3116 2559 3189 leves
2598 3115 2856 3189 quasdam
2881 3116 3096 3172 voculas
3121 3114 3457 3187 pertinaciter

1958 3190 2267 3245 certandum
2304 3204 2407 3241 non
2434 3186 2556 3257 fuit.

1808 3257 1851 3316 C
1884 3259 2094 3316 LXXII.
2137 3252 2644 3325 Quomodo’dolore
2683 3257 2935 3327 affectus,
2987 3274 3096 3328 pra:
3147 3257 3335 3327 pietate
3359 3252 3455 3328 λᾳ-

1954 3323 2172 3400 crymas
2213 3328 2440 3400 e/fudit;
2495 3338 2545 3382 et
2601 3323 3186 3399 iter"quod'facturus
3238 3335 3349 3381 erat
3399 3323 3457 3377 in

1964 3396 2265 3464 orientem,
2291 3396 2354 3450 ob
2382 3398 2517 3453 hanc
2554 3396 2781 3453 causam
2798 3401 3063 3469 repressit.

1882 3471 2109 3527 LXXIII.
2160 3469 2313 3534 Quod
2369 3479 2483 3536 post
2528 3470 2625 3523 tias
2666 3470 2825 3523 etiam
2854 3466 3197 3539 imperatoris
3253 3466 3456 3521 litteras

1954 3539 2295 3613 perseveravit
2334 3541 2620 3594 contentio.

990 3896 1717 4014 ΕΥΣΕΒΙΟΥ
1769 3894 2070 4013 ΤΟΥ
2126 3895 2953 4020 ΠΑΜΦΙΛΟΥ

728 4158 837 4213 ΕΙΣ
874 4158 1013 4213 ΤΟΝ
1049 4157 1211 4212 BION
1247 4156 1383 4211 ΤΟΥ
1422 4154 1788 4211 ΜΑΚΑΡΙΟΥ
1823 4153 2366 4210 ΚΩΝΣΤΑΝΤΙΝΟΥ
2403 4156 2541 4210 ΤΟΥ
2577 4154 2905 4210 ΒΑΣΙΛΕΩΣ

1593 4343 1956 4432 ΛΟΓΟΣ
1992 4326 2092 4428 Β’.

1062 4686 1223 4772 “3
1255 4707 1811 4825 EUSEBII
1906 4700 2586 4822 PAMPHILI

963 4928 1053 4985 DE
1094 4929 1255 4986 VITA
1292 4927 1678 4983 BEATISSIMI
1718 4925 2191 4982 IMPERATORIS
2228 4920 2703 4981 CONSTANTINI:

1287 5130 1640 5220 LIBER
1713 5125 2369 5219 SECUNDUS.

731 5483 1126 5539 ΚΕΦΑΑΜΟΝ
1158 5484 1257 5554 Ακι

228 5593 483 5651 Λικινίου
531 5595 780 5668 ἃιωγμὸς
830 5596 1132 5668 λαθραῗος,
1186 5595 1557 5668 ἐπισκόπους
1617 5596 1781 5649 ἀναν
1844 5638 1853 5641 -

463 5665 719 5734 ροῦνέός
736 5668 805 5722 ὲν
848 5667 1121 5737 Ἀμασείᾳ
1144 5665 1251 5720 τοῦ
1279 5666 1532 5719 Πόντου.

293 5749 416 5810 Ὧδε
445 5756 541 5828 μὲν
573 5753 664 5812 οὖν
691 5760 720 5812 ὁ
755 5756 1011 5832 δηλωθεὶς
1064 5758 1156 5811 ἐπὶ
1200 5756 1288 5810 τὸν
1334 5755 1445 5809 τῶν
1492 5755 1781 5828 θεομᾶχωυ

238 5845 384 5915 βυθὸν
416 5851 892 5923 κατεκρημνίζετο,
923 5850 1019 5907 καὶ
1045 5844 1119 5910 ὧν
1142 5851 1438 5923 ὀφθαλμοῖς
1453 5851 1629 5906 ἐπεῖδε
1651 5851 1776 5914 τοὺς

2510 5474 2737 5531 CAPUT
2779 5474 2819 5528 I.

1962 5589 2182 5645 Occulta
2206 5589 2491 5658 persecutio
2520 5585 2727 5658 Licinii,
2752 5596 2799 5658 et
2829 5583 2996 5658 caid_es
3024 5579 3386 5658 episcoporum

2242 5659 2383 5729 apud
2404 5657 2673 5711 Amasiam
2712 5649 2890 5708 urbem
2920 5649 3101 5704 Ponti.

1955 5754 2034 5807 Ad
2062 5753 2202 5808 hunc
2225 5751 2439 5808 modum
2463 5745 2804 5809 supradictus
2829 5741 3074 5799 Licinius
3092 5740 3142 5794 in
3165 5738 3455 5807 impiorum.

1880 5845 2191 5901 barathrum
2234 5856 2473 5916 praeceps
2511 5846 2639 5905 I‘IIII,
2672 5847 2749 5909 ,ει
2796 5850 3025 5907 quorum
3054 5832 3127 5888 ob
3153 5845 3236 5886 res
3286 5826 3449 5899 impie
