3858 6260
354 421 461 479 979

1063 417 1338 478 EUSEBll
1376 421 1857 480 CESARIENSIS
1894 424 1937 481 Ο

2083 425 2263 481 PARS
2299 424 2341 480 ι.
2382 455 2451 469 .-
2487 406 2877 479 ἱιιετοῐιιειι.

3501 406 3604 480 9εο

356 558 541 617 gestas
595 542 820 599 exitium
864 540 979 599 suis
1037 543 1151 612 ipse
1193 546 1369 602 oculis
1406 557 1711 616 aspexerat,
1740 562 1927 601 eorum

2047 548 2123 601 επὶ
2146 548 2244 619 τῆς
2269 545 2585 611 δυσσεϐείας
2611 545 2885 618 ὀλέθρους,
2936 544 3139 599 τούτων
3175 544 3269 600 τὸν
3298 544 3457 617 ζῆλον
3517 548 3605 600 ἐπὶ

356 635 663 707 exemplum
692 634 744 688 in
783 649 936 688 suam
959 633 1128 703 ipsius
1146 638 1437 707 perniciem
1464 640 1769 703 aemulatus,
1803 657 1924 711 per-

357 728 692 799 secutionem
721 724 1182 797 Christianorum,
1235 731 1391 800 quasi
1433 730 1701 787 ﬂammam
1731 748 1923 802 quam-

358 820 482 875 dam
501 820 613 889 iam
637 821 870 891 sopitam
895 822 1074 878 denuo
1105 825 1397 889 excitavit,
1422 833 1475 879 et
1513 825 1682 881 multo
1711 828 1927 897 gravius

359 927 525 980 quam
573 913 783 981 priores
834 914 1130 984 impietatis
1181 915 1435 970 conflavit
1483 917 1811 972 incendium.
1854 919 1930 971 Ac

360 1005 593 1074 primum
621 1007 838 1077 quidem
881 1017 1133 1077 tanquam
1164 1008 1305 1063 mala
1329 1009 1523 1073 bestia,
1570 1017 1624 1063 ct
1657 1019 1930 1064 tortuoses

358 1099 581 1169 quidam
612 1115 838 1171 serpens
877 1101 931 1155 in
963 1100 1198 1170 selpsum
1229 1100 1572 1168 convolutos,
1605 1111 1660 1156 et
1692 1100 1928 1154 furorem

358 1201 523 1261 atque
550 1191 777 1247 hostiles
799 1192 1062 1247 adversus
1091 1192 1254 1247 Deum
1280 1191 1454 1248 minas
1481 1193 1720 1262 Spirans,
1746 1192 1931 1246 Eccle-

360 1285 459 1338 siis
492 1283 585 1339 Dei
616 1284 716 1339 sub
746 1285 974 1353 imperio
1020 1300 1119 1338 suo
1169 1285 1478 1339 constitutis
1508 1284 1701 1340 bellum
1751 1285 1929 1354 palam

362 1374 589 1442 inferre,
619 1376 687 1430 ob
716 1374 1058 1430 Constantini
1091 1384 1292 1430 metum
1340 1376 1563 1431 minime
1617 1390 1782 1432 ausus
1826 1384 1930 1443 est,

362 1467 457 1523 sed
488 1467 845 1538 improbitatis
870 1468 1017 1522 virus
1040 1468 1400 1535 abscondens,
1434 1469 1677 1523 occultas
1714 1469 1935 1524 insidias

362 1559 532 1619 certis
562 1560 829 1613 duntaxat
860 1559 914 1613 in
947 1558 1081 1615 locis
1105 1561 1368 1615 adversus
1395 1562 1681 1631 episcopos
1712 1578 1935 1633 compa-

365 1652 550 1719 ravit;
588 1662 646 1707 et
675 1665 742 1708 ex
783 1652 866 1706 bis
898 1651 1338 1720 probatissimum
1393 1666 1685 1721 quemque,
1717 1667 1939 1722 compo-

364 1746 485 1800 sitis
511 1758 607 1815 per
630 1744 1034 1816 provinciarum
1058 1751 1297 1799 rectores
1320 1741 1607 1798 calumniis
1638 1743 1931 1799 interfecit.

364 1836 536 1892 Porro
568 1835 730 1891 caedis
762 1834 975 1890 illorum
999 1834 1209 1897 modus,
1237 1848 1410 1888 novus
1445 1847 1546 1888 nec
1566 1850 1802 1905 unquam
1837 1850 1936 1889 an-

2028 639 2184 712 κακῷ
2200 640 2278 712 τῷ
2293 638 2454 693 αὑτοῦ
2480 638 2700 710 μετιὼν,
2718 637 2807 692 τὸν
2829 637 2968 693 κατὰ
2991 639 3034 691 Χ
3045 638 3328 709 ριστιανῶν
3344 638 3604 710 διωγμὸν,

2031 732 2219 805 ὥσπερ
2241 731 2364 785 τινὰ
2389 732 2556 785 πάλαι
2579 731 3018 802 κατεσϐεσμένην
3049 730 3218 803 πυρὸς
3237 731 3425 803 ἀκμὴν
3449 733 3608 804 ἀνερ-

2036 823 2249 895 ρίπιζε,
2288 822 2594 895 δεινοτέραν
2627 822 2731 892 ἢοί
2756 821 2989 893 πρόσθεν
3024 820 3119 892 τὴν
3158 822 3260 892 τῆς
3290 821 3609 886 δυσσεϐείας

2029 915 2276 981 ἐξάπτων
2306 915 2495 985 φλόγα.
2520 915 2630 969 Καὶ
2661 914 2725 986 δὴ
2750 909 2839 968 οἷά
2864 931 2948 977 τις
2984 912 3087 985 θὴρ
3119 913 3311 979 δεινὸς,
3337 912 3372 984 ἢ
3400 911 3610 978 σκολιὸς

2036 1009 2158 1079 όφις
2185 1010 2318 1081 περι
2346 1008 2536 1062 ἑαυτὸν
2559 1008 2951 1079 ἰλυσπώμενος,
2974 1005 3151 1079 θυμοῦ
3177 1024 3235 1060 τε
3264 1008 3360 1061 καὶ
3383 1007 3611 1079 ἀπειλῆς

2033 1098 2299 1170 θεομάχου
2332 1097 2530 1162 πνέων,
2558 1097 2708 1151 οὔπω
2735 1098 2830 1170 μὲν
2852 1100 2917 1152 ὲκ
2939 1097 3034 1151 τοῦ
3064 1096 3375 1167 προφανοῦς
3408 1097 3498 1152 διὰ
3522 1097 3612 1151 τὸν

2034 1187 2440 1242 Κωνσταντίνου
2464 1187 2648 1257 φόϐον,
2681 1190 2802 1253 ταῖς
2834 1189 2925 1242 ὑπ’
2966 1186 3497 1258 αὺτὸνἘκκλησίαις
3520 1187 3612 1242 τοῦ

2036 1278 2170 1333 Θεοῦ
2212 1280 2467 1351 πολεμεῖν
2510 1281 2732 1352 ἐτόλμα,
2779 1279 3038 1352 κρύπτων
3063 1280 3119 1335 δὲ
3159 1283 3258 1352 τῆς
3297 1281 3500 1346 κακίας
3523 1281 3613 1336 τὸν

2040 1371 2135 1437 ἰὸν,
2180 1373 2445 1444 λαθραίας
2484 1372 2576 1427 καὶ
2624 1372 2857 1444 μερικὰς
2907 1362 3143 1427 εποιεῖτὸ
3174 1373 3273 1438 τὰς
3315 1372 3461 1428 κατὰ
3503 1372 3613 1429 τῶν

2036 1464 2348 1519 ἐπισκόπων
2384 1466 2679 1529 συσκευάς’
2729 1464 2981 1537 ἀνῃρεῖτό
3009 1482 3066 1518 τε
3095 1465 3160 1518 δι’
3190 1464 3487 1536 ἐπιϐουλῆς
3508 1464 3614 1518 τῶν

2039 1558 2159 1610 κατ’
2181 1556 2332 1621 ἔθνος
2356 1557 2631 1629 ἀρχόντων
2661 1559 2787 1621 τοὺς
2823 1558 3027 1612 τούτων
3055 1557 3462 1629 δοκιμωτάτους
3480 1575 3494 1588 ·
3522 1558 3615 1611 καί

2036 1649 2064 1701 ό
2109 1649 2309 1720 τρόπος
2346 1649 2403 1702 δὲ
2432 1649 2527 1703 τοῦ
2565 1652 2687 1703 κατ’
2711 1649 2892 1703 αὐτῶν
2925 1650 3084 1718 φόνου
3133 1648 3356 1716 ξενίζων
3397 1666 3484 1713 τις
3522 1645 3613 1721 ἦν,

2037 1736 2149 1805 οἶος
2193 1741 2534 1797 οὐδεπώποτε
2558 1742 2888 1814 γνωσθῆναι.
2918 1742 3081 1797 Ταῦτ’
3105 1739 3197 1797 οὖν
3226 1742 3338 1815 (22)
3358 1743 3505 1815 ἀμφὶ
3517 1743 3617 1813 τὴν

2054 1837 2346 1908 Ἀμάσειαν
2379 1836 2475 1891 τοῦ
2509 1838 2709 1891 Πόντου
2744 1837 3204 1909 κατεργασθέντα,
3232 1839 3417 1892 πᾶσαν
3445 1838 3615 1910 ὑπερ.

369 1937 451 1982 lea
487 1926 738 1996 cognitus
764 1926 882 1980 fuit.
912 1926 1077 1981 Certe
1113 1941 1231 1995 quin
1266 1925 1409 1996 apud
1464 1902 1735 1982 Amasiam
1784 1938 1938 1997 gesta

2047 1902 2207 2002 ϐολὴν
2235 1931 2514 2002 ὠμότητος
2539 1902 2978 2003 ὑπερηκόντιξεν.

382 2028 531 2085 sunt,
561 2034 776 2075 omnem
808 2016 1146 2073 crudelitatis
1172 2016 1390 2071 modum
1425 2023 1837 2076 transcendunt.

996 2111 1223 2169 CAPUT
1263 2109 1328 2165 ll.

420 2241 426 2248 -
470 2254 477 2265 .
565 2209 815 2263 Ecclesia:
852 2209 1068 2272 dirutw,
1108 2218 1156 2261 et
1181 2210 1405 2278 episcopi
1450 2210 1719 2264 trucidati.

443 2368 558 2434 Qua
584 2368 636 2420 in
669 2368 803 2421 urbe
823 2367 1068 2421 ecclesiae
1107 2366 1223 2430 Dei,
1262 2365 1380 2419 alite
1424 2367 1616 2422 iterum
1650 2379 1771 2438 post
1799 2372 1946 2440 prio-

367 2477 482 2515 rem
513 2460 660 2515 illaut
685 2459 1136 2530 expugnationem
1183 2469 1408 2526 aequatae
1462 2470 1589 2513 sunt
1627 2458 1743 2514 solo
1776 2478 1789 2514 :
1824 2461 1944 2515 alite

367 2553 566 2608 clausa:
613 2566 644 2605 a
677 2548 999 2621 prtesidibus
1052 2547 1498 2618 provinciarum;
1534 2565 1602 2604 ne
1656 2551 1939 2621 quisquam

366 2662 556 2703 eorum
585 2647 675 2718 qui
706 2660 800 2702 eas
824 2644 975 2701 adire
1004 2655 1429 2707 consueverant,
1469 2660 1535 2699 eo
1578 2647 1895 2700 conveniret
1920 2686 1938 2712 ,

369 2755 506 2796 neve
537 2740 835 2795 solemnem
869 2739 1069 2794 cultum
1107 2738 1216 2794 Deo
1254 2739 1558 2794 exhiberet.
1593 2736 1779 2808 Neque
1796 2739 1939 2793 enim

368 2834 461 2903 qui
497 2831 874 2900 hiecjubebat,
910 2831 1257 2902 precationes
1286 2830 1399 2884 illic
1427 2845 1525 2899 pro
1576 2846 1637 2884 se
1681 2831 1795 2884 fieri
1825 2831 1941 2899 opi-

371 2928 637 2992 nabatur;
666 2923 933 2981 scelerum
953 2924 1163 2978 scilicet
1192 2922 1526 2978 conscientia
1558 2920 1792 2994 ἰηάἀῇΙ
1820 2936 1937 2976 eam

368 3019 679 3088 opinionem
713 3014 998 3072 adductus.
1038 3013 1141 3069 Sed
1175 3030 1274 3071 nos
1301 3029 1399 3084 pro
1422 3012 1784 3069 Constantino
1808 3030 1940 3070 cun-

371 3123 457 3168 cta
492 3127 676 3183 agerc,
717 3125 785 3166 ac
809 3111 992 3165 divino
1016 3106 1231 3162 Numini
1259 3108 1566 3178 supplicare
1592 3109 1694 3163 sibi
1715 3123 1939 3179 persna-

371 3216 538 3263 serat.
570 3208 640 3258 At
670 3205 929 3272 prmsides
977 3214 1160 3274 utpote
1216 3210 1585 3258 assentatores
1615 3214 1776 3272 atque
1803 3202 1937 3255 adu-

372 3297 593 3363 latores,
625 3314 749 3352 cum
800 3313 913 3352 rem
958 3306 1170 3366 gratam
1204 3295 1514 3364 imperatori
1551 3293 1730 3350 facere
1755 3310 1813 3350 se
1844 3309 1940 3364 pro

373 3397 529 3442 (crto
554 3389 842 3453 haberent,
869 3388 1104 3458 optimos
1137 3402 1381 3457 quosque
1414 3385 1767 3439 ecclesiarum
1796 3383 1940 3436 aliti-

373 3481 533 3533 stites
559 3478 777 3548 capitali
831 3472 1094 3548 supplicio
1122 3478 1466 3531 addixerunt.
1498 3473 1685 3544 Itaque
1718 3476 1817 3528 viri
1851 3474 1942 3544 qui

377 3571 509 3625 nihil
542 3570 666 3624 mali
699 3571 1109 3637 commiserant,
1139 3569 1347 3638 absque
1377 3566 1483 3622 ulla
1516 3582 1675 3621 causa
1707 3565 1943 3619 abduce-

373 3664 594 3728 bantur,
619 3671 673 3713 et
696 3661 1060 3730 puniebantur
1102 3660 1327 3729 perinde
1350 3673 1413 3715 ac
1443 3659 1648 3714 sicarii.
1681 3655 1941 3713 Nonnulli

376 3768 572 3808 novum
603 3754 872 3823 quoddam
902 3752 1093 3807 mortis
1127 3767 1295 3821 genus
1318 3752 1677 3822 pertulerunt,
1708 3766 1942 3819 corpore

373 3844 430 3897 in
462 3844 661 3898 multas
694 3853 874 3910 partes
911 3842 1182 3900 frustatim
1249 3842 1495 3901 conciso.
1543 3852 1599 3895 et
1634 3852 1750 3911 post
1787 3852 1943 3896 atrox

375 3933 503 3987 illud
533 3934 791 4002 omnique
846 3936 1051 4005 tragico
1101 3933 1356 4004 figmento
1390 3933 1706 3988 horribilius
1735 3942 1947 4003 Specta-

371 4031 578 4095 culum,
613 4041 670 4084 ut
694 4030 930 4099 piscibus
954 4030 1134 4083 cibum
1178 4031 1506 4096 praeberent,
1536 4030 1586 4082 in
1620 4028 1942 4083 altissimum

379 4137 528 4177 mare
561 4123 808 4194 proiecti.
851 4122 1099 4177 Posthrec
1125 4122 1215 4176 Dei
1258 4121 1499 4177 cultores
1559 4121 1735 4190 fugam
1767 4124 1945 4177 denuo

377 4216 517 4270 inire
546 4224 855 4283 ceperunt.
894 4214 1093 4268 lterum
1119 4214 1258 4282 agri,
1288 4214 1485 4268 iterum
1520 4213 1842 4270 solitudines
1867 4213 1949 4274 fa-

378 4308 553 4363 mulos
581 4306 676 4362 Dei
708 4323 1020 4376 suscepere.
1046 4306 1175 4371 Quae
1198 4307 1324 4360 dum
1359 4306 1422 4360 ad
1452 4306 1593 4360 hunc
1619 4307 1837 4362 modum
1861 4316 1946 4377 ty-

381 4419 555 4459 ranno
581 4404 958 4465 succederent,
989 4401 1245 4467 deinceps
1276 4399 1713 4461 persecutionem
1755 4400 1949 4452 advor-

376 4509 467 4548 sus
493 4508 682 4548 omnes
698 4492 1049 4547 Christianos
1074 4492 1319 4543 excitare
1354 4490 1406 4543 in
1437 4489 1675 4543 animum
1709 4490 1944 4545 induxit.

2573 2115 2968 2169 ΚΕΦΑΛΑΙΟΝ
2997 2116 3070 2169 B'.

2044 2207 2420 2275 Καθαιρέσεις
2451 2205 2811 2330 ἐκκλησιῶνὶ
2860 2207 2958 2260 καὶ
2993 2206 3342 2260 ἐπισκόπων
3380 2219 3617 2272 κρεουρ-

2747 2296 2785 2330 γ·
2809 2294 2889 2330 αι.

2747 2294 2889 2346 riae.

2118 2369 2285 2422 Ἔνθα
2313 2368 2421 2423 τῶν
2454 2369 2755 2439 ἐκκλησιῶν
2802 2372 2856 2423 αἱ
2906 2369 3003 2441 μὲν
3033 2368 3092 2433 ἐξ
3124 2366 3291 2439 ὕψους
3317 2371 3399 2433 εἰς
3426 2367 3615 2437 ἔδαφος

2042 2460 2202 2516 τοῦτο
2226 2459 2475 2532 δεύτερον
2507 2459 2646 2531 μετὰ
2662 2459 2760 2524 τὰς
2784 2459 3004 2534 πρώτας
3029 2459 3368 2532 καθῃροῦντο
3404 2458 3616 2530 πολιορ-

2044 2553 2186 2617 κίας,
2213 2552 2311 2616 τὰς
2338 2552 2381 2605 δ’
2412 2550 2699 2605 ἀπέκλειον
2723 2552 2774 2605 οἱ
2813 2550 2953 2605 κατὰ
2999 2551 3197 2615 τόπους
3222 2550 3514 2621 ἡγεμόνες,
3542 2550 3614 2612 ὡς

2044 2646 2112 2700 ἂν
2137 2646 2211 2719 μὴ
2239 2643 2522 2713 συνάγοιτό
2543 2661 2627 2707 τις
2651 2643 2758 2698 τῶν
2787 2642 3072 2707 εἰωθότων,
3098 2642 3231 2714 μηδὲ
3258 2644 3338 2714 τῷ
3371 2641 3493 2714 Θεῷ
3517 2642 3614 2706 τὰς

2042 2738 2338 2809 ἑνθὲσμους
2369 2736 2588 2808 ἀποδῴη
2638 2735 2892 2808 λατρείας
2924 2736 3057 2807 (25).
3087 2735 3469 2790 Συντελείσθαι
3509 2736 3616 2806 γὰρ

2042 2831 2139 2901 οὐχ
2159 2832 2342 2901 ἡγεῖτο
2361 2830 2499 2902 ὑπὲρ
2532 2828 2694 2882 αὐτοῦ
2727 2828 2930 2892 ταύτας
2959 2831 2987 2882 ὁ
3016 2828 3085 2883 τὰ
3122 2828 3298 2882 τοιάδε
3340 2830 3612 2901 προστάτ-

2040 2939 2169 2987 των,
2217 2921 2475 2975 συνειδότι
2504 2920 2691 2991 φαύλῳ
2737 2920 2892 2974 τοῦτο
2937 2919 3315 2990 λογιζόμενος·
3368 2921 3510 2993 ὑπὲρ
3557 2920 3616 2973 δὲ

2041 3014 2452 3068 Κωνσταντίνου
2494 3014 2751 3085 πράττειν
2785 3012 2961 3067 πάντα
2993 3013 3171 3084 ἡμᾶς,
3208 3012 3303 3066 καὶ
3346 3010 3441 3065 τὸν
3487 3012 3616 3067 Θεὸν

2043 3102 2313 3157 ἰλεοῦσθαι
2356 3102 2636 3157 πέπειστο.
2688 3105 2748 3156 Οἱ
2795 3102 2838 3155 δ’
2875 3103 3041 3156 αὑτοῦ
3080 3102 3259 3167 θῶπες
3319 3103 3475 3167 ὅντες
3524 3106 3621 3157 καὶ

2043 3196 2291 3260 κόλακες,
2334 3195 2402 3249 τὰ
2439 3197 2567 3265 φίλα
2596 3197 2855 3268 πράττειν
2883 3195 2963 3267 τῷ
2989 3195 3211 3265 δυσαγεῖ
3240 3196 3611 3267 πεπεισμένοι,

1966 3263 2010 3319 c
2041 3288 2167 3351 τοὺς
2199 3287 2600 3358 δοκιμωτάτους
2619 3288 2727 3342 τῶν
2752 3286 3054 3358 ἐκκλησιῶν
3079 3288 3373 3359 προέδρους
3406 3288 3621 3360 κεφαλιτ

2044 3383 2167 3444 καίς
2199 3380 2496 3434 ὑπέϐαλλον
2537 3381 2846 3452 τιμωρίαις,
2882 3381 3159 3452 ἀπήγοντο
3187 3381 3247 3434 δὲ
3287 3381 3385 3434 καὶ
3431 3379 3616 3434 ἐκολά-

2045 3474 2199 3540 ζοντο
2221 3476 2643 3547 ἀπροφασίστως
2670 3477 2780 3539 τοῖς
2812 3474 3112 3546 μιαιφόνοις
3138 3475 3362 3545 ὁμοίως,
3404 3476 3456 3527 οί
3480 3476 3615 3529 κατὰ

2047 3568 2211 3639 μηδὲν
2240 3567 2576 3640 ἠδικηκότες.
2618 3569 2756 3637 Ἤδη
2787 3568 2843 3623 δέ
2884 3588 3028 3634 τινες
3060 3572 3376 3642 καινοτέραν
3412 3570 3615 3640 ὑπέμε-

2044 3676 2136 3716 νον
2156 3659 2251 3715 τοῦ
2280 3660 2396 3731 βίου
2429 3659 2706 3733 τελευτὴν,
2731 3661 2872 3731 ξίφει
2893 3663 2952 3717 τὸ
2982 3663 3140 3734 σῶμα
3164 3665 3243 3727 εἰς
3269 3661 3444 3716 πολλὰ
3463 3679 3618 3716 κατα-

2045 3754 2501 3826 κρεουργούμενοι
2534 3755 2818 3826 τμήματα,
2855 3756 2950 3808 καὶ
2991 3754 3127 3827 μετὰ
3150 3754 3249 3827 τὴν
3275 3756 3461 3826 ἀπηνῆ
3496 3753 3616 3808 ταῦ-

2044 3861 2142 3914 την
2168 3844 2264 3900 ’καῖ⁸
2285 3843 2463 3915 πάσης
2494 3843 2760 3914 τραγικῆς
2784 3844 3343 3916 ἀκοῆςφρικτοτάτην
3376 3843 3612 3909 κόλασιν,

2036 3933 2351 3998 ’θαλαττίοις
2403 3934 2601 4004 βυθοῖς,
2641 3934 2847 4006 ἰχθύσιν
2864 3937 2974 4006 ⁵εἰς
3023 3934 3187 4007 βορὰν
3215 3935 3613 4006 ίριπτούμενοι.

2045 4027 2219 4095 Φυγαί
2262 4025 2326 4097 δὴ
2364 4022 2518 4091 αὖθις
2551 4028 2644 4080 ἐπὶ
2691 4026 2932 4092 τούτοις,
2974 4027 3162 4099 ὥσπερ
3204 4026 3268 4099 δὴ
3303 4029 3400 4081 καὶ
3444 4027 3616 4099 μικρῷ

2047 4118 2331 4189 πρότερον,
2367 4117 2475 4171 τῶν
2506 4117 2773 4175 θεοσεὸὦν
2805 4120 3044 4188 ἐγίνοντο
3073 4119 3278 4192 ἀνδρῶν
3300 4137 3314 4149 ·
3343 4121 3441 4174 καὶ
3464 4120 3617 4173 πάλιν

2046 4211 2227 4283 ἀγροὶ,
2260 4211 2354 4264 καὶ
2383 4211 2543 4265 πάλιν
2571 4212 2799 4283 ἐρημίαι
2828 4215 2953 4277 τοὺς
2988 4213 3082 4266 τοῦ
3113 4211 3249 4266 Θεοῦ
3279 4212 3618 4285 θεραπευτὰς

2050 4302 2390 4373 ὑπεδέχοντο.
2432 4303 2584 4356 Ἐπεὶ⁸
2625 4302 2681 4356 δὲ
2723 4306 2817 4357 καὶ
2863 4304 3037 4358 ταῦτα
3081 4304 3271 4357 τοῦτον
3313 4303 3616 4376 προύχώρει

2046 4394 2139 4447 τὸν
2170 4394 2370 4465 τρόπον
2400 4393 2476 4464 τῷ
2506 4396 2771 4466 τυράννῳ,
2791 4396 2974 4449 λοιπὸν
2989 4397 3077 4450 τὸν
3110 4397 3327 4452 πάντων
3348 4398 3619 4451 ἀνακινεῖν

2052 4485 2292 4557 διωγμὸν
2310 4487 2401 4540 ἐπὶ
2414 4485 2650 4540 διάνοιαν
2668 4487 2940 4541 ἐϐάλλετο·
2964 4489 3185 4560 ἐκράτει
3199 4505 3259 4541 τε
3277 4488 3506 4560 γνώμης
3529 4487 3615 4542 καὶ

370 4587 453 4642 Λα
486 4585 676 4656 procul
705 4585 871 4639 dubio
894 4583 1003 4639 vati
1027 4582 1110 4638 sui
1139 4596 1360 4650 compos
1402 4582 1723 4647 exstitisset,
1773 4598 1870 4636 nec
1892 4582 1938 4636 ei

2051 4580 2200 4634 οὐδὲν
2233 4580 2481 4649 ἐμποδὼν
2500 4576 2568 4652 ἦν
2584 4579 2728 4651 αὐτῷ
2744 4581 2818 4652 μὴ
2848 4581 2967 4651 οὐχὶ
2985 4580 3052 4633 δι’
3077 4581 3251 4652 ἔργων
3268 4580 3370 4652 ἤδη
3402 4582 3615 4653 χωρεῖν,

371 4676 666 4746 quidquam
693 4675 998 4731 obstitisset
1025 4673 1318 4743 quominus
1350 4686 1462 4726 rem
1503 4673 1568 4726 ad
1594 4674 1795 4726 exitum
1830 4689 1947 4740 per-

374 4772 616 4832 duceret,
647 4767 748 4821 nisi
775 4767 1102 4822 famulorum
1134 4781 1355 4820 suorum
1385 4776 1755 4836 propugnator
1786 4766 1943 4832 Deus,
1982 4770 1985 4774 ‘

446 5019 578 5093 (ἓξ)
622 5021 788 5093 Ταῦτ’
838 5018 971 5077 οὖν.
1021 5020 1378 5093 Scribendum
1412 5031 1520 5093 est
1556 5021 1623 5075 τὰ
1673 5020 1828 5093 γοῦν,
1883 5038 1949 5078 ex

371 5090 514 5147 libro
544 5106 577 5143 Χ
629 5090 884 5146 Historia:
929 5092 1319 5158 ecclesiasticae,
1370 5092 1461 5147 ubi
1506 5091 1623 5146 haec
1653 5092 1832 5146 omnia
1880 5093 1947 5146 ad

372 5161 598 5216 verbum
628 5161 897 5229 leguntur.
931 5162 1124 5216 Mirum
1159 5176 1323 5230 porro
1359 5172 1469 5223 est.
1511 5161 1803 5216 Eusebium
1852 5176 1948 5216 ne-

373 5245 483 5300 que
531 5232 582 5284 in
622 5230 861 5286 Historia
890 5232 1293 5301 Ecclesiastica,
1345 5245 1520 5301 neque
1568 5231 1622 5285 in
1670 5231 1755 5287 his
1798 5231 1949 5286 libris

371 5302 539 5355 ullam
587 5302 769 5356 facere
806 5303 1137 5358 mentionem
1171 5302 1366 5357 Basilei
1394 5302 1786 5356 Amasenorum
1833 5303 1948 5369 epi-

373 5372 519 5440 scopi
547 5390 560 5426 :
589 5388 751 5441 quem
785 5381 963 5428 tamen
987 5372 1138 5441 jussu
1167 5372 1357 5427 Licinii
1388 5387 1583 5441 caesum
1612 5386 1733 5427 esse
1757 5387 1947 5428 omnes

370 5444 547 5497 Graeci
597 5440 895 5512 scriptorcs
921 5440 1291 5498 consentiunt.
1320 5442 1520 5498 Verum
1552 5440 1947 5509 Philostorgius

371 5514 425 5566 in
476 5512 616 5566 libro
656 5528 673 5565 ι
713 5511 983 5568 Historia:
1012 5511 1398 5567 Ecclesiasticw
1454 5514 1657 5568 diserte
1720 5514 1946 5578 scribit,

370 5581 643 5653 Basileum
682 5585 924 5639 Amaseze
951 5586 1002 5637 in
1033 5583 1203 5638 Ponto
1229 5585 1538 5653 episcopum
1571 5582 1790 5637 Nicteno
1818 5598 1949 5637 con-

373 5652 502 5706 cilio
574 5652 907 5708 interfuisse.
969 5654 1141 5710 Porro
1186 5652 1476 5708 concilium
1539 5653 1949 5715 Nicaztnnn,.nt

374 5725 525 5777 inter
568 5735 759 5793 omnes
796 5734 1044 5793 constat,
1070 5734 1455 5793 congregatum
1503 5734 1590 5779 est
1636 5737 1780 5793 anno
1829 5734 1950 5792 post

374 5791 881 5861 exauctoratiottetn
902 5792 1123 5851 Licinii.
1168 5791 1307 5859 Quid
1342 5793 1482 5861 quod
1524 5792 1853 5847 Athanasius
1894 5795 1947 5847 in

375 5859 680 5916 orationei
727 5859 921 5915 Contra
965 5863 1226 5928 Arianor,
1276 5859 1374 5917 ubi
1426 5863 1753 5922 mentionem
1816 5862 1950 5918 facit

2057 4674 2104 4726 εἰ
2139 4673 2212 4745 μὴ
2242 4672 2452 4743 φθάσας
2485 4673 2546 4726 τὸ
2582 4673 2788 4744 μέλλον,
2818 4675 2845 4726 ό
2879 4672 2988 4726 τῶν
3020 4674 3231 4727 οἰκείων
3265 4675 3581 4745 ὑπερμαχσς
3601 4714 3616 4736 ,

2051 4766 2126 4829 ὡς
2158 4766 2215 4818 ἐν
2245 4765 2418 4837 σκότῳ
2453 4765 2547 4818 καὶ
2573 4764 2726 4818 νυκτὶ
2753 4764 3131 4840 ζοφωδεστὰτῃ
3152 4766 3417 4838 φωστῆρα
3454 4766 3619 4838 μέγαν

2056 5021 2346 5093 illustrium
2380 5022 2753 5093 episcoporum
2781 5020 2873 5091 qui
2905 5018 3136 5093 Nicaeum
3162 5020 3373 5090 synodo
3394 5029 3495 5093 aut
3523 5023 3619 5092 ipsi

2051 5091 2450 5162 interfuerunt,
2496 5102 2591 5147 aut
2630 5091 2746 5159 ejus
2793 5091 3118 5146 sententiam
3162 5091 3619 5162 comprobarunt,

2054 5161 2321 5217 Basileum
2366 5161 2521 5217 Ponti
2554 5157 2867 5231 episcopum
2895 5176 3000 5215 una
3035 5175 3156 5215 cum
3188 5157 3313 5231 aliis
3331 5157 3623 5231 nominat,

2051 5245 2154 5304 nec
2193 5242 2485 5304 martyrem
2524 5228 2647 5287 eum
2692 5228 2944 5304 appellat,
2980 5230 3230 5304 quamvis
3254 5228 3461 5304 _Osium_
3493 5248 3620 5304 con-

2052 5298 2563 5358 tcssorem'ibidem
2615 5298 2982 5371 cognominet.
2999 5298 3112 5355 Sed
3153 5311 3210 5353 et
3238 5302 3371 5353 Acta
3424 5298 3618 5356 Basilei

2051 5387 2174 5442 quae
2213 5373 2352 5443 apud
2399 5372 2818 5443 Metaphrastem
2856 5380 3104 5437 exstant,
3148 5371 3331 5443 inepta
3374 5372 3507 5443 mihi
3540 5375 3617 5426 νᾶα

2054 5441 2342 5498 uenturae
2372 5443 2636 5497 fabulosa.
2663 5441 2741 5496 Ac
2782 5443 3039 5511 pleraque
3067 5442 3285 5510 quidem
3316 5456 3439 5508 qua:
3468 5442 3619 5497 initio

2056 5529 2269 5583 eorum,
2299 5513 2548 5583 leguntur
2573 5529 2639 5566 ex
2693 5512 3028 5583 Eusebioad
3064 5512 3298 5583 irerbum
3346 5512 3619 5583 descripta

2055 5594 2201 5636 sunt.
2235 5581 2451 5637 Fabella
2494 5594 2673 5636 autem
2714 5582 2800 5635 illa
2833 5583 2898 5636 de
2922 5582 3194 5651 Giaphyra
3223 5581 3461 5649 virgine,
3490 5598 3618 5636 cou-

2055 5655 2178 5706 ticta
2211 5654 2339 5707 mihi
2370 5654 2579 5706 videtur
2610 5654 2678 5707 ab
2701 5653 3005 5706 hominibus
3027 5652 3234 5704 otiosis.

2125 5724 2239 5794 (25)
2292 5721 2545 5791 Ἀποδῴη
2576 5724 2871 5794 λατρείας,
2910 5722 2968 5776 ln
3015 5723 3173 5794 codd.
3219 5719 3613 5794 Fuketiano_et

2054 5791 2182 5874 Sat:
2219 5791 2478 5874 Scriptum
2514 5805 2599 5874 est
2623 5792 2910 5874 ἁπρδιδοίη,
2937 5813 2951 5845 :
2988 5794 3041 5846 itt
3082 5793 3218 5847 libro
3247 5804 3429 5847 autem
3454 5810 3484 5848 ι
3514 5791 3612 5847 ﬂi-

2052 5864 2229 5918 storiw
2270 5862 2656 5917 Ecclesiasticrr
2687 5862 2939 5933 ἀποδιδῷ.
