3858 6260
231 387 332 445 981
696 394 699 396 ’
1333 381 1424 435 DE
1461 380 1624 438 VITA
1663 380 1790 438 (ἶοΝ

1902 381 2120 436 ᾸΝΤΙΝΙ
2154 381 2285 438 ΠΒ.
2315 381 2398 437 11..
3367 383 3474 434 982

227 499 511 571 ἐξέλαμψε
537 499 628 554 τὸν
655 495 823 552 αὑτοῦ
855 495 1156 570 θεράποντα
1177 498 1604 560 Κωνσταντῖνον,
1626 499 1718 553 ἐπὶ
1744 498 1790 552 τέ

1915 498 1966 552 id
2002 499 2141 567 quod
2171 497 2408 552 futurum
2447 501 2570 581 erat.
2616 463 2906 550 celerrime
2941 472 3295 564 praei'eiilens,
3328 493 3471 550 Con-

225 591 355 662 τῇδε
379 589 826 661 χειραγωγήσας.

1911 589 2207 643 stautiuuiii
2247 583 2502 642 famulum
2535 598 2692 639 suum
2734 593 2987 654 tanquam
3025 583 3363 654 splendidum
3393 585 3473 639 lu-

227 682 527 750 cisjubar,
554 682 608 735 iii
643 679 906 748 profunda
951 679 1180 750 caligine
1221 687 1275 732 et
1321 680 1372 740 iu
1405 672 1797 736 obscurissima
1848 688 2008 733 nocte
2063 679 2242 732 subito
2294 675 2654 739 OSIeiidisset,
2686 687 2916 745 cumque
2964 675 3118 744 quasi
3171 688 3333 729 manu
3374 690 3470 744 ap-

227 775 569 844 prehensum
600 772 699 827 has
725 772 780 826 in
806 780 991 840 partes
1015 772 1380 841 perduxisset.

762 864 1156 919 ΚΕΦΑΛΑΙΟΝ
1192 866 1266 920 Γ’.

227 958 422 1023 Ὅπως
437 955 898 1021 Κωνσταντῐνος
919 957 1072 1024 ὑπὲρ
1102 954 1471 1024 Χριστιανῶν
1493 956 1804 1012 διώκεσθαι

699 1026 1049 1094 μελλόντων·
1074 1027 1340 1095 ἐκινήθη.

298 1117 397 1178 '0;
423 1115 608 1170 οὐκέτ’
631 1116 850 1169 ἀνεκτὸν
876 1111 1016 1169 εἶναι
1067 1115 1292 1170 συνιδὼν
1321 1116 1420 1187 τὴν
1453 1116 1560 1168 τῶν
1591 1114 1804 1187 εἰρημέ-

225 1227 329 1263 νων
360 1209 563 1280 ἀκοὴν,
608 1210 699 1262 τὸν
743 1208 996 1280 σώφρονα
1040 1209 1261 1279 συνάγει
1290 1209 1567 1280 λογισμὸν,
1598 1207 1693 1262 καὶ
1743 1206 1803 1260 τὸ

225 1301 450 1372 στερρὸν
481 1300 580 1354 τοῦ
605 1301 804 1371 τρόπου
837 1303 903 1370 τῇ
939 1301 1203 1372 συμφύτῳ
1231 1299 1607 1371 φιλανθρωπίᾳ
1636 1314 1801 1369 κεραι

225 1393 458 1462 σάμενος
485 1431 502 1457 ,
589 1393 682 1444 ἐπὶ
731 1393 830 1464 τὴν
888 1393 1098 1463 ἄμυναν
1157 1392 1262 1446 τῶν
1315 1391 1801 1462 καταπονουμένων

222 1483 473 1546 ἔσπευδε,
518 1483 712 1555 κρίνας
742 1485 851 1536 δεῖν
881 1480 1020 1537 εἶναι
1051 1483 1274 1547 εὐσεϐὲς
1308 1485 1402 1537 καὶ
1429 1483 1594 1545 ὅσιον,
1633 1483 1799 1533 ἐκποο

222 1574 322 1627 δὼν
369 1573 466 1628 ἕνα
503 1575 870 1646 ποιησάμενον
895 1615 909 1640 ,
963 1576 1024 1629 τὸ
1072 1575 1320 1628 πλεῖστον
1353 1574 1461 1628 τῶν
1503 1571 1801 1643 ἀνθρώπων

221 1663 594 1718 διασώσασθαι
629 1666 814 1733 γένος’
854 1665 1018 1736 πολλῇ
1046 1666 1154 1737 γὰρ
1193 1665 1344 1736 αύτῷ
1376 1665 1645 1737 χρωμένῳ
1679 1664 1800 1733 φιλ-

224 1755 508 1828 ανθρωπίᾳ
549 1757 684 1827 (24),
733 1761 824 1812 καὶ
855 1759 944 1812 τὸν
985 1757 1322 1829 συμπαθείας
1349 1757 1564 1823 ἀνάξιον
1595 1755 1801 1809 ἐλεοῦν-

220 1866 292 1912 τι,
327 1849 404 1920 τῷ
442 1850 547 1919 μὲν
601 1851 766 1921 μηδὲν
811 1853 1053 1918 γίνεσθαι
1083 1853 1272 1915 πλέον,
1322 1851 1420 1922 τῆς
1465 1851 1573 1903 τῶν
1615 1849 1798 1902 κακῶν
1831 1883 1870 1936 Β

222 1940 623 2010 ἐπιτηδεύσεως
665 1943 927 2014 μηδαμῶς
971 1943 1460 2014 ἀπαλλαττομένῳ,
1515 1940 1798 2005 ὲπαύξοντι

218 2031 273 2084 δὲ
306 2031 507 2100 μᾶλλον
541 2033 644 2104 τὴν
683 2034 824 2087 κατὰ
867 2035 973 2088 τῶν
1004 2035 1328 2105 ὑποχειρίων
1357 2033 1573 2096 λύτταν,
1609 2033 1719 2094 τοῖς
1751 2032 1795 2083 δ’

221 2121 310 2174 ὑπ’
355 2123 523 2176 αὐτοῦ
591 2126 996 2196 κεκακωμένοις
1056 2126 1322 2197 μηδεμίαν
1381 2124 1485 2177 ἔτι*
1527 2122 1798 2194 σωτηρίας

222 2209 406 2264 ἐλπίδα
455 2212 763 2268 λείπεσθαι.
806 2214 967 2267 Ταῦτ’
1009 2216 1267 2286 ἐννοήσας
1313 2216 1341 2267 ὁ
1394 2213 1662 2283 βασιλεὺς,
1707 2213 1800 2264 ἀν-

224 2299 533 2370 υπερθέτως
571 2301 751 2367 δεξιὰν
799 2303 1010 2375 ὀρέγειν
1041 2307 1302 2376 σωτήριον
1346 2307 1455 2368 τοῖς
1495 2305 1573 2366 εἰς
1594 2303 1798 2373 ἔσχατα

223 2391 400 2446 κακῶν
440 2392 764 2465 ἐληλακόσιν
795 2395 1040 2466 ὡρμᾶτο.
1073 2397 1182 2467 Τῆς
1218 2397 1316 2466 μὲν
1348 2393 1441 2449 οὖν
1479 2412 1796 2466 στρατιωτι-

224 2481 318 2550 κῆς
352 2481 684 2548 ἐξοπλίσεως
725 2485 824 2557 τὴν
876 2486 1078 2557 συνήθη
1131 2486 1483 2558 παρασκευὴν
1532 2488 1791 2546 ἐποιεῖτο,

222 2570 465 2644 ἧθροιστό
489 2592 551 2628 τε
583 2575 729 2647 αὐτῷ
763 2579 910 2630 πᾶσα
934 2577 1143 2646 φάλαγξ
1177 2577 1341 2640 πεζοῦ
1368 2595 1426 2629 τε
1450 2577 1543 2629 καὶ
1567 2577 1792 2629 ἱππικοῦ

225 2664 532 2734 τάγματοςο
588 2670 773 2738 ἠγεῖτο
818 2669 862 2721 δ’
899 2669 992 2722 ἐπὶ
1037 2669 1254 2723 πάντων
1296 2668 1364 2721 τὰ
1412 2670 1509 2739 τῆς
1561 2669 1653 2720 ἐπὶ
1701 2670 1792 2722 τὸν

221 2754 345 2809 Θεὸν
372 2758 588 2831 ἀγαθῆς
610 2760 840 2826 ἐλπίδος,
881 2760 968 2816 διὰ
993 2760 1085 2814 τοῦ
1125 2760 1505 2833 προλεχθέντος
1545 2763 1789 2833 σημείου,

227 2843 284 2895 σύ
293 2845 482 2914 μϐολα.

747 3123 1145 3176 ΚΕΦΑΛΑΙΟΝ
1183 3125 1257 3177 Δ’.

3404 814 3423 844 \

2497 850 2723 909 CAPUT
2752 849 2838 907 lll.

1949 949 2222 1018 Quomodo
2255 946 2632 1018 Constantinus
2672 942 3094 1018 Christianorum
3121 958 3279 1018 causa
3307 957 3442 1010 quos

2086 1018 2320 1072 Licinius
2351 1014 2585 1085 persequi
2616 1011 2856 1082 parabat.
2899 1024 3181 1066 commotus
3211 1012 3299 1067 sit.

1976 1131 2074 1198 Qui
2103 1145 2221 1184 cum
2253 1124 2555 1196 huiusmodi
2581 1138 2758 1178 rerum
2785 1123 3031 1177 nuntium
3062 1121 3128 1176 ad
3159 1136 3318 1178 aures
3341 1134 3466 1176 suas

1907 1221 2189 1290 perlatum,
2225 1232 2333 1272 non
2368 1215 2598 1282 amplius
2631 1211 3082 1267 dissimulandum
3127 1225 3252 1267 esse
3300 1210 3464 1266 intel-

1904 1311 2107 1383 ligeret,
2137 1309 2336 1365 sobriae
2388 1309 2586 1362 mentis
2610 1306 2854 1373 vigorem
2881 1304 3098 1377 collegit
3128 1323 3142 1360 :
3174 1315 3231 1360 et
3259 1306 3465 1362 severi-

1906 1411 2068 1455 tatem
2101 1412 2304 1452 morum
2347 1412 2470 1451 cum
2502 1395 2710 1471 innata
2763 1394 3002 1450 miscens
3059 1395 3364 1460 clementia,
3397 1396 3465 1450 iis

1903 1491 1992 1560 qui
2023 1489 2464 1560 opprimebantur
2480 1487 2744 1543 auxilium
2777 1486 2920 1540 ferre
2945 1487 3282 1554 properavit;
3317 1487 3461 1555 pium

1903 1588 2257 1646 sanctumque
2287 1575 2498 1630 facinus
2523 1576 2824 1630 habendum
2861 1591 2980 1631 esse
3008 1575 3278 1643 judicans,
3339 1593 3461 1632 eum

1903 1685 2009 1724 uno
2035 1684 2066 1724 e
2098 1668 2273 1723 medio
2303 1667 2514 1722 sublato
2543 1677 2711 1722 totum
2744 1666 2858 1722 fere
2886 1667 3162 1722 hominum
3193 1683 3364 1736 genus
3389 1669 3463 1723 iii-

1903 1761 2110 1814 coliiine
2140 1770 2408 1814 servatur.
2445 1757 2534 1813 Sic
2573 1759 2716 1812 enim
2761 1758 2902 1826 apud
2933 1774 2994 1813 se
3038 1759 3322 1828 reputabat
3363 1775 3376 1811 :
3415 1759 3459 1812 si

1903 1847 2015 1916 ipse
2041 1862 2248 1900 sumina
2294 1845 2578 1901 clementia
2631 1854 2897 1910 uteretur,
2955 1859 3009 1901 et
3047 1847 3284 1902 hominis
3317 1845 3460 1902 nulla

1901 1936 2246 1991 miseratione
2275 1936 2421 2005 digni
2454 1937 2828 2002 misereretur,
2862 1937 2939 1991 illi
2973 1937 3190 2007 quidem
3244 1938 3378 1993 nihil
3406 1939 3458 1992 id

1897 2031 2265 2098 profuturum,
2302 2033 2504 2102 quippe
2528 2033 2617 2108 qui
2669 2049 2697 2086 a
2733 2035 2916 2102 pravis
2951 2036 3196 2090 moribus
3225 2043 3280 2091 et
3304 2037 3462 2091 insti-

1899 2122 2028 2176 tutis
2056 2121 2364 2178 nullatenus
2393 2122 2720 2186 discederet,
2748 2122 2878 2190 quin
2930 2124 3106 2192 potius
3138 2125 3341 2181 rabiem
3367 2127 3462 2179 ad-

1895 2226 2082 2266 versus
2129 2212 2371 2266 subditos
2432 2213 2732 2266 intenderet
2778 2216 3101 2282 :oppressis
3165 2232 3296 2271 vero
3341 2216 3461 2271 nul-

1899 2301 1999 2353 laui
2031 2300 2262 2368 amplius
2291 2315 2442 2370 spem
2473 2300 2665 2356 salutis
2705 2287 2966 2372 relinqui.
3010 2303 3134 2359 Haec
3163 2304 3460 2376 imperator

1896 2406 2015 2443 cum
2055 2391 2196 2460 apud
2223 2406 2283 2446 se
2317 2400 2646 2461 reputasset,
2688 2392 2753 2448 iis
2778 2393 2870 2464 qui
2913 2394 2968 2448 in
2998 2402 3269 2451 extremas
3306 2396 3455 2451 cala-

1897 2484 2110 2538 mitates
2142 2483 2480 2549 incidissent,
2502 2482 2665 2555 M5
2705 2483 2910 2555 absque
2937 2485 3043 2539 ulla
3083 2486 3344 2543 dilatione
3370 2504 3459 2542 sa-

1895 2573 2119 2628 lutarem
2146 2574 2390 2627 dextram
2418 2575 2698 2644 porrigere
2736 2577 2997 2631 decrevit.
3033 2576 3100 2631 Et
3140 2578 3458 2632 militarium

1894 2662 2109 2730 quidem
2133 2663 2414 2732 copiarum
2445 2673 2606 2732 atque
2638 2677 2915 2719 armorum
2968 2667 3238 2738 ingentem
3289 2683 3459 2738 appa.--

1893 2760 2072 2804 ratum
2105 2751 2300 2820 coegit.
2339 2751 2564 2820 Jamque
2589 2751 2816 2806 aderant
2860 2753 3113 2808 universa
3147 2765 3252 2808 tam
3297 2755 3456 2822 equi-

1894 2855 2004 2900 niui
2033 2857 2194 2911 quain
2225 2841 2464 2910 peditum
2523 2843 2743 2912 agmina
2796 2844 2849 2897 in
2893 2859 3058 2898 unum
3106 2855 3455 2916 congregata.

1890 2930 2118 2985 Cunctis
2149 2944 2278 2984 vero
2332 2931 2600 2997 praeibam
2650 2930 2887 3002 insignia
2919 2931 3128 2987 ﬁducia:
3158 2933 3211 2986 in
3244 2933 3454 2999 Deum,

1893 3022 2106 3092 signum
2142 3019 2398 3075 videlicet
2430 3020 2559 3075 illud
2586 3022 2730 3090 quod
2760 3037 2922 3090 supra
2949 3023 3384 3078 memoravimus.

2498 3111 2724 3167 CAPUT
2750 3113 2840 3167 IV.

225 3214 346 3267 Ὀτι
394 3214 853 3280 Κωνσταντῖνος
887 3215 1005 3284 μὲν
1049 3213 1521 3282 παρεσκευάζετο
1543 3211 1669 3282 μετ’
1696 3215 1790 3268 εὑ-

1973 3205 2127 3270 ρηρά
2155 3205 2531 3284 Constantinus
2570 3208 2984 3284 cum‘p‘reloi'bus,
3004 3207 3241 3264 Licinius
3270 3227 3389 3264 vero

288 3284 426 3353 χῶν,
460 3287 727 3350 Λικίνιος
755 3285 822 3337 δὲ
845 3285 995 3354 μετὰ
1009 3285 1303 3353 μαντειῶν
1331 3287 1417 3350 εὶς
1440 3287 1724 3352 πόλεμον.

288 3375 470 3446 Εύχῶν
491 3376 536 3429 δ’
554 3375 737 3429 εἴποτε
754 3377 847 3432 καὶ
863 3375 956 3430 νῦν
973 3375 1121 3446 αὐτῷ
1137 3376 1362 3442 δεῖσθαι,
1377 3375 1554 3439 καλῶς
1573 3375 1794 3428 ἐπιστά-

229 3481 392 3534 μενος,
416 3469 545 3530 τοὺς
561 3466 655 3520 τοῦ
696 3468 830 3521 Θεοῦ
871 3467 1048 3538 ἱερέας
1064 3469 1313 3538 ὲπήγετο’
1331 3471 1563 3520 συνεῖναι
1579 3467 1624 3521 τ’
1647 3465 1794 3537 αύτῷ

228 3557 313 3608 καὶ
334 3561 589 3630 παρεῖναι
612 3559 698 3612 διὰ
732 3560 950 3626 παντὸς,
969 3559 1156 3630 ὥσπερ
1177 3565 1328 3622 τινας
1349 3559 1528 3631 ψυχῆς
1557 3559 1793 3628 ἀγαθοὺς

228 3648 456 3716 φύλακας
476 3650 619 3721 (9.5),
638 3651 858 3714 τούτους
872 3651 980 3704 δεῖν
998 3649 1128 3720 ἡγού
1137 3667 1312 3721 μενος,
1325 3649 1748 3714 Ἔνθεν-εἰκότως
1766 3653 1792 3704 ό

225 3738 312 3809 τὴν
327 3757 386 3793 τυ
394 3759 522 3813 ρανν
531 3742 619 3796 ίδα
635 3742 905 3814 προϐεὸλη
913 3743 1394 3815 μένος,πυθόμενος
1405 3745 1526 3796 Κων
1534 3761 1693 3796 σταντ
1701 3743 1793 3813 ίνῳ

225 3829 316 3892 τὶς
330 3833 446 3884 κατ’
464 3833 678 3904 ἐχθρῶν
696 3834 849 3898 νίκας
885 3834 1004 3906 μηδ’
1021 3834 1238 3904 ἄλλωςῆ
1255 3833 1348 3887 τοῦ
1357 3833 1490 3886 Θεοῦ
1517 3851 1579 3886 συ
1588 3835 1792 3905 μπράτ-

227 3935 396 3984 τοντος
444 3923 794 3994 πορίζεσθαι,
847 3925 1084 3978 συνεῖναί
1135 3927 1182 3978 τ’
1224 3923 1369 3994 αύτῷ
1413 3926 1506 3977 καὶ
1539 3929 1788 3996 παρεῖναι

227 4006 496 4077 διαπαντὸς
526 4016 653 4078 τοὺς
683 4015 1021 4086 εἰρημένους,
1056 4017 1150 4069 καὶ
1177 4017 1240 4068 τό
1271 4033 1334 4084 γε
1373 4015 1466 4068 τοῦ
1523 4018 1788 4086 σωτηρίου

228 4101 418 4167 πάθους
445 4105 506 4158 σύ
517 4106 714 4176 μϐολον
744 4101 906 4162 αὑτοῦ
929 4126 987 4160 τε
1014 4109 1106 4161 καὶ
1136 4108 1226 4160 τοῦ
1259 4107 1456 4170 παντὸς
1479 4107 1792 4179 καθηγήσα-

230 4190 342 4246 σθαι
372 4196 638 4267 στρατοῦ·
671 4199 844 4252 ταῦτα
887 4200 984 4269 μὲν
1027 4199 1260 4268 γέλωτος
1302 4199 1426 4266 ἀξια
1469 4199 1788 4269 ὑπελάμϐαν·

228 4298 327 4346 νεν,
365 4286 477 4356 ἅμα
504 4287 784 4359 χλευάζων
829 4290 989 4342 αὑτὸν
1029 4291 1122 4342 καὶ
1153 4290 1492 4361 βλασφήμοις
1518 4289 1787 4362 διασύρων

230 4372 409 4444 λόγοις,
434 4381 598 4444 αὑτός
631 4399 694 4435 τε
727 4382 1060 4455 θεοπρόπους
1101 4382 1210 4454 (26)
1251 4384 1342 4435 καὶ
1367 4382 1584 4452 μάντεις
1617 4384 1783 4452 Αἰγυ-

230 4466 404 4532 πτίων,
439 4470 751 4544 φαρμακεῖς
779 4475 871 4528 καὶ
901 4475 1124 4544 γόητας,
1161 4473 1326 4536 θύτας
1359 4491 1416 4527 τε
1450 4475 1544 4527 καὶ
1577 4479 1786 4545 προφὴ-

2145 3291 2262 3328 cum
2282 3277 2543 3328 vaticiniis
2566 3290 2618 3328 se
2641 3276 2708 3328 ad
2741 3276 2931 3331 bellum
2964 3281 3207 3345 parabat.

1967 3363 2212 3433 Cumque
2259 3363 2688 3432 precationibus,
2738 3365 2784 3418 si
2825 3381 3058 3434 unquam
3107 3376 3289 3432 antea,
3338 3384 3459 3425 sese

1898 3465 2028 3510 tunc
2061 3457 2298 3510 maxime
2326 3456 2566 3527 indigere
2599 3455 2958 3526 intelligeret,
3013 3461 3324 3517 sacerdotes
3363 3462 3456 3516 Dei

1896 3563 2080 3602 secum
2114 3548 2287 3609 durit.
2336 3563 2432 3605 eos
2488 3547 2636 3604 velut
2689 3548 2919 3618 optimos
2956 3551 3154 3609 animm
3203 3555 3458 3611 custodes

1895 3643 2087 3696 adesse
2116 3656 2299 3695 coram
2327 3649 2380 3696 et
2421 3657 2604 3696 secum
2639 3643 2844 3696 versari
2881 3643 3080 3700 debere
3115 3647 3454 3704 existimans.

1899 3733 2050 3788 Unde
2077 3749 2198 3788 cum
2240 3743 2500 3805 tyrannus
2553 3731 2838 3802 audiisset,
2873 3736 3290 3795 Constantinum
3345 3757 3456 3798 non

1895 3825 2051 3879 aliter
2087 3840 2251 3895 quam
2289 3826 2470 3880 divino
2500 3825 2793 3882 auxiliante
2832 3829 3052 3884 numine
3081 3831 3360 3886 victoriam
3393 3834 3459 3888 de

1897 3919 2143 3974 hostibus
2168 3934 2364 3988 parare
2383 3961 2398 3984 ,
2428 3929 2483 3973 et
2504 3935 2598 3974 eos
2619 3934 2758 3988 quos
2781 3919 2890 3973 dixi
2908 3920 2954 3974 ei
2977 3931 3239 3990 perpetuo
3268 3923 3459 3979 adesse

1894 4025 2109 4080 imaque
2131 4011 2334 4064 versari
2361 4026 2376 4073 ;
2411 4009 2666 4064 salutaris
2685 4026 2899 4080 quoque
2931 4012 3199 4080 passionis
3221 4012 3456 4083 signum,

1892 4115 1942 4157 et
1973 4103 2144 4172 ipsum
2169 4112 2224 4156 et
2250 4103 2560 4155 universum
2593 4099 2712 4169 ejus
2750 4103 3045 4156 exercitum
3081 4106 3406 4160 antecedere
3439 4122 3453 4172 ;

1895 4195 2005 4247 haec
2038 4203 2220 4263 utpote
2247 4177 2442 4260 impius
2490 4191 2618 4244 risu-
2657 4191 2818 4261 digna
2853 4207 2974 4248 esse
3011 4197 3285 4257 censebat,
3314 4197 3455 4251 con-

1891 4285 2186 4339 stantinum
2223 4284 2562 4339 subsannaus
2613 4289 2673 4335 et
2721 4284 3135 4341 contumeliosis
3198 4299 3457 4357 appetens

1890 4376 2088 4431 verbis.
2122 4377 2239 4445 Ipse
2263 4389 2394 4431 vero
2419 4374 2631 4428 divinos
2658 4383 2717 4449 et
2749 4384 2898 4430 vates
2929 4375 3338 4447 .Egyptioruiii,
3364 4395 3460 4432 ve—

1891 4469 2092 4524 neﬁcos
2121 4476 2177 4523 et
2200 4469 2562 4537 iiiipostores,
2605 4467 2939 4524 sacrilieulos
2969 4470 3204 4538 denique
3239 4485 3303 4524 ac
3333 4485 3460 4538 pro-

229 4572 317 4620 τας
357 4553 427 4615 ὧν
460 4565 644 4634 ἡγεῖτο
697 4563 856 4629 θεῶν,
908 4566 1034 4636 περὶ
1086 4565 1272 4616 ἑαυτὸν
1303 4563 1509 4616 ἐποίει’
1546 4562 1783 4616 κᾶπειτα

1902 4562 2081 4614 :ihetas
2108 4559 2367 4614 falsorum
2392 4574 2528 4629 quos
2554 4560 2772 4615 colebat
2801 4560 3027 4615 deorum
3056 4560 3157 4614 sibi
3186 4561 3454 4628 adjuiixit.

232 4645 425 4716 θυσίαις
478 4655 571 4718 οὓς
607 4655 714 4709 δεῖν
763 4654 915 4726 ῴετο,
969 4656 1123 4719 θεοὺς
1175 4656 1288 4726 (‘27)
1352 4655 1784 4725 μειλισσόμενος,

232 4741 453 4812 διηρώτα
490 4747 596 4817 ὅπη
648 4746 795 4816 αὐτῷ
842 4747 910 4800 τὰ
961 4747 1058 4817 τῆς
1099 4747 1376 4810 ἐκϐάσεως
1413 4745 1505 4800 τοῦ
1548 4747 1784 4817 πολέμου

297 4945 418 5019 (24)-
456 4948 668 5017 Πολλῇ
721 4949 829 5019 γὰρ
891 4949 1050 5016 αὐτῷ
1125 4947 1403 5019 χρωμένῳ
1460 4953 1788 5019 φιλανθρω-

235 5015 344 5083 πίᾳ.
382 5015 455 5070 1η
499 5020 593 5073 lib.
632 5015 666 5071 it
719 5015 861 5088 unde
910 5023 1020 5072 lizee
1072 5015 1406 5072 adrve‘rliuiu
1461 5015 1785 5088 transcripta

236 5096 370 5160 stitit,
405 5102 500 5160 pro
531 5103 662 5160 voce
687 5087 853 5159 πολλῇ
885 5090 1078 5159 legitur
1108 5089 1265 5160 μόνῃ,
1287 5091 1446 5160 ψιρὸ
1476 5091 1674 5143 rectius
1698 5087 1782 5142 vi-

237 5154 418 5230 detur.‘
455 5157 664 5230 Mallem
713 5154 876 5212 etiaiii
929 5154 1170 5214 scribere
1215 5154 1401 5211 ἀὐτοῦ
1457 5160 1778 5230 χρωμένου,

238 5223 328 5343 ιη)δὶ
360 5225 514 5344 Iforte
546 5228 755 5284 dativus
809 5243 972 5284 casus
1023 5230 1158 5282 sumi
1196 5240 1369 5297 potest
1407 5223 1509 5298 pro
1545 5223 1780 5284 ablativo

238 5307 260 5340 il
300 5309 354 5344 50
377 5307 487 5344 1110.

237 5307 487 5350 :ibsnlulo.

298 5363 404 5436 (9-5)
449 5367 669 5436 ’Ὠσπερ
712 5367 879 5433 τινὰς
921 5365 1127 5436 ψυχῆς
1167 5367 1426 5436 ἀγαθοὺς
1482 5369 1778 5436 φύλακας.

237 5427 434 5508 alludit
461 5439 525 5490 ad
571 5427 758 5492 vocem
792 5427 1281 5508 σώμᾶτοὶρύλακοὶς.
1319 5427 1778 5504 ρυεηῖυόιιιοιιυῖιι

240 5503 387 5565 iiiitor
424 5505 797 5576 imperatores,
840 5503 1100 5576 quosdam
1141 5503 1353 5562 milites
1385 5509 1450 5560 ad
1479 5507 1776 5562 custodiam

238 5575 466 5648 corporis
502 5578 584 5648 sui
613 5592 825 5647 semper
846 5575 1027 5648 secum
1053 5577 1344 5648 habebant,
1402 5577 1479 5632 sic
1510 5579 1777 5632 Constan—

239 5645 396 5718 stiuiis
438 5645 913 5718 episcopos'quasi
954 5645 1214 5718 quosdam
1253 5648 1452 5700 animie
1498 5648 1773 5710 custodes,

239 5705 420 5775 ubique
445 5705 543 5769 sibi
587 5705 791 5771 adesse
820 5705 1007 5788 voluii.
1051 5716 1218 5770 Porro
1251 5728 1384 5788 post,
1405 5732 1588 5771 vocem
1623 5705 1776 5769 ἐπείέ

239 5788 352 5840 τετο
379 5795 623 5854 punctum
658 5787 1032 5856 apponenduin
1063 5798 1143 5841 est
1178 5802 1242 5842 ex
1290 5787 1449 5843 codd.
1507 5789 1670 5856 Regio
1723 5799 1778 5843 et
1859 5798 1863 5802 '

1895 4653 2097 4706 Deinde
2124 4651 2410 4706 sacriﬁciis
2439 4653 2659 4722 placans
2710 4652 2832 4707 illos
2897 4667 3032 4720 quos
3105 4653 3456 4708 existimabat

1896 4747 2046 4808 deos,
2096 4743 2475 4797 sciscitabatur
2521 4761 2586 4798 ex
2633 4744 2736 4798 illis
2775 4759 3064 4812 quemnam
3099 4744 3229 4798 belli.
3256 4745 3455 4800 exitum

1893 4947 2030 5004 Fuk.
2057 4951 2197 5018 quod
2230 4949 2754 5017 Clirist0phorsoiius
2775 4964 2881 5002 non
2913 4948 3314 5004 animadvertit.
3344 4949 3457 5004 Ca:—

1893 5029 2070 5073 teriim
2117 5021 2169 5074 iii
2222 5021 2375 5073 codd.
2429 5020 2558 5075 Fuk.
2617 5019 2851 5074 Turuebi
2906 5034 2971 5073 ac
3014 5019 3200 5072 Savilii
3255 5023 3456 5074 rectius

1893 5089 2150 5160 scribitur
2180 5091 2434 5160 ἐπήγετο.
2473 5090 2636 5142 Paulo
2660 5099 2779 5156 post
2813 5089 2863 5160 i_n
2896 5089 3081 5160 codice
3109 5087 3244 5160 Fuit.
3267 5091 3456 5160 scribi-

1893 5169 1997 5231 tiir,
2025 5157 2326 5231 πυθόμενος
2354 5162 2758 5231 Κωνσταντῖνον
2779 5158 2878 5231 τὰς
2910 5159 3028 5212 κατ’
3059 5157 3267 5231 ἐχθρῶν
3300 5159 3455 5225 νίκας

1893 5229 1967 5300 μὴ
2011 5226 2202 5296 ἄλλως,
2248 5229 2402 5300 ἢτοῦ
2447 5229 2581 5282 Θεοῦ
2629 5230 3068 5300 συμπράττοντος
3090 5226 3450 5298 ’πορίζεσθαμ

1893 5300 2116 5352 liectius
2149 5315 2270 5353 meo
2297 5300 2514 5368 quidem
2541 5301 2760 5366 judicio.

1957 5368 2070 5438 (26)
2103 5367 2399 5435 Αὐτόςίτε
2434 5369 2822 5436 θεοπρόπους.
2862 5367 3214 5422 Scribendiiin
3247 5378 3328 5424 est
3352 5372 3451 5424 αύ-

1882 5439 1976 5502 τὸς
2007 5439 2084 5492 δέ.
2115 5440 2432 5506 Quanquam
2459 5441 2675 5493 codices
2716 5439 2884 5493 nostri
2918 5439 3051 5490 nihil
3085 5448 3314 5502 iuutant,
3347 5442 3450 5495 nisi

1881 5511 2023 5576 quod
2054 5524 2156 5579 pro
2172 5507 2508 5579 θεοπρόπους
2535 5507 2670 5562 Fuk.
2709 5510 2871 5564 habet
2903 5507 3259 5579 θεοπρόπεις,
3292 5513 3452 5564 sche-

1881 5584 1960 5632 duc
1985 5576 2113 5632 vero
2134 5576 2472 5646 θεοπρεπεῖς.

1957 5647 2068 5718 (27)
2104 5647 2220 5713 Οὓς
2243 5647 2370 5700 δεῖν
2399 5649 2564 5712 ᾤετο,
2607 5648 2796 5718 θεούς.
2832 5646 3189 5704 Scrilieiidum
3236 5648 3450 5706 videtur

1885 5717 1977 5782 οὓς
1998 5719 2096 5784 δεῖ,
2129 5722 2209 5774 vel
2231 5728 2374 5773 certe
2405 5735 2510 5773 uno
2541 5722 2700 5772 verbo
2730 5717 2822 5780 ob;
2843 5718 3112 5772 διενοεῖτο.
