3858 6260
257 357 364 414 9S5

1355 367 1444 422 DE
1482 369 1649 454 YlTA
1686 371 2149 434 CONSTANTINI
2186 378 2316 439 LIB.
2356 379 2416 434 ll.

3402 384 3507 439 986

260 475 480 548 φανεῖη,
507 477 592 532 δεῖ
621 481 715 534 καὶ
747 483 892 552 ἡμᾶς
924 483 1083 538 αὐτὸν
1114 488 1403 558 γνωρίζειν
1427 506 1483 543 τε
1530 491 1623 545 καὶ
1649 495 1815 566 τιμᾷν

1942 499 2192 566 quisnam
2228 499 2482 554 colendus
2517 499 2589 554 sit
2620 500 2760 556 Deus
2784 541 2799 564 ,
2825 500 2919 554 sed
2960 501 3026 556 ad
3055 500 3315 570 potiorem
3345 515 3504 556 acce-

260 570 452 643 μακρὰ
489 572 702 643 χαίρειν
735 573 947 638 τούτοις
984 575 1238 642 εἰπόντας
1265 573 1345 644 οἷς
1376 581 1550 653 μάτην
1575 585 1701 649 τοὺς
1730 603 1833 656 κη-

259 664 395 734 pob;
425 662 764 734 ὲξάπτομενο
801 667 849 718 εξ
887 666 930 718 δ’
961 668 1010 720 οἱ
1035 669 1291 741 ἡμέτεροι
1322 674 1672 744 κρατήσειαν,
1709 676 1738 728 ὃ
1767 677 1830 748 δὴ

255 753 363 807 οὐκ
398 754 818 825 ἀμφιϐάλλεται,
855 758 996 829 μετὰ
1027 761 1128 832 τὴν
1153 763 1399 817 ἐνταυθοῖ
1434 761 1589 837 νίκην
1612 768 1703 820 ἐπὶ
1740 767 1831 821 τὸν

255 844 403 898 κατὰ
427 844 535 899 τῶν
559 845 733 901 ἀθέων
755 848 989 918 πόλεμον
1019 852 1298 924 ὁρμῶμεν.
1335 874 1354 907 ι
1407 857 1463 909 ὐ
1489 858 1587 928 μὲν
1626 858 1688 928 δὴ
1720 862 1832 924 τοῖς

255 935 497 1008 παροῦσι
519 937 692 992 ταῦτα
723 941 1120 1011 προδιείλεκτο·
1152 947 1282 1016 ἡμῖν
1305 946 1359 1000 δὲ
1389 951 1500 1011 τοῖς
1521 951 1599 1013 εἰς
1629 950 1830 1023 ταύτην

252 1029 613 1101 κεκλημένοις
639 1031 736 1102 τὴν
762 1034 976 1106 γραφὴν
1007 1035 1138 1107 (5-7),
1168 1039 1216 1091 οἱ
1242 1038 1346 1093 τῶν
1365 1040 1536 1109 λόγων
1556 1042 1829 1114 αὐτήκοοι,

252 1122 360 1193 τῆς
402 1123 604 1177 τούτων
661 1127 853 1198 μικρὸν
904 1128 1129 1202 ὕστερον
1175 1134 1512 1203 μετεδίδοσαν
1554 1135 1827 1204 γνώσεως.

253 1215 369 1274 Καὶ
413 1215 476 1287 δὴ
529 1217 800 1283 τοιούτους
848 1219 1129 1286 διεξελθὼν
1178 1223 1388 1294 λόγους,
1439 1228 1689 1298 ἡγεῖσθαι
1733 1230 1835 1299 τῆς

254 1307 532 1379 συμϐολῆς
565 1311 909 1382 παρήγγελλε
938 1313 1008 1368 τὰ
1041 1318 1427 1387 στρατιωτικά.

1940 591 2050 655 dat,
2087 591 2245 660 eique
2267 590 2504 644 victoriae
2526 593 2808 661 praemium
2844 587 3072 646 delerat.
3099 592 3174 645 Ac
3204 592 3246 646 si
3288 593 3505 660 quidem

1939 679 2261 749 peregrinus
2314 680 2406 734 ille
2441 695 2600 750 quem
2651 697 2794 735 nunc
2831 679 3064 734 ludibrio
3093 680 3376 744 habemus,
3428 681 3508 735 vi-

1939 778 2056 824 ctor
2085 784 2205 825 esse
2239 770 2532 836 videbitur,
2564 786 2663 824 nos
2693 787 2910 840 quoque
2943 768 3088 825 illum
3127 785 3422 838 agnoscere
3451 780 3506 825 et

1936 863 2121 918 colere
2149 865 2416 934 oportebit
2461 882 2474 918 :
2513 867 2699 935 procul
2748 867 2899 918 abire
2931 880 2994 918 ac
3043 864 3228 918 valere
3283 865 3504 932 posthac

1935 952 2102 1024 jussis
2127 955 2192 1009 iis
2215 955 2411 1024 quibus
2436 971 2622 1012 cereos
2645 956 2841 1010 frustra
2864 957 3233 1010 accendimus.
3261 955 3353 1010 Sin
3377 970 3505 1010 vero

1939 1048 2110 1102 nostri
2143 1049 2454 1118 superiores
2503 1051 2842 1114 exstiterint,
2881 1050 3022 1119 quod
3054 1049 3270 1118 quidem
3299 1047 3501 1102 nemini

1937 1139 2156 1195 dubium
2179 1156 2298 1198 esse
2323 1151 2499 1212 potest
2524 1183 2539 1208 ,
2566 1152 2687 1212 post
2722 1155 2930 1212 partam
2964 1143 3067 1197 hoc
3088 1143 3204 1197 loco
3221 1141 3504 1196 victoriam

1941 1231 2122 1302 impiis
2149 1234 2372 1290 deorum
2431 1235 2898 1303 contemptoribus
2933 1235 3128 1290 bellum
3185 1235 3386 1290 inferre
3411 1249 3505 1305 ag-

1938 1325 2268 1392 grediemur.
2294 1343 2311 1374 »
2333 1323 2655 1382 EtLicinius
2672 1329 2887 1395 quidem
2922 1336 3044 1380 ante
3075 1327 3354 1380 exordium
3406 1341 3506 1394 pu—

252 1414 395 1466 gnze,
428 1401 492 1455 ad
552 1403 974 1460 circumstantes
1033 1405 1339 1472 huiusmodi
1400 1410 1563 1464 verba
1619 1409 1766 1467 fecit.
1819 1411 1984 1468 Nobis
2043 1429 2173 1470 vero
2212 1416 2302 1485 qui
2349 1416 2466 1472 hare
2525 1416 2840 1480 scribimus,
2878 1416 2976 1485 ipsi
3030 1416 3104 1469 illi
3137 1415 3226 1484 qui
3271 1415 3504 1474 orationi

249 1491 371 1558 ejus
406 1491 781 1560 interfuerant,
814 1511 924 1551 non
971 1497 1138 1552 multo
1183 1510 1307 1568 post
1372 1515 1490 1555 eam
1543 1504 1864 1560 retulerunt.
1899 1504 2212 1575 llujusmodi
2267 1508 2430 1577 igitur
2456 1509 2700 1564 oratione
2730 1509 2898 1576 facta,
2926 1507 3088 1578 jussit
3135 1499 3396 1565 militibus
3445 1519 3506 1565 ut

251 1586 508 1654 pralium
547 1589 769 1643 inirent.

784 1683 1175 1737 ΚΕΦΑΛΛΙΟΝ
1215 1689 1304 1754 εῖν.

252 1771 584 1848 Φαιςτασίαι
631 1773 780 1848 κατὰ
809 1773 912 1840 τὰς
938 1775 1054 1829 ὑπὸ
1072 1778 1341 1848 Λικίνιον
1369 1781 1594 1846 πόλεις,
1621 1782 1700 1848 ὡς
1715 1783 1833 1836 τῶν

359 1845 824 1897 Κωνσταντίνου
866 1847 1327 1915 στρατευμάτων
1360 1845 1720 1914 διεξιόντωίθ.

322 1929 540 1984 Τούτων
567 1933 623 1984 δὲ
655 1934 1062 2004 πραττομένων,
1101 1937 1293 2008 φάσμα
1319 1957 1372 1992 τι
1406 1939 1562 2010 λόγου
1587 1945 1830 2014 κρεῖττον

249 2023 399 2092 ἀμφὶ
417 2022 517 2088 τὰς
546 2024 822 2096 ὑπηκόους
850 2027 928 2096 τῷ
955 2030 1202 2101 τυράννῳ
1234 2031 1419 2097 πόλεις
1443 2027 1622 2103 ὧιρθαί
1644 2053 1826 2103 φασιν·

247 2114 486 2169 ὁπλιτῶν
527 2117 636 2188 γὰρ
679 2117 787 2170 τῶν
830 2119 936 2172 ὑπὸ
981 2123 1391 2177 Κωνσταντῖνον
1436 2128 1571 2198 όρᾷν
1615 2126 1829 2181 ἐδόκουν

247 2207 484 2282 διάφορα
511 2211 784 2281 τάγματα,
815 2215 872 2266 ὲν
899 2216 1089 2281 αὐταῖς
1121 2218 1314 2288 μέσαις
1340 2220 1576 2291 ἡμέραις
1618 2221 1829 2294 διερχό-

252 2316 392 2369 μενα
429 2301 530 2366 τὰς
582 2302 784 2369 πόλεις,
833 2306 1031 2360 ὡσανεὶ
1059 2310 1438 2380 κεκρατηκότα
1471 2311 1577 2380 τῆς
1619 2311 1824 2382 μάχης’

248 2395 344 2447 καὶ
374 2394 525 2448 ταῦτ’
551 2397 825 2461 ὲϐλέπετο,
860 2401 1086 2471 μηδενός
1124 2419 1226 2454 που
1257 2406 1324 2474 τῇ
1353 2403 1583 2475 ἀληθεία
1605 2405 1827 2476 μηδαμῆ

248 2487 599 2557 φαινομένου,
640 2488 889 2562 θειοτέρα
924 2491 980 2544 δὲ
1009 2493 1103 2546 καὶ
1137 2494 1404 2564 κρείττονι
1439 2495 1688 2566 δυνάμει,
1729 2499 1828 2568 τῆς

246 2578 510 2649 φανείσης
556 2580 730 2650 ὅψεως
775 2583 836 2636 τὸ
881 2583 1075 2654 μέλλον
1125 2585 1342 2640 ἔσεσθαι
1398 2587 1823 2658 προφαινούσης.

258 2669 416 2723 Ἐπεὶ
450 2671 508 2724 δὲ
548 2673 617 2726 τὰ
655 2676 1022 2746 στρατιωτικὰ
1067 2679 1343 2749 συμϐολῆς
1373 2681 1593 2750 ἥπτετο,
1621 2699 1829 2753 προκα-

244 2759 422 2832 τῆρχε
457 2764 550 2815 τοῦ
594 2763 832 2836 πολέμου
861 2769 890 2819 ὁ
917 2767 1016 2831 τὰς
1053 2769 1272 2838 φιλικὰς
1302 2770 1597 2843 διαρρήξας
1631 2771 1826 2844 συνθή-

243 2869 382 2917 καςο
415 2855 646 2909 ἐνταῦθα
670 2857 735 2929 δὴ
767 2858 1176 2925 Κωνσταντῖνος
1197 2862 1328 2916 Θεὸν
1358 2863 1588 2936 Σωτῆρα
1617 2864 1709 2917 τὸν
1731 2865 1824 2918 ἐπὶ

241 2947 466 3001 πάντων
499 2950 984 3022 ἐπικαλεσάμενος,
1015 2953 1267 3024 σύνθημά
1291 2972 1351 3008 τε
1373 2954 1530 3008 τοῦτο
1561 2954 1687 3019 δοὺς
1709 2957 1825 3020 τοῖς

241 3035 384 3105 ἀμφ’
396 3037 556 3090 αὐτὸν
567 3039 828 3108 ὁπλίταις,
845 3041 1069 3114 πρώτης
1082 3043 1301 3116 ἐκράτει
1315 3044 1674 3116 παρατάξεως
1688 3045 1820 3116 (58)·

241 3126 346 3183 εἶτ’
379 3129 478 3184 οὐκ
501 3132 580 3195 εἰς
611 3133 816 3204 μακρὸν
835 3133 1090 3206 δευτέρας
1120 3135 1392 3206 συμϐολῆς
1416 3137 1524 3208 (59)
1560 3137 1823 3209 κρείττων

2540 1692 2768 1748 CAPUT
2800 1693 2887 1749 Vl.

1940 1783 2160 1852 Spectra
2186 1799 2238 1837 ιη
2271 1781 2484 1837 urbibus
2508 1799 2627 1852 qum
2665 1782 2870 1837 Licinio
2911 1785 3156 1849 parebant
3187 1786 3321 1849 vita,
3363 1783 3506 1841 Con-

2065 1854 2288 1907 stantini
2325 1854 2554 1907 militum
2591 1851 2898 1908 Licinianos
2934 1857 3374 1925 persequentium.

2004 1945 2132 2012 Quae
2163 1946 2288 1999 dum
2342 1957 2628 2014 geruntur,
2661 1955 2936 2016 spectrum
2970 1946 3234 2015 quoddam
3281 1960 3504 2016 prorsus

1930 2037 2180 2092 mirabile
2203 2037 2256 2092 in
2287 2038 2514 2093 urbibus
2545 2039 2753 2109 tyranni
2787 2037 2930 2094 illius
2957 2039 3310 2094 dominationi
3366 2041 3493 2095 sub-

1921 2125 2085 2196 jectis
2140 2128 2458 2198 apparuisse
2510 2127 2715 2184 ferunt.
2751 2128 2913 2182 Varia
2961 2129 3107 2183 enim
3163 2129 3502 2184 Constantini

1927 2217 2156 2272 militum
2191 2218 2412 2286 agmina
2449 2232 2546 2287 per
2573 2217 2853 2272 meridiem
2879 2216 3019 2283 visa,
3054 2233 3173 2287 qute
3192 2216 3355 2290 M7
3379 2229 3502 2273 tan-

1927 2321 2088 2376 quam
2139 2317 2291 2374 parta
2324 2307 2551 2362 victoria
2610 2322 2707 2376 per
2743 2307 2907 2361 urbes
2957 2309 3278 2363 transirent.
3321 2312 3502 2379 Atque

1927 2400 2042 2456 haec
2075 2403 2462 2467 cernebantur,
2505 2401 2687 2471 reipsa
2734 2402 2953 2471 quidem
2991 2402 3210 2458 nemine
3271 2418 3498 2472 usquam

1927 2502 2271 2562 comparente
2298 2511 2312 2548 :
2347 2495 2442 2550 sed
2467 2494 2650 2548 divina
2677 2493 2915 2562 potentia
2943 2510 3036 2563 per
3061 2495 3324 2550 visionem
3351 2493 3498 2550 illam

1926 2602 2046 2656 qum
2071 2587 2242 2642 oculis
2264 2587 2621 2654 subjiciebatu
2634 2603 2678 2652 r,
2703 2588 2755 2642 id
2785 2589 2927 2656 quod
2957 2588 3197 2642 futurum
3219 2598 3336 2643 erat
3361 2604 3501 2660 prae-

1927 2686 2288 2734 monstrante.
2322 2678 2494 2734 Porro
2522 2694 2644 2732 cum
2675 2679 2950 2734 exercitus
2979 2678 3237 2747 congredi
3262 2679 3372 2750 jant
3406 2694 3499 2749 pa-

1927 2777 2130 2834 rarent,
2169 2771 2215 2824 is
2239 2770 2329 2840 qui
2379 2771 2684 2825 concordia:
2736 2770 2941 2825 foedera
2975 2783 3237 2840 ruperat,
3287 2771 3496 2841 primus

1927 2877 2160 2933 pugnant
2183 2876 2412 2916 exorsus
2431 2870 2534 2917 est.
2559 2860 2712 2915 Tunc
2737 2875 2869 2916 vero
2894 2859 3280 2916 Constantinus
3311 2875 3499 2915 serva-

1928 2962 2047 3006 tore
2071 2965 2134 3007 ac
2163 2966 2422 3022 supremo
2443 2951 2684 3006 omnium
2718 2952 2830 3006 Deo
2883 2952 2934 3006 in
2963 2951 3225 3005 auxilium
3256 2959 3448 3008 vocato
3476 2989 3496 3017 ,

1924 3053 2086 3115 atque
2118 3044 2220 3098 hoc
2247 3044 2400 3114 signo
2431 3043 2694 3098 militibus
2747 3043 2862 3098 suis
2894 3042 3056 3109 dato,
3095 3043 3277 3098 hostes
3319 3043 3496 3113 primo

1927 3133 2112 3203 prrelio
2142 3132 2300 3187 ludit.
2334 3132 2447 3189 Nec
2501 3133 2672 3188 multo
2721 3143 2841 3203 post
2872 3134 3042 3188 altera
3071 3134 3361 3190 commissa
3395 3150 3496 3205 pu-

244 3247 375 3325 novi
406 3256 582 3311 erant,
607 3258 815 3325 _t_ttpote
880 3265 1049 3325 nuper
1116 3253 1292 3325 asciti.
1325 3251 1520 3325 Cicero
1569 3253 1688 3325 inrll
1747 3253 1827 3308 De
1859 3267 1898 3325 ο
1935 3266 2083 3325 coss1
2118 3265 2211 3325 vttt
2240 3249 2363 3304 ldus
2391 3249 2666 3325 Octobris,
2690 3251 3054 3325 inscribitur
3085 3253 3139 3307 in
3171 3248 3496 3325 ϊᾳειὶεΑΙάο-

244 3316 454 3388 legibus
502 3337 516 3372 :
555 3336 575 3369 ι
607 3316 786 3374 Novos
813 3335 940 3374 vero
959 3316 1124 3386 deos,
1159 3333 1212 3376 et
1241 3323 1293 3376 in
1325 3322 1411 3377 bis
1437 3323 1680 3377 colendis
1717 3340 1817 3376 uo-

244 3400 472 3443 cturuas
501 3389 944 3458 pervigilatioues
987 3392 1067 3445 sic
1110 3394 1498 3461 Aristophanes
1546 3392 1820 3447 facetissi-

243 3474 370 3530 mus
409 3469 564 3530 poeta
618 3463 818 3514 veteris
864 3463 1142 3516 comoediae
1177 3474 1362 3526 vexat,
1411 3473 1470 3516 ut
1517 3465 1659 3530 apud
1691 3480 1815 3517 eum

199 3575 213 3586 .
245 3529 517 3602 Sgabaziu‘s
544 3539 597 3602 et
624 3530 713 3584 alii
745 3531 970 3602 quidam
998 3532 1068 3584 dii
1106 3534 1372 3602 peregrini
1405 3531 1630 3599 judicati
1676 3550 1705 3588 e
1741 3535 1816 3587 ci-

240 3600 416 3672 vitate
439 3599 744 3668 ejiciantur.
779 3620 798 3652 ι
840 3599 1010 3654 Locus
1033 3599 1408 3672 Aristophanis
1425 3619 1583 3672 quem
1613 3605 1812 3656 intelli-

243 3670 326 3738 git
353 3669 716 3738 Cicero._erat
742 3674 792 3724 iu
826 3672 1092 3725 comoedia
1132 3669 1386 3737 Lentniis,
1417 3669 1653 3728 titdoeet
1691 3675 1816 3728 Sui~

243 3734 344 3812 das
371 3739 425 3794 in
447 3755 536 3797 vv.
561 3734 606 3808 ᾧ
633 3740 728 3793 νῦν
757 3741 950 3812 Θερμοὶ
983 3740 1176 3812 βωμοί.
1212 3741 1342 3794 Erat
1375 3734 1538 3797 certe
1587 3745 1813 3798 Athenis

245 3811 647 3881 iugens__tttrba
681 3827 939 3881 novorum
987 3811 1080 3881 ac:
1102 3812 1506 3881 peregrinorum
1561 3813 1809 3880 deorum,

241 3895 384 3946 quos
425 3879 605 3946 ξένους
636 3896 728 3934 seu
773 3880 1014 3947 ξενικοὺς
1065 3879 1548 3946 θεούς-νοριιὺτιιιῐ.
1610 3879 1804 3936 Eorum

243 3951 466 4022 nomina
499 3968 565 4003 ac
606 3952 780 4022 series
815 3959 1176 4022 contexuerat
1222 3953 1618 4022 Apollophanes
1651 3965 1808 4022 poeta

244 4019 334 4091 in_
359 4015 713 4091 Cretensibus,
752 4030 886 4074 teste
920 4021 1189 4091 llesycbio
1238 4015 1292 4075 in
1338 4015 1470 4076 voce
1519 4015 1812 4089 θεοὶ’ξενι-

239 4085 699 4161 nobdllenauder
749 4092 955 4153 rhetor,
1006 4085 1100 4144 seu
1151 4094 1326 4161 potius
1380 4085 1708 4156 Alexander,
1757 4094 1812 4148 itt

240 4155 492 4233 ilict/lado
519 4163 720 4228 generis
742 4155 1164 4225 demonstrativi;
1187 4178 1305 4232 pag.
1326 4163 1453 4224 612,
1477 4173 1626 4216 notat
1651 4155 1816 4233 quos-

237 4227 366 4281 dum
413 4227 545 4283 deos
590 4233 949 4298 antiquiores,
987 4227 1621 4298 quosdam‘t'eccutiores
1670 4227 1810 4298 'dici,

235 4299 292 4374 οἱ
319 4298 426 4374 μὲν
450 4299 560 4374 γὰρ
597 4300 964 4372 παλαιότεροι,
991 4303 1040 4353 οἱ
1067 4302 1123 4354 δὲ
1153 4301 1404 4374 νεώτεροι
1433 4302 1678 4371 λέγονται
1707 4304 1814 4358 τῶν

238 4367 404 4421 θεῶν.
432 4367 820 4444 AtPortesius,
845 4367 1076 4441 eumque
1119 4367 1338 4428 secutus
1366 4367 1814 4444 Christophorso-

239 4455 369 4505 nus,
411 4441 548 4512 male
601 4441 746 4496 hunc
790 4443 963 4495 locqu
1003 4444 1343 4510 interpretati
1389 4455 1536 4509 sunt,
1581 4441 1810 4512 quorum

236 4523 399 4561 error
427 4511 551 4564 hinc
584 4521 741 4564 natus
771 4521 874 4573 est,
907 4514 1047 4578 quod
1087 4529 1192 4566 non
1223 4515 1472 4568 viderunt
1497 4511 1809 4569 adverbium

1935 3322 2014 3374 tii.
2049 3320 2256 3386 Quibus
2287 3321 2558 3374 consentit
2590 3319 2843 3387 Sigonius
2867 3324 2916 3374 itt
2957 3321 3092 3374 libro
3129 3339 3186 3377 Ill
3221 3323 3292 3375 De
3335 3321 3485 3379 Occl-

1925 3391 2127 3444 deutali
2180 3391 2416 3454 imperio.
2455 3391 2590 3444 Male
2637 3392 2688 3444 iu
2736 3390 2994 3445 Chronico
3028 3392 3241 3446 Eusebii
3290 3394 3491 3449 bellum

1925 3462 2211 3514 Cibaleuse
2241 3460 2520 3515 confertur
2571 3461 2622 3514 itt
2677 3478 2876 3515 annum
2909 3463 3194 3529 septimum
3226 3463 3494 3518 Constan-

1924 3531 2044 3594 tini,
2084 3546 2206 3602 cum
2243 3531 2294 3583 id
2322 3543 2532 3598 gestum
2567 3532 2640 3585 sit
2668 3547 2808 3584 anno
2839 3548 2934 3586 vttt
2960 3533 3079 3600 ejus
3107 3534 3342 3602 imperii.
3373 3534 3487 3588 ltuo

1926 3617 2097 3655 nouns
2125 3601 2245 3672 jam
2296 3617 2468 3655 anuus
2520 3602 2731 3672 imperii
2764 3604 3100 3672 Constantini
3133 3601 3414 3672 agebatur,
3443 3605 3490 3660 si

1922 3688 2034 3724 retu
2069 3671 2136 3724 ad
2158 3683 2380 3742 exactos
2405 3671 2640 3742 calculos
2666 3687 2908 3726 revoces.
2930 3671 3117 3726 Nouus
3157 3671 3353 3742 quippe
3382 3691 3485 3728 att-

1921 3757 2022 3794 nus
2054 3741 2260 3807 imperii
2293 3739 2636 3793 Constantini
2677 3744 2842 3808 coepit
2881 3751 3072 3794 octavo
3107 3739 3331 3796 Kalend.
3363 3746 3476 3797 Att-

1919 3812 2082 3878 gusti,
2113 3809 2407 3864 Volusiano
2451 3825 2488 3863 tt
2545 3821 2598 3864 et
2636 3811 2884 3864 Anniane
2916 3827 3061 3868 coss.
3115 3813 3364 3868 Aurelius
3391 3814 3485 3868 Vi-

1919 3891 2038 3934 ctor
2071 3882 2137 3935 de
2168 3879 2320 3934 bellis
2363 3880 2504 3934 inter
2533 3880 2800 3933 Licinium
2848 3892 2900 3935 et
2943 3883 3356 3936 Constantinum
3403 3885 3484 3938 sic

1915 3951 2104 4004 scribit
2130 3969 2173 4003 ει
2206 3948 2280 4002 lta
2315 3961 2553 4020 potestas
2581 3951 2728 4003 orbis
2754 3950 2977 4004 Romani
3003 3954 3211 4005 duobus
3235 3953 3482 4020 qua‘sita,

1917 4021 2007 4088 qui
2052 4021 2300 4088 quamvis
2344 4035 2439 4089 per
2482 4019 2650 4072 Flavii
2699 4037 2938 4074 sororem
2998 4030 3219 4091 nuptam
3269 4022 3482 4076 Licinio

1919 4091 2147 4144 connexi
2192 4091 2332 4143 inter
2375 4105 2433 4144 se
2473 4100 2649 4151 erant,
2686 4093 2755 4145 ob
2798 4091 3046 4146 diversos
3085 4107 3263 4145 mores
3301 4103 3481 4148 tamen

1921 4161 2082 4214 anxie
2111 4160 2398 4214 triennium
2424 4175 2724 4230 congruere
2761 4163 3001 4230 quivere,
3067 4180 3086 4214 ο
3131 4173 3234 4215 etc.
3262 4162 3361 4228 Qui
3397 4162 3479 4217 lo-

1925 4245 2021 4284 cus
2057 4231 2330 4283 ldatiauos
2363 4231 2558 4285 Fastos
2600 4241 2785 4297 aperte
2825 4232 3125 4285 conﬁrmat.
3158 4232 3372 4300 Alioqui
3407 4249 3479 4289 ex

1920 4300 2208 4356 Eusebiaui
2256 4301 2501 4354 Chronici
2537 4304 2801 4354 sententia
2833 4304 3121 4355 dicendum
3167 4317 3305 4356 esset
3335 4303 3482 4356 bien-

1922 4373 2086 4424 nium.
2121 4371 2482 4440 Corrigendus
2508 4373 2771 4425 estetiant
2799 4371 3040 4441 Eutmpii
3074 4374 3223 4426 locus
3255 4374 3306 4425 in
3340 4373 3480 4428 libro

1920 4455 1975 4510 ξ,
2008 4441 2097 4510 qui
2152 4443 2232 4494 sic
2274 4442 2434 4510 vulgo
2473 4442 2650 4495 editus
2697 4451 2818 4494 est:
2852 4459 2870 4492 ι
2915 4443 2992 4495 Ac
3033 4443 3207 4510 primo
3251 4459 3372 4498 eum
3425 4445 3478 4498 in

1919 4509 2220 4581 Pannonia,
2254 4509 2493 4567 secundo
2526 4513 2728 4580 ingenti
2788 4509 3044 4581 apparatu
3093 4513 3290 4567 bellum
3337 4515 3474 4580 apud

237 4579 360 4640 νῦν,
392 4581 528 4632 idem
579 4559 1194 4649 interulam‘si'gnilicare
1229 4559 1372 4650 quod
1410 4601 1593 4651 nuper,
1631 4559 1816 4639 ιιιίιοο
1845 4559 1890 4614 D
1921 4580 2136 4636 Cibalas
2189 4559 2924 4649 iitstrueutem,orepentiiths
2972 4585 3261 4650 oppressit,
3310 4602 3328 4633 ι
3370 4559 3476 4637 etc.

196 4700 211 4709 _
239 4653 350 4703 lavi
387 4651 453 4703 ad
486 4651 574 4704 lib.
608 4668 657 4704 tv
686 4653 932 4705 Historia:
954 4651 1358 4708 Ecclesiasticre.
1380 4654 1446 4709 Et
1465 4657 1578 4709 haec
1601 4656 1816 4722 quidem

236 4722 408 4788 prins-
433 4736 765 4786 notaveram,
816 4732 1036 4776 secutus
1082 4724 1372 4778 editionem
1419 4725 1813 4780 Genevensetu.

239 4792 434 4864 l’ostea
466 4792 816 4864 verordidici,
852 4794 904 4845 iu
936 4794 1176 4848 editione
1215 4794 1436 4864 Boberti
1473 4793 1733 4864 Stephani
1762 4806 1818 4850 et

235 4861 296 4914 in
322 4878 423 4916 ms.
448 4862 725 4916 codicibus
759 4864 860 4933 legi
889 4864 979 4915 και
1010 4864 1104 4936 νῦν
1121 4863 1445 4936 γελώμενος.
1482 4861 1653 4932 Quam
1683 4868 1817 4921 scri-

235 4942 460 5001 pturam
504 4949 622 4984 cum
651 4940 820 4987 secuti
873 4936 984 4988 sint
1024 4935 1374 5004 interpretes,
1429 4938 1652 4991 minime
1699 4937 1816 4991 cul-

281 5006 402 5056 antli
439 5014 586 5057 sunt.

232 5017 695 5145 ?:.?b!7|)s;'2:3.mr
730 5074 1122 5144 κεκλημένοις
1145 5076 1263 5144 τὴν
1287 5074 1544 5145 γραφήν.
1585 5075 1642 5131 In
1675 5077 1812 5132 libro

239 5143 442 5218 Morasi
476 5145 540 5197 ad
560 5146 890 5218 marginem
913 5143 1240 5218 emendatur
1273 5143 1636 5218 ποιουμένοις,
1671 5162 1811 5216 quo—

229 5215 400 5286 modo
430 5215 668 5286 loquitur
690 5214 980 5286 Eusebius,
1009 5216 1147 5269 infra
1170 5231 1291 5286 cap.
1319 5218 1373 5272 8.
1400 5214 1567 5272 Paulo
1599 5214 1728 5272 ante
1757 5219 1808 5271 in

232 5285 434 5358 eodem
467 5285 647 5358 Morari
703 5284 840 5358 libro
881 5297 1041 5358 recte
1065 5284 1406 5358 emendatum
1463 5298 1571 5355 est,
1623 5287 1809 5358 μακρὰ

230 5354 449 5428 χαίρειν
473 5354 988 5428 τούτοιςλεῐπὸντας.
1020 5353 1077 5409 In
1131 5358 1318 5428 codice
1361 5357 1496 5412 Fuk.
1547 5353 1807 5428 Scriptum

232 5425 418 5500 inveni
459 5441 474 5481 :
508 5428 641 5497 ἡμῖν
687 5425 745 5478 δὲ
782 5425 894 5487 τοῖς
936 5427 1017 5489 εἰς
1055 5425 1260 5480 ταύτην
1300 5425 1675 5500 κεκλημένοις
1707 5428 1809 5500 τὴν

228 5498 472 5568 γραφήν,
496 5507 660 5568 recte.

306 5565 422 5639 (58)
453 5565 694 5639 dei_tnc
729 5566 959 5637 ἐκράτει
981 5566 1382 5639 παρατάξεως.
1403 5566 1641 5639 P_rimum
1665 5583 1808 5639 prae-

233 5636 368 5693 lium
400 5636 542 5692 inter
564 5636 980 5694 Constantinum
1015 5636 1081 5694 ac
1121 5638 1388 5692 Licinium
1424 5636 1528 5692 fuit
1562 5639 1615 5693 in
1662 5637 1807 5694 Pan-

235 5708 403 5780 nonia
434 5708 576 5776 apud
608 5707 844 5777 Cibalas,
867 5713 1009 5780 quod
1047 5709 1247 5776 optime
1273 5708 1530 5780 desgribit
1557 5707 1806 5780 zosimus

235 5782 293 5852 in
326 5778 426 5852 lib.
457 5775 538 5852 ιι,
557 5788 612 5852 et
633 5775 838 5852 auctor
857 5775 1234 5852 e’xcerptorum
1262 5779 1328 5833 de
1350 5775 1518 5834 Gesti;
1547 5777 1806 5852 Constan-

236 5850 359 5904 tini.
389 5848 630 5919 Contigit
667 5849 784 5905 haec
833 5848 1339 5922 pugna'Volusiano
1377 5865 1412 5905 tt
1464 5859 1520 5906 et
1548 5851 1802 5906 Anniane

1920 4651 2174 4723 Delenda
2199 4661 2280 4706 est
2304 4654 2503 4719 absque
2533 4653 2696 4705 dubio
2732 4667 2832 4723 v_ox
2861 4656 3110 4712 secundo,
3143 4671 3262 4723 qua!
3286 4654 3353 4705 ab
3383 4655 3478 4706 itu-

1918 4724 2094 4789 perilo
2123 4721 2345 4776 librario
2372 4724 2578 4789 adjecta
2612 4734 2715 4775 est.
2749 4721 2989 4776 Primum
3026 4721 3174 4776 enini
3208 4723 3477 4778 Constan-

1920 4794 2014 4844 tiui
2045 4793 2302 4846 adversus
2327 4793 2593 4864 Licinium
2626 4793 2868 4864 przelium
2902 4793 3004 4846 fuit
3046 4798 3185 4864 apud
3231 4793 3470 4858 Cibalas,

1917 4872 1976 4914 ut
2005 4878 2164 4932 supra
2213 4864 2462 4932 ostendi.
2502 4861 2717 4932 Deinde
2756 4863 3038 4917 ridiculum
3081 4861 3231 4918 esset
3269 4865 3471 4925 dicere,

1916 4932 2148 5000 prinnutt
2173 4933 2413 5000 prmlium
2442 4931 2605 4986 fuisse
2630 4933 2680 4985 iu
2709 4931 3002 4994 Pannonia,
3022 4935 3314 4988 secundum
3331 4935 3472 5000 apud

1914 5002 2129 5058 Cibalas
2164 5020 2178 5057 :
2209 5019 2328 5056 cum
2375 5003 2572 5057 Cibalae
2616 5004 2745 5056 urbs
2791 5005 2861 5058 sit
2908 5002 3221 5058 Pannoniae.
3266 5004 3371 5057 Sed
3417 5015 3472 5057 et

1913 5071 2169 5136 Peauius,
2202 5073 2292 5142 qui
2329 5073 2647 5142 Eutropiqu
2673 5073 2859 5128 Cra-ce
2891 5075 3072 5137 vertit,
3104 5089 3293 5128 vocem
3323 5073 3468 5127 illam

1912 5145 2138 5196 secundo
2167 5159 2274 5198 non
2305 5148 2564 5213 agnoscit,
2587 5154 2646 5197 ut
2669 5159 2734 5198 ex
2764 5144 3217 5214 interpretatione,
3232 5145 3350 5214 ejus
3370 5158 3474 5214 rap-

1911 5226 2088 5280 paret.
2114 5214 2338 5269 Orasius
2371 5223 2548 5267 tamen
2595 5224 2652 5267 et
2685 5225 2874 5268 auctor
2903 5213 3158 5268 Historia:
3195 5213 3470 5278 Miscetur,

1911 5284 2182 5354 vulgatam
2211 5284 2452 5354 Eutropii
2478 5285 2798 5354 scripturam
2839 5297 3058 5340 secutus
3080 5295 3182 5338 est.
3205 5285 3297 5339 Sic
3323 5283 3467 5337 enim

1908 5353 2076 5408 habet
2112 5373 2124 5408 :
2164 5374 2182 5406 ι
2214 5353 2612 5409 Constantinus
2643 5353 2910 5409 Liciniqu
2935 5355 3141 5410 sororis
3162 5370 3272 5408 suae
3294 5356 3467 5408 virum

1901 5420 1963 5476 in
1997 5425 2271 5480 Pannonia
2323 5425 2558 5496 priutum
2609 5425 2756 5492 vicit,
2801 5426 2999 5482 deinde
3051 5425 3194 5496 apud
3249 5423 3470 5481 Cibalas

1905 5496 2189 5550 onuressit.
2227 5514 2247 5546 ι

1941 5509 2408 5634 Ρῗέδῗδλιευέέρας
2445 5563 2778 5635 συμϐολῆς.
2827 5565 3071 5620 Secunda
3122 5564 3239 5620 haec
3285 5579 3468 5635 pugna

1905 5635 2244 5691 Constantini
2273 5642 2532 5692 adversus
2561 5637 2848 5702 Licinium,
2873 5640 2924 5689 in
2949 5635 3178 5691 'l‘bracia
3197 5638 3341 5691 facta
3358 5645 3466 5701 est,

1904 5717 1964 5761 ut
1993 5706 2150 5777 docet
2177 5705 2444 5762 Zositnus.
2494 5707 2600 5761 Sed
2629 5705 2880 5762 Zosimus
2925 5707 3100 5777 locum
3141 5707 3315 5777 ipsum
3357 5722 3464 5761 non

1902 5775 2034 5858 dicit
2060 5793 2077 5858 _:
2118 5785 2309 5832 auctor
2337 5791 2468 5858 vero
2494 5787 2875 5858 excerptorum
2899 5777 2966 5832 de
2993 5775 3176 5832 Cestii
3195 5776 3458 5858 Constan-

1902 5847 2022 5914 tini,
2061 5847 2114 5904 in
2144 5862 2336 5911 catupo
2384 5846 2677 5904 Mardiensi
2731 5860 3028 5917 pugnatum
3085 5861 3210 5906 esse
3249 5847 3457 5904 scribit.
