3858 6260
200 410 293 466 98')
1286 408 1372 463 DE
1416 409 1574 464 VITA
1616 410 2073 466 CONSTANTINI
2109 410 2238 465 LIB.
2276 408 2340 464 Il.
3317 418 3422 467 uno

196 523 330 594 αὐτῷ
388 525 485 596 μὲν
543 525 858 597 πηγνύμενα
916 528 1304 599 κατεπείρετο,
1353 527 1644 599 ἠλευθέρου

1809 541 1830 588 ι
1863 529 1996 582 adeo
2027 541 2082 582 ut
2125 527 2272 582 nullo
2303 523 2739 595 unquamjaculo
2769 524 3083 591 ferirentur,
3114 528 3420 600 quicunque

195 616 410 670 θανάτου
437 617 530 669 τὸν
556 617 806 689 φέροντα,
835 617 910 681 ὡς
933 618 1096 688 μηδὲν
1125 619 1390 673 ἅπτεσθαι
1414 619 1522 672 τῶν
1547 620 1695 674 ταύτπ

1855 619 1959 674 boc
2003 618 2372 674 ministerium
2400 617 2642 674 obibant.
2680 617 2862 687 Neque
2898 633 3057 686 porro
3087 618 3197 674 haec
3234 633 3416 679 nostra

194 712 518 782 ποιουμένων
559 713 654 785 τὴν
681 713 953 767 διακονίαν
992 713 1230 767 πώποτε.
1272 716 1383 785 Ούχ
1416 715 1681 786 ἡμέτερος

1852 719 1934 764 est
1964 710 2163 774 oratio,
2192 713 2297 764 sed
2325 708 2492 779 ipsius
2524 708 2884 777 imperatoris,
2923 712 3012 778 qui
3046 711 3186 764 inter
3213 712 3415 782 reliqua

190 805 214 856 ὁ
249 803 416 870 λόγος,
462 803 581 858 ἀλλ’
611 805 770 858 αὐτοῦ
817 805 978 858 πάλιν
1017 805 1312 875 βασιλέως,
1357 809 1436 870 εἰς
1475 807 1695 879 ἡμετὲρι

1849 801 1902 856 id
1937 801 2106 855 etiam
2159 802 2314 855 nobis
2364 801 2838 854 commemoravit.
2884 802 2985 868 Qui
3046 817 3163 857 eum
3211 804 3414 873 priores

191 893 346 956 ἀκοὰς
374 893 512 964 πρὸς
546 894 749 966 ἑτέροις
782 896 874 955 καὶ
905 895 1091 950 τοῦτον
1125 897 1695 968 ἀπομνημονεύσαντος

1849 893 2116 947 victorias
2144 893 2237 947 Dei
2278 893 2666 962 omnipotentis
2693 895 2899 948 auxilio
2945 896 3237 959 retulisset,
3269 905 3412 964 post-

190 989 242 1050 ὂς
277 987 457 1054 ἐπειδὴ
495 987 632 1041 Θεοῦ
674 987 898 1058 δυνάμει
945 989 1045 1052 τὰς
1094 989 1315 1061 πρώτας
1355 991 1524 1061 ἤρατο
1569 990 1690 1045 νίκα

1848 985 1964 1040 haec
1990 985 2110 1040 acie
2133 986 2402 1041 instructa
2437 986 2738 1040 exercitum
2762 1001 3008 1051 movens.
3041 987 3265 1044 ulterius
3291 1004 3413 1056 pro-

188 1078 271 1132 ὲπὶ
311 1077 376 1132 τὰ
420 1079 609 1149 πρόσω
657 1079 842 1134 λοιπὸν
881 1080 1102 1153 ἤλαυνε,
1144 1083 1203 1136 τὸ
1249 1083 1634 1154 στρατιωτικὸν
1686 1085 1744 1136 ὲν
1844 1076 2028 1132 cessit.

187 1171 323 1238 τάξει
357 1172 606 1242 κινήσας.

691 1264 1085 1318 ΚΕΦΑΛΑΙΟΝ
1123 1267 1177 1319 I'.

242 1355 531 1423 Συμϐολαὶ
560 1355 849 1425 διάφοροι,
872 1359 969 1412 καὶ
997 1360 1462 1414 Κωνσταντίνου
1483 1361 1665 1414 νῖκαι.

241 1425 440 1498 Τούτοῦ
466 1447 524 1500 δὲ
553 1449 650 1519 τὴν
675 1449 897 1520 πρώτην
920 1450 1095 1522 ὁρμὴν
1130 1452 1178 1503 οἱ
1208 1452 1305 1521 τῆς
1328 1450 1574 1514 ἐναντίας
1608 1468 1740 1524 προ-

180 1537 524 1609 κατάρχοντες
572 1539 776 1610 λήξεως
813 1541 911 1611 οὐχ
971 1541 1334 1606 ὑποστάντες,
1390 1546 1508 1597 ταῖν
1559 1544 1739 1613 χεροῖν

178 1633 412 1701 ῥίψαντες
431 1633 497 1685 τὰ
522 1631 681 1696 ὅπλα,
714 1633 1092 1705 προσεχώρουν
1121 1637 1232 1700 τοῖς
1264 1635 1526 1705 βασιλέως
1558 1638 1732 1690 ποσίν*

2455 1263 2681 1320 CAPUT
2719 1265 2787 1321 X.

2084 1352 2262 1408 Varia:
2290 1371 2478 1425 pugna:
2497 1367 2543 1409 et
2579 1355 2913 1411 Constantini
2935 1359 3186 1414 victorian

1913 1445 2083 1502 Porro
2117 1449 2464 1502 adversarum
2503 1450 2736 1518 partium
2771 1451 3112 1518 antesignani
3139 1464 3262 1507 cum
3289 1451 3404 1520 pri-

1835 1550 1987 1591 mum
2018 1537 2136 1608 ejus
2163 1539 2421 1609 impetum
2455 1541 2728 1596 sustinere
2758 1555 2863 1596 non
2898 1545 3218 1612 potuissent,
3252 1543 3402 1614 abje-

1836 1631 1941 1684 etis
1968 1630 2135 1686 armis
2172 1644 2294 1686 sese
2317 1632 2383 1686 ad
2419 1632 2758 1702 imperatoris
2786 1635 2950 1703 pedes
2970 1645 3396 1704 prostraverunt.

174 1723 268 1776 ὁδε
296 1723 418 1785 τοὺς
463 1725 676 1787 πάντας
710 1723 880 1787 σώους
923 1725 1233 1795 ὑπεδέχετο,
1277 1729 1343 1796 τῇ
1379 1726 1486 1779 τῶν
1527 1725 1695 1796 ἀνδρῶ

1833 1721 1901 1777 At
1931 1723 2020 1778 ille
2051 1735 2274 1779 cunctos
2301 1725 2598 1780 incolumes
2633 1729 2887 1792 servavit,
2921 1743 3166 1797 magnam
3207 1743 3270 1782 ex
3306 1742 3397 1781 sa-

173 1811 456 1880 ἀσμενίζων
487 1812 752 1884 σωτηρίᾳ.
781 1813 960 1867 Ἄλλοι
985 1815 1028 1868 δ’
1054 1816 1146 1868 ἐπὶ
1182 1817 1291 1878 τοῖς
1311 1816 1493 1879 ὅπλοις
1521 1816 1695 1886 μείναπ.

1835 1813 1946 1869 lute
1975 1815 2250 1869 hominum
2285 1817 2597 1887 percipiens
2634 1817 2988 1886 voluptatem.
3017 1817 3120 1872 Alii
3145 1833 3273 1873 vero
3302 1819 3393 1888 qui

171 1917 269 1964 τες.
292 1901 598 1972 ἐνεχείρουν
629 1905 695 1974 τῇ
731 1902 822 1956 τοῦ
853 1903 1086 1974 πολέμου
1120 1905 1359 1976 συμϐολῇ
1384 1923 1396 1935 ·
1423 1900 1502 1969 οἷς
1539 1907 1695 1958 ἐπειδη

1830 1903 1930 1957 sub
1967 1905 2135 1959 armis
2160 1917 2555 1972 remanserant,
2589 1923 2713 1963 sese
2741 1909 2805 1961 ad
2831 1925 3058 1978 pugnam
3107 1910 3389 1977 parabant.

170 1994 290 2066 πρὸς
315 1994 531 2064 φιλικὰς
562 1996 782 2067 κλήσεις
806 1998 915 2068 (42)
947 2001 1332 2071 προϊσχόμενος
1358 2000 1628 2070 βασιλεὺς,
1663 2001 1722 2053 ού

169 2089 499 2160 πειθομένους
529 2089 672 2159 ἕγνω
696 2133 710 2155 ,
760 2092 850 2146 τὸν
892 2093 1121 2165 στρατὸν
1165 2095 1333 2164 ἠφίει.
1369 2097 1428 2146 0i
1459 2093 1503 2146 δ’
1528 2095 1724 2147 αὐτίκα

168 2183 295 2236 νῶτα
318 2183 518 2248 δόντες,
549 2186 630 2248 είς
664 2186 839 2256 φυγὴν
871 2189 1178 2256 ἐτρέποντο.
1210 2184 1324 2240 Εἶθ’
1352 2205 1400 2240 οι
1427 2193 1523 2259 μὲν
1543 2187 1722 2240 αὐτῶν

166 2277 298 2346 νόμῳ
339 2277 577 2345 πολέμου
627 2278 931 2331 ἐκτείνοντο
972 2280 1514 2350 καταλαμϐανόμενοι
1539 2320 1552 2340 ,
1595 2283 1643 2333 οἱ
1675 2280 1720 2333 δ’

163 2364 239 2419 ἐπ’
259 2367 512 2438 ἀλλήλους
561 2368 870 2432 πίπτοντες,
914 2371 1026 2432 τοῖς
1083 2369 1300 2433 οἰκείοις
1334 2367 1720 2422 κατεϐάλλοντο

164 2455 370 2529 ξίφεσιν.

661 2553 1056 2606 ΚΕΦΑΛΑΙΟΝ
1087 2553 1190 2605 ΙΑ’.

468 2643 637 2714 Φυγὴ
661 2645 930 2701 Λικινίου
964 2645 1061 2699 καὶ
1083 2642 1362 2714 γοητεῖαι.

227 2737 339 2788 Ἐπὶ
367 2735 579 2801 τούτοις
624 2738 653 2789 ὁ
682 2737 885 2790 τούτων
908 2735 1171 2808 ἐξάρχων,
1202 2735 1387 2794 ἐπειδὴ
1431 2735 1530 2799 τῆς
1564 2734 1712 2806 παρὰ

156 2826 248 2876 τῶν
267 2827 484 2881 οἰκετῶν
528 2827 642 2898 (45)
675 2827 923 2898 βοηθείας
964 2827 1291 2898 στερηθέντα
1321 2827 1558 2880 συνεῖδεν
1583 2829 1712 2880 ἑαυ-

153 2918 247 2975 τὸν,
285 2918 508 2987 φροῦδόν
535 2919 586 2970 τ’
613 2914 682 2990 ἦν
711 2919 858 2988 αὐτῷ
889 2918 950 2971 τὸ
978 2918 1180 2988 πλῆθος
1236 2919 1333 2988 τῆς
1369 2917 1713 2988 συνειλεγμέ-

153 3025 238 3075 vr;
263 3009 402 3079 αὐτῷ
433 3009 722 3081 στρατείας
753 3028 812 3062 τε
844 3010 938 3064 καὶ
963 3008 1345 3080 συμμαχίας,ἤ
1377 3026 1436 3062 τε
1466 3003 1541 3063 ὦν
1575 3008 1710 3080 ᾤετο

153 3098 290 3161 θεῶν,
323 3101 474 3165 ἐλπὶς
509 3101 573 3154 τὸ
607 3102 771 3172 μηδὲν
810 3101 976 3173 πείρᾳ
1019 3101 1359 3172 διηλέγχετο,
1409 3101 1708 3172 τηνικαῦτα

149 3185 364 3256 δρασμδν
392 3189 672 3258 αἴσχιστον
703 3189 984 3259 ὑπομένει·
1010 3189 1223 3259 φεύγων
1247 3190 1380 3260 δῆτα
1419 3191 1703 3254 διέϐαινεν,
1733 3228 1774 3283 C

150 3277 199 3328 ὲν
239 3278 457 3346 ἀσφαλεῖ
485 3279 536 3331 τ’
571 3279 796 3345 ἐγίνετο,
831 3279 922 3333 τοῦ
953 3279 1228 3350 θεοφιλοῦς
1270 3280 1343 3352 μὴ
1373 3280 1513 3334 κατὰ
1542 3281 1704 3345 πόδας

147 3365 336 3421 διώκειν
364 3374 472 3433 τοῖς
500 3371 722 3433 οἰκείοις
742 3370 1180 3440 ἐγκελευομένου,
1209 3370 1284 3434 ὡς
1317 3371 1382 3423 ἂν
1413 3369 1562 3441 τύχοι
1597 3387 1701 3424 σω-

146 3455 317 3525 τηρίας
342 3459 370 3510 ό
402 3458 642 3526 φεύγων.
671 3459 899 3522 Ἥλπιζε
939 3461 1046 3530 γάρ
1077 3476 1206 3512 ποτε
1237 3459 1398 3512 αὑτὸν
1419 3460 1700 3513 συναισθό-

149 3562 286 3614 μενον
303 3543 354 3601 οἷ
369 3549 558 3602 κακῶν
586 3549 652 3603 ἂν
676 3549 782 3619 εἴη,
812 3550 970 3621 λῆξαι
1006 3552 1104 3621 μὲν
1132 3551 1232 3621 τῆς
1261 3551 1556 3622 μανιώδους
1574 3551 1700 3622 θρα-

147 3637 367 3710 σύτητος,
398 3644 492 3696 ἐπὶ
517 3642 606 3694 τὸν
630 3643 912 3713 κρείττονα
935 3644 990 3696 δὲ
1011 3644 1268 3714 λογισμὸν
1299 3643 1694 3715 μεταϐαλέσθαι

142 3727 226 3798 τὴν
253 3730 491 3802 γνώμην.
522 3731 656 3784 Ἀλλ’
679 3735 707 3786 ὁ
738 3735 833 3803 μὲν
863 3733 1264 3806 φιλανθρωπίας
1286 3735 1552 3805 ὑπερϐολῇ
1574 3735 1696 3788 ταῦ-

142 3837 198 3870 τι
219 3821 478 3887 διενοεῖτο,
518 3824 858 3890 ἀνεξικακεῖν
881 3844 938 3879 τε
967 3825 1144 3896 ἤθελε,
1170 3827 1264 3880 καὶ
1302 3827 1486 3897 νέμειν
1512 3828 1589 3898 τῷ
1619 3827 1692 3898 μὴ

142 3911 260 3984 ἀξίῳ
291 3915 638 3987 συγγνώμην·
663 3921 690 3971 ὁ
717 3918 760 3970 δ’
783 3920 884 3971 οὐκ
915 3919 1169 3988 ἀπείχετο
1202 3919 1515 3989 μοχθηρίας,
1547 3921 1692 3974 κακὰ

138 4005 175 4055 δ’
205 4008 289 4062 ἐπὶ
338 4013 530 4074 κακοῖς
565 4011 839 4083 σωρεύων,
887 4012 1144 4084 χειρόνων
1173 4013 1376 4083 ἥπτετο
1407 4015 1692 4086 τολμημά-

137 4111 248 4149 των·
272 4101 361 4153 καὶ
389 4101 452 4173 δὴ
475 4102 636 4156 πάλιν
670 4105 880 4174 γοήτων
908 4103 1252 4174 κακοτέχνοις
1273 4106 1693 4176 ἐπιτηδεύμασιν

139 4192 378 4264 ἐγχειρῶν
404 4195 750 4268 ἐθρασύνετο·
781 4191 847 4266 ἦν
873 4196 930 4249 δὲ
958 4197 1052 4248 καὶ
1095 4198 1183 4250 ἐπ’
1221 4197 1388 4267 αὐτῷ·
1417 4197 1492 4260 ὡς
1529 4197 1634 4268 ἄρα
1660 4200 1688 4251 ὁ

137 4281 250 4345 63b;
270 4284 428 4356 ὲσκλή
440 4303 564 4357 ρυνε
595 4285 693 4357 τὴν
729 4286 952 4357 καρδίαν
980 4285 1166 4350 αὐτοῦ,
1195 4286 1408 4358 παλαιῷ
1444 4289 1688 4362 τυράννῳ

135 4375 507 4448 παραπλησίως
541 4379 723 4446 φάναι.

1829 1994 1974 2061 Quos
2005 1996 2300 2065 imperator
2335 1999 2401 2053 ad
2439 2000 2765 2054 deditionem
2821 2001 3076 2066 invitans,
3110 2017 3231 2058 cum
3260 2001 3394 2054 ami-

1827 2086 1907 2141 cis
1968 2087 2481 2157 compellationibus
2552 2090 2857 2146 nullatenus
2906 2092 3100 2147 inﬂecti
3161 2093 3390 2158 videret,

1824 2180 2119 2234 exercitum
2148 2181 2200 2235 in
2237 2197 2332 2236 eos
2363 2183 2614 2236 immisit.
2652 2183 2730 2236 Illi
2761 2185 3016 2238 continuo
3068 2195 3214 2253 terga
3257 2184 3392 2237 dan-

1826 2279 1931 2336 tes,
1979 2271 2031 2325 in
2078 2271 2259 2341 fugam
2293 2283 2594 2329 vertuntur.
2621 2274 2856 2340 Quorum
2887 2276 2976 2329 alii
3011 2278 3387 2344 comprehensi

1823 2361 1966 2416 inter
1997 2361 2332 2431 fugiendum,
2363 2361 2488 2431 jure
2519 2364 2639 2418 belli
2672 2367 2822 2426 cmsi;
2863 2365 2953 2418 alii
2993 2367 3043 2419 in
3092 2382 3149 2420 se
3203 2375 3388 2420 mutuo

1821 2452 2203 2522 impingentes,
2238 2456 2462 2508 suismet
2496 2455 2694 2524 gladiis
2718 2456 3030 2510 obtruncati
3061 2466 3208 2513 sunt.

2325 2545 2490 2618 449
2527 2546 2752 2602 CAPUT
2789 2546 2880 2603 x1.

2154 2635 2310 2707 Fuga
2337 2653 2382 2692 et
2413 2639 2630 2708 magica:
2663 2647 2803 2693 artes
2833 2638 3045 2692 Licinii.

1885 2725 2104 2782 Illorum
2131 2743 2261 2782 vero
2291 2729 2565 2798 princeps,
2597 2745 2718 2784 cum
2761 2743 2820 2784 se
2853 2729 3223 2783 ministrorqu
3251 2743 3380 2782 sno-

1815 2837 1933 2876 rum
1982 2820 2189 2876 auxilio
2241 2821 2558 2874 destitutum
2605 2836 2747 2886 esse,
2805 2831 2861 2876 et
2899 2837 3036 2892 quas
3093 2823 3383 2892 collegerat

1814 2913 1996 2982 copias
2040 2921 2146 2965 tam
2186 2910 2416 2965 militum
2447 2927 2606 2980 quam
2639 2912 3010 2978 auxiliarium,
3035 2929 3222 2967 omnes
3253 2929 3380 2967 cva-

1812 3004 1995 3059 nuisse
2027 3013 2291 3070 cerneret,
2316 3017 2578 3072 spemque
2608 3004 2659 3056 in
2694 3002 2798 3056 diis
2827 3018 2959 3072 quos
2985 3003 3194 3058 colebat
3223 3017 3378 3072 pror-

1813 3111 1908 3151 sus
1949 3097 2164 3149 inanem
2212 3111 2332 3151 esse
2385 3111 2468 3149 res
2500 3097 2614 3164 ipsa
2645 3097 3014 3160 convinceret,
3051 3095 3230 3165 fugam
3265 3105 3378 3149 tur-

1811 3188 2088 3254 pissimam
2138 3189 2281 3244 iniit.
2339 3189 2517 3258 Atque
2574 3189 2674 3242 hoc
2730 3188 2888 3242 modo
2931 3187 3166 3258 elapsus,
3205 3196 3378 3242 semet

1811 3277 2124 3332 discrimine
2151 3277 2373 3341 exemit,
2429 3292 2547 3330 cum
2581 3277 2876 3345 imperator
2924 3275 3017 3330 Dei
3065 3276 3376 3330 amantissi-

1809 3385 1951 3434 mus,
1973 3385 2098 3423 suos
2123 3369 2404 3423 confestim
2431 3371 2581 3438 sequi
2613 3379 2666 3423 et
2691 3369 2942 3438 fugientis
2962 3379 3105 3438 terga
3124 3383 3374 3440 premere

1807 3462 2086 3528 noluisset,
2108 3478 2218 3530 quo
2236 3463 2442 3517 scilicet
2460 3462 2670 3532 fugiens
2697 3469 2876 3529 posset
2899 3456 3146 3515 evadere.
3172 3459 3374 3530 Spera-

1802 3553 1893 3608 bat
1919 3555 2060 3607 enim
2080 3553 2195 3609 fore
2215 3552 2544 3617 utLieinius,
2566 3551 2779 3622 cognito
2798 3551 3012 3604 tandem
3041 3564 3218 3604 rerum
3243 3565 3367 3604 sua-

1802 3663 1920 3700 runt
1965 3645 2340 3701 infelicissimo
2369 3655 2542 3708 statu,
2582 3659 2612 3697 a
2649 3643 2876 3712 pristina
2929 3641 3151 3696 audacia
3205 3652 3370 3711 atque

1802 3738 2010 3791 insania
2044 3739 2368 3802 discederet,
2396 3746 2449 3789 et
2475 3737 2540 3788 ad
2573 3734 2842 3789 saniorem
2871 3742 3104 3787 tuentem
3141 3734 3364 3787 rediret.

1803 3825 1998 3881 Verum
2029 3827 2415 3881 Constantinus
2439 3825 2653 3894 quidem
2692 3838 2791 3892 pro
2814 3823 3012 3877 eximia
3043 3837 3143 3892 qua
3172 3823 3370 3892 praedi-

1797 3929 1883 3972 tus
1917 3928 2034 3972 erat
2064 3917 2424 3979 humanitate,
2460 3916 2574 3969 hate
2601 3914 2677 3968 ita
2707 3913 3060 3968 existimabat
3091 3929 3105 3968 :
3131 3927 3185 3969 et
3221 3915 3364 3985 inju-

1804 4011 1913 4064 rias
1949 4011 2215 4080 patienter
2247 4007 2414 4072 ferre,
2443 4022 2506 4061 ac
2544 4008 2670 4061 licet
2710 4024 2812 4062 non
2870 4007 3096 4060 merenti
3146 4007 3362 4061 veniam

1801 4101 1952 4166 dare,
2001 4099 2053 4153 in
2110 4101 2350 4152 animum
2401 4097 2706 4154 induxerat.
2745 4098 2815 4152 At
2874 4098 3120 4152 Licinius
3153 4105 3358 4150 tantum

1801 4196 1953 4252 abest
2001 4207 2058 4250 ut
2108 4211 2137 4247 a
2194 4195 2438 4264 pristinia
2488 4194 2841 4263 improbitate
2889 4195 3174 4257 destiterit,
3226 4192 3357 4262 quin

1799 4290 1976 4359 potius
2006 4287 2142 4342 mala
2170 4287 2330 4340 malis
2354 4301 2707 4356 exaggerans,
2734 4287 2915 4355 pejora
2946 4289 2997 4339 in
3033 4286 3146 4339 dles
3172 4297 3358 4353 aggre-

1794 4382 2060 4436 diebatur.
2093 4379 2230 4446 Quin
2253 4379 2414 4432 etiam
2448 4379 2514 4432 ad
2543 4394 2817 4448 magorum
2837 4380 3180 4433 detestandas
3214 4385 3358 4429 artes

133 4469 295 4525 denuo
331 4473 669 4542 confugiens,
707 4473 892 4529 efferri
934 4474 1253 4529 insolentius
1287 4475 1471 4543 coepit.
1511 4477 1583 4528 Ac
1629 4477 1694 4530 de
1729 4477 1814 4531 illo
1859 4477 2018 4546 idem
2073 4475 2268 4529 merito
2329 4473 2434 4528 dici
2487 4483 2698 4543 poterat
2749 4474 2889 4544 quod
2939 4473 3005 4527 de
3035 4483 3216 4527 vetere
3266 4469 3359 4524 illo

135 4572 371 4630 tyranno,
391 4581 491 4621 cor
509 4565 722 4620 scilicet
755 4567 922 4636 ipsius
952 4582 980 4618 ιι
1019 4569 1126 4620 Deo
1154 4569 1462 4620 induratum
1497 4569 1684 4622 fuisse.

637 4663 1037 4715 ΚΕΦΑΛΑῘΟΝ
1061 4662 1158 4715 ΙΒ¹.

132 4747 301 4818 Ὅπως
347 4754 906 4876 Κωνσταντῖτποςέἐγ
940 4753 1142 4823 σκηνῇ
1198 4756 1679 4825 προσευχόμενος

869 4841 988 4876 rara.

869 4841 988 4878 ικα.

206 4912 333 4966 Ἀλλ’
368 4916 396 4967 ὁ
430 4915 525 4986 μὲν
553 4914 814 4978 τοιούτοις
841 4915 1129 4986 ἐμπλέκων
1167 4915 1378 4978 ἑαυτὸν,
1413 4915 1552 4968 κατὰ
1583 4915 1680 4986 βα-

135 5003 326 5074 ράθρων
347 5007 618 5071 ἀπωλείας
643 5007 790 5060 ώθει·
824 5007 1074 5077 βασιλεὺς
1105 5008 1148 5061 δ’
1178 5009 1300 5060 ἐπεὶ
1327 5007 1472 5080 ἑώρα
1497 5009 1678 5062 δευτέ-

131 5109 214 5162 ρας
233 5097 373 5168 αύτῴ
397 5097 601 5152 δεῖσθαι
622 5100 856 5170 πολέμου
875 5099 1227 5171 παρατάξεως
1258 5099 1388 5171 (44),
1410 5100 1488 5172 τῷ
1511 5100 1674 5154 αὑτοῦ

187 5295 292 5372 (49.)
339 5303 491 5368 Πρὸς
526 5303 768 5372 φιλικὰς
816 5302 1089 5368 κλήσεις.
1148 5303 1505 5358 Scriliendum
1541 5312 1669 5370 puto

127 5366 334 5444 quas;
363 5366 1182 5444 προᾶλήσειςπροῖσχόμενος,
1222 5373 1272 5427 id
1326 5381 1426 5431 est,
1464 5366 1671 5444 blandis

125 5441 363 5510 Numici;
408 5441 573 5497 uerbis
597 5441 690 5496 eos
719 5441 1061 5510 conipellnns.
1116 5443 1286 5496 Porro
1313 5459 1432 5510 qua:
1468 5444 1517 5494 in
1570 5443 1672 5497 hoc

124 5509 286 5574 capite
311 5526 493 5566 narrat
528 5513 814 5574 Eusebius,
837 5509 1126 5580 pertinere
1160 5509 1409 5566 videntur
1448 5514 1513 5565 ad
1563 5515 1670 5580 pri-

123 5583 536 5654 lttum_pra!lium
573 5586 624 5654 in
665 5598 855 5648 campo
897 5582 1200 5654 Cibalensi,
1245 5583 1310 5637 de
1357 5598 1463 5651 quo
1507 5597 1666 5652 supra

124 5646 431 5720 diri._lthue
455 5646 810 5706 c0nfirmatur
831 5669 898 5705 ex
935 5653 1310 5720 sequentibus.

319 5723 482 5789 Παρὰ
513 5717 1116 5795 τῶνῂοὶκεξτῶν.-Νοιό
1143 5737 1291 5795 more
1320 5725 1534 5787 οἰκέτας
1570 5737 1666 5790 pro

125 5786 366 5864 militibus
384 5786 605 5861 usurpat
625 5792 908 5864 Eusebius.
931 5793 1060 5847 Erat
1079 5793 1293 5861 quidem
1323 5786 1525 5849 militia
1542 5786 1660 5862 spe-

119 5861 226 5910 cies
269 5864 508 5922 quaedam
554 5861 828 5919 servitutis
873 5864 1234 5932 temporariae.
1297 5864 1450 5932 Quod
1497 5861 1659 5922 etiam

2379 4659 2606 4715 CAPUT
2647 4659 2757 4715 ΧΗ.

1790 4755 2065 4820 Quomodo
2092 4754 2464 4807 Constantinus
2511 4769 2667 4805 orans
2711 4755 2763 4804 in
2811 4754 3162 4820 tabernaculo,
3190 4753 3352 4806 victo-

2316 4826 2447 4876 riam
2469 4825 2685 4891 adeptus
2715 4834 2786 4874 est
2797 4861 2810 4876 .

1859 4917 2099 4971 Licinius
2122 4917 2290 4986 Igitur
2319 4914 2621 4984 ltujusmodi
2651 4915 2918 4969 scelerum
2966 4913 3190 4969 vinculis
3230 4930 3352 4970 sese

1787 5009 1898 5079 ipse
1949 5009 2353 5078 constringens,
2391 5008 2445 5060 in
2478 5006 2628 5060 exitii
2665 5005 2977 5060 barathrum
3018 5005 3347 5076 prmcipitem

1786 5101 1951 5157 dedit.
1976 5099 2372 5156 Constantinus
2393 5113 2522 5154 vero
2545 5112 2669 5152 cum
2691 5097 2861 5150 altero
2883 5097 3068 5166 praelio
3085 5095 3191 5150 sibi
3208 5111 3348 5166 opus

1775 5308 1936 5362 docet
1964 5303 2161 5359 Suidas
2194 5303 2248 5357 in
2279 5317 2409 5358 voce
2442 5301 2788 5372 Βετεράνος·
2821 5302 2970 5374 παρὰ
2996 5301 3288 5374 Ῥωμαίοις
3319 5301 3349 5353 6

1780 5375 2070 5439 ἀπολυθεὶς
2111 5374 2212 5445 τῆς
2247 5375 2556 5445 στρατείας·
2578 5366 2700 5428 ’ἐπὶ
2738 5366 3070 5440 ἐίκοσάετίᾳν
3202 5366 3345 5445 οὗτοι

1779 5447 2078 5501 ἐδούλευον.
2113 5441 2249 5498 Hinc
2290 5441 2371 5498 est
2411 5445 2552 5510 quod
2597 5445 2802 5498 tirones
2842 5445 2986 5496 notis
3021 5441 3341 5507 quibusdam

1778 5519 1829 5571 in
1868 5527 1992 5571 cute
2021 5514 2374 5585 signabantur
2416 5515 2865 5585 tanquam__scrvi.
2907 5513 3090 5567 Missio
3124 5526 3342 5585 quoque

1778 5581 2192 5641 manumissioni
2232 5581 2609 5650 respondebat.
2655 5581 2768 5637 Non
2812 5584 2931 5637 sine
2977 5597 3137 5636 causa
3178 5581 3342 5648 igitur

1777 5658 2047 5712 Eusebius
2087 5654 2286 5708 milites
2316 5653 2590 5709 Romanos
2633 5653 2867 5722 appellat
2897 5652 3134 5715 οἰκέτας.
3183 5651 3339 5722 Quod

1767 5729 1809 5780 si
1843 5729 1980 5780 forte
2003 5724 2163 5779 alieni
2189 5724 2460 5792 diSpIicet,
2483 5725 2534 5777 in
2561 5719 2811 5794 proitiptn
2829 5724 3214 5778 estemendare
3227 5719 3338 5774 τῶν

1763 5815 1875 5851 οικε
1886 5816 1997 5850 ιων.

1833 5869 1943 5937 (ii)
1980 5865 2331 5934 Δευτέρας...
2379 5867 2642 5936 πολέμου
2675 5864 3078 5935 παρατάξεως.
3123 5864 3196 5919 Ex
3247 5861 3332 5916 his
3386 5867 3401 5881 ‘
