3858 6260
527 373 629 429 991
1228 363 1499 420 EUSEBII
1535 365 2015 424 CESARIENSIS
2045 365 2194 422 OPP.
2235 368 2416 424 PARS
2452 370 2497 424 Ι.
2540 399 2611 411 --
2651 369 3036 427 HISTORICA.
3623 375 3701 432 992

531 503 652 544 esse
662 493 928 548 cerneret,
946 481 1250 538 Servatoris
1265 483 1346 536 sui
1374 483 1838 556 cultui-diligenter
1859 487 2067 540 vacavit

2193 489 2402 560 Σωτῆρι
2452 489 2550 558 τὴν
2585 489 2778 560 σχολὴν
2808 489 3060 554 ἀνετίθει,
3093 488 3186 542 τοῦ
3231 489 3330 560 μὲν
3379 491 3594 562 σταυροῦ
3628 497 3700 566 τὴν

534 580 598 632 Et
657 577 832 632 crucis
857 576 1070 645 quidem
1121 575 1522 630 tabernaculum
1559 577 1676 631 fixit
1706 589 1854 632 extra
1883 591 2070 646 castra,

2191 579 2394 648 σκηνὴν
2425 579 2532 649 (45)
2575 581 2728 644 ἐκτὸς
2753 580 2844 632 καὶ
2875 579 3208 651 πορρωτάτω
3241 579 3568 652 πηξάμενος,
3596 585 3698 658 ἁγνῇ

531 670 618 722 ubi
649 683 780 736 pure
809 677 860 720 et
887 675 1038 720 caste
1067 667 1288 736 degens,
1313 681 1501 736 preces
1518 669 1583 723 ad
1613 669 1778 723 Deum
1803 670 2070 737 fundebat;

2187 669 2230 721 δ’
2264 670 2508 723 ἐνταυθοῖ
2534 670 2809 743 χρώμενος
2843 673 2936 725 καὶ
2967 670 3179 743 καθαρᾷ
3203 672 3404 743 διαίτῃ,
3438 673 3513 743 τῷ
3540 692 3591 726 τε
3615 677 3700 746 Θεῷ

530 758 772 827 exemplo
802 760 1006 812 veteris
1033 759 1177 813 illius
1205 760 1500 828 prophetae,
1535 775 1693 828 quem
1732 772 1882 815 extra
1906 772 2070 817 castra

2186 756 2283 818 τάς
2316 756 2479 827 εὐχὰς
2505 759 2808 822 ἀποδιδοὺς,
2843 760 2961 813 κατ’
2985 760 3142 813 αὐτὸν
3174 760 3382 815 ἐκεῖνον
3407 761 3496 814 τὸν
3524 763 3700 820 παλαιὸν

532 848 938 902 tabernaculum
980 839 1329 904 constituisse
1355 851 1528 904 divina
1549 860 1813 906 testantur
1841 856 2070 909 oracula.

2186 845 2278 897 τοῦ
2312 846 2447 899 Θεοῦ
2468 849 2766 920 προφήτην,
2797 849 2854 902 ὃν
2885 850 2984 919 τῆς
3005 849 3356 921 παρεμϐολῆς
3391 852 3540 916 ἐκτὸς
3563 857 3698 924 πήξα-

525 940 769 993 Aderant
800 950 978 994 autem
1013 943 1212 995 assidui
1239 956 1344 994 una
1372 958 1491 995 cum
1524 942 1642 1011 ipso
1673 943 2070 1012 pauriquidam,

2194 936 2315 990 σθαι
2362 937 2458 1009 τὴν
2507 939 2729 1011 σκηνὴν,
2770 940 2840 994 τὰ
2887 940 3005 994 θεῖα
3048 939 3364 995 πιστοῦνται
3388 942 3699 1017 λόγια.Προσ.

529 1028 677 1093 ﬁdei,
719 1031 937 1098 pietatis
987 1046 1048 1085 ac
1108 1031 1493 1086 benevolentia:
1545 1034 1711 1102 probe
1773 1045 2070 1102 compertas.

2186 1027 2517 1102 εκαρτέρουν
2581 1031 2625 1083 δ’
2663 1031 2809 1102 αὐτῷ
2845 1032 3080 1103 βραχεῖς,
3116 1035 3165 1086 οῖ
3206 1033 3387 1086 πίστει
3423 1035 3513 1088 καὶ
3554 1036 3697 1090 ﬁsos:-

524 1109 700 1190 Atque
727 1123 776 1176 id
805 1139 1015 1192 semper
1037 1124 1217 1178 faceye
1243 1134 1624 1190 consueverat,
1662 1127 2070 1196 quotiescunque

2185 1117 2334 1181 ϐείας
2365 1119 2544 1192 εὐνοίᾳ
2564 1120 2674 1192 (46)
2698 1124 2827 1193 παρ’
2844 1123 2991 1193 αὐτῷ
3005 1123 3471 1195 δεδοκιμασμένοι.
3505 1126 3647 1181 Τοῦτο
3666 1131 3699 1184 δ’

527 1225 797 1268 certamen
822 1224 964 1268 esset
996 1215 1249 1268 initurus.
1275 1215 1460 1279 Neque
1489 1216 1632 1269 enim
1675 1233 1913 1285 praeceps
1940 1227 2070 1282 erat,

2187 1209 2335 1280 αὐτῷ
2356 1209 2582 1282 σύνηθες
2607 1208 2674 1283 ἦν
2702 1215 2978 1282 πράττειν,
3020 1214 3114 1268 καὶ
3142 1214 3325 1269 εἴποτε
3358 1216 3537 1271 ἄλλοτε
3566 1236 3696 1291 παρπ-

525 1305 722 1372 quippe
750 1305 841 1373 qui
870 1305 1061 1360 tutiora
1089 1321 1303 1373 semper
1325 1306 1567 1376 eligeret.
1599 1308 1797 1364 Adhaac
1822 1309 1915 1364 Dei
1949 1325 2070 1364 con-

2182 1301 2329 1366 τάξει
2362 1303 2610 1375 πολέμων
2649 1305 2870 1376 ὡρμᾶτο
2921 1306 3230 1377 συμϐαλεῖν.
3260 1308 3470 1377 Βραδὺς
3504 1311 3589 1381 μὲν
3617 1313 3693 1384 γὰρ

525 1393 646 1448 silio
673 1405 865 1450 cuncta
899 1411 1088 1464 gerere
1135 1397 1325 1451 solitus
1365 1406 1501 1451 erat.
1532 1397 1702 1453 Porro
1729 1415 1849 1453 cum
1895 1400 2070 1455 sedqu

2181 1388 2249 1462 ἦν
2298 1392 2364 1446 δι’
2408 1395 2724 1464 ἀσφάλειαν,
2768 1396 2900 1450 Θεοῦ
2949 1398 3006 1450 δὲ
3050 1397 3206 1470 βουλῇ
3261 1400 3442 1453 πάντα
3481 1403 3692 1472 ,πράττειν

524 1495 688 1554 atque
723 1486 962 1554 impense
1013 1487 1120 1540 Deo
1156 1502 1253 1542 suo
1290 1488 1643 1557 supplicaret,
1694 1503 1907 1560 semper
1938 1491 2070 1548 Deus

2181 1483 2350 1552 ἠξίου.
2398 1484 2520 1538 Ἐπὶ
2564 1486 2758 1558 σχολῆς
2787 1487 2842 1541 δὲ
2873 1487 2950 1559 τῷ
2982 1489 3142 1542 αὐτοῦ
3175 1490 3292 1562 Θεῷ
3324 1490 3426 1553 τὰς
3471 1494 3694 1565 ἱκετηρίας

523 1577 574 1631 ei
620 1577 959 1646 praesentiam
1008 1593 1160 1633 suam
1194 1578 1459 1634 exhibere
1509 1580 1761 1648 dignatus
1785 1590 1884 1636 est.
1917 1581 2070 1652 £50

2183 1575 2520 1646 ποιούμενος,
2562 1578 2776 1642 πάντως
2805 1596 2906 1632 που
2946 1580 3035 1632 καὶ
3074 1580 3393 1651 θεοφανείας
3432 1583 3688 1653 ἐτύγχανεν

527 1667 752 1731 Exinde,
785 1669 931 1722 velut
962 1671 1224 1725 diviniore
1262 1680 1414 1725 actus
1445 1671 1695 1739 impulsu,
1730 1675 1982 1742 prosilire
2009 1691 2070 1730 ex

2181 1661 2279 1720 εἶθ’
2315 1667 2502 1738 ὥσπερ
2529 1669 2770 1742 θειοτέρα
2801 1671 3040 1742 κινηθεὶς
3070 1673 3386 1745 ἐμπνεύσει,
3410 1675 3505 1745 τῆς
3534 1677 3692 1745 σκηνῆς

525 1757 874 1814 tabernaculo
920 1761 1144 1826 solebat,
1197 1769 1254 1816 et
1308 1762 1462 1832 signo
1513 1763 1580 1818 ad
1628 1764 2070 1833 proficiscendum

2181 1759 2549 1832 ἀναπηδήσας,
2571 1760 2824 1833 ἐξαίφνης
2857 1767 3024 1817 κινεῖν
3057 1767 3252 1819 αὐτίκα
3288 1767 3360 1835 τά
3384 1770 3690 1837 στρατιωτικὰ

525 1847 670 1912 dato,
706 1849 886 1902 statim
921 1850 1182 1904 militibus
1223 1851 1524 1920 imperabat
1573 1861 1630 1906 ut
1673 1855 1876 1922 absque
1927 1869 2070 1909 mora

2180 1851 2272 1903 καὶ
2293 1849 2366 1922 μὴ
2393 1851 2624 1922 μέλλειν,
2646 1853 2782 1907 ἀλλά
2802 1855 2896 1908 καὶ
2921 1856 3089 1926 αὐτῆς
3114 1856 3262 1928 ὥρας
3295 1857 3462 1927 ξιφῶν
3477 1858 3690 1913 ἅπτεσθαι

519 1935 729 2003 gladios
759 1938 1103 2006 stringerent.
1131 1938 1230 2006 Qui
1253 1942 1541 1996 confestim
1564 1942 1765 2010 impetu
1788 1943 1840 1996 in
1869 1943 2070 1999 hostem

2186 1943 2594 2014 παρεκελεύετο.
2623 1947 2685 1998 Ol
2723 1945 2767 1997 δ’
2799 1947 3008 2018 ἀθρόως
3034 1949 3364 2021 ἐπιθέμενοι,
3393 1948 3571 2022 ἡϐηδὸν
3597 1952 3687 2004 Exo-

522 2024 687 2094 facto,
744 2028 932 2083 obvios
985 2044 1172 2085 omnes
1219 2031 1336 2086 sine
1387 2031 1496 2086 ullo
1545 2034 1725 2088 aetatis
1765 2034 2070 2090 discrimine

2179 2050 2328 2099 πτον,
2361 2035 2437 2098 εἰς
2460 2036 2535 2088 ὅτ’
2562 2035 2628 2089 ἂν
2667 2037 2765 2108 τὴν
2796 2039 2950 2110 νίκην
2979 2041 3034 2093 ἐν
3059 2040 3204 2112 ὥρας
3242 2043 3578 2114 ἀκαρεῖ
3606 2042 3686 2110 (li)

521 2117 954 2185 obtruncabant;
1013 2121 1182 2178 donec
1248 2123 1439 2193 exiguo
1497 2125 1755 2193 temporis
1807 2136 2070 2180 momenta

2177 2125 2554 2193 ἀπολαϐόντες,
2607 2130 2842 2203 τρόπαια
2899 2134 3018 2187 κατ’
3068 2132 3277 2207 ἐχθρῶν
3342 2134 3556 2189 ἀνίστων
3595 2137 3684 2189 ἐπι-

521 2219 673 2277 parta
711 2210 958 2280 victoria,
999 2219 1199 2284 tropaea
1244 2214 1313 2270 de
1364 2214 1522 2270 victis
1577 2216 1823 2272 hostibus
1870 2219 2072 2274 erexis-
2181 2215 2339 2270 νίκια.

520 2311 663 2356 sent.

1092 2393 1316 2450 CAPUT
1354 2394 1488 2450 Xlll.

691 2483 1027 2540 Constantini
1055 2486 1354 2540 humanitas
1378 2487 1433 2541 in
1456 2486 1646 2542 milites
1676 2496 1878 2558 captos.

2691 2400 3085 2454 ΚΕΦΑΛΔῙΟΝ
3113 2402 3210 2454 Il".

2176 2489 2584 2556 Φιλανθρωπία
2603 2491 2732 2558 περὶ
2760 2491 2899 2557 τοὺς
2915 2493 3526 2578 ’συλλαμϐανομένους
3545 2507 3680 2563 στρα-

2839 2580 3065 2628 murac.

593 2653 703 2708 Hoc
738 2655 897 2710 modo
949 2655 1240 2726 imperator
1272 2665 1396 2710 ante
1430 2673 1620 2728 pugna:
1663 2657 1995 2724 conflictum,
2022 2668 2070 2714 et

2245 2646 2399 2700 Οὕτω
2420 2647 2516 2719 μὲν
2541 2648 2605 2720 δὴ
2628 2649 2876 2719 βασιλεὺς
2904 2653 3055 2720 ἄγειν
3087 2653 3279 2708 ἑαυτόν
3315 2671 3376 2707 τε
3399 2653 3486 2707 καὶ
3515 2654 3588 2708 τὸν
3606 2653 3677 2706 αὑ-

516 2746 753 2815 seipsum
814 2761 1028 2816 gerere,
1082 2753 1137 2802 et
1194 2749 1494 2803 exercitum
1546 2765 1702 2804 suum
1767 2751 2071 2818 instituere,

518 2837 686 2890 etiam
748 2847 904 2892 antea
950 2839 1141 2894 solitus
1178 2850 1334 2896 erat:
1362 2841 1560 2910 quippe
1607 2842 1702 2911 qui
1753 2840 1918 2897 Deum
1949 2843 2073 2897 vitae

520 2942 630 2983 suae
673 2940 886 2996 semper
930 2938 1299 2999 anteponeret,
1329 2939 1635 2998 cunctaque
1687 2931 1804 3001 ejus
1853 2941 1985 2986 nutu
2019 2939 2074 2987 et

520 3020 754 3074 consilio
805 3034 966 3090 agere
1011 3025 1273 3088 studeret,
1329 3031 1386 3076 et
1445 3021 1734 3078 multorum
1791 3022 2068 3079 hominum

519 3112 717 3166 caedem
753 3110 933 3167 facere
977 3113 1220 3184 religioni
1255 3113 1497 3168 duceret.
1537 3113 1801 3180 Quocirca
1829 3129 1933 3168 non
1963 3116 2069 3168 mi-

2171 2735 2266 2789 τοῦ
2313 2738 2537 2809 στρατὸν
2565 2740 2622 2792 ὲν
2654 2743 2772 2804 ταῖς
2815 2741 2922 2795 τῶν
2962 2743 3211 2814 πολέμων
3239 2745 3575 2816 παρατάξεσι,
3610 2745 3679 2798 καὶ

2172 2829 2338 2883 πάλαι
2363 2831 2625 2902 πρότερον
2653 2832 2851 2897 εἰώθει,
2880 2834 2970 2887 τὸν
3007 2836 3196 2889 ἐαυτοῦ
3223 2837 3359 2890 Θεὸν
3382 2836 3480 2907 πρὸ
3504 2836 3586 2906 τῆς
3604 2835 3678 2904 ψυ-

2173 2923 2272 2993 χῆς
2320 2924 2406 2976 ἀεὶ
2435 2924 2731 2996 τιθέμενος,
2779 2927 2872 2979 καὶ
2919 2930 3040 2991 ταῖς
3093 2929 3254 2982 αὐτοῦ
3315 2929 3515 3000 βουλαῖς
3546 2928 3678 2984 πάντα

2173 3013 2426 3085 πράττειν
2463 3015 2679 3082 ἐθέλων,
2709 3017 2775 3069 δι’
2807 3018 3089 3083 εὐλαϐείας
3106 3036 3164 3073 τε
3195 3020 3468 3092 τιθέμενος
3491 3020 3566 3072 τὸν
3599 3018 3676 3071 τῶν

2171 3105 2377 3158 πολλῶν
2411 3104 2657 3161 θάνατον.
2684 3109 2872 3162 Ἔνθεν
2892 3112 2952 3162 οὐ
2991 3112 3189 3182 μᾶλλον
3221 3113 3327 3181 τῆς
3353 3112 3453 3164 τῶν
3492 3110 3672 3170 οἰκείων,

519 3216 620 3254 nus
674 3201 906 3256 hostium
957 3218 1115 3273 quam
1171 3204 1400 3258 militum
1467 3219 1689 3259 suorum
1744 3205 2066 3260 consulebat

2173 3196 2205 3266 ἦ
2234 3197 2341 3249 τῶν
2372 3197 2578 3267 ἐχθρῶν
2607 3201 2856 3271 προύνόει
2905 3175 3192 3275 σωτηρίας.
3226 3175 3318 3256 Αζδ
3340 3203 3428 3256 καὶ
3455 3202 3672 3272 κρατήσα-

519 3291 700 3346 salnti.
731 3290 920 3362 Itaque
972 3293 1084 3350 suis
1115 3294 1397 3350 victoriam
1444 3296 1654 3365 adeptis
1703 3297 2068 3366 praecipiebat,

521 3395 578 3438 ut
603 3386 759 3440 victis
787 3395 1094 3458 parcerent,
1132 3395 1298 3455 utque
1322 3386 1570 3441 homines
1601 3388 1731 3452 nati,
1769 3389 2073 3442 communis

2175 3303 2257 3339 σιν
2284 3287 2340 3340 ἐν
2373 3289 2516 3360 μάχῃ
2543 3281 2654 3354 τοῖς
2698 3291 2932 3355 οἰκείοις,
2961 3293 3067 3346 τῶν
3106 3293 3343 3346 ἁλόντων
3381 3292 3527 3362 φειδὼ
3549 3293 3672 3342 ποιεῖ-

2173 3377 2293 3430 σθαι
2327 3379 2575 3450 παρῄνει,
2611 3381 2730 3452 μηδ’
2760 3382 3078 3453 ἀνθρώπους
3103 3383 3283 3448 ὄντας,
3323 3385 3418 3455 τῆς
3441 3379 3672 3453 ὁμογενοῦς

2172 3469 2383 3539 φύσεως
2409 3470 2613 3544 ὲνλήθῃ
2645 3470 2942 3540 γίγνεσθαι.
2977 3473 3038 3526 Εἰ
3070 3473 3128 3526 δὲ
3153 3475 3245 3526 καί
3282 3491 3409 3527 ποτε
3436 3472 3530 3526 τῶν
3563 3469 3671 3522 ὁπλι-

2171 3560 2278 3613 τῶν
2305 3562 2428 3624 τοὺς
2450 3561 2652 3632 θυμοὺς
2667 3563 2922 3634 ἀκρατεῖς
2947 3562 3112 3635 ἐώρα,
3136 3565 3336 3636 χρυσοῦ
3351 3565 3484 3618 δόσει
3503 3561 3671 3620 τούτους

2171 3651 2437 3722 ὲχαλίνου,
2486 3653 2580 3706 τὸν
2612 3653 2925 3725 ζωγροῦντά
2952 3673 3071 3708 τινα
3119 3655 3226 3710 τῶν
3274 3656 3542 3726 πολεμίων,
3581 3651 3669 3719 ὡρι-

2173 3741 2343 3816 σμένῃ
2365 3744 2566 3814 χρυσοῦ
2597 3745 2856 3817 τιμᾶσθαι
2890 3748 3234 3820 προστάττων
3259 3747 3409 3819 ὁλκῇ.
3438 3746 3532 3800 Καὶ
3555 3741 3669 3796 τοῦτο

2169 3831 2358 3905 δέλεαρ
2389 3834 2686 3906 ἀνθρώπων
2715 3838 2986 3908 σωτηρίας
3013 3840 3046 3909 ἡ
3081 3838 3344 3909 βασιλέως
3389 3837 3558 3908 εὕρατο
3580 3830 3667 3885 σύν-

2171 3941 2304 3989 εσις,
2326 3925 2451 3978 ὥστ’
2471 3926 2570 3997 ἤδη
2597 3926 2776 3998 μυρίοι
2809 3929 2904 3980 καὶ
2930 3927 3106 3982 αὐτῶν
3138 3927 3400 3992 ἐσώζοντο
3422 3925 3665 3998 βαρὸἁρωνν

2171 4014 2354 4086 χρυσῷ
2387 4014 2647 4084 βασιλέως
2677 4016 2773 4087 τὴν
2805 4017 2948 4088 ζωὴν
2966 4019 3147 4082 αὐτοῖς
3174 4018 3532 4088 ἐξωνουμένου.

521 3477 801 3531 hominum
831 3487 1036 3532 naturae
1084 3479 1476 3535 meminissent.
1505 3477 1660 3544 Quod
1689 3479 1732 3533 si
1766 3477 1908 3534 forte
1933 3480 2074 3534 mili-

523 3576 634 3620 tum
663 3569 874 3622 animos
900 3568 1200 3624 obstinatos
1226 3571 1292 3624 ad
1331 3570 1528 3624 caedem
1558 3571 1787 3636 videret,
1815 3573 1934 3624 auri
1969 3571 2074 3624 lar-

519 3659 726 3728 gitione
775 3674 871 3714 eos
917 3659 1498 3730 reprimebat;jubeus
1529 3667 1586 3713 ut
1614 3659 1705 3729 qui
1751 3659 1962 3714 hostem
1993 3659 2075 3713 vi-

521 3763 644 3801 vum
674 3747 925 3818 cepisset,
953 3757 1101 3806 certo
1131 3750 1250 3804 auri
1277 3749 1512 3820 pondere
1536 3749 1850 3806 dona-retur.
1885 3748 2063 3819 Atque

519 3838 659 3893 hanc
720 3839 1025 3896 illecebram
1055 3839 1122 3895 ad
1156 3838 1382 3895 salutem
1428 3839 1705 3894 hominum
1750 3853 2074 3893 conservam

515 3923 639 3975 dam
670 3925 1016 3995 imperatoris
1047 3928 1370 3998 excogitavit
1401 3928 1621 3983 solertia
1653 3947 1666 3982 :
1701 3927 1836 3983 adeo
1865 3935 1925 3982 ut
1956 3927 2077 3998 plu-

518 4018 644 4072 rimi
682 4035 747 4072 ος
782 4019 914 4088 ipsis
949 4021 1112 4075 etiam
1149 4021 1396 4077 barbaris
1427 4021 1627 4076 servati
1666 4021 1796 4085 sint,
1825 4035 1948 4074 cum
1975 4019 2079 4074 im.

519 4111 783 4180 peratoris
811 4127 1003 4168 aurum
1037 4113 1200 4167 vitam
1236 4115 1476 4180 ipsorum
1510 4113 1847 4168 redemisset.

1099 4205 1328 4261 CAPUT
1365 4205 1504 4262 XIV.

787 4289 988 4346 Iterum
1019 4293 1084 4347 de
1109 4295 1343 4348 oratione
1365 4296 1418 4346 in
1442 4292 1802 4348 tabernaculo.

591 4380 718 4438 llaec
749 4392 806 4438 et
845 4384 948 4438 alia
997 4385 1230 4454 plurima
1285 4386 1477 4439 horum
1529 4385 1724 4439 similia
1781 4385 2071 4452 imperator

2699 4201 3090 4254 ΚΕΦΑΛΔΙΟΝ
3113 4202 3207 4255 [Δ’.

2382 4290 2511 4343 Ἔτι
2532 4305 2665 4358 περι
2695 4289 2815 4343 τῶν
2841 4291 2911 4344 ἐν
2938 4291 3138 4361 σκηνῇ
3162 4288 3514 4361 προσευχῶν.

2244 4380 2426 4434 Ταῦτα
2452 4383 2550 4453 μὲν
2577 4378 2668 4436 οῦν
2705 4383 2799 4436 καὶ
2824 4383 3032 4447 τούτοις
3047 4383 3246 4453 ἀδελφά
3278 4383 3439 4454 μυρία
3483 4377 3584 4448 φίλα
3612 4372 3660 4443 ἦν

516 4474 686 4528 etiam
736 4474 871 4529 alias
920 4475 1171 4531 factitare
1204 4485 1580 4532 consueverat.
1611 4475 1765 4530 Tunc
1811 4475 2069 4544 temporis

2173 4472 2432 4544 πράττειν
2489 4472 2697 4541 βασιλεῖ
2744 4471 2987 4526 κᾶλλοτε.
3034 4474 3186 4527 Κᾶπὶ
3231 4471 3326 4526 τοῦ
3373 4469 3591 4540 παρόντος
3621 4462 3660 4514 δὲ

521 4582 648 4620 vero
705 4577 994 4636 antequam
1051 4569 1296 4638 praelium
1337 4575 1670 4633 consereret,
1711 4579 1958 4621 seorsum
2016 4567 2068 4619 in

518 4657 864 4712 tabernaculo
901 4659 1126 4728 positus,
1151 4658 1535 4726 ,orationibus,
1559 4667 1618 4711 ut
1643 4656 1873 4720 solebat,
1909 4671 2067 4711 vaca-

520 4749 596 4801 vit
642 4748 710 4802 ah
758 4749 903 4803 omni
935 4751 1148 4816 quidem
1179 4750 1304 4819 joco
1341 4758 1396 4802 et
1420 4748 1723 4804 delicatiori
1761 4749 1890 4803 vita:
1919 4749 2068 4803 cultu

515 4838 819 4902 abstinens,
847 4839 1070 4908 jejuniis
1100 4853 1229 4893 vero
1274 4839 1500 4908 aliisque
1533 4838 1838 4906 huiusmodi
1871 4839 2072 4893 exerci-

519 4924 807 4979 tationibus
838 4940 1035 4994 corpus
1073 4925 1322 4995 fatigans,
1374 4934 1430 4980 et
1479 4925 1956 4996 supplicationibus
2004 4943 2068 4983 ac

518 5013 765 5081 precibus
807 5012 882 5067 ita
926 5014 1092 5068 Deum
1125 5016 1367 5084 placans,
1396 5027 1456 5071 ut
1486 5016 1776 5076 benignum
1828 5016 1976 5071 illum
2004 5031 2068 5071 ac

517 5103 803 5172 propitium
879 5118 1098 5160 suarum
1174 5107 1406 5176 partium
1465 5107 1760 5176 adiutorem
1823 5107 2066 5174 haberet,

514 5207 684 5264 eaque
714 5202 898 5264 ageret
926 5209 1046 5265 quae
1074 5193 1164 5251 ille
1218 5195 1386 5253 menti
1436 5210 1549 5253 suae
1593 5187 1972 5268 suggessisSet.
2002 5196 2068 5251 Et

515 5369 983 5436 a_p_paret_,_veru_m
1028 5377 1154 5436 esse
1181 5363 1324 5436 quod
1359 5380 1522 5436 supra
1553 5365 1738 5420 notavi
1769 5366 1836 5436 ad
1883 5380 1934 5422 c.
1973 5365 2062 5429 i0.

516 5429 873 5507 ill_ic__a_cil_icet
906 5429 1214 5507 Eusebium'
1227 5433 1371 5503 loqui
1402 5429 1468 5492 de
1497 5437 1682 5507 priore
1711 5435 1898 5506 pmiio
1921 5437 2065 5506 quod

515 5502 582 5554 ad
616 5499 830 5554 Cibalas
847 5503 1200 5558 commissum
1228 5499 1332 5559 est.

587 5569 698 5644 (45)
732 5571 863 5644 Τοῦμ
875 5572 1140 5644 σταυροῦ
1167 5570 1282 5642 τὴν
1318 5573 1578 5644 σκηνήν.
1601 5574 1679 5630 De
1699 5573 1804 5631 hoc
1820 5575 2072 5630 taberna-

512 5641 636 5716 culo
661 5644 804 5716 quod
827 5642 1210 5716 Constantinus
1243 5641 1435 5716 secum
1448 5660 1668 5716 semper
1697 5645 1750 5700 in
1777 5645 2072 5716 expeditiu-

512 5709 698 5844 2ιέυέ
710 5709 1150 5780 circumferebat,
1209 5714 1399 5769 scribit
1441 5709 1774 5772 Sozomeuus
1808 5709 1861 5770 in
1897 5713 1988 5772 lib.
2028 5728 2068 5781 ι,

2175 4562 2416 4633 συνήθως
2448 4563 2530 4630 ἐφ’
2561 4562 2735 4633 ἐαυτῷ
2765 4563 2869 4633 πρὸ
2888 4563 2989 4633 τῆς
3019 4564 3198 4634 μάχης
3231 4557 3656 4634 σκηνοποιούμενοςι

2171 4654 2292 4715 ταῖς
2311 4653 2444 4722 πρὸς
2465 4653 2555 4706 τὸν
2578 4653 2708 4708 Θεὸν
2730 4655 2913 4724 εὐχαῖς
2929 4653 3025 4724 τὴν
3042 4653 3235 4725 σχολὴν
3255 4652 3490 4707 ἀνετίθει·
3507 4643 3659 4720 ῥᾳστώ-

2172 4758 2270 4814 νης
2301 4742 2398 4812 μὲν
2427 4744 2642 4814 ἀπάσης
2673 4745 2766 4798 καὶ
2791 4745 3072 4816 τρυφηλῆς
3117 4745 3322 4816 διαίτης
3358 4737 3657 4811 ἀλλοτριούμ-

2172 4851 2282 4898 νος,
2311 4835 2544 4898 ἀσιτίαις
2594 4835 2649 4888 δέ
2690 4837 2783 4888 καὶ
2833 4836 3069 4890 κακώσει
3111 4837 3204 4890 τοῦ
3249 4838 3479 4909 σώματος
3513 4827 3656 4889 πιέζων

2173 4925 2386 4988 ἑαυτὸν,
2438 4924 2610 4995 ταύτῃ
2638 4941 2698 4976 τε
2731 4923 2822 4977 τὸν
2879 4925 3011 4978 Θεὸν
3074 4926 3370 4996 ἱκετηρίαις
3415 4920 3496 4974 καὶ
3535 4914 3654 4972 λιταῖς

2175 5015 2499 5086 ίλεούμενος,
2527 5016 2602 5078 ὡς
2629 5014 2695 5068 ἂν
2714 5015 2882 5081 δεξιὸν
2897 5017 3060 5069 αὐτὸν
3088 5017 3180 5070 καὶ
3196 5015 3381 5087 βοηθὸν
3410 5003 3654 5082 ἔχοι,πράτ·

2171 5122 2254 5160 τοι
2287 5123 2345 5159 τε
2372 5106 2544 5159 ταῦτα
2585 5105 2727 5178 ἀπε-ρ
2758 5107 2904 5178 αὐτῷ
2937 5107 3067 5171 Θεὸς
3112 5106 3365 5178 ἐμϐάλλοι
3394 5104 3452 5172 τῇ
3484 5094 3648 5161 διανοίᾳ·

2185 5198 2320 5251 Ἀλλ’
2355 5198 2382 5249 ὁ
2415 5198 2512 5268 μὲν
2546 5198 2747 5254 ἄϋπνον
2799 5201 3031 5253 ἐποιεῖτο
3062 5198 3163 5271 τὴν
3208 5199 3344 5269 ὑπὲρ
3390 5193 3484 5247 τῶν
3513 5183 3651 5242 κοινῶν

2239 5366 2352 5438 (λθ)
2389 5355 2737 5438 θεοσεϐείας
2775 5368 3002 5434 εὐνοίᾳ.
3059 5366 3221 5424 Forte
3266 5361 3563 5420 scribendum
3591 5357 3649 5403 est

2171 5436 2313 5490 είλικ
2359 5437 2515 5491 ινεία.
3536 5494 3544 5503 ,

2184 5574 2208 5584 -
2243 5455 2354 5578 (ης
2383 5493 2545 5584 Υιιῖεο
2573 5509 2659 5584 sic
2679 5503 3236 5584 ᾤραςιξκαρεῐίὶοπῇ·
3254 5503 3416 5584 Cod!“
3438 5487 3645 5584 Ξίθβέυᾶίἒ

2174 5555 2359 5648 ῶβοὶᾂ
2381 5555 2655 5648 sanos;
2683 5555 2830 5646 ἆῖῥᾶξ
2846 5555 3236 5648 satanas;
3261 5555 3319 5648 In
3338 5555 3404 5626 ἰη
3436 5555 3646 5648 ιψῐοιξεζ

2298 5627 2369 5714 ait
2396 5627 3085 5714 tangi..3m"é.1.t.t.m‘..m‘
3116 5627 3312 5714 ini'éni.
3341 5638 3490 5714 et_sic
3524 5627 3642 5714 φύῇ

2177 5695 3172 5786 sit:rs‘ais"saig'p;3s;§sum
3195 5695 3274 5778 et}:
3298 5695 3368 5766 ἐτ’
3397 5707 3470 5771 ἂν,
3513 5707 3557 5755 ut
3593 5695 3641 5752 Ιυ

2178 5785 2269 5849 qui
2307 5783 2442 5840 solet
2466 5783 2752 5843 Eusebius.
