3858 6260
105 285 201 342 995

1187 283 1274 338 DE
1309 284 1474 340 VITA
1509 283 1974 341 CONSTANTINI
2010 283 2141 342 LIB.
2184 285 2251 340 11.

3235 283 3342 344 θοι

98 406 365 482 φροντίδα,
381 406 444 461 οὐ
468 405 662 478 μᾶλλον
684 404 792 459 τῶν
813 404 1047 469 οἰκείων,
1070 405 1104 474 ἦ
1137 406 1235 476 τῆς
1252 405 1360 460 τῶν
1397 406 1665 478 πολεμίων

1772 406 2168 462 Constantinus
2195 404 2412 476 quidem
2452 405 2765 476 reipublicae
2802 405 3118 476 pervigilem
3149 423 3334 462 curam

101 497 524 570 ὑπερευχόμενος
547 497 839 570 σωτηρίας.

620 679 1015 734 ΚΕΦΑΛΑῙΟΝ
1067 680 1166 732 ΙΕ’.

101 770 356 827 Λικινίου
400 771 534 839 περὶ
585 772 790 840 φιλίας
836 769 1036 837 δόλος,
1083 772 1179 825 καὶ
1215 771 1657 840 εἰδωλολατρία.

173 860 320 912 Ἐπεὶ
355 859 402 912 δ’
437 863 464 913 ὁ
500 860 689 932 μικρῷ
723 862 959 932 πρόσθεν
988 863 1199 933 φυγὰς,
1233 865 1482 934 εἰρωνείᾳ
1525 869 1660 917 καθ-

102 953 433 1023 υπεκρίνετο,
461 953 676 1020 φιλικὰς
709 951 862 1018 αὖθις
889 955 1182 1010 ἀντιϐολῶν
1223 955 1544 1009 σπείσασθαι
1583 956 1667 1008 δε-

103 1042 226 1108 ξιὰς,
248 1042 340 1096 καὶ
367 1043 568 1108 ταύτας
597 1042 744 1114 αὐτῷ
773 1044 1039 1116 ’παρέχειν
1072 1043 1222 1114 ἠξίου
1254 1046 1348 1098 ἐπὶ
1379 1045 1662 1116 συνθηκῶν

101 1137 232 1208 ὅροις
258 1135 540 1205 βιωφελῶς
579 1137 672 1189 καὶ
702 1137 779 1208 τῷ
809 1139 970 1192 παντὶ
993 1137 1283 1201 λυσιτελῶς
1310 1140 1664 1211 προτεινομέ-

101 1246 206 1292 νας.
228 1229 356 1291 Ταῖς
375 1228 478 1299 μὲν
496 1224 588 1282 οὖν
611 1228 900 1301 συνθήκαις
924 1229 1033 1300 (48)
1052 1229 1344 1300 προθύμως
1370 1231 1666 1286 ὑπακούειν

102 1322 127 1374 ὁ
150 1318 398 1392 δηλωθεὶς
435 1321 806 1392 ὑπεκορίζετο,
839 1322 1020 1393 ὅρκοις
1056 1321 1287 1392 βεϐαιῶν
1318 1322 1417 1393 τὴν
1461 1322 1662 1375 πίστινο

103 1411 345 1482 λαθραίαν
393 1411 439 1464 δ’
469 1408 623 1476 αὖθις
651 1412 884 1466 ὁπλιτῶν
915 1414 1113 1484 συνῆγε
1148 1414 1529 1485 παρασκευήν’
1571 1413 1666 1467 καὶ

105 1502 250 1556 πάλιν
273 1502 514 1574 πολέμου
543 1504 635 1557 καὶ
663 1505 841 1576 μάχης
880 1505 1145 1575 κατ’ἦρχε,
1179 1504 1482 1576 βαρϐάρους
1496 1505 1542 1557 τ’
1572 1504 1664 1558 ἄν-

103 1594 220 1666 δρας
243 1595 560 1649 ἀνεκαλεῖτο
603 1598 940 1668 συμμάχους,
972 1597 1127 1661 θεούς
1151 1615 1209 1650 τε
1237 1596 1416 1668 ζητῶν
1452 1596 1663 1668 περιῄει

105 1684 325 1755 ἑτέρους,
353 1685 430 1750 ὡς
457 1687 524 1739 ἂν
553 1687 646 1740 ἐπὶ
669 1689 782 1752 τοῖς
814 1687 1099 1760 προτέροις
1133 1687 1500 1759 ἡπατημὲνος.
1555 1687 1665 1739 Καὶ

1767 500 2018 570 gerebat,
2056 514 2160 553 non
2191 500 2362 568 magis
2385 514 2486 569 pro
2519 513 2744 554 suorum
2776 513 2937 568 quam
2968 515 3065 569 pro
3095 499 3333 554 hostium

1765 591 1940 645 salute
1971 599 2092 645 vota
2121 589 2350 646 faciens.

2256 680 2414 752 451
2461 679 2692 736 CAPUT
2723 679 2839 734 xv.

1871 771 2065 825 Licinii
2086 772 2335 826 simulata
2362 773 2599 826 amicitia
2623 812 2638 838 ,
2677 785 2725 824 et
2749 771 3011 825 idolorum
3035 771 3229 830 cultus.

1839 863 2106 929 Quoniam
2154 879 2284 918 vero
2348 863 2586 919 Licinius
2633 863 2723 932 qui
2768 863 2927 932 paulo
2973 873 3101 916 ante
3155 863 3332 932 fugam

1768 953 2005 1016 inierat,
2053 953 2402 1007 simulatione
2438 961 2597 1006 utens
2623 992 2638 1017 ,
2677 953 2872 1006 iterum
2922 953 3216 1007 amicitiam
3269 968 3336 1008 ac

1769 1043 1974 1098 hedera
2027 1047 2276 1100 renovari
2321 1045 2617 1114 poscebat;
2676 1046 2968 1116 imperator
3005 1047 3056 1099 id
3102 1061 3132 1100 e
3179 1063 3339 1116 repu-

1767 1136 1904 1191 blica
1936 1152 2078 1202 esse,
2107 1146 2162 1192 ct
2191 1137 2374 1208 generi
2407 1139 2646 1193 humano
2681 1141 2994 1194 conducere
3038 1150 3209 1205 ratus,
3238 1156 3338 1211 pa-

1767 1241 1882 1281 cem
1928 1227 2002 1282 illi
2031 1229 2131 1284 sub
2160 1229 2325 1283 certis
2351 1229 2746 1284 conditionibus
2796 1230 3074 1299 indulgere
3107 1248 3211 1284 non
3254 1248 3340 1286 re-

1767 1319 1996 1374 cusavit.
2023 1320 2094 1373 At
2125 1319 2368 1396 Licinius
2397 1360 2412 1384 ,
2449 1321 2630 1389 specie
2663 1321 2883 1390 quidem
2933 1323 3046 1390 ipsa
3079 1321 3335 1392 ﬁngebat,

1769 1407 1914 1477 leges
1946 1422 2006 1462 se
2059 1408 2291 1464 libenter
2341 1410 2631 1480 amplecti,
2675 1421 2730 1466 et
2778 1411 2936 1467 ﬁdem
2989 1414 3346 1480 jurejurando

1769 1499 2051 1568 ﬁrmabat;
2090 1516 2282 1555 verum
2317 1501 2529 1556 occulte
2577 1503 2866 1558 militarem
2910 1514 3222 1573 apparatum
3257 1505 3346 1557 iu-

1768 1591 2046 1658 struebat,
2075 1601 2241 1662 atque
2279 1595 2477 1649 iterum
2509 1595 2705 1650 bellum
2745 1595 2978 1661 inferre,
3008 1598 3203 1652 iterum
3237 1612 3340 1666 pu-

1769 1697 1929 1752 gnam
1960 1683 2272 1738 instaurare
2319 1685 2708 1741 meditabatur.
2744 1686 2848 1742 Sed
2895 1696 2950 1741 et
2979 1687 3339 1742 barbarorum

105 1774 200 1828 τῶν
229 1774 375 1847 αὐτῷ
401 1776 511 1848 πρὸ
541 1777 737 1847 μικροῦ
790 1778 918 1850 περὶ
943 1777 1080 1832 θεῶν
1107 1779 1490 1849 ὁμιληθέντων,
1517 1778 1665 1831 οὐδε-

1772 1775 1969 1829 auxilia
2001 1777 2240 1845 undique
2271 1778 2663 1846 conquirebat,
2705 1786 2760 1833 et
2793 1793 2966 1833 novos
2993 1779 3350 1849 circumqua-

108 1867 222 1937 μίαν
253 1868 308 1920 ἐν
335 1867 411 1939 νῷ
425 1867 789 1923 κατεϐάλλετο
820 1871 1060 1942 μνήμην,
1089 1870 1211 1923 οὐδὲ
1236 1870 1325 1923 τὸν
1355 1869 1665 1941 ὑπερμαχον

1772 1883 1874 1936 que
1901 1867 2261 1938 investigabat
2301 1869 2431 1924 deos
2463 1887 2476 1923 :
2507 1877 2694 1939 utpote
2723 1886 2751 1923 a
2779 1870 3055 1940 prioribus
3097 1872 3150 1924 in
3194 1870 3345 1924 l‘rauo

106 1957 500 2013 Κωνσταντίνου
525 1961 657 2015 Θεὸν
697 1962 984 2033 γνωρίζειν
1006 1961 1186 2034 ἤθελε,
1208 1961 1424 2025 πλείους
1453 1961 1497 2014 δ’
1519 1959 1665 2031 αὐτῷ

1772 1961 1889 2014 dem
1925 1962 2194 2017 inductus.
2223 1961 2333 2018 Nec
2380 1963 2640 2018 memoria
2670 1963 2988 2032 repetebat,
3019 1979 3140 2034 quae
3171 1965 3333 2034 paulo

109 2050 190 2102 καὶ
219 2052 519 2125 καινότεροι
550 2053 775 2122 γελοίως
803 2053 1179 2127 ἀνεζητοῦντο.

1772 2062 1899 2108 ante
1928 2054 1992 2108 de
2023 2055 2124 2109 diis
2149 2056 2199 2109 in
2235 2057 2496 2110 concione
2522 2055 2777 2116 dixisset,
2815 2071 2914 2111 nec
2931 2057 3098 2111 Deum
3129 2058 3220 2127 qui
3245 2071 3347 2125 pro

111 2142 447 2202 Constantino
506 2161 893 2219 propngnasset
915 2191 932 2216 ,
997 2167 1294 2223 agnoscere
1356 2152 1571 2208 volebat
1604 2169 1618 2207 :
1651 2149 1746 2205 sed
1778 2149 1946 2204 multo
1975 2151 2158 2220 plures
2188 2165 2251 2206 ac
2300 2151 2633 2207 recentiores
2665 2151 2793 2206 deos
2830 2166 2937 2206 non
2973 2151 3094 2206 sine
3141 2151 3252 2207 risu
3281 2165 3346 2205 ac

116 2237 332 2296 ludibrio
367 2243 539 2312 cmpit
565 2245 909 2315 conquirere.

616 2339 1010 2393 ΚΕΦΑΛΑΙΟΝ
1033 2341 1148 2409 ις’.

111 2425 279 2492 Ὅπως
303 2426 388 2497 μὴ
423 2429 850 2516 ἀνξιπολεμξῖν
880 2430 960 2496 τῷ
986 2428 1224 2518 σταυρῷ
1240 2431 1502 2498 Λικίνιος
1525 2446 1669 2499 παρ-

513 2517 646 2569 ῃνει
683 2519 806 2567 τοις
839 2516 1241 2569 στρατιωταις.

167 2587 270 2642 Εἶτ’
295 2590 440 2662 ἔργῳ
461 2591 672 2663 μαθὼν,
699 2593 871 2664 ὁπόση
907 2611 991 2658 τις
1025 2589 1093 2665 ἦν
1120 2593 1272 2664 θεῖκὴ
1304 2594 1396 2647 καὶ
1423 2594 1669 2666 ἀπόρρη-

107 2696 185 2743 τος
200 2682 250 2734 ὲν
271 2682 344 2753 τῷ
367 2684 622 2756 σωτηρίῳ
641 2686 885 2758 τροπαίῳ
902 2685 1145 2756 δύναμις,
1165 2685 1230 2738 δι’
1246 2680 1312 2757 ἦς
1333 2688 1360 2738 ὁ
1378 2687 1669 2739 Κωνσταν-

109 2769 233 2824 τίνου
263 2772 429 2843 ἔμαθε
471 2776 700 2846 στρατὸς
748 2778 990 2848 κρατεῖν,
1023 2779 1135 2840 τοῖς
1155 2777 1292 2848 ἀμφ’
1319 2776 1482 2830 αὐτὸν
1511 2777 1667 2830 ὁπλί-

108 2878 212 2926 ταις
238 2863 488 2936 παρῄνει,
527 2865 791 2937 μηδαμῶς
813 2863 1117 2932 ἐξεναντίας
1146 2867 1281 2920 ἰέναι
1314 2867 1506 2939 τούτῳ,
1545 2868 1667 2939 μηδ’

111 2951 174 3014 ὡς
200 2953 398 3026 ἔτυχεν,
439 2956 866 3028 ἀπερισκέπτως
895 2957 1002 3028 (49)
1029 2959 1158 3028 ὸρᾷν
1184 2958 1269 3010 ἐπ’
1298 2957 1463 3028 αὐτῷ·
1498 2958 1667 3012 δεινὸν

110 3041 202 3114 γὰρ
240 3039 371 3098 εἶναι
395 3045 581 3116 ξίσχύῖ,
631 3046 777 3117 αὐτῷ
804 3065 863 3099 τε
894 3045 1084 3118 ἐχθρὸν
1115 3047 1208 3100 καὶ
1258 3047 1530 3118 πολέμιον·
1588 3047 1668 3101 διὸ

2347 2329 2574 2385 CAPUT
2617 2329 2758 2384 XVI.

1768 2425 2042 2494 Quomodo
2076 2424 2311 2478 Licinius
2341 2423 2596 2476 militibus
2617 2432 2943 2490 prwcepertt,
2990 2439 3054 2476 ne
3093 2420 3346 2474 adversus

2073 2496 2246 2549 crucis
2269 2495 2478 2564 signum
2501 2495 2752 2560 impetum
2780 2494 3031 2561 facerent.

1834 2585 2078 2642 Posthazc
2102 2602 2226 2640 cum
2255 2587 2430 2656 reipsa
2461 2584 2742 2640 didicisset
2771 2599 3026 2639 arcanam
3045 2583 3349 2652 quamdam

1766 2693 1830 2734 ac
1858 2680 2098 2733 divinam
2150 2677 2446 2747 potentiam
2505 2677 2560 2730 in
2613 2676 2836 2731 salutari
2885 2685 3088 2743 tropaeo
3140 2675 3357 2738 inesse,

1769 2771 1926 2841 cujus
1957 2786 2060 2841 ope
2106 2769 2450 2826 Constantini
2499 2769 2776 2824 exercitus
2804 2769 3089 2823 victoriam
3138 2769 3347 2822 referre

1771 2865 2178 2929 consuevisset;
2210 2863 2410 2918 milites
2440 2877 2567 2918 suos
2597 2863 2896 2925 admonuit,
2931 2877 3000 2915 ne
3021 2876 3088 2916 ex
3113 2861 3357 2914 adverso-

1772 2958 1843 3012 ili
1882 2957 2362 3021 congrederentur,
2383 2970 2516 3009 neve
2547 2955 2598 3009 in
2634 2955 2763 3009 illud
2791 2964 2996 3009 temere
3028 2969 3091 3008 ac
3120 2951 3358 3006 fortuito

1770 3048 1956 3104 oculos
1989 3046 2344 3118 conjicerent.
2379 3046 2586 3115 Quippe
2625 3046 2756 3099 illud
2793 3047 3007 3113 signum
3041 3044 3353 3098 incredibili

111 3132 284 3202 χρῆναι
333 3135 702 3204 φυλάττεσθαι
736 3136 834 3208 τὴν
865 3137 1000 3208 πρὸς
1030 3136 1161 3189 αὐτὸ
1215 3136 1509 3210 συμϐολήν.
1555 3139 1665 3191 Καὶ

1772 3141 1822 3196 vi
1855 3139 2055 3210 pollere
2079 3183 2094 3208 ,
2123 3154 2188 3194 ac
2215 3138 2321 3193 sibi
2372 3138 2629 3208 privatim
2661 3136 2918 3192 infestum
2953 3137 3378 3204 adversamque-

112 3222 166 3294 δὴ
181 3224 338 3278 ταῦτα
357 3226 778 3298 συνταξάμενος,
805 3228 882 3298 τῷ
911 3228 998 3282 διὰ
1017 3227 1420 3302 φιλανθρωπίαν
1453 3230 1673 3284 ὀκνοῦν-

112 3331 156 3366 τι
181 3317 266 3370 καὶ
289 3316 376 3372 τὸν
409 3319 533 3372 κατ’
564 3318 728 3372 αὐτοῦ
763 3319 988 3373 θάνατον
1034 3319 1472 3392 ἁναϐαλλομένῳ,
1521 3321 1670 3393 μάχῃ

115 3407 380 3476 συμϐαλεῖν
423 3410 670 3485 ὡρμᾶτο.
715 3403 846 3464 Οἵδε
877 3412 972 3482 μὲν
1010 3409 1102 3466 οὖν
1125 3412 1495 3484 πολυπληθείᾳ
1532 3413 1668 3466 θεῶν

115 3494 432 3568 θαρροῦντες,
469 3503 569 3555 σὺν
593 3500 760 3572 πολλῇ
792 3502 1017 3572 δυνάμει
1042 3503 1224 3575 χειρὸς
1271 3503 1671 3574 στρατιωτικῆς

114 3588 345 3660 ἐπῄεσαν,
379 3593 591 3666 νεκρῶν
624 3595 819 3649 εἴδωλα
837 3595 1104 3649 θανόντων
1146 3596 1203 3647 ὲν
1234 3594 1461 3666 ἀψύχοις
1493 3596 1664 3664 ἁγάλ-

119 3697 231 3749 tuo:
254 3684 704 3757 προϐεϐλημένοι.
743 3687 799 3741 Ὀ
829 3686 874 3740 δ’
902 3686 1181 3751 εὐσεϐείας
1203 3687 1410 3758 θώρακι
1439 3704 1667 3758 περιπε-

117 3773 416 3844 φραγμένας,
442 3775 505 3828 τὺ
533 3777 795 3847 σωτήριον
823 3777 916 3829 καὶ
931 3775 1189 3840 ζωοποιὺν
1223 3780 1464 3847 σημεῖον,
1480 3775 1668 3847 ὥσπερ

115 3876 160 3912 τι
189 3863 441 3939 φόϐητρον
474 3866 572 3920 καὶ
605 3866 792 3920 κακῶν
825 3869 1176 3939 ἀμυντήριον,
1210 3866 1287 3938 τῷ
1317 3866 1508 3939 πλήθει
1561 3866 1668 3920 τῶν

116 3952 343 4011 ἐναντίων
397 3944 722 4030 παρέταττε.
766 3960 879 4013 Καὶ
919 3960 1053 4023 τέως
1095 3959 1193 4030 μὲν
1239 3962 1445 4030 ἐπεῖχε,
1501 3959 1672 4029 φειδοῖ

117 4043 366 4115 χρώμενος
407 4049 478 4104 τὰ
511 4050 738 4120 .πρῶτα,
767 4050 844 4114 ὡς
870 4051 934 4105 ἂν
965 4051 1039 4124 μὴ
1073 4051 1335 4122 πρότερος
1374 4053 1659 4124 κατάρχοι,

116 4133 206 4187 ¹(ὦν
235 4139 356 4211 περὶ
381 4133 456 4195 ὧν
482 4143 746 4214 πεποίητο
780 4143 1062 4214 συνθηκῶν
1097 4143 1279 4197 ἓνεκα.

1776 3248 1898 3288 esse
1942 3233 2161 3298 aiebat,
2200 3241 2364 3301 atque
2391 3230 2596 3285 ideirco
2627 3228 2928 3284 cavendum
2958 3243 3076 3284 esse
3101 3267 3117 3292 ,
3151 3241 3221 3281 ue
3250 3227 3348 3280 ad-

1774 3340 1965 3380 versus
1997 3325 2174 3395 ipsum
2221 3339 2398 3394 pugna
2444 3323 2696 3377 iniretur.
2726 3320 2824 3376 His
2867 3322 2942 3375 ita
2990 3319 3304 3390 compositis
3331 3357 3349 3384 ,

1773 3419 2036 3474 adversus
2070 3418 2218 3472 illum
2246 3417 2338 3487 qui
2369 3431 2468 3486 pro
2493 3416 2679 3470 innata
2729 3414 3015 3469 clementia
3045 3413 3351 3468 cunctaba-

1775 3519 1880 3577 tur,
1910 3517 1964 3563 et
1994 3510 2084 3578 qui
2117 3509 2410 3564 imminens
2433 3507 2537 3576 ipsi
2570 3506 2799 3560 exitium
2836 3505 3126 3559 dilTerebat
3149 3543 3165 3568 ,
3198 3518 3350 3572 prat-

1769 3601 1888 3654 liari
1921 3599 2222 3656 constituit.
2255 3599 2323 3653 Et
2345 3596 2611 3652 Liciniani
2643 3595 2886 3664 quidem,
2911 3595 3135 3649 deorum
3158 3591 3352 3646 multi-

1771 3693 1956 3746 tudine
1981 3690 2195 3757 conﬁsi,
2234 3705 2356 3744 cum
2389 3691 2698 3762 ingentibus
2728 3689 2897 3758 copiis
2922 3684 3358 3757 progredieban‘

1771 3793 1892 3849 tur,
1931 3784 2118 3838 nescio
2145 3798 2266 3853 quae
2301 3793 2644 3838 mortuorum
2698 3779 2990 3836 simulacra
3039 3785 3095 3832 et
3136 3785 3358 3830 statuas

1772 3875 2042 3931 inanimes
2078 3876 2314 3946 prmsidii
2341 3890 2505 3931 causa
2545 3873 2916 3945 praeferentes.
2956 3868 3349 3925 C0ttslantinus

1771 3982 1902 4023 vero
1932 3967 2152 4037 pietatis
2180 3965 2348 4022 lorica
2378 3975 2685 4033 contectus,
2709 3963 2955 4020 salutare
2978 3956 3037 4017 'et
3069 3958 3346 4013 vivificuua

1770 4058 1948 4113 crucis
1982 4059 2220 4129 signum,
2264 4059 2412 4114 velut
2450 4057 2955 4113 terriculamentum
2984 4053 3256 4122 quoddam
3291 4058 3346 4102 et

1769 4150 2206 4218 potentissimum
2259 4149 2326 4204 ad
2375 4147 2695 4218 depellenda
2729 4144 2870 4200 mala
2906 4143 3300 4197 munimentum
3325 4175 3344 4201 ,

118 4226 325 4286 hostium
360 4236 687 4291 multitudini
725 4237 946 4308 objecit.
973 4237 1070 4296 _Ac
1117 4237 1381 4308 principio
1431 4239 1648 4309 quidem
1686 4245 2008 4311 sustinebat,
2060 4260 2290 4316 parcens
2341 4244 2557 4300 interim
2611 4242 2778 4311 ferro,
2804 4256 2870 4296 ne
2899 4241 3175 4296 videretur
3197 4234 3345 4289 orior

119 4337 320 4396 pugnam
369 4332 559 4388 iniisse
586 4373 602 4399 ,
637 4333 799 4403 idque
828 4337 898 4389 ob
927 4333 1190 4389 foederum
1217 4349 1336 4405 quae
1381 4337 1659 4406 pepigerat
1689 4340 2010 4410 religionem

612 4430 1010 4484 ΚΕΦΑΛΑΙΟΝ
1041 4429 1139 4486 ΙΖ’.

542 4522 692 4590 Νίκη
720 4525 1199 4579 Κωνσταντίνου.

187 4603 267 4670 Ὦς
281 4607 323 4661 δ’
354 4611 626 4682 ἐπιμόνως
654 4611 874 4682 ἔχοντας
907 4614 1032 4677 τοὺς
1065 4615 1440 4679 ὑπεναντιους,
1466 4616 1566 4687 ἥδη
1601 4615 1659 4668 δὲ

124 4692 266 4764 ξιφῶν
294 4703 624 4776 ἁπτομένους
667 4704 832 4777 ἐώρα,
871 4707 1172 4779 τηνικαῦτα
1201 4710 1661 4778 διαγανακτήσας,

124 4784 204 4860 βοῇ
229 4807 283 4844 τε
333 4796 430 4866 μιᾷ
455 4797 546 4850 καὶ
597 4799 737 4871 ῥοπῇ
769 4798 878 4872 (5m
911 4800 1090 4853 πᾶσαν
1143 4799 1242 4870 τὴν
1279 4801 1385 4853 τῶν
1410 4798 1666 4853 ἐναντίων

182 4942 280 5023 (ιβ)
314 4952 442 5019 Ταῖς
468 4953 584 5022 μὲν
604 4949 718 5009 οὖν
743 4957 1097 5023 συνθήκαις.
1135 4955 1293 5010 Pacis
1321 4956 1658 5013 conditiones

121 5009 197 5098 hic
219 5009 530 5098 fuerunt'L'ut
563 5009 807 5098 Licinius
838 5009 1069 5096 quideni
1095 5009 1413 5098 AOriente‘m,
1446 5009 1654 5089 Asiam,

121 5080 401 5167 :l’ltragiam,
425 5080 666 5167 Mtesiam
693 5111 757 5150 ac
795 5080 1054 5167 minorem
1087 5080 1370 5167 Scythiam
1399 5080 1658 5164 'posside;

121 5159 228 5235 tet;
246 5157 503 5219 Dardania
538 5179 672 5220 vero
702 5174 759 5219 et
806 5166 1120 5221 Macedonia
1159 5157 1217 5222 et
1257 5157 1483 5231 Achaia,
1520 5167 1658 5220 Pau-

119 5233 259 5301 ἷὶοηὲθ
292 5245 502 5301 quoque
549 5251 671 5289 eum
699 5235 886 5291 Moesia
921 5246 976 5290 et
1011 5237 1169 5291 Dacia
1205 5237 1544 5292 Constantini
1576 5237 1660 5291 di-

119 5288 233 5348 tioni
254 5288 586 5370 accederent,
608 5315 668 5360 ut
686 5288 907 5360 narra—nt
931 5288 1182 5361 _Z—osimus
1217 5288 1660 5362 ἱεῖἐὸὶόίἡέηῖἱε
1715 5341 1718 5344 -

117 5371 362 5443 “ﬁliam
387 5383 773 5443 excerptorum
798 5379 864 5429 de
893 5375 1066 5430 Gesti:
1094 5377 1454 5433 Constantini.

2239 4437 2402 4510 [.52
2443 4435 2670 4492 CAPUT
2703 4432 2869 4491 xvu.

2254 4530 2593 4586 Constantini
2614 4529 2855 4584 victoria.

1841 4618 1947 4675 Sed
1976 4631 2326 4691 posteaquam
2356 4622 2541 4676 hostes
2558 4620 2842 4675 obstinato
2871 4615 3053 4671 animo
3077 4620 3344 4684 perstare,

1767 4706 1985 4778 jamque
2011 4711 2218 4781 gladios
2258 4712 2590 4782 distringere
2633 4706 3022 4764 animadvertit
3051 4746 3066 4768 ,
3098 4703 3342 4772 indigna-

1775 4797 1920 4852 tione
1948 4810 2250 4855 commotus
2278 4844 2292 4866 ,
2324 4801 2441 4856 solo
2467 4801 2705 4855 clamo-re
2727 4815 2791 4856 ac
2826 4799 3053 4853 minimo
3088 4795 3344 4864 temporis

1763 4958 1888 5014 Sav.
1917 4957 2088 5012 Porro
2111 4959 2226 5014 haec
2249 4959 2481 5026 insignis
2520 4959 2863 5015 Constantini
2896 4958 3123 5013 victoria
3177 4961 3348 5010 conti-

1762 5030 1845 5095 git
1893 5028 2083 5097 Crispo
2131 5038 2215 5083 ter
2243 5038 2298 5083 et
2333 5030 2695 5084 ConSIantino
2747 5039 2828 5083 ter
2867 5043 3036 5088 coss..
3082 5043 3113 5078 v
3161 5027 3344 5081 Nonas

1760 5097 1955 5171 Julias,
1979 5099 2134 5171 juxta
2160 5100 2595 5171 Adrianopolim,
2611 5110 2668 5154 ut
2707 5099 2985 5171 legiturin
3010 5097 3194 5171 Fastis
3222 5098 3344 5151 Ida-

1761 5170 1944 5223 tii.At
1978 5169 2250 5224 Baronius
2307 5170 2410 5223 hoc.
2473 5169 2716 5238 praelium
2771 5169 3341 5236 ‘Adrianopolitanum

1763 5239 1975 5294 confert
2007 5240 2058 5292 in
2111 5255 2312 5292 annum
2355 5239 2556 5294 Christi
2606 5239 2732 5303 518,
2784 5254 2890 5306 quo
2924 5239 3168 5293 Licinius
3209 5253 3241 5290 v
3287 5251 3344 5293 et

1762 5309 1986 5378 Crispus
2013 5324 2154 5363 coss.
2182 5309 2350 5363 fuere.
2384 5311 2554 5374 Cujus
2583 5313 2907 5364 sententiam
2939 5312 3022 5364 bis
3048 5323 3344 5379 argumen-

1758 5380 1826 5433 tis
1853 5395 1917 5433 ac
1948 5381 2272 5433 testimoniis
2313 5382 2642 5448 optimorum
2688 5381 3012 5448 scrip-torum
3059 5379 3341 5434 subverti-

174 5431 787 5521 i49)_ﬂgrspwié:ttwg.
824 5444 1126 5521 ln_sched_is
1161 5431 1344 5516 Regiis
1363 5431 1654 5521 ἁπεριϐλέ-

1772 5431 1910 5521 ait;
1932 5431 2155 5503 nam
2171 5431 2510 5521 artatae;
2526 5431 2709 5520 ὶιῖὲῖῑιὶ
2727 5431 3036 5504 “muttit.
3062 5431 3276 5521 scribit
3319 5465 3336 5502 :

121 5513 246 5583 τιτςυς
286 5506 500 5583 legitur,
541 5506 810 5583 quomodo
839 5517 1004 5572 etiam
1051 5506 1336 5571 Turnebus
1383 5520 1452 5572 ad
1478 5506 1650 5575 'oram

125 5579 410 5642 sutmtlieis
438 5579 776 5638 emendarat.
814 5585 890 5638 Ita
915 5588 1080 5641 etiam
1109 5587 1280 5641 codex
1311 5586 1476 5642 Fuk.’

1760 5537 1781 5572 ι
1815 5518 2008 5586 Crispo
2031 5535 2089 5574 ut
2115 5529 2169 5573 et
2190 5518 2635 5575 Constantino—In
2687 5537 2829 5575 coss.
2859 5521 2952 5575 llis
2975 5535 3116 5574 coss.
3134 5518 3340 5574 bellum

1753 5589 2300 5660 AdrianOpolitanum
2321 5590 2408 5644 die
2427 5606 2457 5643 v
2480 5589 2857 5652 Nouaslulias,
2876 5602 2928 5642 et
2956 5591 3153 5644 bellum
3167 5587 3338 5660 Clinia!-

187 5640 641 5728 (5,9)_Vulg.,_Bo§
672 5670 735 5728 τε
759 5653 868 5723 μιᾷ
895 5640 1078 5726 ῥοπῇ.
1118 5640 1484 5728 εειίῂθιιαᾶψ-
1506 5659 1657 5714 νίιιθ-
1753 5640 2306 5716 mammatae
2326 5640 3336 5728 gratuitam;octaua:.125-

117 5713 204 5787 tur
222 5711 311 5788 βοῇ
339 5733 398 5772 τε
414 5711 525 5792 Ῑιίᾷ
550 5711 645 5778 καὶ
677 5711 849 5798 poi-ﬁ:
875 5711 1054 5800 Ᾰιιιιιέ
1081 5729 1156 5784 ita
1196 5711 1367 5786 codex
1399 5711 1553 5786 ’Fuk.
1570 5711 1657 5786 Wet

1772 5711 2082 5787 eavea
2112 5711 2391 5801 egeant“
2408 5711 2774 5787 irretitus;
2802 5711 3194 5798 ξιιὶέᾱηαηὶέο.
3228 5711 3334 5786 sed
