3858 6260
519 248 627 305 995

1219 245 1484 302 EUSEBII
1522 240 2003 301 C.£SARIENSIS
2040 237 2192 295 OPP.
2232 237 2410 294 PARS
2448 235 2491 292 1.
2529 267 2601 278 —-
2637 235 3028 293 HISTORICA.
3631 246 3713 299 936

521 369 795 419 momento
830 370 1054 416 cunctas
1090 359 1325 415 hostium
1361 362 1546 430 copias
1577 361 1631 415 in
1664 360 1843 428 fugam
1872 358 2064 422 vertit,

2173 351 2465 425 ὲτροποῦτο
2491 350 2741 423 δύναμιν,
2765 350 2905 422 ὁμοῦ
2923 368 2982 403 τε
3001 350 3098 414 τὰς
3116 353 3235 404 κατ’
3250 352 3462 421 ἐχθρῶν
3489 354 3579 407 καὶ
3606 363 3715 408 κατι

519 466 575 512 et
603 454 668 507 de
697 451 1025 505 da‘mouibus
1073 452 1275 520 pariter
1306 465 1469 520 atque
1505 448 1757 505 hostibus
1793 447 2074 503 victoriam

523 541 836 612 reportavit.
2047 530 2065 547 ’

1075 632 1301 689 CAPUT
1326 630 1515 686 XVIII.

730 725 921 780 Licinii
952 726 1117 780 credes
1153 732 1201 777 et
1239 723 1491 792 triumphi
1522 723 1586 776 de
1617 721 1707 776 illo
1738 724 1862 775 acti.

595 820 839 874 Posthacc
885 819 1061 887 ipsum
1110 815 1206 870 Dei
1251 816 1464 870 hostem
1508 814 1735 884 ejusque
1781 812 2077 868 familiares

521 912 645 967 belli
692 910 1181 980 jure-dijudicatos
1274 921 1514 977 congruo
1569 906 1832 975 supplicio
1877 903 2074 959 aﬂ‘ecit.

519 1004 936 1059 Abducebantur
968 1003 1147 1071 itaque
1182 1015 1286 1054 una
1315 1015 1436 1053 cum
1487 1009 1716 1070 tyranno
1739 1037 1753 1060 ,
1787 1006 1841 1052 et
1870 996 2077 1051 debitas

520 1096 712 1165 capitis
757 1110 943 1164 poenas
971 1096 1208 1158 dabant,
1258 1094 1565 1162 quicunque
1597 1090 1792 1145 bellum
1816 1090 2074 1145 adversus

517 1190 683 1244 Deum
714 1203 905 1257 gerere
929 1190 977 1245 ei
1021 1190 1339 1244 suasissent.
1374 1186 1439 1239 Et
1463 1184 1556 1251 qui
1588 1183 1748 1251 paulo
1778 1191 1904 1235 ante
1933 1195 2075 1237 vana

517 1294 614 1350 Spe
638 1280 765 1334 elati
794 1289 972 1344 erant,
996 1280 1171 1348 reipsa
1199 1276 1536 1333 Constantini
1575 1275 1739 1328 Deum
1780 1272 2076 1343 amplecte-

514 1370 739 1439 bantur,
784 1386 1014 1441 eumque
1046 1366 1214 1425 unum
1244 1384 1309 1424 ac
1348 1383 1534 1423 verum
1567 1364 1732 1420 Deum
1775 1378 2075 1434 agnoscere

516 1476 576 1517 se
606 1471 731 1516 tunc
758 1461 972 1516 demum
1005 1463 1422 1533 proﬁtebantur.

1088 1552 1314 1608 CAPUT
1346 1549 1492 1604 XIX.

886 1644 1099 1700 Publica
1127 1644 1311 1698 lwtitia
1342 1658 1404 1695 ac
1431 1640 1705 1710 festivitas.

585 1736 771 1804 lmpiis
805 1736 965 1806 igitur
991 1750 1021 1790 ε
1054 1736 1227 1789 medio
1260 1732 1506 1795 sublatis,
1562 1729 1686 1800 puri
1723 1727 1978 1797 deinceps
2005 1741 2069 1782 ac

519 1825 704 1894 liquidi
740 1824 868 1880 solis
915 1825 1047 1879 radii
1080 1825 1463 1885 cernebantur,
1489 1820 1640 1889 quasi
1670 1817 1854 1872 nubilo
1889 1828 2071 1888 tyran-

518 1917 654 1970 nicae
690 1914 1069 1968 dominationis
1102 1913 1343 1982 depulso.
1378 1909 1699 1977 Cunctreque
1723 1909 1930 1974 imperii
1962 1907 2069 1961 Ro-

518 2006 663 2060 mani
693 2016 873 2076 partes
916 2007 968 2059 in
1002 2021 1163 2059 unum
1193 2017 1388 2072 corpus
1433 2002 1755 2056 coaluerunt
1783 1990 1794 2054 ἐ
1827 1999 2068 2054 orienta-

516 2097 659 2152 libus
702 2097 996 2165 provinciis
1044 2111 1165 2150 eum
1214 2094 1507 2152 Occidente
1545 2091 1847 2163 conjunctis
1880 2110 1895 2147 :
1926 2106 2064 2145 uno.

516 2200 622 2255 que
678 2189 924 2245 omnium
977 2185 1223 2258 principe
1281 2195 1541 2256 tanquam
1584 2183 1764 2254 capite
1809 2181 2063 2252 quodam,

519 2285 688 2330 totum
725 2276 933 2345 imperii
956 2291 1152 2343 corpus
1181 2273 1504 2344 refulgebat,
1556 2275 1716 2329 unius
1743 2274 2069 2329 dominatio—

515 2382 584 2421 ne
612 2378 835 2422 cunctos
877 2367 1119 2422 homines
1160 2367 1569 2435 eomplectente.
1602 2367 1668 2421 Et
1705 2365 1795 2436 qui
1829 2364 1976 2434 prius
2011 2365 2062 2418 in

517 2458 753 2513 tenebris
798 2466 854 2512 et
895 2459 949 2511 in
998 2459 1188 2513 umbra
1235 2457 1423 2512 mortis
1468 2458 1765 2520 sedebant,
1819 2457 1887 2512 iis
1938 2465 2065 2510 tunc

512 2548 933 2614 splendidissimi
968 2548 1185 2618 pietatis
1214 2549 1347 2602 radii
1378 2548 1529 2602 laetos
1554 2548 1671 2604 dies
1712 2551 2061 2616 praestabant.

513 2639 622 2697 Nec
647 2642 1045 2706 prateritorum
1090 2640 1358 2695 malorum
1402 2639 1635 2705 ullajam
1667 2649 1948 2712 supererat
1977 2654 2066 2694 re-

512 2732 798 2796 cordatio,
846 2747 966 2786 cum
1017 2747 1202 2786 omnes
1253 2730 1451 2800 ubique
1500 2732 1755 2786 victorem
1811 2730 2066 2786 laudibus

513 2824 890 2887 celebrarent,
926 2822 1149 2892 ejusque
1192 2831 1524 2877 servatorem
1566 2822 1735 2876 Deum
1782 2821 1955 2877 solum
2006 2837 2066 2878 se

512 2929 807 2985 agnoscere
847 2914 1250 2985 proﬁterentur.
1282 2911 1477 2967 Noster
1518 2927 1646 2967 vero
1689 2914 1834 2967 omni
1868 2926 2065 2982 genere

512 3136 757 3203 sequenti
807 3150 970 3197 anno,
1014 3135 1239 3191 Paulino
1263 3142 1319 3190 et
1353 3133 1568 3191 Juliano
1594 3148 1755 3196 coss.,
1777 3147 2058 3201 perperam
2089 3118 2131 3176 Ο

512 3205 880 3259 ascribuntur.
911 3206 1041 3260 Cum
1085 3206 1251 3259 ldatio
1276 3205 1544 3258 consentit
1573 3204 1820 3263 Aurelius
1854 3204 2060 3269 Victor,

510 3277 603 3343 qui
627 3276 694 3329 de
723 3275 872 3328 bellis
899 3276 1034 3329 inter
1058 3275 1431 3329 Constantium
1452 3285 1506 3328 et
1537 3273 1802 3329 Licinium
1834 3273 1905 3327 ita
1931 3275 2060 3329 scri-

511 3347 624 3398 bit:
652 3362 669 3394 ι
694 3344 811 3410 Quo
849 3359 979 3398 sane
1013 3346 1177 3398 variis
1204 3345 1401 3414 praeliis
1422 3345 1594 3412 pulso,
1630 3352 1750 3396 Cum
1776 3358 1892 3414 eum
1918 3358 2064 3411 pror-

511 3430 604 3468 sus
632 3416 936 3483 opprimere
978 3411 1542 3477 ardutnn'videretur,
1583 3414 1739 3483 simul
1785 3411 2061 3467 aliinitatis

511 3482 709 3551 gratia,
744 3484 947 3551 recepti
982 3485 1275 3548 consortio,
1319 3485 1581 3551 ascitique
1630 3482 1858 3551 imperio
1889 3483 2064 3537 Caesa-

514 3567 629 3605 rum
648 3566 957 3619 communes
973 3552 1126 3606 liberi
1142 3596 1155 3619 ,
1173 3553 1411 3621 Crispus.
1428 3552 1918 3620 Constantinusque
1952 3551 2065 3605 Fla-

512 3624 601 3673 vio
618 3621 782 3690 geniti
813 3621 1152 3676 :Licinianus
1178 3621 1402 3676 Licinio.
1421 3623 1571 3689 Quod
1595 3621 1806 3690 quidem
1832 3621 1917 3674 vix
1939 3621 2062 3674 ditt-

514 3689 940 3762 lurnutn._neque
968 3693 1051 3762 his
1068 3693 1158 3762 qui
1182 3693 1593 3762 assumebautur
1610 3689 1897 3762 felifoure,
1924 3690 2064 3762 tlefe-

511 3769 599 3812 ctu
622 3756 958 3815 solisfoedato
980 3756 1467 3817 iisdemmensibus
1482 3756 2068 3825 die,patefaelum.lta-

512 3843 617 3896 que
632 3828 888 3897 sexennio
903 3837 1041 3895 post.
1067 3835 1219 3894 rupta
1242 3844 1391 3897 pace,
1410 3827 1548 3897 apud
1564 3829 1803 3883 Thracas
1824 3827 2064 3884 Licinius

509 3897 733 3964 pulsus,
790 3896 1122 3951 Chalcedona
1181 3896 1464 3952 concessit.
1539 3914 1557 3947 ι
1605 3898 1783 3952 Creati
1850 3898 2066 3953 fuerant

511 3966 753 4019 Caesares
790 3965 1041 4034 Crispus,
1074 3966 1311 4021 Licinius
1347 3974 1402 4021 et
1434 3966 1858 4026 Constantinus.
1898 3966 2065 4021 Galli-

511 4048 650 4087 cano
694 4045 747 4088 et
778 4034 946 4089 Basso
991 4050 1152 4098 coss.,
1176 4036 1429 4091 Kalendis
1479 4035 1717 4099 Martiis,
1765 4046 1825 4090 ut
1875 4039 2067 4091 scribit

509 4103 712 4157 ldalius
744 4104 796 4157 iu
838 4102 1017 4158 Fastis
1070 4117 1124 4159 et
1173 4118 1365 4160 auctor
1411 4105 1656 4167 Chronici
1691 4105 2062 4173 Alexandrini,

513 4176 566 4227 id
627 4182 709 4227 est
754 4189 895 4227 anno
947 4175 1145 4228 Christi
1187 4176 1313 4230 517.
1375 4173 1646 4241 Sequente
1696 4185 1876 4229 autem
1926 4192 2065 4230 anno

515 4242 755 4313 tenebrae,
779 4244 994 4313 fuerunt
1024 4246 1164 4298 inter
1193 4245 1334 4298 diem
1355 4284 1372 4310 ,
1405 4245 1537 4298 hora
1566 4259 1618 4297 Ix
1642 4283 1656 4307 ,
1688 4254 1746 4299 ut
1779 4244 1981 4313 legitur
2011 4245 2063 4299 in

512 4311 695 4383 lf‘astis
738 4312 917 4367 ldatii.
952 4312 1130 4378 Quare
1176 4314 1376 4367 fallitur
1424 4313 1674 4368 Aurelius
1720 4311 1932 4376 Victor,
1971 4316 2063 4383 qui

510 4382 785 4437 Caesarum
816 4384 1206 4451 promotionem
1238 4386 1288 4436 in
1315 4384 1565 4437 eumdem
1588 4398 1787 4437 annum
1832 4382 2060 4446 confert,

2175 444 2441 515 δαιμόνων
2466 443 2772 514 ἀπεφέρετο
2805 442 2978 505 νίκας.

2694 628 3083 681 ΚΕΦΑΛΑῘΟΝ
3108 629 3214 681 ΙΗν-

2250 719 2508 774 Λικινίου
2554 717 2826 784 θάνατος,
2861 718 2960 772 καὶ
2989 718 3247 771 ἐπινίκια
3274 718 3405 786 περὶ
3442 717 3662 771 τούτου.

2245 808 2356 865 Εἶτ’
2387 812 2546 864 αὐτὸν
2572 813 2662 864 τὸν
2692 812 2918 883 θεομισῆ
2948 813 3043 866 καὶ
3077 813 3204 876 τοὺς
3239 812 3376 883 ἀμφ’
3400 810 3567 864 αὐτὸν
3596 811 3715 881 νόμῳ

2174 902 2407 972 πολέμου
2435 901 2732 973 διακρίνας,
2760 905 2824 973 τῇ
2856 902 3139 977 πρεπούσῃ
3166 903 3454 974 παρεδίδου
3489 908 3712 979 τιμωρίᾳ,

2186 993 2480 1064 Ἀπήγοντό
2506 996 2553 1047 τ’
2584 993 2733 1063 αὐτῷ
2760 993 2838 1063 τῷ
2865 994 3114 1065 τυράννῳ
3144 995 3236 1047 καὶ
3267 994 3602 1058 ἀπώλλυντο,
3639 1001 3715 1070 τὴν

2174 1087 2548 1156 προσήκουσαν
2571 1086 2859 1155 ὑπέχοντες
2882 1085 3054 1157 δίκην,
3089 1088 3137 1140 οἱ
3164 1088 3261 1158 τῆς
3280 1086 3582 1158 θεομαχίας
3606 1091 3719 1161 σύμ-

2173 1175 2367 1228 ϐουλοι·
2403 1176 2456 1228 οἴ
2479 1193 2535 1228 τε
2588 1176 2779 1248 μικρὸν
2808 1175 3031 1248 ὕστερον
3081 1176 3189 1247 (51)
3231 1181 3296 1249 τῇ
3343 1178 3454 1232 τῶν
3506 1181 3714 1248 ματαξων

2172 1266 2345 1329 ἐλπίδι
2388 1268 2855 1340 μετεωρισθέντες,
2891 1269 3037 1341 ἔργῳ
3062 1269 3151 1322 τὸν
3176 1271 3588 1325 Κωνσταντινου
3610 1272 3717 1326 Θεὸν

2173 1358 2605 1431 παρελάμϐανον,
2636 1360 2729 1414 καὶ
2765 1359 2952 1413 τοῦτον
3002 1360 3124 1433 ἄρτι
3154 1361 3283 1415 Θεὸν
3318 1362 3499 1433 ἀληθῆ
3521 1363 3608 1416 καὶ
3636 1364 3713 1434 μό-

2171 1467 2259 1505 νον
2290 1451 2570 1524 γνωρίζειν
2605 1452 3005 1523 ἀνωμολόγουν.

2684 1546 3080 1598 ΚΕΦΛΛΑΙΟΝ
3112 1543 3213 1599 ΙΘ⁹.

2481 1636 2871 1703 Φαιδρότητες
2907 1637 3003 1690 καὶ
3031 1638 3420 1707 πανηγύρεις.

2099 1694 2141 1748 Β
2236 1726 2346 1779 Καὶ
2377 1727 2439 1799 δὴ
2470 1727 2576 1780 τῶν
2620 1694 2890 1782 succisae};
2919 1730 3127 1802 ἀνδρῶν
3167 1694 3415 1785 issem}
3462 1733 3707 1803 ἠρμένην,

2168 1817 2403 1890 καθαραὶ
2433 1818 2616 1871 λοιπὸν
2662 1815 2801 1890 ἦσαν
2846 1820 2993 1889 ἡλίου
3028 1821 3191 1890 αὐγαὶ
3228 1824 3561 1893 τυραννικῆς
3580 1824 3711 1878 δυνα-

2169 1908 2367 1973 στείας,
2400 1910 2696 1979 συνήπτετό
2718 1928 2778 1964 τε
2831 1913 2978 1964 πᾶσα
3008 1912 3105 1983 ὅση
3155 1930 3238 1976 τις
3279 1912 3385 1966 ὑπὸ
3429 1915 3707 1985 Ῥωμαίους

2166 1999 2424 2071 ἐτύγχανε
2451 2004 2632 2071 μοῖρα,
2655 2001 2760 2056 τῶν
2786 2002 2923 2057 κατὰ
2945 2002 3042 2075 τὴν
3067 2003 3203 2075 ἑῴαν
3223 2004 3392 2058 ἐθνῶν
3429 2006 3704 2076 ἐνουμένων

2166 2092 2373 2163 θατέρῳ
2404 2093 2577 2164 μέρει·
2616 2094 2714 2165 μιᾷ
2741 2111 2801 2146 τε
2829 2094 2894 2164 τῇ
2927 2093 3021 2147 τοῦ
3053 2095 3248 2159 παντὸς
3262 2097 3402 2166 ἀρχῇ
3428 2095 3611 2168 ὥσπερ
3624 2098 3708 2151 τινὶ

2165 2185 2392 2256 κεφαλῇ,
2449 2185 2509 2238 τὸ
2557 2187 2663 2238 πᾶν
2721 2187 3109 2255 κατεκοσμεῖτο
3167 2186 3345 2256 σῶμα,
3402 2188 3707 2258 μοναρχικῆς

2166 2274 2410 2340 ἐξουσίας
2434 2274 2523 2328 διὰ
2551 2274 2764 2328 πάντων
2791 2278 3050 2346 ἡκουσης·
3076 2275 3320 2346 λαμπραί
3354 2294 3417 2329 τε
3450 2277 3620 2346 φωτὸς
3638 2278 3708 2330 εὑ-

2166 2365 2378 2428 σεόείας
2402 2367 2775 2437 μαρμαρυγαὶ,
2810 2370 2921 2430 τοῖς
2949 2368 3076 2439 πρὶν
3126 2368 3457 2439 καθημένοις
3481 2372 3538 2423 ὲν
3561 2370 3707 2440 σκότῳ

2164 2458 2256 2511 καὶ
2279 2459 2406 2528 σκιᾷ
2431 2457 2678 2521 θανάτου,
2714 2458 2941 2531 φαιδρὰς
2962 2462 3215 2532 παρεῖχον
3246 2459 3485 2531 ἡμέρας.
3510 2460 3623 2513 Οὐδ’
3652 2454 3705 2531 ἦν

2163 2567 2246 2614 τις
2279 2550 2358 2603 ἔτι
2399 2550 2672 2621 προτέρων
2702 2551 2884 2622 μνήμη
2931 2550 3135 2614 κακῶν,
3170 2550 3485 2621 ἁπανταχοῦ
3521 2552 3705 2604 πάντων

2162 2641 2254 2695 τὸν
2269 2643 2490 2713 νικητὴν
2509 2642 2606 2695 ὰνυ
2614 2642 2903 2713 μνούντων,
2931 2642 3090 2713 μόνον
3110 2661 3168 2697 τε
3189 2644 3280 2697 τὸν
3294 2643 3489 2697 τούτου
3508 2642 3708 2714 Σωτῆρα

2163 2732 2293 2785 Θεὸν
2327 2731 2727 2803 ὁμολογούντων
2748 2730 3051 2805 γνωρίζειν.
3087 2735 3144 2788 '0
3171 2730 3226 2787 δ”
3244 2716 3411 2807 ἀρετῇ
3446 2735 3591 2806 πάσῃ
3611 2733 3706 2786 θεο-

2165 2823 2379 2888 σεϐείας
2401 2822 2690 2896 ἐκπρέπων
2721 2824 2945 2897 νικητὴς
2982 2824 3228 2894 βασιλεὺς
3258 2825 3487 2896 (ταύτην
3510 2824 3611 2896 γὰρ
3626 2823 3706 2876 αὖ·

2162 2912 2254 2978 τδς
2272 2916 2369 2986 τὴν
2396 2916 2571 2972 ὲπώνυ
2581 2933 2678 2985 μον
2687 2914 2834 2984 αὐτῷ
2853 2914 3162 2987 κυριώτατα
3179 2917 3276 2988 τὴν
3306 2914 3704 2988 ἐπηγορίανῷἓ)

2166 3136 2418 3211 universo
2447 3136 2563 3192 orbi
2595 3137 2808 3211 illuxit,
2851 3149 2905 3193 et
2929 3141 3020 3209 qui
3067 3152 3248 3210 postea
3293 3143 3438 3211 apud
3482 3141 3704 3196 Nicome-

2166 3208 2310 3260 diam
2359 3216 2598 3278 nostram
2653 3208 2968 3263 missionem
3027 3208 3369 3270 meruerunt.
3431 3221 3575 3267 certa
3627 3225 3703 3278 per

2165 3278 2399 3351 edictum
2428 3277 2784 3351 indulsimus,
2822 3296 2840 3330 ι
2880 3288 2983 3333 etc.
3021 3280 3231 3336 Etenim
3261 3281 3510 3351 prmliurn
3535 3277 3702 3351 Adria-

2167 3347 2536 3420 nOpolitanuni
2562 3349 2922 3420 commissum
2953 3358 3047 3420 est
3081 3351 3167 3406 die
3201 3347 3392 3420 quinto
3430 3349 3606 3404 Nonas
3626 3347 3702 3420 Jug

2167 3414 2288 3475 lias.
2320 3424 2378 3468 ut
2413 3416 2601 3470 scribit
2622 3415 2823 3472 ldatius
2858 3419 2911 3471 in
2944 3416 3147 3481 Fastis,
3175 3414 3232 3475 ei
3252 3431 3447 3475 auctor
3479 3419 3701 3474 Cltronici

2165 3484 2529 3561 Aleaanttrini.
2564 3484 2762 3561 Yerum
2787 3488 3046 3561 mendosa
3088 3499 3187 3561 est
3205 3489 3536 3561 subscriptio
3565 3489 3699 3556 hujus

2168 3552 2320 3624 legis.
2376 3555 2657 3624 Proposita
2712 3558 2857 3611 enim
2912 3570 3034 3611 esse
3086 3558 3284 3614 dicitur
3337 3552 3555 3614 Licinio
3596 3552 3703 3611 v'et

2165 3622 2356 3695 Crispo
2387 3622 2530 3680 coss.
2550 3668 2565 3689 ,
2616 3626 2665 3680 id
2690 3635 2791 3690 est,
2824 3641 2966 3681 anno
2994 3627 3192 3682 Christi
3221 3627 3344 3683 518.
3377 3629 3533 3694 Quod
3559 3626 3701 3680 Baro-

2165 3694 2256 3766 pio
2281 3709 2463 3766 ansam
2494 3696 2696 3766 erro_ris
2721 3696 2981 3766 prtelmit._
3008 3696 3112 3750 Sed
3144 3699 3267 3766 quis
3285 3714 3391 3751 non
3413 3698 3561 3766 videt
3583 3695 3697 3766 scri-

2165 3760 2399 3817 bendum
2428 3777 2547 3819 esse
2576 3760 2836 3820 :Paulino
2866 3773 2920 3817 et
2955 3760 3175 3821 Juliano
3229 3783 3378 3822 coss.
3405 3766 3430 3820 ?
3466 3765 3561 3821 His
3579 3765 3697 3819 enim

2164 3846 2308 3906 coss.
2336 3831 2882 3906 _Nicomediamvenit
2909 3833 3327 3906 constantinus,
3362 3844 3481 3906 post
3521 3835 3697 3906 victum

2165 3916 2231 3955 ac
2264 3900 2908 3972 debellatumiLicinium.
2954 3904 3161 3958 Licinio
3207 3921 3338 3961 vero
3362 3900 3415 3958 ’ν
3449 3913 3503 3959 et
3530 3904 3695 3972 Crispo

2165 3984 2310 4044 coss.
2355 3971 2939 4044 Niconietlia‘parebat
2982 3973 3209 4039 Licinio,
3235 3974 3462 4044 ejusque
3509 3971 3696 4043 imperii

2166 4042 2321 4111 sedes
2364 4051 2503 4096 crat.
2546 4038 2663 4111 His,
2686 4038 2851 4111 igitur
2884 4056 3024 4097 coss.
3061 4038 3450 4099 ConStantitius
3486 4038 3596 4097 non
3615 4056 3695 4111 po-

2170 4110 2697 4182 tnitveteranissuis
2720 4110 3040 4165 missionem
3079 4128 3141 4167 ac
3176 4115 3457 4182 privilegia
3489 4114 3538 4166 in
3582 4110 3695 4182 urbe

2167 4177 2471 4252 Nicomedia
2502 4179 2795 4252 indulgere,
2814 4196 2944 4252 cum
2985 4196 3047 4234 ea
3080 4177 3270 4252 civitas
3321 4177 3491 4252 ipsius
3522 4179 3691 4236 ditioni

2168 4247 2757 4317 tninimeisuhjaceret.
2799 4249 2931 4302 Cum
2982 4265 3112 4317 ergo
3141 4247 3528 4306 Constantinus
3560 4252 3606 4303 iu
3638 4262 3690 4303 ea

2168 4316 2285 4391 lege
2342 4335 2361 4367 ι
2404 4316 2766 4391 Nicomediam
2814 4316 3111 4373 nostram»
3166 4323 3438 4391 appellet,
3497 4332 3693 4391 necesse

2168 4384 2253 4439 est
2274 4386 2443 4456 legem
2486 4388 2630 4441 illaut
2657 4389 2834 4442 datam
2865 4404 2985 4445 esse
3012 4384 3257 4446 dicamus
3287 4384 3518 4445 Paulino
3543 4400 3590 4442 et
3610 4384 3691 4440 Ju-

510 4467 618 4524 quo
638 4452 877 4506 defectus
897 4452 987 4507 ille
1006 4453 1137 4524 solis
1154 4454 1394 4524 contigit.
1421 4451 1563 4524 Nam,
1583 4452 1823 4524 defectus
1847 4455 2059 4520 quidem
2093 4452 2140 4510 D
2164 4456 2306 4524 liano
2329 4451 2470 4509 coss.

510 4522 642 4575 solis
669 4524 893 4592 contigit
927 4537 1070 4592 anno
1107 4521 1324 4577 Christi'
1353 4523 1456 4578 5i8
1478 4561 1494 4585 ,
1528 4523 1750 4592 Crispus
1777 4538 1900 4576 vero
1960 4538 2062 4576 una

510 4605 633 4645 cum
676 4589 883 4645 Licinio
928 4603 984 4646 et
1010 4591 1361 4648 Constantino
1409 4593 1611 4647 Czesar.
1642 4589 1849 4646 levatus
1889 4594 2063 4646 fuerat

512 4676 654 4714 anno
688 4660 790 4715 517
812 4661 1012 4716 halalis
1054 4662 1335 4718 Dominici.
1368 4663 1535 4717 Recte
1563 4672 1740 4716 tamen
1779 4663 2060 4716 intervalla

513 4741 817 4798 temporum
866 4742 1117 4786 numerat
1163 4731 1412 4786 Aurelius
1463 4732 1663 4787 Victor.
1703 4730 1834 4783 Nam
1885 4747 1916 4786 a
1970 4732 2067 4784 de-

510 4802 655 4871 fectu
684 4801 812 4855 solis
867 4804 956 4870 qui
992 4802 1219 4871 contigit
1248 4817 1389 4856 anno
1419 4802 1617 4856 Christi
1642 4800 1765 4864 518,
1798 4815 1965 4870 usque
1995 4801 2062 4853 ad

510 4870 754 4940 pirmliutn
794 4870 1349 4940 Adrianopolitanum,
1368 4889 1463 4928 sex
1491 4873 1711 4924 omnino
1761 4882 1884 4940 sunt
1911 4872 2057 4923 anni.

511 4939 605 5010 liis
630 4941 837 4994 accedit
866 4939 1159 5002 Cedrenus.
1188 4942 1276 5008 qui
1302 4956 1446 4994 anno
1467 4940 1782 5010 Xlximperii
1800 4939 2063 4993 Constan-

513 5009 645 5069 tini,
706 5010 783 5063 ait
814 5010 1247 5079 Constantinum
1299 5009 1695 5079 expeditionem
1763 5010 2063 5078 suscepisse

509 5080 767 5132 adversus
812 5076 1101 5133 Licinium.
1155 5082 1344 5133 Annus
1372 5076 1549 5134 'enim
1598 5094 1773 5133 nonus
1819 5076 2060 5133 decimus

507 5147 850 5201 Constantini
877 5152 1020 5204 cadit
1066 5151 1118 5203 in
1155 5149 1494 5205 consulatum
1545 5150 1762 5202 tertium
1792 5149 1965 5216 Crispi
2004 5158 2058 5202 et

508 5218 878 5279 Constantini,
928 5221 1017 5286 qui
1047 5227 1165 5273 erat
1213 5232 1386 5272 annos
1419 5217 1620 5272 Christi
1652 5218 1777 5272 524.
1829 5219 1910 5271 Ab
1956 5220 2057 5272 hoc

507 5289 711 5342 calculo
731 5302 917 5356 parum
942 5288 1377 5358 aliestSigonius,
1406 5291 1493 5354 qui
1533 5303 1763 5356 pugnam
1793 5287 2056 5340 Adriano-

507 5358 798 5426 pulitanam
855 5369 1094 5428 assignat
1140 5357 1281 5411 anno
1318 5357 1520 5410 Christi
1574 5358 1700 5421 525,
1761 5357 1963 5411 Severo
1999 5365 2055 5410 et

507 5429 702 5481 liuiiuo
721 5443 862 5482 coss.
885 5427 1133 5496 Ejusdem
1165 5428 1331 5492 prmlii
1361 5428 1823 5496 AilriaIIOpolitani
1854 5428 2055 5480 mentio

507 5498 569 5549 lit
604 5497 658 5551 in
683 5498 798 5567 lege
856 5514 873 5552 1
908 5499 1080 5552 codic.
1118 5496 1346 5567 Theod.,
1379 5498 1445 5550 de
1480 5498 1766 5559 veteranis,
1804 5496 2057 5567 ηυξ-ϐοη-

507 5562 775 5619 ειιιιιιίιιιῖε
790 5570 868 5621 sic
883 5570 956 5621 ait
978 5584 991 5618 :
1016 5585 1034 5617 ι
1069 5566 1339 5622 Veteranis
1353 5567 1442 5635 qui
1464 5582 1531 5621 ex
1552 5567 1638 5620 die
1660 5567 1848 5635 quinta
1873 5562 2055 5618 Nona-

508 5650 625 5690 rum
656 5636 941 5704 .Iuliarutu,
973 5652 1092 5692 cum
1125 5637 1297 5707 prima
1348 5651 1447 5705 per
1495 5636 1782 5691 Thraciam
1825 5636 2053 5691 victoria

2232 4523 2428 4599 (5|):A0AZ
2454 4542 2517 4579 τε
2540 4525 2757 4596 μικρὸν
2784 4526 3063 4595 ὕστερον.
3105 4527 3296 4599 Scribo
3323 4526 3507 4599 μικρῷ
3531 4524 3694 4599 πρότε-

2162 4610 2274 4665 ρον,
2316 4596 2414 4648 nisi
2444 4601 2604 4650 verba
2638 4603 2959 4666 transposita
2988 4613 3111 4652 esse
3134 4596 3394 4665 dicamus,
3426 4596 3689 4666 quodnon

2161 4664 2285 4717 raro
2330 4666 2571 4736 occurrit
2602 4668 2672 4736 in
2705 4664 2801 4721 bis
2817 4666 2989 4722 libris.
3030 4666 3205 4736 Atque
3234 4668 3308 4720 ita
3335 4664 3693 4736 Christophor-

2160 4747 2329 4806 sonus
2366 4734 2573 4806 videtur
2593 4735 2744 4806 hunc
2771 4737 2943 4806 locum
2977 4734 3312 4806 emendasse,
3319 4736 3537 4806 μικρὸν
3565 4734 3691 4806 ὕστε-

2223 4818 2272 4863 ν,
2303 4801 2446 4873 ἔργῳ
2477 4803 2565 4857 τὸν
2591 4804 2996 4876 Κωνσταντίνου
3019 4803 3150 4858 Θεὸν
3179 4799 3389 4876 οἷπξῆν
3433 4799 3690 4876 παρελάμ-

2196 4888 2339 4937 ανον,
2377 4884 2521 4926 recte
2547 4875 2782 4928 omnino.
2812 4874 2978 4928 Porro
3002 4878 3058 4928 in
3089 4875 3277 4929 codice
3296 4874 3432 4930 Fuk.
3458 4874 3589 4928 etin
3616 4886 3689 4923 νε·

2160 4943 2366 4996 teribus
2414 4943 2674 5013 schedia,
2727 4947 2795 4997 ah
2849 4944 2955 4996 illis
3001 4945 3184 4997 verbis
3232 4944 3308 5008 ὡς
3348 4944 3396 4997 δ’
3443 4942 3689 5013 ὲπιμόνως

2158 5026 2331 5080 usque
2359 5012 2426 5065 ad
2467 5013 2685 5083 verbum
2714 5012 3090 5083 ἀνωμολόγουν
3114 5051 3128 5075 ,
3157 5016 3379 5069 unicum
3413 5024 3500 5069 est
3531 5012 3687 5081 caput,

2155 5096 2260 5135 non
2292 5083 2415 5146 duo,
2447 5093 2505 5135 ut
2532 5082 2583 5135 in
2615 5082 2851 5137 editione
2881 5082 3210 5137 Gettevettsi.

2226 5149 2336 5221 (52)
2353 5150 2509 5222 Vulg.
2536 5153 2850 5220 κυριότητα
2868 5151 2984 5221 τὴν
2995 5152 3338 5222 ἐπηγοριαν.
3362 5153 3418 5207 In
3442 5153 3576 5208 libro
3598 5147 3688 5222 ῌρ·

2155 5218 2246 5274 ι·εεί
2266 5233 2320 5274 et
2350 5221 2400 5273 in
2431 5218 2648 5275 schedis
2678 5218 2808 5290 ueg.
2840 5218 3132 5291 corrigitur
3163 5218 3497 5291 κυριώτατα.
3539 5218 3686 5277 Halim

2159 5301 2337 5363 tamen
2366 5292 2603 5363 scribere
2637 5292 2978 5363 κυριωτάτην
3018 5291 3337 5363 ὲπηγορίαν.
3360 5293 3535 5348 Porro
3577 5291 3688 5345 Cott-

2158 5362 2426 5413 stantinus
2456 5360 2692 5416 Victoris
2714 5360 3018 5429 'prouotnen
3047 5360 3365 5428 usurpavit.
3397 5372 3457 5416 ut
3490 5376 3554 5416 ex
3580 5370 3687 5429 cut}-

2159 5430 2530 5501 s_titutionibus
2587 5440 2653 5501 et
2684 5425 2928 5501 epistolis
2977 5430 3112 5501 eius,
3144 5425 3389 5501 apparet.
3450 5431 3602 5485 Certe
3641 5425 3687 5501 _in

2161 5496 2330 5569 Certis
2359 5500 2685 5567 purgationis
2716 5494 3021 5566 'Ca’citiani,
3069 5494 3274 5569 aliquot
3310 5503 3433 5569 ejus
3478 5494 3687 5565 epistol!

2158 5567 2298 5639 banc
2348 5569 2548 5639 habent.
2595 5570 3001 5639 inscriptionem
3045 5586 3058 5621 :
3099 5568 3281 5639 Victor
3340 5567 3685 5639 Constanttnlf

2159 5635 2423 5692 Maximus
2445 5638 2728 5705 Augustus.
2763 5635 2868 5695 ‘Ait
2898 5637 3061 5703 igitur
3100 5638 3366 5696 Eusebius
3410 5639 3511 5693 hoc
3554 5635 3683 5692 Quasi

2180 4872 2192 4883 ι
