3858 6260
188 321 221 415 ..Ι
234 321 335 373 θοι

1255 324 1343 379 DE
1381 325 1543 381 VITA
1578 325 2039 385 CONSTANTINI
2081 328 2208 385 LIB.
2252 329 2318 384 ll.

3307 328 3450 383 {002

203 448 325 502 σης.
352 430 561 496 Μάθοις
593 433 637 486 δ’
684 432 750 486 ἂν
773 432 866 487 τοῦ
900 433 1058 503 λόγου
1088 435 1187 507 τὴν
1210 436 1409 509 ἀρετ-ην
1439 437 1572 509 (61),
1596 438 1758 492 αὐτοῖς

1883 441 2084 507 missis,
2110 441 2445 511 praedicavit.
2478 439 2649 494 Porro
2681 437 2944 497 orationis
2965 438 3068 492 vim
3090 452 3159 493 ac
3191 437 3448 493 virtutem

201 525 527 598 προσϐαλὼν
564 528 677 589 τοῖς
708 528 1016 599 γράμμασιο
1046 528 1140 582 δύο
1176 529 1221 582 δ’
1254 525 1322 602 ἦν
1346 530 1539 596 ταῦτα,
1588 532 1649 585 τὸ
1677 533 1775 603 μὲν

182 609 323 683 ταῖς
350 620 697 690 Ἐκκλησίαις
711 619 808 673 τοῦ
836 620 991 683 Θεοῦ,
1017 622 1078 675 τὸ
1091 622 1149 677 δὲ
1168 625 1282 688 τοῖς
1296 624 1452 688 ἐκτὸς
1470 627 1611 682 κατὰ
1624 627 1777 682 πόλιν

198 711 398 783 δήμοις
424 712 780 783 διαπεμφθέν·
816 712 844 765 ὃ
866 712 930 786 δὴ
960 716 1027 786 τῇ
1070 714 1321 790 παρούσῃ
1352 716 1464 788 (62)
1502 718 1776 791 προσῆκον

199 803 460 857 ὑποθέσει
506 803 690 874 ἔμοιγε
742 805 889 858 δοκεῖ
934 806 1299 877 παρενθεῖναι,
1348 809 1424 872 ὡς
1455 808 1522 863 ἂν
1558 810 1646 864 διὰ
1680 811 1778 884 τῆς

203 894 450 965 ἱστορίας
478 895 627 967 μένοι
670 896 766 948 καὶ
816 896 1223 966 διαφυλάττοιτο
1264 903 1377 964 τοῖς
1420 901 1540 972 μεθ’
1562 903 1775 975 ήμᾶςὴ

196 985 355 1039 τοῦδε
382 985 476 1039 τοῦ
505 987 828 1059 γράμματος
860 987 1094 1053 ἔκθεσις,
1127 990 1264 1061 πρός
1302 992 1350 1044 τ’
1382 992 1638 1066 ἀληθείας
1681 996 1775 1049 καὶ

194 1077 306 1131 τῶν
336 1078 621 1150 ἡμετέρων
641 1080 993 1151 διηγημάτων
1033 1082 1315 1137 πίστωσιν.
1342 1086 1609 1157 Ε’ίληπται
1647 1086 1691 1140 δ’
1713 1087 1771 1155 ἐξ

196 1170 516 1226 αὐθεντικοῦ
547 1170 641 1225 τοῦ
688 1172 819 1243 παρ’
870 1173 999 1243 ἡμῖν
1044 1173 1442 1245 φυλαττομένου
1494 1175 1769 1246 βασιλικοῦ

196 1262 385 1333 νόμου,
408 1256 453 1331 ᾧ
481 1264 695 1335 καὶτῆς
726 1262 891 1319 αὐτοῦ
922 1263 1103 1330 δεξιᾶς
1135 1265 1408 1338 ἔγγραφος
1447 1269 1782 1339 ὑποσημείω-

186 1370 301 1417 μσις,
342 1356 441 1424 τῆς
462 1355 555 1410 τοῦ
600 1356 758 1426 λόγου
802 1356 1118 1422 πιστώσεως
1150 1355 1239 1413 οἷά
1273 1379 1379 1415 τινι
1407 1362 1660 1433 σφραγῖδι
1685 1379 1777 1415 κα·

195 1464 334 1517 ταση
344 1449 522 1518 μαίνει
549 1450 648 1521 τὴν
681 1452 1005 1524 μαρτυρίαν.

1880 533 2040 589 facile
2089 542 2413 603 cognoscet,
2471 533 2718 603 quisquis
2767 532 3025 603 epistolas
3061 530 3241 601 Jpsas‘
3276 529 3453 599 perle—

1880 626 2038 696 gerit.
2083 623 2244 697 455
2286 624 2424 680 Sunt
2477 634 2656 680 autem
2705 625 2868 679 dum:
2907 624 3072 678 altera
3140 623 3206 677 ad
3266 618 3453 676 Eccle-

1881 717 1991 773 sias
2032 718 2238 772 directa
2264 759 2280 784 ,
2323 718 2493 774 altera
2536 719 2602 773 ad
2639 718 2972 790 singularum
3021 716 3235 770 urbium
3281 727 3454 783 popu-

1882 810 1961 867 los
1990 826 2020 865 a
2050 822 2237 867 nostra
2271 811 2531 882 religione
2559 812 2782 866 alienos.
2814 811 2983 877 Quam
3017 809 3234 876 quidem
3259 820 3451 877 utpote

1879 903 2131 972 praesenti
2185 912 2502 973 argumento
2535 903 3125 965 convenientissimam,
3178 901 3266 958 hic
3302 903 3449 958 inse-
3480 896 3483 899 ’

1877 996 2100 1052 rendam
2128 1010 2249 1051 esse
2276 995 2438 1061 duxi;
2496 1004 2607 1049 tum
2644 1002 2703 1049 ut
2763 995 3110 1049 historiarum
3130 1008 3448 1050 monumen-

1883 1090 1952 1143 tis
1978 1088 2187 1158 prodita
2220 1087 2338 1157 ejus
2387 1085 2713 1156 exemplaria
2746 1126 2761 1147 ,
2794 1085 2931 1154 apud
2967 1095 3216 1154 posteros
3253 1098 3448 1152 perpe-

1880 1187 1972 1234 tuo
2000 1190 2424 1237 conserventur:
2470 1187 2581 1231 tum
2614 1186 2672 1230 ut
2709 1177 3035 1231 narrationis
3087 1186 3284 1231 nostrae
3310 1176 3447 1230 tides

1886 1284 1951 1324 ac
1978 1270 2174 1324 veritas
2198 1269 2567 1324 conﬁrmetur.
2603 1269 2880 1337 Descripta
2925 1280 3101 1320 autem
3134 1277 3310 1322 estex
3349 1282 3446 1320 au-

1881 1359 2123 1414 thentico
2152 1358 2447 1429 exemplari
2470 1358 2604 1429 legis
2636 1360 2958 1428 imperialis,
2983 1358 3125 1427 quod
3170 1356 3313 1421 apud
3344 1370 3444 1409 nos

1883 1459 2152 1505 servatur.
2186 1450 2283 1505 Cui
2321 1450 2581 1520 principis
2610 1466 2769 1505 manu
2801 1451 3041 1520 apposita
3076 1448 3401 1517 subscriptio
3423 1484 3441 1511 ,

195 1543 463 1596 orationis
497 1552 700 1597 nostrae
726 1545 1006 1600 veritatem
1041 1556 1296 1615 tanquam
1327 1547 1503 1616 sigillo
1536 1548 1768 1616 quodam
1830 1542 2036 1599 astruit.

700 1636 1098 1689 ΚΕΦΑΛΑΙΟΝ
1137 1636 1267 1691 ΚΔ’.

2419 1634 2659 1690 CAPUT
2684 1633 2874 1689 XXIV.

192 1723 393 1793 Νόμος
438 1728 897 1782 Κωνσταντίνου
940 1730 1072 1795 περὶ
1117 1728 1227 1797 τῆς
1272 1731 1359 1794 εὶς
1400 1728 1547 1783 om
1594 1730 1758 1783 εὐσε-

1876 1722 1981 1778 Lea:
2018 1723 2350 1779 Constantini
2381 1726 2443 1779 de
2469 1727 2658 1797 pietate
2679 1729 2733 1779 in
2756 1727 2940 1790 Deum,
2967 1734 3013 1776 ct
3047 1726 3110 1778 de
3140 1725 3443 1780 Chr-irtiana

514 1796 674 1863 σείας
701 1798 797 1851 καὶ
832 1799 939 1852 τοῦ
966 1796 1450 1868 Χριστιανισμοῦ.

272 1902 292 1935 ι
347 1885 594 1957 Νικητὴς
647 1888 1085 1952 Κωνσταντίνος,
1138 1887 1405 1955 Μέγιστος
1468 1888 1765 1955 Σεϐαστὸς,

193 1976 577 2047 ὲπαρχεώταις
601 1977 964 2050 Παλαιστίνης
992 1980 1124 2049 (65).

269 2085 290 2117 ι
327 2063 437 2120 Ἦν
477 2069 575 2139 μὲν
609 2070 810 2123 ἄνωθέν
842 2090 899 2125 τε
933 2073 1028 2127 καὶ
1065 2074 1233 2128 πάλαι
1265 2075 1413 2145 παρὰ
1447 2078 1558 2138 τοῖς
1595 2076 1769 2147 ὀρθῶς

192 2158 288 2211 καὶ
320 2160 611 2230 σωφρόνως
631 2162 757 2232 περὶ
784 2163 875 2215 τοῦ
906 2164 1218 2237 Κρείττονος
1245 2164 1578 2232 δοξάζουσιν,
1612 2167 1771 2238 ἔκδη-

188 2251 283 2315 λος
318 2254 352 2323 ἡ
385 2253 636 2326 διαφορὰ,
666 2255 759 2307 καὶ
787 2258 965 2311 πᾶσαν
986 2258 1318 2329 ἀνείργουσα
1343 2257 1455 2329 (64)
1485 2258 1769 2330 πόρρωθεν

190 2345 553 2415 ἀμφιϐολίαν·
601 2347 713 2418 ὅσῳ
747 2348 824 2417 τῷ
872 2350 1021 2420 μέσῳ
1069 2349 1375 2420 διήλλαττεν
1420 2352 1453 2421 ἡ
1503 2352 1630 2418 περὶ
1671 2351 1769 2423 τὴν

192 2439 647 2512 σεϐασμιωτάτην
676 2440 769 2493 τοῦ
810 2436 1236 2512 Χριστιανισμοῦ
1274 2441 1567 2514 θεραπείαν
1611 2444 1768 2513 ἀκρι-

187 2528 293 2603 6ης
327 2533 740 2604 παρατήρησις,
774 2534 924 2604 παρά
950 2535 1075 2597 τοὺς
1104 2535 1240 2606 πρὸς
1280 2535 1447 2604 αὐτὴν
1478 2535 1769 2588 ἐκπεπολε-

191 2623 480 2692 μωμένους
507 2642 565 2677 τε
599 2626 690 2677 καὶ
722 2627 1208 2698 καταφρονητικῶς
1232 2627 1451 2698 ἔχοντας
1476 2627 1608 2697 (65).
1634 2613 1769 2681 Νυνὶ

184 2716 246 2769 δὲ
274 2716 368 2769 καὶ
398 2718 599 2789 μᾶλλον
628 2720 1077 2791 ἑπιφανεστέραις
1109 2720 1337 2792 πράξεσι
1371 2722 1464 2773 καὶ
1490 2719 1768 2793 κατορθώ-

187 2824 324 2869 μασι
345 2810 743 2883 λαμπροτέροις
768 2812 827 2864 τό
872 2829 928 2863 τε
954 2811 1051 2881 τῆς
1075 2812 1399 2883 ἀμφιϐολίας
1426 2812 1615 2881 ἄλογον
1638 2814 1770 2866 ἀπο-

182 2899 474 2964 δέδεικται,
498 2904 589 2955 καὶ
613 2905 782 2974 ὁπόση
808 2904 890 2967 τίς
911 2906 1054 2956 ἐστιν
1080 2906 1111 2974 ἡ
1136 2904 1228 2957 τοῦ
1264 2905 1497 2975 μεγάλου
1523 2906 1655 2958 Θεοῦ
1682 2904 1769 2958 δύ-

182 3008 372 3062 ναμις,
396 2993 559 3065 ἡνίκα
582 2998 692 3057 τοῖς
726 2996 822 3065 μὲν
850 2994 1055 3058 πιστῶς
1078 2996 1167 3048 τὸν
1198 2996 1524 3066 σεμνότατον
1551 2996 1764 3049 σέϐουσι

180 3084 384 3155 νόμον,
433 3087 526 3138 καὶ
578 3086 756 3157 μηδὲν·
785 3087 891 3139 τῶν
935 3087 1407 3159 παραγγελμάτων
1463 3087 1764 3159 παραλύειν

180 3177 478 3247 τολμῶσιν,
518 3178 722 3247 ἄφθονα
761 3179 829 3232 τὰ
860 3180 1060 3248 ἀγαθὰ,
1096 3180 1187 3234 καὶ
1219 3181 1354 3252 πρὸς
1384 3180 1483 3245 τὰς
1515 3182 1764 3253 ἐγχειρή-

182 3287 300 3333 σεις
333 3272 484 3341 ἰσχὺς
512 3272 729 3343 ἀρίστη,
767 3272 859 3325 καὶ
904 3276 1018 3343 μετ’
1062 3273 1291 3325 ἐλπίδων
1333 3273 1551 3341 ἀγαθῶν
1592 3276 1765 3328 ἀπαν-

178 3363 355 3425 τῶσα,
387 3368 498 3428 τοῖς
525 3365 581 3417 δὲ
608 3365 705 3432 τὴν
744 3366 911 3437 ἀσεϐῆ
942 3366 1164 3419 λαϐοῦσι
1193 3365 1418 3437 γνώμην
1439 3407 1454 3431 ,
1494 3368 1628 3440 πρὸς
1666 3368 1765 3431 τὰς

182 3456 533 3527 προαιρέσεις
566 3457 833 3510 ἀκόλουθα
877 3458 969 3509 καὶ
1006 3459 1073 3510 τὰ
1110 3458 1471 3511 ἀποϐαίνοντα
1506 3458 1638 3529 (66).
1670 3458 1765 3521 Τίς

177 3548 291 3621 γὰρ
316 3548 522 3616 ἀγαθοῦ
554 3549 706 3620 τύχοι
729 3551 891 3616 τινὸς,
933 3550 1023 3604 τὸν
1047 3550 1152 3603 τῶν
1183 3551 1403 3619 ἀγαθῶν
1435 3552 1604 3605 αἴτιον
1629 3551 1762 3604 Θεὸν

176 3641 306 3695 οὔτε
336 3643 636 3714 γνωρίζων,
673 3642 798 3697 οὔτε
828 3643 895 3697 τὰ
942 3645 1283 3716 προσήκοντα
1323 3644 1500 3698 σέϐειν
1526 3645 1756 3711 ὲθέλων;

176 3735 370 3788 Πίστιν
400 3735 455 3788 δὲ
480 3735 555 3804 τῷ
584 3735 695 3807 (67)
725 3735 939 3807 ῥηθέντι
963 3735 1059 3789 καὶ
1081 3735 1148 3789 τά
1183 3735 1320 3807 ἔργα
1350 3736 1585 3790 δίδωσιν.
1625 3756 1644 3788 ι

692 3826 1083 3881 ΚΕΦΑΛΛΙΟΝ
1122 3830 1250 3882 ΚΕ’.

444 3917 800 3987 ’Υπόδειγμα
836 3918 903 3971 ἐκ
938 3918 1210 3976 παλαιῶν
1246 3922 1503 3988 χρόνων.

251 4026 271 4060 t
304 4010 369 4062 Εἰ
396 4008 526 4062 νοῦν
554 4027 637 4073 τις
667 4011 746 4073 είς
782 4009 908 4073 τοὺς
940 4010 1145 4064 ἄνωθεν
1192 4012 1288 4064 καὶ
1336 4014 1415 4075 είς
1436 4010 1595 4084 δεῦρο
1645 4011 1756 4083 (68)

250 4128 335 4198 (61
348 4126 531 4198 )Vulg.
552 4127 773 4194 Μάθοις
787 4127 895 4197 γὰρ
921 4128 1028 4183 τοῦ
1043 4129 1229 4199 λόγου
1244 4129 1608 4199 τὴνὰρετήν.
1629 4129 1765 4185 Lau-

171 4200 267 4254 dat
289 4199 557 4252 Eusebius
580 4200 922 4264 imperatoris
938 4199 1277 4253 Constantini
1294 4201 1686 4267 eloquentiam,
1711 4200 1761 4253 id

168 4272 325 4324 enim
361 4270 671 4339 signiﬁcant
702 4271 814 4323 haec
856 4270 1045 4323 verba.
1106 4271 1177 4322 At
1225 4270 1756 4339 Christophorsonus

170 4342 380 4412 legisse
422 4338 665 4412 videtur,
688 4339 782 4391 τοῦ
816 4338 1282 4412 ἡμετέρουᾲλόγου
1323 4340 1419 4412 τὴν
1454 4338 1749 4412 ἀλήθειαν.

2521 1796 2791 1864 religione.

1950 1903 1968 1937 ι
2003 1884 2188 1940 Victor
2224 1884 2616 1940 Constantinus
2668 1887 2933 1941 Maximus
2974 1886 3282 1957 Angustus,
3328 1904 3447 1957 pro-

1872 1979 2196 2033 vincialibus
2222 1979 2544 2036 Palaestinae.

1945 2091 1963 2124 ι
2000 2072 2331 2144 Jampridem
2368 2076 2506 2142 apud
2542 2090 2634 2129 eos
2663 2077 2756 2145 qui
2789 2086 2935 2130 recte
2961 2086 3015 2130 et
3075 2077 3350 2143 sapienter
3379 2077 3446 2131 de

1874 2163 1983 2218 Deo
2034 2165 2293 2231 sentiunt,
2351 2166 2587 2221 evidenti
2664 2168 3004 2233 discrimine,
3077 2184 3185 2239 quo
3264 2169 3444 2222 omnis

1871 2254 2137 2309 dubitatio
2169 2266 2501 2321 removetur,
2534 2260 2782 2327 apparuit
2838 2269 3101 2329 quantum
3160 2262 3445 2315 interesset

1870 2345 2010 2399 inter
2035 2347 2307 2402 studiosos
2337 2350 2716 2403 observatores
2742 2351 3072 2405 venerandae
3102 2352 3443 2406 Christiano-

1872 2450 1988 2487 rum
2024 2435 2325 2505 religionis,
2354 2444 2410 2490 et
2440 2438 2583 2493 inter
2640 2437 2883 2507 ejusdem
2942 2452 3343 2512 oppugnatores
3388 2450 3445 2496 et

1868 2538 2290 2599 contemptores.
2315 2528 2470 2584 Nunc
2493 2519 2619 2585 vero
2643 2532 3071 2587 evidentioribus
3090 2536 3444 2602 argumentis,

1868 2634 1923 2678 et
1956 2627 2115 2678 rebus
2150 2626 2314 2694 gestis
2344 2625 2511 2679 multo
2546 2626 2951 2693 illustrior-ibus,
2984 2638 3094 2680 tum
3154 2628 3445 2681 dubitatio~

1872 2715 1954 2768 nis
1984 2717 2151 2783 ipsius
2182 2717 2514 2783 absurditas,
2554 2729 2664 2771 tum
2717 2730 2917 2787 quanta
2975 2721 3045 2772 sit
3095 2722 3288 2774 summi
3348 2721 3439 2775 Dei

1870 2808 2134 2876 potentia,
2167 2808 2501 2865 declaratur.
2535 2813 2742 2880 Quippe
2774 2813 2857 2866 his
2895 2814 3110 2881 quidem
3141 2815 3229 2882 qui
3275 2829 3438 2868 vene-

1868 2901 2093 2955 randam
2131 2901 2299 2971 legem
2338 2902 2565 2957 ﬁdeliter
2587 2903 2791 2966 colunt,
2819 2904 3133 2974 nullumque
3164 2906 3278 2975 ejus
3303 2922 3440 2974 pra:-

1869 3002 2084 3060 ceptum
2114 2994 2317 3047 audent
2358 2994 2675 3060 dissolvere,
2717 2996 2958 3049 omnium
3022 2998 3290 3051 bonorum
3345 3016 3441 3052 ουκ

1867 3087 1975 3155 pia,
2009 3095 2063 3140 et
2091 3087 2157 3139 ad
2185 3102 2244 3139 ea
2286 3103 2404 3154 quae
2460 3087 2696 3157 aggressi
2749 3098 2873 3141 sunt
2919 3090 3244 3158 perﬁcienda
3302 3091 3442 3145 vircs

1870 3178 2072 3232 idoneae
2106 3195 2226 3232 cum
2254 3180 2395 3233 bona
2430 3195 2525 3248 spe
2554 3195 2615 3233 ac
2638 3181 2836 3234 ﬁducia
2869 3191 3182 3249 suppetunt.
3218 3183 3285 3236 lis
3312 3198 3441 3237 vero

1868 3273 1959 3341 qui
1994 3273 2210 3340 impiam
2236 3274 2567 3328 sententiam
2609 3274 2841 3342 amplexi
2879 3284 3026 3337 sunt,
3060 3276 3444 3330 convenientes

1870 3379 2048 3418 rerum
2080 3377 2307 3421 eventus
2328 3367 2693 3435 contigerunt.
2722 3366 2855 3420 Nam
2889 3368 3015 3437 quis
3042 3378 3147 3430 est,
3180 3369 3296 3436 qui,
3318 3385 3441 3423 cum

1870 3454 2038 3509 Deum
2075 3457 2339 3512 bonorum
2382 3468 2660 3513 auctorem
2715 3476 2820 3513 non
2870 3470 3150 3526 agnoscat,
3207 3479 3444 3533 etunquc

1869 3547 2053 3603 debito
2085 3550 2232 3604 cultu
2268 3551 2516 3605 venerari
2570 3562 2810 3613 recuset,
2853 3553 3144 3623 quidquam
3179 3555 3302 3609 boni
3339 3571 3441 3608 un-

1867 3655 2029 3709 quam
2060 3644 2465 3711 consequatur?
2505 3642 2613 3697 Res
2652 3655 2804 3698 certe
2854 3644 2981 3712 ipsa:
3029 3646 3191 3700 dictis
3240 3648 3443 3703 nostris

1867 3730 2024 3784 ﬁdem
2062 3732 2284 3786 faciunt.
2319 3752 2338 3785 ι

2445 3825 2671 3880 CAPUT
2699 3824 2793 3880 XX
2805 3824 2861 3877 V.

2157 3916 2461 3982 Exemplum
2492 3935 2522 3971 α
2572 3920 2785 3971 vetustis
2815 3919 3154 3986 temporibus.

1944 4031 1961 4060 ι
1987 4008 2138 4075 Quod
2179 4013 2222 4063 si
2266 4010 2388 4078 quis
2417 4012 2695 4079 superiora
2735 4021 2975 4079 tempora
3006 4013 3071 4064 ad
3126 4028 3223 4067 nos
3272 4029 3441 4085 usque

1938 4128 2049 4198 (65)
2088 4128 2521 4195 Ἐπαρχεωταις
2547 4127 2983 4198 Παλαιστίνης,
3014 4127 3069 4180 In
3112 4128 3299 4198 codice
3325 4127 3435 4181 Mc-

1864 4199 2035 4270 tiicreo
2076 4200 2361 4270 scripturn
2388 4198 2563 4270 inveni
2632 4197 2999 4270 ἐπαρχιώταις
3046 4197 3435 4263 παλαιστινοῖς.

1863 4269 2032 4322 Porro
2056 4270 2122 4320 ab
2148 4268 2230 4320 his
2258 4268 2433 4320 verbis
2484 4284 2604 4336 cap.
2657 4268 3028 4331 24inch0avi,
3057 4278 3435 4323 auctorntatcm

1870 4351 2089 4393 secutus
2116 4338 2272 4392 codd.
2299 4336 2449 4403 Regii
2497 4348 2553 4391 et
2614 4337 2806 4393 Fukct.
2855 4339 2915 4392 In
2957 4339 3228 4393 veteribus
3269 4340 3435 4393 etiam

174 4407 541 4480 scribendum
569 4409 735 4463 etiam
771 4407 1070 4480 θεῖμάθοις
1094 4410 1137 4463 δ’
1174 4407 1260 4477 ἄν,
1297 4422 1354 4464 ttt
1378 4407 1450 4465 'ad
1493 4407 1636 4467 latus
1670 4412 1752 4463 sui

1876 4409 2320 4480 schedisdlegttnr
2353 4408 2741 4480 ἐπαρχιῴταις.

170 4479 386 4533 codicis
431 4480 753 4552 emendavit
794 4479 1319 4552 TurnebnstAtque
1361 4484 1435 4536 ita
1468 4482 1667 4552 legitur
1693 4482 1744 4533 in

170 4564 309 4603 mss.
352 4551 633 4604 codicibus
660 4550 794 4603 Fuk.
826 4562 880 4604 et
925 4554 1053 4605 Sav.
1097 4550 1263 4605 Porro
1312 4554 1380 4607 ab
1428 4550 1748 4607 hisiverbis

170 4618 469 4673 inchoatur
496 4635 615 4688 cap.
646 4621 744 4684 Ἦν,
786 4633 897 4674 tum
931 4622 981 4674 in
1016 4623 1200 4677 codice
1227 4622 1388 4688 Fuk.,
1424 4631 1539 4677 tum
1569 4624 1623 4677 in
1652 4636 1747 4676 ve-

172 4690 383 4743 teribus
412 4691 641 4745 schedis.

245 4755 368 4831 (6?)
408 4762 482 4831 f‘o
512 4760 589 4827 δὴ
620 4762 697 4831 τῇ
726 4764 1024 4831 παρούσῃ.
1057 4762 1110 4816 In
1148 4763 1335 4819 codice
1379 4761 1515 4817 Fuk.
1554 4761 1750 4818 scribi-

172 4827 327 4905 tnrﬁ
354 4829 422 4905 τῇ
458 4827 739 4905 παρούσῂ,
789 4827 1059 4905 quomodo
1088 4837 1249 4888 etiam
1290 4832 1635 4889 Gencvenses
1691 4834 1746 4886 in

169 4899 506 4972 quibusdam
532 4899 823 4959 codicibus
848 4904 950 4972 legi
985 4906 1334 4958 adnotarunt.
1384 4905 1583 4959 Verum
1632 4906 1749 4957 htec

168 4970 448 5046 scriptura
484 4970 751 5046 ferri_non
783 4970 976 5046 potest.
1020 4974 1276 5042 Sequitur
1298 4976 1440 5029 enim
1472 4975 1747 5046 προσῆκον

171 5040 225 5092 in
270 5040 555 5109 singulari.
610 5040 813 5100 Deinde
872 5040 1133 5099 Eusebius
1190 5048 1408 5099 unicam
1456 5040 1544 5099 hic
1589 5040 1749 5099 affert

163 5109 1008 5186 constantiniconstitutionem,
1030 5130 1146 5168 eam
1166 5116 1372 5170 scilicet
1393 5133 1514 5186 quae
1533 5118 1596 5169 ad
1624 5130 1749 5186 pro-

164 5179 440 5255 vinciales
468 5183 837 5255 missafuerat
869 5201 898 5239 a
928 5186 1308 5242 Constantino.
1348 5179 1426 5241 Ac
1456 5188 1591 5239 duas
1625 5179 1748 5255 qui-

167 5251 300 5326 dem
322 5250 468 5326 leges
496 5254 661 5307 simul
697 5258 923 5310 emissas
960 5254 1128 5308 fuisse
1160 5265 1392 5310 testatur
1417 5258 1470 5310 in
1514 5250 1746 5326 gratiam

162 5320 647 5380 Christianorum:
692 5326 915 5379 alteram
944 5328 1007 5378 ad
1034 5326 1333 5380 Ecclesiam
1377 5320 1701 5381 catholicam
1724 5361 1741 5383 ν

163 5390 403 5445 aiteram
460 5390 524 5443 ad
556 5397 938 5460 provinciales.
984 5396 1179 5449 Verum
1227 5397 1452 5450 alterius
1483 5400 1749 5451 duntaxat

162 5460 479 5535 exemplum
529 5462 766 5535 su_bji_cit,
811 5468 928 5532 ejus
959 5466 1170 5520 scilicet
1203 5482 1322 5535 qua:
1348 5469 1469 5521 data
1516 5477 1634 5521 erat
1680 5467 1748 5519 ad

163 5531 929 5608 ριόνὶιεςίιιίοςι--Ροιιιεδιίιιὲιεζ
948 5538 1185 5589 Alteram
1218 5531 1366 5608 vero,
1422 5552 1542 5608 qua:
1583 5537 1747 5590 missa

162 5613 290 5655 erat
346 5602 639 5676 Ecclesiis,
670 5606 853 5659 omisit
892 5606 1156 5661 Eusebius
1194 5626 1207 5662 :
1248 5607 1333 5661 vel
1382 5602 1507 5676 quia
1554 5608 1743 5662 eodem

162 5673 419 5748 exemplo
447 5674 650 5740 scripta
680 5685 819 5739 erat,
850 5691 957 5746 quo
994 5678 1083 5731 illa
1107 5679 1175 5732 ad
1211 5673 1574 5748 provinciales
1599 5695 1615 5744 ;
1660 5676 1745 5731 vel

161 5747 238 5800 ob
262 5744 426 5800 aliam
462 5757 707 5798 causam.

488 5839 764 5901 Ρηιιοι.
806 5841 921 5903 Gn.
968 5843 1106 5905 XX.
1168 5862 1171 5865 λ

1851 4488 1899 4538 ιξ
1924 4480 2036 4549 (64)
2073 4475 2228 4545 Vulg.
2258 4475 2733 4547 διαφορᾰπᾶσαν
2763 4480 3145 4547 ἀνείργουσα.
3165 4477 3356 4534 Scribe
3369 4494 3435 4534 ex

1852 4551 2038 4607 codice
2067 4549 2320 4621 Medicteo
2336 4552 2432 4621 καὶ
2454 4550 2634 4602 πᾶσαν
2656 4550 3001 4621 ἀνείργουσα,
3020 4550 3103 4621 Ει
3128 4550 3287 4621 paulo
3314 4562 3437 4619 post

1851 4638 1917 4675 ex
1948 4622 2135 4675 eodem
2170 4620 2288 4692 cod.
2374 4620 2496 4691 (pro
2523 4618 2970 4692 παραθεραπείαν
3006 4618 3223 4690 διαιρῇ.)
3245 4618 3431 4688 legen-

1852 4695 1977 4746 dum
2020 4701 2102 4762 est
2130 4689 2226 4762 τοῦ
2257 4689 2686 4762 Χριστιανισμοῦ
2739 4689 3076 4762 θεραπείαν,
3106 4689 3212 4762 Aut
3242 4691 3432 4760 legitur

1851 4766 2011 4817 etiam
2058 4760 2109 4811 in
2156 4759 2370 4813 schettis
2400 4759 2596 4829 Regiis
2619 4771 2672 4815 et
2711 4759 2897 4815 codice
2927 4759 3247 4827 Fttketiano.

1920 4831 2033 4901 (65)
2055 4829 2591 4899 Καταφρονητικῶς
2622 4832 2897 4900 ἔχοντας.
2938 4832 3116 4884 Codex
3144 4830 3430 4883 Mediczeus

1851 4904 2014 4957 habet
2046 4901 2188 4969 ἔχειν
2217 4901 2517 4964 ἐθέλοντας,
2543 4906 2686 4969 quod
2714 4906 2914 4956 rectius
2942 4902 3071 4953 mihi
3109 4903 3344 4953 videtur.

1923 4971 2043 5044 (66)
2061 4969 2179 5044 *Καὶ
2214 4973 2285 5025 τὰ
2311 4973 2731 5044 ἀποϐαίνοντα.
2779 4972 2961 5041 Longe
2992 4970 3193 5044 rectior
3225 4981 3316 5044 est
3341 4987 3433 5044 co-

1851 5041 1986 5098 dicis
2019 5041 2270 5095 Medica-i
2320 5042 2612 5110 scriptura.
2673 5044 2768 5110 Sic
2814 5044 2958 5096 enim
3006 5042 3165 5093 habet
3212 5059 3225 5094 :
3278 5042 3433 5094 Ἀκό-

1849 5114 2015 5167 λουθα
2058 5114 2152 5166 καὶ
2192 5112 2262 5165 τά
2304 5108 2666 5184 ἀποϐαίνοντα
2709 5108 2799 5184 ἦν.
2837 5111 3086 5184 Τίς-γὰρ
3132 5109 3197 5163 ἂν
3224 5112 3431 5179 ἀγαθοῦ

1848 5186 2001 5256 τύχοι
2034 5184 2197 5247 τινός,
2247 5193 2352 5237 etc.
2399 5183 2621 5256 Etpost
2678 5181 2861 5238 vocem
2914 5181 3113 5235 ἐθέλων
3168 5193 3430 5251 punctum

1852 5254 2032 5318 habet,
2064 5271 2184 5321 qua:
2213 5266 2338 5307 nota
2372 5264 2455 5308 est
2477 5254 2939 5324 interrogationis.

1922 5326 2033 5399 (67)
2079 5324 2235 5393 Vulg.
2264 5324 2477 5399 πίστιν
2523 5323 2624 5389 τῷ.
2678 5322 3211 5399 βοηδθυθίθξξοῃιὶιιε
3256 5322 3427 5376 codex

1850 5392 2134 5449 Medicinas
2168 5392 2432 5462 scriptum
2465 5395 2626 5448 habet
2656 5392 2837 5449 πίστιν
2868 5395 2924 5448 δὲ
2946 5393 3024 5464 τῷ
3069 5392 3309 5464 ῥηθέντι,

1922 5467 2034 5537 (68)
2069 5468 2321 5537 Ἀνωθεν
2353 5465 2452 5517 καὶ
2482 5468 2569 5531 εὶς
2595 5466 2793 5534 δεῦρο.
2842 5462 3131 5519 Particuta
3152 5462 3245 5537 καί
3276 5463 3429 5517 deest

1852 5538 1902 5591 in
1934 5535 2127 5591 codice
2152 5535 2408 5589 Mediczeo
2431 5575 2445 5596 ,
2484 5554 2584 5591 uec
2612 5538 2902 5592 admodum
2957 5535 3265 5588 necessaria
3319 5542 3426 5589 est.

1851 5608 1969 5661 Mox
1997 5608 2084 5661 ubi
2113 5607 2317 5676 legitur
2342 5621 2363 5678 7:
2395 5606 2490 5678 καὶ
2515 5607 2613 5678 τὰς
2637 5608 2903 5678 πρότερον
2936 5605 3257 5678 γενομένας,
3284 5604 3424 5678 idem

1850 5679 2019 5731 codex
2065 5674 2225 5730 habet
2268 5676 2492 5739 καὶτὰς
2517 5674 2736 5731 πώποτε
2763 5674 2825 5746 γξ
2874 5679 3006 5730 item
3054 5690 3150 5744 pro
3176 5674 3424 5745 ἐγχειρή-

1853 5765 1990 5811 σεως
2031 5746 2236 5818 πέρας,
2292 5747 2485 5803 scribit
2529 5749 2626 5812 τὰς
2660 5750 3000 5819 ἐγχειρήσεις
3047 5746 3241 5817 πέρας,
3291 5761 3423 5812 quu-

3032 5842 3112 5901 32
