3882 6262
232 271 362 331 ⁸025
1311 271 1398 324 DE
1441 271 1596 326 VITA
1638 271 1766 328 (ΖοΝ

1878 270 2098 326 ANTINI
2137 269 2268 328 LIB.
2311 272 2378 330 II.
3333 284 3470 341 {0‘26

224 390 396 454 τοείας
410 388 519 459 (55)
535 386 739 459 πλάνης
767 389 876 442 τῶν
907 387 1013 462 πρὸ
1044 389 1209 443 αὐτοῦ
1238 390 1656 462 κεκρατηκότων
1675 390 1764 460 (54

1894 389 2151 445 vinciales
2197 392 2496 447 orationem
2538 391 2788 461 misitfde
2830 407 3017 450 errore
3045 395 3224 453 cultus
3257 399 3469 455 simula-

225 486 327 548 τοῖς
348 480 486 536 κατὰ
513 482 617 535 πᾶν
647 480 795 545 ἔθνος
828 479 1199 553 ἐπαρχεώταις
1228 482 1570 554 κατέπεμπε,
1595 480 1766 551 λογιώι

1887 495 2128 549 crorum,
2162 491 2271 553 quo
2317 483 2674 554 imperatores
2708 483 2939 540 Romani
2971 499 3098 542 ante
3138 489 3306 558 ipsius
3335 502 3462 544 aeta-

223 589 366 646 τερον
402 571 528 635 τοὺς
560 571 889 644 ἀρχομένους
935 571 1279 644 προτρέπων,
1323 573 1413 626 τὸν
1444 572 1536 626 ἐπὶ
1569 571 1766 624 πάντως

1888 580 1995 626 tem
2031 574 2256 628 involuti
2295 574 2548 632 fuissent.
2589 577 2655 632 Et
2703 578 2950 633 subditos
2975 578 3141 652 466
3178 596 3307 636 suos
3344 599 3465 637 cum

221 665 340 718 Θεὸν
369 663 670 736 γνωρίζειν,
700 663 859 717 αὐτόν
887 680 947 716 τε
977 663 1068 716 τὸν
1103 663 1337 735 Χριστὸν
1367 662 1530 716 αὐτοῦ
1561 663 1766 733 διαρρήε

1884 663 2185 720 admirabili
2239 667 2494 722 facundia
2546 670 2869 725 exhortatus
2920 681 3042 737 est,
3079 684 3138 725 ut
3197 688 3467 730 summum

222 757 307 829 δην
332 755 720 827 ἐπιγράφεσθαι
750 756 990 826 σωτῆρα.
1010 755 1120 808 Καὶ
1142 754 1345 826 ταύτην
1369 754 1425 806 δὲ
1448 753 1544 824 τὴν
1567 755 1766 824 γραφὴη

1882 756 2124 811 omnium
2153 756 2319 812 Deum
2381 769 2760 830 agnoscerent,
2815 760 3042 832 ejusque
3075 763 3272 817 Filium
3305 766 3467 818 Chri-

221 848 545 917 αὐτόγραφον
582 843 744 900 οὖσαν
790 846 978 910 αὐτοῦ,
1021 849 1086 900 ἐκ
1118 847 1219 918 τῆς
1263 845 1546 919 Ῥωμαίων
1597 845 1781 916 φωνῆς

220 939 492 995 ἀπολαϐεῖν
522 940 814 1008 ἀναγκαῖον
845 939 923 1010 τῷ
953 938 1180 1011 παρόντι
1207 938 1368 1010 λόγῳ,
1401 939 1476 1002 ὡς
1509 937 1575 991 ἂν
1606 939 1780 991 δοκοῖς

221 1050 309 1104 μεν
331 1031 492 1085 αὐτοῦ
527 1031 786 1102 βασιλέως
821 1031 1133 1096 ἐπακούειν,
1167 1034 1286 1094 ταῖς
1318 1031 1532 1085 πάντων
1557 1023 1780 1102 ’ἀνθρὼ-

217 1142 322 1178 πων
353 1124 540 1186 ἀκοαῖς
573 1121 759 1178 τοῦτον
793 1122 1090 1188 ἐκϐοῶντος
1115 1123 1206 1176 τὸν
1235 1123 1456 1195 τρόπον.

689 1415 872 1468 ΚΕΦΑ
881 1415 1086 1468 ΛΑΙΟΝ
1125 1415 1269 1469 MH'.

215 1507 653 1577 Κωτταντίνου
697 1508 846 1576 πρὸς
881 1507 987 1573 τὰς
1023 1508 1314 1577 ἐπαρχίας
1346 1509 1479 1576 περὶ
1518 1508 1630 1577 τῆς
1663 1523 1769 1565 πο-

273 1579 483 1650 λυθέρυ
525 1576 766 1650 πλάνης
788 1577 1108 1650 διάταγμα·
1140 1576 1237 1632 καὶ
1281 1576 1588 1649 προοίμιον
1633 1581 1766 1650 περὶ

275 1646 480 1716 ἀρετ-ἧς
517 1648 616 1701 καὶ
657 1649 888 1714 κακίας.

279 1761 296 1792 ι
322 1740 560 1811 Νικητὴς
577 1742 1000 1805 Κωνσταντῖνος,
1021 1741 1274 1812 μέγιστος
1297 1740 1574 1804 σεϐαστὸς,
1597 1743 1772 1814 ἐπαρς
1804 1741 1847 1795 Β

213 1832 425 1904 χεώταις
455 1832 814 1896 ἀνατολικοῖς.

279 1923 492 1977 ιΠάντα
543 1923 643 1993 μὲν
691 1924 791 1976 ὅσα
839 1925 951 1988 τοῖς
1001 1925 1360 1997 κυριωτάτοις
1406 1926 1504 1996 τῆς
1555 1927 1769 1995 φύσεως

211 2016 502 2086 περιέχεται
535 2015 745 2086 νόμοις,
772 2017 870 2086 τῆς
903 2015 1045 2070 κατά
1071 2017 1170 2087 τὴν
1198 2017 1347 2071 θείαν
1373 2017 1608 2082 διάταξιν
1635 2036 1768 2090 προ-

211 2107 340 2172 νοίας
367 2125 425 2160 τε
453 2108 551 2161 καὶ
584 2107 816 2180 θεωρίας
851 2109 1042 2180 ἱκανὴν
1065 2107 1316 2179 αἴσθησιν
1332 2113 1441 2174 τοῖς
1462 2113 1593 2164 πᾶσι
1629 2129 1768 2183 παρ⁶

213 2201 330 2272 έχει,
373 2199 490 2254 οὐδέ
536 2201 655 2253 ἐστί
691 2217 773 2262 τις
802 2201 1103 2270 ἀμφιϐολία
1133 2195 1215 2264 οἷς
1241 2202 1361 2254 κατ’
1388 2203 1600 2256 εὐθεῖαν
1630 2201 1770 2272 γνώο

210 2308 331 2356 σεως
375 2290 488 2345 ὁδὸν
522 2291 562 2360 ἡ
594 2290 798 2344 διάνοια
833 2290 918 2343 ἐπ’
960 2292 1167 2344 ἐκεῖνον
1203 2291 1392 2359 ἄγεται
1421 2291 1509 2343 τὸν
1544 2292 1766 2354 σκοπὸν,

207 2381 273 2444 ὡς
311 2384 342 2452 ἡ
383 2381 474 2434 τοῦ
521 2380 716 2450 ὑγιοῦς
756 2380 1015 2451 λογισμοῦ
1045 2381 1140 2433 καὶ
1179 2382 1278 2450 τῆς
1315 2381 1491 2451 ὅψεως
1537 2383 1703 2455 αὐτῆς
1735 2385 1767 2452 ἡ

208 2471 418 2545 ἀκριϐὴς
463 2471 805 2542 κατάληψις,
873 2472 971 2542 μιᾷ
1025 2474 1161 2542 ῥοπῇ
1212 2473 1311 2542 τῆς
1362 2472 1596 2544 ἀληθοῦς
1643 2475 1769 2544 ἀρε-

209 2565 294 2635 τῆς
317 2563 420 2634 (55)
467 2565 564 2616 ἐπὶ
596 2565 695 2634 τὴν
727 2562 926 2632 γνῶσιν
960 2563 1221 2635 ἀναφέρει
1253 2563 1346 2616 τοῦ
1371 2564 1526 2618 Θεοῦ.
1571 2565 1768 2638 Διόπερ

211 2659 305 2720 πᾶς
336 2657 546 2720 συνετὸς
575 2657 714 2727 ἀνὴρ
745 2657 844 2710 οὐκ
870 2657 936 2710 ἄν
969 2673 1097 2709 ποτε
1130 2655 1450 2728 ταραχθείη,
1481 2659 1608 2721 τοὺς
1639 2658 1768 2710 πολ-

211 2746 320 2812 λοὺς
349 2747 485 2818 ὁρῶν
528 2747 802 2811 ἐναντίαις
853 2747 1207 2819 προαιρέσεσι
1262 2748 1610 2819 φερομένους.
1660 2750 1770 2802 Ἀν-

209 2835 377 2910 ὀνητος
403 2839 510 2909 (56)
544 2839 658 2911 γὰρ
689 2837 753 2892 ἂν
783 2842 816 2910 ἡ
850 2839 946 2907 τῆς
984 2838 1187 2910 ἀρετῆς
1216 2839 1471 2892 ἐλάνθανε
1505 2840 1683 2911 χάρις,
1721 2843 1768 2894 εί

213 2930 278 3002 μὴ
301 2933 625 3003 καταντικρὺ
651 2932 742 2984 τὸν
768 2931 868 3002 τῆς
891 2930 1333 3002 διεστραμμένης
1365 2933 1624 2996 ἀπονοίας
1657 2932 1769 3003 βίον

213 3023 420 3090 ἡκακία
450 3024 844 3096 προύϐέϐλητο.
881 3025 971 3078 Διὸ
1016 3025 1111 3094 τῆς
1145 3024 1244 3094 μέν
1277 3025 1476 3095 ἀρετῆς
1507 3026 1770 3095 στέφανος

1881 854 2022 900 stum
2054 846 2156 903 sibi
2183 859 2513 904 servatorem
2554 852 2940 907 adsciscerent.
2976 853 3146 908 Porro
3175 855 3270 908 has
3301 858 3464 910 etiam

1879 938 2089 995 litteras
2121 957 2282 996 manu
2312 944 2482 1012 ipsius
2521 946 2778 1016 scriptas,
2807 963 2869 1002 ex
2905 946 3098 1002 Latino
3124 963 3374 1002 sermone
3412 948 3463 1003 in

1877 1029 2126 1086 Graecum
2157 1033 2480 1101 transferre,
2511 1044 2566 1089 et
2594 1038 2848 1106 praesenti
2889 1041 3041 1108 operi
3071 1039 3316 1094 intexere
3362 1054 3462 1092 ne-

1876 1113 2172 1176 cessarium
2204 1125 2332 1180 duxi
2362 1145 2374 1180 :
2413 1135 2470 1180 ut
2520 1127 2697 1196 ipsum
2743 1129 3145 1198 quodammodo
3175 1131 3463 1198 imperato-

1875 1227 1991 1268 rem
2023 1215 2182 1270 nobis
2240 1219 2430 1274 audire
2459 1219 2762 1287 videamur,
2790 1232 3115 1277 cunctorum
3149 1222 3461 1278 mortalium

1874 1307 2094 1362 auribus
2127 1309 2179 1363 in
2217 1311 2334 1366 haec
2378 1313 2540 1366 verba
2579 1313 2992 1368 inclamantem.

2429 1423 2660 1478 CAPUT
2699 1423 2928 1479 XLVIII.

1870 1511 2202 1587 Constantini
2243 1515 2470 1587 edictum
2533 1518 2602 1587 ad
2637 1516 2982 1580 provinciales
3034 1518 3100 1570 de
3146 1517 3283 1587 [also
3315 1518 3459 1572 cultu

1939 1583 2227 1636 multorum
2252 1583 2500 1638 Deorum.
2525 1584 2827 1640 Exordium
2857 1589 2921 1640 de
2950 1583 3155 1641 virtute
3169 1597 3218 1642 et
3243 1591 3386 1643 vitio.

1957 1754 1977 1786 ι
2007 1734 2197 1789 Victor
2231 1734 2622 1791 Constantinus
2657 1735 2923 1794 Maximus
2941 1737 3215 1810 Augustus
3244 1741 3454 1810 provin-

1885 1828 2116 1884 cialibus
2147 1826 2412 1883 Orientis.

1964 1938 1981 1970 ι
2009 1917 2351 1988 Quaecunque
2384 1919 2710 1975 firmissimis
2769 1930 2974 1976 naturae
3041 1921 3245 1992 legibus
3294 1921 3460 1979 conti-

1872 2019 2087 2077 nentur,
2144 2008 2338 2065 divinm
2399 2011 2747 2080 providentiae
2795 2021 2957 2082 atque
2996 2013 3362 2083 intelligentia:
3404 2013 3456 2068 in

1871 2100 2080 2155 cunctis
2125 2101 2285 2155 rebus
2315 2101 2636 2158 ordinandis
2675 2101 3029 2158 suﬂicientem
3056 2105 3302 2159 notitiam
3337 2120 3457 2158 om-

1872 2193 2030 2247 nibus
2061 2192 2322 2261 praabent.
2343 2191 2452 2246 Nec
2474 2193 2578 2246 ulla
2607 2194 2824 2249 exsistit
2853 2195 3114 2250 dubitatio
3132 2195 3198 2250 iis
3226 2210 3453 2264 quorum

1873 2291 2079 2336 mentes
2112 2292 2259 2337 recto
2286 2283 2523 2338 scientiae
2552 2283 2747 2338 itinere
2778 2284 2844 2338 ad
2874 2298 2998 2339 eum
3023 2299 3242 2354 scopum
3275 2282 3457 2338 ferun-

1874 2381 1980 2438 tur,
2008 2371 2135 2441 quin
2177 2386 2321 2426 same
2355 2373 2548 2428 mentis
2575 2374 2850 2444 ipsiusque
2879 2374 3155 2430 oculorum
3185 2376 3334 2431 visus
3362 2390 3455 2430 ac-

1871 2475 2054 2518 curata
2113 2465 2546 2533 comprehensio,
2580 2482 2722 2521 verae
2741 2467 2954 2521 virtutis
2975 2467 3160 2522 eodem
3203 2477 3457 2538 vergente

1873 2565 2037 2627 atque
2089 2556 2378 2612 inclinante
2437 2566 2667 2625 natura,
2747 2560 2814 2614 ad
2896 2561 3142 2615 notitiam
3185 2560 3276 2615 Dei
3333 2577 3456 2630 per-

1872 2648 2056 2703 ducat.
2096 2647 2363 2715 Quocirca
2429 2665 2590 2704 nemo
2639 2666 2876 2712 unquam
2927 2654 3008 2706 vir
3066 2652 3302 2722 prudens
3334 2653 3456 2706 ani-

1872 2758 1960 2798 mo
1980 2744 2560 2808 conturbabitur,cum
2605 2743 2892 2814 plerosque
2939 2747 3184 2800 homines
3238 2755 3454 2800 contra-

1880 2835 1962 2889 ria
1986 2835 2130 2890 inter
2149 2851 2208 2890 se
2240 2836 2364 2890 vita:
2387 2836 2636 2890 instituta
2655 2839 2852 2892 sectari
2889 2838 3286 2893 animadvertit.
3319 2837 3452 2892 Nam

1869 2928 2086 2982 virtutis
2109 2927 2278 2998 gratia
2303 2943 2526 2996 prorsus
2570 2928 2774 2984 inutilis
2807 2928 2996 2984 lateret
3023 2969 3038 2994 ,
3070 2929 3173 2983 nisi
3196 2927 3454 2999 improbi-

1872 3028 1954 3075 tas
1991 3035 2302 3090 perversam
2366 3036 2431 3075 ac
2484 3021 2820 3091 desperatam
2855 3021 3067 3075 vivendi
3101 3021 3360 3076 rationem
3385 3036 3453 3076 ex

210 3119 492 3188 πρόκειται,
537 3119 640 3189 τῆς
673 3119 728 3172 δέ
774 3119 1007 3190 κρίσεως
1036 3116 1330 3170 αὐθεντεῖὸ
1361 3117 1583 3186 ὕψιστος
1615 3119 1764 3182 Θεός.

1878 3114 2102 3166 adverso
2153 3125 2470 3182 opponeret.
2523 3111 2731 3167 Idcirco
2786 3113 2965 3167 virtuti
3004 3113 3220 3181 quidem
3255 3126 3454 3167 corona

220 3206 346 3276 Ἐγὼ
383 3209 425 3262 δ’
466 3209 540 3273 ὼς
579 3208 660 3262 ἔνι
710 3209 944 3280 μάλιστα
995 3209 1264 3281 φανερῶς,
1322 3210 1450 3279 περὶ
1493 3208 1601 3262 τῶν
1647 3211 1768 3263 κατ’

210 3303 422 3363 ἐμαυτὸν
463 3304 695 3358 ἐλπίδων
741 3306 906 3358 πᾶσιν
957 3305 1085 3374 ὐμῖν
1131 3303 1461 3374 ὁμολογῆσαι
1513 3303 1770 3376 πειράσο-

215 3411 317 3465 μαι.
340 3414 357 3446 ι

693 3645 1086 3701 ΚΕΦΑΛΔΙΟΝ
1123 3646 1256 3701 ΜΘ.

211 3741 333 3807 Περὶ
376 3739 480 3794 τοῦ
532 3738 817 3809 φιλοθέου
870 3739 1090 3809 πατρὸς
1136 3737 1620 3809 Κωνσταντίνου,
1643 3743 1764 3809 ora)

240 3810 358 3878 περὶ
375 3807 797 3877 Διοκλητιανοῦ
813 3809 911 3862 καὶ
927 3807 1299 3877 Mal-ﬁrmarat}
1315 3807 1434 3861 τῶν
1448 3807 1730 3862 διωκτῶν.

275 3919 291 3951 ι
321 3901 510 3972 Ἐσχον
541 3901 718 3968 ἔγωγε
748 3901 874 3963 τοὺς
902 3899 1008 3970 πρὸ
1033 3899 1222 3952 τούτου
1252 3899 1576 3970 γενομένους
1610 3901 1766 3953 αὐτο-

209 3991 479 4063 κράτορας,
514 3991 606 4045 διὰ
649 3991 711 4044 τὸ
743 3991 850 4044 τῶν
901 3991 1116 4062 τρόπων
1167 3990 1761 4062 ἄγριον,ἀποκλήρους·

212 4083 351 4151 μόνος
375 4084 416 4137 δ’
447 4087 474 4138 ὁ
496 4083 681 4154 πατὴρ
706 4086 734 4136 ὁ
759 4083 891 4154 ἐμὸς
929 4081 1266 4153 ἡμερότητος
1299 4081 1436 4154 ἔργα
1464 4083 1766 4152 μετεχειρί-

209 4171 335 4240 ζετο,
367 4177 502 4246 μετὰ
525 4176 846 4246 θαυμαστῆς
871 4173 1155 4237 εὐλαϐείας
1187 4175 1245 4226 ἐν
1268 4174 1471 4237 πάσαις
1498 4176 1618 4237 ταῖς
1643 4174 1770 4225 ἑαυο

208 4265 288 4319 τοῦ
322 4269 547 4339 πράξεσι
576 4269 667 4322 τὸν
713 4268 934 4340 Πατέρα
963 4267 1092 4320 Θεὸν
1133 4265 1578 4337 ἐπικαλούμενος.
1616 4267 1768 4320 Ὅσοι

208 4353 253 4406 δὲ
291 4356 597 4429 λοιποὶ,οὐχ
647 4359 978 4427 ὑγιαίνοντες
1021 4357 1119 4421 τὰς
1167 4357 1386 4428 φρένας,
1442 4357 1768 4428 ἀγριότητος

1872 3202 2146 3273 proposita
2197 3210 2321 3256 est:
2363 3202 2696 3271 improbitati
2755 3211 2934 3256 autem
2979 3201 3340 3268 dijudicandae
3390 3215 3455 3254 ac

1868 3293 2158 3361 puniendae
2190 3303 2384 3362 praeest
2419 3292 2560 3347 Deus
2608 3293 2930 3348 altissunus.
2967 3293 3080 3362 Ego
3116 3307 3247 3348 vero
3275 3293 3343 3347 de
3390 3309 3454 3346 ea

1870 3399 1966 3454 spe
2003 3393 2163 3454 atque
2195 3384 2606 3453 exspectatione
2666 3400 2828 3453 quam
2863 3398 2992 3454 gero
3031 3397 3212 3437 rerum
3248 3382 3453 3436 futura-

1868 3489 2011 3538 rum,
2035 3475 2212 3542 quoad
2244 3483 2434 3542 potero
2480 3475 2828 3544 apertissime
2856 3473 3009 3529 vobis
3055 3473 3330 3528 disserere
3365 3486 3455 3525 co-

1869 3564 2062 3617 nabor.
2091 3581 2111 3614 ι

2432 3653 2661 3710 CAPUT
2701 3653 2889 3708 XLIX.

1872 3743 1948 3796 De
1985 3742 2178 3813 pioiac
2235 3743 2325 3796 Dei
2369 3746 2732 3797 amantissimo
2803 3743 3138 3797 Constantini
3191 3754 3369 3813 patre,
3406 3752 3454 3799 ει

1973 3820 2036 3864 de
2071 3812 2399 3866 Diocletiano
2424 3825 2472 3866 et
2526 3813 2858 3866 Maximiano
2898 3812 3343 3881 persecutoribus.

1951 3921 1968 3952 ι
2001 3905 2078 3957 Ac
2121 3904 2431 3972 superiores
2458 3903 2673 3973 quidem
2712 3905 3164 3973 imperatores,ob
3184 3905 3452 3958 feritatem

1869 4002 2028 4061 atque
2071 3996 2462 4049 immanitatem
2513 4011 2743 4060 morum,
2796 3995 3003 4049 alienos
3042 4009 3258 4064 semper
3288 4005 3453 4064 atque

1869 4094 2161 4138 extraneos
2192 4085 2374 4140 habui.
2406 4085 2564 4140 Solus
2600 4096 2760 4156 pater
2791 4101 2942 4140 meus
2975 4085 3186 4140 lenitati
3215 4101 3276 4140 ac
3308 4104 3452 4139 man-

1869 4176 2138 4230 suetudiui
2178 4176 2403 4239 studuit,
2434 4193 2558 4231 cum
2613 4177 2930 4232 admiranda
2982 4176 3243 4246 religione
3284 4176 3450 4230 Deum

1869 4264 2088 4320 Patrem
2131 4265 2182 4320 in
2226 4267 2479 4322 omnibus
2518 4268 2632 4321 suis
2675 4267 2886 4321 actibus
2923 4268 3203 4321 invocans.
3239 4266 3451 4334 Reliqui

1871 4375 2001 4414 vero
2051 4361 2470 4430 haudquaquam
2503 4375 2633 4415 sana
2674 4372 2856 4414 mente
2904 4359 3138 4429 praediti,
3195 4359 3450 4412 immani-

271 4510 375 4584 (55)
431 4513 584 4581 Vulg.
626 4513 1025 4584 διδασκαλίαν
1084 4508 1226 4584 τῆς⁸
1259 4509 1766 4584 εἰδωλολατρείας.

1888 4527 1949 4564 ex
1985 4515 2097 4584 ipsa
2133 4529 2308 4567 rerum
2345 4514 2681 4568 sensibilium
2725 4513 2954 4567 veritate
3005 4514 3366 4582 progreditur,
3398 4519 3454 4566 et

212 4580 548 4636 Scribenduni
595 4595 679 4640 est
701 4583 800 4636 διδ.
856 4582 998 4636 κατά
1019 4584 1118 4652 τῆς
1157 4580 1596 4652 εἰδωλολατρείας
1635 4581 1774 4635 πλά-

211 4669 314 4722 νης,
361 4663 415 4707 ut
465 4656 516 4706 in
571 4655 751 4709 Hunni
793 4654 934 4706 libro
977 4652 1376 4722 adimarginem
1424 4652 1770 4722 emendatum

212 4720 398 4776 inveni.
453 4725 544 4779 Est
577 4735 758 4779 autem
787 4721 1106 4777 διδασκαλία
1145 4737 1336 4783 sermo,
1386 4723 1588 4784 concio,
1625 4720 1771 4774 διδα-

213 4791 449 4864 σκαλικὸς
479 4794 653 4864 λόγος.
707 4795 762 4848 In
803 4795 989 4847 codice
1030 4790 1177 4864 Fuk.‘
1204 4793 1290 4864 hic
1333 4791 1486 4864 locus
1524 4792 1594 4864 ita
1635 4797 1770 4864 srri-

211 4858 357 4925 bitur,
386 4858 725 4920 διδασκαλίαν
754 4865 894 4918 κατὰ
918 4866 1014 4934 τῆς
1039 4860 1482 4932 είδωλολατρείας
1510 4862 1604 4914 καὶ
1630 4861 1764 4914 πλά-

210 4947 316 4994 νης.
349 4945 449 4986 etc.

239 4949 524 5075 ηἰέέῖῃίῶν
547 5003 657 5074 πρὸ
679 5005 864 5059 αὐτοῦ
888 5001 1351 5075 κεκρατηκότων.
1384 4999 1624 5075 Pessime
1647 5001 1759 5055 lucc

212 5072 366 5144 vertit
395 5072 912 5144 Christophorsonus
937 5077 1052 5142 qui,
1077 5085 1135 5144 ut
1153 5073 1366 5144 opinor,
1385 5072 1624 5144 Portesii
1647 5087 1760 5124 vcr-

213 5143 398 5197 sionem
428 5162 530 5199 non
568 5143 792 5199 viderat.
821 5145 988 5198 Recte
1015 5143 1158 5198 enim
1185 5143 1462 5197 Portesius
1490 5143 1603 5196 haec
1634 5157 1757 5193 ver-

213 5212 274 5266 ba
299 5217 673 5284 interpretatus
702 5225 802 5279 est,
852 5215 1097 5283 quamvis
1123 5227 1340 5268 sensum
1372 5229 1476 5265 non
1512 5213 1581 5265 sit
1611 5226 1761 5266 asse-

213 5293 375 5337 CIIIIIS.

276 5354 380 5423 (35)
418 5353 534 5421 Μιᾷ
551 5355 709 5424 ῥοπῇ
732 5354 843 5425 τῆς
873 5353 1142 5422 ἀληθοῦς
1169 5350 1408 5421 ἀρετῆς.
1451 5350 1633 5404 Virtus
1671 5351 1760 5425 hic

212 5422 300 5489 pro
333 5427 655 5492 perl'eCtione
680 5422 838 5480 amni
877 5428 1108 5487 videtur,
1149 5435 1257 5477 tam
1306 5439 1369 5477 ea
1413 5436 1532 5490 quae
1564 5431 1648 5475 est
1700 5422 1750 5474 in

215 5494 323 5546 visu
365 5511 522 5562 quam
557 5512 673 5563 quae
700 5498 751 5550 in
801 5494 1094 5549 intellectu.
1127 5493 1368 5561 Utraque
1397 5493 1542 5563 enim
1575 5492 1660 5545 vis
1689 5507 1752 5563 ac

213 5561 453 5628 perfectio
491 5561 674 5619 eodem
723 5567 910 5626 tendit.
958 5564 1023 5618 ad
1059 5564 1302 5617 veritatis
1351 5562 1562 5616 scilicet
1605 5561 1750 5613 noti-

216 5631 352 5705 tiam.
393 5635 598 5705 _Sensus
628 5638 844 5705 quidem
879 5635 944 5688 ad
976 5635 1260 5705 veritatem
1292 5647 1480 5705 rerum
1513 5630 1747 5705 sensibi-

215 5701 362 5764 lium.
391 5701 689 5760 intellectus
725 5721 852 5761 vero
903 5705 969 5759 ad
1007 5703 1416 5768 iutelligibilium
1465 5701 1750 5756 veritatem

1887 4584 2010 4638 hinc
2066 4586 2131 4637 ad
2179 4586 2373 4638 summi
2421 4585 2508 4638 Dei
2567 4584 2815 4636 notitiam
2869 4585 3133 4649 gradatim
3184 4584 3450 4636 ascendit.

1874 4652 2062 4709 Potest
2095 4655 2256 4708 etiam
2289 4657 2388 4707 hoc
2425 4655 2566 4716 loco,
2603 4653 2770 4724 ἁρετὴ
2801 4655 2895 4706 τοῦ
2937 4653 3170 4724 ἀληθοῦς
3218 4653 3322 4706 dici
3370 4653 3453 4704 vis

1869 4738 1933 4776 ac
1963 4727 2134 4778 virtus
2169 4725 2436 4778 veritatis.
2486 4726 2614 4789 Quae
2644 4735 2947 4792 sequuntur
2987 4734 3192 4785 tamen,
3239 4724 3304 4776 de
3335 4738 3454 4773 mo-

1871 4796 1969 4847 rali
2014 4797 2210 4848 virtute
2248 4795 2395 4848 hunc
2447 4794 2622 4848 locum
2671 4794 3048 4863 accipiendum
3081 4809 3201 4848 esse
3247 4795 3453 4846 contir-

1865 4877 2009 4918 IIIaIII
2024 4908 2037 4919 .

1937 4937 2047 5006 (50)
2094 4937 2246 5005 Vulg.
2296 4934 2767 5006 drdntoc._Lego
2824 4933 3116 5005 ἀνόνητος,
3169 4941 3226 5006 ut
3265 4939 3346 5006 est
3396 4931 3450 5006 in

1863 5001 2287 5073 Fuk.,Morzeiet
2311 5001 2526 5061 Grutert
2553 5001 2716 5057 libro.
2737 5004 2901 5057 Paulo
2926 5001 3044 5072 pust
3073 5005 3254 5057 scribo
3281 5001 3360 5054 διὸ
3383 5003 3448 5071 τῇ

1866 5081 1963 5151 μὲν
2009 5079 2176 5150 ἀρετῇ
2225 5077 2488 5151 στέφανος
2536 5074 2849 5151 πρόκειται.
2891 5077 3274 5151 _Sunt_autem
3331 5073 3450 5124 hare

1861 5143 2021 5203 valde
2048 5143 2283 5203 obscura
2325 5143 2379 5200 et
2424 5143 2711 5210 intricata;
2758 5145 2901 5211 quod
2939 5145 3134 5212 partim
3181 5143 3452 5212 constan-

1865 5221 1979 5274 tino
2029 5220 2128 5284 ipsi
2168 5218 2510 5271 tribuendum
2542 5224 2646 5279 est,
2687 5216 2781 5284 qui
2825 5211 3011 5281 utpdte
3055 5211 3355 5282 ὀψιμαθὴς,
3395 5214 3446 5284 in

1865 5281 2096 5344 dicendo
2136 5297 2255 5341 erat
2303 5286 2615 5349 obscurior;
2664 5281 2865 5344 partim
2917 5281 3174 5346 Eusebio,
3211 5281 3303 5336 seu
3355 5281 3446 5333 cui

1864 5359 2020 5414 alteri
2045 5358 2134 5427 qui
2153 5372 2219 5411 ex
2235 5356 2442 5427 Latinis
2461 5356 2710 5427 obscuris
2735 5355 2928 5427 Grafca
2956 5354 3082 5407 fecit
3108 5350 3447 5427 obscuriora.

1857 5429 1916 5483 In
1961 5423 2332 5495 manuscripto
2381 5424 2597 5480 Fuketii
2644 5425 2783 5477 lihro
2830 5424 3090 5494 ἀνόνητος
3137 5423 3355 5493 legitur,
3394 5428 3452 5474 ω.

1856 5498 1936 5553 διδ
1966 5498 2066 5569 τῆς
2097 5497 2196 5570 μὲν
2233 5497 2456 5568 ἀρετῆς,
2488 5495 2856 5566 ctc.,optitue.
