3882 6262
449 299 472 352 Ι
483 297 586 353 027

1149 296 1422 356 susse“
1458 279 1933 354 cmsanisssrs
1971 296 2121 355 ore.
2163 297 2344 354 PARS
2379 300 2424 353 ι.
2463 329 2532 340 -
2570 299 2962 361 ιιιετοιιιοΑ.

3560 311 3678 366 1028

447 451 611 495 tatem
659 443 836 512 potius
885 440 1186 497 consectati
1228 449 1355 496 sunt
1406 455 1568 509 quam
1619 438 1964 495 clementiam

2120 439 2320 514 μᾶλλον
2351 441 2384 513 ἢ
2421 442 2728 514 πραότητος
2759 442 3136 516 ἐπεμελοῦντο,
3191 447 3283 502 καὶ
3309 447 3516 521 ταύτην
3548 449 3681 520 ἔτρε-

443 552 672 607 eamque
707 537 898 591 mirum
937 536 989 590 in
1031 535 1248 591 modum
1275 535 1439 608 467
1477 536 1745 600 aluerunt,
1783 545 1896 590 toto
1917 537 2019 590 im-

445 631 578 696 perii
609 630 689 682 sui
723 637 963 696 tempore
1004 643 1189 682 veram
1246 629 1552 683 doctrinam
1613 627 2016 684 subvertentes.

443 721 611 776 Porro
643 719 1005 788 improbitatis
1027 720 1265 790 ipsorum
1299 729 1584 790 tantopere
1610 719 1760 775 l'uror
1786 721 2014 786 exarsit,

442 821 500 868 ut
550 813 760 868 cunctis
813 820 920 866 tam
977 812 1173 866 divinis
1215 827 1376 879 quam
1431 811 1686 866 humanis
1744 812 1904 866 rebus
1963 811 2017 867 in

441 921 645 959 summa
686 919 817 975 pace
866 905 1196 973 constitutis,
1241 904 1342 974 ipsi
1389 903 1531 960 bella
1577 903 1757 958 civilia
1809 904 2017 961 excita-

439 1009 574 1055 rent.
592 1017 610 1050 ι

1056 1089 1284 1146 CAPUT
1335 1091 1397 1146 L.

440 1185 594 1249 Quod
643 1199 706 1237 ea:
758 1183 1014 1247 Apollinis
1070 1183 1312 1245 oraculo,
1345 1181 1434 1250 qui
1481 1184 1542 1234 ob
1581 1182 1747 1248 iustos
1778 1181 2012 1236 homines

509 1270 756 1336 respousa
787 1254 1016 1319 amplius
1045 1254 1197 1306 edere
1226 1270 1328 1306 non
1360 1261 1587 1322 poterat,
1616 1263 1759 1306 mota
1796 1254 1860 1307 sit
1891 1269 2012 1322 per-

506 1335 729 1379 εεειιιιο.

511 1439 529 1468 ι
552 1416 760 1486 Quippe
782 1414 1088 1484 Apollinem
1123 1423 1250 1470 tunc
1291 1415 1638 1485 temporis-ex
1664 1424 1821 1469 antro
1849 1425 1904 1469 et
1939 1423 2013 1468 te-

435 1509 668 1564 nebroso
699 1507 930 1576 quodam
961 1523 1154 1577 specu,
1187 1522 1292 1562 non
1324 1523 1390 1562 ex
1423 1506 1656 1561 hominis
1685 1521 1778 1562 ore
1811 1521 2009 1561 oracu-

434 1601 543 1655 lum
571 1600 806 1657 edidisse
850 1599 1162 1666 ferebatur,
1199 1615 1308 1668 quo
1345 1598 1523 1667 justos
1562 1599 1709 1653 viros
1751 1599 1803 1653 in
1844 1598 2006 1654 terris

433 1690 690 1763 degentes
715 1694 934 1746 obstare
959 1691 1060 1745 sibi
1096 1691 1278 1743 aiebat
1305 1703 1411 1757 quo
1445 1691 1622 1744 minus
1653 1704 1775 1743 vera
1802 1689 2004 1759 praedi-

2121 545 2220 596 φον
2247 529 2514 599 ἀφθόνως,
2547 531 2773 586 ἐπὶτῶν
2801 533 2944 586 ἰδίων
2979 535 3188 606 καιρῶν
3223 537 3314 592 τὲν
3345 539 3520 610 ἀληθῆ
3545 540 3682 608 λόγον

2118 619 2554 690 διαστρέφοντες,
2587 623 2686 693 τῆς
2711 623 2767 676 δὲ
2798 626 3064 695 πονηρίας
3086 627 3269 692 αὐτοῖς
3295 631 3329 698 ἠ
3355 631 3593 700 δεινότης
3616 636 3684 698 εἰς

2116 711 2370 764 τοσοῦτον
2413 712 2696 785 ἐξήπτετο,
2736 713 2813 778 ὡς
2861 716 3077 770 πάντων
3121 719 3256 789 ὁμοῦ
3299 720 3406 772 τῶν
3441 721 3596 775 θείων
3632 741 3682 777 τε

2118 803 2212 857 καὶ
2250 804 2606 876 ἀνθρωπίνων
2650 806 2993 877 πραγμάτων
3041 812 3495 882 εἰρηνευομένων,
3526 815 3684 883 ἐμφυ-

2116 891 2262 958 λίους
2292 895 2382 948 ὑπ’
2413 896 2635 950 ἐκείνων
2666 897 2933 968 πολέμους
2967 897 3078 968 (57)
3119 900 3594 972 ἁναρῤιπίξετθαι.
3634 924 3650 957 ι

2643 1081 3036 1134 ΚΕΦΑΛΑΙΟΝ
3080 1083 3162 1136 N'.

2117 1170 2243 1251 "0ft
2282 1170 2404 1251 διὰ,
2425 1170 2542 1240 τὴν
2572 1170 2679 1225 τοῦ
2739 1173 3108 1251 ᾎπόἷῑλωτος
3145 1177 3463 1251 μαντείαν,
3499 1179 3584 1251 ὡς
3606 1179 3682 1251 μὴ

2180 1241 2518 1318 δυναμένου
2551 1243 2950 1318 μαντεύεσθαι
2998 1243 3096 1298 διὰ
3145 1241 3288 1312 τοὺς
3341 1241 3682 1318 cmmoda

2180 1311 2435 1380 διωγμὸς
2463 1311 2812 1381 ἀνεκινήθη.

2186 1404 2320 1458 «Τὸν
2353 1404 2594 1458 Ἀπόλλω
2615 1405 2676 1459 τὸ
2701 1405 3000 1477 τηνικαῦτα
3022 1407 3227 1478 ἔφασαν
3249 1410 3307 1476 ἐξ
3331 1411 3532 1485 ἄντρου
3557 1415 3680 1478 τινὸς

2108 1495 2204 1551 κα)⁸
2233 1496 2448 1551 σκοτίου
2481 1497 2676 1570 μυχοῦ,
2709 1498 2831 1570 οὐχὶ
2867 1499 2911 1552 δ’
2947 1498 3008 1564 ἐξ
3043 1501 3332 1572 ἀνθρώπου
3363 1505 3587 1575 χρῆσαι,
3615 1505 3679 1568 ὡς

2107 1585 2215 1659 ἄρα
2261 1589 2310 1643 οἱ
2355 1591 2448 1643 ἐπὶ
2479 1591 2580 1662 τῆς
2613 1591 2717 1662 γῆς
2747 1591 2942 1645 δίκαιοι
2975 1593 3233 1663 ἐμπόδιον
3271 1591 3380 1648 εἷεν
3427 1595 3523 1650 τοῦ
3565 1597 3679 1668 ἀλη-

2107 1677 2282 1734 θεύειν
2314 1683 2474 1736 αὐτόν
2498 1699 2510 1712 ·
2568 1685 2662 1737 καὶ
2691 1684 2778 1738 διὰ
2829 1684 2988 1738 τοῦτο
3023 1686 3237 1756 ψευδεῖς
3273 1687 3383 1740 τῶν
3423 1689 3678 1760 τριπόδων

433 1793 584 1838 ceret
605 1823 620 1848 ,
656 1791 819 1852 atque
849 1781 1050 1837 idcirco
1077 1781 1212 1834 falsa
1237 1796 1304 1834 ex
1335 1779 1548 1848 tripode
1575 1779 1794 1834 oracula
1827 1779 1989 1834 reddi.

2108 1773 2203 1838 τὰς
2239 1774 2497 1844 μαντείας
2539 1775 2828 1830 ποιεῖσθαι.
2866 1775 3038 1830 Τοῦτο
3083 1779 3246 1832 αὐτοῦ
3279 1784 3551 1850 κατηφεῖς
3578 1781 3674 1851 (58)

436 1874 590 1931 Hanc
618 1874 688 1928 ob
721 1888 944 1929 causam
979 1873 1067 1927 ille
1108 1887 1321 1928 comam
1366 1871 1623 1926 incultam
1657 1870 1878 1925 demisit
1923 1879 2007 1934 ,et

433 1964 655 2033 expulsa
695 1963 970 2018 divinandi
1000 1973 1142 2027 arte,
1176 1971 1385 2016 tantum
1429 1959 1576 2016 inter
1602 1959 1852 2015 homines
1885 1975 2003 2013 ma-

434 2055 547 2111 lum
581 2055 999 2112 lamentabatur.
1031 2055 1137 2110 Sed
1169 2055 1452 2110 videamus
1485 2068 1643 2123 quem
1667 2052 1768 2108 ista
1797 2052 2004 2107 exitum

433 2147 741 2202 habuerint.
769 2167 788 2200 ι

1047 2237 1276 2294 CAPUT
1317 2236 1403 2294 LI.

432 2351 708 2419 Quomodo
739 2353 1118 2408 Constantinus
1161 2353 1334 2405 adhuc
1361 2351 1665 2407 adolescens
1699 2351 1865 2413 iustos
1891 2368 2004 2408 esse

926 2421 1253 2476 Christianos
1281 2423 1503 2477 audivit.

509 2577 527 2608 ς
556 2557 630 2612 Te
646 2573 789 2611 nunc
811 2566 999 2611 testem
1022 2556 1254 2626 appello,
1280 2555 1419 2610 Deus
1431 2555 1716 2611 altissime.
1732 2556 1850 2612 Scis
1867 2571 2003 2626 qua-

427 2649 556 2704 litcr
590 2663 690 2720 ego
719 2657 847 2704 tunc
877 2648 1137 2718 temporis
1165 2647 1452 2702 admodum
1478 2647 1816 2714 adolescens,
1845 2644 1998 2702 illum

427 2741 520 2811 qui
555 2741 694 2796 inter
714 2741 1070 2810 imperatores
1092 2738 1367 2793 Reinanos
1383 2741 1645 2808 potiorem
1672 2739 1846 2793 locum
1873 2750 2001 2794 tunc

428 2833 730 2897 obtinebat,
765 2832 1053 2896 miserum,
1079 2832 1322 2902 profecto
1336 2833 1616 2897 miserum,
1645 2831 1779 2887 falso
1805 2833 2000 2887 mentis

426 2937 618 2978 errore
650 2923 931 2991 deceptum
950 2963 965 2987 ,
991 2937 1060 2977 ex
1085 2922 1487 2991 protectoribus
1513 2923 1624 2977 suis
1649 2924 1862 2978 curiose
1892 2923 1999 2978 sci-

425 3015 714 3069 scitantem
743 3014 1028 3078 audierim,
1049 3014 1268 3082 quinam
1296 3013 1367 3066 illi
1396 3013 1726 3081 essentjusti
1751 3013 1806 3067 in
1833 3015 1994 3069 terris

2105 1867 2230 1930 τοὺς
2263 1866 2575 1938 πλοκάμους
2616 1868 2820 1921 ἀνεῖναι
2863 1869 3149 1939 πεποίηκε,
3195 1871 3295 1940 τῆς
3347 1873 3607 1942 μαντείας
3632 1873 3674 1927 τ’

2106 1957 2485 2030 ἐλαυνομένης,
2539 1959 2601 2012 τὸ
2657 1961 2715 2012 ὲν
2765 1958 3071 2029 ἀνθρώποις
3119 1963 3287 2016 κακὸν
3346 1965 3673 2036 ἀπωδύρετο.

2118 2049 2256 2103 Ἀλλ’
2284 2049 2482 2122 ἴδωμεν
2520 2049 2692 2104 ταῦτα
2723 2053 2802 2115 είς
2834 2055 3016 2106 όποῖον
3050 2055 3199 2118 τέλος
3232 2055 3512 2122 ἐξώκειλε.
3561 2083 3578 2110 ι

2626 2234 3022 2287 ΚΕΦΑΛΑΙΟΝ
3049 2235 3177 2290 NA’.

2107 2325 2229 2395 ’Ότι
2264 2323 2401 2388 νέος
2446 2323 2532 2375 ὢν
2582 2325 2669 2378 ἔτι
2712 2327 3165 2393 Κωνσταντῖνος
3221 2327 3364 2391 τοὺς
3414 2327 3668 2395 δικαίους

2171 2390 2323 2466 εἶναι
2375 2395 2770 2466 Χριστιανοὺς
2821 2395 3112 2464 ἤκουσεν,
3141 2390 3230 2451 ’ἐκ
3274 2390 3382 2450 τοῦ
3429 2398 3506 2451 τὰ
3551 2390 3668 2466 περῖ

2171 2463 2428 2532 διωγμοῦ
2455 2464 2564 2534 πρά
2574 2468 2819 2532 ψαντος.

2179 2573 2197 2605 ι
2226 2555 2292 2607 Σὲ
2333 2554 2448 2618 νῦν,
2484 2555 2572 2608 τὸν
2605 2554 2825 2624 ὕψιστον
2871 2556 3201 2622 Θεὸν,καλῶ,
3235 2557 3538 2630 ἠκροώμην
3563 2559 3668 2612 τότε

2101 2647 2296 2718 κομιδῆ
2333 2649 2462 2710 παῖς
2486 2648 2746 2718 ὑπάρχων
2769 2647 2901 2719 (59),
2934 2649 3050 2712 πῶς
3077 2651 3104 2702 ὁ
3135 2651 3253 2703 κατ’
3285 2653 3462 2705 ἐκεῖνο
3489 2649 3664 2722 καιροῦ

2100 2735 2251 2808 παρὰ
2285 2738 2397 2800 τοῖς
2448 2737 2731 2807 Ῥωμαίων
2776 2737 3200 2810 αὐτοκράτορσιν
3245 2739 3382 2810 ἔχων
3431 2741 3503 2794 τὰ
3531 2759 3664 2812 πρω-

2097 2830 2236 2890 τεῖα,
2289 2828 2541 2891 δείλαιος,
2597 2828 2812 2898 ἀληθῶς
2847 2829 3102 2894 δείλαιος,
3145 2831 3320 2902 πλάνῃ
3366 2832 3466 2903 τὴν
3505 2831 3664 2901 ψυχὴν

2097 2918 2468 2990 ἡπατημένος,
2500 2919 2650 2990 παρὰ
2689 2920 2797 2973 τῶν
2828 2920 3268 2992 δορυφορούντων
3315 2922 3503 2985 αὐτὸν,
3540 2921 3664 2983 τίνες

2097 3009 2162 3064 ἂν
2197 3006 2305 3064 εἷεν
2333 3012 2382 3063 οἱ
2414 3010 2550 3082 πρὸς
2581 3014 2644 3082 τῇ
2673 3014 2743 3082 γῇ
2769 3012 2986 3073 δίκαιοι,
3007 3011 3480 3084 πολυπραγμονῶν
3514 3015 3663 3065 ἐπυν-

427 3107 781 3176 degenteszet
802 3107 1086 3175 quemdam
1115 3120 1180 3159 ex
1205 3106 1531 3160 sacriﬁeulis
1553 3106 1642 3174 qui
1672 3107 1816 3162 circa
1846 3105 1989 3160 illum

2108 3100 2321 3155 5άνετο’
2363 3101 2456 3155 καί
2489 3118 2572 3165 τις
2615 3101 2722 3154 τῶν
2767 3101 2894 3172 περὶ
2927 3101 3089 3154 αὑτὸν
3127 3101 3410 3173 θυηπόλων
3445 3103 3660 3172 ἀποκρι-

425 3207 602 3262 erant,
653 3198 998 3266 reSpondisse
1041 3211 1135 3252 eos
1204 3210 1323 3252 esse
1353 3196 1705 3252 Christianos.
1754 3196 1844 3251 Ille
1876 3213 1991 3252 res-

426 3302 596 3358 ponso
627 3288 866 3342 hominis
892 3288 1045 3356 quasi
1078 3286 1236 3342 melle
1267 3288 1501 3355 quodam
1529 3287 1682 3340 avide
1709 3286 1988 3355 absorpto,

423 3377 632 3448 gladios
655 3378 720 3432 ad
741 3378 1008 3447 punienda
1037 3379 1266 3433 crimina
1292 3388 1536 3448 paratos,
1554 3379 1810 3432 adversus
1832 3392 1990 3431 sanc-

425 3464 631 3518 titatem
694 3464 843 3519 omni
902 3467 1324 3534 reprehensione
1396 3482 1624 3521 vacuam
1685 3466 1987 3520 distrinxit.

423 3552 619 3607 Statim
651 3554 818 3622 igitur
860 3555 1272 3625 sanguinolenta
1319 3556 1496 3612 edicta
1536 3557 1794 3621 cruentis,
1823 3567 1881 3610 ut
1913 3558 1989 3610 ita

423 3645 676 3710 dixerim,
708 3645 1062 3700 mucronibus
1092 3645 1311 3714 scripsit
1345 3665 1357 3700 :
1387 3654 1441 3700 et
1476 3647 1748 3715 judicibus
1786 3662 1990 3717 putesc-

419 3736 520 3806 pit,
564 3745 622 3790 ut
652 3737 846 3807 ingenii
874 3737 1152 3792 solertiam
1189 3738 1293 3793 sibi
1338 3754 1366 3790 a
1401 3748 1590 3792 natura
1637 3739 1880 3804 insitam,
1920 3741 1988 3794 ad

420 3830 701 3884 acerbiora
735 3831 993 3899 supplicia
1023 3830 1377 3897 excogitanda
1405 3832 1772 3886 intenderent.
1812 3849 1832 3883 ι

1018 3921 1244 3977 CAPUT
1285 3921 1390 3978 Lll.

419 4011 556 4078 Quot
601 4023 977 4067 tormentorum
1011 4027 1058 4066 et
1102 4014 1476 4082 suppliciorum
1519 4031 1707 4084 genera
1733 4017 1987 4071 adversus

793 4084 1122 4138 Christianos
1158 4085 1454 4152 excogitata
1482 4089 1608 4138 sint.

495 4192 512 4224 ι
540 4173 715 4229 Licuit
742 4186 889 4242 tunc,
926 4175 1096 4239 licuit,
1124 4175 1364 4244 inquam,
1395 4176 1598 4240 videre,
1630 4187 1832 4245 quanta
1863 4194 1982 4232 cum

417 4265 667 4322 libertate
691 4268 1030 4322 venerabiles
1053 4267 1144 4322 Dei
1172 4267 1412 4322 cultores
1435 4269 1505 4322 ob
1527 4272 1837 4323 continuam
1862 4287 1986 4324 cru-

414 4358 695 4414 delitatem
729 4358 1081 4430 gravissimas
1117 4357 1362 4430 quotidie
1388 4359 1741 4416 contumelias
1776 4361 1972 4416 tolera-

2099 3193 2232 3257 θεὶς,
2269 3195 2583 3264 Χριστιανοὶ
2630 3193 2916 3264 δήπουθεν,
2962 3193 3090 3264 ἔφη.
3131 3195 3190 3248 ³0
3233 3194 3288 3246 δὲ
3321 3193 3421 3265 τὴν
3456 3195 3664 3266 ἀπόκριο

2100 3304 2182 3339 σιν
2223 3285 2408 3358 ὥσπερ
2451 3305 2505 3340 τι
2545 3286 2835 3358 βροχθίσας
2871 3287 2988 3356 μέλι
3010 3287 3141 3357 (60),
3171 3287 3238 3340 τά
3267 3288 3411 3341 κατὰ
3441 3289 3544 3341 τῶν
3569 3290 3644 3343 ἀδι

2097 3379 2356 3450 κημάτων
2400 3377 2690 3450 εὑρεθέντα
2747 3379 2897 3449 ξίφη,
2951 3380 3094 3433 κατὰ
3154 3379 3254 3449 τῆς
3305 3381 3657 3452 άνεπιλήπτου

2095 3472 2371 3543 ὁσιότητος
2417 3470 2698 3535 ἐξέτεινεν.
2729 3470 2938 3524 Αὐτίκα
2984 3471 3047 3542 δὴ
3098 3465 3188 3524 οὖν
3216 3472 3564 3544 διατάγματα
3587 3470 3661 3526 λῦ·

2098 3563 2241 3634 θρων
2273 3563 2598 3634 μιαιφόνοις,
2617 3562 2692 3626 ὡς
2721 3563 2916 3626 εἰπεῖν,
2947 3564 3190 3625 άκωκαῖς
3211 3563 3322 3633 (61)
3359 3565 3655 3624 συνέταττε.

2094 3657 2207 3717 τοῖς
2235 3671 2294 3707 τε
2327 3655 2607 3717 δικασταῖς
2659 3653 2760 3725 τὴν
2794 3654 2935 3708 κατὰ
2963 3654 3124 3723 φύσιν
3157 3655 3439 3725 ἀγχίνοιαν
3477 3659 3554 3720 εἰς
3579 3655 3656 3708 εὖ-

2099 3763 2247 3818 ρεσιν
2301 3745 2677 3817 κολαστηρίων
2729 3745 3076 3816 δεινοτέρων,
3113 3746 3375 3799 ἐκτείνειν
3439 3763 3656 3818 7:19:13-

2093 3839 2278 3894 λεύετο
2303 3839 2432 3910 (6‘2).
2486 3857 2505 3890 ι

2602 3929 2998 3982 ΚΕΦΑΛΑΙΟΝ
3029 3930 3154 3985 NB'.

2096 4023 2243 4077 Ὅσα
2269 4022 2399 4089 εἴδη
2422 4019 2719 4086 βασάνων
2752 4021 2847 4074 καὶ
2883 4020 3172 4089 τιμωριῶν
3203 4020 3354 4075 κατὰ
3390 4022 3651 4088 Χριστια-

2639 4089 2762 4144 νῶν
2791 4089 3113 4159 ἐτολμήθη.

2163 4179 2270 4236 τΗν
2306 4183 2446 4249 τότε,
2479 4177 2548 4254 ἦν
2581 4183 2729 4248 ἰδεῖν,
2771 4181 2888 4253 μεθ’
2916 4183 3046 4252 ὅσης
3064 4181 3312 4246 ἐξουσίας
3337 4183 3372 4250 ἡ
3409 4181 3652 4252 estnihil:

2092 4275 2270 4346 ἐκείνη
2314 4274 2414 4344 τῆς
2460 4273 2790 4337 θεοσεϐείας,
2825 4275 2890 4344 τῇ
2922 4274 3029 4343 τῆς
3079 4274 3358 4344 ὠμότητος
3394 4273 3646 4344 συνεχείᾳ,

2091 4365 2153 4418 οὑ
2203 4365 2300 4428 τὰς
2343 4363 2613 4435 τυχούσας
2652 4364 2736 4432 ἐφ’
2785 4363 3025 4435 ἑκάστης
3069 4363 3281 4436 ἡμέρας
3324 4363 3513 4436 ὕϐρεις
3565 4365 3650 4432 '3;-

482 4536 596 4611 (57)
639 4537 1063 4619 Eugavli‘qvg..,
1097 4536 1424 4619 ,πολέμουςἶ
1438 4539 1634 4619 Civilia
1653 4537 1788 4619 bella
1827 4547 1984 4619 vocat

2108 4542 2295 4619 )bsidis
2325 4540 2446 4596 loco
2479 4548 2819 4619 versaretur.
2857 4537 3067 4607 Quippe
3097 4547 3314 4619 anpatre
3339 4536 3644 4619 Constantio

411 4609 819 4679 persecutiones
863 4609 1318 4664 Christianorum.
1364 4611 1505 4664 Nihil
1553 4610 1693 4662 enim
1739 4611 1973 4665 similius

411 4680 555 4732 civili
591 4679 746 4744 bello,
783 4693 940 4747 quam
979 4694 1102 4734 cum
1145 4679 1437 4734 Christiani
1493 4681 1544 4733 in
1581 4680 1807 4748 singulis
1833 4682 1970 4734 civi-

415 4750 636 4814 tatibus,
684 4764 787 4802 non
823 4749 1057 4802 hostium
1087 4759 1179 4802 aut
1209 4750 1597 4815 Darbarornm,
1637 4752 1731 4803 sed
1766 4751 1967 4804 civium

411 4834 633 4872 auorum
667 4819 978 4872 incursione
1010 4817 1338 4886 iugaliantur
1371 4837 1433 4874 ac
1461 4820 1861 4874 mactabanlur.

373 4941 375 4944 .
474 4890 596 4970 (58)
643 4885 820 4970 Τοιξτο
880 4885 1435 4970 αιξτοῦίκατηφεῖς..
1475 4890 1829 4970 scribendum
1891 4899 1971 4970 est

407 4958 566 5013 τοῦτο
600 4958 762 5032 αὑτοῦ
793 4958 1081 5032 προφῆτις,
1119 4960 1198 5012 vel
1222 4958 1283 5013 si
1303 4962 1469 5014 mavis
1495 4960 1669 5030 ἱέρεια
1699 4963 1971 5032 κατηφής,

409 5047 570 5098 quam
603 5029 882 5082 lectieiiem
923 5033 973 5082 in
1018 5031 1463 5098 interpretatione
1503 5029 1616 5083 mea
1653 5046 1771 5082 sum
1809 5029 1964 5084 secu-

411 5110 515 5152 tus.
563 5099 1086 5170 Portesiusquoquc
1125 5110 1178 5152 et
1208 5100 1464 5170 Marinus
1511 5102 1578 5154 de
1626 5099 1819 5170 Pythia
1869 5117 1962 5154 seu

407 5169 1004 5238 sacerdote’Apollinis
1050 5170 1166 5221 haec
1203 5169 1613 5225 intellexerunt.
1658 5169 1714 5222 ln
1763 5172 1967 5237 optimo

409 5250 590 5291 tamen
627 5235 835 5292 Fuket'ii
885 5239 1022 5292 libro
1068 5247 1215 5292 totus
1252 5242 1338 5293 hic
1375 5241 1527 5294 locus
1559 5241 1631 5292 ita
1661 5235 1917 5293 scribitur
1950 5258 1964 5294 :

405 5309 574 5381 Τοῦτο
606 5307 770 5381 αὑτοῦ
816 5311 1078 5381 κατηφεῖς
1114 5309 1240 5381 τους
1285 5310 1594 5381 πλοκάμους
1628 5311 1832 5363 ἀνεῖναι
1877 5327 1974 5363 πε-

406 5380 622 5451 ποίηκε·
658 5380 758 5451 τῆς
792 5379 1124 5451 μαντείας-τ’
1153 5379 1535 5451 ἐλαυνομένης,
1568 5392 1672 5434 etc.
1714 5381 1808 5434 Cui
1839 5396 1968 5434 con-

407 5449 568 5503 sentit
589 5449 756 5506 codex
787 5451 996 5503 Savilii.
1025 5449 1140 5501 Mox
1177 5452 1228 5502 in
1255 5449 1441 5504 iisdem
1474 5449 1967 5518 todicibuslegitur

407 5521 486 5580 είς
508 5522 688 5574 ὁποῖον
717 5520 867 5584 τέλος
888 5518 1197 5588 κατέληξεν.

478 5591 590 5659 (59)
618 5591 839 5661 Κομιδῆ
869 5589 1008 5655 παῖς
1033 5587 1338 5661 ὑπάρχων.
1378 5587 1651 5661 anGraeco
1685 5589 1843 5656 hujus
1873 5606 1966 5644 ca-

411 5657 537 5726 pitis
567 5657 718 5714 titulo
750 5657 947 5715 rectius
973 5661 1229 5713 scribitur
1261 5659 1400 5722 νέος.
1435 5657 1619 5726 Neque
1642 5661 1784 5713 enim
1818 5661 1963 5716 Con-

409 5731 679 5784 stantinus
725 5745 857 5800 puer
889 5739 1014 5784 tunc
1045 5740 1185 5797 erat,
1215 5745 1336 5784 cum
1370 5731 1423 5783 in
1469 5730 1593 5784 aula
1638 5731 1960 5787 Diocletiani

2089 4613 2321 4666 traditus
2367 4620 2452 4666 est
2501 4611 2857 4672 Diocletiano,
2907 4625 3053 4662 anno
3091 4607 3296 4662 Christi
3357 4609 3487 4669 291,
3536 4623 3641 4659 cum

2077 4683 2430 4736 Consuantius
2461 4697 2490 4735 a
2530 4680 2866 4733 Diocletiano
2893 4682 3076 4734 Ctesar
3098 4678 3272 4731 iactus
3302 4678 3515 4732 fuisset.
3541 4678 3643 4741 Quo

2077 4753 2296 4819 quidem
2329 4762 2574 4822 tempore
2605 4751 3010 4822 Constantinus
3040 4765 3239 4822 annum
3280 4750 3464 4802 wtatis
3491 4747 3641 4822 circi-

2079 4818 2160 4875 ter
2201 4818 2456 4890 qnintuni
2497 4820 2770 4874 decimum
2821 4821 3037 4890 agebat.
3096 4819 3339 4872 Mortuus
3378 4829 3462 4872 est
3513 4818 3640 4870 enim

2079 4908 2220 4946 anno
2254 4890 2460 4946 Christi
2494 4891 2620 4955 557,
2666 4890 2848 4944 aetatis
2889 4905 3000 4944 suae
3046 4890 3291 4943 secundo
3333 4903 3399 4942 ac
3427 4901 3641 4956 sexage-

2079 4979 2238 5016 Slttio.

2146 5033 2255 5102 (60)
2309 5029 2471 5102 Vulg.
2517 5029 2876 5099 βροχθήσας
2923 5029 3086 5102 μέλι.
3161 5027 3214 5102 lu
3267 5027 3640 5102 manuscriptis

2072 5096 2348 5155 codicibus
2381 5096 2592 5154 Fukctit
2631 5096 2677 5153 et
2715 5096 3153 5154 Savitli—rectius
3186 5099 3396 5168 legitur
3436 5096 3635 5168 βροχθί-

2075 5189 2173 5236 σας
2198 5213 2212 5236 ,
2246 5187 2424 5234 neque
2448 5174 2607 5223 aliter
2630 5173 2889 5236 Scriptum
2921 5170 3145 5222 exhibet
3181 5167 3380 5236 Regius
3402 5167 3588 5221 codex.

2147 5245 2257 5305 (til)
2289 5242 2709 5310 Μιαιφόνοις...
2731 5238 3311 5310 ἁκωκαῖςΑΙΙιιιΙίιξιιΙ
3337 5251 3636 5310 mucronem

2079 5314 2224 5382 styli.
2255 5305 2447 5364 Porro'
2477 5305 2758 5380 eleganter
2791 5310 3205 5382 Constantinus,
3242 5305 3391 5382 leges
3426 5308 3636 5382 illas__d_e

2081 5377 2462 5450 persecutione
2501 5377 2937 5435 Christianorum
2989 5380 3223 5450 scriptas
3283 5377 3458 5450 fuisse
3507 5377 3634 5450 dicit

2074 5446 2316 5506 cruentis
2346 5452 2648 5521 gladiorum
2674 5451 3042 5521 mucronibus.
3078 5446 3166 5521 Sic
3192 5447 3459 5521 Draconis
3506 5446 3634 5515 leges

2074 5518 2369 5592 Sanguine,
2397 5537 2499 5574 non
2525 5531 2830 5586 atramento
2854 5520 3086 5588 scriptas
3110 5518 3278 5573 fuisse
3299 5519 3521 5588 quidam
3552 5529 3631 5568 ve.

2075 5601 2248 5645 terum
2280 5595 2548 5646 dixerunt.

2143 5662 2256 5733 (6’2)
2319 5663 2642 5718 Ἑκτείνειν
2683 5661 3135 5733 παρεκελεύετο.
3195 5658 3406 5715 Mallem
3461 5657 3628 5713 dicere

2071 5732 2381 5802 ἐπιτείνειν,
2412 5743 2468 5792 ut
2496 5735 2640 5804 loqui
2673 5738 2812 5790 solet
2840 5732 3132 5786 Eusebius.
