3882 6262
455 313 592 370 1031

1163 310 1433 369 EUSEBII
1469 307 1943 369 CAESARIENSIS
1979 310 2134 367 OPP.
2177 310 2358 367 PARS
2390 311 2436 366 ἶ.
2475 340 2547 353 --
2580 308 2978 369 HISTORICA.

3552 318 3673 378 I03!

453 440 618 501 atque
666 430 814 502 impii
848 428 1111 487 scelerata
1163 443 1455 486 eversione
1499 437 1803 495 vastarunt,
1842 431 1984 485 denu

2124 427 2184 482 δν
2206 429 2254 482 oi
2292 428 2525 500 μυσαροὶ
2553 429 2752 484 ἐκεῖνοι
2774 431 2868 484 καὶ⁵
2897 429 3251 484 ἀσεϐέστατοι
3276 416 3358 501 τῷ
3394 430 3679 505 titan-qm

455 521 773 576 instanrem.
818 535 840 572 ι

1028 608 1257 666 CAPUT
1309 609 1443 666 LVI.

489 702 765 771 Quomodo
791 717 968 757 omnes
996 703 1209 774 quidem
1249 701 1584 774 Christianos
1616 716 1729 756 esse
1767 702 1984 770 optauit,

888 773 1149 828 neminem
1179 785 1357 828 autem
1389 773 1578 843 coegit.

532 887 553 921 ι
577 866 836 938 Equidem
866 863 1121 935 populum
1157 873 1303 919 tuum
1336 873 1526 934 pacate
1554 878 1620 920 ac
1652 864 1768 920 sine
1800 864 1905 919 nlla
1939 880 2023 923 se-

2121 519 2222 592 τῆς
2248 520 2620 592 καθαιρέσεως
2641 520 3000 593 ἐλυμήναντο.
3042 541 3061 574 ι

2635 613 3032 667 ΚΕΦΑΛΔΙΟΝ
3065 614 3207 682 Nq'.

2123 700 2254 755 Ὀτι
2277 702 2675 771 προσεύχεται
2699 700 2818 770 μὲν
2841 704 3237 772 Χριστιανοὺς
3259 700 3417 759 εἶναι
3447 705 3674 772 πάντας,

2611 773 2723 825 οὐκ
2759 771 3075 843 ἀναγκάζει
3099 774 3186 829 δέ.

2197 882 2215 914 ι
2241 862 2556 934 Εἰρηνεύειν
2592 881 2686 917 σου
2713 863 2807 917 τὸν
2833 864 2963 919 λαὸν
2994 868 3091 921 καὶ
3127 868 3490 923 ἀστασίαστον
3517 870 3674 940 μένειν

451 960 656 1018 ditione
691 958 910 1029 degere,
936 972 1038 1027 pro
1079 957 1354 1013 communi
1389 956 1555 1012 totius
1582 958 1733 1013 orbis
1762 966 1819 1013 et
1851 972 1985 1013 cunc

2118 954 2392 1025 ἐπιθυμῶ,
2432 955 2573 1026 ὑπὲρ
2613 954 2708 1009 τοῦ
2755 956 2938 1011 κοινοῦ
2983 958 3085 1029 τῆς
3126 962 3452 1032 οἰκουμένης
3481 965 3674 1019 καὶτοῦ

447 1059 627 1108 torum
659 1048 965 1106 mortalium
994 1049 1230 1104 utilitate
1258 1048 1528 1106 desidero.
1555 1048 1656 1116 Qui
1682 1058 1860 1105 autem
1887 1065 1985 1120 gen

2118 1046 2335 1101 πάντων
2367 1047 2666 1118 ἀνθρώπων
2702 1048 2993 1121 χρησίμου.
3027 1051 3247 1122 Ὀμοίαν
3267 1055 3382 1116 τοῖς
3413 1054 3675 1109 πιστεύου-

448 1142 655 1200 tilitatis
679 1155 866 1197 errore
903 1137 1162 1209 implicati
1188 1146 1337 1205 sunt,
1385 1139 1482 1209 ipsi
1517 1153 1733 1209 quoque
1770 1142 1985 1196 eamder

2120 1155 2204 1192 σιν
2242 1140 2290 1192 οἱ
2324 1137 2663 1209 πλανώμενοι
2699 1139 2982 1211 χαίροντες
3026 1140 3451 1212 λαμϐανέτωσαν
3474 1146 3676 1219 εἰρήνης

447 1250 569 1291 cum
598 1232 848 1289 ﬁdelibus
900 1231 1053 1302 pacis
1096 1238 1152 1284 et
1195 1230 1396 1300 quietis
1445 1230 1864 1288 oblectationem
1909 1231 1985 1287 laet

2113 1247 2176 1283 τε
2204 1231 2298 1283 καὶ
2320 1230 2550 1301 ἡσυχίας
2570 1230 2892 1286 ἀπόλαυσιν.
2918 1231 3067 1303 Αὕτη
3088 1234 3249 1307 γὰρὴ
3278 1234 3382 1306 τῆς
3412 1239 3673 1303 κοινωνίας

442 1325 769 1396 percipiant.
822 1321 950 1378 Haec
996 1321 1143 1378 enim
1196 1323 1597 1379 communionis
1637 1339 1702 1379 ac
1736 1323 1984 1379 societati

2117 1320 2521 1393 ἐπανόρθωσις,
2581 1322 2676 1376 καὶ
2721 1323 2860 1394 πρὸς
2903 1324 3013 1395 τὴν
3057 1325 3272 1379 εὐθεῖαν
3320 1328 3546 1396 ἀγαγεῖν
3575 1329 3672 1384 ὁδὸν

444 1423 643 1470 mutuae
672 1412 969 1482 reparatio,
1009 1411 1076 1466 ad
1121 1411 1371 1466 homines
1401 1413 1457 1466 in
1493 1422 1697 1467 rectam
1751 1412 1894 1468 viam
1925 1428 2013 1469 re-

2119 1413 2291 1485 ἰσχύει
2330 1413 2463 1486 (66).
2497 1415 2709 1485 Μηδεὶς
2741 1416 2832 1470 τὸν
2876 1418 3062 1490 ἕτερον
3094 1420 3527 1491 παρενοχλείτω·
3564 1422 3672 1475 ἔκα-

442 1505 720 1561 ducendos
761 1503 1054 1575 plurimum
1095 1505 1261 1559 valet.
1306 1501 1479 1559 Nemo
1511 1504 1668 1559 alteri
1706 1505 1985 1561 molestia-

2116 1523 2239 1570 στος
2260 1508 2397 1580 ὅπερ
2425 1508 2621 1580 ἡψυχὴ
2642 1509 2911 1579 βούλεται,
2942 1512 3100 1567 τοῦτο
3123 1514 3218 1567 καὶ
3243 1517 3530 1587 πραττέτω
3557 1517 3668 1588 (67).

440 1594 692 1651 facessat.
725 1593 879 1660 Quod
907 1592 1107 1661 cuique
1134 1592 1349 1649 libitum
1382 1593 1579 1659 fuerit,
1611 1594 1664 1647 id
1698 1602 1842 1663 agat.
1880 1593 1985 1649 111ιι‹

2114 1598 2251 1663 Τοὺς
2275 1599 2319 1653 δ’
2348 1595 2409 1653 εὖ
2440 1602 2769 1673 φρονοῦντας
2794 1605 3085 1659 πεπεῖσθαι
3107 1606 3235 1677 χρὴ,
3264 1607 3340 1671 ὡς
3369 1603 3516 1662 οὗτοι
3542 1609 3670 1680 μόνοι

441 1695 621 1743 tamen
651 1686 793 1756 apud
825 1699 921 1740 eos
951 1686 1043 1755 qui
1071 1695 1218 1741 recte
1243 1685 1490 1741 sentiunt
1516 1683 1682 1739 ﬁxum
1726 1693 1985 1755 ratuman

2115 1688 2282 1758 ἀγίως
2332 1692 2428 1745 καὶ
2483 1692 2739 1766 καθαρῶς
2795 1695 3106 1767 βιώσονται,
3154 1697 3248 1762 οὒς
3298 1699 3464 1763 αὐτὸς
3509 1701 3671 1765 καλεῖς

438 1790 562 1832 esse
583 1784 823 1844 oportet,
855 1775 1004 1832 solos
1027 1776 1147 1832 illos
1177 1785 1368 1832 sancte
1389 1786 1652 1844 casteque
1682 1789 1804 1831 esse
1830 1777 1985 1831 victui

2112 1779 2555 1836 ἐπαναπαύεσθαι
2583 1786 2695 1847 τοῖς
2730 1787 2842 1849 σοῖς
2874 1785 3049 1854 ἁγίοις
3077 1787 3283 1858 νόμοις.
3309 1791 3372 1842 Οἱ
3398 1789 3443 1842 δ’
3465 1790 3671 1857 ἑαυτοὺς

438 1882 552 1933 ros,
577 1881 713 1936 quos
752 1876 806 1921 tu
841 1869 957 1937 ipse
986 1869 1051 1922 ad
1082 1869 1186 1923 hoc
1228 1867 1514 1932 vocavisti,
1551 1877 1611 1921 ut
1639 1867 2008 1922 sacrosanctis

435 1961 544 2016 tuis
584 1960 790 2031 legibus
821 1961 1193 2031 acquiescant.
1218 1960 1320 2028 Qui
1358 1975 1492 2015 vero
1540 1960 1748 2029 seipsos
1794 1958 2010 2015 subtrao

434 2052 594 2116 hnnt,
626 2053 867 2108 habeant
903 2052 1009 2108 sibi
1053 2052 1463 2107 mendaciorum
1514 2051 1761 2118 delubra,
1792 2050 2007 2120 quando

434 2145 511 2200 ita
560 2146 763 2200 volunt.
799 2145 909 2201 Nos
950 2143 1446 2215 splendidissimum
1491 2142 1713 2199 domum
1758 2143 2006 2199 veritatis

433 2245 538 2293 tuae
567 2253 731 2309 quam
763 2238 1116 2294 nascentibus
1144 2235 1306 2292 nobis
1336 2234 1572 2299 donasti,
1601 2235 1919 2290 retinemus.
1946 2234 2003 2290 1d

2112 1870 2459 1940 ἀφέλκοντες,
2495 1875 2728 1946 ἐχόντων
2760 1876 3070 1949 βουλόμενοι
3103 1880 3171 1935 τὰ
3209 1880 3310 1951 τῆς
3341 1882 3669 1952 ψευδολογίας

2110 1961 2342 2033 τεμένηο
2376 1965 2541 2034 ἡμεῖς
2573 1965 2768 2037 ἔχομεν
2799 1968 2890 2023 τὸν
2923 1969 3281 2041 φαιδρότατον
3307 1972 3407 2042 τῆς
3433 1974 3532 2043 σῆς
3558 1974 3669 2045 ἀλη-

2112 2051 2265 2118 θείας
2288 2051 2455 2122 οἷκον,
2485 2058 2652 2129 ὅνπερ
2678 2060 2818 2113 κατὰ
2846 2060 3008 2130 φύσιν
3028 2061 3288 2126 δέδωκας.
3312 2063 3483 2117 Τοῦτο
3509 2066 3667 2120 κάκεί-

2109 2163 2223 2210 νοις
2254 2148 2544 2221 εὐχόμεθα,
2576 2152 2663 2206 ἵνα
2685 2152 2887 2224 δηλαδὴ
2926 2154 3015 2209 διὰ
3060 2155 3161 2226 τῆς
3205 2157 3395 2227 κοινῆς
3436 2157 3666 2230 ὁμονοίας

2110 2239 2205 2292 καὶ
2237 2240 2389 2294 αὐτοὶ
2416 2243 2513 2314 τὴν
2545 2243 2810 2316 θυμηδίαν
2842 2247 3242 2320 ἀναφέρωνται.
3283 2268 3303 2302 ι

428 2327 603 2401 ipsum
636 2330 742 2386 illis
762 2346 980 2401 quoque
1019 2338 1294 2401 optamus,
1338 2337 1398 2384 ut
1451 2329 1661 2384 scilicet
1683 2344 1751 2383 ex
1795 2329 2067 2387 communi
2124 2333 2363 2388 omnium
2406 2350 2669 2392 consensu
2721 2347 2885 2408 atque
2916 2340 3234 2404 concordia,
3270 2339 3558 2394 maximam
3585 2356 3664 2394 ca-

434 2424 592 2513 piant
618 2425 970 2496 voluptatem.
998 2444 1017 2478 ι

1002 2514 1234 2572 CAPUT
1279 2514 1438 2571 LVII.

426 2607 662 2664 Clarium
711 2607 895 2662 tribuit
936 2607 1045 2662 Deo
1072 2608 1164 2678 qui
1199 2624 1292 2674 per
1339 2606 1543 2662 Filium
1571 2623 1728 2662 suum
1765 2615 2000 2662 errantes

1037 2677 1382 2732 illuminavit.

501 2789 520 2822 ι
544 2768 730 2839 Neque
757 2769 902 2823 enim
936 2784 1070 2823 nova
1103 2784 1166 2823 ac
1214 2783 1404 2823 recens
1428 2776 1511 2823 est
1543 2777 1727 2821 nostra
1762 2766 1952 2837 religio
1981 2784 1995 2820 :

424 2863 519 2919 sed
548 2877 617 2918 ex
646 2876 755 2932 quo
783 2860 944 2931 hujus
979 2862 1164 2915 mundi
1198 2860 1464 2914 fabricam
1498 2869 1624 2927 apte
1674 2858 1993 2929 dispositam

419 2951 640 3007 stetisse
667 2949 963 3013 credimus,
1014 2957 1071 3002 tu
1118 2948 1258 3003 banc
1293 2948 1607 3019 religionem
1642 2963 1765 3000 cum
1811 2948 1994 3002 debita

2620 2520 3017 2574 ΚΕΦΑΛΑΙΟΝ
3061 2520 3186 2573 NZ'.

2105 2608 2433 2681 Δοξολογία
2471 2612 2558 2676 εὶς
2600 2610 2749 2665 Θεὸν
2792 2611 2867 2665 δι’
2922 2609 3060 2667 Υἱοῦ
3121 2614 3493 2682 φωτίσαντος
3538 2613 3664 2682 τοὺς

2659 2685 3110 2752 πλανωμένους.

2183 2783 2203 2817 ι
2235 2766 2367 2820 Οὐδὲ
2390 2767 2497 2839 γάρ
2514 2768 2628 2822 ἐστι
2652 2769 2843 2823 καινὸν
2854 2770 2964 2842 (68)
2986 2771 3106 2824 οὐδέ
3121 2790 3172 2826 τι
3188 2773 3449 2846 νεώτερον
3472 2775 3529 2829 τὸ
3552 2776 3661 2829 καθ’

2102 2856 2268 2927 ἡμᾶς·
2283 2857 2394 2909 ἀλλ’
2415 2858 2472 2924 ἐξ
2493 2850 2663 2931 οὗπερ
2676 2859 2774 2932 τὴν
2794 2861 2902 2915 τῶν
2917 2862 3055 2916 ὅλων
3082 2863 3445 2939 διακόσμησιν
3464 2870 3657 2936 παγξικ

2099 2948 2426 3019 γεγενῆσθαι
2455 2951 2917 3023 πεπιστεύκαμεν,
2954 2954 3093 3023 μετὰ
3116 2954 3211 3008 τοῦ
3245 2956 3541 3028 πρέποντός
3572 2973 3654 3009 σου

420 3043 495 3096 ιιιί
527 3041 765 3095 numinis
782 3039 1128 3095 observantia
1158 3039 1467 3093 instituisti.
1500 3038 1673 3092 Porro
1703 3038 1985 3092 humanum

2105 3042 2438 3114 πϐάσματος
2470 3042 2629 3097 τοῦτο
2672 3043 3091 3116 παρεκελεύσω·
3124 3048 3333 3119 ἐσφάλη
3378 3048 3437 3102 δὲ
3478 3049 3537 3101 τὸ
3573 3050 3655 3101 ἁν-

419 3145 588 3202 genus
620 3131 790 3185 variis
812 3130 1093 3186 seductum
1120 3129 1397 3183 erroribus
1419 3128 1587 3201 470
1619 3130 1857 3198 impegit.
1886 3130 1991 3185 Sed

421 3230 476 3274 tu
506 3234 574 3275 ne
604 3221 705 3276 hoc
740 3221 941 3274 malum
973 3219 1207 3290 amplius
1238 3219 1661 3289 ingravesceret,
1687 3216 1988 3288 perFiliun

419 3321 571 3366 tuum
618 3312 1111 3382 splendidissimum
1143 3310 1397 3366 attollens
1438 3311 1638 3375 facem,
1670 3319 1898 3366 cunctos
1925 3312 1991 3364 de

418 3406 658 3461 numinis
691 3408 766 3462 tui
800 3407 946 3463 cultu
979 3406 1331 3462 admonuisti.
1361 3424 1382 3459 ι

976 3498 1206 3555 CAPUT
1245 3496 1425 3552 LVIII.

449 3593 650 3651 Iterum
690 3592 800 3648 Deo
844 3589 1076 3661 gloriam
1120 3592 1303 3713 trib‘iliit
1355 3608 1421 3645 ea:
1457 3593 1746 3648 ministerio
1792 3591 1953 3647 latius

1094 3678 1220 3713 mun
1259 3678 1298 3713 ι.

1094 3678 1275 3715 ηιιιηιιι
1285 3701 1298 3715 .

486 3771 507 3807 ι
537 3752 705 3825 Hujus
734 3753 811 3809 rei
844 3752 1003 3809 (idem
1045 3753 1248 3807 faciunt
1278 3767 1440 3821 opera
1475 3762 1585 3807 tua.
1617 3750 1729 3806 Tua
1770 3767 1866 3807 nos
1891 3767 1989 3821 po-

415 3855 587 3902 testas
622 3847 938 3900 innocentes
960 3843 1126 3899 cllicit
1151 3859 1215 3897 ac
1243 3846 1449 3899 ﬁdeles.
1483 3845 1575 3900 Sol
1605 3855 1660 3899 et
1690 3845 1813 3898 luna
1851 3845 1988 3899 ratis

413 3953 477 3992 ac
505 3934 743 3991 deﬁnitis
772 3934 1028 3990 cursibus
1058 3934 1339 4001 feruntur;
1366 3950 1466 3991 nec
1489 3936 1606 3990 sine
1628 3936 1818 3990 ordine
1841 3935 1986 3989 circa

410 4027 597 4083 mundi
633 4027 797 4081 totius
823 4041 979 4080 axem
1010 4026 1193 4081 sidera
1218 4026 1528 4081 volvuntur.
1562 4026 1721 4081 Certa
1755 4026 1871 4096 lege
1896 4040 1985 4079 re-

410 4131 628 4175 currunt
665 4132 968 4190 temporum
1002 4120 1174 4174 vices.
1205 4118 1321 4175 Tuo
1355 4121 1522 4175 verbo
1561 4129 1669 4176 stat
1709 4129 1871 4175 terra:
1894 4121 1987 4173 lir-

410 4228 496 4268 ina
534 4214 803 4278 soliditas,
828 4222 883 4268 et
911 4213 1057 4267 venti
1084 4214 1384 4282 przcstituto
1412 4224 1653 4283 tempore
1678 4222 1982 4276 moventur,

405 4318 461 4363 et
509 4322 768 4379 aquarum
813 4308 1053 4377 impetus
1109 4307 1405 4376 irrcqnieto
1460 4306 1610 4360 ﬂuxu
1649 4304 1981 4374 prolabitur.

2101 3135 2370 3207 θρώπινον
2424 3136 2612 3205 γένος,
2672 3137 2900 3200 πλάναις
2956 3138 3239 3203 παντοίαις
3291 3137 3655 3212 παρηγμένον

2098 3227 2234 3282 ἀλλὰ
2266 3226 2329 3280 σύ
2375 3244 2439 3296 γε
2489 3226 2577 3280 διὰ
2619 3227 2714 3280 τοῦ
2751 3229 2844 3282 σοῦ
2879 3230 3032 3294 Υίοῦ,
3065 3231 3153 3284 ἵνα
3192 3230 3348 3301 μὴτὸ
3378 3232 3547 3286 κακὸν
3579 3228 3658 3285 ἐπὶ

2097 3320 2262 3374 πλέον
2290 3321 2568 3393 ἐπιϐρίσῃ,
2601 3320 2838 3394 καθαρὸν
2888 3323 3003 3392 φῶς
3034 3323 3307 3396 ἀνασχὼν,
3359 3325 3657 3395 ὑπέμνησας

2099 3413 2228 3484 περὶ
2260 3411 2486 3466 σεαυτοῦ
2518 3414 2643 3476 τοὺς
2671 3412 2897 3478 πάντας.
2927 3433 2945 3466 ι

2600 3505 2997 3559 ΚΕΦΑΛΑΙΟΝ
3024 3507 3160 3561 NH’.

2096 3615 2421 3688 Δοξολογία
2449 3617 2633 3672 πάλιν
2658 3618 2726 3671 ἐκ
2755 3617 2865 3687 τῆς
2884 3618 2993 3672 τοῦ
3013 3619 3246 3690 κόσμου
3272 3623 3650 3691 λειτοιιργίας.

2173 3767 2192 3797 ι
2217 3749 2281 3801 Αἱ
2309 3749 2397 3803 σαὶ
2420 3748 2648 3821 πράξεις
2677 3748 2851 3804 ταῦτα
2879 3751 3194 3805 πιστοῦνται
3211 3769 3224 3783 θ
3266 3754 3326 3806 τὸ
3356 3754 3450 3807 σὺν
3477 3756 3651 3826 κράτος

2097 3839 2307 3916 coegi»;
2335 3842 2481 3916 ἡμᾶς
2516 3842 2608 3907 καὶ
2650 3844 2876 3907 πιστοὺς
2912 3843 3205 3915 ἐργάζεται
3224 3861 3238 3874 ο
3265 3845 3424 3916 ἥλιος
3455 3847 3545 3900 καὶ
3571 3864 3646 3900 σε-

2095 3903 2230 4006 λήνῆ
2279 3903 2517 4006 ἐνθμᾶθτ
2546 3904 2728 4005 ἔχουσι
2762 3903 2868 4002 τὴν
2907 3903 3153 4007 πορείαν,
3207 3903 3330 3990 οὐδὲ
3378 3903 3449 3991 τὰ
3496 3938 3648 4010 ἄστρα

2096 4025 2328 4079 ἄτακτον
2358 4025 2471 4096 ἔχει
2499 4026 2599 4096 τὴν
2636 4023 2730 4078 τοῦ
2777 4025 3045 4096 κοσμικοῦ
3092 4026 3293 4081 κύκλου
3329 4030 3644 4101 περιφοράν

2097 4120 2151 4171 αἱ
2186 4117 2294 4171 τῶν
2340 4117 2547 4188 καιρῶν
2579 4117 2805 4187 ἀμοιϐαὶ
2852 4119 3098 4189 νομίμως
3146 4120 3647 4192 ἀνακαλοῦνται-ἠ

2095 4212 2195 4281 τῆς
2226 4210 2332 4281 γῆς
2373 4209 2560 4281 ἐδραία
2594 4208 2782 4272 στάσις
2805 4209 2883 4280 τῷ
2912 4209 2988 4280 σῷ
3020 4209 3162 4280 λόγῳ
3210 4211 3537 4283 συνέστηκε·
3570 4212 3648 4265 καὶ

2097 4303 2155 4357 τὸ
2180 4301 2393 4372 πνεῦμα
2423 4302 2565 4356 κατὰ
2585 4302 2676 4356 τὸν
2704 4301 3066 4373 ἐπιταχθέντα
3090 4302 3279 4373 καιρὸν
3299 4303 3410 4375 (69)
3439 4306 3647 4357 ποιεῖται

405 4400 553 4455 Mare
583 4400 821 4455 immotis
852 4401 1164 4455 continetur
1199 4399 1465 4453 terminis.
1496 4397 1563 4452 Et
1588 4397 1853 4467 quidquid
1891 4411 1985 4466 per

2105 4396 2188 4467 τὴν
2215 4395 2451 4466 κίνησιν,
2486 4394 2520 4464 ἦ
2550 4411 2611 4448 τε
2644 4394 2751 4447 τῶν
2784 4395 2990 4448 ὑδάτων
3027 4393 3170 4466 φορὰ
3199 4395 3397 4447 θέουσα
3425 4395 3645 4467 πρόεισιν

405 4501 582 4545 terras
629 4505 831 4561 perque
870 4506 1136 4546 oceanum
1166 4489 1516 4554 dill’unditnr,
1550 4490 1654 4543 hoc
1702 4491 1768 4542 ad
1815 4489 1988 4542 maxi-

403 4595 522 4637 mos
561 4593 614 4637 et
644 4582 923 4637 mirabiles
949 4598 1081 4637 usus
1108 4582 1427 4635 fabricatum
1455 4590 1556 4637 est.
1582 4582 1732 4648 Quod
1761 4581 1983 4651 quidem

403 4675 505 4729 nisi
535 4689 604 4729 ex
632 4676 931 4730 voluntatis
967 4688 1074 4731 tuae
1103 4676 1330 4732 arbitrio
1362 4676 1434 4728 ita
1460 4686 1766 4744 gereretur,
1795 4672 1980 4742 procul

403 4827 566 4883 licam
595 4828 866 4899 intelligit,
901 4846 1058 4897 quam
1092 4847 1212 4899 cap.
1237 4832 1307 4884 56
1362 4832 1578 4884 doinnm
1616 4831 1861 4885 veritatis
1888 4846 1984 4899 ap-

399 4899 586 4968 pellat.
638 4898 692 4952 ln
731 4903 905 4955 sacris
941 4902 1092 4956 libris
1126 4898 1450 4958 (Columna
1491 4914 1542 4956 et
1577 4898 1979 4955 lirtnatnentnm

400 4970 647 5039 veritatis
680 4987 699 5020 ι
738 4971 959 5026 dicitur.
992 4969 1159 5025 Paulo
1196 4982 1314 5039 post
1340 4974 1517 5025 scribe
1554 4987 1618 5025 ex
1646 4971 1833 5024 codice
1864 4969 1977 5024 Fu-

398 5036 552 5111 ltetii,
599 5037 789 5093 δυνηἱί
837 5049 890 5095 et
922 5055 987 5094 ex
1034 5036 1252 5096 sclted'is
1294 5042 1480 5109 Regiis
1527 5040 1587 5095 ὃν
1634 5042 1682 5093 οἱ
1734 5040 1970 5111 μυσαροὶ

397 5107 621 5172 ἐκεῖνοι,
654 5122 759 5164 etc.

469 5178 588 5250 (66)
625 5176 778 5250 Πρός
799 5177 927 5250 {sine
955 5178 1193 5250 εὐθεῖαν
1216 5179 1460 5250 ἀγαγεῖν
1483 5178 1628 5233 ὀδόν
1655 5178 1870 5247 ἰσχύει.
1908 5177 1966 5231 In

396 5245 767 5319 {ibranketti
799 5248 994 5319 legitur
1016 5249 1186 5319 ἰσχύς.
1222 5245 1475 5303 θέαιναι-ο
1510 5252 1670 5303 lcetio
1693 5245 1965 5319 estquam

400 5316 454 5369 in
481 5322 754 5390 veteribus
786 5316 1002 5390 schedis
1030 5316 1369 5373 bibliotheca:
1401 5319 1581 5389 Regia:
1605 5317 1968 5390 inveni,iex-3-

398 5386 682 5458 68!..‘Qtl0tl
721 5388 969 5458 profecto
995 5392 1151 5458 longe
1178 5401 1261 5443 est
1289 5386 1612 5458 eleganims.

470 5454 582 5528 (‘57)
625 5457 918 5528 "Extitrth
950 5454 1104 5527 ὅπερ
1143 5459 1181 5526 ἡ
1213 5454 1400 5528 ψυχῆ
1426 5459 1737 5522 βούλεται,
1787 5456 1963 5510 τοῦτο

514 5526 829 5598 πραττέτω.
866 5522 922 5582 Id
950 5522 1237 5598 estfqudui
1271 5522 1488 5598 quisque
1512 5528 1618 5582 uult
1657 5529 1957 5596 religionem

398 5594 556 5666 colat.
600 5597 808 5662 Quibus
847 5599 1027 5654 verbis
1070 5594 1478 5662 Constantinus,
1532 5594 1802 5666 integram
1858 5614 1956 5650 co—

2094 4487 2325 4542 ἀπλέτου
2374 4486 2641 4559 ῥεύματος
2677 4487 2956 4560 μέτρῳ-ἡ
3008 4486 3248 4541 θάλασσα
3297 4488 3447 4559 ὅροις
3496 4488 3646 4557 ἐμπε-

2098 4579 2337 4652 ριέχεται
2384 4578 2691 4649 πεπηγόσι·
2743 4581 2837 4633 καὶ
2880 4581 2909 4633 ὅ
2978 4597 3031 4635 τι
3091 4579 3156 4632 ἂν
3204 4582 3269 4651 τῇ
3317 4582 3387 4651 γῇ
3446 4579 3537 4632 καὶ
3577 4576 3644 4648 τῷ

2092 4668 2319 4741 ὠκεανῷ
2359 4671 2915 4743 συμπαρεκτείνεται,
2970 4669 3128 4724 τοῦτο
3170 4672 3278 4725 πᾶν
3327 4671 3647 4744 θαυμασταῖς

2084 4844 2214 4898 ceps
2244 4843 2436 4883 omnes
2452 4830 2666 4899 quidem
2694 4828 2950 4884 mortales
2975 4828 3041 4882 ad
3071 4828 3274 4883 Christi
3296 4828 3459 4884 [idem
3487 4838 3646 4899 transe

2083 4899 2166 4954 ire
2230 4898 2481 4960 maxime
2518 4901 2830 4968 concupivrt
2874 4917 2888 4952 :
2940 4900 3213 4953 neminem
3273 4909 3454 4953 tamen
3501 4904 3563 4951 ad
3597 4898 3642 4951 id

2082 4985 2322 5038 unquam
2357 4969 2555 5037 coegit.
2588 4971 2665 5023 Ac
2688 4968 2920 5039 gentiles
2949 4968 3167 5037 quidem
3211 4969 3441 5037 pristino
3473 4981 3643 5022 errore

2083 5039 2337 5092 liberatos
2369 5040 2577 5103 voluit;
2619 5038 2944 5108 templorum
2988 5047 3168 5090 tamen
3207 5039 3640 5108 cwremoniaswet

2080 5109 2351 5163 sacriﬁcia
2379 5124 2484 5162 non
2519 5107 2813 5175 prohibuit,
2831 5108 3016 5176 uttipse
3034 5117 3284 5167 testatur,
3315 5110 3457 5160 intra
3485 5122 3532 5161 e.
3559 5107 3637 5161 59.

2147 5179 2262 5251 (68)
2298 5176 2460 5251 ocos
2504 5177 2617 5247 γάρ
2666 5178 2805 5251 ἐστι
2832 5179 3093 5251 καινόν.-
3115 5178 3189 5232 De
3220 5179 3433 5251 origine
3463 5186 3517 5251 e_t
3552 5194 3638 5230 an-

2083 5247 2334 5319 liquitate
2370 5249 2652 5319 religionis
2680 5249 3012 5319 Christiana;
3044 5248 3198 5319 idem,
3233 5249 3432 5302 scribit
3481 5247 3634 5319 Euse-

2074 5315 2198 5387 bjus
2228 5321 2281 5372 in
2310 5315 2579 5387 principio
2603 5317 2860 5371 Historia:
2891 5315 3296 5381 Ecclesiastiae,
3323 5325 3381 5371 e’t
3416 5319 3469 5371 in
3496 5316 3634 5372 libris

2086 5382 2165 5442 De
2185 5382 2504 5456 euangelica
2518 5390 2994 5441 demonstratione.

2143 5458 2256 5528 (69)
2299 5453 2452 5525 Vulg.
2481 5458 2627 5512 κατὰ
2656 5458 2754 5511 τὸν
2788 5455 3224 5527 ἐπεισαχθέντα
3252 5459 3476 5528 καιρόν.
3505 5453 3635 5524 Lago

2073 5527 2217 5583 κατὰ
2232 5529 2323 5581 τὸν
2336 5528 2722 5599 ἐπιταχθέντα.
2755 5539 2809 5582 ut
2829 5530 3020 5597 legisse
3037 5527 3632 5599 viilettir_Qltristrqnh0r«

2067 5614 2263 5671 sonus.
2290 5600 2468 5670 Atque
2500 5594 2573 5654 ita
2607 5594 3544 5671 scriptnm'exhibentcodd.Fnltetii
3585 5610 3628 5647 rt

398 5661 567 5738 l_e_n_di,
595 5661 754 5738 prout
774 5670 1000 5738 quisque
1031 5668 1207 5730 vellet,
1241 5661 1487 5723 Numinis
1511 5661 1814 5721 liberiatem
1841 5667 1959 5720 sub-
2067 5668 2288 5724 Savilii.

399 5734 524 5788 ditis
565 5736 678 5791 suis
726 5734 1029 5808 dereliquit.
1078 5738 1287 5805 Quippe
1327 5737 1769 5804 religiosissimus
1808 5751 1958 5805 prm-
