3882 6262
280 263 408 316 i053

1351 265 1438 324 ne
1482 258 1635 327 VITA
1675 263 2131 328 CONSTANTINI
2173 269 2298 324 LIB.
2342 265 2404 328 tt.

3349 285 3483 342 10⁷96

272 390 374 431 τισι
421 373 512 434 καὶ
555 381 839 454 χρησίμοις
879 386 1192 457 τεχνάζεται
1231 389 1607 453 λυσιτελείαις.
1650 391 1786 442 ὐπε

1928 389 2087 442 dubio
2112 395 2258 442 tanta
2292 389 2592 450 diversitas,
2635 399 2690 444 et
2714 392 2985 460 multiplex
3015 396 3209 474 ditisio
3239 409 3480 468 potest.»

271 485 315 524 ει
363 472 434 544 μὴ
482 474 619 526 κατὰ
659 476 838 546 κρίσιν
875 477 974 548 τῆς
1030 480 1126 550 σῆς
1167 479 1470 552 βουλήσεως
1503 482 1818 554 ἐπράττετο,

271 563 643 634 ἀναμφιϐόλως
673 567 737 620 ἂν
769 568 802 638 ἡ
829 569 1059 641 τοσαύτη
1091 569 1338 642 διαφορὰ,
1370 573 1461 625 καὶ
1486 574 1518 643 ἡ
1540 573 1702 643 πολλὴ
1726 574 1823 644 τῆς

269 654 506 721 ἐξουσίας
530 656 795 730 διάκρισις
829 660 939 732 (70)
977 663 1138 716 παντὶ
1174 663 1249 734 τῷ
1280 664 1379 734 βίῳ
1410 666 1502 717 καὶ
1537 668 1648 728 τοῖς
1680 668 1820 736 πρά-

268 761 461 814 γμασιν
494 746 808 819 ἐλυμήνατο.
845 753 908 804 Οί
940 751 1046 824 γὰρ
1077 753 1210 825 πρὸς
1264 756 1487 819 ἑαυτοὺς
1527 757 1820 827 μαχεσθέν-

266 851 350 897 τες
379 833 509 904 (7i),
543 837 914 910 χαλεπώτερον
947 841 1011 896 ἂν
1043 842 1120 912 τῷ
1139 843 1458 915 ἀνθρωπίνῳ
1487 839 1822 916 ἐμαχέσαντο

265 923 433 990 γένει·
469 927 605 999 ὅπερ
635 930 728 983 καὶ
761 930 834 1003 μὴ
859 931 1120 1003 ὁρώμενοι
1157 934 1473 1003 πράττουσι.
1519 953 1536 986 ι

764 1019 1156 1072 ΚΕΦΑΛΑΙΟΝ
1194 1021 1318 1072 NG'.

308 1105 633 1178 Δοξολογία
660 1111 747 1176 εἱς
771 1113 938 1174 Θεὸν,
970 1111 1063 1166 ἀεὶ
1100 1097 1467 1167 διδάσκοντα
1494 1114 1570 1168 τὰ
1593 1103 1767 1170 καλά.

332 1214 352 1248 ι
377 1196 552 1270 Χάρις
570 1217 652 1252 σοι
680 1200 1172 1273 πλείστη,Δέσποτα
1188 1205 1292 1269 τῷν
1311 1205 1578 1270 ἁπάντων,
1601 1208 1819 1277 μέγιστε

259 1285 382 1340 Θεέ·
417 1289 540 1342 ὅσον
575 1290 680 1363 γὰρ
722 1292 998 1364 διαφόροις
1046 1295 1446 1366 σπουδάσμασιν
1481 1299 1514 1367 ἡ
1543 1296 1821 1368 ἀνθρωπό-

258 1393 351 1446 της
383 1377 724 1450 γνωρίζεται,
743 1381 992 1436 τοσοῦτον
1019 1383 1216 1453 μᾶλλον
1242 1387 1352 1449 τοῖς
1383 1385 1666 1458 ὀρθότερον
1697 1404 1820 1457 φρο-

259 1466 398 1522 νοῦσι
423 1471 518 1522 καὶ
541 1472 771 1543 γνησίας
797 1475 1209 1544 ἐπιμελομένοις
1236 1476 1436 1547 ἀρετῆς
1459 1477 1592 1546 (7‘2),
1630 1477 1697 1531 τὰ
1723 1476 1814 1531 τοῦ

259 1561 391 1616 θείου
431 1561 590 1632 λόγου
625 1565 920 1636 μαθήματα
943 1555 1268 1622 συνίσταται.
1300 1570 1446 1641 Πλὴν
1473 1572 1619 1635 ὅστις
1658 1574 1815 1627 αὑτὸν

257 1651 644 1724 θεραπεύεσθαι
678 1655 892 1721 κωλύει,
914 1658 1056 1730 ἄλλῳ
1085 1661 1239 1713 τοῦτο
1267 1659 1340 1732 μὴ
1368 1662 1807 1735 λογιζέσθω(75)·

1927 480 2018 541 tis,
2040 478 2287 533 universo
2317 479 2430 533 orbi
2465 495 2526 533 ac
2558 480 2717 534 rebus
2744 482 2994 538 humanis
3015 488 3308 554 perniciem
3337 501 3480 542 attu-

1925 570 2092 624 lisset.
2125 568 2256 624 Nam
2289 571 2381 640 qui
2426 571 2681 626 adversus
2712 587 2830 626 sese
2865 573 3093 628 invicem
3131 577 3324 631 bellum
3361 593 3482 646 ges-

1924 671 2128 722 serunt,
2181 661 2362 730 utique
2406 663 2625 730 gravius
2665 662 2926 718 adversus
2968 665 3260 720 humanum
3309 685 3481 738 genus

1925 750 2309 819 depugnarent.
2337 751 2486 819 Quod
2521 753 2763 821 profecto
2804 753 3032 820 iaciunt,
3058 758 3264 812 tametsi
3307 762 3480 814 Oculis

1926 857 2030 896 non
2057 853 2370 900 cernuntur.
2405 862 2424 896 ι

2503 1027 2726 1087 CAPUT
2766 1016 2898 1084 ωε.

1920 1102 2086 1171 Deum
2127 1118 2334 1181 laudat,
2362 1121 2450 1189 qui
2485 1139 2685 1192 semper
2709 1125 2841 1175 bona
2872 1135 3024 1189 atque
3058 1126 3272 1178 honesta
3302 1124 3469 1182 ᾱοερὲ.

1998 1229 2014 1260 ι
2047 1209 2264 1265 Gratias
2285 1212 2375 1266 tibi
2397 1214 2656 1281 plurimas
2677 1217 2902 1286 agimus,
2920 1218 3156 1271 omnium
3178 1217 3396 1272 Domine
3413 1223 3475 1272 ac

1920 1315 2128 1355 summe
2157 1298 2317 1356 Deus.
2347 1302 2477 1358 Nam
2508 1308 2710 1374 quanto
2741 1310 2910 1378 magis
2943 1323 3006 1364 ex
3043 1309 3472 1378 discrepantilme

1919 1393 2112 1448 studiis
2156 1394 2388 1450 humana
2445 1405 2640 1452 natura
2693 1399 3056 1471 cognoscitur,
3095 1406 3243 1458 tanto
3303 1408 3473 1474 magis
3518 1455 3521 1464 ε

1917 1483 2056 1550 apud
2108 1493 2256 1540 recte
2290 1487 2586 1543 sentientes
2623 1498 2677 1544 et
2712 1497 2852 1546 verte
2905 1491 3124 1546 virtutis
3176 1492 3464 1555 studiosos,

1916 1574 2111 1628 divina:
2165 1575 2440 1646 religionis
2511 1577 2788 1645 disciplina
2849 1572 3142 1634 stabilittir.
3200 1577 3462 1635 Caeterum

1915 1666 2161 1736 qtiisquis
2217 1669 2393 1722 curari
2447 1684 2504 1724 se
2545 1687 2650 1726 non
2701 1671 2850 1735 sinit,
2897 1686 2964 1726 ne
3007 1672 3062 1726 id
3102 1671 3191 1726 alii
3221 1669 3464 1742 imputet.

256 1745 286 1813 ἡ
317 1743 420 1815 γὰρ
480 1747 701 1818 ίατρικὴ
730 1747 836 1801 τῶν
879 1751 1118 1820 ἰαμάτων
1148 1751 1562 1822 προκαθέζεται,
1609 1755 1794 1810 amen

1913 1758 2120 1828 Quippe
2150 1759 2416 1814 medicina
2445 1773 2566 1830 quae
2603 1773 2797 1830 praeest
2830 1757 3118 1828 curationi,
3143 1763 3319 1832 palam
3352 1781 3466 1818 0|ll-'

255 1833 328 1896 είς
382 1833 695 1905 τούμφανὲς
749 1837 1100 1910 προκειμένη.
1157 1839 1332 1894 Μόνον
1390 1842 1462 1912 μή
1518 1859 1602 1906 τις
1645 1860 1809 1898 κατα·

255 1922 530 1978 ϐλαπτέτω
570 1927 713 1980 τοῦθ’
741 1927 878 1998 ὅπερ
927 1928 1192 2000 ἄχραντον
1235 1925 1370 1985 εἶναι
1417 1933 1484 1985 τὰ
1515 1932 1810 2005 πράγματα

255 2020 552 2090 παρεγγυᾷ.
587 2017 931 2092 Χρησώμεθα
957 2021 1138 2075 τοίνυν
1160 2022 1393 2086 ἅπαντες
1440 2023 1713 2095 ἄνθρωποι
1740 2016 1804 2096 τῇ

253 2108 338 2161 τοῦ
383 2109 629 2175 δοθέντος
678 2112 880 2180 ἀγαθοῦ
927 2113 1250 2184 συγκληρίᾳ,
1297 2114 1539 2168 τουτέστι
1588 2115 1666 2187 τῷ
1711 2118 1807 2187 τῆς

252 2201 460 2272 εἰρήνης
486 2203 658 2273 καλῷ,
695 2204 1015 2275 χωρίζοντες
1033 2204 1227 2277 δηλαδὴ
1256 2206 1352 2276 τὴν
1383 2206 1682 2276 συνείδησιν
1704 2203 1809 2259 ἀπὸ

253 2293 438 2358 παντὸς
463 2294 732 2347 ἐναντίου.
772 2315 792 2346 ι

767 2389 1158 2441 ΚΕΦΑΛΑῙΟΝ
1192 2387 1266 2442 Ξ’.

252 2477 601 2544 Παραίνεσις
639 2478 738 2531 ἐπὶ
766 2477 920 2531 τέλει
962 2478 1068 2532 τοῦ
1114 2471 1523 2548 διατάγματος,
1571 2469 1801 2547 μηδένα

721 2548 936 2616 μηδενὶ
967 2548 1260 2617 ἐνοχλεῖν.

318 2636 484 2708 «Πλὴν
501 2637 732 2700 ἕκαστος
741 2639 836 2690 ὅπε
843 2656 875 2710 ρ
891 2639 1080 2701 πείσας
1097 2638 1283 2691 ἐαυτὸν
1296 2637 1658 2691 ἀναδέδεικται
1673 2637 1804 2709 (74),

251 2727 408 2799 τούτῳ
437 2730 530 2782 τὸν
577 2729 762 2802 ἕτερον
806 2732 878 2802 μὴ
919 2731 1343 2786 καταϐλαπτέτω
1365 2747 1378 2761 ·
1416 2732 1550 2802 ὅπερ
1583 2731 1807 2802 θάτερος

250 2814 347 2871 εἶδέ
375 2836 432 2872 τε
466 2820 563 2873 καὶ
609 2821 814 2892 ἐνόησε,
863 2821 1033 2891 τούτῳ
1068 2822 1157 2875 τὸν
1197 2819 1441 2893 πλησίον,
1485 2823 1532 2874 εί
1580 2823 1676 2892 μὲν
1710 2840 1803 2890 γε-

249 2910 419 2964 νέσθαι
463 2911 709 2974 δυνατὸν,
763 2912 1061 2982 ὠφελείτω·
1107 2914 1154 2965 εἰ
1205 2912 1247 2964 δ’
1279 2912 1567 2975 ἀδύνατον,
1625 2928 1776 2985 παρα

247 3001 558 3071 πεμπέσθω.
579 3002 736 3055 Ἀλλο
752 3003 858 3074 γάρ
889 3006 1025 3065 ἐστι,
1047 3003 1134 3056 τὸν
1164 3003 1304 3075 ὑπὲρ
1323 3002 1616 3066 ἀθανασίας
1645 3000 1802 3057 ἆθλον

1913 1850 2070 1904 nibus
2101 1851 2368 1919 proposita
2413 1862 2517 1908 est.
2551 1851 2682 1907 Illud
2708 1863 2912 1908 tantum
2944 1855 3240 1910 cavendu'm
3271 1866 3375 1919 est,
3401 1874 3466 1910 ne

1911 1940 2032 2009 quis
2069 1953 2188 1994 eam
2221 1940 2532 2011 religionem
2561 1934 2745 2004 violet,
2774 1955 2930 2012 quam
2974 1959 3160 2012 puram
3185 1954 3241 1999 et
3276 1946 3466 1999 imma-

1911 2025 2142 2080 cnlatam
2192 2041 2311 2082 esse
2340 2043 2424 2084 res
2457 2029 2585 2099 ipsa:
2631 2041 2908 2086 testantur.
2947 2020 3178 2089 Proinde
3230 2035 3463 2090 universi

1913 2113 2155 2168 fruamur
2191 2111 2349 2183 hujus
2379 2116 2504 2171 boni
2534 2117 2688 2172 nobis
2717 2119 2906 2174 indulti
2932 2121 3230 2184 cnnsortio,
3257 2123 3357 2177 hoc
3383 2132 3464 2175 (ιιι

1911 2204 2058 2274 pacis
2088 2207 2436 2275 amoenitate;
2466 2216 2519 2262 et
2561 2197 2724 2263 animi
2768 2212 2934 2265 nnatri
2965 2212 3352 2266 conscientiam
3397 2218 3464 2264 all

1909 2297 2158 2352 omnibus
2184 2308 2303 2367 qua:
2338 2297 2410 2352 illi
2440 2301 2714 2380 contraria
2745 2310 2872 2357 sunt
2900 2303 3278 2358 abducamus.»

2399 2386 2557 2460 [.71
2599 2389 2824 2446 CAPUT
2864 2390 2971 2444 1.x.

1910 2467 2218 2531 Adhortalio
2248 2478 2342 2531 sub
2365 2474 2521 2546 ﬁnem
2545 2480 2723 2616 e’dicti,
2748 2490 2802 2534 ut
2826 2496 2972 2533 nemo
2996 2482 3148 2535 alteri
3173 2481 3458 2536 molestiam

2585 2558 2806 2602 ncessnf.

2585 2558 2806 2602 ncessnf.

1981 2655 1999 2685 ι
2027 2635 2294 2693 Caeterum
2327 2654 2483 2693 nemo
2510 2655 2574 2693 ex
2612 2656 2677 2694 eo
2703 2641 2844 2709 quod
2881 2641 2992 2712 ipse
3022 2645 3200 2698 animo
3226 2645 3458 2706 imbibit,

1907 2726 2061 2782 alteri
2086 2744 2278 2784 noxam
2312 2731 2504 2798 pariat.
2548 2731 2651 2785 Sed
2686 2735 2994 2800 quicunque
3045 2734 3244 2802 aliquid
3302 2736 3458 2788 intel-

1906 2819 2095 2874 lexerit
2118 2835 2180 2876 ac
2205 2823 2540 2886 noverit,co,
2563 2821 2838 2892 siquidem
2889 2825 3003 2880 ﬁeri
3046 2834 3240 2894 potest,
3273 2829 3458 2897 proxi-

1906 2925 2048 2964 mum
2069 2911 2224 2980 juvet
2252 2929 2266 2976 ;
2300 2913 2382 2968 sin
2409 2915 2460 2968 id
2490 2913 2604 2967 ﬁeri
2638 2928 2740 2968 non
2773 2923 2967 2982 potest,
3013 2915 3251 2974 omittat.
3297 2917 3457 2971 Aliud

1904 3012 1984 3056 est
2023 3005 2188 3071 enim,
2218 3016 2492 3060 certamen
2521 3019 2618 3073 pro
2646 3005 3048 3062 immortalitate
3067 3019 3257 3076 sponte
3289 3011 3433 3064 susci

251 3091 492 3158 ὲιιουσίως
559 3095 982 3166 ἐπαναιρεῖσθαι,
1036 3095 1162 3149 ἄλλο
1214 3096 1274 3148 τὸ
1336 3095 1471 3165 μετὰ
1529 3095 1794 3166 τιμωρίας

1908 3107 2026 3162 pere
2063 3111 2076 3147 :
2115 3068 2691 3165 aliud,suppliciorum
2723 3097 2771 3151 vi
2803 3097 3036 3166 adigere.
3077 3068 3203 3152 llaec
3245 3098 3378 3161 dixi,
3404 3109 3461 3151 et

251 3182 654 3254 ἐπαναγκάζειν.
691 3187 852 3240 Ταῦτ’
883 3183 1055 3250 εἷπον,
1083 3185 1253 3240 ταῦτα
1281 3186 1554 3257 διεξῆλθον
1594 3188 1798 3258 μακρό-

248 3293 409 3348 τερον,
430 3279 462 3350 ῆ
485 3281 516 3332 ὁ
541 3280 638 3351 τῆς
662 3280 801 3350 ἐμῆς
831 3280 1128 3343 ἐπιεικείας
1158 3280 1352 3351 ἀπῄτει
1373 3281 1590 3344 σκοπὸς,
1610 3279 1795 3351 ἐπειδὴ

246 3367 334 3438 τὴν
387 3371 480 3441 τῆς
519 3371 773 3440 ἀληθείας
834 3371 1250 3442 ἀποκρύψασθαι
1305 3371 1485 3424 πίστιν
1521 3371 1632 3441 (75)
1698 3373 1797 3424 οὐκ

247 3460 534 3534 ἐϐουλόμην
554 3480 566 3493 °
605 3463 818 3534 μάλισθ’
853 3465 933 3517 ὃτι
985 3464 1146 3528 τινὲς,
1198 3463 1272 3527 ὡς
1297 3464 1501 3526 ἀκούω,
1533 3465 1664 3534 φασὶ
1691 3463 1795 3517 τῶν

246 3554 373 3606 ναῶν
405 3555 773 3628 περιῃρῆσθαι
803 3555 872 3609 τὰ
903 3555 996 3626 ἔθη
1031 3555 1238 3609 καὶτοῦ
1271 3555 1491 3619 σκότους
1514 3556 1612 3624 τὴν
1645 3555 1796 3621 ἐξου-

247 3646 354 3699 σίαν
379 3645 520 3716 (76)·
563 3648 698 3719 ὅπερ
730 3646 1118 3700 συνεϐούλευσα
1153 3647 1217 3700 ἂν
1259 3648 1424 3700 πᾶσιν
1456 3647 1791 3718 ἀνθρώποις,

245 3739 287 3788 εἰ
309 3737 375 3808 μὴ
398 3734 496 3808 τῆς
517 3739 793 3808 μοχθηρᾶς
809 3739 1066 3811 πλάνηςὴ
1085 3739 1255 3809 βίαιος
1272 3739 1637 3802 ἐπανάστασις
1657 3739 1791 3811 (77),

246 3825 327 3876 ἐπὶ
350 3825 518 3898 βλάϐῃ
555 3828 651 3898 τῆς
674 3828 858 3898 κοινῆς
884 3829 1231 3893 ἀναστάσεως
1257 3828 1366 3900 (78)
1395 3828 1646 3900 ἀμέτρως
1671 3833 1790 3895 ταῖς

245 3915 385 3970 ὲνὶων
415 3917 614 3989 ψυχαῖς
645 3921 974 3990 ἐμπεπήγει.
1009 3938 1027 3973 ι

242 4072 284 4157 ξ
308 4074 412 4198 (70)
428 4077 636 4159 Παμὴ
665 4075 774 4146 τῆς
797 4075 1078 4157 ἐξουσίας
1103 4074 1418 4144 διάκρισις,
1448 4075 1500 4130 id
1527 4084 1632 4138 est,
1652 4075 1780 4128 mul-

246 4151 314 4198 ttn
334 4161 396 4198 ex
433 4149 708 4198 divinitas.
743 4159 868 4198 nuta
903 4147 1052 4198 solis.
1085 4148 1244 4198 lunae.
1281 4156 1552 4198 astrorum
1585 4155 1640 4198 et
1664 4145 1777 4198 ele-

246 4145 396 4212 tiplex
433 4145 868 4216 divinitas,puta
903 4147 1052 4213 solis,
1085 4148 1244 4210 lunae,
1281 4156 1552 4201 astrorum
1585 4155 1640 4200 et
1664 4145 1777 4216 ele-

244 4226 554 4286 mentorum,
587 4217 653 4270 de
686 4214 881 4286 quibus
925 4231 1081 4283 supra
1127 4217 1278 4270 dixit.
1320 4217 1443 4270 Haec
1477 4216 1620 4271 enim
1663 4214 1775 4268 sin-

244 4283 376 4355 gula.
408 4286 511 4340 nisi
559 4283 718 4340 unius
767 4288 856 4340 Dei
890 4295 1020 4340 nutu
1062 4301 1126 4340 ac
1150 4294 1416 4355 potestate
1442 4293 1775 4354 regerentur,

243 4354 416 4425 utique
446 4357 516 4409 dii
556 4367 755 4411 essent.
791 4356 1034 4424 Ἐξουσία
1073 4354 1236 4425 igitur
1272 4367 1356 4410 est
1377 4363 1609 4424 potestas
1666 4355 1781 4425 nul—

245 4420 711 4495 lins'dominatioui
744 4420 1005 4495 subjecta,
1039 4420 1202 4495 qliam
1230 4420 1390 4494 vulgo
1431 4424 1780 4493 independcm

241 4494 358 4565 nam
403 4510 679 4560 vocamus,
717 4494 1032 4565 quaesolius
1059 4494 1164 4550 Dei
1194 4497 1403 4565 propria
1429 4503 1530 4565 est.

306 4563 409 4633 (71)
453 4568 516 4620 Ol
557 4566 665 4636 γὰρ
698 4563 844 4635 πρὸς
883 4565 1134 4631 ἑαυτοὺς
1178 4563 1783 4636 μαχεσθέντεςεοοοε

245 4637 513 4699 gentilium
558 4633 824 4705 intelligit,
861 4645 920 4689 nt
959 4652 1119 4704 supra
1151 4633 1287 4700 dixi,
1337 4635 1504 4705 solem
1547 4633 1780 4705 scilicet,

246 4706 412 4774 lunam
456 4717 506 4759 et
537 4703 754 4774 reliqua—
772 4706 954 4759 mundi
978 4703 1242 4759 eletnenta
1267 4721 1387 4773 quin
1414 4703 1519 4774 'pro
1547 4704 1650 4774 diis
1685 4719 1778 4756 co-

247 4771 343 4843 luit
388 4771 699 4843 antiquitas.
754 4775 874 4829 Mox
916 4775 1096 4830 scribe
1144 4789 1208 4827 ex
1260 4771 1444 4828 codice
1485 4773 1780 4827 Fnketiano

243 4841 297 4892 τὸ
326 4841 653 4914 ἀνθρώπινον
701 4843 964 4916 ἐμάχοντο
1001 4843 1172 4912 γένος,
1207 4853 1264 4898 ut
1293 4843 1488 4913 legitur
1518 4844 1678 4897 etiam
1728 4849 1780 4896 in

243 4903 413 4962 Regiis
443 4917 676 4962 seliedis.

289 4913 676 4979 egiis’scliedis.

333 4981 413 5049 72)
449 4985 717 5052 Γνησιας
777 4981 1489 5054 ἐπιιιελομένοιςνάρετῆς.
1536 4980 1592 5035 ln
1622 4982 1778 5035 codd.

243 5046 526 5123 Fuketiano
556 5046 610 5107 et
642 5046 824 5123 Bavilii
861 5046 1053 5122 legitur
1088 5046 1344 5123 γνησίωςς

309 5122 416 5188 (73)
459 5123 654 5188 ’Ἄλλῳ
674 5122 848 5177 τοῦτο
869 5121 955 5192 μὴ
977 5121 1314 5192 λογιζέσθω,
1346 5122 1395 5177 id
1419 5132 1524 5185 est,
1549 5121 1780 5191 quisquis

245 5198 408 5243 curari
443 5209 494 5244 se
523 5210 625 5246 non
660 5194 805 5257 sinit,
841 5208 937 5246 nec
966 5195 1154 5248 inorbo
1184 5192 1499 5247 idololatriae
1535 5193 1777 5254 liberari,

244 5262 334 5330 {ibi
376 5263 609 5330 imputet,
657 5279 778 5316 cum
829 5262 1092 5316 medicina
1136 5266 1186 5315 in
1217 5273 1466 5330 promptu
1518 5261 1605 5314 sit.
1644 5259 1779 5315 Male

243 5327 750 5398 Christophorsonns
801 5334 944 5385 hunc
1008 5334 1182 5386 locum
1217 5327 1621 5399 interpretatur
1679 5332 1780 5384 hoc

244 5404 412 5470 modo.
444 5402 591 5454 alteri
622 5404 706 5470 qui
735 5403 911 5454 sanari
938 5405 1064 5466 vult,
1113 5417 1216 5454 non
1257 5401 1378 5454 vitio
1416 5410 1595 5454 vertat.
1648 5399 1778 5452 Nam

242 5468 302 5540 de
331 5467 566 5540 Portesio
591 5467 724 5525 nihil
747 5474 888 5533 dico,
920 5474 1009 5540 qui
1042 5473 1154 5525 fere
1177 5471 1432 5540 ubiquea
1468 5483 1593 5524 vero
1617 5485 1776 5524 sensu

241 5538 462 5592 deerrat.
499 5539 769 5595 Masculus
799 5538 950 5595 certe
973 5545 1086 5595 haec
1121 5556 1224 5594 non
1269 5538 1556 5593 infeliciter
1592 5541 1774 5593 vertit.

304 5607 410 5676 (74)
450 5611 628 5678 Ὅπερ
657 5611 869 5676 πείσας
891 5611 1108 5665 ἑαυτὸν
1139 5607 1562 5667 ἀναδέδεικται.
1595 5609 1648 5661 In
1681 5625 1777 5662 co-

241 5671 350 5730 dice
379 5678 540 5745 Hegio
573 5671 994 5748 stipersCt'iptuin
1029 5691 1112 5735 est
1161 5683 1344 5736 eadem
1377 5695 1533 5734 manu
1585 5677 1771 5732 ἀναδέ-

503 5774 764 5831 Parnoe.
810 5775 924 5834 Gn.
973 5773 1108 5834 XX.

1904 3185 2121 3239 uberius
2167 3201 2228 3240 ac
2269 3188 2528 3256 prolixius
2571 3205 2732 3259 quam
2781 3190 3212 3244 mansuetudinis
3257 3201 3457 3245 nostm:

1902 3278 2232 3346 propositum
2270 3280 2606 3348 postulabat,
2661 3282 2781 3337 ideo
2825 3282 3074 3346 disserui,
3130 3283 3278 3352 quod
3333 3281 3457 3336 ﬁdei

1901 3369 2184 3424 veritatem
2213 3370 2387 3426 celare
2412 3387 2476 3426 ac
2492 3372 2832 3426 dissimulare
2859 3372 3124 3428 nolebam.
3151 3371 3457 3426 Praesertim

1903 3475 2024 3516 cum
2056 3462 2317 3528 nonnulli,
2355 3471 2413 3516 ut
2433 3462 2614 3527 audio,
2645 3471 2910 3528 asserant,
2941 3464 3078 3518 ritus
3109 3478 3173 3518 ac
3201 3479 3455 3519 caeremo-

1902 3553 2024 3608 nias
2046 3554 2367 3620 templorum
2403 3564 2457 3610 et
2504 3563 2820 3622 potestatem
2866 3555 3212 3610 tenebrarum
3241 3556 3460 3622 penitus

1899 3658 2022 3699 esse
2069 3644 2296 3699 sublata.
2353 3644 2505 3712 Quod
2576 3644 2820 3716 profecto
2877 3645 3164 3699 suasissem
3210 3643 3459 3699 omnibus

1901 3735 2240 3802 hominibus,
2283 3737 2382 3790 nisi
2419 3738 2566 3806 pravi
2593 3737 2791 3792 erroris
2842 3736 3074 3790 violenta
3113 3733 3458 3802 pra-sumptio

1898 3826 1953 3880 in
1986 3828 2192 3882 cladem
2221 3836 2386 3897 atque
2423 3830 2476 3882 in
2529 3829 2783 3884 damnum
2835 3828 3192 3898 reparationis
3240 3827 3456 3895 generis

1902 3921 2144 3985 humani,
2176 3921 2530 3990 quorumdam
2563 3921 2833 3976 mentibus
2854 3920 3014 3974 nimis
3049 3921 3324 3974 insideret.
3359 3935 3380 3969 ι

1882 4075 2088 4130 δεκται.
2126 4075 2422 4144 Utrumque
2483 4085 2630 4130 certe
2684 4074 2809 4128 ferri
2862 4083 3038 4144 potest
3076 4099 3142 4109 -—-
3178 4069 3453 4144 At_nol»is

1883 4145 2039 4268 lanuge
2058 4139 2400 4268 ριίἒδιιιηιίὺι*
2425 4146 2631 4200 videtur
2647 4139 2909 4198 c0rrect§o
2955 4143 3082 4213 Reg.
3111 4145 3228 4195 cod.
3257 4139 3450 4194 ἀναδέ-

1915 4233 2088 4268 εκται.
2172 4230 2286 4268 nn‘.

1915 4233 2088 4269 εκται.
2127 4230 2286 4270 ΒΒΙΤ.

1958 4288 2070 4356 (75)
2103 4285 2214 4354 Τῆς
2238 4286 2586 4353 ἀληθείας...
2611 4284 2913 4356 πίστιν-..ιιι
2950 4293 3034 4356 est
3051 4297 3239 4356 _veram
3258 4281 3448 4356 (idem.

1889 4349 2032 4412 idem
2054 4349 2202 4411 enim
2245 4349 2350 4420 est,
2379 4371 2443 4409 ac
2467 4349 2508 4409 si
2552 4356 2777 4419 diceret,
2807 4353 2906 4424 τὴν
2937 4353 3190 4424 ἀλήθειαν
3224 4351 3322 4422 τῆς
3361 4349 3444 4405 πί-

1891 4442 2077 4490 στεως.
2112 4426 2204 4480 Sic
2237 4427 2433 4492 iterum
2466 4425 2701 4492 loquitur
2729 4424 2779 4476 in
2814 4423 2933 4489 cap.
2960 4423 3046 4484 69,
3075 4423 3230 4475 infra.

1957 4487 2068 4567 (76)
2091 4495 2198 4550 Τοῦ
2224 4487 2636 4567 σκότους-τὴν
2668 4487 3172 4567 ἐξουσίαιςηνςειξε
3205 4497 3334 4567 sunt
3355 4490 3449 4542 dc—

1882 4559 2096 4634 sunipia
2124 4581 2192 4620 ex
2219 4566 2452 4632 Epistola
2481 4559 2653 4641 Pauli.
2671 4563 2840 4616 Porro
2861 4571 2918 4641 u_t
2939 4562 3026 4641 hi_c
3044 4559 3443 4641 llellenisrniim

1881 4627 2039 4690 vocat
2085 4627 2406 4704 potestatem
2456 4633 2825 4704 tenebrarum,
2852 4633 2932 4686 sic
2980 4631 3142 4696 infra,
3187 4627 3447 4704 cap.__65,

1881 4695 2359 4761 Christianismum
2415 4713 2568 4757 vocat
2606 4703 2745 4756 lucis
2790 4695 3213 4769 potestatemet
3255 4695 3447 4752 σθίου-

1881 4790 2042 4830 cram.

1950 4845 2064 4916 (77)
2117 4842 2579 4917 Ἐπανάοντασις.
2616 4840 2743 4917 Haec
2773 4855 2872 4892 vox
2910 4839 3128 4917 proprie
3171 4836 3444 4917 signiﬁcat

1879 4907 2338 4983 conspirationem
2381 4928 2447 4964 ac
2492 4912 2842 4983 rebellionem
2869 4927 2902 4983 ⁸ιΔ
2941 4911 3080 4983 quod
3133 4907 3348 4983 quidem
3380 4907 3445 4956 ile

1878 4976 2145 5038 idolorum
2182 4985 2327 5036 cultu
2361 4983 2563 5050 optime
2595 4981 2811 5050 dicitur.
2867 4976 3138 5033 Est’enim
3175 4976 3443 5031 idolorum

1879 5054 2074 5120 Cultus,
2116 5052 2348 5106 defectio
2383 5049 2421 5120 a1
2440 5066 2568 5104 vero
2605 5049 2735 5120 Deo,

1949 5114 2070 5194 (78)
2096 5122 2229 5194 Τῆς
2258 5117 2466 5194 κοινῆς
2495 5117 2916 5194 -ᾀναοθτιίο-εως.
2959 5114 3342 5194 Scribendum.
3369 5115 3446 5165 vi-

1879 5190 2049 5248 detur
2075 5191 2447 5263 ἀνορθώσεως.
2491 5191 2623 5263 Nam
2667 5190 2885 5263 vulga_ta
2919 5203 3036 5263 vox_
3061 5190 3445 5263 ex_supe_riore

1879 5265 2021 5317 line\
2080 5256 2306 5336 repetita
2361 5276 2483 5314 esse
2529 5256 2782 5336 _vide_tu_r_.
2812 5257 2982 5336 Porro
3026 5259 3078 5336 in
3132 5256 3445 5336 line‘liujus

1878 5334 2036 5389 edicti
2069 5325 2314 5404 apposita
2349 5341 2467 5404 erat
2497 5330 2614 5404 sine
2637 5327 2806 5404 dubio
2831 5329 2962 5404 Διιοιο
2991 5325 3339 5404 subscriptio,
3378 5325 3445 5404 de

1877 5419 1982 5472 qua
2010 5395 2260 5474 superius
2298 5400 2460 5474 multa
2492 5396 2974 5474 όίιὶηῌροτεθῄτω
3009 5398 3068 5448 ἐν
3095 5396 3208 5474 cui;
3241 5395 3445 5474 ῄμετὲ-

1881 5467 1994 5544 ῥοις
2027 5467 2359 5544 ἀνατολικοϊς
2389 5469 2598 5544 μέρεσι.
2632 5467 2756 5521 llaec
2787 5471 2929 5521 enim
2961 5467 3290 5544 subscriptio
3323 5477 3443 5544 pro:

1879 5536 1996 5613 prie
2036 5543 2293 5613 convenit
2338 5536 2691 5613 liiiic'edieto,
2725 5548 2908 5606 utpote
2929 5537 3072 5599 quod
3104 5536 3328 5590 missum
3358 5539 3441 5586 est

1880 5609 1945 5669 ad
1979 5611 2337 5684 provinciales
2369 5609 2627 5663 Orientis.

3059 5760 3134 5818 33
