3882 6262
423 352 445 405 1
456 352 560 417 035

1000 455 1225 511 CAPUT
1265 452 1402 509 LXI.

418 556 694 624 Quomodo
716 555 778 607 ab
818 549 941 624 urbe
984 546 1321 624 Alexandria
1345 544 1657 624 quastione:
1698 548 1970 596 commota:

894 621 997 672 sint
1042 626 1256 684 propter
1288 616 1497 669 Arium.

490 714 614 771 llaec
642 712 931 782 imperator
961 710 1105 764 velut
1140 708 1359 779 quidam
1407 705 1498 760 Dei
1532 717 1708 774 prmco
1740 702 1970 755 maxima

421 808 672 878 praeditus
701 816 854 869 voce,
888 802 1100 856 cunctis
1122 794 1543 869 provincialibus
1560 809 1656 865 per
1681 808 1805 849 suas
1831 792 1975 846 litte-

420 896 867 961 rasinclamavit,
904 895 1028 948 dum
1074 892 1317 947 subditos
1365 904 1394 943 a
1443 888 1743 942 daemonum
1789 896 1974 938 errore

416 1006 696 1057 revocare,
738 998 792 1045 et
821 989 886 1042 ad
917 1002 1101 1042 verum
1157 984 1250 1038 Dei
1293 982 1496 1038 cultum
1539 976 1971 1048 amplectendum

416 1084 644 1138 incitare
680 1090 933 1136 conatur.
987 1076 1133 1144 Quas
1164 1076 1232 1130 ob
1271 1089 1358 1129 res
1389 1087 1513 1128 cum
1551 1069 1811 1140 singulari
1846 1083 1973 1138 gau~

415 1174 502 1227 dio
534 1172 773 1244 gestiret,
803 1168 1022 1223 nuntius
1045 1165 1113 1220 ad
1141 1179 1262 1220 eum
1286 1162 1522 1233 perlatus
1541 1169 1621 1217 est
1654 1160 1719 1214 de
1741 1158 1972 1229 quodam

416 1280 522 1319 non
572 1261 825 1317 mediocri
888 1256 1116 1313 tumultu
1168 1255 1258 1325 qui
1280 1252 1551 1311 Ecclesias
1588 1255 1971 1319 occupaverat.

414 1356 531 1423 Quo
571 1353 752 1408 audito
785 1348 1085 1420 perculsus,
1124 1344 1422 1400 remedium
1445 1341 1756 1410 excogitare
1785 1338 1971 1407 cmpit.

414 1448 583 1502 Porro
619 1442 880 1499 tumultus
926 1440 1077 1510 origo
1123 1438 1242 1491 haec
1278 1433 1417 1487 fuit:
1455 1430 1709 1488 Florebat
1744 1430 1974 1501 populus

415 1533 533 1598 Dei,
555 1541 609 1587 et
637 1545 758 1587 cum
797 1527 1080 1583 alacritate
1114 1522 1344 1593 quadam
1377 1535 1441 1575 ac
1475 1520 1705 1590 tripudio
1729 1519 1971 1574 honestis

415 1625 620 1679 actibus
650 1619 1009 1677 incumbebat.
1045 1614 1236 1671 Nullus
1265 1622 1384 1668 erat
1417 1610 1570 1666 fortis
1617 1621 1828 1677 metus,
1879 1608 1972 1678 qui

412 1714 868 1788 perturbationem
920 1709 1139 1765 all‘erret
1167 1725 1181 1761 :
1214 1706 1414 1776 quippe
1474 1717 1596 1758 cum
1638 1703 1732 1756 Dei
1779 1701 1970 1771 optimi

1168 336 1437 393 EUSEBII
1472 327 1946 390 ClESABlENSlS
1986 327 2133 384 OPP.
2178 324 2354 380 PARS
2391 323 2505 379 l.—
2543 323 2935 380 HISTORICA.

3496 320 3617 376 £036

2572 441 2964 495 ΚΕΦΑΛΑΙΟΝ
3000 440 3117 493 EA’.

2077 535 2263 600 Ὅπως
2284 532 2399 588 ἀπὸ
2429 530 2538 601 τῆς
2564 530 2991 601 Ἀλεξανδρέων
3016 530 3111 584 διὰ
3137 528 3210 583 τὰ
3234 526 3387 583 κατὰ
3409 528 3623 595 Ἀρειον·

2546 600 2853 655 ἐκινοῦντο
2881 600 3171 668 ζητήσεις.

2142 693 2375 749 Τοιαῦτα
2410 691 2681 764 βασιλεὺς,
2723 692 2920 746 ὡσανεὶ
2940 689 3075 747 Θεοῦ
3123 686 3624 761 μεγαλοφωνότατος

2074 787 2266 861 κῆρυξ,
2299 789 2408 850 τοῖς
2446 785 2819 857 ὲπαρχεώταις
2849 785 3019 838 άπασι
3035 784 3099 836 δι’
3129 782 3328 836 οἰκείου
3360 777 3627 852 προσεφώ-

2072 896 2151 933 νει
2174 878 2518 949 γράμματος,
2552 877 2869 948 δαιμονικῆς
2892 879 2991 946 μὲν
3012 874 3291 945 ἀπείργων
3318 874 3448 934 τοὺς
3466 873 3624 943 ἀρχο-

2078 971 2268 1042 μένους
2306 969 2541 1041 πλάνης,
2597 969 2695 1040 τὴν
2732 970 2776 1023 δ’
2806 967 2980 1039 ἀληθῆ
3035 965 3273 1038 μετιέναι
3327 964 3628 1018 θεοσέϐειαν

2074 1061 2506 1132 ἐγκελευόμενος.
2549 1060 2965 1132 Φαιδρυνομένῳ
3007 1059 3051 1113 δ’
3076 1057 3223 1129 αὐτῷ
3268 1058 3364 1110 ἐπὶ
3404 1055 3626 1122 τούτοις,

2074 1154 2227 1223 φήμη
2257 1169 2341 1214 τις
2372 1151 2744 1221 διαγγέλλεται
2770 1151 2910 1221 ἀμφὶ
2939 1149 3181 1221 ταραχῆς
3205 1148 3265 1201 ού
3307 1147 3509 1218 μικρᾶς
3535 1144 3629 1207 τὰς

2085 1243 2405 1314 Ἐκκλησίας
2431 1242 2807 1314 διαλαόούσηςο
2847 1244 2931 1311 ἐφ’
3050 1242 3147 1313 τὴν
3177 1239 3347 1311 ἀκοὴν
3379 1238 3628 1308 πληγεὶς,

2074 1333 2212 1388 ἴασιν
2247 1334 2532 1407 περιενόει.
2578 1334 2652 1388 Τὸ
2691 1334 2736 1388 δ’
2764 1329 2832 1405 ἦν
2868 1334 2975 1407 ἄρα
3007 1333 3225 1387 τοιόνδε.
3280 1329 3631 1401 Ἐσεμνύνετο

2076 1425 2173 1497 μὲν
2194 1427 2222 1479 ὁ
2245 1424 2336 1478 τοῦ
2361 1424 2495 1478 Θεοῦ
2535 1424 2689 1491 λεὼς,
2723 1427 2844 1489 ταῖς
2864 1424 2972 1478 τῶν
3005 1423 3185 1479 καλῶν
3224 1420 3629 1491 καλλωπιζόμε-

2071 1536 2159 1583 νος
2198 1518 2489 1591 πράξεσινι
2525 1518 2632 1572 οὐδ’
2658 1514 2724 1590 ἦν
2755 1536 2841 1582 τις
2889 1516 3088 1583 ἔξωθεν
3119 1515 3280 1586 φόδος
3330 1514 3627 1584 ταράττων,

2070 1608 2144 1673 ὡς
2165 1609 2256 1663 καὶ
2281 1609 2532 1681 λαμπρᾶς
2559 1610 2652 1663 καὶ
2683 1608 2987 1680 βαθυτάτης
3014 1608 3235 1679 εἰρήνης
3263 1603 3633 1675 ἁπανταχόθεν

2069 1705 2167 1777 τὴν
2196 1704 2515 1777 Ἐκκλησίαν
2527 1704 2658 1759 Θεοῦ
2683 1704 2863 1776 χάριτι
2886 1702 3371 1774 περιφραττούσης·
3392 1697 3632 1769 φθόνοςδ*

416 1806 635 1862 maximi
693 1803 976 1867 beneﬁcio,
1040 1813 1253 1854 amoena
1306 1806 1360 1852 et
1414 1794 1832 1867 proluudissima
1864 1806 1969 1861 pax

2086 1798 2178 1869 ἱρα
2215 1798 2444 1861 καὶτοῖς
2483 1796 2767 1869 ἡμετέροις
2811 1796 3072 1868 ἐφήδρευε
3122 1794 3325 1861 καλοῖς,
3379 1794 3509 1847 εἴσω
3540 1791 3632 1863 μὲν

415 1897 707 1954 Ecclesiam
757 1893 993 1963 undique
1033 1888 1416 1947 communiret.
1457 1885 1562 1942 Sed
1592 1886 1735 1939 enim
1771 1883 1971 1939 invidia

416 1990 617 2047 nostris
661 1988 816 2043 bonis
882 1983 1102 2038 insidias
1166 1989 1381 2035 struens
1451 1977 1786 2033 subsederat.
1845 1973 1975 2042 Quae

416 2084 645 2153 primum
708 2077 923 2148 quidem
981 2074 1123 2128 intro
1165 2074 1429 2141 irrepens,
1481 2077 1665 2139 postea
1705 2067 1757 2120 in
1800 2065 1977 2121 medio

415 2183 724 2230 sanctorum
750 2177 892 2225 coetu
932 2164 1265 2234 tripudiavit.
1294 2161 1530 2217 Tandem
1551 2174 1682 2215 vero
1699 2158 1978 2228 episc0pos

416 2266 559 2320 inter
586 2277 644 2317 se
663 2257 932 2315 commisit
956 2300 969 2323 ,
997 2253 1277 2309 tumultum
1312 2262 1368 2308 et
1398 2250 1805 2306 altercationem
1834 2249 1979 2304 inter

416 2373 510 2413 eos
536 2355 799 2418 excitans,
833 2349 1137 2405 divinorum
1170 2347 1480 2416 dogmatum
1509 2345 1752 2400 obtentu.
1775 2341 1979 2396 Exinde

419 2460 675 2518 tanquam
728 2460 795 2499 ex
832 2439 937 2495 levi
991 2439 1220 2509 quadam
1278 2435 1545 2499 scintilla,
1598 2434 1976 2506 gravissimum

417 2539 621 2596 exarsit
639 2535 966 2592 incendium.
993 2532 1141 2598 Quod
1159 2530 1376 2600 quidem
1408 2528 1472 2581 ab
1489 2525 1727 2582 Ecclesia
1747 2523 1981 2579 Alexan-

417 2631 571 2687 drina
619 2626 762 2683 velut
810 2623 972 2697 472
1033 2637 1064 2675 a
1121 2620 1299 2690 capite
1343 2631 1631 2681 exorsum,
1674 2616 1978 2668 universam

420 2724 660 2794 posthaec
693 2693 1010 2789 Egyptum,
1039 2724 1095 2769 et
1117 2713 1369 2782 Libyam,
1415 2717 1469 2763 et
1490 2707 1802 2762 ulteriorem
1833 2693 1978 2757 Tlte-

416 2813 630 2869 baidem
651 2806 976 2880 peragravit.
1010 2803 1116 2859 Sed
1141 2812 1194 2857 et
1222 2802 1456 2870 reliquas
1478 2802 1639 2852 urbes
1671 2811 1734 2850 ac
1766 2795 1983 2864 provin-

416 2908 534 2964 cias
557 2905 837 2974 depastum
873 2906 957 2953 est
989 2917 999 2953 :
1029 2894 1162 2950 adeo
1190 2905 1248 2947 ut
1280 2906 1384 2944 non
1413 2888 1583 2945 solum
1614 2888 1758 2956 ipsos
1801 2883 1983 2939 Eccle-

420 3001 621 3057 siarum
692 2989 965 3049 antistites
1027 2986 1209 3043 verbis
1271 2984 1411 3038 inter
1479 2996 1538 3036 se
1587 2978 1979 3050 digladiantes,

420 3106 609 3149 verum
646 3089 808 3143 etiam
837 3083 1050 3154 plebem
1084 3080 1259 3151 ipsam
1290 3076 1568 3131 discissam
1607 3085 1831 3128 cernere
1855 3069 1987 3125 lice—'

2072 1888 2429 1959 εἰσδυόμενος,
2479 1888 2640 1959 μέσος
2699 1887 2743 1940 δ’
2782 1889 2840 1940 ἐν
2891 1888 3072 1950 αὐτοῖς
3101 1886 3341 1958 χορεύων
3386 1886 3499 1947 τοῖς
3531 1882 3633 1936 τῶν

2073 1981 2241 2051 ἁγίων
2289 1980 2512 2052 ὀμίλοις.
2566 1979 2867 2050 Συμόάλλει
2909 1978 3045 2048 δῆτα
3089 1980 3211 2041 τοὺς
3266 1975 3632 2039 ἐπισκόπους,

2076 2073 2261 2127 στάσιν
2308 2069 2555 2143 ἐμϐαλὼν
2608 2069 2919 2143 έρεσχελίας
2970 2068 3114 2139 (79),
3167 2067 3320 2119 θείων
3371 2065 3631 2138 προφάσει

2073 2162 2354 2234 δογμάτων
2376 2178 2388 2191 ·
2431 2159 2644 2215 κᾶπειθ’
2677 2160 2752 2223 ὡς
2781 2160 2887 2213 ἀπὸ
2922 2158 3118 2231 μικροῦ
3157 2158 3455 2229 σπινθῆρος
3499 2156 3628 2228 μέγα

2076 2253 2187 2327 πῦρ
2218 2253 2486 2328 ἐξεκᾴετο,
2512 2252 2687 2323 ἄκρας
2719 2252 2813 2323 μὲν
2847 2251 3033 2324 ὥσπερ
3064 2250 3172 2305 ἀπὺ
3194 2249 3441 2321 κορυφῆς
3476 2247 3632 2319 ἀρξά-

2080 2361 2237 2417 μενον
2299 2345 2400 2416 τῆς
2447 2344 2837 2417 Ἀλεξανδρέων
2870 2336 3214 2410 Ἐκκλησιας,
3236 2339 3534 2412 διαδραμὸν
3578 2337 3627 2392 δὲ

2077 2436 2174 2507 τὴν
2234 2436 2526 2507 σύμπασαν
2564 2435 2835 2504 Αἴγυπτόν
2859 2451 2918 2487 τε
2950 2431 3044 2485 καὶ
3080 2429 3309 2500 Λιϐύην,
3339 2429 3441 2499 τήν
3475 2432 3524 2481 τ’
3544 2429 3630 2481 έπ-

2079 2529 2261 2583 έκεινα
2303 2527 2692 2600 Θηϐαΐδαυίβη
2713 2526 2770 2580 δὲ
2821 2524 2914 2583 καὶ
2952 2521 3053 2585 τὰς
3102 2521 3296 2584 λοιπάς
3346 2517 3633 2589 ἐπενέμετο

2080 2618 2349 2691 ἐπαρχίας
2382 2636 2439 2673 τε
2456 2618 2548 2673 καὶ
2569 2617 2772 2680 πόλεις,
2798 2614 2908 2670 ὥστ
2924 2616 2937 2637 ’
2968 2614 3028 2668 ού
3064 2613 3256 2684 μόνους
3275 2606 3342 2683 ἦν
3366 2610 3496 2664 ἰδεῖν
3519 2610 3632 2672 τοὺς

2079 2709 2188 2765 τῶν
2212 2709 2540 2784 Ἐκκλησιῶν
2556 2710 2848 2782 προέδρους
2868 2707 3045 2775 λόγοις
3062 2702 3630 2775 διαπληκτιζομένους,

2083 2800 2216 2856 ἀλλὰ
2257 2802 2351 2855 καὶ
2393 2802 2461 2856 τὰ
2505 2801 2685 2874 πλήθη
2733 2797 3203 2868 κατατεμνόμενα,
3252 2794 3364 2848 τῶν
3422 2792 3523 2864 μὲν
3566 2790 3634 2854 ὡς

2081 2892 2289 2959 τούσδε,
2313 2893 2420 2947 τῶν
2445 2894 2499 2948 δὲ
2534 2895 2780 2965 θατέροις
2805 2889 3247 2962 ὲπικλινομένων.
3270 2889 3367 2949 Εἰς
3394 2883 3634 2939 τοσοῦτον

2082 2984 2139 3038 δὲ
2175 2984 2453 3057 διήλαυνεν
2503 2984 2613 3056 (80)
2648 2984 2876 3047 ἀτοπίας
2917 2986 2951 3057 ἡ
2986 2982 3095 3037 τῶν
3153 2979 3456 3051 γινομένων
3512 2976 3634 3038 θέα.

2085 3074 2211 3129 ὥστ’
2235 3076 2335 3148 ἢδη
2367 3077 2425 3132 ὲν
2454 3077 2636 3141 αὐτοῖς
2661 3076 2847 3148 μέσοις
2870 3076 2978 3129 τῶν
3006 3074 3249 3131 ἀπίστων
3281 3071 3554 3142 θεάτροις,
3573 3067 3635 3121 τά

420 3194 545 3251 ret,
575 3179 700 3236 aliis
734 3179 949 3240 horum,
975 3172 1095 3228 aliis
1130 3170 1344 3225 illorum
1384 3176 1566 3239 partes
1595 3162 1973 3235 amplectenti-

2086 3167 2252 3237 σεμνὰ
2276 3167 2376 3238 τῆς
2404 3168 2585 3222 ὲνθέου
2622 3168 2967 3232 διδασκαλίας
2992 3168 3092 3239 τὴν
3125 3165 3413 3235 αἰσχίστην
3442 3158 3637 3231 ὑπομέ-

420 3279 544 3333 bus.
570 3272 743 3330 Porro
778 3281 957 3324 rerum
989 3279 1108 3334 qua:
1144 3261 1468 3333 gerebantur
1509 3254 1874 3328 spectaculum
1904 3269 1967 3310 eo

2075 3273 2185 3311 νειν
2211 3256 2426 3328 χλεύην.

423 3386 593 3443 usque
621 3368 882 3443 processit
912 3363 1266 3436 indignitatis,
1294 3371 1353 3417 ut
1392 3360 1447 3414 in
1505 3356 1694 3413 mediis
1746 3353 2034 3410 inﬁdelium
2084 3356 2329 3424 theatris,
2360 3357 2551 3412 divinae
2601 3354 3001 3427 pradicationis
3045 3335 3367 3408 venerabilis
3406 3350 3637 3405 doctrina

412 3468 742 3539 turpissimo
769 3465 880 3519 risu
909 3478 972 3516 ac
1009 3459 1239 3515 ludibrio
1267 3456 1663 3511 traduceretur.

988 3548 1214 3607 CAPUT
1265 3545 1422 3602 LXII.

820 3644 931 3699 .De
971 3642 1101 3697 Aria
1139 3650 1188 3697 et
1229 3639 1547 3694 Meletianis.

496 3744 561 3798 Et
593 3742 645 3797 hi
680 3741 896 3811 quidem
949 3738 1002 3791 in
1040 3737 1151 3806 ipsa
1193 3735 1325 3789 urbe
1361 3728 1688 3787 Alexandria
1721 3729 1788 3786 de
1815 3726 1984 3784 subli-

429 3834 686 3889 missimis
727 3831 888 3886 rebus
918 3827 1270 3900 pertinaciter
1300 3824 1646 3881 dimicabant.
1700 3823 1804 3876 Alii
1851 3834 1984 3876 vero

429 3942 524 3997 per
556 3935 722 3980 totam
760 3921 1048 3993 Egyptum
1080 3928 1135 3973 et
1164 3917 1497 3987 superiorem
1536 3914 1890 3977 Thebaidem,
1915 3913 1983 3968 ob

429 4017 856 4075 controversiam
875 4012 1159 4084 quamdam
1186 4024 1305 4079 quze
1329 4008 1477 4077 prius
1494 4015 1766 4061 commota
1790 4004 1980 4066 fuerat,

432 4112 646 4167 interim
669 4107 1026 4169 dissidebant;
1059 4101 1191 4156 adeo
1213 4110 1269 4154 ut
1288 4099 1485 4167 ubique
1502 4096 1780 4165 discerptae
1800 4104 1985 4149 essent

442 4190 720 4252 Ecclesiae.
741 4196 875 4253 Cum
916 4205 1094 4249 autem
1143 4191 1398 4245 Ecclesiae
1442 4202 1638 4256 corpus
1681 4184 1986 4251 huiusmodi

438 4290 626 4346 morbo
646 4288 938 4350 laboraret,
961 4285 1207 4337 universa
1236 4280 1401 4351 Libya
1430 4278 1587 4333 simul
1625 4278 1786 4333 etiam
1817 4291 1989 4348 aegro-

438 4384 596 4448 .avit,
644 4391 698 4437 et
739 4378 962 4447 reliquae
997 4384 1302 4429 exterarum
1357 4368 1758 4439 provinciarum
1810 4375 1989 4435 partes

434 4476 626 4532 eodem
650 4471 841 4530 morbo
861 4475 1123 4534 correptae
1148 4471 1292 4518 sunt.
1340 4461 1474 4516 Nam
1520 4460 1611 4531 qui
1650 4458 1990 4514 Alexandriae

433 4578 612 4634 erant,
637 4568 841 4638 legatos
874 4562 940 4617 ad
973 4558 1308 4631 singularum
1342 4554 1743 4626 provinciarum
1774 4552 1990 4622 episco-

435 4677 531 4732 pos
589 4660 928 4729 dirigebaut;
973 4653 1062 4709 isti
1119 4665 1249 4704 vero
1298 4648 1352 4702 in
1410 4646 1722 4702 alterutram
1780 4652 1991 4713 partem

435 4752 669 4819 discissi,
706 4749 954 4807 seditioni
993 4758 1208 4812 quoque
1235 4739 1684 4823 adju’Qgebantur.

980 4795 1064 4893 6.;
1073 4795 1207 4892 tim
1262 4795 1444 4886 Lit'ﬁi'.

432 4935 710 5006 Quomodo
789 4931 1012 5004 legatum
1075 4943 1190 5002 cum
1245 4925 1431 5006 lit-teris
1498 4920 1639 4974 misit
1690 4918 1759 4970 ad
1811 4930 1992 4984 pacem

418 4995 479 5019 ’”
834 4995 857 5004 ⁷
996 4995 1420 5067 compenendam.

508 5100 603 5156 llis
645 5094 840 5152 auditis
871 5091 1162 5158 imperator
1197 5080 1514 5154 gravissimo
1558 5075 1741 5132 dolore
1785 5069 2001 5144 percul-

2595 3536 2986 3592 ΚΕΦΑΛΔΙΟΝ
3012 3534 3129 3589 ΞΒ.

2343 3632 2483 3700 Περὶ
2512 3628 2619 3684 τοῦ
2649 3628 2836 3683 αὐτοῦ
2857 3628 2954 3683 καὶ
2987 3623 3378 3681 Μελιτιανῶν.

2154 3726 2217 3780 Οἱ
2252 3724 2349 3797 μὲν
2368 3719 2460 3778 οὖν
2488 3723 2605 3777 κατ’
2622 3720 2790 3791 αὐτὴν
2808 3719 2907 3790 τὴν
2942 3716 3367 3788 Ἀλεξάνδρειαν,
3393 3714 3638 3777 νεανικῶς

2086 3819 2212 3891 περὶ
2226 3817 2330 3871 τῶν
2344 3814 2600 3870 ἀνωτάτω
2614 3810 3064 3882 διεπληκτίζοντο,
3081 3811 3129 3861 οἱ
3146 3808 3189 3861 δ’
3201 3809 3344 3878 ἀμφὶ
3364 3809 3543 3861 πᾶσαν
3555 3804 3638 3877 τὴν

2086 3912 2354 3979 Αἴγυπτον
2375 3905 2486 3978 (81)
2507 3904 2600 3956 καὶ
2630 3902 2727 3974 τὴν
2754 3902 2865 3957 ἄνω
2886 3899 3145 3971 Θηϐαΐδα,
3180 3896 3639 3968 προϋποκειμένης

2087 3999 2443 4070 παλαιοτέρας
2471 3994 2776 4058 ὑποθέσεως
2810 3992 2968 4065 χάριν
3004 3990 3399 4055 διεστασίαζον,
3421 3989 3497 4053 ὡς
3521 4004 3641 4042 παν-

2086 4096 2249 4167 ταχοῦ
2287 4090 2573 4164 διῃρῆσθαι
2602 4085 2699 4147 τὰς
2734 4085 3075 4157 Ἐκκλησίας.
3119 4084 3340 4147 Τούτοις
3387 4084 3433 4137 δ’
3470 4084 3641 4154 ὥσπερ

2090 4186 2336 4256 σώματος
2364 4178 2768 4249 κεκακωμένου,
2802 4175 3060 4246 σύμπασα
3095 4174 3264 4246 Λιϐύη
3310 4174 3638 4244 συνέκαμνε·

2091 4276 2357 4331 συνενόσει
2388 4274 2444 4326 δὲ
2470 4273 2564 4326 καὶ
2587 4270 2655 4324 τά
2680 4270 2840 4325 λοιπὰ
2867 4269 3004 4341 μέρη
3044 4270 3148 4323 τῶν
3178 4270 3335 4331 me;
3357 4264 3638 4335 ἐπαρχιῶν.

2090 4371 2151 4422 Οἱ
2186 4368 2282 4438 μὲν
2320 4367 2427 4438 γὰρ
2474 4365 2581 4419 ἀπὸ
2617 4364 2714 4434 τῆς
2761 4361 3162 4432 Ἀλεξανδρείας
3213 4357 3643 4430 διεπρεσϐεύοντο

2092 4462 2223 4533 πρὸς
2251 4461 2373 4524 τοὺς
2414 4458 2532 4512 κατ’
2561 4456 2823 4527 ἐπαρχίαν
2875 4453 3221 4518 ἐπισκόπους,
3257 4453 3308 4504 οἱ
3349 4451 3396 4503 δ’
3447 4452 3525 4513 είς
3556 4448 3640 4501 θά-

2090 4568 2244 4622 τερον
2271 4547 2586 4620 τεμνόμενοι
2630 4544 2814 4617 μέρος,
2849 4544 2946 4614 τῆς
2964 4541 3152 4613 ὁμοίας
3184 4540 3504 4595 ἐκοινώνουν
3529 4537 3640 4592 στά-

2092 4659 2249 4704 σεως.

2583 4812 2971 4869 ΚΕΦΑΛΔΙΟΝ
3026 4810 3142 4865 ΞΓν.

2098 4910 2440 4980 Ὅπωςυτερὶ
2452 4909 2694 4978 εἰρήνης
2705 4906 2944 4976 πέμψας
2953 4898 3641 4969 Κωνσταντῐνοςὲτραψε.

2167 5066 2351 5122 Ταῦτα
2394 5065 2452 5119 δὲ
2500 5064 2799 5134 πυθόμενος
2838 5062 2867 5113 ὁ
2904 5058 3151 5131 βασιλεὺς
3181 5058 3274 5111 καὶ
3335 5053 3434 5125 τὴν
3488 5048 3645 5122 ψυχὴν

436 5213 566 5260 sus,
622 5203 851 5261 eamque
900 5202 1013 5242 rem
1063 5185 1249 5255 {instar
1311 5173 1618 5230 domestica:
1666 5164 1981 5224 calamitati:

2100 5158 2500 5231 ὑπεραλγήσας,
2529 5154 2808 5226 συμφοράν
2826 5168 2885 5206 τε
2923 5150 3126 5205 οίκείαν
3156 5148 3217 5201 τὸ
3241 5148 3475 5217 πρᾶγμα
3502 5142 3647 5211 θέμιο

503 5397 623 5466 {79)
661 5393 885 5450 Στάσιν
913 5391 1184 5466 ἐμδαλὼν
1203 5384 1588 5466 ἐρεσχεξίας.
1639 5377 1981 5466 Iscribenduu

2102 5367 2254 5422 locus
2291 5363 2369 5418 sic
2407 5359 2726 5418 scribendns
2768 5367 2888 5412 est:
2924 5357 3004 5418 εἰς
3043 5350 3298 5406 τοσοῦτον
3334 5349 3400 5421 δὴ
3441 5347 3647 5419 ἤλαυνεν

2104 5434 2330 5466 ιι-λ-ιηρ
2363 5443 2446 5466 nln
2507 5429 2667 5466 norm
2698 5429 2751 5466 in
2792 5425 3091 5466 Fulmtigmn
3129 5426 3323 5466 nmliee
3357 5421 3546 5466 It-ﬂtlul'
3572 5414 3643 5466 εις

1203 5434 1613 5535 ﬁSFFof‘Eégs'lai
1639 5452 1738 5535 hoc
1757 5448 1980 5535 loco“

2102 5434 2353 5514 ἀτοπίας,

447 5513 660 5592 invidus
681 5513 1204 5589 Jléhtéitl‘Sic’etiim
1237 5528 1384 5597 loqui
1412 5513 1544 5581 solet
1577 5513 1840 5576 Eusebius
1867 5513 2005 5569 mul-
2052 5574 2057 5581 τ

447 5610 518 5661 tis
553 5608 605 5659 in
636 5607 786 5659 locis.

517 5675 624 5748 (30)

2363 5414 2479 5488 etc.
2504 5414 2668 5486 Certe
2698 5429 2751 5482 in
2792 5414 3091 5481 Fuketiauo
3129 5426 3323 5478 codice
3355 5414 3546 5488 legitur
3572 5414 3643 5477 είς

2105 5521 2484 5646 τοῗὲῗῖωδζᾶ
2510 5570 2657 5646 ἀμφὶ
2699 5566 2905 5622 πᾶσαν
2929 5563 3398 5646 τὴῃΑτγυπτρις.
3440 5553 3643 5646 biclitia:

668 5629 961 5728 ῗύῖσῦτον
996 5669 1064 5724 δὲ
1098 5667 1445 5735 διήλαυνεν.
1483 5662 1540 5735 lu
1591 5658 1776 5735 co_t_lice
1833 5652 1981 5735 Begit

2105 5629 2523 5735 E‘Dé‘iLDAIf:I_l.ingil:
2546 5629 2919 5735 Eia-“quorum
2950 5629 3239 5691 schismate
3278 5630 3536 5687 videndus
3572 5629 3642 5678 ea!

667 5709 1404 5813 Illiéiiﬁikis'
1426 5709 1819 5801 briiitoi‘fblits
1841 5709 2004 5792 igitur
2105 5709 2446 5786 Epiphanius
2469 5721 2523 5769 et
2550 5709 2844 5766 Barouius.
