3882 6262
199 369 336 428 1037

1296 365 1385 418 DE
1425 356 1582 416 VITA
1626 358 2085 416 CONSTANTINI
2121 351 2244 412 LIB.
2296 352 2358 411 ll.

3322 355 3459 406 105R

189 510 302 556 νος,
368 487 709 563 παραχρῆμα
742 492 848 544 τῶν
899 492 1036 560 ἀμφ’
1081 489 1242 542 αὑτὸν
1287 486 1572 547 θεοσεϐὦν,
1622 485 1679 536 ὃν
1722 480 1765 536 εἳ

1890 483 2190 536 habendam
2227 491 2374 536 ratus
2443 478 2718 535 :oniestt'm
2765 490 2828 532 ex
2871 475 2960 532 Dei
2999 478 3295 530 cultoribus
3319 490 3455 545 (pios

190 585 465 655 ⁴ὴπίστατο
522 584 752 654 σώφρονι
810 584 1046 644 πίστεως
1098 582 1264 651 ἀρετῇ
1326 577 1780 648 δεδοκιμασμένον

191 678 364 749 ἄνδρα
388 677 526 744 (82),
559 676 1003 748 λαμπρυνόμενον
1033 677 1152 736 ταῖς
1185 673 1324 743 ὑπὲρ
1352 670 1630 732 εὐσεϐείας
1649 671 1778 738 ὁμο-

192 770 405 839 λογίαις
443 770 585 823 κατὰ
628 770 750 832 τοὺς
781 766 1086 838 ἔμπροσθεν
1107 765 1347 838 χρόνους,
1381 761 1675 834 βραϐεῦσαι
1701 763 1779 812 εξ-

195 865 368 934 ρήνην
405 864 518 925 τοῖς
547 861 684 914 κατὰ
709 862 808 932 τὴν
847 858 1249 929 Ἀλεξάνδρειαν
1271 858 1550 910 διεστωσιν
1578 855 1780 922 ἐκπέμ-

194 971 308 1007 πει·
347 955 582 1024 γράμμα
631 954 676 1005 τ’
733 951 1156 1020 ἀναγκαιότατον
1198 949 1264 1002 δι’
1300 947 1462 1001 αὑτοῦ
1519 948 1630 1008 τοῖς
1678 945 1776 1016 τῆς

194 1045 512 1115 ἔρεσχελίας
539 1045 729 1107 αἰτίοις
757 1043 1076 1112 ἐπιτίθησιν·
1101 1041 1128 1093 ὃ
1146 1040 1209 1110 δὴ
1237 1041 1330 1092 καὶ
1349 1038 1478 1092 αὐτὸ
1493 1037 1777 1108 γνώρισμα

195 1137 451 1206 περιέχον
479 1134 621 1205 ἀμφὶ
648 1135 736 1186 τὸν
769 1133 896 1186 λαον
921 1131 1017 1185 τοῦ
1044 1131 1176 1184 Θεοῦ
1203 1129 1546 1201 κηδεμονίας,
1570 1129 1635 1197 τῇ
1649 1130 1777 1196 περὶ

194 1227 363 1281 αὒτοῦ
417 1226 673 1298 φέρεσθαι
725 1226 973 1296 διηγήσει
1022 1225 1218 1289 καλὸν,
1270 1223 1392 1294 ἔχον
1450 1221 1635 1274 τοῦτον
1687 1218 1774 1273 τὸν

194 1318 419 1390 τρόπον.

718 1493 1110 1550 ΚΕΦΑΛΛΙΟΝ
1136 1493 1249 1548 ΞΔ’.

191 1591 658 1646 Κωνσταντίνου
697 1588 989 1655 ἐπιστολὴ
1035 1586 1183 1654 πρὸς
1241 1583 1627 1649 Ἀλέξανδρον
1669 1582 1774 1634 τὸν

305 1663 663 1722 ἐπίσκοπον,
707 1659 806 1713 καί
852 1661 1084 1726 Ἀρειον
1116 1658 1222 1709 τὸν
1245 1655 1663 1723 πρεσϐύτερον.

270 1772 290 1806 ι
316 1754 559 1824 Νικητὴς
575 1755 1000 1815 Κωνσταντῖνος,
1025 1750 1293 1818 Μέγιστος
1307 1746 1590 1809 Σεϐαστὸς,
1623 1744 1770 1796 Ἀλε-

193 1847 323 1912 ξάνδ
331 1864 407 1918 ρῳ
433 1848 526 1899 καὶ
558 1843 774 1916 Ἀρείῳ.

267 1957 286 1989 ι
317 1936 522 2008 Διπλῆν
547 1955 634 2006 μοι
657 1933 980 2005 γεγενῆσθαι
1007 1931 1273 2003 πρόφασιν
1300 1929 1502 1984 τούτων
1528 1923 1602 1982 ὧν
1627 1927 1770 1998 ἔργῳ

186 2030 288 2100 τὴν
310 2030 501 2101 χρείαν
527 2028 785 2098 ὑπέστην,
813 2027 994 2089 αὐτὸν,
1033 2023 1108 2088 ὡς
1138 2023 1302 2085 εἰκὸς,
1339 2023 1427 2074 τὸν
1472 2020 1580 2073 τῶν
1623 2019 1770 2088 ἐμῶν

187 2121 608 2193 ἐγχειρημάτων
662 2117 852 2190 βοηθὸν
885 2118 979 2170 καὶ
1035 2116 1254 2186 σωτῆρα
1302 2113 1408 2166 τῶν
1461 2113 1595 2165 ὅλων
1639 2111 1770 2164 Θεὸν

185 2215 452 2285 ποιοῦμαι
475 2214 746 2285 μάρτυρα.
779 2230 796 2264 ι

705 2301 1100 2356 ΚΕΦΑΛΑΙΟΝ
1143 2298 1260 2353 ΞΕ’.

298 2398 428 2450 Ὀτι
460 2395 592 2464 περὶ
626 2393 736 2461 τῆς
765 2377 1010 2461 εὶρήνὴς
1042 2391 1321 2460 ὲμερίμνα
1361 2388 1655 2455 συνήθως.

264 2509 281 2538 ι
321 2486 545 2558 Πρῶτον
566 2487 664 2556 μὲν
683 2481 791 2555 γὰρ
816 2483 928 2557 ,τὴν
951 2470 1340 2537 ἁπάντωντῶν
1365 2481 1532 2534 ἐθνῶν
1559 2481 1685 2552 περὶ
1711 2482 1768 2534 τὸ

178 2583 338 2635 Θεῖον
357 2579 611 2650 πρόθεσιν
636 2578 768 2649 (85),
795 2577 869 2640 ὡς
903 2576 1030 2647 μίαν
1056 2576 1222 2640 ἕξεως
1259 2575 1516 2629 σύστασιν
1547 2576 1765 2628 ἐνῶσαγ

179 2671 437 2741 δεύτερον
457 2670 535 2734 δὲ,
552 2664 623 2722 ’τὸ
649 2670 748 2739 τῆς
776 2669 958 2740 κοινῆς
986 2667 1307 2738 οἰκουμένης
1334 2668 1492 2736 σῶμα
1519 2667 1767 2737 καθάπερ

181 2762 410 2834 χαλεπῷ
445 2781 549 2816 τινι
585 2762 694 2834 (84)
731 2762 996 2832 νοσήματι
1049 2761 1254 2831 πάσχον
1301 2758 1516 2823 κακῶς,
1548 2758 1768 2830 διορθώ-

184 2856 385 2909 σασθαι
409 2854 817 2927 προὺθυμήθην.
852 2856 918 2906 Ἃ
950 2854 1012 2924 δὴ
1046 2851 1399 2924 προσκοπῶν,
1431 2852 1615 2924 ἓτερον
1669 2850 1768 2922 μὲν

182 2949 484 3019 ἀπορρήτῳ
511 2946 746 3009 διανοίας
779 2939 1051 3016 ὀφθαλμῷ
1089 2944 1530 3014 συνελογιζόμην,
1583 2943 1766 3014 ἕτερον

179 3037 242 3088 δὲ
274 3039 340 3106 τῇ
389 3037 490 3105 τῆς
540 3036 932 3104 στρατιωτικῆς
982 3036 1160 3106 χειρὸς
1206 3035 1422 3105 ἐξουσίᾳ
1471 3034 1766 3106 κατορθοῦν

183 3127 528 3197 ἐπειρώμην,
561 3125 716 3190 εἰδὼς
743 3127 818 3190 ὡς
852 3129 900 3178 εί
938 3125 1118 3196 κοινὴν
1146 3125 1317 3178 ἅπασι
1346 3128 1458 3188 τοῖς
1499 3125 1591 3178 τοῦ
1629 3124 1764 3178 Θεοῦ

185 3218 513 3290 θεράπουσιν
545 3221 629 3271 ἐπ’
663 3219 848 3289 εὐχαῖς
879 3222 996 3282 ταῖς
1028 3212 1186 3290 spat;
1215 3219 1465 3288 ὁμόνοιαν
1494 3218 1767 3286 καταστή-

187 3330 364 3381 σαιμι,
395 3313 490 3364 καὶ
519 3314 552 3382 ὴ
579 3294 686 3365 sibi)
713 3312 987 3383 δημοσίων
1014 3313 1350 3382 πραγμάτων
1372 3309 1527 3381 χρεία
1554 3308 1765 3379 σύνδρο-

187 3421 288 3473 μον
320 3408 440 3467 ταῖς
487 3404 738 3457 ἁπάντων
763 3399 1007 3456 εὐσεϐέσι
1056 3405 1300 3475 γνώμαις
1331 3402 1428 3474 τὴν
1465 3401 1761 3472 μεταϐολὴν

191 3494 570 3566 καρπώσεται.
620 3516 638 3546 ι
651 3477 667 3496 Ἰ

696 3673 1088 3725 ΚΕΦΑΛΑΙΟΝ
1115 3670 1248 3737 scr.

186 3769 309 3822 Ὀτι
362 3766 462 3820 καὶ
505 3766 705 3832 τὰςέν
759 3763 996 3834 Ἀφρικῇ
1056 3764 1328 3832 ζητήσεις
1367 3761 1756 3830 διωρθώσατο⁴

260 3879 279 3910 ι
331 3859 548 3921 Μανίας
604 3857 732 3924 γοῦν
773 3856 1039 3927 δήπουθεν
1085 3858 1184 3908 οὐκ
1251 3855 1481 3925 ἀνεκτῆς
1543 3853 1758 3906 ἃπασαν

180 3954 281 4021 τὴν
310 3949 574 4021 Ἀφρικὴν
602 3948 977 4019 ἐπιλαϐούσης.
1002 3948 1088 4001 διὰ
1113 3950 1234 4010 τοὺς
1266 3947 1376 4016 (85)
1398 3946 1610 4016 ἁϐούλῳ
1636 3964 1761 3998 κου-

181 4043 378 4112 φότητι
400 4042 497 4112 τὴν
528 4041 634 4094 τῶν
662 4041 848 4112 δήμων
875 4040 1170 4112 θρησκείαν
1193 4043 1272 4102 εἰς
1303 4040 1587 4110 διαφόρους
1609 4039 1758 4109 αἱρέ-

183 4154 301 4199 σεις
323 4135 507 4206 σχίσαι
535 4133 958 4204 τετολμηκότας,
983 4133 1186 4203 ταύτην
1215 4132 1325 4200 ἐγὼ
1353 4132 1451 4203 τὴν
1478 4132 1631 4184 νόσον
1661 4149 1760 4184 κα-

178 4228 461 4281 ταστεῖλαι
508 4226 805 4297 βουληθεὶς,
855 4225 1106 4296 οὐδεμίαν
1152 4226 1343 4296 ἑτέραν
1378 4223 1651 4296 ἀρκοῦσαν
1685 4224 1760 4294 τῷ

178 4323 470 4394 πράγματι
509 4320 800 4390 θεραπείαν
845 4319 1114 4390 εὕρισκον,
1155 4319 1186 4389 ἢ
1231 4321 1278 4370 εί
1318 4319 1408 4371 τὸν
1437 4318 1612 4371 κοινὸν
1661 4317 1762 4386 τῆς

178 4415 510 4484 οἰκουμένης
561 4411 752 4483 ἐχθρὸν
785 4411 978 4478 ἐξελὼν
1002 4413 1132 4482 (86),
1164 4411 1220 4474 ὃς
1263 4413 1380 4474 ταῖς
1411 4411 1582 4480 ἱεραῖς
1609 4409 1760 4479 ὑμῶν

179 4509 425 4570 συνόδοις
454 4507 549 4577 τὴν
604 4505 858 4575 ἀθέμιτον
908 4507 1097 4559 ἑαυτοῦ
1143 4507 1366 4576 γνώμην
1413 4505 1758 4574 ἀντέστησεν,

1883 576 2029 628 circa
2073 587 2133 626 se
2167 571 2432 636 habebat,
2471 573 2793 642 quemdam,
2832 586 2992 638 quem
3033 571 3100 622 ob
3136 565 3453 623 ιιιοιΙοειὶιιιίι

1883 666 2004 720 fidei
2045 673 2368 732 spectatum,
2399 673 2454 716 et
2473 665 2544 716 ob
2569 662 2851 733 religionis
2877 659 3272 716 confessionem
3301 673 3456 727 supe-

1881 759 2016 812 riori
2051 768 2292 824 tempore
2328 771 2437 825 pra:
2462 755 2672 810 caeteris
2701 755 3044 810 nobilitatum
3092 768 3212 807 esse
3255 766 3453 822 cogno-

1881 861 2052 914 verat,
2105 850 2488 904 Alexandriam
2541 850 2748 916 dirigit,
2803 857 2860 901 ut
2903 848 3046 901 inter
3093 863 3186 901 eus
3225 848 3316 912 qui
3347 847 3452 899 illic

1879 941 2211 995 dissidebant
2254 955 2442 1011 pacem
2489 939 3181 1007 componeret,eidemque
3239 937 3450 990 litteras

1879 1033 1969 1086 dat
2033 1035 2098 1086 ad
2139 1033 2508 1088 contentionis
2561 1041 2834 1097 auctores,
2880 1033 3120 1088 utilesin
3149 1030 3339 1100 primis
3386 1046 3449 1084 ac

1879 1129 2235 1180 necessarias.
2269 1125 2397 1193 Quae
2429 1141 2550 1180 cum
2599 1125 2807 1180 illustre
2845 1125 3114 1193 specimen
3156 1122 3449 1176 exhibeant

1877 1231 2022 1271 curre
2049 1231 2113 1270 ac
2136 1217 2521 1272 sollicitudinis
2551 1217 2700 1271 illius
2731 1231 2893 1285 quam
2921 1232 3019 1284 pro
3059 1215 3318 1270 Ecclesiis
3351 1214 3447 1269 Dei

1877 1309 2125 1377 gerebat,
2159 1326 2261 1363 non
2299 1310 2595 1365 absurdum
2625 1310 2819 1374 fuerit,
2852 1310 2979 1364 huic
3014 1311 3080 1364 de
3119 1310 3209 1364 illo
3233 1309 3448 1364 institu-

1877 1411 1942 1454 ta:
1969 1400 2270 1453 narrationi
2302 1401 2444 1467 ipsas
2473 1401 2736 1454 inserere.
2767 1403 2904 1453 Sunt
2936 1411 3114 1455 autem
3155 1400 3442 1470 ejusmodi.

2337 1489 2500 1562 [.73
2539 1492 2766 1546 CAPUT
2811 1491 2990 1547 wa.

1874 1583 2204 1641 Constantini
2243 1589 2464 1654 epistola
2517 1589 2584 1641 ad
2632 1589 2989 1641 Alexandrum
3035 1588 3444 1654 episcopum,et

2345 1658 2528 1711 Arium
2591 1660 2970 1726 presbyterum.

1950 1769 1967 1800 ι
2004 1750 2589 1806 Victor-Constantinus
2611 1752 3183 1820 lllaxinmsAugustus,
3210 1751 3443 1802 Alexana

1804 1841 1843 1894 B
1871 1842 1968 1894 dro
1992 1854 2041 1894 et
2065 1843 2216 1895 Ario.

1949 1951 1966 1982 ι
2011 1935 2223 1987 Duabus
2265 1950 2350 1987 me
2381 1935 2560 1988 causis
2601 1934 2884 2003 impulsum
2914 1935 3085 1988 fuisse
3138 1934 3202 1986 ad
3257 1949 3442 1988 earum

1874 2040 2053 2078 rerum
2114 2042 2254 2093 quas
2300 2027 2439 2095 gessi
2491 2026 2854 2080 ministerium
2909 2026 3265 2089 obeundum,
3328 2027 3446 2095 ipse

1871 2131 2160 2172 conatuum
2213 2134 2454 2172 meorum
2504 2119 2719 2184 adjutor
2766 2128 2818 2171 et
2876 2129 3121 2172 servator
3177 2119 3443 2184 omnium,

1873 2213 1998 2265 mihi
2028 2215 2177 2265 testis
2206 2222 2289 2267 est
2324 2215 2478 2264 Deus.
2522 2231 2539 2261 ι

2434 2301 2662 2357 CAPUT
2714 2301 2874 2355 LXV.

2123 2397 2276 2461 Quod
2322 2414 2416 2465 pro
2447 2412 2571 2462 pace
2607 2397 2853 2448 continue
2897 2398 3189 2464 satagebat.

1947 2505 1964 2539 ‹
1991 2488 2122 2542 Nam
2155 2493 2385 2558 primum
2404 2489 2626 2557 quidem
2652 2488 2891 2541 omnium
2926 2490 3166 2556 gentium
3199 2488 3441 2542 inolitam

1871 2584 1936 2636 de
1973 2585 2078 2651 Deo
2108 2584 2417 2648 opinionem
2455 2581 2506 2634 in
2552 2596 2710 2633 unam
2767 2581 2919 2648 quasi
2960 2580 3328 2634 habitudinem
3380 2595 3444 2635 ac

1871 2670 2096 2721 formam
2131 2673 2479 2737 compingere
2525 2668 2864 2737 propositum
2913 2668 3054 2721 fuit;
3089 2670 3282 2723 deinde
3314 2687 3442 2723 vero

1869 2775 2066 2826 corpus
2097 2762 2243 2812 orbis
2277 2771 2542 2812 terrarum
2575 2761 2738 2828 quasi
2773 2761 2921 2829 gravi
2968 2761 3205 2830 quodam
3253 2761 3441 2817 inorbo

1871 2851 2172 2919 tyrannidis
2225 2867 2568 2920 oppressum,
2623 2853 2674 2904 iu
2738 2851 3024 2921 pristinam
3076 2853 3438 2915 valetudinem

1871 2944 2175 2998 restituere.
2230 2945 2358 3010 Quae
2393 2960 2516 2998 cum
2565 2945 2696 2998 milii
2741 2946 2917 2998 instar
2944 2947 3090 3014 scopi
3129 2950 3435 3016 proposuis-

1869 3053 2002 3102 sem,
2058 3037 2290 3090 alterum
2349 3037 2564 3106 quidem
2614 3053 2816 3089 arcano
2872 3039 3222 3105 c0gitatiouis
3286 3040 3442 3095 oculo

1871 3128 2211 3194 inquirebant
2243 3145 2255 3191 ;
2283 3127 2511 3181 alterum
2546 3143 2676 3178 vero
2703 3127 2896 3181 bellica
2922 3130 2971 3181 vi
2999 3139 3160 3198 atque
3203 3134 3440 3198 potentia

1870 3219 2128 3286 perlicere
2149 3221 2412 3272 conabar.
2449 3219 2659 3287 Quippe
2693 3220 3080 3290 iutelligebam,
3119 3223 3160 3274 si
3192 3238 3441 3276 continu-'-

1869 3327 1991 3364 nem
2031 3312 2174 3365 inter
2195 3327 2382 3364 omnes
2420 3312 2508 3364 Dei
2553 3312 2790 3366 cultores
2850 3310 3236 3376 concordiam,
3301 3315 3443 3369 sicut

1869 3402 1999 3454 ιιιιιιὶ
2032 3403 2084 3453 in
2118 3403 2255 3457 votis
2285 3413 2423 3463 erat,
2448 3401 2691 3455 stabilire
2720 3404 3019 3470 potuissem
3045 3445 3060 3466 ,
3097 3405 3211 3458 fore
3242 3415 3300 3459 ut
3333 3407 3442 3461 rei-

1869 3494 2094 3561 publicae
2141 3493 2569 3555 ailuiiuiStratiu,
2634 3496 2990 3547 mutationem
3050 3498 3153 3564 piis
3191 3501 3436 3554 omnium

1868 3587 2118 3640 sensibus
2150 3597 2540 3655 congruentem
2582 3585 3045 3638 nancisceretur.)

2427 3675 2652 3730 CAPUT
2690 3675 2872 3729 LXVI.

1869 3765 2144 3833 Quomodo
2174 3770 2495 3838 quastiones
2528 3771 2580 3821 in
2611 3769 2794 3836 Africa
2829 3769 3084 3821 excitatas
3114 3771 3438 3837 compressit.

1942 3880 1960 3913 ι
1992 3862 2177 3930 Itaque
2209 3877 2331 3914 cum
2365 3860 2727 3914 intolerabilis
2751 3861 2994 3928 quasdam
3027 3861 3235 3915 insania
3270 3872 3438 3916 totam

1866 3953 2105 4006 Africam
2151 3953 2544 4020 corripuisset,
2581 3953 2651 4007 ob
2702 3953 2960 4020 quosdam
3013 3955 3105 4022 qui
3151 3957 3440 4009 temeraria

1866 4045 2087 4100 levitate
2135 4045 2453 4114 religionem
2511 4046 2835 4115 populorum
2914 4048 2968 4100 in
3017 4049 3201 4102 varias
3259 4059 3442 4104 sectas

1867 4137 2177 4192 discindere
2214 4138 2328 4192 ausi
2364 4141 2614 4202 inerant;
2650 4139 2792 4192 hunc
2829 4154 2930 4204 ego
2975 4140 3215 4192 morbum
3251 4141 3442 4195 sedare

1867 4229 2112 4298 cupiens,
2140 4229 2342 4283 nullum
2365 4229 2509 4282 aliud
2543 4231 2841 4283 remedium
2869 4229 2935 4282 ad
2955 4231 3072 4299 ejus
3103 4232 3440 4286 curationem

1869 4322 2119 4374 idoneum
2155 4322 2512 4390 reperiebam,
2549 4337 2709 4389 quam
2751 4325 3116 4383 ut,couimuni
3152 4326 3306 4378 hoste
3347 4339 3443 4392 ge-

1869 4414 2014 4467 neris
2063 4413 2283 4466 humaui
2333 4429 2362 4467 e
2422 4415 2595 4470 medio
2636 4415 2879 4478 sublato,
2931 4417 3019 4482 qui
3074 4415 3441 4469 sacrosanctis

1869 4506 2088 4574 synodis
2115 4506 2314 4560 vestris
2357 4506 2576 4574 impiam
2610 4523 2759 4560 suam
2787 4509 3109 4562 sententiam
3146 4524 3210 4561 ac
3239 4509 3442 4575 jussio—

255 4709 372 4778 (82)
411 4708 932 4779 Δεδοκιμασμένον
977 4709 1185 4779 ᾅνδρα.
1223 4709 1405 4779 Osium
1454 4706 1762 4779 Cordubam

1879 4707 2064 4760 Verum
2091 4724 2212 4760 cum
2236 4703 2303 4762 in
2335 4709 2553 4774 optimis
2593 4707 2869 4761 codicibus
2907 4707 3208 4762 Fuketiauo
3245 4718 3296 4761 et
3343 4709 3440 4763 Sa-

180 4777 300 4832 sem
343 4777 627 4847 intelligit,
655 4791 706 4831 ut
742 4777 937 4833 scribit
977 4777 1224 4833 Gelasius
1263 4778 1561 4848 Cyzicenus
1607 4777 1658 4829 in
1703 4778 1762 4829 lid-

185 4853 289 4902 liro
340 4865 377 4901 ll
431 4859 488 4903 et
532 4859 655 4913 post
706 4850 852 4902 illum
905 4849 1126 4904 l’liotius
1173 4852 1222 4902 in
1275 4847 1618 4910 Bibliotheca,
1665 4862 1758 4901 ca-

182 4920 299 4986 pite
326 4918 504 4982 l27,et
535 4917 896 4987 Nicepliorus,
936 4926 992 4971 et
1012 4931 1138 4974 ante
1162 4922 1262 4974 llos
1285 4935 1474 4971 omnes
1502 4919 1760 4972 Socrates

179 5000 351 5053 atque
381 4989 733 5042 Snznnieuus.

256 5059 374 5128 (85)
404 5058 594 5123 Τὴν...
615 5060 747 5126 περὶ
778 5061 841 5111 τὸ
869 5058 1028 5112 θεῖον
1053 5061 1359 5126 πρόθεσιν.
1383 5056 1598 5128 Mallem
1626 5059 1759 5110 seri.-

179 5130 315 5184 iiere
355 5127 618 5192 διάθεσιν,
668 5140 760 5182 aut
800 5128 1086 5198 πρόληψιν.
1135 5129 1338 5198 Contra
1381 5127 1432 5178 in
1495 5129 1760 5194 principio

179 5200 348 5269 hujus
402 5202 643 5265 epistolae
696 5215 791 5270 pro
847 5197 1038 5270 διπλῆν
1101 5216 1201 5270 μοι
1237 5197 1527 5270 πρόφασιν,
1577 5203 1756 5270 malini

179 5266 372 5336 legere
403 5266 709 5339 πρόθεσινᾟ
733 5269 848 5322 Mox
894 5266 1072 5340 scribo
1104 5266 1246 5340 ’πρὸς
1284 5266 1417 5340 μίαν
1452 5267 1638 5340 ἕξεως,
1666 5266 1758 5340 σῦ-

182 5355 384 5392 στασιν
413 5337 614 5393 ὲνῶσαι
641 5357 704 5392 ex
746 5341 908 5393 codd.
939 5337 1238 5391 Fuketta'no
1281 5337 1336 5392 et
1374 5338 1584 5392 Savilii.
1621 5337 1754 5390 Mal-

177 5409 292 5463 lem
332 5418 510 5462 tamen
543 5412 782 5464 scribere
809 5409 945 5480 πρὸς
972 5411 1119 5478 μιᾶς.

256 5480 376 5547 (84)
415 5480 690 5544 Καθάπερ
707 5476 950 5548 χαλεπῷ
974 5476 1113 5531 τινι.
1147 5479 1344 5531 Desunt
1375 5479 1465 5532 hic
1485 5476 1760 5548 nonnulla,

179 5565 306 5615 qua:
343 5553 398 5602 in
432 5553 572 5603 libro
597 5547 779 5602 Mortei
815 5552 884 5600 ita
921 5549 1239 5618 supplentur
1261 5547 1522 5618 :Axaksm‘p
1546 5564 1651 5600 τινι
1680 5563 1766 5600 νοά

184 5625 404 5691 σήματι
459 5621 667 5689 πάσχον
720 5618 906 5691 κακῶς
969 5616 1549 5691 διορθώσασθαι,ει(ἑτ.
1608 5627 1767 5691 prout

183 5688 356 5742 etiam
397 5688 676 5758 lcgitttt‘riu
720 5689 963 5742 editione
1007 5688 1332 5758 GenevenSI.
1362 5689 1474 5756 Ego
1508 5688 1764 5741 libentius

184 5761 335 5812 hunc
379 5755 554 5812 locum
584 5763 654 5812 ita
692 5759 1054 5829 suppleverini
1094 5755 1348 5829 εχαλεπῷ
1367 5755 1469 5810 τινι
1501 5758 1766 5829 νοσήματι

181 5831 284 5894 τῆς
303 5828 623 5900 τυραννίδος
645 5828 963 5897 πιεζόμενον
982 5828 1338 5901 ἐλευθερῶσαι
1353 5828 1761 5899 προὺθυμηθην.

1867 4779 1976 4830 γίιὶἰ
2011 4780 2161 4832 locus
2194 4781 2266 4831 ita
2301 4787 2636 4846 suppleatur,
2665 4789 2720 4830 ut
2753 4795 2913 4843 supra
2949 4781 3126 4841 posui,-
3157 4794 3274 4831 eam
3308 4783 3441 4832 scri-

1866 4859 2075 4915 pturam
2112 4852 2266 4918 sequi
2303 4861 2546 4918 praestat.
2589 4851 2756 4901 l’orro
2780 4851 2832 4901 iii
2868 4847 3082 4902 Fuketii
3117 4850 3256 4903 libro
3285 4854 3438 4904 deest

1863 4933 1978 4989 vos“
1996 4919 2198 4989 κοινῆς.

1935 4987 2046 5055 (85)
2086 4987 2241 5057 Viilg.
2263 4989 2497 5053 Μανίας
2517 4989 2626 5056 γὰρ
2652 4988 3016 5051 δήπουθεν...
3039 4989 3137 5042 καὶ
3163 4988 3258 5042 διὰ
3275 4991 3434 5055 τούς.

1867 5056 2225 5128 Scribendum
2253 5061 2474 5128 omnino
2491 5070 2571 5112 est
2591 5059 2786 5128 μανίας
2815 5060 2966 5125 γοῦν.
2994 5060 3161 5112 Paulo
3194 5074 3311 5126 pust
3346 5063 3434 5113 ubi

1868 5127 2060 5194 legitur
2083 5131 2179 5182 καὶ
2210 5127 2299 5181 διὰ
2328 5127 2834 5197 τοὺςςοκμιιιιεειιιιει
2877 5142 2960 5182 est
3000 5130 3264 5198 particula
3317 5132 3432 5182 καί.

1870 5199 2175 5254 liutiatistas
2230 5211 2410 5250 autem
2459 5200 2730 5267 intelligit,
2764 5201 2852 5262 Qui
2897 5211 3018 5267 post
3049 5198 3347 5251 Romanam
3382 5211 3438 5254 et

1861 5272 2232 5324 Arelatensem
2287 5272 2570 5337 synodum,
2621 5281 2742 5337 post
2775 5269 3037 5338 judicium
3086 5272 3249 5336 ipsius
3293 5271 3438 5325 Cau-

1864 5339 2111 5398 s-antini,
2148 5340 2328 5391 atlliuc
2360 5340 2410 5390 in
2444 5337 2626 5390 Africa
2661 5337 3150 5393 tumultuabanlur.

1932 5410 2041 5481 (86)
2082 5407 2192 5461 Τὸν
2214 5407 2418 5481 κοινςύν
2437 5407 2548 5474 τῆς
2574 5409 2929 5481 οἰκουμένης
2948 5408 3167 5477 ἐχθρὰν
3185 5408 3434 5473 ἐξελών.

1861 5478 2126 5535 Licinium
2166 5478 2352 5545 praeui
2383 5480 2544 5546 dubio
2589 5480 2857 5544 intelligit,
2903 5490 2957 5530 ut
3000 5481 3278 5546 declarant.
3314 5497 3436 5546 qua:

1862 5543 2349 5619 scquunturiverba
2374 5565 2386 5599 :
2413 5545 2471 5608 ὃς
2501 5551 2620 5619 ταῖς
2648 5543 2819 5618 ἱεραῖς
2847 5548 2998 5618 ὑμῶν
3031 5543 3287 5611 συνόδοις,
3325 5543 3391 5600 et-
3417 5585 3430 5600 .

1863 5618 1996 5675 Nam
2071 5619 2310 5672 Licinius
2364 5618 2598 5687 synodos
2653 5620 3075 5672 cliristiauonim
3127 5620 3432 5673 antistitum

1863 5691 2314 5761 proliiliuerat,_ut
2341 5696 2572 5741 testatur
2603 5690 2861 5741 Eusebius
2883 5691 2934 5742 in
2965 5690 3102 5740 libro
3125 5705 3168 5761 ι,
3198 5705 3316 5757 cap.
3342 5690 3429 5744 51.

1864 5759 1932 5814 At
1983 5759 2507 5828 Cliristopborsonus
2557 5774 2899 5813 communem
2953 5759 3169 5812 luunani
3221 5775 3433 5826 generis

1867 5834 2076 5884 hostem
2141 5827 2242 5882 hoc
2293 5829 2346 5884 in
2417 5827 2533 5882 loco
2595 5829 2864 5883 diabolum
2921 5845 3039 5885 esse
3087 5829 3420 5884 existimavit
