3882 6262
183 326 305 383 l0."

1268 317 1351 373 DE
1392 317 1551 372 VITA
1587 312 2046 372 CONSTANTINI
2086 313 2214 368 LIB.
2255 311 2317 366 ῐῐ.

3270 311 3410 366 tot».

183 447 276 516 τήν
301 455 358 494 τε
390 439 540 492 θείαν
566 437 821 509 πρόνοιαν
849 436 1083 498 καλέσας
1102 433 1314 506 ἀρωγὸν
1331 433 1410 504 τῷ
1435 434 1736 505 πράγματι,

1846 432 2111 494 redactus,
2166 428 2291 485 etad
2319 426 2643 482 concordem
2665 433 2949 496 utriusque
2978 436 3214 480 vestrum
3244 425 3411 479 soler-

187 533 340 604 μέσον
361 531 459 602 τῆς
486 529 619 602 πρὸς
648 528 910 600 ἀλλήλους
941 527 1092 598 ὑμῶν
1124 526 1605 597 ἀμφισϐητήσεως,
1630 517 1743 577 οἷον

181 626 392 696 είρήνης
425 621 686 693 πρύτανιν
723 620 960 691 ἐμαυτὸν
994 618 1254 689 προσάγω
1283 617 1526 679 εἰκότως.
1568 616 1743 684 Ὅπερ

180 716 282 785 γὰρ
307 715 370 784 δὴ
404 714 788 784 συναιρομένου
831 711 925 765 τοῦ
961 712 1286 782 κρείττονος,
1331 710 1424 763 καὶ
1460 711 1509 761 εἰ
1545 705 1742 778 μείξων

181 803 241 879 ἦν
261 824 343 870 τις
370 806 592 878 ἀφορμὴ
642 805 926 875 διχονοίας,
956 805 1015 856 οὐ
1060 802 1310 874 χαλεπῶς
1341 802 1405 855 ἂν
1448 799 1738 870 ἠδυνήθην,

178 900 343 962 ὁσίαις
365 900 473 951 τῶν
501 897 802 951 ἀκουόντων
828 895 1072 966 γνώμαις
1102 895 1417 965 ἐγχειρίζων
1445 893 1534 947 τὸν
1564 892 1738 960 λόγον,

179 996 250 1056 είς
268 993 325 1045 τὸ
350 989 763 1062 χρησιμώτερον
789 989 1016 1042 ἕκαστον
1056 986 1390 1058 μεταστῆσαι
1419 984 1550 1056 (94),
1585 982 1741 1036 τοῦτο

182 1084 370 1153 μικρᾶς
422 1081 517 1134 καὶ
545 1079 664 1132 λίαν
707 1077 957 1140 εὐτελοῦς
994 1078 1246 1149 ἀφορμῆς
1303 1075 1670 1148 ὑπαρχούσης,
1703 1074 1737 1144 ἢ

178 1173 302 1244 πρὸς
317 1173 376 1225 τὸ
395 1172 515 1225 ὅλον
535 1169 782 1242 ἐμποδὼν
811 1170 1046 1234 ἵσταται,
1083 1169 1198 1232 πῶς
1217 1169 1318 1222 οὐκ
1351 1165 1633 1238 εὐχερεστέ
1641 1183 1738 1237 ραν

175 1266 261 1317 καὶ
285 1263 462 1334 πολλῷ
494 1262 827 1334 ρᾳδιωτέραν
858 1278 946 1332 μοι
972 1261 1063 1315 τοῦ
1095 1260 1419 1331 πράγματος
1447 1258 1542 1330 τὴν
1572 1260 1738 1311 ἐπαν-

177 1354 392 1426 όρθωσιν
427 1351 752 1424 μνηστεύσει
772 1367 784 1416 ;
817 1369 835 1402 ι

686 1530 1078 1582 ΚΕΦΑΛΑΙΟΝ
1109 1528 1223 1582 ΞΘ’.

175 1620 402 1689 Πόθενξή
439 1621 830 1689 Ἀλεξάνδρου
851 1619 951 1673 καὶ
985 1621 1213 1687 Ἀρείου
1236 1619 1476 1688 ζήτησις
1493 1619 1735 1688 ἤρξατο,

401 1692 500 1744 καὶ
530 1691 618 1745 ὅτι
641 1690 728 1760 μὴ
762 1689 952 1759 ἐχρῆν
983 1689 1259 1758 συζητεῖν
1288 1689 1494 1744 ταῦτα.

242 1806 259 1837 ι
289 1784 560 1839 Μανθάνω
596 1784 774 1837 τοίνυν
820 1784 1028 1837 ἐκεῖθεν
1057 1782 1293 1853 ὑπῆρξαι
1338 1782 1432 1836 τοῦ
1480 1783 1742 1854 παρόντος
1772 1773 1819 1827 Β-

176 1879 466 1949 ζητήματος
494 1877 596 1948 τὴν
624 1875 946 1946 καταϐολὴν.
986 1876 1113 1928 Ὅτε
1145 1875 1254 1947 γάρ
1301 1876 1386 1940 σὺ,
1413 1869 1457 1928 ὦ
1492 1875 1740 1939 Ἀλέξαν-

174 1970 275 2040 aps,
306 1967 452 2039 παρὰ
489 1968 600 2021 τῶν
628 1967 1010 2040 πρεσϐυτέρων
1049 1967 1279 2038 ἐζήτεις,
1315 1967 1366 2019 τί
1411 1967 1614 2040 ,δήποτε
1644 1969 1742 2021 αύ-

174 2059 270 2110 τῶν
287 2058 515 2120 ἕκαστος
539 2057 650 2127 (95)
680 2057 821 2128 ύπέρ
864 2075 1006 2121 τινος
1032 2057 1196 2110 τόπου
1239 2057 1347 2110 τῶν
1392 2060 1448 2110 ἐν
1487 2058 1564 2128 τῷ
1593 2057 1740 2129 νόμῳ

174 2150 576 2220 γεγραμμένων,
599 2148 794 2218 μᾶλλον
819 2149 861 2201 δ’
881 2149 1020 2220 ὑπὲρ
1049 2150 1274 2219 ματαίου
1303 2148 1444 2212 τινὸς
1465 2147 1740 2221 ζητήσεως

179 2242 356 2312 μέρους
400 2241 724 2304 ἐπυνθάνου,
762 2239 824 2292 σύ
874 2257 954 2303 τε,
1003 2233 1047 2293 ὦ
1079 2241 1286 2312 "Aptata,
1343 2240 1485 2295 τοῦθ’
1529 2243 1673 2313 ὅπερ
1707 2243 1747 2315 ἦε

182 2337 301 2402 μήτε
320 2333 415 2405 τὴν
463 2334 640 2404 ἀρχὴν
679 2332 1068 2403 ἐνθυμηθῆναι,
1095 2333 1126 2404 ἢ
1168 2333 1537 2404 ἐνθυμηθέντα
1562 2337 1738 2406 σιωπῇ

179 2423 490 2492 παραδοῦναι
521 2423 792 2495 προσῆκον
810 2419 895 2494 ἦν,
921 2423 1245 2494 ἀπροόπτως
1275 2423 1584 2488 ἐντέθεικας
1605 2424 1736 2495 (96),

176 2509 281 2563 ὅθεν
301 2512 392 2582 τῆς
417 2513 473 2564 ἐν
510 2512 641 2582 ὑμῖν
663 2512 924 2582 διχονοίας
954 2511 1061 2582 (97)
1089 2510 1476 2583 ἐγερθείσης,ή
1503 2513 1600 2583 μὲν
1619 2511 1741 2566 σύν-

177 2605 278 2668 οδος
304 2605 510 2676 ⁴ἤρνήθη
531 2605 664 2677 (98),
682 2606 780 2660 ὁδὲ
813 2606 1115 2675 ἀγιώτατος
1142 2607 1268 2670 λαὸς
1293 2608 1371 2670 εἰς
1396 2608 1739 2679 ἀμφοτέρους

179 2696 413 2764 σχισθεὶς,
444 2700 512 2750 ἐκ
552 2698 650 2768 τῆς
683 2697 776 2750 τοῦ
811 2698 991 2752 κοινοῦ
1034 2698 1281 2770 σώματος
1313 2699 1578 2771 ἁρμονίας
1605 2703 1741 2770 ἐχω-

179 2786 337 2857 ρίσθη.
363 2788 571 2842 Οὐκοῦν
598 2787 856 2860 ἑκάτερος
901 2790 930 2841 ὑ
939 2788 1054 2859 μῶν
1081 2790 1257 2857 ἐξίσου
1287 2793 1384 2864 τὴν
1412 2791 1738 2862 συγγνώμην

178 2876 450 2948 παρασχὼν
495 2877 631 2948 (99),
675 2879 811 2950 ὅπερ
849 2877 915 2932 ἂν
967 2880 1093 2951 ύμῖν
1127 2883 1155 2934 ό
1189 2879 1542 2952 συνθεράπων
1586 2880 1740 2952 ὑμῶν

177 2967 376 3031 δικαίως
419 2973 698 3040 παραινεῖ,
747 2969 1015 3034 δεξάσθω.
1048 2972 1113 3025 Ἰί
1135 2971 1191 3025 δὲ
1214 2971 1370 3025 τοῦτό
1401 2974 1581 3039 ἐστιν;
1616 2971 1739 3026 οὔτε

1847 524 1976 576 tiam
2005 522 2275 586 scribens,
2310 518 2565 572 invocato
2596 518 2660 571 ad
2693 517 2794 571 hoc
2827 532 2962 586 opus
2991 516 3192 571 auxilio
3217 516 3412 570 divinae

1845 613 2228 678 Providentiae,
2261 610 2526 666 arbitrum
2566 624 2652 662 me
2689 609 3046 663 dissensionis
3086 618 3280 664 vestra!
3305 648 3319 671 ,
3353 615 3412 663 et

1844 707 2002 778 quasi
2028 705 2178 774 pacis
2213 703 2614 758 moderatorem
2659 702 2854 754 merito
2891 701 3195 770 interpono.
3276 700 3412 754 Nam

1845 796 2180 867 qui,etiamsi
2204 794 2424 864 gravior
2451 794 2695 848 subesset
2718 807 2878 848 causa
2902 792 3204 855 discordiae,
3229 801 3404 844 tamen

1845 891 1953 944 Deo
1982 889 2227 958 iuvante,
2275 887 2379 955 piis
2429 885 2760 939 audientium
2816 884 3088 938 mentibus
3139 882 3407 936 rationem

1844 981 2147 1042 insinuans,
2177 979 2320 1032 haud
2372 975 2587 1030 difﬁcile
2621 990 2836 1045 possem
2870 975 3109 1046 singulos
3149 975 3215 1028 ad
3261 975 3408 1028 salu-

1844 1075 2022 1128 briora
2079 1071 2308 1128 consilia
2372 1083 2664 1135 revocare;
2700 1069 3001 1131 idem,cum
3045 1065 3180 1121 levis
3224 1067 3413 1120 admo-

1843 1172 1966 1224 dum
2001 1177 2049 1222 et
2075 1170 2269 1238 exigua
2314 1182 2459 1222 nunc
2497 1180 2659 1220 causa
2692 1166 2782 1229 sit,
2814 1178 2933 1234 qua:
2971 1163 3134 1218 totius
3165 1165 3411 1232 corporis

1842 1260 2182 1315 consensioni
2223 1259 2427 1323 obstat,
2486 1272 2585 1310 cur
2634 1270 2737 1309 non
2791 1255 2960 1308 multo
3013 1254 3309 1308 faciliorem
3359 1259 3412 1306 et

1841 1350 2236 1419 expeditiorem
2297 1348 2458 1416 hujus
2513 1347 2590 1402 rei
2653 1345 3049 1401 correctionem
3114 1344 3244 1398 Inibi
3299 1343 3412 1410 ipse

1843 1442 2173 1513 spondeam?
2193 1460 2211 1492 ι

2400 1526 2628 1582 CAPUT
2669 1527 2856 1582 LXIX.

1845 1621 1991 1677 Unde
2023 1632 2148 1677 nata
2197 1623 2263 1676 sit
2311 1621 2666 1683 controversia
2704 1621 2843 1673 inter
2881 1620 3062 1671 Arium
3096 1630 3142 1672 et
3182 1617 3413 1673 Alexam-

1990 1695 2166 1758 drum,
2196 1703 2243 1746 et
2270 1693 2409 1762 quod
2433 1693 2560 1743 (alia
2597 1705 2700 1743 non
2730 1700 2878 1742 erant
2902 1691 3263 1758 disquirenda.

1919 1803 1938 1836 ι
1967 1784 2134 1839 Porro
2151 1779 2832 1852 pratsentiscontroversire
2865 1780 3074 1833 initium
3095 1780 3216 1834 hinc
3241 1780 3410 1833 exsti-

1847 1878 1975 1932 tisse
1998 1876 2294 1946 comperio.
2339 1875 2472 1928 (ium
2507 1872 2650 1926 enim
2692 1871 3158 1934 tu,Alexander,a
3191 1871 3418 1940 presby-

1845 1972 1977 2025 teris
2005 1970 2112 2024 tuis
2145 1968 2475 2038 requireres,
2507 1966 2635 2035 quid
2671 1967 2902 2036 quisque
2944 1980 3131 2018 eorum
3174 1965 3241 2018 de
3277 1979 3416 2034 quo-

1843 2063 1964 2116 dam
1997 2061 2130 2130 legis
2158 2059 2277 2114 loco
2310 2059 2559 2122 sentiret,
2591 2073 2682 2111 seu
2715 2057 2896 2127 potius
2919 2057 2983 2111 de
3001 2058 3230 2127 quadam
3259 2069 3415 2124 parte

1845 2156 2017 2208 inanis
2049 2151 2363 2221 quaestionis
2393 2164 2488 2205 eos
2513 2151 2882 2219 interrogares
2909 2167 2920 2201 :
2949 2162 3176 2216 cumque
3195 2157 3270 2210 tu,
3294 2147 3414 2212 Ari,

1843 2246 1896 2300 id
1935 2245 2075 2314 quod
2104 2243 2188 2298 vel
2221 2255 2498 2311 nunquam
2528 2239 2693 2311 475
2720 2239 2977 2308 cogitare,
3008 2237 3093 2292 vel
3118 2252 3250 2291 sane
3271 2240 3416 2307 cogi-

1845 2346 2012 2391 tatum
2068 2334 2287 2390 silentio
2334 2347 2581 2402 premere
2643 2331 2910 2385 debueras
2945 2330 2981 2396 ,1
3039 2329 3414 2398 imprudenter

1841 2428 2184 2500 protulisses,
2217 2427 2451 2480 excitata
2487 2425 2629 2477 inter
2659 2438 2753 2478 vos
2778 2422 3069 2487 discordia,
3102 2423 3416 2476 communio

1840 2523 2060 2593 quidem
2090 2521 2352 2590 denegata
2394 2525 2512 2582 est;
2567 2517 2948 2570 sanctissimus
2978 2524 3155 2569 autent
3186 2514 3414 2584 populus

1843 2615 1896 2669 in
1931 2615 2064 2668 duas
2104 2621 2288 2682 partes
2316 2611 2594 2676 discissus,
2643 2623 2673 2662 a
2723 2609 2885 2663 totius
2927 2608 3174 2678 corporis
3207 2607 3416 2662 unitate

1840 2707 2109 2763 discessit.
2149 2705 2414 2773 Quocirca
2463 2713 2695 2772 uterque
2725 2712 2966 2758 vestrum
2997 2702 3208 2756 veniam
3254 2702 3423 2756 vicis--

1841 2799 1943 2852 sim
1966 2795 2120 2850 alteri
2148 2795 2390 2850 tribuens
2416 2836 2430 2858 ,
2465 2792 2515 2846 id
2545 2793 2922 2862 amplectatur,
2947 2792 3089 2862 quod
3121 2807 3416 2848 conservus

1839 2901 2020 2945 vester
2048 2887 2200 2943 vobis
2217 2885 2520 2955 iustissime
2549 2884 2764 2941 suadet.
2811 2884 3078 2952 Quidnam
3110 2900 3242 2940 vero
3282 2884 3416 2938 illud

1838 2983 1955 3038 est?
1994 2981 2102 3036 Nec
2122 2981 2462 3051 interrogare
2495 2979 2560 3034 de
2595 2977 2905 3047 hujusmodi
2946 2977 3111 3032 rebus
3143 2976 3416 3046 principio

177 3057 363 3130 ἐρωτᾷν
386 3061 529 3130 ὑπὲρ
544 3060 651 3113 τῶν
674 3061 927 3114 τοιούτων
942 3062 998 3128 ἐξ
1021 3063 1192 3133 ἀρχῆς
1217 3063 1488 3134 προσῆκον
1502 3059 1591 3134 ἦν,
1614 3060 1672 3116 οὗ
1690 3079 1736 3116 σε

1846 3077 2086 3141 decebat,
2118 3089 2219 3130 nec
2241 3074 2637 3142 interrogatum
2673 3071 3025 3142 respondere.
3080 3070 3240 3125 Tales
3268 3073 3414 3126 enim

178 3151 507 3224 ἐρωτώμενον
547 3155 956 3226 ἀποκρίνεσθαι.
990 3156 1102 3218 Τὰς
1133 3157 1241 3227 γὰρ
1278 3155 1530 3219 τοιαύτας
1575 3154 1739 3226 ζητή-

180 3264 294 3310 σεις,
325 3249 532 3311 ὁπόσας
558 3248 630 3318 μὴ
658 3249 821 3318 νόμου
842 3247 986 3311 τινὸς
1008 3247 1220 3317 ἀνάγκη
1251 3249 1595 3320 προστάττει,
1626 3247 1738 3300 ἀλλ’

179 3342 458 3412 ἀνωφελοῦς
482 3343 683 3414 ἀργίας
704 3341 986 3413 ἐρεσχελία
1013 3341 1350 3414 προτίθησιν,
1387 3344 1434 3396 εἰ
1464 3343 1558 3396 καὶ
1591 3361 1743 3413 φυσι-

179 3436 268 3504 κῆς
287 3451 421 3498 τινος
463 3434 777 3504 γυμνασίας
812 3433 887 3503 (1)
922 3432 1084 3487 ἕνεκα
1122 3433 1379 3502 γίγνοιτο,
1416 3435 1563 3506 ὅμως
1595 3435 1740 3504 ὀφεί-

179 3525 321 3596 λομεν
346 3527 472 3581 είσω
498 3527 598 3597 τῆς
625 3525 862 3589 διανοίας
900 3525 1186 3594 ἐγκλείειν,
1207 3529 1301 3580 καὶ
1335 3526 1408 3599 μὴ
1434 3528 1738 3599 προχείρως

179 3621 247 3684 είς
276 3621 535 3692 δημοσίας
570 3619 816 3682 συνόδους
839 3620 1112 3691 ἐκφέρειν,
1137 3620 1271 3690 μηδέ
1291 3623 1411 3684 ταῖς
1427 3620 1533 3673 τῶν
1552 3621 1736 3690 δήμων

179 3715 346 3779 ἀκοαῖς
368 3716 718 3788 ἀπρονοήτως
758 3714 1052 3768 πιστεύειν.
1085 3715 1257 3778 Πόσος
1301 3715 1409 3786 γάρ
1443 3715 1587 3768 ἐστιν
1611 3715 1738 3770 ἐκα-

184 3819 306 3868 στος,
332 3805 403 3868 ὼς
437 3805 782 3877 πραγμάτων
811 3803 953 3857 οὕτω
985 3803 1235 3874 μεγάλων
1275 3805 1367 3857 καὶ
1399 3805 1517 3858 λίαν
1543 3805 1734 3875 δυσχε-

183 3894 276 3963 ρῶν
305 3896 550 3969 δύναμιν,
604 3896 637 3967 ἢ
696 3896 832 3966 πρὸς
882 3894 942 3949 τὸ
992 3895 1216 3966 ἀκριϐὲς
1251 3896 1566 3968 συνιδεῖν,ἢ
1615 3900 1733 3950 κατ’

181 3986 316 4052 ἀξίαν
335 3989 696 4061 ἐρμηνεῦσαι;
725 3989 788 4040 Ei
807 3987 862 4040 δὲ
892 3987 984 4040 καὶ
1010 3985 1163 4039 τοῦτό
1190 4004 1274 4051 τις
1295 3988 1532 4060 εὐχερῶς
1561 3994 1733 4045 ποιεῖν

181 4077 455 4148 νομισθείη,
492 4079 657 4131 πόσον
689 4078 858 4149 δήπου
893 4078 1055 4150 μέρος
1095 4075 1186 4130 τοῦ
1244 4076 1415 4148 δήμου
1451 4079 1660 4146 πείσει;
1696 4080 1728 4151 ἢ

181 4165 250 4229 τίς
274 4171 383 4233 ταῖς
402 4169 510 4223 τῶν
533 4169 789 4222 τοιούτων
830 4169 903 4240 (2)
939 4168 1265 4241 ζητημάτων
1289 4168 1594 4240 ἀκριϐείαις
1628 4171 1732 4238 ἔξω

181 4360 446 4438 (ζξίιτιιεῐιιὲ
484 4365 807 4434 gravitatem
861 4366 944 4418 vel
999 4365 1347 4438 prudentiam,
1389 4367 1727 4438 frequentius

1844 3163 2209 3234 quaestiones,
2252 3177 2391 3232 quas
2422 3161 2624 3215 nullius
2659 3160 2791 3233 legis
2834 3161 3134 3216 necessitas
3170 3162 3417 3232 praescri-

1841 3259 1944 3321 bit,
1976 3259 2070 3312 sed
2101 3256 2308 3310 inutilis
2340 3254 2435 3310 otii
2461 3254 2743 3308 altercatio
2779 3255 3070 3322 proponit,
3109 3254 3238 3309 licet
3266 3253 3416 3323 inge-

1841 3351 1918 3404 nii
1942 3348 2238 3404 exercendi
2275 3361 2441 3402 causa
2471 3346 2850 3413 instituantur,
2878 3357 3054 3400 tamen
3090 3347 3231 3400 intra
3260 3361 3414 3399 men-

1844 3441 1912 3496 tis
1948 3449 2148 3495 nostrae
2185 3437 2488 3508 penetralia
2522 3436 2804 3492 continere
2842 3437 3122 3500 debemus,
3172 3451 3272 3490 nec
3322 3451 3415 3490 eas

1844 3533 2000 3589 facile
2039 3533 2093 3586 in
2135 3531 2380 3602 publicos
2423 3529 2644 3592 elIerrej
2671 3536 2992 3612 conventus,
3040 3543 3139 3582 nec
3191 3527 3415 3581 auribus

1843 3626 1985 3696 vulgi
2018 3623 2326 3678 inconsulte
2365 3623 2725 3677 committere.
2783 3620 3222 3689 Quotusquisque
3267 3621 3414 3673 enim

1839 3727 1947 3781 est,
1999 3718 2090 3786 qui
2141 3723 2414 3769 tantarum
2461 3727 2642 3768 rerum
2693 3721 2912 3780 tamque
2973 3710 3268 3766 dilﬁcilium
3305 3712 3414 3765 vim

1837 3819 2001 3877 atque
2054 3818 2308 3861 naturam
2342 3813 2434 3859 aut
2472 3813 2730 3859 accurate
2773 3804 3264 3874 comprehendere,
3321 3814 3415 3856 aut

1838 3913 1939 3968 pro
1967 3897 2233 3966 dignitate
2257 3894 2534 3964 explicare
2571 3892 2838 3948 suiliciat?
2889 3893 3043 3963 Quod
3099 3893 3142 3946 si
3205 3891 3326 3960 quis
3360 3890 3415 3945 id

1838 3989 2001 4044 facile
2037 3988 2296 4056 consequi
2351 4001 2507 4057 posse
2556 3985 2921 4049 existimetur,
2967 3994 3146 4054 quotae
3195 3982 3412 4037 tandem

1836 4082 1974 4152 parti
2008 4080 2152 4151 vulgi
2189 4080 2241 4134 id
2274 4094 2635 4149 persuasuros
2661 4079 2772 4134 est?
2800 4078 2904 4132 Aut
2925 4077 3047 4148 quis
3072 4077 3123 4129 in
3145 4074 3412 4141 ejusmodi

1837 4173 2201 4242 quaestionum
2239 4171 2426 4228 subtili
2465 4181 2520 4226 et
2553 4180 2810 4230 accurata
2851 4168 3251 4239 disputatione,
3275 4166 3411 4222 citra

1836 4382 2017 4428 tamen
2056 4372 2260 4426 habent
2298 4386 2489 4426 omnes
2527 4372 2679 4437 libri,
2725 4375 2781 4427 et
2818 4368 3152 4439 Epiphanius
3201 4369 3412 4427 schola-

182 4431 363 4517 tlfcuut.
410 4431 616 4490 Glossa:
672 4446 884 4490 veteres
933 4431 1215 4506 ἀγχίνοια,
1268 4431 1516 4505 solertia,
1579 4431 1730 4517 επρεῖ
1767 4441 2371 4517 Dslic‘usirtjersione
2399 4431 2775 4517 sua_retin:uit.

185 4504 371 4555 rientia.

242 4572 360 4658 (94),
381 4577 482 4658 Εἷς
526 4574 591 4628 τὸ
632 4576 1073 4658 χρησιμώτερον
1125 4577 1389 4658 ἕκαστον
1427 4588 1726 4658 μεταστῇ,

182 4653 288 4717 σαι.
323 4643 428 4696 Vox
459 4643 689 4700 ἕκαστον
731 4649 782 4700 in
812 4643 1006 4699 neutro
1036 4663 1235 4717 genere
1276 4643 1449 4716 posita
1494 4643 1726 4712 videtur.

187 4707 413 4789 Refertur
466 4717 640 4789 enim_
669 4717 733 4768 ad
787 4707 1070 4789 articulum
1142 4707 1324 4789 ὅπερ,
1347 4722 1430 4774 cui
1473 4707 1731 4783 monre;

184 4783 384 4846 spondet
413 4785 588 4859 τοῦτο.
609 4785 970 4859 Βεριειμίςίιυι
1002 4789 1054 4840 in
1091 4783 1278 4842 codice
1311 4788 1476 4859 Regio
1504 4803 1557 4847 et
1593 4795 1727 4853 Fuk.

184 4860 298 4937 post
322 4853 537 4907 verbum
574 4855 909 4937 μεταστῆσαι
951 4853 1504 4937 ερροιιίιιιξινί-τεῖιιιι.
1543 4862 1732 4937 Neque

181 4925 304 4972 enim
353 4937 541 4978 sensus
593 4925 875 4979 absolutus
935 4925 1037 4980 est.
1079 4928 1149 4982 At
1199 4925 1730 4998 Christophorsonus

183 4999 349 5065 contra
380 5007 792 5065 moretnsuum,
819 5012 882 5049 ex
918 5011 1023 5065 una
1059 4998 1280 5065 periodo
1309 4999 1443 5054 duas
1476 5002 1618 5060 fecit.

243 5058 346 5139 (95)
402 5062 463 5114 Τί
534 5058 785 5139 δήποτε
816 5064 1011 5139 αὐξῶν
1059 5058 1357 5139 fixae-ttae.
1409 5058 1727 5131 Addendum

180 5134 376 5212 omnino
412 5143 506 5212 est
551 5138 738 5212 φρονεῖ
784 5149 842 5189 ex
895 5134 1109 5212 Gelasio
1134 5138 1399 5212 Qyziceno
1431 5140 1482 5192 in
1537 5144 1629 5198 lib.
1659 5163 1725 5212 ll,

180 5202 368 5281 999'-"
412 5201 757 5281 Njchﬁor“.s_
793 5216 976 5281 5"”.‘3‘1‘
1031 5208 1081 5259 δη
1138 5201 1227 5281 [Πρ-
1277 5224 1402 5270 VIII,
1458 5227 1577 5281 cap.
1627 5201 1727 5280 15;

182 5265 322 5350 habet
356 5274 482 5350 νοεῖ.
516 5265 630 5350 Μοχ
672 5275 758 5350 ubi
793 5275 988 5350 legitur
1032 5277 1341 5350 ﬂU‘VOdVOLO,
1378 5265 1538 5336 codd:
1567 5265 1717 5343 Fuit.

180 5345 226 5386 et
251 5335 408 5410 Savil.
437 5345 693 5410 scriptum
733 5335 932 5398 hahe'nt
959 5347 1258 5400 ἑπυνθὰνου
1295 5335 1513 5406 rectius.

201 5406 347 5482 “(96)
394 5406 755 5480 Ἀπροόπτως
789 5415 1146 5482 ὲντέθεικας.
1183 5418 1402 5472 [tectius
1438 5423 1487 5473 in
1528 5421 1726 5479 Gelasii

181 5471 303 5562 “Pl?
326 5471 540 5562 ’[εῧίιιίν.
560 5471 862 5562 ἀνῗέοῆκας
882 5526 919 5562 τ,
957 5489 1031 5562 i_d_
1053 5471 1166 5562 es’t.
1213 5471 1499 5562 ορρὸείιίιίί
1514 5471 1568 5555 ,⁷
1579 5471 1728 5562 Et};

182 5550 306 5630 {iiiis
331 5550 498 5618 Atque
528 5550 1216 5630 it:t-lce_gt':rat’Epipltanius
1247 5550 1656 5630 scholasticus:
1671 5576 1728 5619 ut

184 5625 406 5693 θηρὶ-εξ
431 5637 548 5690 cap.
578 5623 642 5678 l9
673 5623 924 5677 Historia:
955 5627 1255 5693 tripertitae.

242 5680 344 5771 (97)
385 5680 556 5744 Ὅθεν
596 5693 707 5763 τῆς
736 5694 805 5747 ἐν
845 5695 987 5764 ὑμῖν·
1027 5680 1355 5771 διχονοίας.
1394 5699 1726 5771 Nicephorus

185 5765 390 5823 prunam
430 5776 608 5818 vocem
646 5773 830 5834 utpote
872 5767 1197 5836 superﬂuzun
1233 5765 1542 5844 expunxit,‘
1563 5788 1724 5843 quam

1910 4511 2020 4585 (98)
2064 4512 2136 4568 Ἡ
2170 4510 2306 4585 μὲν,
2343 4512 2604 4579 σύνοδος
2650 4510 2900 4585 ἠρνήθη.
2951 4509 3168 4585 Langus
3214 4515 3409 4580 vertit,

1840 4580 2120 4652 conventus
2175 4580 2390 4650 quidem
2449 4580 2696 4637 solemnis
2737 4582 3070 4652 quibusdam'
3103 4580 3418 4650 denegatus.

1839 4651 2370 4721 Christophorsonu‘s
2402 4666 2532 4707 vero
2564 4655 2643 4707 sic
2679 4651 3103 4721 interpretatur:
3130 4664 3410 4721 conventus

1836 4725 1925 4792 qui
1964 4728 2020 4776 in
2062 4719 2290 4793 ecclesia
2322 4721 2441 4790 ﬁeri
2471 4728 2626 4787 solet,
2653 4723 2952 4790 impeditus.
2989 4719 3213 4772 Σύνοδον
3248 4722 3413 4793 igitur

1838 4809 1936 4862 pro
1973 4792 2164 4862 synaxi
2199 4792 2286 4844 hic
2315 4803 2669 4860 acceperunt,
2716 4807 2824 4860 quo
2855 4805 3016 4862 sensu
3047 4806 3108 4843 ea
3150 4806 3248 4844 vox
3281 4792 3411 4845 non

1838 4861 2211 4931 infreQuenter
2235 4874 2547 4929 usurpatur.
2576 4862 2665 4915 Sic
2691 4877 2878 4916 rursus
2908 4862 2960 4913 in
2983 4861 3307 4931 hoc‘capite,
3330 4865 3410 4926 εἰς

1833 4928 2098 5004 δημοσίας
2129 4928 2379 5004 συνόδους
2425 4932 2696 5002 ἐκφέρειν,
2735 4941 2790 5004 et
2823 4931 2875 4984 in
2925 4945 3042 4998 cap.
3076 4928 3167 5004 68.
3205 4932 3310 4985 Sed
3353 4943 3409 4984 et

1837 5002 2167 5071 Epiphanius
2214 5003 2573 5056 scholasticus
2622 5002 2819 5067 vertit,
2869 5002 3120 5070 mysteria
3173 5012 3404 5055 contem-

1833 5083 2050 5126 nuntur.

1903 5143 2014 5265 (99)
2061 5140 2178 5207 Thr
2224 5140 2585 5213 συγγνώμην
2639 5141 2985 5211 παρασχών.
3038 5140 3289 5196 Socrates
3343 5160 3407 5198 ac

1903 5215 2080 5265 :asius
2125 5211 2426 5265 Cvzicenus
2475 5225 2529 5265 et
2593 5209 2929 5265 Nicephorus
2993 5213 3194 5265 habent
3266 5213 3407 5265 γνώ-

1831 5209 2080 5267 Gelasius
2125 5209 2426 5281 Cyzicenus
2462 5209 2529 5266 ἐι
2593 5209 2929 5279 Nicephorus
2993 5213 3194 5265 habent
3266 5213 3408 5282 γνώ-

1835 5301 1962 5353 μην,
1995 5299 2148 5353 oures
2177 5293 2226 5341 et.
2258 5284 2489 5337 animum
2524 5282 2650 5353 mihi
2682 5282 3105 5353 accommodans.
3140 5282 3245 5353 Sed
3284 5288 3403 5337 vul-

1831 5351 1954 5422 gata
2001 5352 2162 5406 lectio
2203 5354 2402 5406 rectior
2433 5361 2534 5405 est.
2575 5351 2666 5405 Sic
2699 5353 2846 5422 enim
2886 5351 3280 5406 Constantinus
3327 5356 3404 5404 ln-

1830 5420 2015 5492 quitur
2050 5421 2187 5474 inlra
2234 5423 2285 5474 in
2331 5422 2430 5475 hoc
2465 5423 2662 5490 capite.
2701 5420 3030 5490 Epiphanius
3077 5423 3268 5485 vertit,
3319 5441 3407 5477 vo—

1832 5494 2090 5546 luntatem
2125 5493 2376 5556 prabens.

1901 5563 1976 5634 (.l)
2015 5563 2085 5614 El
2116 5562 2212 5614 καὶ
2254 5560 2527 5634 φυσικῆς
2551 5577 2712 5627 τινος
2757 5561 3114 5630 γυμνασίας.
3149 5561 3406 5618 Scriben-

1831 5631 1954 5715 dum
1985 5634 2194 5684 videtur
2223 5631 2576 5708 φιλοσοφιλιῇς
2611 5637 2690 5686 vel
2731 5634 3046 5703 σοφιστικῆς
3075 5650 3210 5703 γυμ.
3238 5634 3406 5690 ἓνεκα

1831 5718 2119 5770 γιγνοιντο.

1903 5771 1992 5844 (2)
2037 5771 2190 5842 Vulg.
2231 5771 2268 5841 ἢ
2327 5772 2416 5838 τίς
2465 5770 2646 5840 όταῒς
2670 5771 3107 5830 τῶντοιούτων.
3155 5776 3208 5830 Ιιι
3241 5778 3399 5834 codd.
