3882 6262
459 323 479 348 ι
491 294 594 348 043

1196 296 1464 353 EUSEBII
1504 297 1990 356 CESARIENSIS
2024 300 2174 357 OPP.
2212 300 2392 358 PARS
2426 303 2467 357 Ι.
2508 333 2579 343 —-
2613 301 3000 358 HISTORICA.

3564 308 3686 363 10H

456 416 757 484 periculum
825 418 1130 485 gravissimi
1196 420 1380 489 lapsus
1447 424 1627 492 possit
1688 426 2009 482 consistere‘

2129 428 2227 500 τῆς
2275 428 2616 483 ἐπικινδύνου
2665 430 3105 502 παρολισθήσεως
3137 430 3449 502 ἀντισταίη;
3494 433 3687 487 Οὐκοῦν

455 507 724 575 Quocirca
789 510 841 563 in
906 510 1217 580 hujusmodi
1267 516 1660 583 questionibus
1724 518 2025 586 loquacitas

455 604 860 671 comprimenda
891 613 1011 668 est;
1043 618 1112 660 ne
1143 603 1280 659 forte
1311 616 1402 660 aut
1433 608 1587 663 nobis
1634 610 1685 663 id
1726 612 1867 679 quod
1901 627 2025 679 pro-

454 693 688 759 positum
722 702 805 749 est
845 694 1121 763 explicare
1159 702 1230 751 oh
1261 708 1469 756 naturae
1512 710 1709 755 nostra:
1742 703 2024 757 infirmita-

457 792 561 836 tem
592 794 698 836 non
730 782 1159 852 sollicientibus,
1193 798 1288 843 aut
1311 791 1672 856 auditoribus,
1714 796 1784 847 ob
1822 793 2021 865 ingenii

455 874 767 930 tarditatem
795 891 858 930 ea
883 893 1006 946 quae
1028 880 1284 935 dicuntur
1313 884 1534 939 minime
1568 886 1987 954 assequentihus
2005 926 2020 949 ,

450 979 515 1017 ex
575 966 841 1022 alterutro
890 972 1083 1025 horum
1134 982 1227 1027 aut
1283 975 1336 1028 in
1381 974 1766 1045 blasphemiae,
1819 986 1915 1032 aut
1968 982 2021 1032 in

450 1057 766 1115 schismatis
806 1064 1184 1117 necessitatem
1230 1065 1458 1134 populus
1493 1067 1757 1125 incurrat.
1787 1087 1807 1125 ι

1008 1178 1235 1235 CAPUT
1304 1179 1467 1235 LXX.

828 1269 1143 1324 Exhortatio
1188 1274 1256 1324 ad
1296 1274 1659 1329 concordiam.

529 1356 808 1414 «Proinde
839 1369 893 1413 et
943 1362 1159 1416 incauta
1211 1363 1581 1434 interrogatio,
1633 1375 1687 1419 et
1722 1365 2022 1420 inconsulta

450 1451 751 1518 responsio,
788 1454 838 1505 in
886 1463 1117 1524 utroque
1162 1466 1400 1509 vestrum
1451 1458 1665 1511 veniam
1708 1458 1808 1511 sibi
1840 1468 2024 1511 mutuo

448 1543 772 1596 concedant.
803 1540 988 1613 Neque
1012 1549 1155 1599 enim
1183 1547 1248 1601 de
1282 1547 1554 1616 prazcipuo
1574 1558 1629 1600 et
1653 1563 1865 1602 summo
1893 1548 2022 1616 legis

449 1641 650 1688 nostra:
680 1638 931 1698 mandato
957 1636 1103 1690 inter
1130 1653 1225 1691 vos
1256 1647 1338 1692 est
1366 1649 1486 1692 orta
1519 1639 1794 1695 contentio
1815 1657 1827 1690 :
1848 1655 2022 1709 neque

448 1737 647 1777 novum
680 1725 899 1794 aliquod
928 1742 956 1781 a
981 1727 1133 1783 vobis
1157 1730 1222 1782 de
1251 1728 1341 1782 Dei
1367 1728 1514 1782 cultu
1551 1726 1915 1783 introductum
1939 1738 2020 1783 est

448 1815 667 1886 dogma.
702 1816 807 1872 Sed
856 1834 1020 1871 unam
1052 1820 1405 1887 eamdemque
1441 1820 1760 1874 sententiam
1796 1822 2014 1885 tenetis,

446 1906 581 1965 adeo
611 1918 670 1960 ut
718 1916 783 1962 ad
834 1911 1233 1967 communionis
1280 1913 1593 1967 societatem
1648 1914 1797 1968 coire
1859 1912 2018 1968 facile

446 1999 689 2066 possitis.
730 2018 749 2050 ι

925 2113 1090 2187 476
1121 2112 1349 2171 CAPUT
1377 2111 1562 2168 LXXI.

446 2201 602 2272 Quod
626 2205 687 2256 ob
705 2204 838 2259 leves
854 2207 1109 2275 quasdam
1129 2205 1334 2344 vocu’fas
1355 2208 1691 2274 pertinaciter
1711 2208 2016 2260 certandum

1112 2294 1213 2330 non
1270 2287 1366 2329 uit.

1112 2294 1213 2330 non
1245 2287 1366 2330 fuit.

527 2381 546 2415 ι
574 2362 742 2421 Vobis
772 2381 916 2421 emm
942 2366 1293 2433 pertinaciter
1308 2364 1759 2421 contendentibus
1776 2366 1842 2421 de
1861 2366 2017 2422 rebus

442 2457 624 2533 parvis
640 2467 803 2526 atque
822 2456 1131 2521 levissimis,
1164 2467 1367 2512 tantam
1395 2458 1576 2529 pepuli
1610 2457 2013 2513 multitudinem

440 2552 621 2604 vestro
675 2548 906 2605 consilio
936 2550 1048 2621 regi
1088 2567 1193 2607 non
1236 2552 1411 2617 decet,
1459 2552 1510 2605 in
1538 2561 1683 2604 tanta
1714 2551 2013 2621 praesertim

438 2639 743 2694 animorum
782 2640 1123 2698 dissensione
1157 2660 1171 2695 :
1207 2656 1307 2698 nec
1359 2643 1533 2698 solum
1581 2641 1631 2695 id
1677 2642 2013 2705 indecorum,

437 2731 530 2787 sed
566 2747 790 2801 prorsus
826 2732 979 2790 nefas
1029 2750 1149 2790 esse
1183 2736 1543 2790 existimatur.
1608 2733 1784 2802 Atque
1806 2742 2014 2803 utpru-

438 2825 676 2882 dentiam
704 2835 935 2881 vestram
970 2828 1178 2882 minore
1216 2828 1460 2896 exemplo
1490 2826 1973 2881 commonefaciam
1995 2868 2010 2891 ,

426 2917 593 2978 scitis
635 2918 780 2987 ipsos
825 2919 990 2972 etiam
1039 2918 1386 2987 philosophos
1428 2919 1588 2973 unius
1612 2928 1773 2973 sectae
1807 2916 2013 2988 profes-

436 3012 588 3063 sione
619 3007 760 3063 inter
810 3023 868 3063 se
915 3024 1103 3064 omnes
1149 2989 1442 3074 fosderari;
1483 3012 1699 3066 eosdem
1734 3020 1911 3067 tamen
1957 3011 2009 3066 in

2125 520 2381 589 ἐφεκτέον
2419 522 2566 575 ἐστὶν
2598 523 2656 574 ὲν
2683 524 2797 585 τοῖς
2819 519 3077 584 τοιούτοις
3110 520 3211 591 τὴν
3245 521 3582 591 πολυλογίαν,
3610 524 3687 578 ἵνα

2129 613 2324 683 μήπως
2358 613 2392 684 ἦ
2420 616 2486 684 τῇ
2514 613 2672 685 ἡμῶν
2698 613 2954 685 ἀσθενείᾳ
2978 613 3079 683 τῆς
3101 613 3315 683 φύσεως
3337 613 3398 667 τὸ
3432 614 3688 685 προταθὲν

2129 705 2466 777 ἑρμηνεῦσαι
2491 706 2565 777 μὴ
2593 705 2949 778 δυνηθέντων,
2979 705 3098 777 ἢτῇ
3120 705 3229 758 τῶν
3258 706 3544 777 ἀκροατῶν
3573 706 3690 778 βρα-

2125 796 2325 867 δυτέρα
2372 796 2583 850 συνέσει
2610 797 2745 869 πρὸς
2770 797 2970 870 ἀκριδῆ
3005 797 3098 851 τοῦ
3125 797 3380 867 ῥηθέντος
3400 797 3689 868 κατάληψιν

2126 888 2299 943 ὲλθεῖν
2355 889 2428 961 μὴ
2486 889 2869 961 χωρησάντων,
2900 889 2961 954 ἐξ
2986 889 3247 959 ὁποτέρου
3295 889 3500 943 τούτων
3546 891 3618 958 (3)
3658 890 3688 961 ἢ

2129 980 2497 1052 βλασφημίας,
2529 982 2562 1052 ἢ
2598 981 2898 1052 σχίσματοε
2925 983 3004 1045 είς
3036 982 3279 1051 ἀνάγκην
3302 983 3332 1033 ὁ
3358 981 3532 1052 δῆμος
3557 998 3690 1053 περιο

2128 1071 2306 1144 σταίη.
2339 1091 2358 1123 ι
3262 1118 3265 1119 ,

2650 1188 3045 1241 ΚΕΦΛΛΑΙΟΝ
3092 1186 3167 1241 0'.

2475 1279 2853 1346 Παραινέσεις
2882 1280 3015 1348 περὶ
3053 1282 3351 1351 ὁμονοίας.

2201 1386 2219 1418 ι
2243 1369 2438 1441 Διόπερ
2459 1372 2552 1423 καὶ
2571 1369 2834 1441 ἐρώτησις
2849 1370 3285 1441 ἀπροφύλακτος,
3304 1371 3689 1443 καὶξάπόκρισις

2126 1459 2456 1530 ἀπρονόητος
2489 1462 2609 1533 ίσην
2650 1460 2905 1532 ἀλλήλαις
2932 1462 3291 1515 ἀντιδότωσαν
3332 1462 3414 1532 ἐφ’
3454 1462 3687 1533 ἑκατέρῳ

2125 1547 2471 1619 συγγνώμην.
2509 1549 2642 1602 post
2667 1549 2776 1620 γὰρ
2810 1551 2937 1622 περὶ
2956 1548 3050 1602 τοῦ
3080 1550 3374 1621 κορυφαίου
3397 1550 3504 1602 τῶν
3534 1551 3589 1601 ἐν
3618 1549 3686 1620 τῷ

2126 1640 2273 1710 νόμῳ
2302 1641 2773 1711 παραγγελμάτων
2800 1640 2928 1711 ὑμῖν
2957 1642 2989 1711 ἡ
3018 1641 3116 1711 τῆς
3139 1641 3470 1711 φιλονεικίας
3494 1639 3685 1711 ἐξήφθη

2129 1729 2420 1801 πρόφασις,
2473 1729 2592 1783 οὐδὲ
2627 1730 2784 1800 καινή
2829 1747 2912 1792 τις
2961 1730 3089 1801 ὑμῖν
3127 1729 3269 1801 ὑπὲρ
3293 1730 3391 1800 τῆς
3424 1728 3515 1781 τοῦ
3562 1728 3684 1781 Θεοῦ

2121 1821 2416 1893 θρησκείας
2438 1822 2646 1895 αἵρεσις
2677 1822 3026 1893 ἀντεισήχθη·
3059 1820 3283 1875 ἀλλ”ἐνα
3314 1821 3512 1874 καὶτὸν
3538 1820 3684 1872 αὐτὸν

2120 1910 2271 1981 ἔχετε
2298 1911 2578 1982 λογισμὸν,
2597 1912 2672 1976 ὡς
2692 1912 2827 1984 πρὸς
2850 1912 2911 1965 τὸ
2934 1911 3035 1982 τῆς
3050 1912 3332 1975 κοινωνίας
3354 1911 3602 1981 σύνθημα
3620 1910 3682 1981 τι)

2118 2004 2375 2061 δύνασθαι
2396 2003 2689 2061 συνελθεῖν.
2720 2023 2739 2056 ι

2622 2119 3016 2172 ΚΕΦΑΛΑῘΟΝ
3063 2119 3181 2172 OA’.

2118 2209 2212 2281 Μὴ
2240 2209 2336 2264 διὰ
2354 2211 2570 2281 μικρὰς
2592 2210 2792 2277 λέξεις
2806 2209 3169 2280 φιλονεικεῖν
3189 2206 3453 2275 περὶτοῦ
3484 2206 3677 2261 αὐτοῦ.

2192 2388 2208 2418 ι
2263 2368 2445 2439 ’Υμῶν
2491 2367 2599 2437 γὰρ
2627 2380 2683 2420 εν
2719 2366 2965 2439 ἀλλήλοις
3016 2367 3155 2438 ὑπὲρ
3189 2366 3401 2438 μικρῶν
3449 2365 3539 2419 καὶ
3570 2364 3677 2417 λίαν

2116 2459 2411 2530 ἐλαχίστων
2430 2459 2890 2528 φιλονεικούντων,
2910 2459 3159 2513 τοσοῦτον
3170 2459 3273 2518 ,τὸν
3297 2458 3393 2513 τοῦ
3414 2457 3545 2512 Θεοῦ
3562 2458 3675 2510 λαὸν

2114 2556 2232 2617 ταῖς
2268 2552 2562 2623 ὑμετέραις
2594 2551 2867 2606 ίθύνεσθαι
2894 2551 3084 2624 φρεσὶν
3108 2551 3167 2605 οὐ
3203 2551 3492 2621 προσήκει,
3517 2549 3603 2603 διά
3624 2550 3674 2602 ti

2117 2644 2390 2714 διχονοεῖν
2423 2643 2535 2696 ἀλλ’
2566 2640 2688 2695 οὕτε
2722 2641 2954 2712 πρέπον,
2983 2640 3106 2694 οὕτε
3146 2640 3281 2704 ὅλως
3315 2640 3529 2713 θεμιτὸν
3553 2636 3675 2695 εἶναι

2117 2732 2447 2788 πιστεύεται.
2471 2734 2587 2786 Ἵνα
2609 2732 2663 2786 δὲ
2683 2732 2861 2805 μικρῷ
2884 2731 3286 2806 παραδείγματι
3305 2732 3406 2804 τὴν
3427 2732 3674 2805 ὑμετέραν

2116 2825 2328 2879 σύνεσιν
2360 2826 2761 2896 ὑπομνήσαιμι,
2795 2825 2934 2892 λέξω
2958 2824 3052 2896 (5).
3093 2826 3235 2878 Ἰστε
3261 2825 3435 2897 δήπου
3453 2826 3673 2888 καὶτοὺς

2114 2917 2431 2986 φιλοσόφους
2460 2918 2674 2982 αὐτοὺς,
2709 2918 2784 2981 ὡς
2818 2919 2897 2972 ἑνὶ
2932 2918 3028 2989 μὲν
3058 2918 3293 2983 ἅπαντες
3322 2920 3550 2992 δόγματι
3566 2937 3673 2973 συνο

2112 3010 2348 3065 τίθενται
2375 3010 2473 3080 (6),
2507 3009 2765 3075 πολλάκις
2806 3012 2862 3067 δὲ
2902 3011 3120 3065 ἐπειδάν
3154 3012 3211 3066 ἐν
3244 3030 3353 3066 τινι
3400 3013 3509 3066 τῶν
3549 3014 3670 3067 ἀποη

439 3099 616 3172 aliqua
659 3098 1023 3156 assertionum
1052 3109 1206 3168 parte
1242 3100 1509 3155 interdum
1555 3101 1882 3171 discrepare.
1911 3100 2009 3156 Ve-

2119 3102 2330 3171 φάσεων
2364 3102 2522 3175 μέρει
2574 3101 2933 3171 διαφωνῶσιν,
2965 3106 3014 3157 εί
3041 3104 3134 3157 καὶ
3151 3107 3215 3176 τῇ
3244 3104 3344 3178 τῆς
3382 3106 3671 3176 ἐπιστήμης

439 3205 559 3246 rum
592 3190 723 3245 licet
765 3190 819 3246 in
858 3191 972 3261 ipsa
1006 3192 1250 3247 scientia:
1306 3191 1635 3273 perfectione
1668 3194 2011 3260 dissentiant,

439 3279 792 3337 nihilominus
813 3282 884 3336 ob
905 3293 1066 3337 sec-tte
1096 3284 1527 3339 communionem
1555 3300 1741 3343 rursus
1769 3287 1820 3341 in
1845 3301 2011 3341 unum

439 3372 773 3442 conspirant.
826 3372 980 3441 Quod
1022 3374 1067 3430 si
1121 3376 1194 3431 ita
1226 3384 1327 3437 est,
1386 3379 1657 3448 quomodo
1693 3394 1795 3432 non
1843 3378 2013 3433 multo

434 3464 638 3538 iustius
678 3464 862 3532 fuerit,
894 3481 991 3522 vos
1026 3468 1116 3538 qui
1150 3468 1366 3523 maximi
1427 3468 1520 3525 Dei
1551 3469 1781 3526 ministri
1812 3471 2013 3527 consti-

439 3554 536 3608 tuti
571 3555 728 3619 estis,
763 3556 818 3610 in
855 3557 1093 3626 ejusdem
1137 3559 1415 3630 religionis
1441 3559 1779 3630 professione
1809 3563 2005 3617 unani-

434 3661 551 3702 mes
577 3646 935 3717 permanere?
973 3649 1079 3703 Sed
1111 3650 1492 3718 accuratius,si
1530 3651 1801 3721 placet,et
1826 3662 2005 3708 atten—

435 3741 544 3801 tius
573 3740 942 3808 expendamus
966 3742 1016 3797 id
1047 3743 1188 3813 quod
1212 3744 1326 3813 jam
1355 3744 1485 3808 dixi,
1536 3760 1823 3816 aequumne
1854 3747 1925 3802 sit
1953 3758 2010 3802 ut

432 3832 503 3887 ob
535 3830 732 3886 levium
762 3840 817 3886 et
852 3832 1093 3888 inanium
1134 3834 1422 3890 verborum
1454 3835 1598 3891 inter
1646 3853 1741 3892 vos
1783 3847 2012 3894 conten-

435 3923 632 3990 tiones,
653 3923 851 3979 fratres
874 3923 1129 3981 fratribus
1159 3926 1303 3982 velut
1330 3927 1381 3981 in
1414 3928 1531 3983 acie
1566 3929 1803 3998 oppositi
1826 3937 2005 3993 stent;

435 4023 604 4084 utque
639 4015 962 4070 venerabilis
996 4030 1317 4082 conventus,
1370 4033 1465 4088 per
1497 4034 1595 4073 vos
1625 4019 1717 4090 qui
1744 4020 1809 4074 de
1846 4019 2007 4078 rebus

432 4192 622 4265 Regio.
657 4193 793 4249 Fuk.
826 4203 880 4247 et
927 4193 1097 4248 Savil.
1132 4195 1325 4265 legitur
1356 4196 1387 4248 ἢ
1422 4194 1505 4259 τίς
1534 4198 1674 4260 ταῖς,
1714 4204 1820 4251 etc.
1852 4197 2007 4263 Apud

432 4262 1025 4336 Nicephorumautem
1072 4262 1268 4336 legitur
1314 4265 1345 4336 ἢ
1394 4266 1477 4336 τίς
1525 4265 1585 4329 ὃς
1634 4268 1754 4329 ταῖς
1804 4262 2008 4321 rectius

429 4332 591 4401 quam
633 4335 685 4404 in
725 4332 970 4404 vulgatis
1018 4332 1374 4391 editionibus.
1417 4333 1536 4389 Mox
1602 4337 1885 4391 emendavi
1939 4353 2006 4391 ex

2113 3194 2279 3265 ἀρετῇ
2312 3191 2658 3265 χωρίζονται,
2712 3197 2777 3266 τῇ
2814 3194 2993 3265 μέντοι
3040 3195 3132 3248 τοῦ
3176 3196 3445 3266 δόγματος
3501 3195 3669 3249 ἑνώσει

2114 3283 2273 3338 πάλιν
2311 3285 2389 3348 εἰς
2421 3283 2681 3355 ἀλλήλους
2729 3284 3114 3354 συμπνέουσιν.
3148 3285 3207 3338 El
3256 3285 3321 3356 δὴ
3356 3286 3513 3340 τοῦτο
3548 3284 3667 3348 ἐστι,

2111 3372 2230 3437 πῶς
2258 3373 2317 3427 οὐ
2351 3372 2529 3444 πολλῷ
2569 3373 2924 3445 δικαιότερον,
2955 3374 3098 3445 ὑμᾶς
3137 3372 3215 3443 (7)
3242 3374 3372 3438 τοὺς
3393 3374 3484 3428 τοῦ
3519 3374 3669 3446 μεγά-

2109 3462 2202 3516 λου
2236 3462 2371 3516 Θεοῦ
2398 3462 2734 3534 θεράποντας
2755 3460 3118 3526 καθεστῶτας,
3163 3463 3219 3516 ὲν
3244 3461 3471 3533 τοιαύτῃ
3492 3478 3667 3533 προαι-

2116 3556 2261 3628 ρέσει
2297 3554 2590 3627 θρησκείας
2615 3554 2922 3627 ὁμοψύχους
2954 3555 3201 3626 ἀλλήλοις
3233 3550 3401 3619 εῖναις
3440 3555 3665 3608 Ἐπισκε-

2110 3650 2340 3721 ψώμεθα
2370 3650 2435 3722 δὴ
2467 3649 2714 3721 λογισμῷ
2758 3647 2985 3719 μείζονι,
3023 3650 3115 3702 καὶ
3144 3648 3348 3703 πλείονι
3392 3649 3593 3704 συνέσει
3615 3649 3665 3701 τὸ

2109 3739 2295 3811 ῥηθέν*
2336 3738 2495 3811 εἴπερ
2517 3737 2691 3811 ὀρθῶς
2734 3737 2845 3808 ἔχει
2874 3736 2939 3790 δι’
2967 3735 3154 3805 ὀλίγας
3188 3736 3282 3790 καὶ
3320 3735 3552 3807 ματαίας
3581 3737 3664 3804 ρη-

2109 3833 2295 3903 μάτων
2323 3833 2380 3885 ὲν
2418 3832 2545 3902 ὑμῖν
2571 3829 2920 3899 φιλονεικίας,
2957 3828 3218 3899 ἀδελφοὺς
3249 3827 3500 3897 ἀδελφοῖς
3531 3828 3660 3879 ἀντι-

2106 3924 2341 3988 κεῖσθαι,
2368 3926 2463 3977 καὶ
2500 3924 2561 3977 τὸ
2610 3924 2709 3993 τῆς
2762 3924 2978 3977 συνόδου
3010 3922 3190 3994 τίμιον
3218 3920 3412 3977 ἀσεϐεῖ
3452 3919 3661 3990 διχονοίᾳ

2106 4018 2431 4096 χωρίζεσθαι
2459 4019 2526 4072 δι’
2551 4017 2723 4088 ὑμῶν,
2752 4019 2800 4071 οἳ
2843 4017 2978 4089 πρὸς
3007 4015 3264 4088 ἀλλήλους
3295 4015 3437 4086 ὑπὲρ
3474 4011 3661 4085 μικρῶν

2106 4198 2457 4279 baptismum.
2489 4197 2822 4279 Epiphanius
2863 4206 3013 4252 certe
3043 4195 3403 4251 scholasticus
3444 4209 3660 4249 coutinu-

2110 4272 2281 4321 ni‘om‘s
2310 4272 2516 4331 signum
2545 4272 2726 4321 vertit.

2180 4337 2259 4406 (5)
2310 4336 2785 4406 ’Υπομνήσαιμι,
2835 4336 3010 4402 λέξω.
3055 4336 3340 4391 Postrema
3375 4350 3482 4389 vox
3530 4334 3660 4406 deest

429 4405 587 4481 codd.
644 4402 781 4481 Fuit.
823 4402 879 4458 et
917 4404 1138 4477 δονηῆ
1191 4406 1258 4476 τῇ
1305 4405 1414 4458 τῶν
1464 4406 1749 4477 ἀκροατῶν
1804 4405 2004 4477 βραδυς⁹

2119 4402 2251 4477 apud
2283 4402 2577 4481 Gelasimo
2610 4402 2972 4481 Cy'zicenum,
3011 4422 3107 4481 nec
3144 4407 3358 4461 videtur
3392 4404 3657 4481 admodum

426 4472 561 4546 τέρᾳ
607 4473 838 4546 συνέσει.

499 4492 561 4600 pg
607 4492 838 4528 συνεσει.
1850 4546 1862 4559 ⁸

499 4545 525 4616 (_
558 4545 599 4616 )7
630 4543 726 4616 Ἐξ
770 4544 1059 4616 ὁποτέρου
1103 4548 1349 4601 τούτων.
1409 4546 1464 4599 ln
1518 4546 1680 4602 cod’d.
1734 4545 1899 4616 Regio
1949 4555 2004 4601 et

428 4614 566 4688 Fuit.
591 4615 789 4683 legitur
819 4614 1052 4688 ποτέρου
1083 4618 1201 4671 sine
1235 4617 1618 4688 praepositione
1646 4636 1659 4671 :
1688 4614 1827 4688 qua!
1842 4615 2002 4672 lectio
2062 4659 2087 4682 ,

428 4684 557 4739 ferri
607 4694 806 4756 potest,
834 4684 1095 4756 sivocem
1144 4684 1372 4756 ποτέρου
1424 4688 1628 4743 referas
1670 4684 1735 4741 ad
1776 4702 1837 4742 ea
1884 4703 2002 4756 quas

427 4753 806 4831 sequunturdl
850 4753 1225 4831 βλασφημίας,
1272 4753 1305 4829 ἢ
1357 4757 1673 4831 σχίσματος.
1726 4753 1997 4831 Duorum.

427 4825 643 4893 inquit.
693 4825 954 4890 alterum,
999 4825 1093 4878 aut
1142 4825 1509 4895 blasphemiae.
1547 4838 1641 4882 aut
1689 4827 1999 4884 schismatis

430 4904 689 4948 nascetur
723 4895 963 4949 occasio.
992 4897 1064 4948 At
1096 4895 1351 4951 Socrates
1382 4914 1446 4954 ac
1478 4896 1728 4953 Gelasius
1759 4908 1813 4951 et
1843 4896 2001 4953 Nice-

425 4965 631 5035 phorus
656 4965 779 5035 _hoc
827 4963 943 5019 loco
999 4970 1261 5035 scriptum
1310 4967 1512 5025 habent
1554 4963 1709 5032 αὖθις
1759 4967 1818 5032 ἐξ
1868 4968 1997 5021 ἑκα-

422 5033 627 5108 τέρου.-
656 5032 751 5087 Est
799 5044 947 5108 certe
997 5036 1084 5090 hic
1111 5032 1282 5108 'locus
1332 5040 1401 5092 ob
1453 5053 1674 5107 pravam
1726 5040 1998 5108 syntaxim

428 5082 765 5177 simsim}
795 5082 1099 5177 stituit;
1134 5082 1435 5176 satis?"
1453 5082 1674 5162 "satis;
1722 5082 1918 5177 ἑῖεξῖἷ
1929 5082 1997 5161 Eli

426 5172 569 5249 latus
595 5171 761 5249 _hujus
795 5173 948 5249 linem
975 5171 1263 5245 apponitur
1294 5188 1417 5232 nota
1448 5195 1485 5246 φ
1513 5188 1568 5231 et
1621 5195 1676 5249 ρ,
1707 5171 1999 5233 Ιιοιῖιηοάο

424 5244 607 5314 φροξίά
639 5254 729 5314 est
754 5243 1055 5314 φρόντισον.

497 5312 574 5382 (6)
618 5312 898 5381 apsens
947 5314 1058 5382 τῆς
1115 5318 1426 5386 κοινωνίας
1488 5319 1790 5386 σύνθημα.
1837 5316 1995 5371 Com—

426 5386 690 5441 mum‘onis
715 5395 969 5438 tesseram
992 5383 1814 5456 vertuntLangusetMusonius,
1841 5389 1998 5442 Chri~

426 5456 819 5526 stophorsonus
846 5456 1230 5526 communionis
1264 5472 1591 5513 consensum.
1638 5458 1744 5526 Ego
1787 5458 1995 5525 signum

430 5523 646 5597 mallem
689 5524 1063 5597 interpretari.
1107 5523 1242 5579 Nam
1280 5535 1337 5597 ut
1386 5526 1439 5578 in
1480 5523 1757 5593 gentilium
1795 5523 1998 5597 mystc-

433 5590 799 5666 riisqnatdam
825 5590 976 5663 signa
1008 5609 1069 5647 ac
1093 5594 1336 5666 symbolo
1370 5590 1727 5666 tradebantur
1747 5590 1991 5661 initiatis,

432 5662 627 5734 quibus
656 5677 715 5717 se
746 5662 1179 5718 internoscerent
1217 5666 1512 5734 symmistzu
1541 5684 1554 5718 :
1594 5667 1670 5719 sic
1698 5664 1992 5720 Christiani

441 5730 651 5811 signum
702 5735 1098 5787 communionis
1138 5730 1439 5803 habebant,
1485 5735 1871 5790 eucharistiam
1908 5737 1989 5790 vel

2111 4472 2434 4532 necessaria.
2468 4475 2600 4532 Eam
2631 4472 2780 4531 certe
2809 4476 2860 4529 in
2899 4478 3144 4531 versione
3183 4492 3278 4530 sua
3328 4475 3513 4529 omisit
3552 4472 3659 4541 Epic

2124 4549 2355 4602 lbilllilis.

2108 4563 2401 4687 pna';')m's§c
2430 4618 2520 4671 ἐνὶ
2547 4615 2665 4687 μὲν
2702 4616 2960 4682 ἅπαντες
2991 4614 3234 4686 δόγματι
3274 4614 3658 4687 συντίθενται.

2109 4685 2243 4754 Quid
2276 4690 2364 4744 hic
2392 4699 2535 4765 esset
2550 4685 2753 4755 δόγμα,
2788 4702 2899 4765 non
2920 4685 3304 4765 intellexerunt
3330 4685 3657 4765 interpretes.

2109 4752 2340 4826 quorum
2376 4758 2466 4812 alii
2493 4752 2695 4826 dogma
2720 4771 2811 4826 seu
2841 4752 3097 4821 placitum
3143 4752 3489 4822 interpretati
3517 4760 3657 4813 sunt;

2108 4824 2199 4881 alii
2239 4827 2540 4897 disciplina:
2556 4824 2983 4897 professionem.
3029 4826 3193 4893 Atqui
3229 4839 3337 4878 non
3386 4838 3551 4897 unum
3589 4830 3660 4872 est

2107 4896 2302 4969 dogma
2333 4892 2474 4966 apud
2522 4893 2889 4972 philosophos,
2934 4892 3156 4972 unsati’s
3207 4901 3443 4972 constat.
3492 4892 3656 4972 itaque

2106 4960 2298 5022 seciam
2318 4960 2540 5040 vertere
2576 4960 2761 5019 malui.
2791 4963 3012 5040 Omnes
3037 4966 3183 5040 enim
3229 4961 3541 5040 philosophi
3570 4960 3657 5040 ali-

2105 5053 2265 5106 quam
2316 5037 2519 5090 habent
2560 5045 2762 5089 sectam
2813 5036 2919 5106 cni_
2945 5034 3142 5106 addicti
3191 5044 3351 5106 sunt,
3403 5033 3490 5085 alii
3537 5033 3655 5106 stoi-

2105 5099 2259 5169 éarii.
2298 5107 2391 5162 alii
2427 5106 2859 5175 peripateticam.
2891 5103 3009 5159 Jam
3046 5104 3097 5157 iu
3135 5103 3552 5175 qualibetgsecta
3585 5099 3657 5152 in-

2108 5179 2318 5232 terdum
2355 5171 2627 5232 exsistunt
2659 5174 3044 5229 controversize
3075 5176 3141 5228 de
3157 5171 3496 5241 quibusdam
3527 5183 3655 5238 quat-

2105 5248 2374 5303 Stionibus
2421 5248 2565 5300 inter
2604 5243 2842 5313 ejusdem
2881 5253 3046 5313 secta
3078 5241 3465 5313 philosophos.
3506 5241 3652 5295 Iidem

2100 5322 2279 5365 tamen
2304 5314 2373 5365 ob
2392 5318 2553 5365 sectas
2569 5310 2882 5366 societatem
2905 5310 3060 5366 facile
3076 5312 3217 5365 inter
3234 5326 3291 5365 se
3311 5310 3648 5366 conveniunt.

2100 5382 2197 5435 llic
2224 5392 2307 5435 est
2335 5395 2551 5441 sensus,
2586 5386 2645 5447 ut
2669 5379 2884 5447 opinor,
2909 5379 3194 5434 verborum
3228 5379 3588 5435 Constantini.

2173 5451 2250 5515 (7)
2284 5448 2440 5519 Vulg.
2467 5446 2643 5518 ἡμᾶς.
2671 5446 2812 5518 Lege
2833 5449 2975 5518 ὑμᾶς
3003 5464 3068 5503 ex
3087 5448 3328 5510 Gelasio.
3359 5450 3646 5520 Nicephoro

2101 5530 2155 5576 et
2182 5520 2505 5591 Epiphanio,
2535 5527 2587 5573 et
2611 5520 2771 5591 paulo
2797 5527 2918 5591 post
2948 5520 3005 5571 ἐν
3036 5520 3256 5591 ῥμῖνᾼοιι
3288 5521 3513 5585 iisdem;
3538 5520 3643 5589 qui-

2102 5594 2202 5645 bus
2231 5588 2580 5645 consentiunt
2610 5588 2769 5643 codd.
2798 5588 2931 5643 Fuk.
2962 5600 3014 5642 et
3044 5588 3208 5641 Savil.
3238 5599 3292 5642 et
3315 5592 3523 5646 scheda:
3548 5588 3638 5644 lle-

2102 5664 2219 5732 gire.
2238 5690 2306 5700 -—
2333 5660 2455 5732 Mox
2488 5660 2868 5732 rescripsimus
2896 5660 3072 5732 cti:nn_
3085 5658 3151 5710 δι’
3180 5659 3333 5732 ὑμῶν
3356 5669 3409 5714 et
3429 5661 3632 5729 φιλονει.

2102 5727 2245 5785 iteite
2283 5746 2380 5802 pro
2417 5730 2483 5784 δι’
2513 5729 2670 5802 ἡμῶν
2699 5740 2749 5785 et
2776 5727 3384 5802 (ριὶιονεικοῦμενζΕυιτ.
