3882 6262
283 296 427 350 10.ίὸ

1378 299 1465 352 DF.
1506 299 1666 356 VlTA
1706 298 2162 355 CONSTANTINI
2201 299 2328 355 LIB.
2370 299 2434 355 Il.

3373 307 3507 364 105-6

273 419 532 475 οὕτωκαὶ
565 419 823 494 μηδαμῶς
857 421 1169 489 ἀναγκαίων
1228 421 1595 490 φιλονεικεῖτε,
1655 424 1835 496 Δημώ-

1951 424 2084 479 adeo
2113 425 2324 493 exiguis
2348 432 2401 479 et
2435 423 2655 479 minime
2695 423 3017 480 necessariis
3046 425 3314 492 rixaminl,
3345 427 3505 495 impia

274 508 343 579 δη
379 509 552 563 ταῦτά
607 513 741 577 ἐστι,
790 513 884 566 καὶ
939 512 1213 576 παιδικαίς
1260 513 1464 578 ἀνοίαις
1515 516 1848 587 ἁρμόττοντα

281 601 500 671 μᾶλλον,
530 602 561 673 ἢ
595 605 660 674 τῇ
697 603 808 658 τῶν
834 604 1022 675 ἱερέων
1063 606 1156 658 καὶ
1191 607 1468 678 φρονίμων
1500 607 1709 678 ἀνδρῶν
1728 625 1848 661 συν-

274 694 390 750 ἐσει
428 697 788 768 προσήκοντα.
839 696 1185 768 Ἀποστῶμεν
1215 698 1428 763 ἑκόντες
1472 699 1579 752 τῶν
1616 701 1847 754 διαϐολι-

272 790 388 843 κῶν
420 789 758 860 πειρασμῶν.
791 790 847 843 'O
878 790 1053 860 μέγας
1073 791 1228 863 ἡμῶν
1248 793 1397 856 Θεὸς,
1425 796 1452 847 ὁ
1478 795 1652 859 κοινὸς
1677 797 1848 850 ἀπάν-

271 899 381 936 των
414 884 626 955 Σωτὴρ,
665 883 840 936 κοινὸν
874 883 1044 937 ἅπασι
1076 885 1137 938 τὸ
1181 885 1294 954 φῶς
1333 885 1592 951 ἐξέτεινεν
1634 888 1730 959 (8)°
1756 889 1843 957 ὑφ’

269 969 334 1030 οὗ
364 980 428 1048 τῇ
465 977 686 1049 προνοίᾳ
704 978 906 1050 ταύτην
934 980 1056 1050 ἐμοὶ
1089 979 1166 1050 τῷ
1197 980 1502 1053 θεραπευτῇ
1540 978 1844 1054 τοῦΚρείτ-

266 1087 424 1134 τονος
445 1071 543 1142 τὴν
563 1072 795 1143 σπουδὴν
811 1072 883 1142 (9)
902 1074 980 1136 είς
994 1071 1146 1136 τέλος
1162 1074 1404 1141 ἐνεγκεῖν
1433 1076 1840 1144 συγχωρήσατε,

267 1163 420 1226 ὅπως
443 1163 640 1252 αὐτοὺς
671 1164 799 1227 τοὺς
837 1165 1041 1218 ἐκείνου
1074 1164 1283 1235 δήμους
1323 1166 1428 1236 ἐμῇ
1464 1166 1843 1238 προσφωνήσει

268 1258 367 1309 καὶ
399 1257 669 1327 ὑπηρεσίᾳ
717 1258 808 1310 καὶ
847 1258 1126 1322 νουθεσίας
1155 1259 1423 1324 ἐνστάσει,
1456 1259 1591 1329 πρὸς
1623 1261 1720 1332 τὴν
1745 1261 1842 1330 τῆς

267 1351 486 1404 συνόδου
505 1350 780 1404 κοινωνίαν
801 1350 1148 1423 ὲπανάγοιμι.
1190 1353 1404 1425 Ἐπειδὴ
1434 1353 1562 1424 γὰρ,
1591 1353 1666 1418 ὡς
1687 1354 1840 1426 ἔφην,

270 1445 371 1514 μία
400 1461 481 1506 τις
514 1445 660 1495 ἐστιν
693 1442 819 1512 ὑμῖν
860 1443 1061 1507 πίστις,
1108 1445 1202 1498 καὶ
1257 1445 1354 1514 μία
1404 1445 1505 1514 τῆς
1547 1445 1667 1498 καθ’
1698 1447 1844 1516 ἡμᾶς

264 1535 532 1607 αἱρέσεως
573 1534 802 1612 σύνεσις,
828 1534 906 1614 τό
934 1553 991 1614 τε
1028 1534 1120 1587 τοῦ
1149 1525 1314 1606 νόμου
1346 1537 1706 1608 παράγγελμα
1731 1538 1840 1609 (lO)

263 1631 379 1692 τοῖς
409 1629 475 1682 δι’
505 1611 966 1700 ἑαυτοῦ·μέρέσιν
1003 1631 1081 1692 είς
1116 1629 1244 1697 μίαν
1269 1629 1447 1703 ψυχῆς
1481 1630 1733 1701 πρόθεσιν
1781 1630 1842 1684 τὸ

263 1721 386 1774 ὅλον
423 1720 712 1789 συγκλείει,
748 1714 904 1774 τοῦτο
933 1721 1068 1794 ὅπερ
1096 1721 1280 1791 ὀλίγην
1331 1723 1387 1773 ἐν
1427 1722 1554 1793 ὑμῖν
1595 1723 1840 1795 ἀλλήλοις

261 1811 600 1879 φιλονεικίαν
626 1809 864 1882 ἤγειρεν,
899 1811 1084 1884 ἐπειδὴ
1116 1813 1188 1884 μὴ
1223 1813 1358 1884 πρὸς
1379 1813 1478 1884 τὴν
1495 1814 1588 1867 τοῦ
1645 1816 1842 1879 παντὸς

255 1899 494 1970 δύναμιν
528 1902 738 1972 ἀνήκει,
791 1902 1065 1972 χωρισμόν
1093 1918 1212 1954 τινα
1241 1901 1334 1955 καὶ
1383 1902 1570 1956 στάσιν
1603 1905 1660 1955 ὲν
1714 1904 1842 1974 ὑμῖν

263 1993 534 2063 μηδαμῶς
567 1993 806 2047 ποιείτω.
841 1995 951 2048 Ka‘t
985 1993 1128 2062 λέγω
1159 1993 1354 2058 ταῦτα,
1382 1995 1478 2065 ούχ
1504 1995 1578 2058 ὼς
1604 1995 1843 2065 ἀναγκά-

258 2086 377 2149 ζων
418 2087 560 2157 ὑμᾶς
601 2087 894 2152 ὲξάπαντος
926 2090 990 2159 τῇ
1027 2087 1142 2141 λίαν
1187 2087 1371 2158 εὐήθει
1398 2088 1492 2141 καὶ
1520 2089 1608 2142 οἵα
1642 2089 1840 2161 δήποτέ

256 2179 413 2232 ἐστιν
445 2179 681 2248 ὲκείνηὴ
709 2177 951 2252 ζήτησις,
981 2178 1338 2232 συντίθεσθαι.
1366 2179 1597 2233 Δύναται
1626 2181 1732 2253 γὰρ
1748 2183 1841 2236 καὶ

255 2270 327 2323 τὸ
354 2271 455 2340 τῆς
483 2271 696 2324 συνόδου
736 2273 917 2342 τίμιον
946 2271 1073 2341 ὑμῖν
1117 2270 1388 2342 ἀκεραίως
1426 2270 1712 2338 σώζεσθαι,
1748 2273 1840 2327 καὶ

261 2361 364 2433 μία
393 2363 484 2415 καὶ¹
508 2365 540 2433 ἠ
572 2363 708 2435 αὑτὴ
735 2363 873 2416 κατά
893 2364 1108 2417 πάντων
1130 2364 1380 2418 κοινωνία
1401 2365 1702 2437 τηρεῖσθαι,
1739 2365 1840 2419 κᾶν

254 2450 571 2527 ταμάλιστά
625 2474 706 2520 τις
758 2458 814 2508 ἐν
867 2457 1021 2528 μέρει
1072 2457 1207 2529 πρὸς
1245 2457 1505 2528 ἀλλήλους
1537 2459 1665 2531 ύμῖν
1699 2460 1839 2531 ὑπὲρ

258 2548 548 2619 ἐλαχίστου
571 2548 831 2618 διαφωνία
863 2549 1107 2621 γένηταιο
1154 2551 1341 2621 ἐπειδὴ
1379 2552 1512 2623 μηδὲ
1538 2553 1734 2618 πάντες
1781 2554 1838 2606 ὲν

257 2637 435 2692 ἅπασι
463 2640 626 2694 ταυτὺ
659 2639 977 2712 βουλόμεθα,
1017 2640 1151 2711 μηδὲ
1190 2623 1288 2711 μία
1319 2658 1403 2704 τις
1437 2643 1492 2695 ὲν
1528 2643 1656 2713 ὑμῖν
1681 2642 1839 2711 φύσις

256 2731 294 2802 ἢ
325 2729 518 2803 γνώμη
558 2731 912 2786 πολιτεύεται.
955 2733 1093 2804 Περὶ
1140 2732 1236 2802 μὲν
1257 2728 1361 2804 ,οὖν
1400 2734 1498 2805 τῆς
1519 2733 1670 2798 θείας
1703 2751 1837 2807 προ-

257 2823 412 2888 νοίας
442 2823 536 2895 μία
562 2841 647 2888 τις
679 2827 735 2877 ὲν
777 2824 905 2895 ὑμῖν
941 2823 1079 2878 ἔστω
1109 2825 1307 2889 πίστις,
1336 2824 1432 2896 μία
1465 2824 1696 2890 σύνεσις,
1741 2825 1838 2898 μία

258 2915 504 2987 συνθήκη
533 2914 628 2969 τοῦ
648 2916 984 2988 Κρείττονος·
1039 2917 1075 2972 ἃ.
1121 2917 1166 2970 δ’
1217 2917 1357 2986 ὑπὲρ
1397 2916 1504 2970 τῶν
1543 2917 1839 2987 ἐλαχίστων

255 3007 465 3061 τούτων
523 3006 803 3078 ζητήσεων
839 3010 895 3061 ἐν
946 3008 1194 3079 ἀλλήλοις
1229 3008 1688 3080 ἀκριϐολογεῖσθε,
1734 3008 1838 3068 κᾶν

1949 517 2284 575 dissensione
2341 517 2618 571 dissideat.
2663 515 2877 572 Plebeia
2922 525 3046 571 sunt
3108 517 3242 581 haec,
3294 525 3348 571 et
3390 532 3510 586 qua:

1948 612 2138 682 puerili
2173 611 2344 680 magis
2373 609 2603 666 inscitiae
2635 623 2793 677 quam
2825 610 3162 663 sacerdotum
3192 619 3246 663 et
3273 611 3509 677 pruden-

1947 707 2078 759 tium
2129 705 2374 759 virorum
2437 703 2713 772 sapientiae
2771 710 3092 771 congruant.
3146 702 3509 757 Abscedamus

1947 806 2130 852 nostra
2157 805 2348 866 sponte
2374 811 2402 850 a
2431 795 2628 850 diaboli
2657 793 3062 850 tentationibus.
3083 793 3345 848 Maximus
3372 793 3510 848 Deus

1948 897 2133 943 noster
2161 897 2216 943 et
2247 888 2490 942 omnium
2520 885 2800 952 Servator,
2837 900 3124 942 commune
3151 885 3362 941 cunctis
3382 899 3507 952 pro-

1948 982 2072 1038 tulit
2099 981 2308 1036 lumen:
2337 981 2433 1034 sub
2461 979 2612 1049 cujus
2643 980 2884 1049 auspicio
2909 995 2972 1034 ac
2997 978 3355 1049 providentia.
3381 977 3510 1032 mihi

1945 1073 2059 1140 ejus
2116 1071 2317 1127 famulo
2363 1080 2414 1125 et
2467 1072 2656 1126 cultori
2713 1072 3008 1137 concedite,
3046 1086 3248 1141 quaeso,
3304 1081 3361 1124 ut
3409 1071 3511 1125 hoc

1945 1179 2079 1233 opus
2111 1165 2175 1219 ad
2201 1164 2402 1220 exitum
2438 1165 2751 1233 perducam,
2795 1179 2900 1233 quo
2933 1164 3082 1233 plebs
3113 1163 3253 1217 illius
3285 1176 3400 1216 mea
3430 1163 3511 1215 al-

1944 1256 2216 1313 locutione
2237 1269 2398 1326 atque
2429 1270 2613 1325 opera,
2632 1265 2684 1311 et
2713 1256 3138 1310 admonitionum
3168 1254 3419 1308 instantia
3444 1252 3511 1307 ad

1944 1358 2245 1405 conventus
2289 1350 2550 1403 unitatem
2583 1359 2888 1402 revocetur.
2924 1347 3056 1401 Nam
3094 1362 3215 1402 cum
3248 1345 3422 1409 vobis,
3453 1353 3512 1399 ut

1945 1440 2078 1506 dixi,
2129 1456 2234 1494 una
2291 1439 2588 1510 eademque
2639 1441 2712 1494 sit
2769 1439 2922 1504 fides,
2975 1455 3080 1492 una
3135 1439 3202 1492 de
3255 1437 3512 1506 religione

1945 1543 2130 1586 nostra
2161 1531 2465 1593 sententia;
2504 1547 2734 1599 cumque
2765 1531 2899 1599 legis
2925 1539 3250 1600 praeceptum
3285 1539 3512 1596 utraque

1945 1625 2028 1679 sui
2060 1636 2212 1693 parte
2243 1638 2434 1678 omnes
2459 1625 2509 1677 in
2556 1639 2713 1677 unam
2750 1623 3054 1677 animorum
3095 1623 3510 1676 consensionem

1947 1714 2282 1784 constringat
2307 1731 2321 1778 ;
2375 1714 2516 1768 istud
2546 1714 2684 1781 quod
2726 1713 2898 1767 levem
2929 1715 3068 1766 inter
3093 1727 3185 1766 vos
3213 1713 3512 1765 contentio-

1874 1781 1915 1836 Β
1946 1823 2065 1862 nem
2125 1781 2428 1869 excitavit,‘.
2465 1805 2897 1875 quandoquidem
2944 1805 3006 1859 ad
3039 1803 3200 1858 totius
3235 1802 3510 1871 religionis

1943 1914 2210 1956 summam
2275 1914 2380 1954 non
2437 1898 2693 1966 pertinet,
2735 1911 2840 1950 non
2882 1901 2965 1950 est
3021 1911 3120 1948 cur
3159 1895 3322 1948 ullum
3370 1893 3512 1947 inter

1944 2007 2040 2047 vos
2096 1992 2379 2046 discidium
2447 2005 2509 2044 ac
2555 1990 2872 2045 seditionem
2937 1989 3118 2042 iaciat.
3174 1989 3352 2056 Atque
3397 1987 3514 2040 hac

1943 2099 2052 2137 non
2087 2098 2152 2138 eo
2183 2083 2326 2148 dico,
2354 2092 2413 2137 ut
2438 2096 2537 2137 vos
2561 2082 2627 2136 de
2666 2081 2872 2149 inepta,
2904 2088 2957 2134 et
2997 2077 3385 2149 qualiscunque
3419 2077 3513 2130 de-

1943 2190 2086 2229 mum
2133 2174 2380 2230 vocanda
2412 2183 2495 2228 est
2522 2164 2849 2243 quaestibne,
2884 2173 3025 2227 idem
3061 2171 3282 2226 omnino
3310 2169 3512 2225 sentire

1941 2283 2152 2338 cogam.
2178 2267 2357 2324 Potest
2377 2267 2521 2321 enim
2549 2266 2788 2338 gravitas
2815 2272 3114 2320 conventus
3143 2264 3349 2331 integre
3372 2260 3511 2326 apud

1940 2377 2040 2418 vos
2069 2361 2403 2425 conservari,
2433 2369 2488 2415 et
2515 2375 2618 2414 una
2645 2359 2943 2428 eademque
2970 2357 3111 2411 inter
3139 2370 3327 2412 omnes
3347 2352 3511 2426 477

1942 2453 2251 2508 communio
2282 2451 2527 2516 retineri,
2563 2449 2810 2520 quamvis
2857 2449 3087 2503 invicem
3133 2450 3198 2501 de
3231 2461 3288 2499 re
3334 2445 3512 2513 aliqua

1941 2544 2148 2602 minimi
2178 2545 2434 2600 momenti
2472 2542 2827 2598 dissentiatis.
2881 2539 3160 2610 Siquidem
3217 2551 3318 2592 nec
3367 2536 3507 2590 idem

1940 2652 2128 2693 omnes
2160 2635 2407 2693 volumus
2456 2635 2511 2690 in
2560 2635 2835 2701 omnibus,
2893 2647 2992 2687 nec
3019 2646 3124 2685 una
3155 2629 3397 2683 omnium
3431 2627 3513 2679 in-

1940 2730 2088 2786 doles
2115 2737 2198 2785 est
2229 2737 2393 2800 atque
2427 2729 2715 2784 sententia.
2769 2727 2956 2794 Itaque
2989 2725 3055 2780 de
3081 2724 3258 2779 divina
3295 2721 3511 2790 quidem

1940 2822 2287 2878 Providentia
2315 2836 2417 2875 una
2444 2820 2585 2875 inter
2615 2823 2711 2873 tros
2739 2819 2809 2872 sit
2836 2817 2990 2883 ﬁdes,
3011 2831 3153 2870 unus
3183 2814 3511 2880 intellectus,

1941 2930 2047 2970 una
2079 2915 2145 2970 de
2177 2914 2283 2968 Deo
2316 2912 2622 2969 consensio.
2651 2911 2781 2978 Quae
2813 2925 2944 2965 vero
2981 2909 3044 2964 de
3074 2907 3364 2962 levissimis
3388 2905 3508 2960 istis

1941 3005 2335 3076 quaestionibus
2380 3007 2522 3060 inter
2552 3018 2648 3060 vos
2689 3001 2957 3057 subtiliter
3007 2999 3332 3068 disputatis,
3385 2999 3513 3053 licet

260 3099 338 3170 μὴ
375 3099 510 3170 πρὸς
541 3100 668 3170 μίαν
715 3101 939 3170 γνώμην
961 3100 1329 3172 συμφέρησθε,
1378 3101 1556 3170 μένειν
1593 3100 1723 3152 εἴσω
1748 3099 1835 3154 λο-

1946 3113 2050 3153 non
2073 3098 2126 3151 in
2144 3096 2392 3152 eamdem
2415 3097 2619 3153 coeatis
2644 3095 2995 3155 sententiam,
3031 3093 3288 3147 interiore
3319 3091 3514 3144 mentis

255 3190 461 3260 γισμοῦ
489 3193 771 3263 προσήκει,
805 3192 882 3263 τῷ
911 3193 1010 3263 τῆς
1042 3192 1278 3256 διανοίας
1325 3192 1619 3264 ἀπορρήτῳ
1648 3190 1840 3264 τηρού-

259 3302 421 3355 μενα.
458 3287 530 3338 Τὸ
572 3287 750 3356 μέντοι
783 3287 884 3356 τῆς
912 3286 1093 3357 κοινῆς
1130 3285 1310 3356 φιλίας
1335 3286 1626 3359 ἐξαίρετον,
1659 3291 1750 3344 καὶ
1801 3291 1834 3362 ή

254 3377 357 3446 τῆς
381 3375 634 3447 ἀληθείας
656 3377 857 3441 πίστις,
893 3377 926 3448 ἦ
971 3395 1028 3430 τε
1062 3379 1189 3450 περὶ
1209 3378 1302 3432 τὸν
1337 3377 1468 3432 Θεὸν
1497 3381 1587 3434 καὶ
1614 3381 1712 3452 τὴν
1740 3379 1835 3435 τοῦ

255 3469 424 3540 νόμου
450 3468 741 3541 θρησκείαν
773 3470 926 3540 τιμὴ,
969 3471 1174 3540 μενέτω
1209 3474 1338 3544 παρ’
1364 3473 1491 3542 ὑμῖν
1517 3473 1829 3539 ἀσάλευτοςο

255 3559 583 3614 ἐπανέλθετε
611 3559 674 3629 δὴ
695 3558 829 3630 πρὸς
847 3559 944 3629 τὴν
970 3557 1213 3631 ἀλλήλων
1235 3559 1416 3628 φιλίαν
1440 3577 1499 3612 τε
1533 3561 1625 3613 καὶ
1650 3563 1828 3632 χάριν,

254 3651 487 3705 ἀπόδοτε
531 3649 608 3720 τῷ
656 3648 770 3720 λαῷ
809 3649 1077 3720 ξύμπαντι
1122 3649 1219 3714 τὰς
1249 3651 1452 3714 οἰκείας
1477 3651 1828 3723 περιπλοκὰς,

253 3745 417 3814 ὑμεῖς
447 3759 504 3795 τε
535 3742 684 3795 αὐτοὶ
725 3740 975 3812 καθάπερ
1002 3741 1098 3804 τὰς
1138 3741 1344 3794 ἑαυτῶν
1382 3741 1558 3812 ψυχὰς
1598 3741 1833 3812 ἐκκαθή-

256 3846 455 3898 ραντες
490 3830 620 3902 (Η),
655 3827 810 3896 αὖθις
855 3831 1115 3904 ἀλλήλους
1155 3832 1438 3901 ἐπίγνωτε.
1481 3833 1674 3887 Ἦδίων
1728 3833 1837 3903 γὰρ

256 3920 521 3986 πολλάκις
551 3923 701 3992 φιλία
727 3923 932 3993 γίνεται
985 3923 1121 3995 μετά
1155 3923 1250 3994 τὴν
1290 3925 1388 3994 τῆς
1422 3924 1618 3998 ἔχθρας
1643 3925 1838 3978 ἀπόθε-

256 4029 345 4065 σιν
365 4011 496 4084 (1⁸2),
514 4011 668 4078 αὖθις
696 4018 775 4079 είς
796 4017 1137 4086 καταλλαγὴν
1170 4015 1554 4070 ἐπανελθοῦσα.
1601 4034 1619 4067 ι

330 4147 512 4218 (8)7Td
548 4149 672 4218 φῶς
711 4150 1022 4215 ἐξέτεινεν.
1099 4151 1320 4206 Rectius
1365 4153 1594 4207 dixisset
1629 4151 1834 4206 ἀνέτει-

262 4236 370 4274 ιεν.
420 4217 584 4272 Paulo
629 4233 752 4274 ante
803 4222 919 4287 lego
966 4237 1034 4275 ex
1083 4223 1241 4276 codd.
1291 4221 1424 4276 Fuk.
1479 4231 1532 4276 et
1567 4223 1758 4284 Savil.,
1805 4222 1833 4273 ὁ

253 4289 438 4362 κοινὸς
453 4290 719 4362 ,ἀπάντων
746 4293 954 4362 Σωτήρ.

331 4358 410 4430 (9)
453 4357 606 4427 Vulg.
636 4360 870 4429 Ταύτην
883 4357 1035 4430 ἐμοῦ
1064 4361 1183 4429 τὴν
1198 4361 1499 4427 σπουδήν,
1526 4363 1576 4416 id
1597 4373 1698 4427 est,
1737 4363 1833 4414 hoc

253 4445 436 4500 meum
471 4431 700 4484 studium
729 4442 880 4500 atque
912 4433 1237 4495 institutum,
1271 4436 1603 4486 concordiam
1637 4435 1688 4485 in
1724 4430 1828 4484 Ec-

253 4497 422 4572 clesia
467 4497 804 4572 stabiliendi,
840 4518 1118 4572 omnesque
1154 4503 1390 4556 homines
1423 4504 1490 4555 ad
1535 4503 1690 4554 unius
1734 4502 1828 4556 Dei

253 4571 473 4640 ειιίιιιηι
499 4571 830 4640 traducendi.
882 4571 956 4624 De
988 4588 1095 4640 quo
1149 4573 1326 4626 studio
1376 4573 1513 4626 dixit
1558 4573 1828 4626 Constan-

256 4639 408 4720 tinus
465 4639 615 4693 initio
669 4639 825 4707 lmjus
875 4639 1136 4709 epistolae,
1181 4651 1236 4695 et
1273 4643 1397 4697 alibi
1457 4642 1658 4711 passim
1709 4642 1849 4713 glo~

257 4721 451 4762 natur.

330 4779 444 4851 (ιο)
475 4779 546 4832 Τό
564 4796 626 4832 τε
647 4779 753 4833 τοῦ
771 4779 956 4851 νόμον
995 4781 1402 4851 παράγγελμα.
1433 4780 1546 4837 Lex
1580 4782 1720 4836 enim
1747 4783 1829 4835 ni-

258 4849 337 4921 hil
368 4849 510 4900 aliud
535 4851 686 4921 nobis
715 4849 958 4918 praecipit
979 4867 1141 4921 quam
1166 4849 1512 4916 ‘c’haritatem,
1541 4861 1597 4905 ut
1619 4851 1830 4906 scilicet

259 4918 431 4998 Deum
471 4919 705 4998 quidem
737 4928 849 4974 toto
883 4918 1066 4998 cordis
1111 4921 1304 4998 all'ectn
1343 4923 1663 4998 diligamus,
1697 4936 1826 4990 pro—

256 4988 463 5041 ximum
510 5003 636 5041 vero
663 4988 804 5043 sicut
835 4993 1214 5058 nosmetipsos.
1254 4992 1308 5044 In
1343 4993 1428 5046 his
1457 4988 1671 5046 duobus
1698 4988 1825 5046 tota

258 5062 344 5111 lex
389 5057 670 5131 consistit,
717 5069 775 5131 u_t
822 5060 898 5131 ait
948 5057 1204 5117 Dominus
1244 5063 1294 5114 in
1342 5061 1652 5131 Evangelio.
1704 5061 1828 5116 Hmc

260 5144 365 5200 non
424 5128 686 5200 intellexit
729 5128 1292 5198 Christophorsonus,
1345 5135 1436 5200 qui
1493 5128 1572 5185 sic
1629 5133 1824 5195 vertit,

257 5195 537 5265 Unumque
568 5198 700 5266 leges
739 5217 800 5253 ac
841 5195 1132 5271 disciplina:
1175 5195 1472 5255 institutum
1517 5203 1677 5271 (quod
1721 5203 1830 5271 qui-

255 5272 374 5320 dem
411 5283 528 5320 cum
572 5278 681 5321 suis
714 5268 949 5336 partibus
987 5273 1282 5324 universum
1328 5268 1575 5326 Ecclesia:
1618 5268 1826 5339 corpus,

254 5339 611 5410 consentiente
655 5340 959 5410 animorum
1011 5343 1295 5394 concordia
1339 5352 1387 5394 et
1428 5343 1693 5410 proposito
1739 5345 1829 5394 de-

255 5408 458 5477 vincit).
503 5407 734 5480 Rectius
776 5409 1091 5465 Portesius:
1127 5407 1556 5480 Prwceptumque
1598 5414 1726 5478 legis
1773 5413 1826 5465 in

253 5481 306 5529 id
343 5479 588 5531 omnibus
617 5480 850 5546 partibus
893 5480 1166 5544 incumbit,
1199 5492 1254 5533 ut
1289 5486 1343 5534 in
1391 5479 1548 5534 unam
1597 5483 1830 5534 animum

254 5550 551 5626 uniuersum
573 5550 868 5626 concludat.
891 5549 1049 5626 Forte
1069 5553 1231 5604 etiam
1251 5553 1593 5626 scribendum
1614 5562 1693 5605 est
1715 5553 1828 5626 τοῖς

249 5618 406 5671 δυσὶν
449 5618 620 5670 αὐτοῦ
658 5619 895 5689 μέρεσιν.
931 5621 1056 5675 Duae
1105 5631 1230 5674 sunt
1263 5622 1408 5674 enim
1446 5633 1626 5689 partes
1672 5622 1827 5687 hujus

253 5689 519 5750 mandati,
555 5702 783 5769 quarunt
821 5691 990 5746 altera
1023 5692 1088 5746 ad
1123 5691 1315 5758 Deum,
1349 5693 1517 5746 altera
1547 5693 1611 5745 ad
1646 5694 1827 5760 proxi-

253 5776 397 5812 ututn
443 5768 699 5828 pertinet.
1569 5779 1571 5783 ·

1946 3189 2274 3263 cogitatione
2310 3187 2589 3242 continere
2637 3197 2691 3241 et
2727 3199 2929 3240 arcano
2955 3183 3191 3252 pectoris
3219 3182 3513 3237 recondere

1947 3281 2172 3337 debetis.
2214 3278 2428 3332 Maneat
2465 3275 2618 3330 firma
2658 3275 2709 3329 in
2748 3274 2899 3330 vobis
2934 3275 3236 3329 communis
3263 3273 3514 3327 amicitia

1945 3371 2321 3441 praerogativa,
2351 3376 2406 3423 et
2450 3367 2698 3422 veritatis
2735 3367 2886 3431 tides,
2924 3373 2980 3420 et
3021 3365 3113 3420 Dei
3142 3365 3385 3435 legisque
3408 3363 3511 3416 ob-

1945 3462 2238 3517 servantia.
2292 3459 2574 3516 Recurrite
2630 3459 2696 3513 ad
2764 3467 3003 3512 mutuam
3061 3457 3404 3512 dilectionem
3460 3463 3514 3507 et

1942 3553 2260 3608 charitatem
2283 3569 2298 3618 ;
2325 3551 2532 3606 reddite
2556 3551 2808 3606 universo
2835 3551 3029 3620 populo
3051 3565 3175 3604 suos
3207 3551 3510 3618 amplexus.

1942 3642 2164 3700 Vosmet
2193 3644 2637 3713 ipsi,expurgatis
2667 3653 2723 3697 ut
2746 3644 2819 3696 ita
2848 3645 3021 3697 dicam
3051 3643 3246 3697 animis
3288 3640 3508 3704 vestris,

1941 3752 2035 3791 vos
2061 3735 2300 3790 vicissim
2340 3734 2634 3804 agnoscite.
2691 3734 2845 3804 Saepe
2880 3735 3020 3788 enim
3067 3743 3184 3804 post
3244 3732 3511 3802 depositas

1941 3827 2253 3881 inimicitias
2307 3825 2653 3880 reconciliata
2718 3810 2912 3896 iterum
2964 3825 3166 3896 gratia,
3215 3823 3510 3892 jucundior

1935 3920 2151 3974 exsistit
2198 3918 2456 3973 amicitia.
2490 3935 2509 3967 ι

2015 4146 2124 4216 (Η)
2171 4147 2380 4214 Ψυχὰς
2411 4143 2869 4216 ἐκκαθήραντες,
2904 4142 2954 4196 id
2986 4152 3097 4206 est,
3137 4141 3342 4216 detersa
3381 4140 3510 4216 cati.

1941 4213 2059 4287 gnte
2090 4217 2438 4276 simultatum,
2472 4232 2576 4285 qua
2630 4213 2815 4287 mentis
2867 4217 3072 4287 vestrw'
3099 4213 3509 4287 acieserat-obf

1903 4297 1908 4300 '
1941 4279 2099 4341 aucta
2123 4298 2278 4353 atque
2307 4279 2604 4339 obscurata.
2635 4285 2892 4354 Sequitur
2926 4285 3066 4336 enim
3103 4279 3364 4354 ἀλλήλους
3396 4283 3509 4338 ὲπί-

1942 4375 2136 4427 γνωτε,
2168 4357 2218 4411 id
2243 4366 2360 4427 est,
2405 4372 2490 4409 vos
2537 4353 2765 4427 vicissim
2793 4356 3076 4427 agnoscite,
3109 4353 3504 4427 amplectimini,

1942 4422 2190 4482 salutate.
2227 4426 2431 4492 Quibus
2467 4426 2646 4479 verbis
2701 4424 2938 4478 alludere
2978 4424 3192 4476 videtur
3243 4422 3508 4476 Constan-

1937 4500 2080 4552 tinus
2109 4498 2175 4551 ad
2203 4512 2406 4550 morem
2447 4496 2878 4549 Christianorum
2915 4494 2995 4547 sui
3036 4493 3294 4560 temporis
3320 4531 3333 4554 ,
3365 4496 3506 4560 apud

1932 4583 2066 4641 quos
2099 4569 2150 4620 in
2191 4566 2364 4620 sacris
2414 4567 2794 4641 conventibus,
2826 4565 2959 4641 dum
2995 4563 3223 4641 populus
3266 4562 3332 4614 ad
3384 4577 3506 4641 per-

1931 4633 2233 4706 ceptionem
2264 4633 2641 4706 mysteriorum
2674 4637 2980 4706 accederet,
3011 4635 3271 4706 diaconus
3309 4633 3506 4706 saepius

1933 4703 2287 4762 inclamabat:
2307 4703 2763 4774 Ἐπιγιγνὼσκετε
2777 4704 3054 4775 ἀλλήλους,
3071 4718 3134 4756 ne
3160 4704 3282 4775 quis
3300 4703 3508 4756 scilicet

1931 4778 2189 4848 profanus
2216 4786 2307 4848 aut
2335 4772 2550 4830 Judaaus
2578 4777 2643 4827 ad
2676 4772 2907 4848 sacram:
2932 4788 3170 4848 mensam
3207 4772 3504 4848 irreperet,

1933 4843 1988 4901 ut
2019 4848 2179 4902 docet
2219 4847 2640 4916 Chrysnstomus
2681 4847 2733 4898 in
2771 4845 3023 4916 oratione
3076 4843 3262 4916 prima
3305 4843 3506 4895 Contra

1931 4918 2168 4978 Judwos,
2209 4913 2482 4986 pangO,
2520 4916 2645 4967 torni
2685 4915 2862 4983 primi.
2918 4913 3322 4986 Eodenrverbo
3363 4926 3502 4986 _u_sns

1931 4999 2011 5042 est
2026 4981 2261 5042 Marcion
2280 4981 2398 5041 cum
2419 4981 2770 5055 Polycurpnm
2790 4983 3080 5055 aliquando
3096 4982 3344 5055 vidisset,
3363 4981 3507 5055 Ἑπι-

1931 5057 2162 5128 γίνωσκε
2206 5058 2372 5128 ἡμᾶς,
2401 5069 2459 5110 ut
2483 5051 2549 5110 es
2590 5051 2791 5108 Irenaeo
2823 5055 2988 5128 refert
3023 5053 3286 5105 Eusebius
3322 5055 3373 5104 in
3407 5051 3481 5104 lib

1932 5144 1985 5181 tv
2018 5126 2293 5182 Historiae.
2329 5127 2506 5181 Latini
2563 5141 2777 5194 quoque
2829 5126 3090 5194 verbuuL
3130 5131 3496 5188 recognoscere

1935 5208 2198 5268 usurpant
2221 5214 2294 5268 eo
2326 5213 2510 5253 sensu.
2542 5191 2721 5268 Sicin
2759 5196 3009 5262 passione
3043 5191 3336 5268 Fructuosi
3387 5194 3506 5262 epi-

1932 5264 2084 5338 sc0pi
2109 5287 2120 5321 :
2144 5287 2174 5338 rt
2203 5267 2334 5322 Cum
2367 5284 2426 5322 se
2453 5265 3085 5338 excalciasset,_accessit
3109 5264 3175 5315 ad
3206 5278 3506 5338 euincunt-

1933 5333 2102 5391 ιιιίιίιο
2132 5337 2302 5391 frater
2335 5349 2520 5392 noster
2570 5337 2785 5390 nomine
2823 5335 2998 5397 Felix,
3034 5333 3502 5402 apprehenditque

1933 5411 2175 5463 dextram
2230 5408 2366 5475 ejus,
2406 5421 2797 5479 recognoscens
2831 5423 2978 5468 eunt,
3009 5416 3059 5458 et
3094 5408 3394 5471 deprecans
3445 5412 3505 5457 ut

1932 5481 2013 5533 sui
2051 5492 2260 5532 memor
2287 5488 2451 5534 esset.
2486 5499 2504 5530 ι

2005 5548 2116 5617 (ιε)
2133 5547 2297 5616 Vulg.
2327 5549 2436 5617 τῆς
2464 5549 2682 5618 ἔχθρας
2702 5549 3010 5601 ὑπόθεσιν.
3037 5542 3396 5618 Scribendum
3419 5551 3505 5597 est

1931 5615 2208 5685 ἀπόθεσιν,
2237 5615 2296 5673 ut
2328 5615 2532 5688 legitur
2555 5615 2692 5688 apud
2716 5619 2987 5672 Gelasium
3021 5615 3500 5688 et_N_icephot'utn.

1934 5698 2106 5758 Atque
2151 5683 2222 5744 ita
2271 5683 2425 5758 plane
2457 5683 2714 5756 scriptum
2767 5691 3021 5744 exhibent
3061 5683 3196 5739 Fuk.
3239 5685 3398 5740 codd.
3447 5693 3505 5738 et

1933 5762 2098 5815 Savil.
2129 5772 2180 5816 et
2206 5763 2420 5816 schedae
2454 5762 2649 5827 Regius.
