3882 6262
260 267 408 322 1053

1350 270 1440 326 DE
1482 270 1642 327 VITA
1679 268 2140 327 CONSTANTINI
2175 266 2432 326 LIB.'III.

3366 272 3503 328 {056

267 382 444 452 ραχάς
479 378 790 452 ἐμφυλίους,
840 381 1061 453 είρήνης
1101 383 1158 439 ἐν
1193 383 1370 456 καιρῷ
1408 382 1500 438 καὶ
1545 382 1650 454 μὴν
1666 382 1839 454 θυμη-

1949 397 2004 436 ac
2033 381 2232 437 laetitiae
2261 391 2502 451 tempore
2533 379 2792 436 tumultus
2821 385 2875 435 et.
2921 379 3174 436 intestina
3198 381 3333 437 bella
3363 385 3412 437 in
3440 400 3500 438 ea

261 474 384 536 δίας
445 470 759 543 εἰργάζετοο
815 472 909 525 καὶ
966 474 1071 544 μὴν
1122 472 1371 542 βασιλεὺς
1418 473 1530 543 (16)
1591 472 1710 544 Θεῴ
1748 473 1837 543 φί-

260 564 378 629 λος,
444 563 552 616 τῶν
606 561 753 633 αὐτῷ
793 562 1108 630 πρεπόντων
1163 563 1222 616 οὐ
1275 561 1664 634 κατωλιγώρει,
1711 563 1841 617 πάν-

258 673 332 711 τα
380 654 436 709 δὲ
492 654 746 726 πράττων
783 654 1040 707 τάναντία
1089 653 1199 725 (17)
1243 656 1353 718 τοῖς
1406 653 1601 724 μικρὸν
1633 652 1837 724 ἐμπρο-

263 747 394 801 σθεν
443 747 546 799 ὑπὸ
590 746 687 816 τῆς
708 746 1034 817 τυραννικῆς
1077 746 1357 817 ὠμότητος
1398 744 1834 816 τετολμημένοις,

263 838 470 901 παντὸς
497 834 566 907 ἦν
600 836 793 909 ἐχθροῦ
824 839 917 891 καὶ
944 838 1201 909 πολεμίου
1231 838 1513 911 κρείττων.
1545 837 1752 892 Αὐτίκα
1792 838 1837 892 δ’

263 926 363 984 οὖν
388 932 436 983 οἱ
472 929 611 1000 (17⁸)
639 931 795 994 θεοὺς
826 932 952 994 τοὺς
981 930 1055 1001 μὴ
1081 929 1240 994 ὄντας
1266 930 1547 994 παντοίαις
1575 930 1840 998 ἀνάγκαις

262 1021 549 1085 ἐϐιάζοντο
595 1020 793 1085 σέϐειν,
850 1021 944 1074 τοῦ
987 1020 1139 1083 ὄντος
1198 1020 1529 1090 ἀφεστῶτες,
1582 1021 1610 1073 6
1664 1020 1707 1073 δ’
1756 1022 1838 1075 ὅτι

264 1115 341 1187 μὴ
373 1117 532 1177 είσὶν,
553 1114 734 1185 ἔργοις
755 1115 849 1168 καὶ
873 1113 1051 1181 λόγοις
1074 1113 1411 1184 ἀπελέγχων,
1430 1113 1518 1167 τὸν
1538 1113 1694 1183 μόνον
1706 1112 1838 1168 ’ὄντα

258 1206 567 1278 παρεκάλει
604 1203 909 1274 γνωρίζειν.
958 1199 1072 1257 Εἶθ’
1126 1205 1171 1257 οἱ
1226 1205 1323 1274 μὲν
1375 1203 1712 1274 βλασφήμοις
1748 1202 1839 1255 τὸν

260 1299 503 1371 Χριστὸν
546 1296 641 1351 τοῦ
676 1296 810 1349 Θεοῦ
855 1293 1197 1366 διεχλεύαζον
1239 1299 1464 1364 φωναῖς,
1512 1297 1540 1347 6
1566 1295 1643 1357 δὲ,
1675 1296 1759 1364 ἐφ’

262 1390 505 1461 μάλιστα
546 1390 595 1443 οί
628 1389 776 1444 ἄθεοι
817 1387 916 1452 τὰς
954 1386 1304 1458 βλασφημίας
1345 1387 1639 1451 ἐπέτεινον,
1675 1386 1840 1457 ἐγρά-

258 1499 395 1552 φετο
421 1482 788 1553 φυλακτήριον
817 1480 949 1551 (18),
977 1479 1055 1551 τῷ
1090 1479 1184 1532 τοῦ
1217 1478 1421 1543 πάθους
1449 1479 1838 1549 σεμνυνόμενος

257 1574 527 1647 τροπαίῳ·
558 1574 606 1625 οἱ
641 1573 739 1643 μὲν
754 1572 1001 1643 ἤλαυνον,
1031 1572 1248 1634 ἀοίκους
1276 1573 1369 1624 καὶ
1396 1570 1678 1633 ἀνεστίους
1705 1570 1837 1623 καθ‹

260 1665 525 1728 ιστῶντες
570 1666 696 1727 τοὺς
734 1661 1072 1733 θεραπευτὰς
1090 1661 1182 1715 τοῦ
1216 1660 1474 1732 Χριστοῦ,
1501 1663 1528 1715 6
1559 1660 1615 1714 δὲ
1645 1661 1839 1713 ἀνεκα-

1939 472 2231 529 excitabat.
2270 474 2487 527 Interim
2518 488 2650 528 vero
2684 470 2791 526 Deo
2821 472 3021 526 charus
3044 472 3353 543 imperator,
3384 490 3504 534 quze

1939 567 2019 620 sui
2048 564 2207 621 ollicii
2243 575 2400 620 erant
2425 564 2649 619 minime
2677 564 2948 634 neglexit,
2976 579 3197 633 prorsus
3231 569 3502 620 contraria

1940 660 2006 714 iis
2038 672 2157 727 qua:
2208 658 2484 729 tyrannica
2541 656 2837 711 crudelitas
2892 656 3053 725 paqu
3089 665 3213 711 ante
3246 671 3503 726 prazsum-

1938 764 2146 827 pserat,
2163 770 2324 825 agere
2341 755 2582 807 studens.
2603 751 2788 821 anue
2806 751 3013 806 ratione
3034 751 3244 806 cunctis
3260 751 3504 806 hostibus

1938 856 2101 914 atque
2149 843 2384 898 inimicis
2430 844 2683 912 superior
2723 840 2846 897 fuit.
2879 840 3009 895 Nam
3036 842 3265 910 primum
3289 841 3502 909 quidem
3585 852 3594 859 '

1938 937 2013 992 illi
2043 952 2072 990 a
2110 936 2221 990 veri
2260 934 2351 989 Dei
2385 934 2532 989 cultu
2573 933 2756 997 alieni,
2789 943 3013 989 cunctos
3040 931 3290 987 mortales
3313 933 3375 986 ad
3408 932 3504 987 lal-

1937 1043 2118 1084 sorum
2148 1026 2427 1081 numinum
2456 1024 2658 1082 cultum
2699 1025 2869 1079 variis
2917 1024 3090 1079 modis
3130 1039 3224 1092 per
3253 1024 3359 1078 vim
3389 1026 3505 1079 adi-

1938 1120 2153 1187 gebant.
2209 1117 2309 1173 Hic
2349 1132 2476 1172 vero
2507 1119 2636 1174 deos
2678 1117 2799 1172 illos
2839 1117 3151 1186 neutiquam
3200 1129 3345 1183 esse,
3390 1124 3503 1171 tum

1939 1212 2142 1274 verbis,
2196 1220 2307 1263 tum
2361 1210 2537 1279 reipsa
2570 1212 2920 1275 convincens,
2977 1210 3257 1265 universos
3287 1210 3353 1265 ad
3391 1210 3506 1276 ejus

1938 1302 2030 1372 qui
2057 1303 2204 1356 solus
2235 1312 2318 1358 est
2343 1303 2481 1357 Deus
2517 1303 2840 1371 agnitionem
2896 1302 3142 1357 hortatus
3169 1310 3269 1356 est.
3294 1300 3374 1357 Ad
3394 1302 3508 1355 haec

1941 1392 2018 1447 illi
2064 1392 2339 1447 Christum
2376 1391 2473 1446 Dei
2532 1391 2710 1461 impiis
2760 1391 2982 1445 vocibus
3017 1388 3365 1445 deridebant:
3420 1390 3506 1444 hic

1940 1480 2070 1537 vero‘
2104 1481 2232 1535 illud
2278 1482 2454 1552 ipsum
2504 1482 2646 1551 quod
2700 1481 2848 1548 impii
2907 1480 3150 1534 homines
3207 1477 3507 1534 maledictis

1943 1568 2218 1639 praecipue
2243 1568 2612 1634 incessebant,
2655 1569 2847 1623 salutis
2887 1569 3191 1638 praesidium
3222 1582 3340 1623 esse
3368 1568 3505 1622 scri-

1943 1658 2083 1730 psit.
2120 1660 2418 1715 Dominicae
2448 1662 2714 1730 passionis
2747 1672 2948 1730 tropreo
2994 1675 3112 1716 sese
3142 1658 3393 1716 ell‘erens.
3426 1659 3506 1715 IIIi

259 1751 406 1805 λείτο
472 1752 598 1814 τοὺς
662 1749 888 1815 πάντας,
955 1750 1050 1804 καὶ
1099 1751 1221 1811 ταῖς
1280 1750 1509 1811 οἰκείαις
1592 1748 1840 1802 ἀπεδίδου

1949 1755 2181 1808 cultores
2236 1753 2435 1808 Christi
2487 1753 2971 1822 persequebantur,
3017 1767 3219 1820 eosque
3259 1752 3416 1807 domo
3444 1766 3509 1807 ac

258 1843 488 1906 ἑστίαις.
524 1842 587 1896 Ol
637 1841 735 1912 μὲν
756 1842 1002 1911 ἀτιμίαις
1038 1840 1410 1913 περιέϐαλλον,
1455 1843 1483 1894 6
1509 1839 1563 1893 δὲ
1593 1840 1841 1910 ἐντίμους

258 1931 358 1983 καὶ
392 1930 666 2001 ζηλωτοὺς
709 1930 936 1999 καθίστη
961 1933 1071 1994 τοῖς
1100 1930 1301 1983 ἅπασιν
1329 1947 1341 1960 ο
1375 1931 1423 1982 oi
1461 1930 1557 2001 μὲν
1583 1930 1842 2002 ὲδήμευον

258 2023 485 2088 ἀδίκως,
507 2022 614 2078 τῶν
643 2022 911 2077 θεοσεϐῶν
936 2021 1349 2093 ἀφαρπάζοντες
1373 2023 1499 2085 τοὺς
1539 2021 1704 2085 βίους,
1731 2024 1758 2074 6
1785 2021 1842 2074 δὲ

262 2115 543 2179 ἀπεδίδου,
597 2115 873 2178 πλείστοις
924 2113 1432 2184 ἐπιδαψιλευόμενος
1488 2112 1839 2184 χαρίσμασιν.

257 2208 324 2260 Οί
352 2206 452 2276 μὲν
498 2206 857 2276 διατάγμασιν
888 2203 1187 2276 ἐγγράφοις
1221 2203 1319 2267 τὰς
1371 2201 1512 2256 κατὰ
1549 2201 1657 2254 τῶν
1713 2216 1844 2272 προ-

257 2298 433 2370 έδρων
467 2297 814 2369 ὲδημοσίευον
855 2296 1218 2367 συκοφαντίας
1268 2294 1400 2365 (l9),
1427 2294 1456 2347 6
1496 2292 1550 2346 δὲ
1587 2291 1839 2363 ἔμπαλιν,

262 2390 510 2461 ἐπαίρων
538 2389 633 2444 καὶ
659 2389 878 2459 ἀνυψῶν
904 2392 969 2461 τῇ
999 2389 1127 2460 παρ’
1157 2386 1307 2458 αὐτῷ
1333 2387 1463 2457 τιμῇ
1484 2386 1608 2448 τοὺς
1622 2384 1840 2454 ἄνδρας,

262 2482 663 2555 προγράμμασι
707 2482 800 2534 καὶ
840 2481 1024 2552 νόμοις
1060 2478 1512 2548 διαφανεστέρους
1545 2474 1737 2529 ἐποίει.
1781 2477 1842 2530 Οἱ

262 2576 367 2645 μὲν
407 2577 473 2629 ὲκ
525 2575 738 2647 βάθρων
781 2575 905 2637 τοὺς
951 2572 1272 2644 εὐκτηρίους
1323 2571 1503 2635 οἴκους
1549 2568 1840 2640 καθῄρουν,

260 2665 476 2720 ἄνωθεν
517 2666 575 2733 ἐξ
623 2666 790 2736 ὕψους
816 2662 1325 2734 καταστρωννύντες
1371 2662 1450 2724 εἰς
1485 2659 1696 2727 ἔδαφος,
1734 2660 1762 2711 6
1787 2657 1843 2713 δὲ

259 2757 363 2823 τὰς
384 2756 550 2823 οὔσας
583 2756 849 2827 ὑψοῦσθαι
877 2756 970 2811 καὶ
991 2755 1307 2826 καινοτέρας
1331 2751 1647 2807 ἀνίστασθαι
1673 2766 1842 2822 μεγα-

262 2850 553 2922 λοπρεπῶς
580 2850 639 2915 ἐξ
663 2847 839 2903 αὐτῶν
866 2847 974 2901 τῶν
1010 2846 1300 2918 βασιλικῶν
1338 2843 1626 2916 θησαυρῶν
1666 2844 1847 2913 ἐνομο-

263 2920 435 2995 θέτει.
480 2943 541 2995 Οί
563 2943 661 3013 μὲν
702 2943 771 2996 τὰ
806 2940 1136 2994 θεόπνευστα
1184 2938 1339 3005 λόγια
1370 2920 1550 3006 ἀφανῆ
1594 2933 1843 2989 ποεῖσθαι

266 3034 406 3105 πυρὶ
444 3035 709 3103 φλεγέντα
750 3034 1132 3107 προσέταττον,
1182 3033 1210 3084 6
1235 3028 1292 3082 δὲ
1323 3027 1612 3081 καὶταῦτα
1642 3024 1845 3098 πληθύ-

1946 1845 2232 1914 penatibus
2276 1842 2669 1901 exturbabant:
2712 1841 2802 1897 hic
2839 1850 3066 1897 cunctos
3108 1843 3175 1897 ab
3201 1842 3389 1896 exsilio
3424 1856 3510 1896 re-

1941 1937 2178 2002 vocavit,
2209 1945 2262 1991 et
2289 1935 2581 1990 domiciliis
2599 1934 2711 1990 suis
2736 1934 2993 1990 restituit.
3027 1933 3100 1986 Illi
3134 1947 3231 1988 eos
3251 1933 3510 1988 norabant

1945 2028 2191 2092 infamia,
2241 2026 2330 2082 hic
2377 2026 2670 2081 honoribus
2723 2025 2892 2089 auxit,
2920 2035 2974 2079 et
3005 2024 3187 2079 felices
3222 2038 3284 2078 ac
3322 2023 3508 2078 beatos

1943 2120 2182 2175 omnium
2226 2118 2432 2188 judicio
2459 2115 2654 2171 ell‘ecit.
2700 2115 2774 2169 Illi
2811 2116 2903 2171 Dei
2955 2118 3222 2170 cultorum
3252 2115 3385 2167 bona
3427 2114 3510 2167 in-

1940 2210 2088 2281 juste
2134 2210 2480 2280 publicabant
2536 2223 2598 2261 ac
2638 2208 2964 2276 diripiebant
3000 2207 3131 2261 :hic
3186 2221 3288 2260 non
3338 2204 3508 2260 solum

1945 2301 2077 2372 ipsis
2122 2302 2262 2357 bona
2309 2316 2403 2355 sua
2444 2299 2722 2366 restituit;
2753 2299 2845 2353 sed
2886 2298 3132 2367 plurimis
3175 2298 3392 2365 insuper
3419 2295 3512 2349 be-

1888 2388 1897 2396 ’
1944 2391 2153 2446 neﬁciis
2197 2389 2421 2444 affectos
2450 2387 2822 2457 locupletavit.
2879 2387 2956 2441 Illi
2994 2386 3211 2455 scriptis
3248 2384 3510 2439 constitu-

1946 2484 2178 2539 tionibus
2210 2481 2513 2536 calumnias
2559 2481 2818 2533 adversus
2849 2478 3213 2533 Ecclesiarum
3254 2473 3511 2545 praesides

1945 2576 2288 2648 divulgabaut
2316 2593 2329 2628 :
2365 2575 2449 2629 hic
2479 2582 2669 2628 contra
2725 2573 2946 2627 eosdem
2978 2572 3120 2627 viros
3169 2571 3431 2627 extollens
3458 2581 3515 2627 et

1948 2672 2151 2725 bonore
2198 2668 2456 2735 alliciens,
2506 2668 2700 2723 edictis
2735 2681 2797 2719 ac
2842 2665 3053 2734 legibus
3092 2663 3399 2734 propositis,
3448 2663 3514 2718 il-

1944 2762 2234 2817 lustriores
2283 2775 2444 2829 quam
2498 2771 2657 2813 antea
2714 2758 2969 2812 reddidit.
3022 2755 3087 2812 Et
3163 2755 3237 2812 illi
3295 2756 3512 2827 quidem

1943 2853 2179 2910 Oratoria
2223 2850 2465 2905 funditus
2520 2849 2872 2913 evertcbant,
2930 2856 2984 2903 et
3045 2847 3112 2901 ab
3150 2845 3281 2915 ipsis
3324 2845 3515 2901 culmi-

1945 2945 2104 3001 nibus
2151 2958 2319 3011 usque
2368 2942 2433 2995 ad
2483 2941 2655 2997 solum
2721 2938 2947 3007 disiecta
3002 2937 3323 2992 sternebant
3363 2956 3377 2991 :
3424 2937 3514 2991 bic

1945 3036 2107 3109 583
2139 3050 2267 3090 vero
2319 3034 2555 3088 oratoria
2605 3047 2724 3100 quae
2754 3031 2928 3085 adhuc
2973 3038 3318 3098 superessent
3351 3027 3515 3082 altius

268 3144 383 3180 νειν
417 3126 529 3195 (20)
572 3128 636 3181 ὲκ
670 3125 960 3197 βασιλικῶν
995 3122 1283 3195 θησαυρῶν
1318 3119 1724 3193 μεγαλοπρεπεῖ
1747 3136 1843 3172 πα-

1950 3127 2102 3197 erigi,
2137 3134 2192 3180 et
2221 3138 2359 3179 nova
2397 3124 2684 3193 magniﬁco
2715 3122 2859 3177 cultu
2892 3120 3118 3189 prolatis
3146 3135 3214 3175 ex
3241 3118 3513 3189 imperiali

268 3220 515 3292 ρασκευῇ
548 3215 1089 3287 πολυπλασιαζόμενα
1115 3214 1443 3286 ἐνομοθέτει.
1480 3213 1543 3266 Οἱ
1582 3212 1679 3282 μὲν
1722 3227 1818 3264 συν

280 3309 437 3375 όδους
464 3309 778 3363 ἐπισκόπων
799 3308 1018 3380 μηδαμῆ
1047 3305 1311 3378 μηδαμῶς
1323 3304 1525 3375 τολμᾷν
1546 3301 1845 3374 προσέτατ-

266 3420 364 3457 τον
396 3401 688 3468 ποιεῖσθαι,
723 3404 751 3454 6
775 3401 832 3454 δὲ
859 3401 983 3465 τοὺς
1014 3398 1072 3465 ἐξ
1098 3398 1354 3452 ἁπάντων
1385 3395 1494 3450 τῶν
1522 3393 1689 3449 ἐθνῶν
1718 3391 1846 3464 παρ’

269 3494 455 3565 ἑαυτῷ
498 3493 831 3564 συνεκρότει,
872 3491 1156 3564 βασιλείων
1185 3491 1235 3543 τ’
1273 3491 1404 3543 είσω
1443 3488 1718 3561 παρεῖναι,
1752 3483 1849 3540 καὶ

272 3586 440 3658 μέχρι
472 3585 580 3638 τῶν
612 3584 876 3639 ἐνδοτάτω
913 3585 1133 3655 χωρεῖν,
1158 3581 1342 3645 ἑστίας
1365 3598 1425 3634 τε
1451 3580 1545 3634 καὶ
1568 3576 1848 3651 τραπέζης

270 3677 564 3751 βασιλικῆς
596 3679 886 3740 κοινωνοὺς
912 3675 1166 3745 γενέσθαι
1205 3673 1379 3744 ἠξίου.
1407 3674 1470 3727 Ol
1511 3673 1611 3743 μὲν
1648 3670 1847 3742 ἐτίμων

272 3769 586 3841 ἀναθήμασι
617 3768 743 3833 τοὺς
780 3768 1059 3839 δαίμονας,
1110 3771 1140 3822 6
1165 3767 1221 3820 δὲ
1244 3766 1559 3835 ἀπεγύμνου
1586 3762 1686 3833 τὴν
1715 3760 1850 3814 πλάυ

271 3879 395 3931 νην,
425 3860 524 3932 τὴν
558 3860 829 3931 ἄχρηστον
868 3859 976 3913 τῶν
1008 3859 1371 3930 ἀναθημάτων
1408 3856 1540 3927 ὓλην
1569 3857 1682 3918 τοῖς
1713 3854 1848 3925 χρῆο

272 3954 401 4008 σθαι
424 3954 666 4018 δυνατοῖς
698 3952 963 4024 διηνεκῶς
989 3953 1186 4023 νέμων.
1232 3954 1293 4006 Οἱ
1325 3952 1421 4022 μὲν
1450 3951 1575 4013 τοὺς
1601 3949 1736 4013 νεὼς
1759 3966 1848 4018 φι-

270 4044 506 4114 λοτίμως
548 4048 772 4116 κοσμεῖν
810 4044 1082 4107 ἐκέλευον,
1122 4044 1151 4096 6
1180 4043 1238 4096 δὲ
1268 4046 1333 4097 ὲκ
1368 4041 1582 4113 βάθρων
1623 4039 1849 4112 καθῄρει

269 4136 480 4191 τούτων
530 4136 708 4190 αὐτῶν
759 4137 826 4189 τὰ
867 4135 1102 4207 μάλιστα
1156 4133 1307 4205 παρά
1343 4136 1455 4196 τοῖς
1496 4131 1849 4202 δεισιδαίμοσι

270 4228 468 4282 πολλοῦ
514 4227 659 4294 ἄξια.
702 4231 764 4282 Οἱ
807 4229 905 4301 μὲν
953 4230 1077 4293 τοὺς
1116 4226 1209 4279 τοῦ
1238 4224 1374 4278 Θεοῦ
1413 4224 1633 4287 δούλους
1670 4222 1848 4293 αἰσχί-

273 4338 430 4385 σταις
471 4321 768 4376 ὑπέϐαλλον
821 4323 1133 4393 τιμωρίαις,
1178 4321 1206 4371 6
1250 4320 1306 4373 δὲ
1345 4317 1541 4381 αὐτοὺς
1589 4317 1686 4387 μὲν
1725 4315 1849 4378 τοὺς

270 4411 447 4466 ταῦτα
472 4411 801 4483 δεδρακότας
832 4413 1041 4485 μετῄει,
1080 4408 1424 4482 σωφρονίζων
1465 4409 1532 4478 τῇ
1566 4405 1851 4479 πρεπούσῃ

1946 3218 2142 3274 aerario
2171 3217 2476 3285 sumptibus
2496 3215 2699 3270 exstrui
2731 3214 3003 3283 praecepit.
3035 3212 3355 3267 Illioracula
3377 3211 3518 3266 divi-

1948 3311 2091 3365 nitus
2115 3309 2375 3376 inspirata
2400 3306 2845 3362 llammisaboleri
2864 3307 3174 3376 jusserunt:
3212 3304 3303 3358 hic
3331 3317 3517 3358 sacro-

1948 3417 2066 3455 rum
2115 3399 2455 3454 voluminum
2492 3397 2823 3467 exemplaria
2869 3396 3177 3465 sumptibus
3221 3392 3517 3462 imperjaIis

1946 3493 2121 3548 aerarii
2174 3489 2486 3561 propagari,
2522 3497 2577 3543 et
2615 3487 2906 3559 magniﬁco
2951 3494 3213 3556 apparatu
3266 3485 3511 3540 decorari

1950 3583 2243 3637 mandavit.
2275 3581 2547 3636 Jubebant
2575 3579 2650 3633 illi
2694 3594 2761 3633 ne
2809 3578 3050 3647 episcopi
3100 3578 3338 3650 synodos
3386 3592 3517 3631 con-

1948 3684 2173 3739 gregare
2200 3668 2410 3736 uspiam
2436 3668 2701 3721 auderent
2738 3685 2750 3721 :
2805 3666 2894 3720 hic
2925 3666 3211 3735 episcopos
3242 3680 3309 3720 ex
3335 3664 3515 3720 omni-

1949 3762 2049 3816 bus
2097 3758 2396 3829 provinciis
2454 3757 2520 3810 ad
2562 3769 2620 3810 se
2659 3755 2982 3821 accersivit;
3045 3770 3145 3811 nec
3184 3754 3344 3810 modo
3374 3756 3516 3810 intra

1948 3851 2203 3920 palatium
2233 3850 2367 3904 etin
2397 3848 2647 3903 intimum
2678 3860 2848 3915 usque
2890 3845 3196 3901 cubiculum
3258 3845 3515 3908 admisit,

1949 3942 2039 3999 sed
2073 3942 2236 3996 etiam
2266 3954 2467 3994 mensae
2491 3938 2735 4006 tectique
2760 3936 3053 4006 participes
3078 3950 3198 3990 esse
3228 3935 3415 3990 voluit.
3438 3935 3516 3989 Illi

1950 4037 2220 4091 daemones
2246 4031 2491 4087 donariis
2517 4031 2892 4086 honorabant:
2932 4029 3020 4083 hic
3062 4042 3249 4083 eorum
3301 4025 3518 4082 fraudes

1949 4125 2184 4195 aperuit,
2212 4133 2270 4179 et
2297 4122 2580 4178 materiam
2625 4123 2793 4190 ipsam
2825 4119 3177 4175 donariorqu
3211 4117 3371 4172 nullis
3407 4117 3519 4173 usi-

1949 4218 2047 4273 bus
2071 4217 2325 4279 dicatam,
2357 4214 2424 4268 iis
2445 4214 2535 4282 qui
2561 4214 2633 4267 uti
2675 4220 2924 4281 poterant
2948 4217 3208 4279 perpetuo
3236 4218 3322 4263 est
3353 4207 3520 4261 dilar-

1949 4313 2112 4380 gitus.
2149 4307 2227 4360 Illi
2271 4307 2496 4363 deorum
2530 4304 2728 4374 templa
2783 4301 3071 4369 magniﬁce
3125 4300 3308 4354 ornari
3360 4298 3521 4366 jube-

1952 4406 2082 4458 bant
2112 4419 2125 4454 :
2162 4396 2255 4454 hic
2280 4414 2342 4453 ea
2365 4413 2484 4468 quae
2513 4395 2905 4467 superstitiosis
2928 4391 3236 4447 hominibus
3250 4390 3519 4460 praecipuo

496 4632 605 4718 Καὶ
628 4632 755 4718 μὴτ
784 4632 1101 4718 ﬂavus-“dc.
1142 4629 1196 4683 In
1235 4626 1597 4718 SaviliiJibyo
1651 4624 1846 4694 legitur
1879 4606 1915 4618 ν
1956 4619 2215 4718 ctpriamu
2239 4617 2445 4678 erexit,
2491 4614 2653 4718 scribi
2710 4611 3076 4718 jllSSll,thlleS
3119 4608 3253 4680 signi
3321 4606 3522 4660 virtute

270 4704 299 4756 6
326 4703 387 4757 δὲ
431 4697 709 4773 βασιλεῦςζ
735 4703 788 4756 In
819 4697 1093 4757 veteribus
1126 4710 1327 4773 autent
1357 4697 1593 4773 schedis
1622 4703 1847 4773 utraque

270 4765 442 4897 auctio
481 4775 715 4893 pubetur
768 4774 869 4827 hoc
905 4773 1141 4836 modo,6
1178 4770 1234 4823 δὲ
1279 4768 1344 4839 δὴ
1391 4769 1486 4820 καὶ
1537 4766 1642 4838 μὴν
1694 4765 1848 4835 βασι-

302 4859 416 4897 ευς.
445 4858 473 4896 e
502 4859 551 4895 c.

302 4859 416 4905 ευς,
445 4853 551 4896 etc.

340 4904 456 4979 (17)
480 4911 638 4983 Vulg.
659 4912 853 4967 πάντα
880 4910 1151 4983 πράττων
1164 4909 1471 4983 τάναντίαἶ
1489 4906 1544 4959 In
1562 4905 1737 4959 Μοτκί
1753 4904 1845 4983 lib.

268 4975 668 5053 :td'Amargqum
715 4975 1032 5053 emendatur
1064 4981 1240 5034 πάντα
1270 4979 1329 5033 δὲ
1365 4977 1641 5053 πράττων,
1685 4985 1754 5053 ιιι⁸
1789 4975 1843 5053 in

271 5051 409 5105 Fnk.
466 5042 522 5104 εἴ
567 5053 753 5106 Savilii
802 5054 938 5107 codd
1004 5050 1167 5105 Paulo
1218 5060 1344 5103 ante
1395 5042 1492 5117 pro
1511 5045 1645 5117 5:th
1695 5042 1845 5114 αὑτῷ

276 5122 683 5194 προσηκόντων,
730 5122 1148 5194 ttlerqtte._('mlex
1178 5131 1233 5176 et
1264 5115 1477 5173 scbeda:
1511 5115 1692 5187 Regia:
1713 5130 1848 5184 prae-

268 5191 463 5263 ferunt
487 5191 594 5244 τῶν
625 5192 782 5262 αὐτῴ
808 5191 1143 5263 πρεπόντωνἼ

346 5262 484 5333 (17³)
526 5253 812 5333 Excidit-ise
840 5253 1048 5316 videtur
1081 5261 1201 5331 μέν,
1232 5261 1348 5314 sine
1391 5274 1496 5328 quo
1520 5257 1672 5311 locus
1702 5253 1850 5309 clau-

270 5332 505 5385 dicaret.
540 5332 694 5385 Em'r.
1210 5376 1215 5382 .

347 5401 460 5471 (I8)
514 5401 827 5471 Ἐγρὰφετο
876 5398 1305 5469 φυλακτήριον.
1353 5398 1612 5471 Positum
1641 5395 1854 5471 videtur

269 5464 373 5544 pro
398 5464 780 5544 ἐπεγράφετο,
827 5464 1025 5544 ἰιῖεδι,
1057 5464 1276 5544 tutelam
1320 5469 1421 5544 sibi
1448 5467 1658 5544 ascivit.
1691 5464 1850 5544 Quod

270 5535 319 5594 si
355 5542 408 5593 id
444 5535 665 5596 verbum
705 5543 756 5594 in
797 5541 1012 5608 vulgata
1043 5540 1444 5608 signiﬁcatione
1475 5537 1611 5608 sumi
1654 5535 1846 5608 pla_cet,

270 5612 329 5666 id
363 5627 578 5681 quoque
622 5611 753 5681 ferri
801 5605 996 5678 potest.
1042 5605 1427 5681 constantinus
1459 5606 1607 5681 enim
1652 5610 1704 5681 in
1735 5605 1846 5681 basi

278 5675 671 5745 stat—umquam
727 5675 909 5734 Romae
946 5689 1064 5745 post
1097 5690 1305 5748 partam
1342 5679 1408 5731 de
1458 5675 1726 5729 Maxentio
1772 5675 1849 5727 vi-

1955 4692 2143 4744 urbem
2180 4690 2399 4741 Romam
2431 4701 2460 4739 a
2490 4701 2548 4739 se
2581 4686 2863 4737 liberatam
2892 4682 3077 4735 fuisse.

2024 4761 2134 4829 (I9)
2178 4757 2327 4829 Vulg.
2347 4755 2476 4821 ταῖς
2501 4753 2651 4829 κατᾲ
2676 4752 2902 4829 τῶγπρ.
2923 4749 3328 4829 ἐδημοσίευονὶ
3347 4760 3526 4829 amco:

1954 4814 2670 4900 gods-tiam.[lattosyntaxis
2689 4814 2918 4889 postulat
2932 4832 2989 4874 ut
3005 4814 3260 4900 Iégarnu's,
3274 4816 3373 4900 τᾲς
3384 4814 3526 4885 κατά

1953 4887 2062 4955 τῶν
2099 4887 2391 4971 προέδρων
2412 4887 3173 4971 ὲδημοσίευονησμκοφαντίας.
3208 4887 3372 4971 Paulo
3406 4895 3526 4971 post

1945 4955 2287 5024 scribendum
2448 4955 2576 5034 παρ’
2624 4962 2787 5016 αὐτοῦ
2817 4955 2983 5032 (τιμῇ,
3029 4968 3088 5014 ut
3135 4959 3334 5013 habent
3364 4955 3520 5025 codd.

1954 5040 2084 5092 Fuk.
2117 5049 2171 5092 et
2207 5038 2417 5092 Satrtltt.

1954 5040 2084 5094 Fuk.
2117 5049 2171 5092 et
2207 5039 2417 5092 Savilii.

2025 5110 2138 5175 (20)
2182 5109 2235 5161 Ὁ
2267 5105 2334 5159 δὲ
2363 5105 2462 5159 καὶ
2491 5104 2677 5159 ταῦτα
2706 5102 3057 5175 πληθύνων·ἶ
3086 5099 3142 5153 In
3180 5098 3315 5152 libro
3344 5096 3522 5175 Μοτφί

1956 5165 2163 5244 adiecta
2201 5186 2329 5231 sunt
2359 5180 2424 5229 ad
2470 5177 2765 5244 marginem
2804 5165 2916 5226 haec
2950 5170 3136 5244 verba,
3180 5182 3300 5237 qua:
3324 5181 3434 5244 pos
3465 5165 3523 5239 in

1953 5236 2090 5305 Ftik.
2113 5249 2276 5303 etiam
2312 5255 2368 5300 et
2402 5245 2568 5300 Savil.
2592 5236 2755 5298 codd.
2804 5243 3122 5306 reperimus,
3183 5236 3521 5308 μεγαλοπρεη

1956 5324 2048 5374 πεῖ
2093 5319 2411 5392 παρασκευῇ
2461 5311 3005 5392 πολυπλασιαζόμενα
3024 5327 3036 5339 ο
3080 5306 3240 5392 quam
3261 5376 3273 5389 ⁸
3292 5306 3527 5392 scriptu-

1960 5407 2072 5444 ram
2107 5376 2640 5453 in’interpr’étatione
2668 5400 2761 5438 sua
2795 5376 3013 5436 secutus
3034 5376 3115 5432 est
3147 5376 3528 5453 ChristOpbor-

1958 5443 2147 5514 Sonns.
2175 5443 2349 5510 Certe'
2370 5454 2757 5508 Constantinus
2791 5452 2954 5505 libros
3001 5463 3185 5524 sacros
3213 5443 3526 5524 qui'_ecc_le-

1958 5529 2195 5584 siasticis
2246 5526 2433 5579 usibus
2488 5524 2886 5586 inserviebant,
2932 5514 3271 5590 gemmisa'c
3328 5514 3525 5590 lapillis

1956 5599 2204 5657 ornavit,
2257 5608 2315 5647 ut
2362 5596 2518 5648 docet
2570 5593 2847 5650 Cedrcnus
2900 5586 2957 5645 in
2992 5588 3272 5652 Chronico,
3320 5586 3408 5640 ubi
3462 5587 3525 5639 de

1961 5669 2264 5723 Metrodoro
2295 5665 2633 5735 philosopho.
