3882 6262
396 293 424 346 1
436 291 540 348 055

1143 291 1417 349 EUSEBII
1456 290 1931 349 C/ESARIENSIS
1968 293 2119 349 UPP.
2156 294 2332 351 PARS
2371 293 2412 349 1.
2453 322 2522 335 -υ
2561 290 2952 348 HISTORICA.

3495 289 3625 347 1056

402 414 605 467 honore
639 410 973 477 colebantur,
1010 410 1252 467 funditus
1281 410 1569 465 subvertit.
1619 409 1696 464 llli
1728 410 1818 465 Dei
1852 426 1948 467 ser-

2060 411 2153 466 τοῦ
2178 410 2312 465 Θεοῦ
2332 404 2549 465 κολάσει
2568 408 2702 481 (21),
2720 409 2826 462 τῶν
2841 408 2884 461 δ’
2900 405 3067 477 ἁγίων
3081 403 3375 478 μαρτῦρων
3390 403 3483 458 τοῦ
3493 403 3623 459 Θεοῦ

400 517 497 555 vos
528 502 899 571 ignominiosis
931 503 1108 572 pmnis
1137 501 1447 557 efﬁciebant
1473 521 1485 555 :
1512 502 1599 557 hic
1626 517 1720 558 eos
1749 504 1962 572 quidem

389 595 488 658 qui
515 594 611 649 ista
636 595 968 649 admiserant
997 604 1339 663 persecutus,
1386 595 1568 650 debito
1610 594 1792 651 atl‘ecit
1837 612 1964 665 sup-

398 687 587 755 plicio;
619 696 934 742 sanctorum
970 699 1151 743 autem
1186 688 1281 742 Dei
1326 696 1628 759 martyrum
1675 690 1963 743 memorias

390 775 575 831 colere
606 792 880 847 nunquam
911 778 1140 834 destitit.
1194 777 1273 832 Illi
1328 778 1513 832 divino
1556 777 1720 832 cultui
1753 779 1963 834 dicatos

392 866 643 921 homines
679 883 709 923 e
745 867 950 937 palatio
983 869 1276 939 ejiciebant
1309 889 1323 924 :
1353 870 1442 925 hic
1488 869 1750 941 ejusmodi
1780 872 1960 926 homi-

397 959 551 1013 nibus
578 961 852 1030 praacipue
905 962 1141 1018 conlisus
1172 973 1275 1024 est,
1305 964 1501 1032 quippe
1538 977 1677 1033 quos
1715 978 1824 1033 pra!
1859 980 1960 1019 cae-

396 1049 526 1102 teris
549 1050 802 1106 omnibus
848 1050 1143 1107 benevolos
1193 1052 1456 1121 fidosque-
1472 1052 1575 1107 sibi
1609 1067 1729 1107 esse
1758 1054 1959 1109 intelli-

393 1154 565 1207 geret.
605 1141 682 1197 Illi
734 1144 979 1213 pecunia»
1030 1144 1283 1214 cogenda:
1314 1159 1475 1214 supra
1510 1146 1727 1198 modum
1762 1145 1905 1199 avidi
1941 1186 1956 1209 ,

389 1233 673 1289 Tantalico
701 1236 913 1290 cuidam
942 1236 1155 1291 aﬂ‘eetni
1216 1237 1456 1291 animum
1482 1253 1640 1292 suum
1684 1240 1959 1306 mancipa-

392 1336 622 1381 verant:
658 1327 748 1382 hic
790 1330 958 1398 regali
1012 1329 1415 1400 magnificentia
1447 1330 1735 1385 thesauros
1769 1345 1958 1386 onmes

392 1414 696 1475 recludens.
725 1416 931 1471 liberali
960 1427 1014 1472 et
1058 1433 1323 1487 generosa
1353 1418 1635 1489 largitione
1655 1434 1747 1473 eos
1777 1420 1959 1474 distri-

392 1509 529 1563 buit.
561 1511 802 1582 Denique
834 1511 906 1565 illi
938 1513 1154 1583 quidem
1191 1510 1613 1565 innumerabiles
1644 1512 1820 1565 caedes
1843 1527 1959 1581 per-

389 1600 702 1667 petrabant,
736 1610 795 1656 ut
822 1602 1237 1657 interfectorum
1278 1601 1417 1655 bona
1452 1600 1749 1670 diriperent
1773 1618 1838 1656 ac
1865 1618 1957 1672 pu-

390 1690 657 1745 blicarent
690 1710 704 1746 :
743 1692 977 1762 quandiu
1022 1708 1157 1747 vero
1196 1691 1484 1760 imperavit
1515 1690 1906 1747 Constantinus
1935 1733 1951 1758 ,

2063 504 2160 568 τάς
2184 506 2402 576 μνήμας
2431 502 2604 573 τιμῶν
2636 502 2696 554 οὐ
2734 500 3100 571 διελίμπανεν.
3130 500 3191 554 Οἱ
3216 499 3317 569 μὲν
3346 497 3457 550 τῶν
3483 496 3626 567 βασι-

2062 595 2226 649 λικῶν
2282 594 2512 667 ἤλαυνον
2561 592 2727 645 οἴκων
2777 593 2903 656 τοὺς
2934 588 3206 652 θεοσεϐεῖς
3265 587 3484 659 ἄνδρας,
3519 587 3625 641 ὁδὶ

2062 690 2243 751 αὐτοῖς
2300 686 2534 757 μάλιστα
2597 684 2807 746 τούτοις
2868 682 3090 736 διετέλει
3138 680 3377 753 θαρρῶν,
3444 677 3624 744 εὔνους

2061 778 2207 849 αὐτῷ
2241 777 2351 848 (22)
2389 779 2483 830 καὶ
2522 777 2746 840 πιστοὺς
2785 775 3037 829 ἁπάντων
3072 770 3270 845 μᾶλλον
3303 769 3526 835 τούτους
3548 766 3623 824 εἷ-

2060 886 2148 922 ναι
2194 867 2497 935 γινώσκων.
2542 866 2605 919 Οἱ
2648 866 2746 938 μὲν
2794 863 3089 936 χρημάτων
3128 853 3326 932 ἥττους
3365 861 3621 931 ὑπῆρχον,

2060 958 2370 1030 Τανταλείῳ
2392 959 2490 1028 τὴν
2511 957 2684 1028 ψυχὴν
2719 955 2878 1010 πάθει
2904 954 3310 1026 δεδουλωμένοι,
3338 955 3367 1007 ό
3395 953 3455 1008 δὲ
3479 952 3626 1024 βασι-

2059 1053 2180 1124 λικῇ
2215 1050 2656 1123 μεγαλοπρεπείᾳ
2699 1049 2903 1113 πάντας
2937 1047 3279 1110 ἀναπετάσας
3303 1046 3624 1117 θησαυροὺς,

2060 1144 2287 1216 πλουσίᾳ
2302 1144 2394 1197 καὶ
2407 1140 2766 1214 μεγαλοψύχῳ
2781 1141 2961 1211 δωρεᾷ
2983 1139 3080 1201 τὰς
3105 1138 3418 1209 μεταδόσεις
3430 1138 3628 1191 ἐποιεῖ-

2058 1254 2136 1289 το.
2172 1237 2234 1290 Οί
2277 1237 2373 1306 μὲν
2420 1236 2644 1307 μυρίους
2708 1234 3128 1306 κατειργάζοντο
3166 1231 3381 1301 φόνους,
3424 1232 3507 1300 ἐφ’
3533 1234 3628 1302 ἀρ-

2059 1331 2207 1399 παγῇ
2254 1327 2348 1381 καὶ
2390 1325 2651 1398 δημεύσει
2700 1324 2799 1395 τῆς
2820 1323 2928 1376 τῶν
2980 1322 3387 1393 ἀναιρουμένων
3423 1322 3624 1384 οὐσίας,

2059 1419 2460 1474 Κωνσταντίνου
2482 1418 2523 1472 δ’
2552 1418 2645 1471 ἐπὶ
2669 1416 2815 1487 πάσῃ
2853 1417 2919 1485 τῇ
2950 1413 3215 1485 βασιλείᾳ,
3242 1415 3353 1466 πᾶν
3380 1411 3529 1480 ξίφος
3553 1415 3626 1475 εἰς

2057 1514 2324 1585 ἄχρηστον
2354 1514 2466 1575 τοῖς
2500 1511 2778 1572 δικασταῖς
2810 1507 3127 1579 ἀπῃὼρητο,
3167 1505 3275 1559 τῶν
3315 1506 3436 1559 κατ’
3481 1504 3627 1567 ἔθνος

2055 1604 2240 1677 δήμων
2276 1621 2337 1658 τε
2376 1604 2470 1657 καὶ
2510 1599 2841 1655 πολιτευτῶν
2867 1598 2976 1670 (25)
3010 1596 3218 1668 ἀνδρῶν
3262 1612 3627 1667 πατρονομουο

2060 1700 2234 1771 μένων
2258 1697 2370 1769 (24)
2415 1696 2634 1768 μᾶλλον,
2669 1695 2702 1767 ἢ
2733 1695 2820 1748 ἐπ’
2861 1692 3128 1760 ἀνάγκαις
3172 1690 3508 1762 ἀρχομένων.
3536 1690 3624 1753 Εἰς

390 1782 600 1836 cunctis
624 1781 893 1850 iudicibus
925 1784 1136 1855 gladius
1175 1787 1384 1840 otiosus
1410 1799 1626 1855 semper
1660 1796 1826 1851 atque
1874 1785 1948 1838 in-

2056 1767 2091 1845 ἀ
2129 1790 2192 1863 δὴ
2222 1767 2534 1860 ἀποϐλέψας
2574 1785 2727 1841 εἷπεν
2766 1788 2831 1842 ἄν
2879 1803 2962 1849 τις
2995 1784 3241 1848 είκότως,
3286 1781 3478 1852 νεαρόν
3510 1797 3626 1833 τινα

388 1877 647 1924 cruentus
689 1874 944 1940 pependit
975 1895 986 1929 :
1026 1888 1148 1928 cum
1179 1876 1231 1928 in
1256 1875 1509 1930 omnibus
1537 1876 1836 1945 provinciis
1860 1882 1954 1944 p'o-

389 1959 497 2027 puli
520 1961 683 2016 simul
722 1978 785 2018 ac
820 1965 1142 2022 decuriones
1182 1968 1359 2036 patria
1403 1969 1634 2037 quadam
1689 1978 1956 2038 potesmte

388 2053 568 2123 potius
596 2069 755 2123 quam
799 2057 847 2109 vi
887 2072 949 2113 ac
982 2059 1306 2114 necessitate
1356 2071 1698 2128 regerentur.
1728 2061 1857 2128 Quze
1908 2063 1952 2116 si

388 2143 510 2213 quis
537 2148 795 2203 attentius
818 2151 1269 2219 consideraverit,
1310 2153 1506 2206 merito
1561 2152 1805 2208 dicturus
1832 2164 1952 2220 est,

387 2251 583 2290 novum
613 2240 879 2308 quoddam
916 2242 1172 2296 saaculum
1223 2245 1437 2299 tandem
1479 2246 1793 2315 apparuisse
1847 2246 1947 2300 sibi

2052 1884 2146 1937 καὶ
2168 1881 2410 1953 νεοπαγῆ
2437 1882 2547 1952 βίον
2575 1881 2687 1952 (25)
2713 1882 2838 1952 ἄρτι
2862 1881 2984 1933 τότε
3006 1878 3238 1949 φανῆναι
3262 1876 3457 1939 δοκεῖν,
3480 1874 3624 1941 ξένου

2052 1976 2227 2044 φωτὸς
2257 1975 2453 2047 ἀθρόου
2496 1975 2560 2027 ὲκ
2596 1974 2820 2036 σκότους
2851 1972 2928 2043 τῷ
2968 1969 3147 2043 θνητῷ
3181 1966 3624 2039 καταλάμψαντος

2050 2065 2217 2133 γένει,
2250 2064 2385 2117 Θεοῦ
2413 2081 2471 2117 τε
2500 2064 2561 2117 τὸ
2586 2065 2692 2117 πᾶν
2721 2062 2880 2134 ἔργον
2905 2057 3045 2116 εἶναι
3082 2059 3383 2132 ὁμολογεῖν,
3405 2059 3504 2128 τῆς
3521 2057 3623 2112 τῶν

2051 2155 2223 2209 ἀθέων
2262 2156 2501 2227 πληθύος
2530 2154 2824 2210 ἀντίπαλον
2855 2153 2946 2207 τὸν
2976 2151 3195 2223 θεοφιλῆ
3233 2148 3458 2222 βασιλέα
3494 2166 3620 2221 προ-

2056 2247 2221 2320 δεσλη
2230 2248 2390 2319 μένου
2401 2290 2414 2303 .

387 2328 591 2396 videri,
621 2330 837 2387 insolito
865 2331 1069 2389 lumine
1102 2345 1226 2405 post
1252 2336 1536 2390 diuturnas
1595 2335 1849 2392 tenebras
1912 2337 2153 2391 humano
2211 2342 2393 2409 generi
2444 2349 2667 2410 repente
2727 2337 3046 2410 affnlgente,
3095 2342 3378 2405 totumque
3412 2336 3511 2389 hoc
3537 2333 3616 2388 ι)ιί

385 2436 520 2487 opus
572 2436 693 2477 esse
741 2422 1018 2489 fatebitur,
1052 2427 1143 2494 qui
1182 2426 1448 2482 adversus
1484 2425 1631 2481 illam
1693 2427 1981 2497 impiorum
2019 2430 2441 2497 multitudinem,
2483 2433 2628 2488 hunc
2687 2431 2996 2503 religiosum
3055 2428 3438 2497 imperatorem
3487 2426 3615 2480 velut

385 2515 636 2571 :emulum
658 2520 991 2589 opposuerit.

875 2631 1039 2706 484
1065 2633 1291 2692 CAPUT
1331 2641 1390 2693 ιι.

386 2738 589 2796 Rursus
618 2741 684 2796 de
704 2743 899 2812 pietate
946 2743 1299 2810 Constantini,
1330 2751 1536 2820 signum
1570 2752 1741 2806 crucis
1793 2752 1953 2807 libere

1008 2820 1321 2886 proﬁtentis.
1459 2888 1467 2896 η

450 2921 588 2980 Nam
620 2942 743 2982 cum
798 2929 876 2983 illi
913 2931 1128 3000 quidem
1173 2935 1311 2990 tales
1337 2934 1707 3002 exstitissent,
1765 2938 1953 3006 quales

385 3016 513 3070 nulli
548 3034 785 3088 unquam
812 3024 910 3078 visi
951 3025 1204 3091 fuerant,
1256 3042 1427 3095 eaque
1474 3028 1738 3085 adversus
1764 3028 1950 3084 Eccle-

302 3098 303 3101 “
383 3111 518 3165 siam
560 3113 849 3169 admittere
880 3117 996 3171 ausi
1027 3116 1412 3186 fuissent,qnze
1436 3134 1592 3175 nemo
1615 3134 1848 3190 unquam
1881 3121 1948 3176 ab

384 3200 573 3259 ultima
608 3221 783 3275 usque
818 3208 1098 3263 hominum
1156 3211 1418 3264 memoria
1445 3209 1601 3280 {facta
1637 3225 1759 3266 esse
1795 3211 1949 3265 audio

383 3307 523 3361 erat,
550 3298 745 3353 merito
774 3300 914 3356 Deus
953 3302 1269 3357 inusitatum
1296 3302 1565 3371 quoddam
1593 3304 1938 3370 miraculum,

2591 2635 2985 2691 ΚΕΦᾹΛΑΙΟΝ
3018 2636 3093 2688 B'.

2060 2752 2188 2806 Ἔτι
2216 2750 2347 2817 περὶ
2368 2748 2475 2825 ζῇς
2487 2745 3311 2825 -εῠσεϐξίαςῌιζωνσταζτίνου,
3326 2745 3612 2825 suam

2263 2819 2611 2890 σιαζομένου
2632 2818 2715 2887 τῷ
2738 2819 2843 2873 τοῦ
2869 2817 3133 2886 σταυροῦ
3158 2817 3403 2884 σημείῳ.

2137 2932 2349 3005 Ἐπειδὴ
2386 2931 2493 3004 γὰρ
2540 2932 2589 2985 οί
2631 2931 2748 3002 μὲν,
2801 2926 2903 2985 οἷοι
2944 2930 3172 3001 μηδένες
3211 2930 3361 2986 ἄλλοι
3397 2926 3613 2986 πώποτ’.

2050 3023 2331 3097 ὤφθησαν,
2356 3025 2450 3079 καὶ
2482 3018 2568 3078 οἵα
2602 3024 2723 3096 μηδ’
2754 3024 2812 3091 ἐξ
2841 3025 3033 3090 αἰῶνος
3064 3026 3197 3096 ἀκοῇ
3236 3024 3614 3096 παρείληπται,

2055 3115 2194 3169 κατά
2232 3115 2333 3186 τῆς
2370 3115 2694 3186 Ἐκκλησίας
2733 3116 3148 3188 τετολμήκασιν,
3182 3117 3410 3181 εἰκότως
3437 3118 3466 3170 ό
3496 3117 3617 3180 Θεὸς

2055 3208 2236 3273 αὐτὸς,
2267 3208 2415 3275 ξένον
2447 3227 2499 3262 τι
2530 3209 2722 3281 χρῆμα
2746 3210 3213 3282 προστησάμενος,
3239 3210 3307 3264 τὰ
3335 3212 3461 3282 μήτ’
3489 3211 3615 3281 ἀκοῇ

2054 3300 2382 3368 γνωσθέντα,
2416 3302 2537 3374 μήτ’
2563 3302 2683 3372 ὄψει
2708 3302 3097 3373 παραδοθέντα,
3127 3303 3192 3356 δι’
3215 3303 3380 3356 αὑτοῦ
3406 3320 3615 3375 κατειρ-

383 3387 795 3446 Constantinum
820 3393 1049 3458 scilicet,
1081 3395 1132 3448 in
1157 3396 1391 3450 medium
1417 3397 1747 3466 producens,
1770 3410 1830 3450 ea
1854 3412 1948 3466 per

2056 3394 2269 3462 γάζετο.
2313 3395 2421 3448 Καὶ
2472 3394 2524 3447 τί
2562 3393 2821 3466 νεώτερον
2846 3394 2957 3464 (26)
2988 3390 3055 3466 ἧν
3088 3394 3148 3448 τὸ
3176 3394 3366 3466 θαῦμα
3396 3395 3498 3466 τῆς
3530 3394 3618 3465 βα-

384 3478 533 3533 illum
551 3482 741 3552 gessit,
774 3499 895 3554 qua:
927 3502 1025 3542 nec
1078 3487 1265 3541 auditu
1303 3504 1539 3558 unquam
1570 3496 1814 3559 accepta,
1852 3504 1948 3544 nec

2060 3484 2249 3549 σιλέως
2282 3485 2502 3556 ἀρετῆς,
2527 3484 2748 3557 ὲκβεοῦ
2783 3483 3067 3555 σοφίαςτῷ
3099 3483 3279 3555 θνητῷ
3301 3484 3450 3553 γένει
3472 3484 3620 3536 δεδω-

381 3573 553 3626 οοιιΙίυι
586 3574 702 3629 visa
748 3575 978 3632 fuerant.
1015 3578 1166 3645 Quod
1217 3583 1365 3636 enim
1419 3582 1743 3636 miraculum
1775 3581 1948 3652 magis

2061 3577 2325 3648 ρημένον;
2361 3579 2648 3650 Τοιγάρτοι
2688 3577 2779 3630 τὸν
2808 3577 3041 3649 Χριστὸν
3071 3576 3165 3630 τοῦ
3190 3575 3325 3630 Θεοῦ
3361 3577 3460 3629 σὺν
3489 3578 3621 3646 παῤ-

382 3679 582 3719 novum
619 3677 673 3721 et
696 3667 1011 3725 inusitatum
1044 3671 1164 3738 fuit,
1196 3688 1357 3742 quam
1408 3676 1750 3744 imperatoris
1775 3675 1946 3731 nostri

2058 3671 2223 3743 ρησίᾳ
2258 3675 2323 3744 τῇ
2368 3672 2514 3744 πάσῃ
2558 3670 2873 3743 πρεσϐεύων
2910 3673 2991 3736 είς
3032 3671 3236 3735 πάντας
3264 3670 3511 3733 διετέλει,
3548 3670 3615 3740 μὴ

381 3754 573 3818 virtus,
610 3769 768 3825 quem
806 3759 894 3814 Dei
925 3762 1185 3831 sapientia
1224 3764 1460 3819 humano
1480 3766 1662 3834 generi
1692 3766 1947 3821 donavit?

2056 3763 2527 3835 ἐγκαλυπτόμενος
2564 3763 2660 3835 τὴν
2694 3764 2957 3836 σωτήριον
2998 3762 3296 3834 ὲπηγορίαν
3319 3780 3333 3794 ·
3373 3761 3617 3832 σεμνολο-

380 3844 588 3915 Quippe
616 3848 704 3903 ille
734 3864 854 3905 eum
883 3854 1028 3907 omni
1072 3854 1269 3911 ﬁducia
1297 3873 1361 3913 ac
1391 3857 1642 3912 libertate
1667 3858 1944 3914 Christum

2056 3860 2312 3932 γούμενος
2342 3861 2386 3915 δ’
2416 3861 2508 3915 ἐπὶ
2535 3860 2614 3931 τῷ
2642 3861 2946 3932 πράγματι,
2991 3860 3219 3933 φανερὸν
3265 3859 3459 3913 ἑαυτὸν
3488 3857 3611 3913 καθ-

385 3936 477 3989 Dei
505 3939 713 3994 cunctis
741 3953 1001 4011 perpetuo
1029 3947 1372 4014 praedicavit,
1407 3964 1505 4003 nec
1529 3950 1752 4004 salutari
1780 3967 1943 4007 voca-

381 4025 510 4081 bulo
541 4032 752 4085 censeri
794 4034 1032 4091 erubuit.
1059 4036 1258 4092 Verum
1281 4040 1350 4093 ob
1389 4054 1507 4094 eam
1534 4056 1650 4095 rem
1677 4057 1798 4096 sese
1829 4058 1945 4096 ma-

379 4133 613 4187 gnopere
636 4121 889 4186 eﬂ‘erens.
921 4129 1173 4184 omnibus
1210 4145 1268 4185 se
1292 4135 1618 4186 noscendum
1654 4133 1898 4188 exhibuit
1924 4153 1940 4190 :

2049 3953 2190 4023 ίστη,
2225 3951 2318 4006 νῦν
2354 3954 2451 4024 μὲν
2492 3952 2553 4005 τὸ
2583 3953 2872 4024 πρόσωπον
2902 3951 2980 4023 τῷ
3020 3953 3271 4024 σωτηρίῳ
3307 3967 3614 4021 κατασφρα-

2046 4044 2328 4115 γιζόμενος
2362 4044 2593 4116 σημείῳ,
2624 4043 2717 4097 νῦν
2742 4044 2787 4097 δ’
2814 4043 3238 4116 ὲναϐρυνόμενος
3257 4042 3337 4115 τῷ
3361 4041 3611 4114 νικητικῷ

2043 4138 2305 4209 τροπαίῳ.

379 4211 506 4264 dum
540 4229 681 4270 nunc
706 4218 920 4286 quidem
948 4220 1172 4277 salutari
1204 4223 1357 4293 signo
1380 4224 1587 4279 vultum
1619 4226 1944 4297 consignat,
1981 4244 2126 4285 nunc
2149 4231 2458 4300 triumphali
2483 4231 2745 4301 gloriatur
2771 4240 2997 4303 tropmo.

449 4390 564 4462 (2|)
609 4390 689 4460 Τῇ
721 4395 1036 4462 πρεπούσῃ
1069 4396 1175 4450 τοῦ
1219 4396 1368 4451 Θεοῦ
1418 4398 1685 4453 κολάσει.
1737 4398 1944 4455 Mallem

2056 4401 2238 4455 codice
2266 4400 2415 4456 'Fnk.

377 4461 618 4582 Scribere
662 4465 727 4515 ὲκ
778 4463 912 4516 Θεοῦ
972 4461 1225 4531 κολάσει,
1274 4476 1331 4522 ιιι
1382 4469 1522 4538 loqui
1579 4469 1717 4523 solet
1772 4471 1944 4525 Euse-

421 4545 520 4582 ms.
564 4576 570 4582 .

421 4545 520 4582 IIIS.
564 4576 570 4583 .

447 4596 561 4720 (ξ)
601 4599 755 4687 ιξιιις.
780 4602 922 4671 τοὺς
940 4605 1158 4672 εὔνους
1189 4605 1368 4673 αὐτῷ.
1405 4607 1671 4664 Delendus
1700 4620 1785 4665 est
1816 4612 1946 4665 arti-

472 4687 482 4717 Ι
555 4687 701 4720 τους-

378 4683 533 4721 rtuns
555 4683 701 4735 τους.

447 4738 559 4821 (Ξᾷ)
585 4740 793 4811 Δήμων
812 4761 877 4821 τε
897 4744 994 4821 καί
1017 4748 1402 4821 πολιτειντῶνί.
1424 4747 1593 4814 llujus
1616 4751 1762 4804 verbi
1788 4751 1947 4819 signi.

376 4806 683 4887 fieationem
708 4830 814 4868 non
841 4816 1105 4887 intellexit
1125 4806 1664 4886 Christophorsonus,
1690 4822 1778 4887 qui
1802 4806 1947 4875 πολι-

373 4880 568 4959 τευτάς
625 4883 759 4959 ciues
800 4886 979 4959 vertit.
1038 4888 1201 4956 Atqui
1230 4880 1564 4959 νπολιτευταί
1610 4880 1739 4944 sunt
1774 4893 1944 4944 decu-

377 4952 667 5023 riones,ut
692 4952 1019 5023 jampridem
1058 4952 1237 5011 notavi
1277 4961 1343 5011 ad
1381 4959 1577 5012 librum
1616 4976 1726 5014 χχιι
1759 4962 1940 5018 Amm.

378 5016 847 5099 ill:trcellini_'_pag.
878 5024 1004 5090 225,
1035 5042 1100 5099 ex
1145 5028 1490 5099 Artemidore
1529 5040 1587 5099 et
1619 5016 1939 5088 Athanasio.

371 5087 579 5166 Quibus
624 5087 900 5166 addendos
932 5087 1015 5151 est
1048 5096 1193 5151 locus
1241 5097 1485 5166 Gregorii
1525 5097 1849 5154 Nazianzeni
1886 5087 1938 5154 in

372 5158 600 5235 epistola
631 5160 700 5235 d9
732 5164 802 5235 ad
843 5164 1179 5235 Olympium,
1219 5158 1425 5232 πάντἀς
1476 5168 1694 5232 πολίτας
1736 5187 1795 5223 τε
1846 5172 1940 5224 καὶ

371 5227 688 5306 manem;
722 5233 816 5286 καὶ
845 5227 1262 5306 άξὶωματικούς,
1293 5238 1344 5291 id
1376 5227 1481 5303 est,
1510 5227 1776 5294 universos
1805 5242 1940 5296 cives

370 5310 415 5354 et
444 5301 749 5356 decuriones
780 5314 826 5356 et
862 5301 1145 5361 honoratos

440 5369 562 5450 (ει),
587 5374 1201 5450 ματρονοιιέουμένων,
1223 5376 1273 5450 id
1319 5386 1431 5441 est,
1463 5389 1681 5446 paterno
1720 5380 1936 5450 imperio

370 5443 501 5515 regi.
535 5442 625 5494 Ait
662 5444 823 5512 igitur
856 5442 1205 5501 Constantini
1253 5442 1536 5515 imperium
1579 5452 1649 5502 ob
1701 5442 1936 5505 clemen-

370 5511 1119 5587 tiam.et‘lliansttelttdinem,
1166 5511 1383 5587 prorsus
1414 5520 1593 5572 simile
1634 5519 1799 5574 fuisse
1844 5537 1938 5587 pn-

372 5579 554 5660 tris_in
592 5580 726 5637 filios
770 5584 1040 5660 imperio:
1074 5579 1141 5640 ita
1166 5579 1236 5640 ἰιι
1279 5589 1455 5660 populi
1504 5604 1697 5660 omnes
1735 5606 1798 5643 ac
1842 5579 1937 5647 ile-

373 5657 644 5728 cnriones,
672 5668 776 5707 non
807 5657 856 5728 vi
895 5670 959 5709 ac
988 5666 1133 5711 metu
1167 5668 1225 5709 ut
1248 5658 1468 5723 subditi,
1505 5659 1554 5712 in
1586 5659 1760 5714 ofﬁcio
1804 5675 1934 5714 con-

380 5724 698 5786 tinerentur,
746 5724 840 5778 sed
888 5736 1080 5796 sponte
1131 5730 1577 5797 obsequerentur
1607 5740 1663 5782 ut
1712 5731 1823 5785 lilii.
1878 5732 1931 5786 lu

2461 4418 2559 4477 ιιζο
2582 4405 2694 4477 ἐπ’
2722 4404 2988 4477 ἀνάγκαις
3011 4403 3204 4477 legitur
3226 4405 3319 4458 ὑπ’
3346 4407 3601 4477 ἀνάγκης.
3674 4460 3677 4463 _

2120 4470 2231 4541 (251
2253 4471 2530 4542 Νεοπαγῆ
2555 4473 2719 4538 βίον.
2746 4470 2999 4528 Feliciter
3019 4470 3149 4528 mihi
3180 4478 3412 4530 vertisse
3434 4470 3608 4530 videor

2050 4557 2240 4595 novum
2266 4544 2540 4618 accentum.
2587 4544 2684 4618 _S_ic
2716 4544 2769 4598 in
2799 4546 3034 4618 nummis
3072 4544 3309 4618 Philippi
3358 4546 3604 4601 attentum

2048 4627 2244 4665 nouum
2303 4612 2523 4667 dicitur.
2586 4615 2823 4675 Veteres,
2871 4614 3085 4669 Etrusci
3140 4612 3367 4669 aiebant
3417 4631 3603 4670 unum-

2044 4684 2297 4752 quodque
2328 4683 2582 4737 saeculum
2612 4699 2641 4737 a
2672 4684 2775 4738 diis
2795 4684 3075 4739 delinitum
3101 4699 3222 4739 esse
3246 4696 3404 4739 certo
3437 4700 3600 4740 anno-

2047 4766 2163 4804 rum
2198 4753 2355 4807 modo
2389 4771 2402 4806 :
2436 4755 2528 4821 qui
2564 4765 2848 4824 postquam
2899 4753 3084 4809 (initus
3132 4756 3223 4818 sit,
3278 4766 3388 4809 tmn
3445 4756 3602 4824 adiis

2044 4831 2294 4889 portenta
2319 4838 2349 4875 e
2375 4835 2518 4877 terra
2551 4823 2645 4878 Seu
2682 4823 2898 4878 cmlitus
2923 4824 3082 4894 mitti,
3110 4825 3310 4893 quibus
3337 4823 3600 4894 signiﬁce-

2046 4900 2132 4943 tur
2160 4894 2417 4947 sazculum
2452 4909 2646 4948 novum
2671 4894 2937 4949 inchoari.
2972 4893 3038 4947 Et
3060 4893 3307 4949 homines
3342 4893 3488 4950 nasci
3515 4894 3597 4962 qui

2044 4962 2197 5035 novis
2227 4963 2467 5035 moribus
2506 4975 2667 5032 atque
2712 4964 2974 5035 institutis
3020 4972 3283 5035 utantur,
3315 4975 3372 5019 et
3403 4964 3601 5035 quiivel

2043 5029 2161 5098 plus
2198 5032 2278 5083 vel
2315 5032 2491 5089 minus
2517 5029 2669 5088 cli-ari
2713 5035 2824 5087 sint
2867 5033 2971 5088 diis
3017 5029 3439 5092 immortalibus:
3486 5034 3602 5089 Haec

2040 5101 2194 5171 signa
2230 5101 2440 5156 Etrusci
2473 5103 2759 5171 diligenter
2787 5112 2969 5157 notata
3018 5104 3289 5158 habebant
3332 5107 3386 5158 in
3442 5105 3596 5157 ritua-

2042 5170 2183 5224 libus
2205 5172 2377 5235 libris,
2412 5181 2469 5225 ut
2495 5170 2709 5241 scripsit
2741 5172 3062 5227 Plutarchus
3093 5174 3146 5227 in
3179 5171 3362 5229 Sulla.
3396 5184 3449 5229 et
3469 5175 3598 5228 Cen-

2040 5242 2256 5296 sorinus
2304 5242 2354 5295 in
2394 5258 2444 5297 c.
2496 5243 2557 5297 17
2608 5243 2680 5296 De
2732 5245 2817 5297 die
2866 5243 3053 5297 natali.
3102 5242 3276 5296 Verba
3331 5243 3593 5298 Plutarchi

2039 5320 2205 5383 sunt;
2226 5308 2377 5365 Εἶναι
2405 5312 2502 5383 μὲν
2518 5312 2626 5383 γὰρ
2650 5312 2828 5383 αὐτῶν
2848 5312 2993 5365 ὀκτὼ
3017 5312 3091 5367 τά
3124 5312 3420 5383 σύμπαντα
3451 5316 3591 5383 γένη,

2039 5330 2165 5363 sunt
2191 5330 2377 5365 :mvat
2405 5330 2502 5383 μεν
2518 5330 2626 5435 γαρ
2650 5330 2828 5386 αυτων
2848 5330 2993 5365 οκτω
3017 5330 3091 5367 τα
3124 5330 3188 5365 συ
3198 5330 3420 5383 μπαντα
3451 5330 3591 5383 γενη,

2037 5381 2540 5457 δια-ιρέρονίταᾷτοῖςΔ
2616 5399 2696 5446 οις
2735 5383 2830 5457 καί¹
2873 5384 2986 5457 τοῖς
3011 5383 3195 5457 Δἤθεσι
3213 5383 3281 5457 δι’
3329 5385 3591 5457 ἀλλήλων·

2037 5451 2252 5522 ἑκάστῳ
2274 5451 2330 5505 δὲ
2363 5451 2663 5524 ἀφωρίσθαι
2697 5453 2869 5524 χρόνῳ
2909 5451 3141 5524 ἀριθμὸν
3176 5453 3282 5507 ὑπὸ
3313 5455 3407 5508 τοῦ
3445 5451 3589 5514 Θεοῦ,

2040 5523 2539 5596 συμπεραινόμενον
2582 5523 2827 5596 ἐνιαυτοῦ
2876 5523 3112 5593 μεγάλου
3156 5524 3423 5596 περιόδῳ,
3469 5537 3586 5585 etc.,

2038 5594 2124 5664 ubi
2142 5594 2405 5664 sinente;
2429 5594 2600 5664 μέγας
2623 5594 2877 5664 sarculum
2909 5603 3027 5664 est._
3230 5594 3240 5596 ⁷
3361 5594 3369 5595 ί
3394 5597 3405 5608 “

2108 5661 2216 5732 (26)
2250 5662 2400 5733 Vulg.
2431 5661 2553 5718 Kal
2582 5681 2637 5717 τι
2669 5662 2975 5734 νεώτερον.
3011 5662 3372 5721 δοτίιιειιιιιιιιι
3399 5674 3478 5721 est
3502 5676 3587 5734 per

2040 5732 2517 5809 interrogatibnem
2545 5735 2637 5789 καὶ
2663 5735 2713 5787 τί
2747 5732 3040 5806 νεώτερονς
