3882 6262
262 320 394 374 ΗὶῖὶἸ

788 437 1182 491 ΚΕΦΑΛΑῙΟΝ
1212 439 1284 490 Γ¹.

254 528 390 598 Περὶ
410 529 646 600 aliide-oc
681 528 887 600 αὐτοῦ,
915 524 1047 600 ἐν
1072 529 1414 600 ὑπερέκειτο
1445 531 1561 599 μὲν
1586 533 1618 584 ὀ
1643 514 1834 584 σταυέ

488 599 621 668 ρὸς,
652 598 965 678 πέπληκτο
984 598 1052 652 δὲ
1078 599 1232 652 κάτω
1264 603 1296 654 o'
1325 598 1576 667 δράκων.

332 692 390 743 ’Θ
415 691 514 760 μὲν
568 689 629 759 δὴ
660 690 753 742 καὶ
785 690 842 742 ἐν
881 689 1097 760 γραφῆς
1135 689 1450 760 ὑψηλοτάτῳ
1499 691 1686 744 πίνακι
1720 693 1825 763 πρὸ

254 783 356 838 τῶν
388 781 679 851 βασιλικῶν
723 781 1006 852 προθύρων
1047 783 1406 860 ἀνακειμένῳ,
1452 786 1563 846 τοῖς
1607 783 1823 837 πάντων

251 875 547 946 ὀφθαλμοῖς
573 875 798 946 ὁρᾶσθαι
825 875 1124 947 προύτίθει,
1145 876 1206 930 τὸ
1233 875 1331 946 μὲν
1373 875 1637 946 σωτήριον
1666 877 1825 948 ὑπερ-

255 966 502 1034 κείμενον
533 965 630 1036 τῆς
649 965 811 1019 αὐτοῦ
839 965 1080 1036 κεφαλῆς
1107 968 1172 1036 τῇ
1197 968 1378 1037 γραφῇ
1409 965 1700 1037 παραδοὺς,
1733 967 1822 1021 τὸν

252 1057 303 1108 δὲ
325 1055 516 1127 ἐχθρὸν
544 1055 636 1108 καὶ
668 1054 922 1126 πολέμιον
952 1053 1112 1126 θῆρα,
1131 1055 1220 1108 τὸν
1245 1056 1344 1126 τὴν
1385 1056 1707 1129 Ἐκκλησίαν
1727 1057 1819 1111 τοῦ

256 1145 382 1199 Θεοῦ
412 1145 499 1200 διὰ
532 1147 628 1216 τῆς
661 1146 766 1200 τῶν
804 1145 980 1200 ἀθέων
1017 1145 1449 1217 πολιορκήσαντα
1487 1149 1818 1220 τυραννίδος,

254 1240 387 1292 κατὰ
415 1238 576 1308 βυθοῦ
615 1239 912 1310 φερόμενον
948 1242 1177 1311 ποιήσας
1204 1243 1262 1294 ἐν
1292 1241 1578 1312 δράκοντος
1617 1246 1817 1314 μορφῇ.

253 1331 530 1404 Δράκοντα
565 1332 672 1402 γὰρ
710 1331 871 1384 αὑτὸν
899 1333 994 1384 καὶ
1037 1331 1245 1385 σκολιὸν
1283 1333 1406 1402 ὅφιν
1435 1333 1492 1386 ἐν
1528 1335 1820 1405 προφητῶν

252 1422 380 1476 Θεοῦ
418 1422 621 1492 βίϐλοις
656 1423 950 1494 ἀνηγόρευε
990 1423 1057 1476 τὰ
1088 1423 1260 1493 λόγια.
1301 1425 1392 1478 Διὸ
1429 1425 1523 1479 καὶ
1569 1425 1820 1496 βασιλεὺς

259 1513 352 1568 Ξπδ
385 1516 499 1577 τοῖς
527 1514 690 1568 αὑτοῦ
716 1515 808 1567 καὶ
831 1514 936 1567 τῶν
970 1515 1136 1568 αὑτοῦ
1171 1516 1319 1579 ποσὶ,
1354 1513 1501 1586 βέλει.
1533 1519 1820 1591 πεπαρμέ-

259 1625 334 1661 .·ον
357 1607 499 1662 κατὰ
521 1608 686 1680 μέσου
709 1607 802 1661 τοῦ
828 1608 1041 1672 κύτους,
1065 1607 1247 1679 βυθοῖς
1272 1627 1329 1663 τε
1353 1609 1626 1682 θαλάσσης
1657 1613 1822 1684 ἀπερ-

254 1700 532 1776 ριμμένον,
580 1699 668 1752 διὰ
715 1699 810 1769 τῆς
865 1701 1162 1773 κηροχύτου
1203 1702 1422 1773 γραφῆς
1459 1704 1665 1758 ἐδείκνυ
1707 1709 1817 1770 τοῖς

1321 316 1405 370 DE
1447 315 1602 372 ῊΤᾹ
1637 317 2097 376 CONSTANTINI
2136 319 2244 374 LIB
2308 319 2394 375 Ill.

3361 327 3500 380 [058

2545 438 2769 496 CAPUT
2799 439 2884 496 Ill.

1927 533 2003 588 De
2038 535 2261 606 imagine
2282 532 2637 606 Constantini,
2665 535 2748 586 cui
2777 533 3134 606 ci-ua:_quidem
3163 534 3497 601 superposita

2343 613 2473 664 erat,
2507 604 2645 669 infra
2686 612 2858 656 autem
2887 603 3068 655 draco.

1999 697 2139 764 Quin
2162 699 2325 751 etiam
2352 695 2406 750 in
2434 694 2650 749 sublimi
2683 696 2914 763 quadam
2949 692 3129 747 tabula
3162 704 3286 748 ante
3327 695 3492 749 vesti-

1929 789 2110 843 bulum
2142 788 2326 858 palatii
2363 787 2560 856 posita,
2615 785 2827 840 cunctis
2881 784 3236 854 spectandum
3297 799 3493 854 propo-

1927 884 2053 944 suit,
2089 879 2325 935 salutare
2364 879 2582 948 quidem
2637 877 2850 947 signum
2899 876 3062 945 capiti
3097 891 3196 931 suo
3229 890 3492 946 superpo-

1926 973 2086 1026 situin
2121 987 2136 1024 :
2188 969 2332 1024 infra
2369 983 2500 1023 vero
2535 968 2748 1022 hostem
2785 964 2936 1019 illum
2983 973 3039 1018 et
3089 964 3366 1018 inimicum
3399 977 3492 1033 geo

1926 1061 2072 1116 neris
2121 1037 2386 1123 humani,
2444 1059 2534 1128 qui
2597 1056 2883 1126 impiorum
2942 1068 3294 1126 tyrannorum
3329 1071 3492 1125 opera

1925 1152 2223 1209 Ecclesiam
2259 1151 2353 1206 Dei
2377 1160 2808 1221 oppugnaverat,
2836 1150 2936 1204 sub
2966 1150 3219 1204 draconis
3243 1148 3415 1204 forma
3439 1151 3490 1202 in

1923 1257 2163 1312 praeceps
2192 1251 2460 1297 ruentem.
2485 1242 2691 1310 Quippe
2715 1239 2894 1294 divina
2923 1242 3140 1296 oracula
3175 1242 3226 1295 in
3263 1243 3494 1312 prophe-

1925 1343 2103 1388 tarum
2128 1317 2304 1399 libris,
2335 1335 2624 1388 draconem
2659 1333 2805 1386 illum
2831 1342 2886 1386 et
2932 1313 3208 1389 sinuosum
3261 1349 3490 1404 serpen-

1927 1436 2034 1479 tem
2071 1425 2428 1495 appellarunt.
2475 1425 2679 1480 Idcirco
2718 1426 3014 1494 imperator
3045 1425 3336 1480 draconem
3370 1425 3492 1480 telis

1924 1533 2020 1586 per
2041 1517 2273 1572 medium
2300 1527 2542 1571 ventrem
2577 1516 2870 1582 conﬁxum,
2899 1525 2953 1570 et
2975 1516 3026 1569 in
3059 1515 3355 1586 profundos
3378 1532 3492 1570 ma-

1927 1610 2002 1664 ris
2032 1609 2275 1679 gurgites
2306 1607 2631 1677 projectum,
2659 1608 2759 1663 sub
2785 1608 2900 1662 suis
2931 1622 3262 1677 suorumque
3292 1608 3492 1663 liberom

1925 1715 2043 1754 rum
2084 1691 2309 1770 pedibus
2352 1716 2477 1755 cera
2535 1702 2658 1770 igne
2700 1699 2944 1756 resoluta
2974 1698 3188 1768 depingi
3231 1701 3489 1769 proponi-

254 1795 377 1846 πᾶσι
400 1792 491 1846 τὸν
515 1793 801 1864 δράκοντα,
826 1787 927 1850 ὧδέ
945 1813 1020 1866 πη
1043 1795 1133 1848 τὸν
1155 1796 1336 1866 ἀφανῆ
1358 1796 1451 1850 τοῦ
1474 1797 1581 1850 τῶν
1606 1797 1702 1851 ἀνθ
1712 1797 1816 1870 ρώ-

1928 1807 2024 1862 que
2053 1792 2301 1846 omnibus
2332 1793 2534 1860 voluit,
2583 1793 2686 1848 hoc
2718 1793 2972 1848 videlicet
3006 1792 3166 1846 modo
3193 1792 3486 1861 designans

252 1898 360 1934 πων
392 1882 585 1950 γένους
626 1883 880 1955 πολέμιον
919 1885 1305 1956 αἰνιττόμενος,
1361 1887 1419 1940 ὃν
1462 1889 1556 1942 καὶ
1597 1889 1820 1960 δυνάμει

251 1975 337 2028 τοῦ
371 1975 510 2046 ὑπὲρ
550 1975 792 2046 κεφαλῆς
824 1977 1180 2048 ἀνακειμένου
1228 1981 1495 2052 σωτηρίου
1537 1983 1818 2051 τροπαίου,

253 2067 389 2121 κατὰ
432 2067 613 2137 βυθῶν
647 2067 920 2133 ἀπωλείας
968 2070 1341 2141 κεχωρηκέναι
1389 2072 1598 2143 ἐδήλου.
1665 2073 1822 2128 ⁷Αλλά

249 2159 412 2212 ταῦτα
441 2160 540 2229 μὲν
568 2159 717 2212 ἄνθει
746 2160 1049 2231 χρωμάτων
1076 2163 1316 2232 ᾐνίττετο
1338 2163 1423 2217 διά
1450 2165 1551 2234 τῆς
1579 2165 1783 2230 είκόνος
1801 2183 1816 2198 ο

251 2251 345 2321 ἐμὲ
388 2250 445 2302 δὲ
499 2250 684 2322 θαῦμα
725 2250 826 2320 τῆς
866 2251 961 2305 τοῦ
1011 2251 1277 2322 βασιλέως
1319 2257 1538 2325 κατεῖχε
1585 2255 1818 2326 μεγαλο-

255 2341 412 2408 νοίας,
441 2341 518 2405 ὼς
547 2342 842 2412 ἐμπνεύσει
865 2343 983 2415 θείᾳ
1006 2343 1177 2399 ταῦτα
1201 2345 1476 2411 διετύπου,
1502 2346 1537 2400 ἀ
1560 2347 1622 2418 δὴ
1645 2347 1818 2416 φωναὶ

251 2432 538 2504 προφητῶν
560 2427 662 2486 ῶδέ
701 2450 805 2486 που
830 2433 958 2505 περὶ
983 2433 1135 2487 τοῦδε
1166 2434 1261 2488 τοῦ
1291 2435 1454 2507 θηρὸς
1484 2435 1669 2500 ἐϐόων,
1719 2437 1820 2491 ἐπ-

249 2523 386 2589 άξειν
440 2524 536 2578 τὸν
566 2525 718 2593 Θεὸν,
759 2525 1034 2594 λέγουσαι,
1071 2527 1171 2598 τὴν
1219 2528 1490 2599 μάχαιραν
1521 2528 1618 2599 τὴν
1649 2528 1819 2600 μεγά-

249 2614 341 2684 λην
367 2615 459 2668 καὶ
485 2614 743 2688 φοϐερὰν,
768 2617 860 2670 ἐπὶ
883 2616 974 2670 τὸν
1000 2617 1266 2688 δράκοντα
1304 2619 1395 2671 τὸν
1420 2618 1540 2688 ὖφιν
1572 2618 1663 2672 τὸν
1691 2620 1818 2690 φεύ-

250 2724 422 2776 γοντα,
456 2707 555 2760 καὶ
578 2707 782 2761 ἀνελεῖν
815 2708 903 2763 τὸν
932 2708 1197 2780 δράκοντα
1231 2709 1321 2763 τὸν
1368 2713 1424 2764 ἐν
1448 2713 1513 2782 τῇ
1555 2710 1813 2785 Θαλάσσῃ.

251 2798 467 2863 Εἰκόνας
499 2799 566 2872 δὴ
603 2800 808 2854 τούτων
839 2800 1089 2854 διετύπου
1123 2800 1396 2870 βασιλεὺς,
1423 2801 1638 2874 ἀληθῶς
1673 2805 1814 2858 ἐντι-

253 2889 356 2951 θεὶς
385 2891 680 2960 μιμήματα
711 2893 778 2962 τῇ
808 2889 1167 2963 σκιαγραφίᾳ.

779 3161 1174 3216 ΚΕΦΑΛΔΙΟΝ
1199 3164 1270 3215 Δ’.

252 3254 362 3307 Ἐ’τι
389 3253 528 3323 περὶ
549 3253 666 3308 τῶν
688 3253 786 3308 διὰ
826 3244 1053 3324 Ἀρειον
1073 3256 1142 3308 ἐν
1162 3256 1436 3325 Αἰγύπτῳ
1455 3253 1813 3324 ζητημάτων.

312 3345 494 3400 Ταῦτα
534 3345 632 3417 μὲν
679 3341 769 3400 οῦν
799 3346 945 3417 αὐτῷ
983 3346 1334 3418 καταθυμίως
1364 3345 1721 3398 συνετελείτο·
1748 3345 1818 3399 τὰ

249 3437 300 3491 δέ
325 3454 384 3507 γε
415 3439 518 3509 τῆς
536 3437 628 3491 τοῦ
658 3437 850 3507 φθόνου
878 3439 1194 3509 βασκανίας,
1223 3436 1412 3501 δεινῶς
1434 3437 1529 3502 τὰς
1552 3436 1691 3490 κατὰ
1720 3437 1817 3510 τὴν

260 3529 658 3600 Ἀλεξάνδρειαν
701 3531 1022 3603 Ἐκκλησίας
1049 3530 1142 3585 τοῦ
1175 3530 1310 3584 Θεοῦ
1359 3530 1814 3602 συνταράττοντα,

249 3621 335 3674 καὶ
364 3622 424 3674 τὺ
460 3621 716 3692 Θηϐαίων
759 3640 818 3676 τε
854 3623 945 3676 καὶ
980 3622 1291 3690 Αἰγυπτίων
1329 3620 1685 3692 σχισματικὸν
1717 3638 1818 3674 κα-

249 3715 334 3766 διὸν
374 3713 509 3785 ('27),
541 3715 598 3768 οὐ
631 3713 876 3797 σμικρῶς
906 3715 1068 3768 αὑτὸν
1094 3715 1279 3778 ἐκίνει,
1323 3712 1818 3784 προσρηγνυμένων

250 3802 360 3857 καθ’
393 3804 631 3876 ἑκάστην
659 3805 811 3858 πόλιν
837 3805 1148 3859 ἐπισκόπων
1177 3804 1514 3867 ἐπισκόποις,
1543 3803 1727 3873 δήμων
1759 3819 1819 3855 τε

251 3898 426 3968 δήμοις
449 3899 918 3969 ἐπανισταμένων,
968 3901 1060 3953 καὶ
1091 3899 1372 3970 μονονουχὶ
1413 3897 1820 3968 Συμπληγάδων

249 3989 350 4059 (28)
379 3991 830 4045 κατακοπτόντων
865 3991 1146 4062 ἀλλήλους,
1188 3990 1316 4044 ὥστ’
1344 3990 1444 4063 ήδη
1479 3989 1688 4062 φρενῶν
1727 3992 1821 4042 ἐκ-

252 4081 430 4134 στάσει
467 4083 595 4146 τοὺς
632 4085 1088 4156 ἀπεγνωσμένους
1131 4084 1364 4146 ἀνοσίοις
1396 4085 1685 4154 ἐγχειρεῖν,
1728 4081 1822 4136 καὶ¹

250 4175 360 4238 ταῖς
407 4173 674 4244 βασιλέως
715 4175 920 4246 τολμᾷν
965 4175 1268 4247 ἐνυϐρίζειν
1322 4174 1559 4228 εἰκόσιν·
1605 4176 1665 4227 οῦ
1715 4173 1822 4245 μὴν

251 4263 370 4318 ὥστ’
401 4268 484 4329 είς
515 4267 688 4339 ὀργήν
715 4265 947 4338 ἐγείρειν
976 4267 1068 4320 τὸν
1106 4266 1330 4338 βασιλέα
1366 4267 1584 4337 μᾶλλον,
1612 4267 1645 4337 ἢ
1687 4269 1824 4338 πρὸς

254 4357 401 4409 πόνον
441 4357 643 4429 ψυχῆς,
689 4355 1098 4429 ὑπεραλγοῦντα
1149 4357 1250 4427 τῆς
1290 4357 1396 4411 τῶν
1442 4357 1822 4428 φρενοϐλαϐῶν

251 4447 520 4511 ἀπονοίας.

783 4624 1177 4676 ΚΕΦΑΛΑῙΟΝ
1203 4625 1279 4677 E'.

490 4715 628 4784 Περὶ
655 4713 761 4783 τῆς
781 4715 878 4770 διὰ
911 4715 975 4769 τὸ
997 4714 1212 4786 Πάσχα
1234 4717 1538 4785 διχονοίας

313 4809 640 4881 Προῦπῆρχε
679 4809 722 4861 δ’
753 4807 860 4879 ἄρα
903 4809 996 4862 καὶ
1030 4808 1164 4878 άλλη
1204 4827 1289 4872 τις
1333 4807 1534 4861 τούτων
1580 4807 1817 4880 προτέρα

255 4900 397 4963 νόσος
447 4899 834 4972 ἀργαλεωτάτη
883 4900 946 4951 ἐκ
990 4898 1202 4969 μακροῦ
1245 4898 1588 4968 διενοχλοῦσα
1615 4897 1745 4967 (‘29),
1781 4899 1814 4967 ἡ

255 4990 344 5061 τῆς
375 4989 637 5060 σωτηρίου
661 4989 852 5060 ἐορτῆς
875 4989 1168 5058 διαφωνίαο
1194 4988 1303 5041 τῶν
1330 4989 1426 5058 μὲν
1455 4987 1678 5039 ἕπεσθαι
1709 4987 1818 5039 δεῖν

255 5084 315 5150 τῇ
347 5082 612 5134 Ἰουδαίων
641 5080 894 5151 συνηθείᾳ
921 5081 1256 5150 φασκόντων,
1283 5079 1390 5132 τῶν
1419 5080 1496 5142 δὲ,
1525 5080 1818 5150 προσήκειν

259 5173 354 5244 τήν
380 5174 576 5245 ἀκριϐῆ
624 5172 716 5226 τοῦ
751 5171 942 5244 καιροῦ
989 5171 1426 5244 παραφυλάττειν
1467 5169 1635 5241 ῶραν,
1687 5169 1818 5239 μηδέ

321 5440 430 5512 (27)
458 5438 566 5495 Καὶ
594 5438 659 5512 τὸ
693 5438 958 5512 Θηϐαίων
987 5438 1173 5512 τευ-καί
1198 5436 1816 5512 ᾼίγυπτίωνοχιμᾳμα-

258 5506 423 5562 τικὸνί
472 5511 674 5564 κακόν.
746 5508 994 5562 Schisma
1059 5507 1470 5562 Meletianorum
1539 5506 1810 5574 intelligit.

259 5579 514 5650 JEgyptus
543 5582 684 5633 enim
716 5589 842 5650 tunc
878 5579 1135 5650 temporis
1177 5577 1603 5650 du_pl_ici__niorbo
1651 5575 1803 5629 labo-

259 5647 432 5712 rabat,
458 5652 650 5704 Ariana
689 5649 898 5702 scilicet
925 5649 1113 5702 haeresi
1143 5659 1196 5700 et
1217 5647 1410 5700 Meletii
1443 5648 1752 5700 schismate.

325 5720 436 5790 (9.8)
464 5719 638 5792 Vulg.,
663 5717 1080 5789 Συμπληγάσι.
1114 5716 1291 5773 Codex
1316 5715 1447 5772 Fuk.
1483 5717 1642 5772 habet
1663 5715 1802 5787 Eup-

1921 1883 2194 1939 occultum
2232 1885 2452 1938 humani
2490 1887 2709 1954 generis
2737 1887 2976 1950 hostem,
3031 1899 3190 1952 quem
3235 1883 3492 1940 salutaris

1924 1975 2066 2028 illius
2095 1976 2278 2046 tropaei
2316 1978 2458 2044 quod
2493 1977 2656 2046 capiti
2685 1976 2857 2046 ipsius
2897 1974 3299 2045 superpositum
3347 1984 3489 2039 erat,

1922 2067 1972 2121 vi
2013 2079 2075 2121 ac
2101 2069 2340 2136 potentia
2389 2069 2443 2122 in
2495 2069 2646 2122 exitii
2703 2069 3022 2123 barathrum
3058 2068 3336 2122 detrusum
3367 2081 3491 2121 esse

1921 2157 2287 2226 signiﬁcabat.
2315 2158 2492 2227 Atque
2531 2159 2634 2213 hoc
2663 2155 2884 2226 quidem
2931 2159 3108 2226 imago
3140 2157 3305 2211 variis
3339 2157 3491 2212 colo-

1923 2248 2073 2304 ribus
2105 2249 2336 2318 depiCIa,
2390 2251 2550 2304 tacite
2593 2249 2889 2307 indicabat.
2920 2249 3048 2303 Mihi
3073 2263 3204 2303 vero
3233 2249 3487 2302 eximiam

1921 2341 2266 2410 imperatoris
2295 2341 2706 2412 intelligentiam
2759 2342 2946 2396 mirari
2970 2342 3135 2407 subit,
3183 2343 3276 2411 qui
3304 2341 3490 2396 divino

1920 2432 2154 2500 quodam
2185 2431 2367 2486 aﬂlatu
2422 2432 2707 2502 impulsus,
2737 2447 2799 2486 ea
2842 2433 3111 2502 pingendo
3171 2433 3488 2501 expressit,

1919 2537 2038 2592 quae
2067 2524 2455 2593 prophetarum
2480 2526 2705 2580 vocibus
2731 2525 2794 2579 de
2815 2519 2979 2597 485
3004 2525 3173 2580 bestia
3197 2522 3286 2579 illa
3318 2525 3490 2578 multo

1920 2623 2044 2668 ante
2075 2615 2333 2683 praedicta
2387 2615 2645 2671 fuerant:
2705 2613 2869 2671 Deum
2899 2619 3109 2673 scilicet
3157 2619 3484 2674 machaeram

1921 2704 2192 2774 ingentem
2228 2715 2282 2760 et
2318 2706 2614 2760 terribilem
2650 2707 2970 2762 adacturum
3021 2721 3141 2763 esse
3193 2710 3244 2762 in
3299 2711 3489 2763 draco-

1920 2810 2040 2850 nem
2089 2806 2508 2866 serpentemque
2557 2796 2892 2868 fugientem,
2947 2808 2998 2853 et
3025 2799 3335 2853 occisurum
3366 2812 3488 2853 esse

1919 2887 2214 2941 draconem
2262 2889 2352 2958 qui
2383 2897 2468 2941 est
2511 2888 2563 2942 in
2621 2891 2781 2944 tnari.
2826 2889 3026 2944 Horum
3062 2890 3229 2959 igitur
3261 2891 3486 2961 figuram

1919 2981 2192 3049 expressit
2245 2979 2586 3051 imperator,
2631 2996 2744 3036 rem
2801 2981 2970 3051 ipsam
3020 2983 3230 3051 pictura
3264 2997 3487 3054 prorsus

1921 3071 2178 3126 imitatus.

2517 3161 2749 3218 CAPUT
2789 3161 2880 3218 ιγ.

1919 3252 2125 3308 Rursus
2159 3254 2222 3308 de
2245 3255 2609 3308 controversiis
2630 3254 2683 3308 in
2708 3254 2942 3324 zEgypto
2974 3257 3218 3310 excitatis
3248 3258 3311 3310 ab
3337 3258 3488 3312 Ario.

1989 3346 2056 3400 Et
2085 3348 2199 3402 haec
2220 3348 2436 3416 quidem
2461 3347 2550 3400 ille
2584 3346 2770 3400 libenti
2805 3348 2987 3402 animo
3021 3349 3357 3418 perﬁciebat.
3383 3350 3477 3404 Ve.

1919 3453 2041 3492 rum
2074 3438 2213 3492 livor
2236 3439 2448 3492 invidia:
2487 3440 2577 3508 qui
2605 3439 2869 3492 ecclesias
2898 3438 2992 3493 Dei
3026 3439 3078 3493 in
3098 3441 3230 3494 urbe
3252 3439 3485 3494 Alexan~

1920 3532 2036 3586 dria
2082 3532 2365 3586 etiamtum
2407 3532 2790 3595 conturbabat,
2842 3542 2896 3585 et
2928 3530 3282 3586 Thebaeorum
3329 3541 3491 3600 atquo

1919 3617 2301 3689 IEgyptiorum
2356 3619 2619 3688 pestilens
2676 3619 2941 3686 schisma,
2979 3636 3084 3674 non
3140 3621 3489 3676 mediocriter

1921 3713 2158 3765 animum
2188 3711 2356 3781 ipsius
2386 3711 2658 3780 angebant
2685 3730 2700 3764 :
2745 3712 2944 3779 quippe
2975 3727 3097 3765 cum
3132 3727 3227 3780 per
3250 3713 3490 3784 singulas

1923 3805 2085 3857 urbes
2119 3802 2357 3870 episcopi
2390 3801 2652 3855 adversus
2683 3800 2970 3870 episcopos
2999 3803 3440 3857 conﬂictarentur
3471 3822 3485 3866 ;

1921 3904 1976 3948 et
1999 3893 2178 3962 populi
2210 3893 2471 3948 adversus
2505 3891 2732 3960 populos
2770 3892 3158 3961 insurgerent,
3187 3909 3250 3948 ac
3285 3895 3489 3948 mutuis

1923 4001 1982 4040 se
2011 3985 2323 4041 vulneribus
2357 3985 2530 4040 instar
2560 3983 2974 4055 Symplegadum
3009 3984 3182 4040 collisi
3240 3986 3494 4040 concide-

1923 4084 2080 4139 rent,
2110 4077 2245 4130 adeo
2268 4084 2327 4129 ut
2358 4073 2544 4130 furore
2575 4075 2788 4128 tandem
2826 4089 2890 4127 ac
2930 4074 3310 4144 desperatione
3336 4077 3440 4129 acti
3471 4114 3488 4139 ,

1922 4167 2084 4237 impia
2107 4168 2351 4236 quaedam
2370 4168 2678 4231 admittere,
2710 4167 2962 4235 ipsasque
2984 4166 3326 4236 imperatoris
3355 4167 3492 4221 ima—

1922 4259 2076 4329 gines
2107 4259 2310 4313 violare
2340 4260 2456 4313 ausi
2483 4259 2610 4313 sint.
2643 4257 2839 4313 Verum
2875 4258 2988 4314 haec
3022 4275 3125 4312 non
3154 4269 3260 4313 tam
3293 4259 3358 4313 ad
3387 4259 3490 4311 ira-

1925 4350 2179 4404 cundiam
2205 4351 2505 4419 principem
2541 4350 2810 4415 excitare,
2862 4365 3022 4418 quam
3061 4349 3318 4404 maestitia
3370 4350 3489 4402 ani-

1849 4464 1895 4519 D
1927 4457 2070 4494 mum
2097 4442 2217 4511 ejus
2247 4439 2462 4496 allicere
2495 4450 2829 4510 potuerunt;
2861 4442 3058 4510 quippe
3109 4441 3198 4509 qui
3241 4441 3487 4510 perdito-

1923 4548 2039 4585 rum
2068 4533 2341 4588 hominum
2376 4533 2671 4587 amentiam
2706 4547 3032 4601 magnopere
3057 4532 3384 4600 deploraret.

2546 4621 2774 4678 CAPUT
2818 4623 2879 4677 γ.

2203 4715 2277 4768 De
2305 4713 2630 4768 dissensione
2667 4713 2726 4765 ob
2757 4713 2944 4775 festum
2972 4710 3212 4766 Paw/ue.

1993 4807 2145 4860 Alius
2177 4820 2389 4873 quoque
2415 4805 2499 4858 his
2522 4803 2797 4870 antiquior
2826 4801 3050 4856 suberat
3081 4804 3300 4856 morbus
3331 4803 3489 4872 longe

1924 4899 2295 4969 gravissimus,
2329 4895 2419 4964 qui
2443 4894 2715 4950 Ecclesias
2769 4893 3099 4961 jampridem
3150 4892 3487 4956 infestabat;

1927 4989 2194 5043 dissensio
2220 4987 2437 5040 scilicet
2465 4986 2531 5039 de
2558 4984 2782 5038 salutari
2816 4985 2975 5040 festo.
3013 4984 3220 5052 Quippe
3255 4982 3341 5035 alii
3370 4997 3494 5036 con-

1927 5079 2266 5133 suetudinem
2305 5076 2613 5131 Iudaeorum
2664 5078 2815 5144 sequi
2847 5085 3099 5145 oportere
3129 5074 3446 5129 asserebant
3473 5091 3486 5126 :

1925 5169 2012 5224 alii
2047 5180 2254 5238 tempus
2287 5168 2461 5236 ipsum
2494 5177 2748 5221 accurate
2797 5166 3195 5221 observandum
3226 5179 3347 5219 esse
3380 5164 3492 5217 aie-

1927 5434 2236 5505 πληγάδων,
2262 5435 2531 5502 quomodo
2564 5433 2728 5488 etiam
2763 5431 3049 5488 Turnebus
3095 5434 3161 5487 ad
3206 5447 3354 5487 oram
3407 5430 3490 5484 sui

1926 5508 2133 5559 codicis
2167 5508 2499 5558 einendarat.

1987 5578 2097 5642 ('29)
2166 5575 2260 5627 Ἐκ
2305 5573 2538 5643 μακροῦ
2606 5572 3026 5642 διενοχλοῦσα.
3095 5571 3314 5643 Rectius
3368 5585 3490 5626 meo

1913 5649 2130 5767 qiridem
2221 5646 2429 5715 judicio
2498 5645 2770 5716 legeretur
2823 5645 2888 5698 ἐκ
2955 5642 3168 5714 μακροῦ
3230 5642 3296 5713 δὴ
3365 5643 3485 5698 ἐνυ-

1913 5733 1942 5767 γ
1979 5732 2135 5767 ουσα.

1911 5732 2038 5786 χΑου
2047 5732 2135 5771 σα.
