3882 6262
453 327 592 384 1053

1198 325 1469 382 EUSEBII
1506 323 1982 381 CAESABIENSIS
2019 325 2167 380 OPP.
2211 325 2390 380 PARS
2424 324 2466 382 Ι.
2505 355 2573 365 —-
2611 326 2997 385 HISTORICA.

3560 337 3687 391 1060

451 449 604 511 bant,
641 457 743 499 nec
771 440 1077 497 errantibus
1103 440 1528 502 assentiendum,
1564 440 1654 508 qui
1688 440 1757 494 ab
1781 454 1969 507 evangt

2080 491 2093 504 _
2115 438 2486 510 πλανωμένοις
2520 441 2747 497 ἕπεσθαι
2767 446 2879 508 τοῖς
2900 447 2997 516 τῆς
3022 447 3151 515 εὐαγ
3168 447 3385 518 (ελικῆς
3401 447 3684 521 ἀλλοτρίοις

449 537 551 590 lica
582 535 757 606 gratia
788 533 892 587 hac
929 531 1093 584 etiam
1122 531 1174 584 in
1206 540 1362 599 parte
1389 529 1549 584 alieni
1590 538 1791 583 essent.
1826 528 2013 598 Itaque

450 641 573 680 cum
603 636 790 679 omnes
828 621 1027 690 ubique
1050 619 1227 689 pepuli
1257 617 1575 685 jamdudum
1631 618 1771 672 inter
1809 633 1866 673 se
1900 619 2012 672 dis-

448 719 713 779 siderent,
742 723 797 768 et
828 713 972 767 sacri
1001 711 1281 779 religionis
1322 719 1522 765 nostra:
1546 710 1683 765 ritus
1713 709 2008 763 conturba-

451 822 635 864 rentur
665 805 884 878 (quippe
908 803 960 857 in
994 818 1101 857 uno
1135 803 1433 871 eodemque
1464 799 1602 855 festo
1630 802 1890 869 temporis
1923 800 2010 856 di-

447 897 675 963 versitas
714 895 1006 950 maximum
1058 893 1346 949 discidium
1379 896 1520 948 inter
1574 892 1831 948 feriantes
1858 894 2010 950 exci-

446 991 617 1054 tabat,
634 987 829 1042 cumhi
854 985 1076 1055 jejuniis
1101 992 1153 1038 et
1175 984 1433 1038 aerumnis
1459 983 1668 1052 seipsos
1684 991 2005 1050 attererent,

448 1080 526 1134 illi
561 1078 674 1148 otio
707 1093 770 1133 ac
802 1077 1003 1131 laetitite
1033 1073 1753 1146 indulgerent),mortalium
1787 1074 2004 1142 quidem

441 1187 603 1228 nemo
631 1180 776 1236 erat,
809 1171 901 1240 qui
958 1170 1081 1224 huic
1110 1169 1251 1224 malo
1290 1168 1586 1223 remedium
1637 1178 1817 1237 posset
1852 1168 2007 1221 adhi-

440 1262 570 1317 bere
596 1306 610 1329 ,
637 1278 758 1318 cum
785 1263 1042 1329 utrinque
1062 1259 1206 1314 inter
1224 1259 1604 1313 dissentientes
1622 1258 1763 1312 velut
1794 1266 2002 1327 aequata

437 1354 593 1409 lance
675 1352 1039 1409 controversia
1094 1355 1369 1420 penderet.
1453 1350 1567 1405 Soli
1643 1349 2000 1417 omnipotenti

442 1447 548 1502 Deo
588 1445 842 1516 perfacile
866 1454 987 1501 erat
1039 1443 1160 1499 istis
1193 1444 1350 1498 malis
1389 1444 1617 1509 mederi;
1670 1455 1811 1498 unus
1837 1457 2000 1512 porro

437 1539 490 1592 in
525 1538 684 1593 terris
711 1536 958 1592 exstabat
992 1534 1399 1601 Constantinus,
1435 1532 1603 1605 486
1656 1535 1747 1602 qui
1783 1533 1848 1586 ad
1891 1524 2002 1586 hare

434 1633 572 1686 bona
594 1629 924 1699 perﬁcienda
961 1627 1190 1683 idoneus
1223 1626 1316 1681 Dei
1363 1627 1613 1680 minister
1635 1639 1756 1679 esse
1787 1625 1999 1681 videre-

436 1731 543 1776 tur.
579 1720 681 1790 Qui
705 1731 1054 1791 posteaquam
1100 1721 1215 1774 haec
1240 1733 1359 1788 quae
1388 1719 1545 1772 modo
1579 1717 1686 1771 dixi
1719 1715 1995 1772 auditione

2118 527 2354 596 χάριτος.
2386 529 2505 583 Κάν
2533 531 2705 602 τούτῳ
2728 534 3012 605 τοιγαροῦν
3038 535 3151 604 (50,
3186 540 3420 608 μακροῖς
3451 538 3550 609 ήδη
3575 544 3685 613 χρό-

2114 635 2222 681 νοις
2252 618 2359 672 τῶν
2389 621 2700 694 ἁπανταχοῦ
2730 623 2873 679 λαῶν
2913 626 3360 699 διενηνεγμένων,
3392 630 3605 702 Θεσμῶν
3630 651 3683 688 τε

2113 707 2273 762 θείων
2315 714 2708 790 συγχεομένων,
2739 715 2815 780 ὡς
2844 717 2936 770 ἐπὶ
2972 720 3100 789 μιᾶς
3139 719 3355 792 καὶτῆς
3381 722 3552 794 αὐτῆς
3572 725 3682 795 ὲορο

2109 797 2210 868 τῆς
2233 798 2329 870 τὴν
2369 800 2464 854 τοῦ
2493 804 2683 875 καιροῦ
2727 809 3082 882 παρατροπὴν
3121 812 3385 885 μεγίστην
3414 813 3683 870 διάστασιν

2109 891 2354 961 ἐμποιεῖν
2372 897 2484 958 τοῖς
2502 895 2600 967 τὴν
2626 898 2820 971 ἑορτὴν
2839 899 3052 970 ἄγουσι,
3076 903 3184 957 τῶν
3214 907 3312 975 μὲν
3340 908 3576 973 ἀσιτίαις
3597 911 3682 964 καὶ

2108 986 2499 1053 κακοπαθείαις
2540 991 2970 1064 ὲνασκουμένων,
3012 997 3121 1051 τῶν
3144 998 3189 1050 δ’
3222 999 3407 1054 ἀνέσει
3432 999 3533 1073 τὴν
3565 1018 3679 1074 σχο-

2107 1074 2204 1146 λὴν
2241 1077 2617 1144 ἀνατιθέντων,
2651 1083 2825 1148 οὐδεὶς
2858 1079 2965 1151 οἶός
2999 1103 3059 1140 τε
3090 1083 3158 1160 ἦν
3192 1089 3493 1162 ἀνθρώπων
3530 1091 3679 1164 θερα-

2108 1168 2262 1221 πείαν
2281 1169 2543 1240 εὕρασθαι
2571 1172 2664 1226 τοῦ
2692 1174 2881 1241 κακοῦ,
2914 1177 3215 1233 ίσοστασίου
3248 1181 3348 1252 τῆς
3373 1182 3553 1254 ἔριδος
3576 1183 3677 1253 (Si)

2103 1264 2216 1325 τοῖς
2243 1262 2522 1318 διεστῶσιν
2547 1266 2898 1341 ὑπαρχούσης
2916 1287 2930 1300 ·
2975 1268 3122 1344 μόνῳ
3163 1272 3208 1326 δ’
3236 1273 3344 1345 ἄρα
3371 1275 3451 1346 τῷ
3492 1294 3676 1331 παντο-

2102 1348 2324 1423 δυνάμῳ
2355 1353 2475 1425 Θεῷ
2516 1357 2610 1409 καὶ
2656 1357 2809 1412 ταῦτ’
2840 1360 3020 1415 ἰᾶσθαι
3052 1361 3232 1433 ῥᾴδιον
3261 1359 3352 1435 ἦν,
3375 1366 3597 1433 ἀγαθῶν
3631 1370 3672 1421 δ’

2102 1438 2380 1512 ὑπηρέτης
2404 1443 2553 1516 αύτῷ
2587 1446 2745 1516 μόνος
2775 1448 2882 1502 τῶν
2911 1450 3002 1503 ἐπὶ
3025 1452 3127 1522 γῆς
3143 1454 3500 1523 κατεφαίνετο
3522 1458 3669 1511 Κων-

2100 1534 2373 1597 σταντῖνος
2395 1551 2410 1565 ο
2449 1535 2509 1600 ὃς
2563 1538 2748 1610 ἐπειδὴ
2796 1541 2893 1612 τὴν
2944 1543 3053 1597 τῶν
3130 1545 3431 1615 λεχθέντων
3482 1548 3668 1617 διέγνω

2098 1624 2284 1695 ἀκοὴν,
2315 1627 2376 1680 τό
2422 1643 2482 1681 τε
2527 1633 2915 1702 καταπεμφθὲν
2951 1634 3100 1707 αὐτῷ
3131 1639 3364 1709 γράμμα
3396 1642 3508 1704 τοῖς
3534 1643 3665 1695 κατά

2096 1715 2195 1786 τὴν
2230 1716 2633 1791 Ἀλεξάνδρειαν
2679 1723 2957 1796 ἄπρακτον
2991 1727 3156 1799 ἑώρα,
3190 1729 3310 1783 τότε
3353 1731 3514 1797 αὐτὸς
3542 1733 3663 1787 ἑαυ-

431 1813 660 1881 accepit,
693 1822 747 1868 et
773 1812 969 1866 litteris
996 1826 1132 1879 quas
1152 1810 1220 1865 ad
1245 1809 1648 1864 Alexandrinos
1672 1809 1892 1864 miserat
1918 1811 1968 1862 ni

2095 1807 2187 1862 τοῦ
2217 1809 2314 1881 τὴν
2350 1812 2587 1868 διάνοιαν
2620 1815 2970 1889 ἀνακινήσας,
3002 1819 3158 1874 ἀλλον
3185 1823 3394 1877 τουτονὶ
3423 1842 3663 1895 καταγω-

432 1901 507 1956 hil
549 1916 609 1955 se
660 1899 961 1970 profecisse
989 1901 1289 1970 cognovit,
1342 1899 1537 1954 mentis
1570 1915 1679 1954 sua:
1723 1898 1994 1954 solertiam

431 1992 547 2059 ipse
568 1992 812 2046 excitans
835 2033 850 2057 ,
893 2006 1090 2045 novum
1125 1989 1229 2045 sibi
1282 1989 1483 2045 bellum
1516 1989 1779 2045 adversus
1808 1990 1996 2044 invisi-

428 2082 589 2136 bilem
635 2083 844 2138 hostem
882 2081 1133 2136 Ecclesia:
1167 2089 1366 2137 statum
1398 2079 1832 2150 perturbantem,
1865 2096 1994 2136 con-

429 2175 716 2230 ﬁciendum
739 2188 860 2229 esse
889 2174 1047 2229 dixrt.

1028 2261 1254 2318 CAPUT
1286 2263 1373 2318 VI.

647 2353 920 2418 Quomodo
951 2355 1207 2423 synodum
1234 2350 1431 2406 Νἰειτω
1457 2351 1576 2421 ﬁeri
1597 2353 1777 2422 jussit.

495 2443 614 2499 Mox
642 2445 787 2499 velut
810 2443 1044 2498 divinam
1077 2443 1368 2512 quamdam
1388 2442 1710 2514 phalangem
1733 2443 1991 2498 adversus

426 2550 547 2588 eum
578 2536 871 2600 instruens,
896 2534 1204 2607 generalem
1231 2534 1490 2604 synodum
1516 2534 1865 2602 convocavit;
1901 2535 1992 2589 ho-

421 2627 536 2680 nori
545 2626 659 2681 ficis
682 2627 877 2682 litteris
897 2628 1179 2696 episcopos
1200 2627 1438 2696 undique
1463 2626 1718 2692 invitans,
1736 2613 1795 2681 ut
1818 2642 1989 2696 quan-

418 2717 593 2771 tocius
619 2717 897 2775 adessent.
927 2716 1035 2772 Nec
1061 2733 1191 2772 vero
1221 2718 1448 2788 simplex
1477 2730 1542 2773 ac
1571 2718 1711 2772 nuda
1738 2727 1855 2772 erat
1878 2716 1990 2784 jus-

416 2808 497 2861 sio
528 2823 544 2862 :
576 2807 669 2862 sed
721 2820 980 2878 praeterea
1021 2809 1250 2866 multum
1298 2810 1365 2863 ad
1422 2809 1525 2863 hoc
1570 2822 1707 2877 opus
1756 2808 1985 2863 contulit

414 2899 761 2968 imperatoris
784 2901 1117 2970 benignitas,
1147 2902 1240 2969 qui
1273 2901 1394 2954 aliis
1423 2900 1639 2968 quidem
1668 2913 1860 2953 cursus
1882 2914 1980 2968 pu-

414 2990 540 3045 blici
572 2991 781 3060 copiam
807 2992 1067 3062 praebuit,
1122 2991 1246 3046 aliis
1269 3006 1398 3046 vero
1425 2990 1796 3058 iumentorum
1824 3004 1978 3042 usum

2095 1900 2319 1955 νιεῖσθαι
2344 1903 2452 1959 δεῖν
2485 1904 2585 1977 ἔφη
2610 1907 2701 1960 τὸν
2727 1908 2864 1961 κατά
2894 1908 2988 1962 τοῦ
3018 1913 3377 1983 ταράττοντος
3400 1917 3497 1987 τὴν
3545 1917 3657 1971 Ἐκ-

2094 1990 2320 2079 κλησίαν
2348 1996 2586 2066 ἀφανοῦς
2617 1997 2810 2070 ἐχθροῦ
2843 1999 3094 2073 πόλεμον.

2616 2260 3010 2322 ΚΕΦΑΔΔΙΟΝ
3033 2271 3121 2337 ς’.

2094 2345 2282 2414 ὀπως
2313 2351 2578 2407 σύνοδον
2607 2353 2678 2408 ἐν
2710 2358 2923 2427 Νικαίᾳ
2950 2360 3226 2430 γενέσθαι
3267 2366 3645 2434 προσέταξεν.

2160 2434 2273 2494 Εἶθ’
2315 2440 2502 2515 ὥσπερ
2546 2446 2950 2518 ὲπιστρατεύων
2984 2454 3157 2524 αὐτῷ,
3206 2456 3343 2510 Θεοῦ
3401 2461 3648 2530 φάλαγγα

2091 2528 2304 2585 σύνοδον
2336 2536 2717 2612 οίκουμενικὴν
2748 2538 3080 2614 συνεκρότει,
3113 2548 3362 2602 σπεύδειν
3397 2552 3643 2608 ,ἁπαντα-

2087 2622 2241 2717 χόθεν
2266 2626 2392 2690 τοὺς
2416 2629 2750 2717 ἐπισκόπους
2775 2633 3066 2706 γράμμασι
3101 2646 3411 2711 τιμητικοῖς
3447 2663 3641 2717 προκα-

2086 2713 2365 2808 λούμενος.
2415 2720 2531 2773 Οὐκ
2560 2715 2628 2791 ἦν
2654 2721 2701 2775 θ’
2734 2725 2943 2780 ἁπλοῦν
2970 2727 3031 2782 τὸ
3059 2731 3361 2803 ἐπίταγμα,
3398 2713 3643 2808 συνηργει

2084 2802 2141 2898 δέ
2171 2807 2261 2860 καὶ
2287 2806 2423 2880 αὐτῇ
2450 2810 2644 2881 πράξει
2682 2813 2743 2868 τὸ
2771 2816 3033 2887 βασιλέως
3061 2822 3252 2894 νεῦμα,
3267 2802 3360 2889 οἷς
3382 2802 3640 2898 μὲν

2087 2894 2205 2995 σίαν
2224 2898 2482 2995 δημοσίου
2505 2906 2743 2995 παρέχον
2764 2907 2963 2987 δρόμου
2982 2912 3113 2985 (52),
3145 2911 3226 2981 οἷς
3256 2918 3314 2972 δὲ
3329 2894 3638 2995 νωτοφόρων

2082 2986 2385 3060 ὑπηρεσίας
2417 2994 2708 3063 ἀφθόνους·
2744 2986 2945 3073 ὥριστο
2997 3005 3054 3059 δὲ
3101 3010 3193 3062 καὶ
3245 3011 3395 3076 πόλις
3440 2986 3637 3085 ἐμπρέ-

412 3082 624 3135 abunde
646 3082 1095 3137 subministravit.
1115 3083 1252 3149 Quin
1272 3083 1437 3136 etiam
1457 3082 1613 3137 sedes
1628 3080 1752 3135 huic
1776 3080 1969 3150 synodo

2084 3095 2261 3135 πουσα
2289 3085 2354 3154 τῇ
2387 3087 2608 3157 συνόδῳ,
2633 3088 2790 3162 νίκης
2814 3094 3120 3167 ἐπώνυμος,
3149 3101 3291 3154 κατά
3314 3101 3374 3155 τὸ
3407 3080 3636 3160 Βιθυνῶν

415 3171 925 3226 convenientissima
956 3173 1224 3241 assignate
1249 3182 1352 3235 est,
1384 3174 1515 3227 urbs
1537 3186 1657 3241 qua:
1688 3187 1718 3225 a
1748 3172 1969 3226 victoria

2081 3170 2305 3267 ἔθνος,ή
2336 3139 2570 3267 δίκαια..
2601 3180 2686 3245 Ὡς
2721 3139 2814 3236 όῦν
2838 3139 3321 3263 ἐφοίτιῖτζανταχοῦ
3350 3198 3411 3248 τὸ

410 3279 606 3318 nomen
639 3263 802 3318 habet
832 3262 1033 3328 Nicaea,
1085 3264 1137 3317 in
1178 3262 1426 3334 Bithynia
1475 3263 1600 3318 sita.
1632 3261 1847 3317 Perlato
1876 3263 1977 3331 igi-

412 3365 497 3407 tur
526 3353 580 3407 in
611 3369 799 3408 omnes
833 3354 1143 3422 provincias
1174 3354 1519 3423 imperatoris
1544 3362 1835 3423 praecepto,
1864 3363 1972 3407 sta-

310 3458 327 3473 ‘
411 3446 505 3497 tim
532 3446 707 3499 cuncti
763 3445 912 3500 velut
940 3459 1004 3498 ex
1038 3454 1327 3500 transenna
1375 3445 1579 3510 emissi,
1611 3459 1819 3500 summa
1848 3458 1969 3498 Cum

407 3535 687 3590 alacritate
738 3536 1083 3590 advolarunt.
1135 3536 1423 3591 Alliciebat
1474 3536 1683 3591 scilicet
1723 3549 1820 3591 eos
1848 3551 1971 3606 spes

407 3624 691 3690 bonorum,
715 3634 768 3679 et
800 3626 1080 3695 praesentis
1107 3627 1251 3694 pacis
1279 3625 1692 3695 opportunitas;
1721 3626 1840 3679 novi
1875 3624 1967 3679 de-

404 3717 566 3785 nique
594 3718 864 3781 miraculi,
922 3719 1053 3772 tanti
1089 3718 1342 3771 nimirum
1381 3718 1970 3787 itnperatoris,specta-

399 3806 599 3861 culum.
632 3804 990 3876 Posteaquam
1022 3808 1076 3860 in
1109 3823 1273 3860 unum
1327 3821 1652 3875 convenere,
1705 3808 1796 3861 Dei
1829 3821 1965 3876 Opus

398 3912 519 3953 esse
546 3899 596 3952 id
622 3899 764 3969 quod
795 3900 1088 3970 gerebatur
1116 3899 1384 3969 apparuit.
1402 3897 1538 3954 Nam
1559 3901 1653 3970 qui
1673 3915 1782 3954 non
1804 3901 1963 3954 modo

396 3991 613 4058 animis,
644 4007 828 4046 verum
866 3994 1033 4048 etiam
1080 3994 1401 4064 corporibus
1441 4003 1495 4047 et
1557 3992 1869 4064 regionibus
1895 4008 1960 4046 ac

394 4081 525 4137 locis
558 4093 613 4138 et
644 4083 937 4153 provinciis
968 4083 1279 4153 longissime
1311 4084 1455 4137 inter
1479 4097 1537 4137 se
1566 4083 1740 4137 dissiti
1774 4092 1953 4147 erant,

2081 3261 2277 3332 γελμα,
2312 3262 2398 3318 οἷά
2429 3283 2573 3332 τινος
2620 3272 2729 3325 ἀπὸ
2769 3273 2971 3347 νύσσης
3006 3280 3053 3331 οί
3098 3261 3296 3346 πάντες
3346 3261 3527 3341 ἔθεον’
3548 3261 3633 3342 σῦν

2079 3351 2357 3450 προθυμία
2385 3357 2530 3450 πάσῃ
2557 3376 2569 3389 ·
2603 3356 2750 3416 εἷλκε
2781 3365 2889 3437 γὰρ
2927 3369 3123 3435 αὐτοὺς
3149 3372 3371 3440 ἀγαθῶν
3399 3377 3568 3442 ἐλπὶς,
3600 3382 3628 3450 ἧ

2075 3444 2261 3542 ⁸τεητῆς
2290 3448 2512 3542 εἰρήνης
2534 3456 2815 3542 μετουσία,
2846 3459 2939 3513 τοῦ
2971 3478 3029 3513 τε
3059 3461 3207 3528 ξένου
3233 3444 3629 3542 θαύματος,

2073 3532 2469 3629 τοῦωτοσούτου
2521 3541 2784 3611 βασιλέως
2828 3547 3076 3624 ὅψεως,ή
3127 3553 3244 3609 θέα.
3284 3532 3626 3629 metam-53

2075 3623 2329 3720 συνιῖιλθον
2364 3631 2413 3682 oi
2445 3635 2663 3698 πάντες,
2699 3636 2857 3709 ἔργον
2886 3640 2984 3712 ἤδη
3010 3623 3150 3698 Θεοῦ
3175 3645 3234 3699 τὸ
3273 3623 3623 3720 πραττόμενον

2075 3714 2378 3807 έθεωρεῖτο.
2450 3724 2511 3776 Οἱ
2558 3725 2666 3797 γὰρ
2723 3729 2796 3799 μὴ
2853 3730 3012 3800 μόνον
3067 3734 3285 3807 ψυχαῖς,
3315 3714 3328 3719 ν
3358 3714 3495 3793 ἀλλά
3540 3746 3621 3796 καὶ

2073 3806 2285 3904 editum.
2314 3812 2404 3865 καὶ
2417 3814 2644 3904 χώραις,
2668 3820 2761 3872 καὶ
2780 3820 2965 3886 τόποις
2991 3826 3083 3878 καὶ
3108 3806 3283 3882 ἔθνεσι
3300 3833 3621 3904 ποῤῥωτάτω

2067 3896 2350 3966 διεστῶτες
2387 3903 2648 3976 ἀλλήλων,
2677 3910 2811 3980 ὁμοῦ
2860 3917 3180 3985 συνήγοντω
3218 3921 3312 3974 καὶ
3363 3896 3462 3993 μία
3506 3927 3617 3987 τοὺς

2066 3992 2271 4089 πάντας
2298 3995 2586 4089 ὑπεδέχετο
2612 4002 2785 4065 πόλις,
2816 3999 2925 4059 οἷόν
2966 4024 3085 4061 τινα
3137 3992 3394 4080 μέγιστον
3444 4018 3614 4089 ἱερέων

2065 4081 2343 4151 στέφανον,
2369 4085 2427 4152 ἐξ
2451 4087 2666 4159 ὡραίων
2687 4090 2891 4147 ἀνθέων
2912 4100 3470 4171 καταπεποικιλμένον

395 4188 522 4231 tunc
550 4175 604 4228 in
635 4190 798 4228 unum
826 4178 1158 4247 congregati,
1188 4181 1549 4232 cernebantur
1577 4184 1670 4229 :et
1692 4174 1841 4228 velut
1887 4173 2173 4227 maximam
2219 4177 2508 4243 quamdam
2538 4184 2885 4238 sacerdotum
2949 4201 3204 4242 coronam
3261 4206 3325 4246 ex
3383 4195 3611 4263 pulther-

390 4268 543 4323 rimis
568 4267 789 4324 ﬂoribus
817 4280 1125 4325 contextam
1158 4311 1172 4334 ,
1214 4287 1316 4324 una
1346 4279 1575 4326 cunctos
1623 4269 1818 4323 civitas
1856 4267 2127 4337 capiebat.

981 4362 1205 4420 CAPUT
1246 4364 1354 4421 Vll.

387 4451 464 4509 De
491 4454 771 4509 universali
798 4454 1037 4520 concilio,
1060 4456 1127 4508 ad
1149 4456 1286 4523 quod
1302 4470 1366 4508 ea;
1384 4455 1624 4509 omnibus
1658 4451 1947 4522 provinciis

853 4534 1203 4579 convenerunt
1235 4527 1484 4594 episcOpi.

455 4613 664 4668 Etenim
689 4629 754 4670 ex
783 4615 1038 4670 omnibus
1060 4612 1312 4671 Ecclesiis
1351 4631 1470 4685 qua:
1497 4614 1804 4668 universam
1837 4611 1944 4665 Eu-

382 4718 590 4772 ropam,
639 4704 877 4759 Africam
906 4714 1069 4774 atque
1100 4708 1287 4762 Asiam
1342 4706 1696 4780 impleverant
1724 4746 1739 4770 ,
1775 4705 1811 4759 ii
1841 4703 1933 4772 qui

2602 4370 2993 4427 ΚΕΦΑΛᾹΙΟΝ
3026 4378 3097 4429 Z'.

2054 4455 2193 4522 Περὶ
2223 4457 2641 4536 οἱκουέιενιέιιῆς
2693 4465 2988 4536 σιζνόδου,
3027 4470 3116 4533 εἰς
3170 4468 3251 4536 ἣν
3279 4472 3349 4525 ἐκ
3388 4476 3610 4529 πάντων

2392 4529 2584 4584 ἐθνῶν
2619 4533 2902 4600 παρῆσαν
2930 4529 3266 4592 ἐπίσκοποι.

2119 4615 2239 4669 Τῶν
2282 4619 2412 4687 γοῦν
2430 4623 2762 4693 Ἐκκλησιῶν
2814 4627 3061 4691 ἀπασῶν,
3091 4630 3146 4682 αἳ
3195 4632 3294 4702 τὴν
3350 4636 3612 4708 Εὐρώπην

2042 4703 2259 4762 ἃπασαν
2279 4750 2293 4774 ,
2329 4711 2533 4782 Λιϐύην
2562 4730 2621 4793 τε
2655 4716 2748 4769 καὶ
2777 4716 2872 4786 τὴν
2909 4717 3091 4771 Ἀσίαν
3138 4703 3452 4793 ἐπλήρουν,
3484 4703 3609 4797 ὁμοῦ

450 4816 560 4888 (⁵ο)
732 4819 920 4885 τούτῳ
949 4819 1283 4902 τοιγαροῦγς.
1327 4819 1425 4902 llic
1452 4821 1612 4901 locus
1641 4833 1807 4902 prava
1863 4817 1943 4897 i_n-

2080 4821 2198 4891 ριδα
2233 4830 2337 4879 hoc
2365 4824 2485 4902 loco
2518 4827 2654 4902 dixit
2681 4828 2966 4895 Eusebius,
2990 4832 3042 4885 id
3065 4842 3167 4895 est,
3209 4838 3429 4902 paribus
3457 4840 3609 4892 utriu-

379 4891 757 4958 terpunctione
788 4887 1070 4958 corruptus
1096 4900 1203 4942 est.
1232 4893 1423 4944 Scribo
1451 4892 1618 4958 igitur
1650 4909 1663 4942 :
1698 4891 1811 4950 τοῖς
1829 4887 1929 4957 τῆς

373 4957 1310 5031 εὐαγγελικῇς-ἀλλοτρίοιςλχάριτος
1341 4962 1442 5013 κὰν
1468 4957 1661 5031 τούτῳ,
1697 4971 1803 5013 etc.
1840 4961 1930 5031 Att

371 5025 639 5082 Eusebius
664 5025 872 5082 Iudaeos
903 5025 1012 5081 tum
1062 5025 1123 5082 m‘
1151 5025 1270 5084 aliis
1329 5034 1485 5086 rebus
1526 5025 1624 5084 ab’
1652 5030 1925 5097 Evangelii

372 5097 541 5168 gratia
569 5098 773 5168 alienos
806 5112 944 5160 esse,
976 5108 1087 5151 tum
1118 5100 1168 5151 in
1226 5101 1327 5154 hac
1385 5102 1725 5168 potissimum
1783 5100 1927 5168 quod

371 5164 575 5219 Pascha
599 5182 666 5220 ex
696 5165 929 5221 Mosaica
975 5172 1365 5225 consuetudine
1385 5164 1594 5223 'adhuc
1625 5164 1922 5231 celebrent,

371 5250 474 5289 non
510 5236 663 5303 juxta
717 5236 986 5306 Evangelii
1039 5241 1342 5293 veritatem.
1397 5240 1693 5294 Conﬁrmat
1743 5248 1920 5292 autem

368 5307 795 5378 emendationem
829 5318 1065 5378 nostram
1096 5308 1481 5378 Constantinus
1512 5310 1562 5362 in
1594 5308 1816 5378 epistola
1855 5309 1921 5361 ad

367 5373 659 5443 Ecclegsias,
676 5375 828 5443 cujus
850 5377 1005 5429 verba
1023 5377 1327 5430 referuntur
1345 5379 1478 5430 infra
1505 5381 1556 5430 in
1576 5373 1664 5432 ολ
1678 5382 1706 5432 7
1726 5398 1740 5433 ;
1760 5379 1923 5430 Ἑκεῖ-

362 5442 462 5562 ge!
483 5440 573 5497 οὖν
600 5440 773 5499 τοίνυν
793 5447 893 5499 κάν
918 5445 1091 5516 τούτῳ
1119 5445 1196 5516 τῷ
1224 5446 1376 5518 μέρει
1405 5449 1503 5519 τὴν
1532 5448 1782 5520 ἀλήθειαν
1807 5449 1918 5518 οὐχ’

396 5530 577 5562 οωσιν.

429 5530 577 5567 ωσιν.

394 5530 954 5663 ρυὲῆιῖξσοστασίου
997 5584 1106 5663 τῆς
1147 5586 1361 5663 ἔριδος.
1406 5586 1578 5642 Graeci
1621 5590 1918 5643 ἰσοστάσιον

365 5652 543 5722 μάχην
577 5655 779 5720 dicunt,
810 5655 1020 5723 quoties
1048 5659 1116 5707 ita
1147 5652 1445 5725 pugnatum
1480 5667 1582 5723 est,
1626 5670 1681 5710 ut
1727 5675 1917 5713 neutra

362 5737 486 5788 pars
526 5724 801 5776 victoriam
845 5725 1106 5793 retulerit.
1149 5724 1349 5780 Eodem
1401 5741 1559 5782 sensu
1617 5730 1917 5785 ἰσοστάσιον

2042 4908 2139 4972 gite
2186 4896 2456 4972 momentis
2510 4897 2756 4972 libratam
2811 4896 3240 4957 controversiam.
3299 4905 3418 4958 Non
3472 4921 3609 4962 recte

2041 4965 2206 5029 igitur
2266 4965 2797 5034 CIII‘iSlOpIIOl‘SOIIUS
2884 4973 2954 5023 ita
3024 4973 3188 5027 vertit
3234 4992 3249 5028 :
3302 4973 3603 5030 Praesertim

2037 5039 2561 5117 cumfontroversia
2620 5040 2984 5095 dissidentium
3059 5044 3265 5097 animos
3328 5062 3397 5099 ea:
3467 5064 3605 5117 a'quo

2034 5114 2367 5169 exagtMreL.

2103 5173 2215 5251 (52)
2247 5176 2613 5251 Amtoo'lov...
2639 5177 2879 5251 δρόμου.
2906 5177 3095 5251 Mirum
3126 5194 3210 5236 est
3248 5184 3397 5251 quod
3436 5182 3604 5238 Euse-

2030 5240 2150 5294 biUs
2192 5240 2472 5322 Ιιοςίοοο
2520 5247 2588 5300 τὰ
2636 5240 2932 5322 μνωτοφόρα
2983 5240 3278 5322 distinguit‘
3309 5268 3340 5306 a
3393 5255 3604 5322 publico

2029 5326 2227 5387 cursu.
2268 5313 2373 5368 Sed
2419 5318 2728 5387 responderi
2761 5313 2958 5385 potest,
3012 5313 3330 5387 Eusebium,
3390 5313 3601 5378 nomine

2031 5382 2231 5461 publici
2261 5399 2457 5461 cursus
2484 5382 2812 5461 in_telle_i_tisse
2838 5391 3101 5444 vehicula.
3125 5382 3412 5461 Atque'ita
3438 5409 3592 5448 acce-

2029 5454 2109 5533 pit
2152 5452 2491 5533 Nicephorus
2526 5457 2589 5533 in
2643 5457 2735 5533 lib.
2792 5471 2909 5533 V_ll_l,
2950 5473 3077 5533 cap.
3119 5452 3391 5515 “(Aliis
3439 5464 3594 5533 igitur

2027 5524 2296 5591 episcopis
2321 5525 2578 5599 vehicula
2606 5528 2833 5599 praeberi
2857 5524 3588 5599 jussit'Constantinusfaliis

2026 5607 2196 5717 equlos
2248 5595 2492 5674 publicos
2545 5598 2743 5664 quibus
2808 5601 3133 5655 veherentur
3181 5603 3247 5657 ad
3308 5595 3584 5658 conciliatu

2026 5680 2120 5717 nro
2148 5675 2343 5717 ecturt.

2024 5675 2343 5730 prolCClurt.
