3882 6262
190 278 335 336 1685

1250 282 1339 338 DE
1380 282 1538 338 VITA
1579 282 2044 339 CONSTANTINI
2086 285 2210 335 LIB.
2254 286 2343 336 IIl.

3312 294 3450 349 1056

183 391 432 461 βασιλέα.
486 393 743 464 Ἡγοῦντο
782 397 836 450 δέ
883 398 975 452 καὶ
1015 399 1162 453 ἄλλοι
1189 439 1203 463 ,
1247 401 1309 454 οὐ
1358 401 1469 454 τῶν
1520 400 1749 471 συνηθῶε

1874 401 2138 456 cedebant
2176 412 2392 468 quoque
2437 398 2564 461 alii,
2618 414 2726 454 non
2768 411 2827 454 ut
2862 403 3030 457 moris
3068 414 3153 457 est
3192 420 3259 458 ex
3304 413 3450 460 mili-

176 483 421 537 ὁπλιτῶν
458 501 516 538 τε
567 488 659 540 καὶ
691 489 1037 561 δορυφόρων,
1077 491 1254 562 μόνων
1298 491 1354 545 δὲ
1401 492 1512 547 τῶν
1555 493 1764 548 πιστῶν

180 574 375 643 φίλων.
405 576 629 631 Πάντων
648 579 696 632 δ’
721 579 1131 646 ἐξαναστάντων
1159 585 1252 638 ἐπὶ
1280 587 1582 659 συνθήματι
1609 589 1638 642 ὃ
1666 589 1767 660 τὴν

182 663 453 736 βασιλέοις
502 668 704 723 εἴσοδον
751 671 939 744 ἐδήλου
968 673 1079 746 (45)
1099 715 1113 739 ,
1163 677 1327 739 αὐτὸς
1359 677 1423 749 δὴ
1469 679 1653 735 λοιπὸν
1689 681 1769 735 δι-

181 756 367 813 έϐαινε
412 758 576 831 μέσος
614 762 756 834 (44),
801 758 891 817 οἷα
919 762 1054 819 Θεοῦ
1100 783 1183 831 τις
1218 770 1468 840 οὐράνιος
1512 770 1764 840 ἄγγελος,

178 847 443 921 λαμπρὰν
461 851 558 921 μὲν
573 853 760 925 ὥσπερ
776 855 954 924 φωτὸς
973 862 1362 931 μαρμαρυγαῖς
1380 860 1767 934 ἐξαστράπτων

178 944 508 1017 περιϐολὴν,
551 946 866 1020 ἁλουργῖδος
927 956 1209 1019 πυρωποῖς
1274 954 1767 1029 καταλαμπόμενος

175 1032 385 1100 ἀκτῖσι,
414 1037 615 1107 χρυσοῦ
637 1055 697 1092 τε
728 1040 821 1093 καὶ
842 1039 1006 1095 λίθων
1031 1042 1336 1098 πολυτελῶν
1366 1044 1612 1114 διαυγὲσι
1641 1048 1766 1116 φέγ-

176 1140 300 1193 γεσι
340 1128 745 1200 κοσμούμενος·
782 1132 957 1187 ταῦτα
1006 1134 1106 1205 μὲν
1151 1132 1244 1188 οὗν
1287 1137 1430 1207 ἀμφὶ
1466 1138 1530 1190 τὸ
1575 1137 1760 1211 σῶμα·

176 1214 277 1286 τὴν
298 1216 356 1269 δὲ
376 1216 571 1289 ψυχὴν.
611 1218 745 1273 Θεοῦ
773 1221 923 1293 φόϐῳ
950 1225 1046 1277 καὶ
1089 1224 1346 1298 εὐλαϐείᾳ
1377 1225 1534 1298 δῆλος
1563 1224 1631 1300 ἦν
1665 1247 1758 1283 κε-

176 1306 658 1379 καλλωπισμένος·
704 1312 998 1383 ὑπέφαινον
1033 1314 1091 1369 δὲ
1137 1317 1233 1369 καὶ
1287 1317 1441 1371 ταῦτ’
1496 1319 1765 1393 ὀφθαλμοὶ

175 1399 329 1453 κάτω
356 1400 620 1466 νεύοντες,
658 1405 911 1478 ἐρύθημα
939 1407 1251 1479 προσώπου,
1282 1412 1585 1482 περιπάτου
1611 1413 1766 1488 κίνη-

178 1506 283 1557 σις,
324 1493 385 1546 τό
412 1495 460 1546 τ’
488 1494 617 1548 ἄλλο
656 1493 816 1560 εἶδος.
842 1499 903 1551 τὸ
934 1500 1163 1571 μέγεθός
1202 1518 1262 1553 τε
1289 1502 1628 1575 ὑπερϐάλλον
1664 1508 1763 1577 μὲν

174 1586 301 1647 τοὺς
327 1588 465 1657 ἀμφ’
497 1589 659 1642 αὑτὸν
695 1590 940 1654 ἅπαντας
969 1609 983 1622 ·
1015 1592 1095 1664 τῷ
1132 1611 1191 1647 τε
1231 1583 1416 1649 κάλλει
1454 1596 1555 1667 τῆς
1591 1597 1760 1669 ὥρας,

176 1677 271 1730 καὶ
306 1678 385 1749 τῷ
421 1680 830 1753 μεγαλοπρεπεῖ
867 1685 966 1755 τῆς
995 1686 1090 1739 τοῦ
1127 1686 1375 1760 σώματος
1406 1689 1759 1763 εὐπρεπείας,

175 1767 317 1839 ἀλκῇ
365 1787 424 1822 τε
457 1772 649 1844 ῥώμης
694 1774 939 1845 ἀμάχου·
984 1776 1021 1831 ἃ
1066 1775 1133 1848 δὴ
1187 1757 1404 1848 τρόπων
1465 1757 1757 1855 ἐπιεικείᾳ,
1796 1757 1836 1810 Β

175 1863 441 1934 πραότητί
466 1882 525 1917 τε
560 1864 843 1937 βασιλικῆς
870 1869 1206 1942 ἡμερότητος
1245 1873 1660 1946 ἐγκεκραμένα,
1699 1877 1760 1929 τὸ

173 1955 273 2025 τῆς
315 1955 552 2021 διανοίας
594 1959 892 2030 ὑπερφυὲς,
922 1963 1122 2027 παντὸς
1166 1968 1413 2036 κρεῖττον
1457 1967 1759 2037 ἀπέφαινον

174 2046 354 2115 λόγου.
402 2050 551 2103 Ἐπεὶ
583 2051 639 2104 δέ
668 2052 953 2124 παρελθὼν
991 2055 1083 2108 ἐπὶ
1109 2054 1207 2127 τὴν
1252 2058 1474 2129 πρώτην
1506 2059 1616 2113 τῶν
1660 2074 1758 2113 τα-

172 2140 402 2210 γμάτων
422 2142 596 2214 ἀρχὴν
622 2144 787 2214 μέσος
803 2144 1019 2216 πρῶτος
1042 2145 1173 2219 ἔστη
1203 2146 1337 2219 (45),
1356 2150 1591 2221 σμικροῦ
1618 2168 1759 2215 τινος

172 2232 323 2304 αὐτῷ
367 2235 701 2306 καθίσματος
731 2237 863 2309 ὕλης
894 2239 1094 2310 χρυσοῦ
1143 2241 1513 2313 πεποιημένου
1563 2260 1758 2314 προτε-

174 2326 384 2392 θέντος,
449 2329 511 2382 of)
566 2330 830 2403 πρότερον
878 2331 911 2403 ἢ
960 2334 1087 2396 τοὺς
1146 2334 1479 2398 ἐπισκόπους
1544 2335 1759 2389 ἐπινεῦ-

174 2436 302 2483 σαι,
336 2420 576 2485 ἐκάθιζε.
618 2422 792 2477 Ταυτὺ
842 2424 887 2477 δ’
920 2423 1190 2497 ἔπραττον
1232 2428 1434 2492 πάντες
1475 2428 1614 2499 μετὰ
1655 2428 1754 2499 βα-

173 2511 346 2566 σιλέα.

1871 500 1984 547 tum
2027 505 2092 547 ac
2139 498 2508 559 protectorum
2576 505 2835 554 numero,
2883 493 2978 547 sed
3048 508 3114 548 ex
3169 496 3359 551 amicis
3412 500 3447 549 ii

1869 582 1970 639 soli
2004 581 2101 651 qui
2130 581 2290 637 fidem
2327 580 2529 637 Christi
2564 581 2982 653 profitebantur.
3014 583 3261 654 Cumque
3292 587 3451 655 signa

1869 672 1997 729 dato
2028 688 2137 743 quo
2168 674 2515 743 imperatoris
2544 672 2801 729 introitus
2846 671 3218 741 nuntiabatur,
3256 692 3449 733 omnes

1870 768 2323 826 assurrexissent.
2374 768 2590 822 tandem
2628 768 2742 837 ipse
2786 767 2999 822 medius
3056 768 3313 825 incedens
3352 771 3448 825 a-i-

1868 860 2037 927 venit,
2085 859 2234 915 velut
2271 860 2489 930 quidam
2523 861 2762 915 ctelestis
2803 861 2894 912 llei
2933 860 3188 931 angelus:
3239 877 3445 932 purpu-

1869 967 1979 1008 reae
2008 952 2231 1023 quidem
2274 952 2445 1009 vestis
2503 952 2718 1023 fulgore
2776 951 2964 1006 oculos
3006 952 3251 1007 omnium
3304 967 3445 1023 prac-

1867 1047 2174 1116 stinguens,
2205 1053 2257 1100 et
2288 1043 2556 1100 ilammeis
2586 1046 2909 1115 quibusdam
2942 1044 3109 1099 radiis
3138 1046 3441 1110 collucens;

1867 1139 2054 1195 adltaec
2090 1139 2206 1193 auri
2256 1148 2311 1194 et
2359 1138 2663 1209 lapillorum
2703 1139 2905 1195 eximio
2950 1138 3239 1207 splendore
3282 1154 3446 1194 exor-

1867 1242 2045 1288 natus.
2091 1232 2159 1288 Et
2200 1234 2512 1305 hujusmodi
2547 1232 2764 1304 quidem
2797 1233 3045 1301 corporis
3088 1233 3266 1288 cultus
3301 1246 3443 1289 erat.

1866 1325 2019 1393 Quod
2060 1341 2190 1381 vero
2216 1328 2283 1381 ad
2345 1327 2585 1380 animum
2644 1334 2886 1396 spectat,
2947 1325 3081 1381 satis
3147 1325 3447 1395 apparebat

1867 1432 1987 1475 eum
2030 1420 2225 1474 timore
2275 1420 2365 1475 Dei
2405 1434 2467 1473 ac
2510 1418 2771 1490 religione
2806 1420 3128 1473 decoratum
3175 1433 3316 1473 esse.
3349 1417 3445 1471 At-

1865 1527 1971 1583 que
2009 1512 2062 1567 id
2110 1511 2430 1567 indicabant
2466 1511 2608 1567 oculi
2649 1511 2903 1576 demissi,
2953 1512 3121 1565 rubor
3172 1511 3223 1565 in
3268 1510 3442 1575 vultu,

1865 1614 1921 1658 et
1961 1611 2141 1658 motus
2176 1603 2421 1672 corporis
2468 1610 2633 1673 atque
2675 1603 2940 1658 incessus.
2990 1601 3097 1657 Sed
3142 1613 3198 1657 et
3234 1603 3443 1671 reliqua

1866 1693 2113 1761 corporis
2145 1678 2359 1762 species
2393 1733 2408 1757 ,
2458 1692 2759 1762 proceritas
2805 1694 3014 1748 scilicet
3061 1707 3163 1761 qua
3213 1702 3442 1748 cunctos

1864 1787 1954 1854 qui
1991 1785 2139 1840 circa
2183 1785 2359 1855 ipsum
2404 1791 2563 1838 erant
2608 1783 2769 1855 longe
2819 1784 3133 1854 superabat.
3181 1782 3288 1839 Nec
3330 1796 3446 1839 sta-

1867 1887 1988 1931 tura
2019 1879 2218 1942 solum,
2248 1877 2342 1933 sed
2378 1877 2542 1931 etiam
2579 1874 2767 1932 formae
2799 1876 2994 1931 decore
3038 1885 3092 1930 et
3121 1877 3287 1930 totius
3320 1890 3447 1930 cora

1865 1969 2016 2038 poris
2062 1977 2295 2023 venusta
2331 1969 2562 2036 quadam
2603 1967 2920 2036 majestate;
2968 1967 3173 2021 invicto
3211 1964 3445 2034 denique

1868 2058 2065 2113 virium
2091 2060 2288 2114 robore
2314 2070 2544 2115 caeteros
2569 2059 2828 2112 anteibat.
2854 2058 2985 2124 Quae
3012 2056 3228 2125 quidem
3260 2057 3444 2111 omnia

1864 2149 2176 2205 admirabili
2217 2149 2488 2206 modestia
2529 2161 2583 2205 et
2631 2149 2983 2221 imperatoria
3039 2148 3263 2204 lenitate
3306 2156 3450 2204 tem-

1864 2250 2086 2313 perata,
2132 2243 2389 2298 eximiam
2429 2251 2487 2298 et
2538 2241 2686 2297 omni
2736 2241 2896 2298 laude
2938 2241 3200 2311 majorem
3244 2241 3445 2296 mentis

1864 2331 2007 2386 illius
2035 2332 2408 2402 praestantiam
2461 2331 2840 2387 declarabant.
2881 2329 3174 2400 Postquam
3208 2330 3444 2399 impera-

1862 2432 1952 2480 tor
1995 2427 2061 2479 ad
2100 2434 2265 2495 caput
2309 2424 2698 2481 subselliorum
2746 2424 2918 2490 venit,
2962 2424 3197 2493 primum
3233 2423 3444 2477 medius

1863 2516 2036 2573 stetit.
2081 2516 2378 2586 Positaque
2437 2526 2566 2572 ante
2610 2530 2733 2571 eum
2790 2515 2977 2570 humili
3021 2514 3153 2570 sella
3191 2530 3258 2569 ex
3309 2527 3443 2569 auro

172 2602 498 2671 fabrefacta,
546 2623 649 2662 non
693 2608 842 2677 prius
890 2611 1124 2677 assedit,
1175 2627 1335 2681 quam
1381 2611 1618 2683 episcopi
1665 2612 1713 2666 ei
1746 2613 2066 2669 innuissent.
2120 2612 2264 2667 Idem
2298 2626 2490 2666 omnes
2522 2619 2641 2681 post
2672 2611 3055 2680 imperatorem
3102 2608 3301 2663 fecere.

694 2746 1093 2802 ΚΕΦΑΛΑῘΟΝ
1128 2751 1228 2806 IA'.

183 2834 434 2906 Ἡσυχία
461 2837 748 2905 συνόδου,
764 2839 914 2908 μετὰ
938 2842 1005 2895 τὸ
1030 2843 1221 2897 εἰπεῖν
1245 2862 1300 2898 τι
1332 2845 1628 2901 Εὐσέϐιον
1647 2846 1755 2901 τὸν

788 2911 1144 2967 ἐπίσκοπον.

238 2997 363 3055 Τῶν
406 3000 450 3053 δ’
492 3003 806 3056 ἐπισκόπων
844 3004 873 3057 ὁ
920 3002 1013 3061 τοῦ
1065 3006 1241 3073 δεξιοῦ
1280 3009 1561 3079 τάγματος
1601 3027 1755 3081 πρω-

2368 2752 2537 2824 439
2584 2750 2813 2806 CAPUT
2842 2748 2934 2806 XI.

1894 2844 2185 2900 Silentium
2226 2844 2458 2909 concilii,
2500 2856 2776 2913 postquam
2821 2842 3079 2903 Eusebius
3133 2845 3409 2911 episcomts

2272 2932 2442 2983 pauca
2488 2916 2736 2984 qua’dam
2780 2913 3025 2970 dixisset.

1937 3006 2073 3062 Tum
2103 3021 2168 3062 ex
2204 3006 2479 3076 episcopis
2510 3006 2555 3059 is
2579 3005 2674 3074 qui
2706 3004 2761 3058 in
2796 3005 2986 3058 dextra
3019 3014 3174 3073 parte
3203 3004 3438 3072 primum

169 3088 343 3145 τεῦων
371 3091 481 3162 (46)
515 3093 825 3159 διαναστὰς,
855 3099 1269 3174 μεμετρημένον
1294 3101 1547 3155 ἀπεδίδου
1577 3101 1749 3171 λόγον,

1865 3101 2041 3157 locum
2072 3100 2373 3161 obtinebat.
2406 3113 2764 3168 consurgens,
2812 3097 3025 3153 modica
3056 3097 3302 3151 oratione
3336 3096 3441 3149 itu-

171 3330 364 3372 omnes
396 3319 646 3391 _pariter_
679 3322 982 3391 episcopos,
1030 3324 1192 3381 unius
1236 3323 1481 3380 ecclesiae
1534 3325 1739 3379 ambitu

171 3387 591 3470 compreltensos
624 3387 813 3470 fuisse.
840 3387 946 3470 Sed
970 3387 1227 3470 et_verba
1268 3411 1406 3470 quae
1438 3397 1490 3449 iu
1529 3396 1743 3470 l_toc_ca-

171 3459 281 3537 pite
326 3459 602 3537 subjungit
636 3461 944 3537 _Eu_s_ebius,
1001 3466 1055 3520 id
1089 3481 1225 3537 meo
1278 3459 1513 3537 quidem
1536 3464 1744 3533 judicio

171 3528 304 3607 satis
336 3528 588 3607 ἰηξιιιυηε.
633 3530 851 3607 Scribit,
877 3528 1042 3597 enim.
1068 3536 1141 3607 γὲν
1171 3528 1321 3607 αὐτῷ
1352 3536 1417 3607 δὴ
1446 3528 1748 3607 θεῷ’μεσαι-

169 3598 317 3668 τάτῳ
349 3600 483 3678 οἴκῳ
504 3600 612 3678 τῶν
644 3603 950 3678 βασιλείων,
980 3607 1039 3670 ὃς
1060 3606 1123 3678 δὴ
1149 3607 1241 3660 κα)⁸
1279 3598 1606 3678 ὗπερφέῥεξν
1636 3606 1749 3659 ἐδό-

172 3670 503 3743 κειέμεγέθει
528 3670 655 3739 τοὺς
687 3670 1011 3741 πάντας,⁷ἰ‹1
1050 3670 1153 3742 est,
1184 3680 1240 3731 in
1280 3670 1399 3743 ipsd
1436 3670 1622 3729 'm'edt'a
1670 3692 1745 3726 re-

171 3740 307 3809 galis
355 3740 541 3815 palatii
582 3747 713 3808 (ede,
755 3740 883 3813 qua!
916 3740 1146 3815 reliquas
1180 3740 1358 3800 omnes
1394 3745 1742 3810 antpiitudine

172 3811 477 3891 superabat.
502 3815 593 3867 Ait
628 3811 892 3891 Eusebius
932 3811 1102 3873 aadém
1143 3817 1289 3891 illam
1337 3816 1588 3891 omnium
1611 3830 1741 3891 qum

172 3880 387 3961 tibique
413 3894 633 3961 essent,
663 3888 967 3961 maximam
1000 3898 1065 3961 _e_t
1111 3887 1500 3961 amplissimam
1546 3880 1738 3940 fuisse.

168 3951 338 4024 ᾼιῳιί
375 3953 478 4007 ltoc
503 3954 570 4007 de
591 3956 794 4024 palatio
825 3959 973 4012 urbis
1000 3951 1333 4012 Nicacze'dici
1379 3970 1486 4009 non
1539 3964 1741 4022 potest.

166 4020 308 4102 liam
344 4032 401 4075 ut
439 4020 801 4102 concedamus
850 4028 924 4102 in
957 4028 1045 4082 illa
1075 4027 1427 4102 nrbe‘fuisse
1459 4020 1740 4102 palatium,

168 4091 305 4167 illud
358 4102 506 4149 certe
552 4099 795 4168 omnium
837 4099 1038 4167 ubique
1083 4091 1739 4168 palatiorummaximum

166 4166 295 4240 esse
329 4178 438 4217 non
472 4168 665 4233 potuit.
707 4166 1098 4240 Romaeicnim‘
1139 4177 1200 4240 et
1246 4167 1543 4240 Mediolani
1587 4166 1744 4236 longe

170 4236 385 4313 majora
426 4247 583 4313 erant
634 4238 858 4313 palatia.
917 4239 1027 4313 Nec
1072 4239 1261 4294 dubito
1302 4236 1739 4313 quin_Nicome_-

170 4302 366 4384 diense
406 4302 675 4384 palatium
715 4309 885 4384 longe
924 4309 1096 4384 majus
1131 4318 1184 4363 et
1229 4302 1549 4384 opulentius
1578 4308 1744 4384 fuerit

169 4370 421 4455 IVicaauu,
441 4391 564 4431 cum
610 4370 922 4455 Nicomedia
954 4370 1110 4435 sedes
1143 4370 1286 4455 esset
1314 4394 1377 4434 ac
1404 4379 1739 4455 domicilium

172 4448 572 4516 imperatorum
614 4448 727 4516 jam
776 4450 901 4504 inde
947 4466 976 4503 a
1023 4450 1355 4515 temporibus
1403 4448 1738 4502 Diocletiani.

171 4512 546 4590 Respondebit
560 4512 790 4575 fortasse
805 4522 1068 4590 quispiam
1081 4562 1094 4583 ,
1110 4512 1403 4575 Eusebium
1434 4534 1550 4590 non
1564 4519 1743 4573 dicere

173 4587 578 4660 inediamillam
602 4595 772 4645 aedem
797 4587 892 4645 seu
914 4587 1096 4660 palatii
1116 4607 1208 4645 seu
1236 4590 1473 4645 basilica:
1506 4587 1740 4642 Nicaeum

170 4669 367 4730 omnes
388 4657 584 4727 ubique
607 4670 871 4716 terrarum
897 4657 1038 4717 aedes
1054 4660 1403 4730 amplitudine
1419 4673 1706 4727 superasse
1723 4698 1739 4721 ,

170 4724 272 4805 sed
297 4724 513 4805 tantum—
554 4730 969 4805 r_eliquas_:cde§
1000 4724 1159 4805 illius-
1179 4746 1275 4805 seu
1292 4724 1500 4805 palatii
1523 4744 1615 4783 seu
1648 4730 1742 4805 ba-

172 4794 367 4871 silicae.
396 4796 485 4853 Sic
505 4800 647 4871 enim
670 4794 909 4871 loquitur
931 4802 1197 4857 Eusebius
1220 4802 1273 4855 in
1292 4794 1387 4855 lib.
1412 4815 1489 4871 tv,
1510 4814 1627 4866 cap.
1642 4798 1738 4871 766A,

174 4864 270 4943 ub_i
302 4863 838 4943 I'unus_Constaniini
895 4873 1174 4943 describit,
1226 4863 1548 4943 κᾶέπειτξέν
1580 4863 1742 4939 ἀὐτῷ

170 4938 303 5013 τοῦ-
324 4938 524 5002 παντὸς
546 4942 888 5013 Λπροφέροντι
927 4942 1037 4995 τῶν
1096 4941 1379 5013 βασιλείων
1410 4940 1589 5013 οἴκων
1610 4959 1635 5013 °_
1687 4938 1742 5013 et

172 4957 273 4988 του
324 4957 524 5002 παντος
564 4958 605 4993 π
641 4957 888 5013 οφεροντι
927 4960 1037 4995 των
1096 4957 1379 5009 μασιλειων
1426 4958 1624 4994 οικωνο
1687 4957 1742 4991 et

172 5006 345 5084 paulo
368 5019 511 5075 post,
542 4957 688 5084 ἔνεον
719 5013 827 5084 γάρ
857 5032 940 5068 τοι
968 5013 1201 5084 ἐναὺτῷ
1223 5011 1467 5082 παλατίῳ
1510 5009 1650 5064 κατὰ
1683 5009 1744 5063 τὸ

175 5076 505 5153 μεσαίτατον
524 5082 633 5135 τῶν
663 5076 967 5153 βασιλείων.
999 5076 1256 5153 Equidem
1287 5076 1449 5138 ltunc'
1468 5096 1589 5138 esse
1615 5095 1742 5153 sene

173 5162 302 5201 sum
349 5149 564 5207 Eusebii
615 5149 905 5211 verborum
951 5149 1126 5210 libens
1191 5154 1577 5209 concesserim.
1634 5150 1743 5204 Sed

175 5227 469 5295 tamenet;
497 5237 699 5295 conon
749 5227 1004 5290 efﬁcitur,
1047 5226 1306 5295 palatium
1350 5223 1627 5295 Nicarnum
1675 5222 1745 5295 ab

171 5287 419 5370 Eusebio
451 5294 703 5370 intelligi.
726 5297 860 5352 Nam
892 5307 947 5353 et
971 5287 1024 5350 in
1047 5287 1297 5352 ecclesiis
1334 5294 1559 5370 perinde
1596 5307 1659 5345 ac
1689 5293 1741 5345 in

172 5358 402 5440 palatiis
422 5365 597 5419 media
624 5358 768 5440 aedes
795 5370 1036 5422 omnium
1069 5376 1189 5440 erat
1227 5358 1461 5440 maiima
1501 5372 1557 5440 et
1584 5378 1746 5432 capa-

172 5435 434 5510 cissima,
453 5444 518 5510 ut
544 5450 619 5510 ex_
639 5438 872 5494 Eusebio
900 5447 1123 5510 constat
1153 5439 1208 5492 in
1260 5435 1624 5510 descriptione
1653 5449 1742 5510 ec-

172 5502 361 5555 clesiae
392 5503 543 5577 Tyri.
580 5508 803 5564 Cunctis
841 5509 1008 5579 igitur
1049 5517 1307 5579 accurate
1344 5502 1628 5579 perpensis
1670 5506 1742 5579 ita

175 5574 451 5647 censeo!
496 5581 776 5647 episcopos
826 5574 1059 5647 primum
1112 5574 1357 5647 quidem
1392 5577 1446 5630 itt
1514 5574 1743 5647 ecclesia

174 5644 544 5719 ξοηῗθηίεεθ,
594 5644 774 5719 ibique
816 5644 881 5705 de
913 5651 1025 5703 Arii
1083 5644 1333 5718 dogmate
1359 5657 1411 5701 et
1451 5647 1518 5700 de
1561 5644 1741 5719 regula

175 5714 306 5769 ﬁdei
336 5716 589 5786 plurimis
626 5714 816 5774 diebus
852 5714 1206 5783 tractavisse,
1239 5719 1453 5772 tandem
1504 5730 1631 5769 vero
1657 5714 1745 5770 die

176 5786 244 5834 ad
313 5787 605 5842 ﬁniendum
663 5792 935 5858 negotium
981 5789 1299 5851 constituto,
1335 5788 1655 5841 convenisse
1689 5786 1742 5837 in

502 5886 773 5943 Parnm.
808 5887 922 5943 Gtt.
964 5886 1099 5946 XX.

1860 3321 2143 3392 palatium,
2177 3330 2237 3374 ttt
2259 3335 2440 3392 coram
2468 3320 2793 3392 imperatore
2822 3319 3147 3392 sententiam
3170 3316 3434 3392 dicereut,

1856 3387 1913 3448 et
1941 3392 2275 3448 contentioni
2310 3391 2473 3444 finem
2508 3387 2870 3457 imponerent.
2904 3389 3082 3456 Atque
3113 3387 3184 3439 ita
3228 3387 3435 3443 tollitur

1851 3466 2030 3517 omnis
2055 3461 2365 3515 dilIicultas.
2397 3460 2562 3514 Certe
2590 3460 2855 3513 Eusebius
2894 3459 3117 3511 omnino
3147 3458 3437 3513 confirmat

1856 3535 1909 3587 id
1938 3535 2080 3602 quod
2109 3532 2244 3585 dixi.
2272 3531 2367 3585 Ait
2402 3531 2549 3602 enim
2576 3532 2863 3597 episcopos
2888 3530 2978 3602 die
3001 3528 3295 3582 constituto
3324 3544 3435 3602 quo

1851 3599 2246 3657 controversiis
2304 3603 2462 3653 tinem
2518 3600 2717 3667 imponi
2775 3599 3094 3666 oportebat,
3139 3613 3330 3653 omnes
3378 3601 3433 3655 in

1852 3668 2114 3756 palatium
2142 3672 2378 3726 venisse.
2405 3669 3050 3756 ‘Statimquep-ogresso
3074 3668 3432 3756 :‘idsyuodutn

1853 3739 2203 3812 imperatore,
2264 3748 2457 3796 cuncta
2497 3754 2678 3812 coram
2721 3740 2811 3792 illo
2863 3739 3431 3812 fuisse‘dicitconsti-

1852 3806 1987 3870 tuta.
2028 3812 2107 3867 Ex
2152 3812 2353 3881 quibus
2405 3810 2693 3881 manifeste
2735 3819 2962 3878 apparet
3016 3806 3309 3861 Eusebium
3346 3811 3434 3864 hic

1852 3883 1999 3951 loqui
2027 3886 2092 3937 de
2125 3878 2315 3937 ultimo
2345 3878 2564 3951 concilii
2610 3880 2717 3945 die,
2752 3895 2846 3933 seu
2902 3882 2968 3951 de
3010 3887 3284 3946 postrema
3318 3895 3435 3932 ses-

1851 3950 2025 4017 sicne,
2059 3969 2179 4008 cum
2204 3967 2293 4005 res
2321 3952 2374 4005 in
2409 3950 2655 4017 pluribus
2678 3961 2841 4003 antea
2866 3950 3252 4015 episeOporum
3294 3963 3395 4002 con
3414 3979 3431 3989 -

1852 3968 2025 4017 SIOIIO,
2059 3969 2179 4008 cum
2204 3967 2293 4005 res
2321 3968 2374 4005 In
2448 3967 2655 4004 ltll'IDlIS
2678 3967 2841 4003 antea
2866 3967 3252 4015 episcoporum
3294 3967 3395 4002 (30!!
3414 3979 3429 3989 -

1852 4024 2094 4078 sessibus
2126 4024 2371 4077 discussa
2401 3967 2599 4075 [inisset
2625 4034 2686 4074 ac
2727 4019 3007 4073 ventilata.
3052 4019 3241 4085 Neque
3284 4021 3429 4073 enim

1851 4103 1932 4147 tot
1973 4102 2243 4161 tantasque
2285 4106 2372 4146 res
2400 4105 2522 4160 qua:
2568 4092 2622 4144 in
2688 4087 2777 4143 illa
2824 4091 3032 4161 synodo
3077 4098 3241 4157 gestze
3280 4100 3429 4155 sunt,

1848 4164 2012 4217 unius
2043 4160 2354 4231 diei’spatio
2391 4161 2699 4216 examinari
2747 4175 2810 4214 ac
2853 4160 3065 4214 deliniri
3111 4168 3428 4231 potuerunt.

1846 4236 1992 4290 Idem
2047 4229 2266 4304 quoque
2297 4241 2467 4304 antea
2498 4231 2937 4304 factnm_l‘uerat
2979 4232 3030 4283 in
3072 4229 3433 4304 synodo_Au-

1848 4300 2103 4360 tiochen'a
2139 4300 2408 4359 adversus
2439 4301 2666 4355 Paulum
2709 4300 3150 4366 Samosatenum,
3182 4310 3240 4354 ut
3275 4302 3432 4356 ducet

1845 4375 2111 4431 Eusebius
2143 4377 2193 4428 in
2225 4374 2317 4428 lib.
2344 4388 2415 4427 vn
2449 4372 2699 4426 Historia:
2727 4373 3122 4425 ecclesiasticae.

1918 4446 2031 4517 (45)
2083 4445 2209 4498 Ἐπὶ
2252 4442 2589 4513 συνθήματι
2634 4442 2667 4495 ὃ
2705 4442 2821 4511 τὴν
2854 4440 3163 4517 ,ϐασιλέως
3189 4440 3436 4517 εἴσοδον

1777 4504 1819 4558 ι)
1846 4504 2094 4584 ἐδῆλου.
2144 4517 2222 4571 De
2270 4517 2372 4570 hoc
2413 4504 2571 4584 signo
2622 4528 2732 4582 quo
2766 4504 3437 4584 imperatorisadventus

1848 4582 2226 4650 nuntiabatur,
2264 4582 2529 4653 Gorippus
2562 4584 2802 4653 loquitur
2831 4583 2915 4636 his
2942 4582 3127 4636 verbis
3167 4600 3181 4635 :

2075 4720 2091 4736 .
2133 4717 2149 4735 .
2188 4718 2203 4733 .
2249 4718 2261 4733 .
2305 4717 2321 4732 .
2368 4722 2382 4734 .
2430 4719 2441 4729 .
2487 4716 2501 4729 .
2546 4715 2561 4730 .
2610 4717 2621 4729 .
2669 4719 2683 4733 .
2724 4677 3050 4743 prmmnttius
3090 4684 3212 4728 ante

1987 4752 2141 4822 signa
2172 4752 2314 4804 dedit
2348 4764 2534 4803 cursor
2565 4751 2739 4817 posita
2776 4746 2841 4799 de
2873 4762 3016 4798 more
3041 4745 3280 4801 lucerna.

1916 4866 2029 4936 (44)
2082 4864 2343 4920 Διέϐαινε
2394 4863 2608 4935 μέσος.
2660 4860 3195 4936 Christopltorsonus
3242 4861 3428 4921 vertit,

1844 4930 1934 5008 per
1963 4930 2193 4991 medium
2229 4930 2530 5008 consessum
2568 4936 2759 5008 intrat.
2795 4930 2986 5008 Melius
3019 4930 3291 5008 vertisset,
3336 4944 3432 4997 per

1847 5000 2082 5061 medium
2110 5010 2340 5071 spatium
2374 5006 2515 5075 quod
2546 5017 2666 5059 erat
2694 5005 2839 5056 inter
2861 5000 3429 5075 duos‘considenttutu

1845 5079 2064 5131 ordines
2086 5079 2332 5133 incessit.
2363 5071 2418 5130 Id
2449 5075 2733 5145 significat
2754 5087 2859 5145 vox
2889 5071 3210 5145 διαϐαίνειν,
3237 5071 3291 5145 id
3319 5082 3424 5145 est,

1844 5148 1930 5201 διὰ
1957 5147 2066 5201 τῶν
2086 5149 2232 5203 δυεῖν
2267 5140 2625 5219 βαίνειν.”8ἰο
2654 5144 2793 5201 inira
2825 5143 2876 5197 in
2916 5159 3034 5209 cap.
3066 5142 3153 5205 M,
3194 5140 3350 5212 μέσοι
3374 5140 3431 5192 δὲ

1844 5220 2046 5273 τούτων
2074 5219 2357 5281 διέϐαινον,
2391 5230 2502 5271 etc.

1915 5290 2030 5363 (45)
2053 5289 2268 5363 Μέσος
2302 5287 2752 5363 πρῶτος-ἔστη,
2794 5283 3323 5363 Christopltorsouns
3355 5281 3431 5363 Ie-

1848 5354 1991 5429 gis‘se
2013 5354 2628 5432 νὶιίειυϊπρῶτονξὸἱο
2666 5360 2812 5432 enim
2857 5358 3040 5419 vertit,
3083 5356 3316 5423 primum
3370 5354 3428 5405 in

1847 5433 2017 5486 medio
2042 5429 2526 5484 conventn'erecttts
2560 5429 2822 5484 constitit.

1917 5501 2031 5572 (46)
2077 5501 2138 5554 Ὀ
2160 5501 2486 5565 τοῦδεξιοῦ
2512 5500 2810 5569 τάγματος
2866 5495 3202 5572 πρωτεύων.
3256 5492 3429 5547 Snzo-

1847 5567 2038 5627 manus
2072 5573 2124 5625 in
2163 5588 2281 5642 cap.
2306 5572 2388 5633 I8,
2423 5573 2515 5625 lib.
2547 5567 2765 5635 t,_ltunc
2792 5568 2980 5642 qui‘iu
3021 5567 3215 5642 dextra
3276 5576 3431 5642 parte

1849 5636 2294 5711 primuntlocu'm
2343 5643 2644 5703 obtinebat,
2715 5636 2917 5711 etiqui
2987 5636 3207 5711 nomine
3264 5636 3430 5711 tutius

1849 5704 2064 5766 concilii
2118 5717 2184 5766 ad
2236 5714 2623 5781 imperatorem
2679 5704 2853 5763 verba
2898 5707 3073 5781 fecit,
3136 5704 3426 5781 Eusebium

1850 5781 2192 5851 Pamphilum
2227 5778 2395 5837 fuisse
2450 5792 2696 5836 testatur.
2727 5781 2902 5849 Atque
2950 5778 3024 5832 ita
3061 5779 3427 5845 perscriptum

3080 5871 3157 5930 3'4.
