3882 6262
403 320 422 354 ,1
443 255 572 309 vos:

444 469 635 525 laudes
670 465 965 537 perhibens
1015 459 1377 532 omnipotenti
1433 459 1566 515 Deo.
1591 457 1882 530 Postquam
1925 459 2014 518 ille

443 561 608 616 etiam
648 555 875 620 assedit,
905 567 1031 608 mox
1068 552 1248 608 cuncti
1291 550 1484 608 deﬁxis
1532 551 1587 606 in
1627 549 2012 623 imperatorem

441 653 614 708 oculis
653 646 930 704 silentium
960 643 1165 702 fecere.
1206 643 1300 700 llle
1330 643 1470 701 laetis
1505 644 1681 702 oculis
1715 653 1771 701 et
1800 646 2016 716 placido

443 740 590 797 vultu
620 739 904 794 universos
943 737 1197 804 intuitus,
1241 750 1309 794 ac
1354 735 1550 793 deinde
1579 744 1814 794 mentem
1858 752 2014 795 suam

444 833 500 889 in
543 847 603 887 se
632 828 912 900 colligens,
954 827 1062 885 leni
1105 837 1164 884 et
1214 827 1489 885 moderata
1535 841 1670 885 voce
1705 827 2014 900 hujusmodi

445 921 607 980 verba
639 919 768 978 fecit
792 938 805 975 :

1043 1009 1272 1068 CAPUT
1307 1009 1422 1066 XII.

619 1103 957 1159 Constantini
981 1101 1052 1156 ad
1089 1101 1348 1171 synodum
1379 1101 1551 1156 oratio
1586 1101 1651 1157 de
1689 1119 1835 1172 pace.

504 1214 524 1248 σ
545 1195 671 1254 Haec
688 1206 804 1254 erat
824 1210 1039 1252 summa
1052 1202 1298 1250 votorum
1314 1206 1583 1258 meorum,
1606 1194 1939 1259 charissimi.
1959 1203 2017 1250 ut

439 1294 618 1342 coitus
650 1284 1146 1352 vestri-conspectu
1195 1282 1327 1336 mihi
1361 1283 1698 1356 quandoque
1744 1285 1849 1342 frui
1890 1299 2018 1341 con-

442 1379 690 1450 lingeret.
707 1377 874 1448 Cujus
889 1381 998 1436 voti
1020 1396 1242 1453 compos
1257 1399 1402 1440 nunc
1421 1383 1621 1453 factus,
1641 1384 1752 1441 Deo
1770 1385 2015 1441 omnium

437 1469 573 1540 Regi
607 1472 812 1542 gratias
843 1487 965 1544 ago,
996 1474 1100 1544 .qui
1147 1485 1351 1545 praeter
1391 1477 1681 1534 innumera
1711 1477 1816 1533 alia
1851 1478 2019 1533 bene-

440 1561 583 1628 ﬁcia,
625 1563 730 1619 hoc
773 1565 1018 1621 omnium
1059 1567 1330 1623 bonorum
1373 1568 1672 1624 maximum
1713 1569 1849 1625 mihi
1894 1583 2016 1640 spe-

437 1663 588 1713 ctare
635 1657 928 1727 concessit,
972 1667 1032 1714 ut
1070 1661 1286 1716 scilicet
1331 1676 1427 1717 vos
1477 1661 1532 1716 in
1608 1677 1775 1718 unum
1824 1644 2017 1718 omnes

1175 250 1443 307 EUSEBII
1482 248 1962 306 CESARIENSIS
1997 249 2152 305 OPP.
2192 249 2374 306 PARS
2412 250 2454 306 ι.
2496 282 2565 292 -
2602 249 2991 309 HISTORICA.

440 387 746 452 peratorem
793 373 1060 427 allocutus
1099 379 1220 436 est,
1264 376 1488 440 propter
1531 365 1681 422 illum
1717 367 1924 439 gratias
1957 377 2010 425 et

2119 369 2450 444 προσφωνῶν
2486 368 2566 442 τῷ
2609 369 2819 441 βασιλεῖ
2837 412 2854 438 ,
2901 371 2981 444 τῷ
3037 389 3096 427 τε
3138 324 3533 446 παὺτοκράτορι
3564 375 3664 446 Θεῷ

3543 257 3663 313 1068

2115 461 2466 534 χαριστήριον
2499 460 2586 514 ἐπ’
2632 461 2784 534 αὑτῷ
2815 463 3135 536 ποιούμενος
3170 462 3333 534 ὑμνον
3357 481 3372 496 ·
3402 464 3582 536 ἐπειδὴ
3619 465 3665 520 δι

2114 551 2209 622 καὶ.
2236 549 2400 614 αὑτὸς
2427 549 2686 621 καθῆστο,
2718 551 2846 623 σιγὴ
2883 551 2981 622 μὲν
3011 551 3277 621 ἐγίγνετο,
3319 549 3538 603 πάντων
3566 551 3664 603 ἀτε-

2115 642 2203 706 νὲς
2229 643 2306 707 εἰς
2333 641 2556 712 βασιλέα
2584 641 2908 713 βλεπόντων·
2937 645 2965 697 ὁ
2985 643 3043 697 δὲ
3067 643 3311 716 φαιδροῖς
3337 640 3548 715 ὄμμασι
3576 641 3669 708 τοῖς

2115 734 2250 787 πᾶσι
2291 732 2525 806 γαληνὸν
2571 733 2867 804 ἐμϐλέψας,
2911 734 3142 788 κᾶπειτα
3183 732 3668 804 συναγαγὼνκαῦτὸ,

2116 825 2252 896 πρὸς
2275 823 2479 894 ξέαυτὸν
2519 823 2618 896 τὴν
2641 825 2912 892 διάνοιαν,
2939 826 3128 899 ἡσύχῳ
3169 828 3264 881 καὶ
3300 826 3507 900 πραείᾳ
3542 831 3670 901 φωνῇ

2115 919 2255 972 τοῖον
2282 916 2532 972 ἀπέδωκε
2555 915 2737 986 λόγον’

2635 1005 3033 1062 ΚΕΦΑΛΑΙΟΝ
3071 1005 3173 1061 ῙΒ’.

2115 1099 2574 1155 Κωνσταντίνου
2615 1097 2766 1167 πρὸς
2801 1096 2916 1167 τὴν
2952 1097 3220 1152 σύνοδον
3257 1099 3394 1166 περὶ
3433 1099 3670 1169 ειρήνης.

2189 1208 2208 1242 t
2245 1191 2424 1260 Εὑχῆς
2452 1189 2550 1262 μὲν
2575 1191 2700 1261 ἐμοὶ
2726 1188 2878 1254 τέλος
2899 1187 2989 1262 ἦν,
3014 1184 3060 1243 ὦ
3086 1189 3230 1259 φίλοι
3253 1231 3268 1254 ,
3299 1190 3402 1261 τῆς
3428 1191 3672 1265 ὑμετέρας

2117 1280 2418 1337 ἀπολαῦσαι
2444 1281 2690 1353 χορείας,
2718 1279 2995 1335 τούτουιδὲ
3027 1279 3226 1352 τυχὼν,
3261 1281 3461 1335 εἰδέναι
3484 1281 3558 1352 τῷ
3583 1283 3672 1338 Βα-

2121 1374 2258 1428 σιλεῖ
2281 1373 2388 1428 τῶν
2414 1373 2551 1430 ὅλων
2581 1372 2678 1446 τὴν
2713 1373 2872 1447 χάριν
2898 1372 3166 1445 ὁμολογῶ,
3189 1374 3273 1427 ὅτι
3299 1391 3394 1445 μοι
3427 1374 3560 1446 πρὸς
3581 1377 3672 1440 τοῖς

2116 1467 2297 1532 ἄλλοις
2318 1468 2510 1535 ἅπασι,
2529 1467 2623 1522 καὶ
2649 1467 2807 1521 τοῦτο
2827 1470 3070 1536 κρεῖττον
3098 1467 3303 1537 ἀγαθοῦ
3335 1468 3537 1532 παντὸς
3566 1468 3672 1522 ίδεῖν

2117 1561 2458 1634 ὲδιυρήσατοο
2493 1560 2638 1634 φημὶ
2665 1561 2731 1633 δὴ
2761 1561 2857 1626 τὸ,
2894 1561 3264 1632 συνηγμένους
3307 1561 3448 1632 ὁμοῦ
3494 1561 3672 1625 πάντας

2117 1654 2428 1722 άπολαὸεϊν,
2452 1654 2579 1728 μίαν
2602 1672 2663 1710 τε
2683 1654 2865 1727 κοινὴν
2888 1654 3142 1710 ἁπάντων
3163 1655 3450 1727 ὁμόφρονα
3471 1653 3670 1726 γνώμην

437 1761 820 1822 congregatos,
851 1759 908 1807 et
937 1752 1379 1824 conspirantibus
1407 1754 1606 1810 animis
1645 1770 1808 1810 unum
1839 1754 2010 1810 idem-

2119 1746 2435 1802 θεάσασθαι.
2454 1723 2618 1818 ⁷Μηδ⁹
2649 1740 2740 1800 οὖν
2777 1723 3044 1816 βάσκανός
3073 1763 3156 1810 τις
3188 1723 3386 1817 ἐχθρὸς
3427 1723 3672 1816 τοῖς

441 1857 550 1912 que
584 1843 880 1898 sentientes
911 1843 1179 1900 viderem.
1219 1843 1410 1902 Nullus
1438 1845 1607 1918 igitur
1649 1846 1873 1916 posthac
1901 1862 2018 1902 ma-

438 1930 648 1987 levolus
679 1933 853 1988 hostis
880 1932 1091 1989 felicem
1126 1947 1307 1989 rerum
1333 1943 1639 1990 nostrarum
1669 1943 1866 1991 statum
1894 1951 2018 2007 per-
2048 1967 2051 1970 -

437 2021 640 2088 turbet,
689 2037 790 2078 nec
834 2031 957 2093 post
996 2022 1224 2079 deletam
1257 2022 1506 2080 funditus
1537 2041 1602 2081 ac
1633 2026 1898 2082 sublatam
1921 2027 2018 2083 Dei

443 2109 753 2170 Servaloris
782 2114 1008 2178 auxilio,
1036 2116 1382 2186 tyrannldem
1413 2129 1601 2172 eorum
1633 2117 1725 2188 qui
1753 2118 1862 2174 Deo
1897 2117 2014 2173 bel-

436 2199 547 2256 lum
589 2203 927 2272 indixerant,
983 2203 1488 2277 rursusmalignus
1529 2208 1736 2262 daemon
1779 2206 1882 2262 alia
1928 2210 2015 2263 via

437 2309 503 2349 ac
518 2293 726 2349 ratione
751 2295 983 2350 divinant
1017 2295 1188 2366 legem
1218 2297 1518 2354 maledictis
1539 2307 1596 2354 et
1616 2299 1896 2355 calumniis
1921 2313 2018 2354 ex-

438 2397 626 2456 ponat.
661 2387 868 2458 Quippe
901 2389 1153 2444 intestina
1196 2390 1393 2446 seditio
1433 2389 1694 2447 Ecclesiae
1735 2391 1851 2459 Dei,
1883 2390 2015 2445 mihi

439 2479 658 2548 quidem
694 2480 841 2534 omni
883 2479 1025 2538 bello
1055 2492 1112 2537 et
1143 2482 1552 2539 concertatione
1579 2483 1802 2554 gravior
1826 2497 1890 2539 ac
1919 2497 2016 2554 pe-

439 2569 724 2626 riculosior
751 2571 998 2627 videtur:
1039 2588 1138 2632 nec
1164 2582 1400 2630 externa:
1445 2589 1536 2631 res
1575 2583 1784 2632 tantum
1835 2575 2017 2630 animo

439 2676 562 2717 meo
608 2661 852 2719 dolorem
896 2661 1156 2728 aderunt,
1197 2674 1462 2733 quantum
1509 2665 1624 2722 haec
1660 2666 1899 2736 negotia.
1951 2665 2019 2721 Et

435 2768 504 2811 eo
535 2755 749 2824 quidem
789 2766 1034 2828 tempore
1063 2772 1173 2828 quo
1207 2758 1304 2814 Dei
1334 2767 1467 2814 nutu
1498 2767 1660 2830 atque
1692 2758 1896 2816 auxilio
1921 2759 2018 2814 ad-

430 2845 586 2917 jutus
611 2844 894 2901 victoriam
945 2847 1014 2903 de
1057 2848 1306 2904 hostibus
1341 2849 1670 2915 retuleram,
1718 2847 1856 2904 nihil
1897 2863 2016 2903 am-

437 2936 582 3007 plius
617 2938 747 2992 mihi
802 2952 1094 3009 superesse
1122 2936 1540 3006 existimabam,
1586 2952 1750 3010 quam
1788 2945 1848 2994 ut
1899 2945 2016 2994 tum

437 3029 628 3087 divino
677 3027 899 3084 Numini
936 3029 1140 3100 gratias
1187 3043 1432 3102 agerem,
1479 3038 1589 3084 tum
1631 3043 1737 3084 una
1783 3045 1908 3086 cum
1949 3030 2017 3086 iis

437 3117 578 3192 quos
623 3121 766 3177 Deus
813 3139 932 3177 mea
977 3137 1144 3193 opera
1182 3122 1237 3178 in
1281 3122 1588 3179 libertatem
1621 3123 2016 3192 vindicaverat,

435 3215 714 3268 communi
742 3215 938 3284 gaudio
968 3214 1322 3271 exsultarem.
1359 3215 1467 3271 Sed
1497 3214 1589 3270 ubi
1615 3214 1682 3270 de
1719 3214 2017 3271 dissensio-

439 3322 509 3361 ne
540 3317 718 3361 vestra
763 3308 985 3362 nuntius
1035 3308 1102 3362 ad
1149 3321 1238 3364 me
1292 3307 1571 3378 insperato
1623 3309 1865 3377 perlatus
1908 3318 2013 3375 est,

437 3401 691 3470 equidem
737 3415 858 3454 eam
933 3414 1045 3455 rem
1108 3399 1334 3456 minime
1385 3399 1752 3472 negligendam
1802 3403 2008 3472 putavi.

437 3491 649 3564 Quippe
677 3501 874 3563 optans
903 3499 962 3546 ut
990 3491 1117 3548 huic
1147 3491 1288 3551 malo
1328 3507 1450 3549 mea
1479 3507 1694 3564 quoque
1726 3508 1890 3564 opera
1923 3508 2011 3550 re—

436 3732 522 3777 est
551 3724 605 3777 in
637 3723 795 3777 titulo
818 3721 981 3789 hujus
1011 3717 1650 3790 capitis._Theodoritus
1685 3717 1894 3790 vero_in
1925 3716 1966 3772 ι.
1994 3734 2012 3774 t

439 3793 712 3856 Historim,
740 3806 860 3861 cap.
891 3787 956 3854 '7,
993 3787 1114 3861 non;
1143 3790 1210 3845 ab
1241 3787 1493 3861 Eusebio,
1549 3790 1651 3861 sed
1681 3791 1750 3841 ab
1807 3787 2006 3861 Eusta-

437 3864 552 3919 thio
580 3859 879 3916 Antiochia:
911 3859 1152 3930 civitatis
1197 3859 1453 3930 episcopo
1518 3859 1818 3914 orationem
1865 3859 2012 3914 hanc

435 3933 673 3989 habitam
698 3947 818 3988 esse
850 3932 1000 3986 dicit.
1037 3929 1354 3985 Theodoriti
1387 3929 1732 3985 sententiam
1791 3938 2012 3983 secutus

433 4016 518 4060 εει
547 4004 814 4058 Barouius
839 4019 855 4064 ;
879 4016 1038 4070 quem
1097 4001 1568 4070 quidemsempcr
1613 3999 1794 4054 hostili
1829 4009 2011 4070 atque

403 4075 648 4151 jinfenso
672 4074 855 4151 animo
879 4068 1142 4151 adversus
1159 4069 1468 4151 Eusebium
1521 4079 1766 4151 nostrum
1808 4068 2007 4151 inisse,

409 4137 502 4198 ἐι
527 4145 641 4211 ejus
669 4142 891 4209 scriptis
928 4141 1106 4209 quivis
1155 4139 1315 4211 facile
1358 4140 1750 4211 deprehendet.
1808 4137 2007 4211 Yerum

407 4208 625 4268 -auctor
647 4208 900 4266 Historia.-
931 4208 1219 4280 tripartin
1259 4210 1312 4264 in
1356 4208 1494 4266 libro
1528 4227 1591 4275 ιι,
1647 4225 1766 4280 cap.
1817 4208 2005 4280 5,7ubi

435 4284 748 4339 Theodoriti
803 4283 966 4337 verba
1010 4279 1301 4345 describit,
1361 4281 1438 4334 ait
1485 4290 1608 4350 post
1661 4279 2004 4350 Eustathiurn

435 4354 869 4412 Antiochcnum,
915 4351 1203 4406 Eusebium
1246 4362 1462 4420 quoque
1487 4349 1890 4420 Caesariensem
1939 4349 2007 4420 de

437 4423 684 4478 laudibus
740 4420 1088 4490 imperatoris
1141 4418 1446 4475 orationem
1504 4420 1779 4475 habuisse.
1850 4418 2004 4490 Quod

436 4504 616 4552 tamen
659 4495 712 4548 in
754 4489 962 4548 Graecis
1021 4490 1335 4546 Theodoriti
1380 4490 1784 4559 exemplaribus
1847 4489 2008 4544 hodie

433 4581 543 4620 non
574 4563 837 4625 habetur;
886 4576 1108 4632 prorsus
1141 4571 1201 4614 ut
1234 4577 1469 4632 necesse
1495 4561 1614 4632 sit,
1641 4570 1742 4632 aut
1770 4559 2010 4632 Epipha-

435 4637 584 4689 nium
611 4629 1002 4689 scholasticum
1050 4630 1379 4700 integriores
1430 4629 1744 4686 Theodoriti
1793 4631 2008 4700 codices

435 4714 656 4759 nactum
684 4704 868 4767 fuisse,
901 4711 994 4756 aut
1029 4702 1094 4755 de
1119 4699 1220 4757 suo
1251 4703 1304 4756 id
1362 4701 1655 4761 addidisse,
1718 4708 1779 4754 ut
1837 4699 2007 4754 inter-

433 4776 560 4829 dum
589 4775 746 4829 solet.
777 4773 906 4827 Tale
935 4780 1020 4826 est
1046 4771 1174 4826 illud
1213 4772 1357 4842 quod
1401 4787 1568 4842 supra
1604 4771 1912 4842 notavimus
1940 4771 2007 4825 de

430 4845 594 4914 regiae
606 4844 756 4914 urbis
769 4844 1044 4914 episeopo,
1061 4840 1709 4914 quem’Nicm‘um'synodg
1710 4855 1821 4914 non
1833 4840 2005 4914 inter-

433 4909 604 4970 fuisse
633 4909 890 4969 Socrates
915 4928 981 4968 ex
1008 4909 1241 4967 Eusebio
1265 4909 1535 4980 prodidit;
1556 4911 1644 4965 ubi
1671 4909 2004 4980 Epiphanius

429 4984 790 5041 scholasticus
814 4983 1106 5039 Alexandri
1137 4997 1332 5038 nomen
1359 4982 1569 5036 addidit
1608 4981 1760 5051 gravi
1794 4994 2003 5051 errore,

429 5071 554 5111 cum
587 5055 994 5123 Metrophanem
1028 5054 1207 5121 potius
1244 5053 1426 5108 dicere
1453 5049 1750 5123 debuisset.
1802 5049 2006 5123 Sed_ut

430 5127 498 5180 ad
537 5119 870 5196 propositum
902 5119 1269 5196 revertamur,
1291 5121 1534 5196 suntqui
1566 5135 1666 5196 nec
1697 5119 2003 5196 Eustathio,

430 5189 818 5259 nec'Eu'sebio,
856 5195 950 5248 sed
1007 5194 1315 5248 Alexandro
1367 5189 1857 5247 Alexandrinorum
1890 5189 2006 5257 epi-

429 5281 596 5336 scopo
622 5267 674 5322 id
704 5265 929 5319 honoris
965 5263 1202 5336 delatum
1237 5277 1359 5318 esse
1377 5261 1623 5336 scribant
1647 5300 1665 5324 ,
1696 5271 1756 5315 ut
1784 5259 2003 5336 _con_cilii

431 5328 648 5393 nomine
676 5338 1055 5404 imperatorem
1097 5333 1489 5403 alloqueretur.
1521 5330 1741 5404 Ni_cetas
1783 5331 1856 5404 in_
1875 5328 2005 5383 The-

429 5424 591 5462 sauro
622 5399 930 5462 orthodoxa:
976 5405 1125 5473 ﬁdei,
1183 5399 1276 5459 lib.
1305 5418 1360 5468 ν,
1418 5417 1535 5471 cap.
1578 5400 1738 5473 7,7id
1769 5399 2006 5473 amrmat

430 5477 517 5534 his
540 5481 723 5533 verbis
750 5494 765 5531 :
800 5496 818 5527 ι
846 5470 1115 5531 Eusebius
1145 5475 1220 5529 De
1251 5474 1360 5527 vita
1391 5470 1735 5527 Constantini
1769 5470 1911 5525 libro
1939 5485 2001 5525 Ill

431 5562 493 5604 se
523 5551 759 5618 primum
803 5548 964 5618 verba
1019 5545 1073 5599 in
1127 5544 1335 5618 synodo
1388 5542 1887 5618 fecissentestatur.
1945 5541 2003 5596 Si

430 5612 613 5674 tanien
659 5616 988 5672 'l‘heodorito
1027 5612 1336 5678 credimus,
1394 5612 1708 5667 Eustathius
1751 5612 1958 5681 primus
1985 5651 2001 5679 ,

428 5703 566 5755 ac"
623 5700 688 5742 ut
747 5695 924 5742 autem
960 5684 1277 5742 Theodorus
1324 5681 1733 5756 Hopsuesteuus
1791 5681 1997 5750 scribit,

2118 1839 2298 1912 τέροις
2338 1838 2525 1903 καλοῖς
2565 1838 2938 1910 λυμαινέσθω,
2966 1839 3107 1909 μηδὲ
3149 1839 3250 1910 τῆς
3285 1839 3562 1911 τυράννων
3583 1839 3672 1892 θεο-

2123 1931 2321 2003 μαχίας
2365 1930 2608 1986 ἐκποδὼν
2647 1929 2905 2002 ἀρθείσης
2949 1930 3085 1984 Θεοῦ
3129 1930 3388 2002 Σωτῆρος
3451 1930 3670 2002 δυνάμει,

2119 2023 2320 2095 ἑτέρως
2352 2022 2466 2094 (47)
2500 2025 2528 2077 ὁ
2570 2021 2928 2094 φιλοπόνηρος
2979 2021 3186 2093 δαίμων
3230 2021 3323 2076 τὸν
3362 2021 3504 2075 θεῖον
3537 2021 3672 2093 νόμον

2120 2113 2486 2186 βλασφημίαις
2505 2111 2877 2185 περιϐαλλέτω
2892 2130 2904 2142 ·
2929 2111 3006 2174 ὡς
3028 2111 3217 2184 ἔμοιγε
3239 2111 3444 2175 παντὸς
3467 2111 3671 2183 πολέμου

2118 2206 2212 2259 καὶ
2233 2204 2412 2276 μάχης
2455 2200 2603 2276 δεινὴ
2642 2203 2736 2258 καὶ
2765 2201 3148 2275 χαλεπωτέρα,
3180 2203 3215 2274 ἡ
3247 2203 3346 2274 τῆς
3382 2202 3672 2274 Ἐκκλησίας

2116 2297 2210 2351 τοῦ
2253 2295 2389 2350 Θεοῦ
2432 2295 2698 2369 ἐμφύλιος
2733 2294 3046 2366 νενόμισται
3091 2293 3315 2360 στάσις,
3362 2295 3460 2348 καὶ
3505 2294 3672 2367 μᾶλλον

2115 2389 2286 2444 ταῦτα
2327 2389 2435 2444 τῶν
2480 2389 2677 2457 ἔξωθεν
2711 2388 2931 2462 λυπηρὰ
2967 2389 3382 2458 καταφαίνεται.
3415 2389 3538 2443 Ὅτε
3566 2389 3670 2458 γοῦν

2118 2481 2215 2546 τὰς
2247 2481 2390 2537 κατὰ
2411 2482 2519 2538 τῶν
2547 2482 2819 2554 πολεμίων
2851 2481 3008 2546 νίκας
3030 2482 3260 2554 νεύματι
3289 2483 3390 2536 καὶ
3419 2482 3671 2554 συνεργείᾳ

2117 2574 2212 2629 τοῦ
2245 2575 2550 2647 κρείττονος
2578 2575 2824 2648 ἠράμην,
2854 2575 3006 2630 οὐδέν
3035 2592 3097 2630 τε
3137 2575 3346 2629 λείπειν
3379 2575 3488 2648 (48)
3517 2577 3669 2646 ἐνόμι-

2097 2653 2232 2733 ζον,
2257 2667 2291 2740 ἢ
2321 2667 2440 2740 Θεῷ
2465 2668 2562 2738 μὲν
2587 2667 2828 2740 νομίζειν
2847 2669 2946 2740 τὴν
2973 2667 3154 2741 χάριν,
3188 2669 3505 2741 συγχαίρειν
3525 2667 3576 2721 δὲ
3597 2669 3672 2722 καὶ

2119 2763 2230 2825 τοῖς
2268 2759 2409 2832 ὑπὲρ
2451 2759 2615 2814 αὑτοῦ
2655 2761 2724 2815 δι’
2763 2761 2920 2833 ἡμῶν
2961 2761 3475 2834 ὴλευθερωμένοις·
3513 2761 3668 2833 ἐπειδὴ

2118 2851 2216 2924 τὴν
2239 2851 2511 2924 ὑμετέραν
2525 2852 2809 2908 διάστασιν
2829 2855 2957 2926 παρ’
2981 2853 3170 2908 ἐλπίδα
3193 2855 3378 2908 πᾶσαν
3403 2854 3667 2925 ἐπυθόμην,

2118 2944 2219 2998 οὑκ
2245 2945 2302 2998 ἐν
2328 2943 2562 3017 δευτέρῳ
2590 2944 2687 3018 τὴν
2713 2945 2882 3017 ἀκοὴν
2903 2946 3127 3018 ὲθέμην,
3143 2949 3326 3018 τυχεῖν
3350 2946 3410 3000 δὲ
3435 2946 3669 3002 καὶτοῦτο

2120 3034 2414 3108 θεραπείας
2441 3036 2508 3090 δι’
2535 3037 2676 3110 ἐμῆς
2703 3037 2999 3111 εὐξάμενος
3030 3039 3333 3113 ὑπηρεσίας
3354 3083 3371 3107 ,
3411 3042 3533 3105 τοὺς
3560 3039 3668 3094 πάν-

2123 3147 2224 3194 τας
2271 3129 2539 3202 ἀμελλητὶ
2597 3131 3180 3205 συμμετεστειλάμην·
3235 3134 3331 3187 καὶ
3380 3134 3551 3206 χαίρω
3593 3133 3670 3203 μὲν

2121 3221 2262 3291 ὁρῶν
2291 3222 2390 3296 τὴν
2415 3222 2683 3296 ὑμετέραν
2711 3226 3002 3297 ὁμήγυριν,
3035 3226 3158 3280 τότε
3189 3226 3245 3280 δὲ
3274 3225 3509 3297 μάλιστα
3531 3225 3670 3297 κρίνω

2122 3317 2241 3370 κατ’
2290 3315 2455 3386 εὐχὰς
2488 3315 2722 3387 ἐμαυτὸν
2757 3317 2986 3389 πράξειν
3010 3359 3024 3384 ,
3073 3318 3292 3372 ἐπειδὰν
3333 3321 3460 3383 ταῖς
3505 3318 3670 3388 ψυχαῖς

2119 3407 2526 3479 ἀνακραθέντας
2550 3408 2717 3480 ἴδοιμι
2743 3410 2870 3473 τοὺς
2891 3410 3122 3475 πάντας,
3147 3410 3275 3482 μίαν
3305 3428 3365 3464 τε
3388 3410 3565 3482 κοινὴν
3581 3408 3668 3477 (49)

2117 3499 2487 3572 βραϐεύουσαν
2512 3503 2624 3566 τοῖς
2646 3503 2811 3558 πᾶσιν
2835 3503 3117 3576 εἰρηνικὴν
3145 3503 3490 3575 συμφωνίαν,
3513 3505 3572 3574 ἢν
3593 3501 3668 3554 καὶ

2121 3719 2436 3790 Alexandro
2467 3719 2841 3790 Alexandrino
2881 3721 3124 3790 pontiﬁci
3183 3720 3236 3776 id
3283 3721 3510 3776 honoris
3551 3719 3667 3775 ultro

2121 3789 2356 3860 delatum
2379 3801 2482 3845 est.
2525 3810 2542 3841 ο
2583 3789 2697 3860 Ego
2738 3789 2960 3847 vero’in
2991 3799 3140 3845 tanta
3167 3792 3492 3860 scriptorum
3514 3791 3666 3846 divor-

2118 3861 2281 3914 sitate
2313 3859 2567 3915 libentius
2590 3859 2959 3916 ei’sententias
3015 3859 3366 3924 accesserim,
3417 3877 3536 3930 qua:
3579 3861 3667 3914 Eu-

2115 3931 2266 4002 sebio
2300 3932 2503 4002 primas
2529 3931 2743 3984 dicendi
2769 3943 2953 3998 partes
2983 3947 3012 3986 a
3049 3935 3258 4002 synodo
3305 3931 3510 3987 delatas
3568 3945 3664 3986 esse

2115 3997 2364 4058 allirmat.
2395 3999 2638 4054 Primum
2687 3997 2813 4070 quia
2867 3997 3107 4057 omnium
3154 4002 3272 4056 sine
3323 4002 3663 4057 controversia

2117 4070 2466 4126 doctissimus
2499 4085 2563 4125 ac
2590 4071 2982 4128 disertissimus
3011 4082 3130 4127 erat
3157 4071 3444 4130 Eusebius.
3493 4073 3664 4127 Deinde

2117 4140 2232 4208 ipse
2264 4142 2317 4194 id
2347 4150 2535 4210 aperte
2571 4149 2803 4196 testatur
2827 4145 2880 4196 in
2911 4143 3184 4210 principio
3211 4143 3370 4209 hujus
3402 4145 3575 4210 operis
3595 4141 3662 4194 his

2115 4211 2350 4284 verbis;
2390 4213 2549 4284 "Apri.
2588 4210 2644 4284 δὲ.
2676 4213 2775 4284 καὶ
2800 4214 2959 4284 ἡμεῖς
2990 4213 3145 4267 αὑτοὶ
3184 4213 3495 4267 καλλίνικον
3529 4212 3664 4281 μέσον

2113 4279 2477 4355 ἀπολαϐόντες
2507 4280 2647 4355 Θεοῦ
2675 4279 3003 4355 λειτοῦργῶν
3034 4285 3250 4355 συνόδου
3269 4327 3284 4350 ,
3317 4279 3662 4355 εἰκοσαεήριτ

2113 4354 2228 4430 κρίς
2242 4351 2429 4422 ὕμνοις
2458 4351 3059 4430 isyspat(popa),est1
3076 4352 3444 4430 Nupeneliam
3471 4370 3558 4407 nos
3583 4351 3662 4418 ipsi

2037 4405 2082 4462 Ι)
2111 4405 2359 4476 uictorem
2391 4405 2679 4492 ιῖνίιὶσίρεὸι
2721 4405 2779 4477 ὶή
2803 4405 3115 4478 agmina
3138 4405 3523 4478 assignans
3541 4405 3663 4476 ’σόη-

2109 4499 2263 4545 ventu
2286 4493 2618 4558 residentem,
2655 4494 3017 4549 uicennalibus
3048 4495 3254 4564 hymnis
3298 4494 3558 4565 prosecuti
3582 4507 3660 4544 su-

2107 4577 2244 4616 mus.

2178 4653 2291 4727 (£7)
2350 4655 2611 4724 Ἑτέρως.
2671 4655 2985 4723 Portesius,
3053 4655 3570 4727 ChristOphorsonus
3617 4658 3662 4706 et

2107 4723 2349 4781 GalliCus
2377 4723 2649 4796 interpres
2680 4729 2821 4782 hanc
2855 4742 3041 4783 vocem
3073 4723 3322 4786 omisere.
3349 4735 3656 4782 cumtamen

2111 4805 2222 4866 tota
2255 4799 2339 4851 vis
2363 4798 2648 4851 sententias
2677 4797 2730 4851 in
2760 4813 2822 4852 ea
2859 4813 2994 4852 voce
3048 4799 3222 4866 posita
3272 4799 3362 4851 sit.
3414 4799 3494 4851 Ad
3537 4796 3656 4866 hanc

2107 4865 2252 4938 enim
2285 4881 2470 4938 vocem
2499 4867 2738 4938 refertur
2771 4883 2894 4937 quae
2918 4865 3170 4938 proxime
3215 4868 3462 4936 sequitur
3504 4865 3656 4938 perioe

2107 4934 2247 4989 dus:
2279 4955 2298 4988 ι
2333 4937 2554 5010 Cavete,
2580 4937 2773 5010 inquit,
2789 4934 2872 5010 'ne
2912 4934 3032 5009 post
3065 4934 3307 4992 deletam
3345 4934 3654 5010 tyrannidem

2106 5018 2294 5059 eorum
2324 5007 2414 5070 qui
2468 5007 2577 5062 Deo
2606 5007 2803 5062 bellum
2851 5007 3189 5072 intulerunt,
3231 5007 3426 5062 rursus
3477 5007 3656 5060 damon

2107 5076 2216 5148 alia
2251 5076 2335 5148 via
2365 5076 2684 5148 religionem
2719 5088 2962 5132 nostram
3012 5078 3316 5133 maledictis
3366 5088 3424 5132 et
3473 5077 3656 5148 calum-

2105 5147 2212 5218 niis
2241 5145 2490 5212 objiciat.
2511 5148 2677 5218 r__Alia
2721 5148 2888 5218 igitur
2909 5148 3018 5212 via,
3053 5148 3107 5203 id
3146 5159 3248 5216 est,
3280 5163 3377 5218 per
3407 5146 3654 5204 intestinas

2105 5213 2494 5272 dissensiones.
2528 5215 2661 5272 Vide
2688 5213 2808 5286 quae
2834 5233 2960 5273 nios
2982 5213 3303 5289 sequuntur.

2176 5329 2288 5400 (48)
2351 5330 2541 5385 οὐδέν
2586 5348 2653 5385 τε
2699 5331 2954 5386 λείπειν.
3018 5331 3378 5388 Scribendam
3433 5331 3651 5392 videtur,

2104 5401 2253 5456 οὐδὲν
2262 5400 2465 5474 ἔμοιγε
2509 5401 2716 5474 λείπειν
2758 5401 3028 5474 ἐνόμιζον,
3066 5413 3144 5474 _et
3181 5403 3352 5474 paulo
3400 5411 3517 5474 post
3555 5400 3651 5466 lego

2103 5487 2227 5545 cum
2261 5471 2513 5545 Turnebo
2534 5483 2591 5525 et
2618 5471 2875 5545 Grtttero,
2905 5475 3029 5526 ἐπεὶ
3059 5472 3114 5526 δὲ
3142 5471 3650 5545 τὴν-ὑμετέρανθιεο

2176 5541 2287 5612 (49)
2319 5543 2479 5596 Μίαν
2507 5561 2573 5598 τε
2602 5543 3062 5609 κοινήν.1ἰεειὶιιε
3096 5541 3218 5602 ωεό
3243 5541 3449 5615 judicio
3471 5542 3650 5600 scribe-

2107 5624 2255 5668 retur
2294 5615 2446 5684 κοινῇ
2476 5615 2876 5671 adverbialiter.
