3882 6262
247 293 386 350 1069

1289 275 1377 331 DE
1417 272 1574 328 VlTA
1614 266 2078 327 CONSTANTINI
2116 267 2244 323 LIB.
2287 267 2375 324 Ill.

3330 269 3470 327 i070

246 412 453 484 ἑτέροις
502 410 643 479 ὑμᾶς
684 405 886 477 πρέπον
919 403 984 456 ἂν
1028 400 1113 472 εἴη
1163 397 1482 470 πρεσϐεύειν
1532 392 1642 484 (59)
1682 392 1809 455 τοὺς

1945 387 2146 442 medium
2171 385 2547 449 adhiberetur,
2567 385 2768 453 absque
2785 382 2890 439 ulla
2912 382 3261 440 cunctatione
3281 399 3471 438 omnes

246 502 325 573 τῷ
340 480 474 572 ’Θεῷ
498 495 951 569 καθιερωμένους.
978 490 1068 562 Μὴ
1090 489 1153 561 δὴ
1186 486 1277 542 οὖν
1314 487 1554 558 μέλλετε,
1585 480 1630 537 ὦ
1652 484 1814 552 φίλοι,

252 592 327 665 μὴ
379 591 473 661 δὴ,
523 586 821 656 λειτουργοὶ
871 582 1027 645 Θεοῦ,
1074 582 1168 634 καὶ
1220 580 1313 632 τοῦ
1370 577 1548 632 κοινοῦ
1601 576 1819 629 πάντων

245 684 404 757 ἡμῶν
427 681 695 736 Δεσπότου
730 694 790 731 τε
823 677 917 730 καὶ
960 675 1209 745 Σωτῆρος
1243 671 1436 742 ἀγαθοὶ
1472 670 1816 743 Θεράποντες·

246 777 317 831 τὰ
346 776 445 844 τῆς
478 777 535 827 ἐν
582 773 707 842 ύμῖν
754 763 1081 830 διαστάσεως
1124 766 1273 819 αἴτια
1315 764 1560 819 ἐντεῦθεν
1587 764 1685 836 ἤδη
1716 767 1812 833 φέ-

249 885 367 938 ρειν
393 866 506 936 (51)
555 862 885 934 ἀρξάμενοι,
932 860 1111 913 πάντα
1149 857 1440 928 σύνδεσμον
1486 855 1815 927 ἀμφιλογίας

246 959 433 1031 νόμοις
479 955 701 1028 εἰρήνης
744 951 1067 1005 ὲπιλύσασθε
1104 950 1239 1021 (52).
1280 948 1433 1003 Οὕτω
1463 949 1569 1019 γὰρ
1609 949 1702 1003 καὶ
1738 949 1815 1017 τῷ

247 1052 343 1105 ἐπὶ
389 1049 604 1103 πάντων
643 1045 759 1117 Θεῷ
802 1044 871 1098 τά
910 1040 1114 1115 ἀρεστά
1160 1042 1624 1113 διαπεπραγμένοι
1670 1039 1816 1110 εἴητε

248 1142 337 1206 ἂν,
366 1142 532 1213 κάμοὶ
563 1138 643 1211 τῷ
671 1138 920 1210 ὑμετέρῳ
947 1134 1334 1206 ωνθεράποντι
1381 1133 1818 1228 ύπερϐάλλρυσαν

248 1237 450 1289 δώσετε
480 1235 656 1306 χάριν.
697 1252 716 1284 ›

1915 493 2009 532 vos
2049 479 2335 533 accersivi.
2381 477 2449 531 Et
2497 476 2784 531 maximam
2824 476 3037 546 quidem
3084 474 3265 529 animo
3315 476 3473 539 capio

1916 568 2266 639 voluptatem,
2306 583 2428 622 cum
2460 582 2555 621 vos
2592 576 2949 637 congregatos
2984 566 3217 620 intueor.
3253 564 3357 619 Sed
3386 580 3473 618 me

1916 674 1984 714 ex
2020 668 2144 713 voto
2175 674 2289 713 rem
2317 658 2549 729 gessisse
2577 667 2706 711 tunc
2738 659 2951 712 demum
2982 656 3325 719 existimabo,
3349 670 3472 709 cum

1918 760 2153 806 vestrum
2198 753 2436 806 omnium
2488 752 2697 805 animos
2745 751 2888 804 inter
2938 765 2998 804 se
3042 746 3361 816 conjunctos
3410 764 3476 802 ac

1919 844 2205 913 permistos
2242 843 2406 915 490
2452 842 2674 906 videro,
2718 854 2989 909 unamque
3041 840 3189 894 velut
3233 838 3473 893 omnium

1922 935 2186 991 arbitram
2221 949 2408 1003 pacem
2450 943 2609 1001 alque
2643 931 3011 996 concordiam,
3060 944 3222 998 quam
3257 928 3475 999 quidem

1922 1040 2040 1089 vos,
2083 1033 2269 1094 utpote
2321 1025 2429 1079 Deo
2463 1024 2785 1088 consecrati,
2833 1022 2953 1076 aliis
2975 1022 3201 1077 suadere
3248 1036 3311 1073 ac
3343 1036 3482 1090 prm-

1927 1114 2111 1169 dicare
2136 1114 2363 1169 debetis.
2395 1116 2527 1169 Date
2549 1115 2708 1184 igitur
2736 1128 2978 1182 Operam,
3000 1128 3032 1166 ο
3049 1111 3352 1166 charissimi
3386 1112 3479 1164 Dei

1928 1208 2182 1271 ministri,
2210 1216 2266 1261 et
2290 1208 2593 1262 communis
2622 1207 2866 1262 omnium
2894 1213 3142 1259 nostrum
3180 1203 3389 1257 Domini
3422 1217 3484 1255 ac

1927 1301 2236 1355 Servatoris
2277 1300 2461 1354 ﬁdeles
2490 1299 2697 1363 famuli,
2727 1308 2806 1358 ιιι,
2824 1298 3050 1352 sublatis
3084 1294 3483 1367 quamprimum

250 1396 453 1439 mutuae
519 1387 658 1439 inter
721 1400 814 1439 vos
870 1384 1225 1440 dissensionis
1270 1386 1475 1449 causis,
1528 1401 1718 1441 omnes
1766 1393 2255 1447 controversiarum
2310 1393 2478 1446 nodos
2519 1391 2667 1459 pacis
2715 1388 2921 1459 legibus
2999 1389 3118 1442 sine
3161 1386 3268 1441 ulla
3337 1399 3486 1438 mora

248 1480 580 1533 dissolvatis.
629 1478 741 1532 Hac
780 1480 922 1532 enim
968 1479 1177 1533 ratione
1250 1488 1305 1532 et
1353 1493 1564 1535 summo
1607 1483 1845 1537 omnium
1882 1484 1994 1539 Deo
2069 1500 2180 1539 rem
2248 1482 2613 1550 gratissimam
2664 1479 2899 1541 facturi,
2946 1487 3003 1533 et
3045 1476 3175 1532 mihi
3221 1489 3488 1530 conservo

248 1580 435 1624 vestro
469 1572 659 1641 ingens
688 1569 1008 1624 beneﬁcium
1051 1571 1302 1626 collaturi
1342 1575 1496 1630 estis.
1518 1594 1535 1625 ι

774 1663 1166 1716 ΚΕΦΑΛΑΙΟΝ
1200 1664 1299 1717 II".

252 1752 455 1817 Ὅπως
481 1754 622 1818 τοὺς
651 1753 1201 1830 ἀμφισϐητοῦντας-ᾔ
1214 1757 1333 1810 τῶν
1364 1759 1710 1816 ἐπισκόπων
1738 1767 1824 1830 εἰς

732 1826 1015 1894 ὁμόνοιαν
1038 1825 1344 1896 συνῆψεν.

328 1914 386 1966 '0
417 1915 515 1984 μὲν
545 1914 608 1987 δὴ
640 1916 789 1970 ταῦτ’
815 1916 982 1971 εἰπὼν
1023 1917 1268 1991 Ῥωμαία
1303 1919 1517 1996 γλώττῃ
1537 1963 1552 1988 ,
1583 1925 1827 1996 ύφερμη-

249 2004 501 2070 νεύοντος
522 2007 709 2079 ἑτέρου
729 2048 745 2073 ,
777 2010 1059 2080 παρεδίδου
1087 2011 1177 2065 τὸν
1209 2011 1364 2081 λόγον
1410 2016 1524 2079 τοῖς
1557 2016 1658 2087 τῆς
1706 2036 1827 2072 συν-

248 2096 374 2149 όδου
405 2098 709 2171 προέδροις.
748 2101 1026 2156 Ἐντεῦθεν
1055 2103 1100 2156 δ’
1130 2106 1179 2158 oi
1211 2106 1307 2177 μὲν
1331 2104 1626 2178 ἀρξάμενοι
1659 2128 1825 2181 κατῖΓ

251 2193 449 2247 τιῶντο
478 2195 602 2257 τοὺς
627 2195 815 2259 πέλας,
835 2197 883 2249 oi
904 2195 948 2248 δ’
973 2196 1334 2266 ἀπελογοῦντό
1359 2218 1419 2254 τε
1443 2202 1537 2255 καὶ
1559 2204 1830 2276 ἀντεμέμ-

251 2304 438 2356 φοντο.
489 2286 760 2340 Πλείστων
811 2287 873 2358 δὴ
918 2288 1071 2341 ταῦθ’
1100 2286 1208 2359 ’ὑφ’
1249 2292 1509 2364 ἑκατέρου
1547 2294 1829 2366 τάγματος

250 2380 709 2451 προτεινομένων,
734 2380 931 2451 πολλῆς
954 2384 1003 2434 τ’
1030 2382 1356 2453 ἀμφιλογίας
1388 2385 1456 2439 τά
1484 2387 1674 2459 πρῶτα
1706 2407 1829 2441 συν-

255 2471 586 2542 ισταμένης,
643 2473 973 2539 ἀνεξικάκως
1029 2476 1335 2545 ἐπηκροᾶτο
1399 2477 1648 2547 βασιλεὺς
1724 2480 1831 2533 τῶν

252 2561 498 2626 πάντων,
529 2564 688 2635 σχολῇ
721 2565 767 2616 τ’
814 2565 1012 2636 εύτὸνῳ
1042 2566 1151 2636 (55)
1184 2567 1283 2631 τὰς
1326 2570 1619 2641 προτάσεις
1646 2572 1832 2625 ὑπεδέ-

251 2671 407 2725 χετο,
434 2658 491 2708 ὲν
520 2656 674 2726 μέρει
706 2658 754 2709 τ’
791 2657 1317 2730 ἀντιλαμϐανόμενος
1345 2661 1453 2715 τῶν
1482 2664 1610 2736 παρ’
1643 2664 1834 2718 ἐκατέ-

257 2764 358 2818 ρου
385 2746 662 2818 τάγματος
690 2748 992 2819 λεγομένων
1010 2792 1024 2817 ,
1054 2751 1234 2822 ἠρέμα
1270 2754 1542 2824 συνήγαγε
1586 2757 1713 2820 τοὺς
1748 2776 1836 2828 φι-

252 2837 516 2903 λονείκως
560 2840 972 2910 ἐνισταμένους·
1028 2842 1218 2912 πράως
1271 2860 1328 2895 τε
1378 2844 1695 2916 ποιούμενος
1736 2849 1834 2912 τάς

256 2930 403 3001 πρὸς
435 2931 661 2985 ἕκαστον
694 2933 939 3002 ὁμιλίας,
987 2932 1305 3004 Ἑλληνίζων
1348 2952 1407 2987 τε
1455 2938 1521 3007 τῇ
1562 2942 1710 3009 φωνῇ
1752 2940 1834 2992 ὅτι

2505 1659 2736 1716 CAPUT
2767 1656 2901 1712 Xlll.

1930 1761 2206 1828 Quomodo
2242 1758 2512 1827 episcopos
2552 1753 2692 1806 inter
2710 1766 2763 1803 se
2786 1760 3039 1830 certantes
3066 1746 3132 1799 ad
3156 1743 3491 1798 concordiam

2572 1829 2848 1875 revocarit.

1999 1922 2124 1978 Haec
2158 1921 2247 1975 ille
2279 1933 2402 1975 cum
2434 1914 2630 1970 Latino
2663 1924 2911 1967 sermone
2935 1908 3181 1971 dixisset,
3206 1921 3327 1975 qum
3356 1905 3495 1960 alius

1930 2013 2195 2083 quispiam
2234 2009 2423 2065 Grmce
2469 2007 2863 2073 interpretatus
2910 2009 3031 2063 est,
3070 1998 3324 2066 deinceps
3359 2010 3495 2050 con-

1930 2105 2038 2161 oilii
2099 2101 2420 2174 praesidibus
2479 2110 2784 2153 sermonem
2838 2092 3129 2147 concessit.
3177 2089 3314 2143 Tum
3367 2102 3497 2142 vero

1933 2197 2023 2253 alii
2069 2194 2343 2266 proximos
2385 2188 2705 2247 insimulare
2753 2192 3066 2256 coeperunt,
3105 2183 3194 2236 alii
3232 2196 3494 2236 accusau-

1933 2290 2076 2343 tibus
2105 2283 2460 2356 respondere,
2504 2289 2561 2337 et
2608 2279 2852 2335 vicissim
2891 2275 3067 2345 queri.
3112 2274 3291 2328 Multis
3333 2273 3497 2343 igitur

1934 2379 2074 2434 hunc
2108 2377 2162 2431 in
2205 2375 2418 2430 modum
2454 2386 2523 2427 ex
2572 2380 2803 2439 utraque
2837 2377 2989 2437 parte
3034 2363 3346 2435 propositis,
3384 2378 3499 2414 ma-

1933 2484 2145 2542 gnaque
2194 2465 2571 2524 controversia
2631 2465 2685 2518 in
2740 2462 2857 2532 ipso
2906 2458 3173 2529 principio
3222 2454 3497 2515 excitata,

1941 2564 2236 2631 imperator
2263 2567 2460 2613 cuncta
2490 2553 2887 2625 patientissime
2923 2549 3257 2610 auscultans,
3293 2547 3499 2600 intento

1935 2654 2117 2707 animo
2160 2651 2461 2720 propositas
2520 2645 2848 2716 quaestiones
2900 2641 3142 2712 excepit;
3178 2648 3233 2693 et
3273 2652 3395 2708 quae
3433 2639 3501 2691 ab

1936 2753 2165 2813 utraque
2192 2750 2346 2812 parte
2386 2741 2726 2806 dicebantur,
2772 2734 3015 2791 vicissim
3055 2742 3305 2789 astruens
3336 2738 3503 2799 atque

1936 2835 2222 2906 adiuvans,
2262 2831 2599 2903 pertinacius
2634 2837 2912 2885 certantes
2952 2824 3212 2897 paulatim
3249 2821 3504 2878 concilia-

1937 2927 2035 2981 vit.
2073 2925 2316 2993 Cumque
2347 2937 2536 2978 omnes
2569 2920 2777 2991 placide
2802 2918 3191 2988 alloqueretur,
3229 2928 3286 2971 et
3316 2914 3504 2970 Graeca

260 3023 403 3094 μηδὲ
433 3023 635 3095 ταύτης
660 3024 884 3095 ἀμαθῶς
913 3022 1044 3095 εἶχε,
1074 3026 1337 3100 γλυκερός
1362 3046 1445 3093 τις
1472 3025 1540 3101 ἦν
1566 3031 1659 3083 καὶ
1679 3008 1831 3102 ἧδὺς,

1945 3027 2181 3073 uteretur
2211 3017 2414 3086 lingua,
2456 3017 2655 3086 quippe
2699 3013 2789 3083 qui
2839 3028 2906 3068 ne
2948 3010 3107 3076 huius
3148 3010 3364 3081 quidem
3401 3008 3505 3062 lin-

253 3112 390 3175 τοὺς
439 3112 535 3185 μὲν
583 3114 712 3181 γοῦν
761 3114 961 3168 πείθων
996 3115 1140 3188 (54),
1170 3117 1296 3181 τοὺς
1335 3118 1392 3172 δὲ
1432 3120 1837 3176 καταδυσωπῶν

255 3208 343 3279 τῷ
382 3209 525 3280 λόγῳ
547 3247 563 3274 ,
613 3210 737 3272 τοὺς
783 3210 828 3262 δ’
859 3205 917 3263 εὖ
963 3210 1220 3280 λέγοντας
1251 3214 1517 3281 ἐπαινῶν,
1552 3217 1757 3282 πάντας
1788 3220 1836 3270 τ’

260 3303 346 3365 εις
375 3300 623 3370 ὁμόνοιαν
665 3301 902 3356 ἐλαύνων
922 3345 937 3369 ,
974 3304 1136 3357 εὶσὸθ’
1167 3304 1550 3378 ὁμογνώμονας
1584 3307 1695 3379 (55)
1744 3311 1839 3363 καὶ

263 3392 553 3463 ὁμοδόξους
581 3393 774 3457 αὐτοὺς
824 3395 918 3447 ὲπὶ
964 3397 1076 3459 τοῖς
1108 3396 1637 3469 ἀμφισϐητουμένοις
1665 3399 1836 3467 ἅπασι

258 3485 662 3555 κατεστήσατο.

784 3750 1176 3803 ΚΕΦᾹΛΑΙΟΝ
1219 3752 1315 3805 ῐΔ’.

261 3838 407 3906 Περὶ
443 3839 697 3894 πίστεωτ·
727 3842 824 3894 καὶ
856 3840 960 3893 τοῦ
994 3840 1221 3915 Πᾴσχιι,
1256 3842 1365 3909 τῆς
1391 3843 1653 3897 συνόδου
1691 3845 1841 3915 σύμ-

816 3928 1010 3978 φωνος
1034 3912 1290 3977 ἕκθεσις.

354 3998 443 4062 Ὠς
463 3999 739 4071 ὁμόφωνον
769 4001 865 4071 μὲν
894 4002 1159 4071 κρατῆσαι
1180 4003 1279 4074 τὴν
1309 4004 1511 4067 πίστιν,
1542 4004 1639 4074 τῆς
1666 4021 1839 4075 σωτη-

266 4089 392 4160 ριου
438 4091 483 4142 δ’
516 4091 706 4161 ἑορτῆς
731 4092 820 4145 τὸν
851 4092 1009 4145 αὑτὸν
1040 4092 1190 4164 παρά
1230 4096 1343 4157 τοῖς
1384 4094 1548 4148 πᾶσιν
1577 4095 1839 4167 ὁμολογη-

264 4181 432 4251 θῆναι
460 4181 649 4252 καιρόν
670 4199 682 4210 ’
714 4181 973 4252 ἐκυροῦτο
1001 4181 1044 4235 δ’
1078 4182 1176 4253 ἤδη
1204 4183 1295 4235 καὶ
1318 4184 1375 4235 ἐν
1403 4187 1587 4254 γραφῇ
1618 4184 1683 4236 δι’
1712 4185 1841 4237 ύπο-

267 4289 341 4344 ση
351 4271 624 4344 μειώσεως
652 4272 880 4325 ἑκάστου
908 4273 975 4326 τὰ
1002 4276 1154 4345 κοινῇ
1176 4274 1466 4346 δεδογμένα
1491 4275 1625 4346 (56).
1654 4269 1753 4328 Ὧν
1779 4275 1841 4347 δὴ

1941 3124 2059 3179 guae
2095 3109 2319 3179 ignarus
2354 3117 2520 3173 esset,
2566 3105 2925 3162 suavissimus
2970 3118 3038 3157 ac
3078 3100 3505 3172 iucundissimus

1942 3202 2068 3267 fuit,
2120 3202 2246 3257 dum
2277 3200 2413 3255 alios
2443 3200 2492 3254 vi
2523 3199 2790 3253 rationum
2821 3196 3082 3251 adductos
3119 3195 3174 3249 in
3208 3209 3358 3250 suam
3384 3207 3507 3249 sen-

1942 3295 2166 3350 tentiam
2203 3294 2388 3359 trahit,
2425 3292 2562 3347 alios
2598 3301 2720 3345 orat
2753 3300 2806 3346 et
2828 3288 3025 3357 ﬂectit,
3064 3300 3267 3357 eosque
3301 3286 3390 3355 qui
3420 3301 3507 3340 re-

1941 3397 2028 3443 cte
2058 3387 2341 3451 dixissent,
2376 3384 2626 3439 laudibus
2655 3381 2838 3449 afﬁcit,
2880 3391 2935 3437 et
2970 3382 3250 3436 universos
3279 3378 3343 3433 ad
3376 3392 3508 3432 con-

1944 3480 2183 3535 cordiam
2219 3480 2431 3533 incitat.
2474 3478 2654 3532 Donec
2700 3476 2916 3529 tandem
2962 3489 3055 3529 cos
3101 3471 3402 3528 concordes
3450 3469 3507 3523 in

1943 3572 2195 3623 omnibus
2221 3571 2285 3622 de
2315 3569 2515 3640 quibus
2537 3577 2696 3622 antea
2722 3567 3053 3629 certabatur,
3087 3572 3142 3619 et
3167 3561 3509 3619 consentien-

1945 3674 2027 3717 tes
2060 3661 2257 3717 cﬂ‘ecit.

2520 3748 2748 3804 CAPUT
2788 3748 2924 3803 XIV.

2016 3839 2244 3896 ϐοηθοῖς
2296 3840 2482 3911 synodi
2522 3841 2779 3894 sententia
2828 3840 2892 3893 de
2933 3837 3036 3906 ﬁde
3079 3846 3126 3889 et
3162 3836 3227 3888 de
3275 3832 3505 3890 Pascha.

2016 3997 2163 4052 Adeo
2197 4006 2257 4051 ut
2289 4012 2395 4051 non
2423 3998 2581 4052 modo
2613 3996 2772 4051 unius
2802 3996 2926 4051 lidei
2972 3995 3329 4051 consonantia
3364 3992 3505 4062 apud

1947 4103 2135 4145 omnes
2203 4090 2504 4154 obtineret,
2564 4104 2751 4143 verum
2818 4089 2983 4143 etiam
3038 4103 3203 4141 unum
3258 4087 3512 4153 idemque

1950 4195 2156 4253 tempus
2186 4185 2238 4239 in
2270 4184 2525 4240 salutaris
2565 4182 2689 4237 festi
2735 4182 3102 4238 celebratione
3139 4180 3207 4234 ab
3254 4179 3510 4234 omnibus

1949 4275 2275 4330 firmaretur.
2309 4273 2478 4329 Porro
2516 4288 2579 4329 ea
2615 4287 2735 4342 qua:
2780 4273 2833 4326 in
2862 4286 3143 4328 commune
3168 4270 3506 4340 placuerant,

344 4424 458 4495 (50)
488 4425 819 4499 Πρέπονγᾶν
840 4427 932 4499 εῖῃ
975 4427 1347 4494 πρεσϐεύειν.
1398 4428 1535 4482 Male
1587 4427 1831 4486 Christo-

1945 4431 1990 4484 in
2029 4431 2137 4496 1.ι,
2170 4445 2289 4498 cap.
2319 4430 2389 4493 5;
2422 4441 2477 4485 et
2526 4428 2664 4499 apud
2705 4427 3295 4499 Nicephorninlegitur
3356 4425 3511 4499 εύτός

266 4494 580 4567 pliorsonus
612 4498 798 4558 vertit,
828 4513 859 4549 a
886 4497 991 4549 Deo
1020 4501 1318 4567 impetrare,
1346 4514 1470 4553 cum
1507 4501 1687 4567 potius
1715 4517 1836 4556 ver.-

269 4577 391 4618 tere
425 4565 699 4621 debuisset
726 4567 1036 4634 praedicare.
1069 4566 1163 4621 Sic
1202 4568 1345 4621 enim
1376 4565 1639 4624 Eusebius
1694 4570 1837 4625 hanc

268 4649 463 4687 vocem
487 4651 752 4704 usurpare
787 4636 944 4704 solet.
971 4646 1030 4690 ut
1061 4645 1208 4704 patet
1244 4652 1310 4691 ex
1343 4639 1642 4693 innumeris
1658 4638 1841 4694 Histo-

270 4704 372 4757 rite
405 4703 769 4775 ecclesiastica:
799 4703 954 4775 locis,
988 4703 1218 4774 excutpli
1260 4710 1431 4774 gratia
1494 4709 1548 4761 in
1612 4710 1701 4764 lib.
1762 4726 1837 4774 tv,

269 4789 395 4841 cap.
430 4773 512 4826 15.
558 4774 693 4829 Male
727 4778 779 4829 in
825 4773 961 4829 Fuk.
1011 4786 1064 4830 et
1111 4773 1236 4830 sav.
1269 4773 1433 4833 codd.
1496 4778 1698 4849 legitur
1753 4773 1840 4851 εἴη

271 4841 580 4913 βραϐεύειν.
688 4912 692 4913 ν

308 4859 580 4915 ρα-οιυειν.

348 4913 461 4989 (⁸51)
507 4912 817 4967 Ἐντεῦθεν
993 4915 1213 4984 φέρειν.
1256 4920 1439 4989 Longe
1488 4918 1642 4972 aliter
1667 4921 1836 4975 codex

268 4982 504 5059 Fulr.,jn
539 4999 646 5059 quo
671 4995 813 5037 totus
832 4987 927 5059 hic
952 4982 1101 5059 locus
1135 4990 1204 5040 ita
1237 4982 1516 5049 scribitur,
1550 4990 1619 5042 τὰ
1659 4991 1754 5059 τῆς
1779 4992 1836 5044 ὲν

270 5055 406 5131 ὑμῖν
436 5053 760 5131 διαστάσεως
792 5052 938 5107 αἴτια
961 5056 1051 5107 τοῦ
1074 5055 1260 5110 λοιποῦ
1291 5059 1473 5131 φέρειν
1494 5052 1833 5129 ἀνάσχοισθε,

271 5125 458 5198 ⁸πάντα
513 5124 569 5198 δὲ
617 5124 927 5198 σύνδεσμον,
968 5134 1083 5198 _etc.
1140 5124 1314 5198 Atque
1362 5124 1447 5191 ’,διε
1494 5124 1724 5184 διινίίῖυε
1784 5142 1840 5186 et

270 5193 801 5268 Christopliorsonus
826 5196 876 5246 in
900 5195 1011 5268 suis
1046 5193 1317 5253 codicibus
1351 5211 1693 5268 repererunt.

349 5263 462 5337 (52)
501 5265 919 5337 Ἐπιλύσασθε.
968 5265 1112 5335 Lego
1170 5284 1293 5322 cum
1342 5263 1837 5337 Ch'i-istophorsono

271 5332 677 5390 ἐπιλύσασθαι·
730 5336 955 5406 vulgata
995 5332 1171 5392 tamen
1228 5339 1389 5393 lectio
1435 5332 1579 5392 stare
1624 5350 1831 5406 potest,

275 5407 436 5478 modo
467 5415 587 5471 post
617 5419 805 5459 vocem
834 5404 1177 5475 θεράποντες,
1202 5424 1321 5474 qua:
1355 5410 1512 5476 paulo
1552 5404 1674 5463 ante
1703 5427 1837 5478 prae-

275 5477 461 5540 ceSsit,
500 5484 731 5545 ponatur
765 5485 1022 5545 punctum
1055 5480 1427 5545 semiplenam,
1456 5490 1513 5532 ut
1563 5481 1627 5532 ad
1684 5477 1833 5533 uram

276 5545 361 5599 sui
393 5544 525 5620 libri
555 5544 759 5620 notavit
779 5544 1029 5620 Savilius.
1049 5544 1206 5601 Certe
1231 5548 1495 5620 incodice
1523 5547 1688 5617 Regio
1719 5562 1838 5620 post

275 5627 468 5669 vocem
503 5614 830 5685 θεράποντες
864 5617 1035 5685 posita
1064 5628 1146 5670 est
1172 5618 1345 5671 media
1376 5614 1669 5673 distinctio.

348 5685 464 5754 (55)
728 5682 927 5765 ρ’χολῇ
948 5702 1013 5769 τε
1052 5687 1331 5769 εὐτόνως.
1372 5688 1837 5771 ᾼρυύσξοοοηναιειιι

1940 4518 2036 4571 νῳ.
2068 4497 2320 4556 Gelasins
2338 4511 2520 4555 autem
2544 4497 2844 4569 Cyzicenus
2876 4513 2996 4571 cap.
3026 4497 3117 4561 28,
3144 4498 3307 4571 habet
3333 4498 3510 4571 ,εὐτο-

1942 4565 2154 4642 νωτάτῃ
2177 4589 2189 4600 ·
2223 4587 2344 4625 cum
2395 4565 2620 4642 Socrate
2661 4565 3007 4624 consentiunt
3036 4571 3207 4623 codex
3252 4565 3509 4622 Fuketia-

1943 4657 2046 4696 nus
2073 4639 2375 4695 et'scbedaa
2401 4639 2606 4709 Regius.

2014 4710 2126 4782 (54)
2160 4711 2303 4777 Τοὺς
2331 4710 2446 4782 μὲν
2481 4706 2631 4782 Αξεοῦν
2651 4710 2887 4782 πείθων.
2925 4706 3075 4782 Apud
3131 4706 3407 4782 Socratem
3455 4716 3511 4782 et.

1943 4776 2213 4835 Gelasium
2243 4776 2307 4834 ac
2331 4776 2709 4847 Nicephorum
2754 4780 2947 4847 legitur
2982 4776 3107 4840 τοὺς
3146 4778 3244 4847 μὲν
3280 4777 3512 4848 συμπεί-

1946 4850 2071 4903 Θων.
2100 4852 2203 4904 Sed
2247 4852 2410 4904 codex
2442 4850 2639 4917 Regius
2659 4849 2875 4915 prmfert
2898 4850 3020 4917 τοὺς
3055 4848 3151 4917 μὲν
3180 4848 3399 4901 πείθων.

2017 4920 2127 4991 (55)
2164 4920 2382 4991 Εἰσόθῖ
2426 4916 2866 4988 ὁμογνώμονας.
2935 4916 2990 4972 in
3041 4916 3260 4973 Gelasio
3316 4919 3514 4988 legitur

1943 4988 2045 5052 ἓως
2067 4988 2177 5054 ὅτε,
2206 4992 2343 5057 quod
2373 4990 2515 5043 idem
2542 5001 2643 5043 est.

2016 5060 2129 5132 (56)
2166 5060 2239 5115 Τὰ
2258 5057 2884 5132 κοινῇδεδογμένατίιιι
2909 5066 3013 5132 est,
3044 5057 3164 5111 ﬁdei
3198 5057 3426 5132 (ormula
3457 5066 3513 5132 et

1944 5127 2179 5184 canones
2202 5146 2323 5184 cum
2364 5129 2588 5198 epistola
2639 5129 2921 5200 synodica.
2970 5127 3096 5182 llaec
3128 5128 3275 5200 enim
3311 5128 3511 5200 Δοιιιιιὶιι

1945 5200 2275 5270 singulorum
2319 5197 2692 5270 epi’scoporun'i
2756 5198 3245 5266 subscriptionibus
3300 5197 3511 5270 ﬁrmata

1947 5265 2089 5323 suu't.
2118 5270 2220 5335 Qui
2249 5265 2447 5339 praeter
2476 5265 2589 5323 hinc
2620 5269 2722 5322 tria
2754 5278 2947 5336 putant
2971 5265 3148 5339 etiam
3176 5270 3311 5339 Acta
3339 5265 3513 5320 Nicae-

1945 5355 2029 5393 ηαξ
2057 5337 2499 5409 synodi‘scriptis
2544 5354 2668 5409 esse
2696 5340 2973 5409 imandata
3004 5377 3020 5402 ,
3071 5338 3105 5390 ii
3158 5337 3513 5409 vehementer

1946 5405 2224 5463 falluntur.
2254 5405 2461 5477 Quippe
2514 5408 2778 5463 Eusebius
2820 5408 3019 5463 diserte
3068 5416 3322 5471 testatur,
3375 5405 3509 5460 nihil

1946 5480 2165 5547 scriptis
2199 5478 2453 5532 traditum
2477 5477 2662 5542 fuisse,
2688 5490 2882 5546 praeter
2902 5493 2965 5533 ea
2993 5492 3111 5545 qua:
3142 5492 3209 5531 ex
3236 5477 3508 5547 communi

1947 5546 2175 5603 contsilio
2213 5549 2434 5602 decreta
2478 5549 2695 5602 tueraut
2728 5566 2740 5601 :
2769 5563 2940 5616 eaque
2979 5548 3223 5599 Olltllillm
3272 5546 3506 5616 subscrig

1946 5620 2221 5688 ptionibns
2259 5618 2507 5688 roborata
2533 5618 2699 5673 fuisse
2732 5614 2878 5673 dicit.
2909 5617 3173 5671 Baronius
3196 5617 3410 5688 qvidem
3448 5614 3519 5675 ad

1948 5686 2149 5765 annum
2176 5687 2376 5744 Christi
2400 5686 2525 5765 325,
2547 5703 2664 5759 cap.
2701 5688 2789 5755 6:2,
2824 5691 2957 5745 Acta
3007 5704 3036 5741 a
3066 5686 3517 5760 synodo'Nicaena
