3882 6262
254 438 391 495 i073

1306 430 1396 485 DE
1447 427 1609 484 VITA
1652 424 2108 484 CONSTANTINI
2146 423 2273 480 LIB.
2321 425 2412 480 III.

3356 422 3496 481 1074

254 570 361 625 ρων
381 550 492 623 (60)
517 548 985 623 προσανεπαύοντο
1009 548 1278 610 κλινάδας.
1307 543 1540 617 Χριστοῦ
1565 542 1798 615 βασιλεία

1937 558 2058 598 cum
2095 543 2420 612 imperatore
2446 537 2813 594 accubuerunt
2836 535 2958 593 :alii
2984 536 3033 590 in
3066 535 3307 593 stibadiis
3329 540 3497 603 utrin-

250 644 428 708 εδοξεν
483 642 549 697 ἄν
598 660 681 706 τις
722 640 1146 712 φαντασιοῦσθαι
1183 640 1396 704 είκόνα,
1443 638 1574 708 ὄναρ
1613 640 1659 691 τ’
1686 633 1822 691 εἶναι.

251 735 367 791 ἀλλ’
396 735 495 805 οὐχ
531 732 677 807 ὕπαρ
709 732 769 788 τὸ
800 732 1104 805 γινόμενον.

762 908 1159 962 ΚΕΦΑΛΑΙΟΝ
1191 905 1306 975 tq'.

280 1003 629 1072 Χαρὶσματα
684 1001 1088 1072 ἐπισκόποις,
1127 999 1223 1053 καὶ
1282 996 1589 1069 γράμματα
1640 999 1788 1070 πρὸς

366 1070 375 1072 ἡ
476 1070 483 1071 ί
810 1072 951 1137 τοὺς
1010 1070 1261 1135 πάντας.

209 1160 217 1221 ἱ
328 1164 482 1218 Ἐπεὶ
529 1164 585 1218 δὲ
634 1163 901 1235 λαμπρῶς
948 1162 1014 1216 τὰ
1060 1162 1159 1232 τῆς
1212 1162 1444 1233 εὐωχίας
1493 1160 1820 1234 προύχώρει,

204 1290 207 1315 ε
239 1252 323 1306 ἔτι
356 1256 452 1309 καὶ
478 1255 635 1309 τοῦτο
660 1255 907 1326 βασιλεὺς
926 1254 1263 1326 δεξιούμενος
1278 1256 1402 1318 τοὺς
1420 1255 1625 1318 πάντας
1654 1270 1822 1325 προσ-

239 1346 429 1412 ετίθει,
489 1348 875 1420 μεγαλοψύχως
939 1348 1168 1402 ἕκαστον
1203 1348 1345 1402 κατὰ
1376 1348 1474 1419 τὴν
1511 1347 1823 1420 πρέπουσαν

236 1437 401 1506 ἀξίαν
432 1443 544 1503 τοῖς
573 1443 703 1513 παρ’
733 1440 897 1494 αὐτοῦ
923 1440 1095 1511 τιμῶν
1129 1439 1339 1505 ξενίοις.
1371 1441 1483 1513 Τῆς
1512 1440 1567 1493 δὲ
1606 1439 1822 1493 συνόδου

237 1532 468 1603 ταύτης,
505 1533 598 1586 καὶ
637 1535 749 1596 τοῖς
784 1532 858 1604 μὴ
892 1533 1123 1605 παροῦσι
1152 1532 1249 1604 τὴν
1284 1534 1504 1603 μνήμην
1530 1532 1593 1584 δι’
1621 1532 1820 1586 οἰκείου

239 1626 529 1695 παρεδίδου
555 1626 895 1697 γράμματος,
920 1626 947 1678 ὃ
967 1626 1031 1698 δὴ
1055 1626 1149 1679 καὶ
1169 1625 1320 1690 αὐτὸ,
1342 1624 1528 1697 ὥσπερ
1549 1626 1606 1678 ὲν
1629 1624 1817 1695 στήλῃ,

238 1717 371 1787 τῇδε
404 1719 469 1787 τῇ
513 1716 640 1787 περὶ
682 1715 845 1769 αὐτοῦ
887 1716 1107 1786 συνάψω
1149 1716 1425 1788 διηγήσει,
1470 1715 1657 1769 τοῦτον
1700 1716 1821 1786 ἔχον

235 1809 332 1861 τὸν
367 1809 590 1880 τρόπον.

770 1898 1165 1952 ΚΕΦΑΛΑΙΟΝ
1194 1894 1291 1951 ΙΖ’.

232 1992 694 2046 Κωνσταντίνου
726 1991 874 2058 πρὸς
897 1992 1003 2057 τὰς
1038 1990 1403 2057 Ἐκκλησίας
1433 1990 1566 2059 περὶ
1599 1989 1709 2058 τῆς
1745 1988 1815 2043 ἐν

756 2063 973 2130 Νικαίςι
1010 2061 1298 2115 συνόδου.

372 2174 391 2205 ς
427 2154 829 2214 Κωνσταντῖνος
862 2150 1129 2213 Σεϐαστὸς
1156 2152 1275 2213 ταῖς
1317 2149 1681 2221 Ἐκκλησίαις.

309 2264 327 2296 ι
361 2246 565 2316 Πείραν
592 2241 765 2295 λαϐών
796 2242 861 2295 ἐκ
886 2240 987 2310 τῆς
1016 2238 1124 2293 τῶν
1152 2239 1343 2293 κοινῶν
1367 2239 1682 2311 εὐπραξίας,
1711 2239 1809 2309 ὅση

227 2338 332 2410 τῆς
370 2338 522 2401 θείας
563 2336 844 2405 δυνάμεως
889 2333 1101 2403 πέφυκε
1136 2332 1317 2404 χάρις,
1362 2331 1551 2386 τοῦτον
1593 2331 1698 2403 πρό
1748 2348 1813 2401 γε

229 2429 453 2483 πάντων
496 2427 687 2499 ἔκρινα
735 2419 871 2478 εἶναί
917 2441 1003 2494 μοι
1048 2424 1345 2495 προσήκειν
1384 2422 1618 2487 σκοπὸν,
1668 2423 1812 2486 ’ὁπως

229 2522 388 2591 παρά
420 2522 531 2583 τοῖς
560 2517 999 2590 μακαριωτάτοις
1034 2516 1135 2587 τῆς
1158 2516 1451 2587 καθολικῆς
1492 2514 1811 2587 Ἐκκλησίας

228 2609 463 2681 πλήθεσι
512 2610 693 2672 πίστις
728 2609 826 2680 μία
854 2608 949 2660 καὶ
985 2596 1281 2679 εἰλικρινὴς
1316 2608 1535 2678 ἀγάπη,
1578 2605 1813 2677 ὁμογνώ-

226 2722 350 2773 μων
393 2720 452 2757 τε
488 2704 618 2774 περὶ
663 2702 755 2755 τὸν
788 2700 1083 2772 παγκρατῆ
1116 2701 1247 2755 Θεὸν
1274 2700 1522 2754 εὐσέϐεια
1554 2701 1808 2771 τηρῆται.

237 2793 382 2846 Ἀλλ’
415 2794 601 2864 ἐπειδὴ
644 2793 788 2847 τοῦτ’
813 2795 912 2865 ούχ
951 2789 1061 2848 οἷόν
1079 2795 1126 2848 τ’
1150 2790 1218 2864 ἦν
1242 2793 1433 2864 ἀκλινῆ
1456 2794 1550 2847 καὶ
1590 2792 1812 2863 βεϐαίαν

221 2887 383 2952 τάξιν
409 2886 623 2949 λαϐεῖν,
663 2889 712 2939 εί
741 2887 817 2957 μὴ
864 2887 944 2949 είς
974 2887 1139 2940 ταύτὸ
1174 2886 1391 2939 πάντων
1422 2885 1579 2957 ὁμοῦ,
1626 2887 1659 2956 ἢ
1703 2885 1812 2938 τῶν

221 2979 359 3048 γοῦν
390 2980 651 3033 πλειόνων
681 2982 991 3035 ἐπισκόπων
1020 2980 1381 3034 συνελθόντων
1401 3022 1416 3046 ,
1447 2980 1676 3033 ἑκάστου
1698 2978 1810 3031 τῶν

222 3070 613 3142 προσηκόντων
659 3072 724 3141 τῇ
774 3071 1053 3142 ἁγιωτάτῃ
1105 3069 1371 3141 θρησκείᾳ
1410 3064 1678 3140 διάκρισις
1721 3068 1810 3137 γέ-

220 3180 392 3227 νοιτο,
435 3161 624 3218 τούτου
667 3163 855 3217 ἕνεκεν
905 3162 1173 3216 πλείστων
1210 3162 1349 3215 ὅσων
1397 3159 1808 3232 συναθροισθέν-

220 3270 356 3318 των,
386 3254 547 3316 αὐτὸς
578 3253 634 3307 δὲ
672 3253 925 3325 καθάπερ
956 3249 1037 3317 εἷς
1064 3252 1125 3319 ἐξ
1162 3252 1315 3325 ὑμῶν
1347 3253 1642 3323 ἐτύγχανον
1672 3264 1807 3323 συμ-
1834 3256 1876 3313 C

219 3345 418 3420 παρὼν
452 3347 532 3419 (οὐ
574 3346 681 3417 γὰρ
719 3344 1064 3418 ἀρνησαίμην
1085 3344 1172 3410 ἂν,
1220 3344 1305 3412 ἐφ’
1330 3336 1375 3411 ᾧ
1410 3344 1643 3415 μάλιστα
1682 3344 1806 3413 χαί-

221 3458 338 3511 ρω,
385 3438 736 3510 συνθεράπων
781 3437 1044 3508 ὑμέτερος
1082 3435 1424 3505 πεφυκέναι),
1458 3434 1585 3506 ἄχρι
1628 3433 1811 3487 τοσού-

217 3549 319 3584 του
370 3531 589 3585 ἅπαντα
655 3530 758 3599 τῆς
823 3528 1208 3601 προσηκούσης
1268 3528 1565 3599 τετύχηκεν
1622 3526 1808 3591 ἐξετά-

220 3641 382 3686 σεως,
424 3624 582 3694 ἄχρις
612 3616 671 3676 οὗ
706 3624 739 3693 ἡ
774 3620 851 3692 τῷ
887 3621 1101 3675 πάντων
1128 3621 1307 3694 ὲφόρῳ
1336 3620 1455 3691 Θεῷ
1491 3619 1804 3691 ἀρέσκουσα

218 3714 435 3786 γνώμη,
485 3715 621 3785 πρὸς
665 3713 762 3785 τὴν
800 3713 899 3783 τῆς
938 3713 1189 3785 ἑνότητος
1222 3712 1538 3783 συμφωνίαν
1584 3711 1694 3783 (Gl)
1724 3713 1803 3774 εἰς

217 3804 339 3874 φῶς
371 3804 618 3876 προήχθη
644 3843 659 3868 ,
694 3804 770 3867 ὼς
816 3802 981 3873 μηδὲν
1026 3802 1105 3856 ἔτι
1140 3802 1275 3875 πρὸς
1322 3802 1585 3873 διχόνοιαν
1628 3802 1662 3873 ἢ
1714 3799 1804 3855 πί-

218 3913 389 3960 στεως
412 3898 816 3970 ἀμφισϐήτησιν
850 3894 1255 3951 ὑπολείπεσθαι.
1531 3880 1542 3889 ’

736 3987 1133 4042 ΚΕΦΑΛΑΙΟΝ
1165 3987 1273 4039 IH'.

270 4078 383 4134 Τοῦ
433 4078 618 4134 αὐτοῦ
661 4079 793 4148 περὶ
834 4078 1186 4148 συμφωνίας
1230 4074 1339 4148 τῆς
1369 4074 1486 4148 τοῦ
1530 4075 1747 4146 Πάσχα

529 4145 780 4219 ἑορτῆςῖ,
829 4145 929 4203 καί
964 4145 1123 4202 ’κατὰ
1169 4145 1483 4202 Ἰουδαίων.

280 4241 481 4297 σἜνθα
503 4243 596 4295 καὶ
625 4241 751 4313 περὶ
775 4241 873 4310 τῆς
899 4239 994 4292 τοῦ
1026 4240 1217 4308 Πάσχα
1249 4236 1555 4308 ἁγιωτάτης
1585 4236 1799 4309 ἡμέρας

212 4332 515 4404 γενομένης
547 4333 825 4406 ζητήσεως
847 4372 862 4398 ,
889 4332 1033 4399 ἔδοξε
1062 4335 1213 4402 κοινῇ
1241 4331 1436 4405 γνώμῃ
1471 4331 1581 4403 (62)
1616 4330 1797 4394 καλῶς

213 4424 378 4494 ἔχειν,
412 4426 503 4478 ἐπὶ
539 4426 665 4495 μιᾶς
692 4426 902 4497 ἡμέρας
934 4425 1142 4488 πάντας
1177 4424 1302 4487 τοὺς
1333 4424 1644 4494 ἁπανταχοῦ
1678 4425 1796 4477 ἐπι-

210 4517 407 4571 τελεῖν.
431 4518 495 4570 Τί
516 4517 622 4589 γὰρ
642 4519 773 4588 ἡμῖν
795 4517 1032 4581 κάλλιον,
1050 4517 1102 4569 τί
1126 4516 1181 4569 δὲ
1208 4516 1529 4587 σεμνότερον
1552 4516 1793 4588 ὑπάρξαι

1929 649 2034 705 que
2068 633 2342 702 dispositis
2377 632 2718 685 discubuere.
2766 628 2991 685 Prorsus
3041 629 3216 700 imago
3246 630 3490 699 quazdam

1923 726 2076 798 regni
2125 724 2327 781 Christi
2372 722 2702 786 adumbrari,
2732 734 2923 792 resque
2954 721 3065 791 ipsa
3094 722 3302 777 somnio
3328 735 3490 793 quam

1924 817 2134 875 veritati
2173 816 2390 888 propior
2416 815 2713 870 videbatur.

2505 904 2733 964 CAPUT
2772 905 2912 961 XVI.

1932 1002 2159 1058 Munera
2183 1000 2437 1072 episcopis
2451 999 2668 1066 donata,
2684 1008 2731 1053 et
2759 999 2947 1054 littera:
2968 999 3035 1052 ad
3057 1013 3231 1053 omnes
3259 999 3488 1068 scripttc.

1993 1159 2291 1214 Celebratis
2324 1157 2756 1228 splendidissimo
2777 1166 3035 1227 apparatu
3066 1157 3357 1222 conviviis,
3388 1159 3488 1211 ἱιιι-

1922 1261 2142 1321 perator
2173 1261 2401 1307 cunctos
2431 1251 2730 1307 liberaliter
2763 1251 3062 1321 excipiens,
3106 1251 3158 1305 id
3188 1251 3351 1305 etiam
3388 1266 3489 1321 pro

1924 1361 2020 1403 sua
2066 1344 2462 1415 magniﬁcentia
2514 1346 2737 1417 adjecit,
2790 1354 2849 1400 ut
2903 1358 3344 1414 unumquemque
3389 1358 3488 1414 pro

1922 1440 2133 1493 meritis
2188 1453 2251 1493 ac
2311 1439 2578 1508 dignitate
2637 1437 2954 1494 muneribus
3009 1439 3318 1493 honoraret.
3382 1435 3490 1492 Eos

1921 1545 2139 1601 quoque
2166 1530 2255 1599 qui
2294 1530 2422 1586 huic
2468 1532 2673 1602 synodo
2725 1530 2947 1584 minime
2991 1529 3388 1595 interfuissent,
3423 1528 3491 1584 de

1922 1622 2159 1677 rebusin
2186 1636 2249 1676 ea
2285 1624 2456 1693 gestis
2488 1624 2755 1679 certiores
2784 1623 2909 1677 fecit
2938 1636 3035 1691 per
3066 1623 3277 1677 litteras
3303 1639 3317 1676 :
3351 1636 3490 1693 quas

1921 1713 1975 1768 in
2027 1714 2130 1769 hoc
2172 1728 2360 1783 opere,
2394 1723 2653 1783 tanquam
2697 1714 2750 1767 in
2787 1712 2969 1768 tabula
3008 1713 3240 1783 quadam
3291 1712 3491 1769 incisas

1920 1819 2237 1875 proponam.
2267 1804 2401 1860 Sunt
2434 1815 2607 1860 autem
2639 1804 2964 1872 huiusmodi.

2481 1896 2706 1954 CAPUT
2748 1897 2909 1953 XVII.

1921 1991 2164 2063 Epistola
2196 1991 2534 2047 Constantini
2558 1990 2626 2044 ad
2651 1988 2916 2044 Ecclesias
2939 1990 3003 2043 de
3023 1988 3221 2059 synodo
3243 1984 3488 2043 Nicama.

1993 2104 2013 2138 ι
2050 2086 2435 2143 Constantinus
2461 2084 2736 2155 Augustus
2774 2084 3058 2139 Ecclesiis.

1993 2198 2013 2232 ι
2043 2178 2175 2234 Cum
2225 2196 2292 2235 ex
2325 2193 2584 2249 prospero
2618 2176 2925 2246 reipublicae
2969 2184 3109 2231 statu
3150 2184 3488 2245 compertum

1918 2272 2197 2338 haberem,
2254 2281 2457 2343 quanta
2507 2270 2700 2326 fuisset
2759 2286 2888 2342 erga
2946 2285 3046 2325 nos
3102 2271 3493 2341 omnipotentis

1919 2365 2017 2420 Dei
2047 2364 2387 2435 benignitas,
2424 2364 2476 2417 in
2501 2364 2607 2419 hoc
2637 2364 2912 2434 praecipue
2942 2362 3072 2417 mihi
3098 2361 3485 2417 elaborandum

1919 2472 2039 2513 esse
2069 2455 2397 2523 existimavi,
2429 2465 2489 2509 ut
2526 2470 2557 2509 a
2589 2454 2952 2510 sanctissimis
2994 2453 3251 2509 Ecclesiae
3295 2455 3487 2509 catho-

1917 2550 2034 2605 licae
2061 2549 2275 2620 populis
2305 2563 2411 2603 una
2445 2547 2602 2611 ﬁdes,
2625 2549 2837 2604 sincera
2868 2548 3129 2610 charitas,
3155 2554 3209 2601 et
3247 2561 3485 2601 consona

1917 2656 2043 2712 erga
2092 2640 2519 2709 omnipotentem
2554 2639 2722 2710 Deum
2769 2639 2956 2707 religio
3003 2635 3486 2693 servareturJSetl

1917 2735 2166 2804 quoniam
2192 2732 2307 2788 fieri
2343 2748 2447 2787 non
2477 2740 2693 2803 poterat
2725 2745 2784 2786 ut
2813 2747 2875 2786 ea
2919 2745 3008 2785 res
3035 2731 3188 2784 ﬁrme
3217 2743 3281 2783 ac
3313 2728 3485 2783 stabi-

1916 2825 2044 2879 liter
2070 2825 2509 2889 constitueretur,
2548 2823 2653 2876 nisi
2699 2821 2952 2877 omnibus
3001 2813 3296 2891 e'piscopis,
3320 2816 3484 2889 492

1916 2917 2000 2970 vel
2034 2926 2181 2971 certe
2214 2916 2461 2987 plurimis
2516 2930 2705 2970 eorum
2766 2915 2821 2969 in
2887 2929 3052 2970 unum
3113 2913 3482 2982 congregatis,

1916 3007 2125 3078 singula
2154 3022 2276 3075 quae
2307 3008 2374 3061 ad
2404 3007 2833 3061 sacratissimam
2863 3006 3176 3075 religionem
3213 3005 3481 3074 pertinent

1917 3100 2215 3169 disceptata
2245 3100 2394 3170 prius
2440 3098 2709 3155 fuissent:
2742 3100 2882 3155 hanc
2910 3099 2980 3154 ob
3016 3110 3259 3165 causam,
3277 3094 3485 3152 coactis

1915 3205 2076 3258 quam
2129 3190 2244 3244 lieri
2283 3191 2459 3259 potuit
2510 3189 2760 3263 plurimis
2795 3189 3193 3254 sacerdotibus,
3224 3201 3314 3243 me
3346 3201 3485 3257 quo-

1908 3296 2014 3353 que
2054 3293 2306 3352 tanquam
2339 3298 2447 3339 uno
2482 3298 2551 3339 ex
2599 3284 2753 3339 vobis
2787 3290 3051 3353 prasente
3091 3282 3293 3351 (neque
3337 3280 3482 3335 enim

1908 3374 2214 3444 negaverim
2264 3374 2314 3429 id
2350 3390 2457 3444 quo
2502 3375 2737 3430 maxime
2766 3374 3011 3442 exsulto,
3030 3385 3356 3430 conservum
3393 3384 3482 3425 me

1908 3478 2144 3522 vestrum
2175 3467 2318 3538 esse)
2343 3477 2533 3522 cuncta
2566 3468 2895 3539 competenti
2929 3467 3179 3522 examine
3209 3480 3276 3521 eo
3308 3479 3481 3534 usque

1906 3556 2148 3611 discussa
2168 3564 2316 3620 sunt,
2333 3559 2504 3610 donec
2532 3556 2833 3627 inspectori
2857 3557 3096 3613 omnium
3126 3557 3235 3612 Deo
3255 3565 3477 3623 accepta

1888 3646 2195 3710 'sententia,
2230 3647 2297 3698 ad
2354 3646 2584 3701 unitatis
2642 3658 2970 3701 concentum
3034 3645 3376 3716 proferretur
3426 3646 3479 3697 in

1904 3735 2102 3797 lucem,
2133 3738 2323 3805 itaque
2349 3737 2529 3793 nullus
2560 3737 2912 3804 dissensioni,
2946 3736 3127 3793 nullus
3155 3746 3481 3792 controver.

1902 3829 1997 3884 site
2031 3829 2098 3884 de
2125 3829 2229 3884 ﬁde
2259 3811 2409 3885 locus
2439 3830 2675 3901 amplius
2704 3830 3126 3899 relinqueretur.

2456 3980 2686 4040 CAPUT
2724 3982 2912 4040 XVIII.

1903 4074 1980 4129 De
2010 4090 2263 4132 consensu
2286 4074 2342 4128 in
2369 4074 2718 4199 celebraJtioine
2750 4076 2870 4144 festi
2905 4072 3191 4144 paschalis,
3219 4082 3265 4127 et
3287 4081 3473 4127 contra

2601 4163 2630 4199 ιι
2673 4162 2800 4199 (τοι.

2601 4162 2800 4201 uawos.

1969 4240 2240 4297 «Ubicum
2254 4241 2321 4297 de
2341 4240 2683 4297 sanctissimo
2726 4239 2889 4293 etiam
2918 4235 3142 4291 Pascha:
3173 4234 3259 4289 die
3281 4234 3478 4305 quaesi-

1902 4341 2013 4385 tum
2050 4331 2265 4393 fuisset,
2297 4330 2574 4386 communi
2610 4329 2857 4386 omnium
2893 4329 3166 4383 sententia
3193 4328 3472 4383 decretum

1896 4437 2002 4489 est,
2043 4440 2161 4479 eam
2196 4423 2550 4480 festivitatem
2603 4438 2715 4477 uno
2756 4426 3055 4493 eodemque
3085 4422 3172 4476 die
3201 4421 3270 4475 ab
3298 4421 3476 4475 omni-

1897 4518 2001 4574 bus
2057 4518 2255 4589 uhique
2308 4516 2571 4571 celebrari
2626 4525 2907 4584 oportere.
2964 4514 3103 4581 Quid
3151 4515 3300 4570 enim
3354 4514 3475 4584 pul-

209 4608 518 4680 δυνήσεται,
548 4608 642 4661 τοῦ
684 4610 783 4680 τὴν
826 4609 1020 4680 ἑορτὴν
1059 4608 1262 4679 ταύτην
1293 4610 1422 4680 παρ’
1453 4605 1523 4682 ἦς
1555 4609 1653 4675 τὰς
1688 4610 1787 4680 τῆς

1912 4610 2102 4672 :hrius,
2135 4608 2263 4677 quid
2294 4608 2578 4662 honeStius
2622 4606 2780 4663 nobis
2826 4621 2946 4661 esse
2996 4605 3187 4675 possit,
3218 4620 3382 4671 quam
3412 4613 3473 4658 nt

209 4701 511 4765 ἀθανασίας
543 4702 842 4773 εἰλήφαμεν
873 4701 1112 4767 ἐλπίδας,
1142 4704 1240 4774 μιᾷ
1266 4702 1416 4768 τάξει
1446 4705 1540 4758 καὶ
1574 4704 1790 4777 φανερῷ

208 4790 353 4865 λόγῳ
407 4792 557 4865 παρά
605 4795 773 4849 πᾶσιν
827 4794 1181 4860 ἀδιαπτώτως
1230 4795 1631 4865 φυλάττεσθαι;
1683 4799 1794 4852 Καὶ

279 4972 394 5044 (60)
412 4970 568 5044 Vulg.
587 4971 735 5042 ἀμφὶ
753 4972 859 5039 τὰς
875 4973 1184 5043 ἑκατέρων.
1209 4975 1559 5030 Scribendum
1576 4984 1702 5043 puto
1718 4974 1779 5040 ἐξ

206 5042 507 5114 ἑκατέρων.
536 5043 653 5109 Qua
681 5042 1058 5099 emendatione
1087 5046 1222 5100 nihil
1252 5048 1474 5101 certius.
1501 5042 1592 5099 Ait
1611 5047 1778 5100 Euse-

204 5114 327 5185 bius
363 5129 428 5185 ex
460 5121 867 5185 utraqueparte
900 5114 1035 5169 aulae
1090 5117 1251 5184 regia:
1298 5117 1557 5185 disposita
1615 5117 1782 5171 fuisse

205 5182 466 5248 Stibadia,
504 5184 556 5237 in
602 5182 1078 5255 ’quibusrepiscopi
1118 5182 1520 5241 discumberent
1550 5202 1563 5239 :
1598 5188 1778 5255 ipsum

204 5268 340 5308 vero
365 5256 711 5323 imperatoris
744 5254 1034 5309 stibadium
1083 5255 1137 5310 in
1165 5257 1341 5311 medio
1376 5256 1562 5319 fuisse,
1598 5254 1648 5311 in
1676 5272 1781 5323 quo

203 5323 323 5395 ipse
350 5339 459 5395 una
507 5339 631 5378 cum
686 5324 1126 5380 honoratioribus
1176 5328 1444 5395 episcOpis
1491 5327 1783 5381 accumbe-

201 5393 550 5467 bat.‘Eudem
579 5395 915 5467 planemodo
946 5396 1006 5467 in
1029 5393 1233 5467 synodo
1256 5393 1494 5465 Niciena,
1525 5397 1777 5453 subsellia

201 5464 428 5538 quidem
451 5465 895 5538 erant_utrinque
926 5464 1275 5538 dispositain
1315 5466 1511 5537 quibus
1540 5467 1779 5538 episcopi

201 5534 554 5605 residebant:
617 5535 912 5604 imperator
963 5534 1144 5592 autem
1197 5534 1589 5605 ipse—medius
1638 5534 1781 5592 inter

200 5604 342 5658 duos
370 5604 763 5659 considentium
793 5607 1012 5661 ordines
1047 5607 1100 5667 in
1125 5607 1259 5661 sella
1290 5623 1455 5662 aurea
1489 5609 1777 5664 residebat.

200 5674 399 5745 Simile
462 5673 564 5728 fuit
618 5673 1092 5745 Constantinopoli
1128 5678 1363 5732 tribunal
1409 5679 1778 5734 novemdecim

202 5743 703 5816 accubitorunt,ad
734 5745 909 5816 hujus
938 5743 1370 5802 Constantiniani
1423 5749 1677 5816 convivii,
1722 5758 1781 5804 ut

200 5813 744 5884 equidemiarbitror,
771 5815 1182 5872 similitudinem
1206 5818 1532 5874 institutum.

277 5884 393 5955 (6|)
433 5883 586 5956 Vulg.
633 5885 791 5955 παρὰ
821 5884 933 5954 τὴν
961 5885 1070 5957 τῆς
1090 5887 1387 5964 ἐνότητος,
1405 5890 1777 5963 συμφωνίαν.

1899 4705 2013 4759 haac
2057 4701 2344 4768 festivitas,
2371 4716 2401 4754 a
2433 4716 2539 4771 qua
2590 4714 2739 4770 spem
2790 4697 3217 4753 immortalitatis
3260 4696 3471 4766 accepi-

1900 4810 2042 4863 mus,
2066 4810 2173 4851 uno
2200 4795 2499 4863 eodemque
2537 4793 2730 4848 ordine
2759 4800 2816 4845 et
2844 4800 2991 4845 certa
3025 4791 3233 4844 ratione
3259 4790 3328 4844 ab
3353 4804 3471 4843 om-

1884 4976 2102 5031 Rectius
2136 4976 2275 5046 apud
2330 4973 2717 5028 Theodoritum
2763 4984 2814 5026 et
2861 4971 3218 5039 Nicephorum
3266 4970 3465 5040 legitur

1879 5047 2300 5119 rrpbg_cﬁv,_etc.
2499 5113 2525 5119 _
2590 5074 2595 5081 -

1954 5116 2073 5185 (62)
2103 5111 2311 5181 Ἔδοξε
2350 5113 2525 5183 κοινῇ
2570 5112 2792 5185 γνώμῃ.
2843 5111 2971 5185 ῌαξο
3009 5113 3172 5167 verba
3198 5114 3467 5185 Constan-

1884 5183 1984 5243 tini
2024 5190 2332 5258 respexisse
2354 5183 3106 5258 videtur’Athanasiustcum
3137 5186 3187 5237 in
3219 5183 3443 5258 libroDt

1885 5254 2364 5330 synodis'Aritiijni
2395 5268 2451 5311 et
2478 5256 2911 5330 Seleucitedpag.
2940 5254 3044 5330 87E}
3067 5297 3083 5318 ,
3121 5264 3270 5310 notat
3305 5254 3430 5330 alite

1886 5324 2100 5385 locutos
2129 5344 2251 5384 esse
2275 5327 2465 5383 Patres
2510 5324 2705 5396 synodi
2746 5324 2978 5396 Nicaeum
3025 5326 3101 5396 in,
3126 5326 3437 5394 exposrtion

1890 5401 2035 5465 ﬁdei,
2068 5400 2224 5454 aliter
2255 5399 2308 5453 itt
2343 5394 2649 5452 definiendo
2678 5394 2900 5450 Pascha;
2938 5394 3045 5451 die.
3083 5395 3219 5449 Nam
3266 5398 3319 5449 in
3358 5396 3439 5465 hu.

1889 5464 2105 5538 quidem
2139 5468 2356 5539 negotio
2378 5466 2459 5522 usi
2496 5475 2631 5540 sunt
2651 5466 2815 5540 verbo
2843 5465 3010 5531 ἔδοξε,
3037 5466 3088 5521 id
3117 5476 3201 5540 est
3235 5464 3431 5540 placuit

1891 5536 1945 5595 In
1968 5536 2306 5612 expositione
2331 5549 2510 5612 autem
2564 5536 2688 5591 ﬁdei
2750 5536 3423 5612 nequa_quam__dix_ere_pla

1886 5605 2152 5672 cuin-sed
2193 5612 2268 5664 ita
2303 5611 2469 5663 credit
2522 5620 2705 5663 sancta
2749 5615 2798 5660 et
2839 5605 3149 5661 uniuersalis
3195 5605 3431 5661 Ecclesia

1887 5680 2049 5736 Certe
2080 5684 2302 5736 verbum
2331 5678 2473 5745 ἔδοξε
2508 5680 2648 5747 quod
2674 5678 2837 5733 refert
2864 5676 3212 5745 Athanasius,
3240 5695 3342 5732 non
3376 5694 3429 5730 re

1888 5753 2097 5823 peritur
2124 5754 2185 5823 in
2207 5751 2435 5823 epistola
2474 5748 2785 5823 synodica,
2829 5750 2922 5803 sed
2980 5748 3423 5823 indtacdantur

1890 5817 2114 5892 epistola
2146 5817 2484 5877 Constantini
2519 5817 2537 5874 Ξ
2574 5834 2737 5892 quam
2768 5833 2865 5892 pro
2899 5817 3154 5892 synodica
3212 5819 3449 5876 hal‘itatn

1890 5889 2054 5952 fuisse
2077 5910 2180 5953 non
2208 5892 2478 5949 immerito
2511 5890 2631 5962 quis
2658 5889 2829 5959 possit
2853 5889 3136 5959 suspicari.
