3882 6262
428 367 570 426 ιοπ
1161 363 1430 422 EUSEBII
1469 365 1950 424 CESARIENSIS
1983 369 2133 425 OPP.
2174 369 2352 426 PARS
2383 373 2426 426 Ι.
2462 403 2531 412 -
2567 369 2957 430 HISTORICA.
3519 378 3637 431 {076

428 490 589 544 nibus
642 485 903 543 inoffense
950 484 1305 542 observetur?
1359 487 1436 543 Ac
1484 490 1714 560 primum
1765 470 1984 559 quidem

2095 491 2306 562 πρῶτον
2359 492 2457 563 μὲν
2498 491 2714 559 ἀνάξιον
2767 491 2942 555 ἔδοξεν
2983 487 3117 545 εἶναι
3137 531 3152 552 ,
3201 491 3296 564 τὴν
3350 491 3639 562 ἁγιωτάτην

425 584 543 639 visa
580 590 662 636 est
702 580 950 635 omnibus
996 594 1083 634 res
1125 595 1244 635 esse
1293 595 1516 649 prorsus
1565 583 1804 653 indigna,
1836 593 1893 638 ut
1933 585 1986 640 in

2095 583 2307 653 ἐκείνην
2359 582 2547 655 ἑορτὴν
2581 587 2644 655 τῇ
2693 582 2800 636 τῶν
2844 582 3107 636 Ἰουδαίων
3151 581 3450 652 ἑπομένους
3500 599 3639 653 συνη-

425 673 786 730 sanctissinia:
807 670 963 740 hujus
988 670 1346 727 solemnitatis
1375 671 1742 727 celebratione
1765 689 1988 728 consue-

423 762 666 819 tudinem
712 757 1018 815 Iudaeorum
1071 775 1460 830 sequeremur;
1499 763 1618 831 qui,
1642 777 1763 817 cum
1795 780 1989 821 manus

427 868 558 908 snas
584 853 797 907 nefario
822 852 1030 908 scelere
1078 855 1521 918 contaminarint,
1562 856 1754 911 merito
1789 857 1982 926 impuri

426 944 673 1000 homines
703 944 946 997 caecitate
989 945 1185 998 mentis
1233 944 1500 999 laborant.
1529 944 1760 1016 Quippe,
1787 947 1986 1015 rejecta

424 1036 638 1091 illorum
686 1037 1114 1101 consuetudine,
1160 1053 1453 1106 possumus
1495 1039 1712 1094 rectiori
1753 1041 1980 1102 ordine,

423 1143 585 1196 quem
619 1143 648 1182 a
683 1128 858 1198 primo
893 1127 1160 1196 passionis
1185 1127 1273 1183 die
1302 1129 1370 1183 ad
1407 1129 1518 1184 haec
1547 1144 1719 1198 usque
1746 1140 1983 1199 tempora

423 1221 781 1285 servavimus,
806 1222 874 1274 ad
897 1221 1076 1275 futura
1091 1220 1258 1276 etiam
1288 1221 1484 1277 saecula
1511 1222 1670 1292 hujus
1695 1224 1986 1278 observan-

425 1315 514 1368 tire
544 1315 706 1366 ritum
741 1328 1062 1387 propagare.
1088 1313 1233 1367 Nihil
1261 1328 1391 1384 ergo
1419 1315 1575 1368 nobis
1600 1329 1886 1369 commune
1914 1314 1986 1370 sit

422 1419 545 1457 cum
598 1403 976 1458 inimicissima
1024 1402 1330 1459 Iudaeorum
1382 1404 1561 1460 turba.
1612 1404 1792 1459 Aliam
1837 1405 1981 1460 enim

419 1495 563 1549 viam
593 1509 624 1550 a
663 1495 951 1552 Servatore
977 1497 1310 1566 accepimus.
1346 1495 1664 1567 Propositus
1692 1506 1775 1552 est
1800 1511 1986 1552 sacra-

423 1585 650 1640 tissimre
678 1586 923 1656 religioni
965 1595 1162 1640 nostrae
1191 1601 1387 1643 cursus
1425 1585 1708 1656 legitimus
1735 1597 1790 1641 et
1814 1587 1984 1642 hone-

422 1684 561 1732 stus.
598 1676 753 1732 Hunc
797 1678 1036 1732 unanimi
1087 1693 1357 1733 consensu
1405 1678 1725 1743 retinentes,
1775 1678 1844 1734 ab
1894 1678 1981 1733 illa

421 1769 743 1838 turpissima
771 1771 1030 1824 societate
1076 1778 1131 1823 et
1179 1769 1509 1824 conscientia
1553 1784 1652 1824 nos
1698 1768 1988 1825 abstraha~

421 1875 567 1924 mus,
597 1860 794 1916 fratres
842 1861 1172 1916 charissimi.
1205 1860 1300 1916 Est
1336 1861 1479 1915 enim
1511 1862 1756 1931 profecto
1793 1865 1983 1919 absur-
2015 1837 2057 1894 Β

423 1955 713 2009 dissimum
744 1955 886 2024 quod
923 1954 1000 2009 illi
1051 1953 1339 2026 magniﬁce
1366 1955 1602 2025 jactant,
1633 1970 1731 2011 nos
1779 1956 1986 2026 absque

410 2047 662 2116 ipsorum
697 2046 1012 2117 magisterio
1043 2047 1158 2102 haec
1204 2047 1486 2102 commode
1531 2047 1821 2104 observare
1875 2064 1983 2103 non

420 2154 604 2210 posse.
631 2138 900 2206 Quidnam
935 2155 1066 2194 vero
1103 2139 1178 2195 illi
1223 2149 1372 2196 recte
1399 2141 1601 2195 sentire
1635 2142 1868 2210 possint,
1893 2142 1984 2211 qui

423 2241 550 2301 post
597 2245 782 2286 necem
817 2233 1050 2298 Domini,
1082 2241 1202 2302 post
1237 2232 1366 2287 illud
1411 2233 1767 2303 parricidium
1807 2243 1986 2288 mente

424 2325 590 2394 capti,
622 2339 727 2379 non
779 2326 1008 2394 ratione,
1040 2326 1132 2380 sed
1166 2325 1426 2396 praecipiti
1484 2325 1685 2394 impetu
1738 2327 1988 2382 feruntur

418 2431 746 2486 quocunque
796 2418 1021 2472 inn-atus.
1067 2417 1218 2472 furor
1273 2417 1423 2487 ipsos
1480 2416 1773 2486 impulerit.
1847 2417 1987 2476 Hinc

419 2517 503 2562 est
527 2507 670 2576 quod
704 2521 772 2563 ne
811 2507 982 2580 493,
1010 2507 1061 2563 in
1101 2508 1206 2563 hac
1247 2508 1467 2578 quidem
1503 2519 1659 2579 parte
1695 2511 1985 2564 veritatem

419 2601 589 2669 ipsaon
619 2580 952 2671 perspiciunt
981 2621 993 2656 :
1025 2601 1158 2656 adeo
1197 2611 1257 2654 ut
1286 2615 1316 2654 a
1351 2602 1697 2656 convenienti
1727 2601 1985 2657 emenda-

418 2695 566 2748 tione
610 2693 918 2762 longissime
963 2694 1302 2759 aberrantes,
1343 2708 1452 2748 uno
1502 2693 1800 2764 eodemque
1845 2709 1987 2749 anno

418 2787 526 2840 duo
561 2786 819 2854 paschata
861 2783 1155 2840 celebrent.
1206 2784 1346 2852 Quid
1399 2800 1528 2856 ergo
1578 2795 1666 2842 est
1713 2801 1812 2841 cur
1855 2787 1987 2841 istos

417 2891 734 2944 sequamur,
761 2891 899 2945 quos
942 2885 1156 2933 constat
1191 2877 1515 2945 gravissimo
1556 2879 1760 2934 erroris
1799 2879 1990 2932 morbo

417 2965 703 3020 laborare?
735 2964 870 3020 Nam
909 2982 1017 3022 uno
1067 2965 1364 3036 eodemque
1405 2981 1550 3022 anno
1586 2967 1857 3037 geminum
1894 2982 1987 3037 pa-

416 3057 549 3112 scha
579 3055 782 3121 facere,
799 3055 1326 3125 nnnquamprot‘ecto
1349 3055 1758 3114 sustinebimus.
1787 3055 1984 3112 Verum

2087 673 2206 744 θείᾳ
2237 673 2476 746 πληροῦν
2501 693 2514 705 ⁸
2549 674 2597 728 οἳ
2630 673 2729 738 τὰς
2757 673 2964 728 ἑαυτῶν
2995 677 3180 745 χεῖρας
3205 672 3448 744 ἀθεμίτῳ
3480 672 3640 744 πλημ-

2091 764 2362 836 μελήματι
2405 765 2732 836 χράναντες,
2775 767 2996 828 εἰκότως
3036 765 3132 828 τὰς
3175 764 3352 834 ψυχὰς
3382 766 3434 818 οἱ
3475 767 3642 835 μιαροὶ

2085 854 2506 926 τυφλώττουσιν.
2545 855 2761 922 Ἔξεστι
2806 857 2915 928 γὰρ
2959 855 3053 910 τοῦ
3096 857 3314 911 ἐκείνων
3353 856 3509 920 ἔθους
3545 857 3640 927 (65)

2088 948 2483 1020 ἀποϐληθέντος
2501 989 2516 1014 ,
2549 949 2884 1022 ἀληθεστέρα
2907 949 3092 1015 τάξει,
3120 949 3185 1021 ἢν
3215 950 3276 1001 ἐκ
3304 947 3530 1020 πρώτης
3559 948 3640 1001 τοῦ

2087 1040 2292 1106 πάθους
2318 1040 2528 1114 ἡμέρας
2552 1042 2682 1114 ἄχρι
2725 1042 2820 1096 τοῦ
2846 1043 3108 1112 παρόντος
3141 1041 3488 1111 ἐφυλάξαμεν
3507 1081 3522 1104 ,
3563 1043 3642 1094 καὶ

2087 1131 2182 1186 ἐπὶ
2225 1134 2351 1196 τοὺς
2409 1132 2700 1204 μέλλοντας
2743 1133 2944 1197 αἰῶνας
2993 1134 3092 1204 τὴν
3141 1132 3242 1200 τῆς
3280 1131 3645 1202 ἐπιτηρήσεως

2087 1223 2290 1295 ταύτης
2316 1224 2707 1296 συμπλήρωσιν
2733 1223 3086 1278 ἐκτείνεσθαι.
3113 1223 3298 1294 Μηδὲν
3312 1223 3493 1276 τοίνυν
3520 1222 3644 1275 ἔστω

2088 1315 2221 1384 ἡμῖν
2250 1313 2426 1367 κοινὸν
2463 1315 2601 1385 μετὰ
2626 1312 2718 1368 τοῦ
2760 1313 3007 1384 ἐχθίστου
3037 1313 3143 1366 τῶν
3185 1311 3454 1366 Ἰουδαίων
3479 1312 3638 1380 ὕχλου.

2085 1405 2397 1477 Είλήφαμεν
2445 1405 2552 1477 γάρ
2598 1405 2748 1478 παρὰ
2799 1405 2894 1459 τοῦ
2951 1403 3200 1475 Σωτῆρος
3258 1403 3375 1457 ὁδὸν
3434 1403 3639 1474 ἐτέρανο

2088 1498 2373 1567 πρόκειται
2417 1498 2614 1571 δρόμος
2651 1501 2717 1570 τῇ
2766 1498 3030 1570 ἱερωτάτη
3062 1495 3219 1568 ἡμῶν
3259 1495 3528 1567 θρησκείᾳ
3562 1495 3648 1548 καὶ.Δ

2084 1588 2312 1659 νόμιμος
2356 1588 2448 1642 καὶ
2483 1588 2707 1660 πρέπων
2753 1587 2885 1657 (64).
2927 1586 3127 1639 Τούτου
3170 1583 3478 1655 συμφώνως
3515 1585 3641 1636 ἀντι·

2083 1678 2502 1750 λαμϐανόμενοι,
2531 1679 2630 1750 τῆς
2658 1679 2886 1749 αἰσχρᾶς
2913 1677 3124 1749 ἐκείνης
3159 1676 3389 1738 ἑαυτοὺς
3424 1675 3644 1746 συνειδή-

2087 1786 2226 1833 σεως
2267 1768 2377 1840 (65)
2423 1768 2827 1841 ἀποσπάσωμεν
2851 1810 2866 1834 ,
2895 1767 3110 1838 ἀδελφοὶ
3136 1765 3476 1835 τιμιώτατοι.
3507 1766 3644 1820 Ἔστι

2085 1864 2194 1936 γὰρ
2231 1865 2306 1927 ὼς
2352 1863 2568 1936 ἀληθῶς
2610 1861 2990 1927 ἀτοπώτατον,
3041 1861 3282 1926 ἐκείνους
3329 1860 3543 1930 αὐχεῖν,
3578 1857 3641 1921 ὡς

2083 1955 2191 2026 ἄρα
2221 1953 2490 2024 παρεκτὸς
2525 1954 2625 2024 τῆς
2663 1953 2840 2008 αὐτῶν
2864 1951 3209 2015 διδασκαλίας
3245 1941 3427 2005 ταῦτα
3459 1949 3641 2020 φυλάτ-

2085 2062 2196 2098 τειν
2227 2045 2327 2099 οὐκ
2353 2044 2546 2115 εἴημεν,
2577 2043 2772 2098 ἱκανοί.
2822 2044 2887 2097 Τί
2930 2043 2986 2097 δὲ
3024 2045 3240 2115 φρονεῖν
3268 2041 3432 2114 ὀρθὸν
3467 2043 3642 2095 ἐκεῖνοι

2084 2134 2427 2206 δυνήσονται,
2453 2135 2502 2188 οἳ
2539 2134 2678 2205 μετὰ
2714 2133 2812 2205 τὴν
2847 2132 3217 2206 κυριοκτονίαν
3245 2151 3302 2187 τε
3336 2134 3436 2186 καί⁵
3463 2149 3642 2204 πατρο-

2086 2225 2303 2280 κτονίαν.
2340 2226 2554 2298 ἐκείνην
2597 2226 2887 2289 ἐκστάντες
2921 2223 3028 2279 τῶν
3069 2225 3302 2296 φρενῶν,
3347 2225 3566 2293 ἄγονται
3589 2225 3641 2278 οὐ

2087 2319 2331 2390 λογισμῷ
2361 2336 2500 2383 τινι,
2527 2318 2640 2372 ἀλλ’
2671 2317 2814 2391 ὁρμῇ
2851 2318 3225 2388 ἁκατασχέτῳ,
3253 2318 3378 2372 ὅποι
3406 2317 3450 2371 δ’
3479 2317 3541 2371 ἂν
3561 2315 3642 2370 uti-

2085 2413 2212 2475 τοὺς
2258 2411 2291 2482 ἡ
2335 2411 2572 2482 ἔμφυτος
2613 2410 2792 2465 αὐτῶν
2830 2410 3012 2483 ἀγάγῃ
3056 2412 3240 2482 μανία.
3292 2411 3532 2464 Ἐκεῖθεν
3562 2405 3642 2464 οὖν

2087 2503 2263 2557 τοίνυν
2296 2503 2398 2558 κὰν
2423 2502 2598 2574 τούτῳ
2623 2502 2702 2574 τῷ
2731 2503 2886 2576 μέρει
2917 2502 3014 2574 τὴν
3038 2503 3292 2574 ἀλήθειαν
3318 2501 3424 2572 ούχ
3445 2499 3639 2572 ὁρῶσιν,

2086 2595 2162 2658 ὡς
2203 2594 2266 2665 δὴ
2307 2593 2449 2648 κατὰ
2493 2595 2554 2648 τὸ
2594 2595 2843 2650 πλεῖστον
2895 2596 3089 2659 αὐτοὺς
3131 2594 3518 2664 πλανωμένους
3558 2593 3641 2662 τῆς

2087 2685 2471 2759 προσηκούσης
2505 2684 2926 2758 ἐπανορθώσεως
2955 2686 3090 2755 (66),
3119 2685 3201 2756 τῷ
3221 2684 3374 2750 αύτῷ
3409 2685 3514 2739 ἔτει
3541 2683 3642 2737 δεύο

2086 2796 2243 2852 τερον
2271 2779 2333 2832 τὸ
2360 2780 2550 2852 Πάσχα
2571 2779 2838 2834 ἐπιτελεῖν
2864 2780 2996 2850 (67).
3025 2780 3178 2842 Τίνος
3206 2779 3373 2852 χάριν
3405 2777 3511 2848 (68)
3540 2775 3642 2829 τούο

2087 2891 2201 2936 τοις
2229 2872 2492 2944 ἑπόμεθα,
2526 2871 2620 2936 οὒς
2648 2871 2825 2944 δεινὴν
2856 2872 3062 2942 πλάνην
3086 2873 3258 2925 νοσεῖν
3281 2870 3638 2942 ώμολόγηται;

2089 2963 2349 3037 Δεύτερον
2372 2963 2483 3036 γὰρ
2511 2963 2589 3034 τῷ
2615 2964 2696 3018 ἐν).
2715 2963 2947 3034 ἐνιαυτῷ
2970 2965 3071 3018 οὐκ
3095 2964 3159 3018 ἄν
3189 2979 3321 3016 ποτε
3365 2965 3531 3016 ποιεῖν
3562 2963 3640 3016 άν-

2089 3055 2344 3128 εξόμεθα.
2389 3055 2526 3110 Ἀλλ’
2561 3057 2610 3108 εἰ
2642 3056 2736 3110 καὶ
2762 3053 2932 3109 ταῦτα
2965 3056 3038 3126 μὴ
3080 3054 3410 3127 προύκειτο,
3440 3053 3564 3107 ἀλλὰ
3585 3054 3638 3125 δὴ

417 3148 632 3204 etiamsi
663 3162 784 3217 quae
812 3148 922 3201 dixi
954 3148 1176 3204 minime
1195 3157 1776 3218 suppeterent,vestraa
1806 3160 1984 3204 tamen

2095 3149 2186 3221 τὴν
2229 3149 2500 3220 ὑμετέραν
2537 3147 2816 3218 ἀγχίνοιαν
2848 3148 3011 3218 ἐχρῆν
3047 3146 3140 3199 καὶ
3175 3137 3262 3200 διά
3294 3146 3530 3218 σπουδῆς
3562 3145 3642 3199 καὶ

418 3238 652 3293 solertiae
673 3246 780 3306 est,
810 3238 862 3291 id
894 3253 1086 3292 curare
1107 3238 1358 3293 omnibus
1380 3238 1554 3294 modis
1585 3246 1748 3308 atque
1772 3247 1981 3309 optare,

419 3345 493 3386 ne
551 3331 814 3386 sanctitas
859 3332 1168 3386 animarum
1218 3339 1544 3397 vestrarum,
1588 3330 1641 3386 in
1695 3330 1854 3386 ullius
1905 3331 1983 3386 rei

419 3424 778 3480 similitudine
797 3441 924 3480 cum
948 3425 1406 3495 nequissimorum
1436 3425 1715 3480 hominum
1747 3426 1989 3482 moribus

419 3517 620 3572 sociari
645 3526 702 3573 et
729 3517 1068 3587 commisceri
1097 3519 1364 3576 videatur.
1402 3519 1534 3572 Illud
1563 3529 1820 3589 praeterea
1853 3533 1987 3574 con-

380 3609 389 3620 ‘
419 3607 766 3665 siderandum
797 3619 904 3677 est,
930 3609 1086 3666 nefas
1113 3625 1236 3667 esse
1265 3619 1324 3666 ut
1353 3612 1407 3665 in
1439 3611 1576 3666 tanti
1602 3613 1860 3667 momenti
1897 3626 1990 3666 ne-

494 3809 606 3881 (65)
640 3808 818 3875 Vulg"
839 3809 945 3865 τοῦ
975 3811 1210 3864 ἐκείνου
1237 3813 1472 3878 ἔθνους.
1495 3810 1638 3881 Lego
1679 3809 1833 3874 ἔθους
1864 3827 1990 3864 cum

419 3877 917 3947 Chrismphorsono
936 3891 990 3935 et
1015 3881 1272 3936 Grutero.
1308 3877 1450 3936 Ideni
1483 3877 1735 3937 mendum
1776 3884 1987 3935 notavi-

423 3966 542 4002 tntis
573 3953 622 4002 in
651 3949 891 4004 Historia
922 3952 1301 4005 ecclesiastica.
1345 3951 1507 4007 Certe
1537 3953 1588 4006 in
1619 3953 1837 4006 schedis
1883 3952 1992 4006 Re-

421 4021 540 4091 [iis
564 4029 618 4073 et
641 4022 693 4072 in
725 4021 864 4074 libro
887 4019 1072 4078 Savilii
1102 4020 1257 4084 ἔθους
1280 4021 1654 4091 perscriptum,
1677 4029 1780 4075 est.

516 4090 605 4156 6i)
631 4090 739 4144 Καὶ
759 4091 1008 4159 νόμιμος
1029 4091 1126 4144 καὶ
1149 4090 1408 4160 πρέπων.
1443 4092 1596 4160 Apud
1627 4090 1897 4146 Gelasium
1940 4098 1996 4146 et

422 4159 788 4233 Nicei'ihorum
847 4163 1042 4228 legitur
1087 4159 1199 4233 καὶί
1221 4161 1386 4232 νόμος
1412 4159 1686 4233 πρέπων.
1740 4161 1997 4216 Socrates

422 4240 607 4302 tamen
631 4246 694 4284 ac
725 4231 1086 4302 Theodoritus
1108 4231 1379 4302 vulgatam
1410 4231 1692 4302 lectionem
1718 4240 1956 4302 tuentur.

493 4301 609 4372 (65),
644 4299 912 4372 Αἱσχρᾶς
941 4301 1181 4369 ἐκείνης
1208 4299 1661 4370 ⁷συνειδήσεως.
1721 4300 1852 4355 Nam
1883 4301 1994 4370 -qui

421 4387 545 4427 cuin
585 4371 787 4427 .ludaeis
812 4371 1020 4426 Pascha
1048 4372 1383 4426 Dominicnm
1439 4373 1737 4434 celebrant,
1785 4371 1992 4426 conscii

421 4443 700 4537 ῘῖἓῖῗηὲἛῖη
711 4441 1763 4537 9.553..sfc'irls3393.311‘131‘K‘WF'825
1795 4441 1997 4537 33".“:
2026 4483 2072 4537 ι)

424 4527 551 4565 num
580 4513 934 4583 admiserunt.
986 4512 1052 4566 At
1098 4511 1630 4582 Christophorsonus
1694 4511 2000 4583 συνείδησιν

422 4583 586 4635 vertit
612 4582 926 4648 opinionem,
956 4583 1043 4637 cui
1076 4599 1180 4637 non
1211 4585 1432 4638 accedo.

492 4653 621 4724 (66)
641 4652 757 4720 Τῆς
801 4654 1234 4721 προσηκούσης
1285 4652 1768 4724 ἐπανορθώσεως.
1802 4652 2002 4708 Socra-

423 4722 524 4784 tes,
579 4722 964 4784 Theodoritns,
999 4724 1246 4778 Gelasius
1297 4740 1361 4776 ac
1406 4723 1741 4792 Nic-ephorus
1799 4726 2003 4779 habent

417 4793 542 4847 ἀντὶ
583 4794 684 4866 τῆς
735 4793 1118 4864 προσηκούσης
1179 4792 1632 4866 ἐπανορθώσεως,
1682 4797 1836 4866 quod
1889 4810 2000 4849 non

419 4868 610 4987 gfoho.
637 4867 805 4918 lteCte
834 4868 977 4919 enim
1004 4866 1204 4920 dicitur
1232 4865 1620 4936 πλανωμένους
1643 4865 1744 4936 τῆς
1771 4867 2003 4936 ἐπανορ-

453 4951 659 4987 ωσεως.

453 4951 659 4999 ωσεως.

493 5006 608 5073 (67)
637 5005 727 5076 Τῷ
751 5004 911 5072 αὐτῷ
954 5006 1074 5060 ἔτει
1118 5005 1399 5075 δεύτερον
1431 5005 1499 5076 τὸ
1558 5004 1775 5076 Πάσχα
1820 5005 2007 5062 ἐπίτεξ-ι

417 5076 574 5132 λεῐν.
624 5074 758 5130 Cum
806 5080 1090 5148 neomeuia
1136 5074 1411 5148 paschalis
1461 5074 1768 5132 Jndazornni
1827 5093 1856 5128 a
1915 5078 2003 5148 die

419 5149 613 5214 quinto
648 5147 848 5200 mensis
915 5147 1096 5202 Martii
1136 5145 1437 5216 inciperet,
1486 5157 1541 5201 et
1593 5147 1755 5202 tertio
1796 5145 2002 5216 Aprilis

419 5221 786 5281 clauderetur,
815 5217 945 5272 hinc
979 5218 1142 5272 ﬁebat
1199 5214 1488 5287 ali—quando
1531 5226 1591 5270 ut
1646 5214 2002 5287 eornmPas—

420 5292 521 5344 cha
553 5300 682 5344 ante
712 5289 1097 5356 aequinoctium
1126 5286 1410 5356 inciperet.
1451 5287 1532 5342 lta
1566 5287 1760 5355 duplex
1794 5286 2002 5341 Pascha

420 5362 610 5415 eodem
642 5376 787 5413 anno
819 5359 1187 5421 celebrabant,
1221 5359 1267 5412 si
1304 5373 1508 5411 annum
1543 5358 1813 5428 intelligas
1861 5361 1996 5412 sola-

421 5445 536 5484 reni
564 5446 628 5484 ac
658 5429 957 5495 Juliannm,
987 5444 1017 5482 a
1051 5442 1222 5482 verno
1255 5429 1465 5483 scilicet
1517 5429 1847 5498 mquinoctio
1872 5497 1877 5498 ί
1905 5429 2032 5481 Illi--

417 5497 506 5564 jus
538 5502 664 5553 anni
691 5501 764 5555 ad
811 5499 1090 5566 sequentis
1135 5499 1261 5553 anni
1315 5513 1540 5552 vernum
1594 5497 2000 5567 aequinoctium.

421 5567 569 5639 idem
607 5571 686 5623 ait
710 5571 1034 5623 Ambrosius
1062 5569 1116 5622 in
1159 5569 1387 5639 epistola
1418 5571 1483 5622 ad
1513 5569 1800 5638 episcopos
1828 5567 2004 5623 Emi-

422 5638 531 5699 li:e.
555 5640 643 5692 ubi
705 5640 896 5693 scribit
923 5639 1139 5697 Iudaeos
1170 5638 1440 5694 interdum
1478 5653 1661 5693 mense
1685 5639 2008 5693 duodecimo

425 5706 633 5763 Pascha
661 5709 994 5775 celebrasse,
1033 5711 1084 5764 id
1109 5718 1216 5773 est,
1240 5709 1395 5777 juxta
1431 5709 1652 5762 Latinos
1681 5710 1765 5762 vel
1809 5707 2004 5763 Orien-

409 5777 582 5835 tales.
617 5777 805 5846 Neque
829 5781 975 5835 enim
1000 5779 1174 5836 Judaei
1199 5793 1385 5836 mense
1427 5779 1524 5836 illo
1553 5778 1644 5848 qui
1677 5779 1820 5848 apud
1855 5780 2005 5851 ipsos

2089 3242 2155 3294 δι’
2183 3241 2348 3313 εὐχῆς
2377 3240 2520 3312 ἔχειν
2550 3241 2800 3306 πάντοτε,
2833 3241 2892 3293 ἐν
2925 3238 3163 3310 μηδεμιᾷ
3193 3239 3253 3292 τὸ
3293 3238 3532 3310 καθαρὸν
3559 3237 3641 3308 τῆς

2095 3335 2365 3408 ὑμετέρας
2403 3333 2580 3405 ψυχῆς
2623 3335 2897 3387 κοινωνεῖν
2946 3333 3122 3387 δοκεῖν
3169 3330 3476 3402 ἀνθρώπων
3517 3329 3641 3384 ἔθεσι

2097 3428 2417 3495 παγκάκων.
2451 3425 2597 3497 Πρὸς
2641 3424 2850 3489 τούτοις
2880 3425 3099 3479 κάκεῖνο
3139 3425 3376 3496 πάρεστι
3419 3423 3640 3494 συνορᾷν,

2093 3521 2169 3585 ὡς
2211 3521 2268 3572 ἐν
2310 3517 2612 3590 τηλικούτῳ
2658 3519 2938 3591 πράγματι
2970 3519 3062 3572 καὶ
3102 3517 3323 3589 τοιαύτῃ
3374 3515 3642 3587 θρησκείας

2095 3614 2255 3684 ἐορτῇ
2288 3611 2587 3681 διαφωνίαν⁴
2617 3610 2805 3682 ἄρχειν
2825 3652 2840 3677 ,
2873 3610 3022 3665 ἐστὶν
3048 3609 3325 3681 ἀθέμιτον.
3373 3610 3518 3664 Μίαν
3551 3607 3643 3678 γὰρ

2095 3821 2213 3867 erat
2239 3813 2620 3875 duodecimus.
2663 3809 2870 3867 Pascha
2905 3826 3140 3881 unquam
3173 3810 3538 3874 celebrabant,
3563 3809 3640 3863 sed

2093 3885 2302 3937 decima
2327 3893 2520 3949 quarta
2550 3883 2638 3936 die
2660 3883 2817 3951 primi
2847 3880 3070 3937 mensis.
3099 3881 3270 3938 Porro
3290 3882 3411 3936 haec
3453 3880 3641 3935 iteratio

2100 3969 2259 4019 quam
2321 3952 2522 4007 Judzeis
2578 3953 2769 4018 objicit
2827 3951 3264 4017 Constantinus,
3320 3965 3637 4020 nequaquam

2099 4023 2277 4094 magni
2302 4022 2556 4077 momenti
2613 4023 2999 4094 mihi_quidem
3049 4020 3488 4094 videtur.‘ldem_
3518 4020 3638 4074 enim

2102 4089 2418 4162 retorquere
2467 4101 2716 4163 poterant
2753 4089 2922 4148 Judaei
2975 4094 3239 4147 adversus
3279 4089 3637 4163 Christianos;

2103 4177 2196 4217 eos
2221 4159 2433 4217 scilicet
2461 4159 2569 4216 uno
2609 4161 2907 4231 eodemque
2960 4178 3103 4216 anno
3152 4164 3233 4216 his
3279 4160 3489 4231 Pascha
3523 4159 3640 4214 cele-

2103 4231 2314 4295 brasse,
2339 4234 2384 4286 si
2419 4247 2628 4287 annum
2651 4230 2952 4287 vertentem
2981 4232 3365 4302 intelligamus.
3401 4230 3641 4302 Ponarnus

2102 4305 2247 4356 enim
2273 4303 2376 4358 hoc
2407 4317 2551 4358 anno
2582 4302 2786 4357 Pascha
2829 4303 3092 4357 celebrari
3132 4300 3342 4356 decimo
3401 4300 3642 4355 Kalendas

2103 4372 2270 4428 Maias
2297 4392 2310 4427 :
2343 4383 2601 4441 sequente
2623 4387 2767 4426 anno
2799 4373 2960 4427 citius
2984 4372 3286 4427 celebretur
3314 4384 3536 4427 necesse
3553 4377 3638 4441 est.

2100 4447 2274 4513 Atque
2313 4443 2387 4498 ita
2419 4439 2613 4512 duplex
2645 4443 2854 4513 Pascha
2895 4444 3034 4497 intra
3065 4443 3225 4496 unius
3254 4445 3384 4513 anni
3411 4439 3640 4513 vertentis

2102 4511 2431 4568 etirriculum
2468 4511 2609 4582 apud
2630 4511 2974 4567 Christianos
3001 4513 3262 4567 occurrit.
3306 4512 3462 4579 Quod
3488 4520 3640 4582 tamen

2103 4601 2208 4640 non
2233 4585 2466 4647 eveniet,
2501 4577 2551 4638 si
2587 4596 2791 4638 annum
2821 4584 3190 4637 numeraveris
3215 4582 3282 4635 ab
3304 4577 3640 4649 acquinoctiali

2103 4656 2326 4709 cardine
2348 4660 2415 4707 ad
2453 4646 2673 4708 alterius
2704 4654 2830 4706 anni
2857 4667 3082 4706 vernum
3117 4646 3640 4719 :eqninoctium.Vide

2105 4725 2460 4794 Epiphanium
2498 4723 2550 4777 in
2578 4723 2792 4794 haeresi
2848 4721 2936 4794 70,
2992 4731 3249 4794 quaeest
3291 4723 3638 4794 Audianormn

2103 4786 2226 4866 pag.
2255 4795 2382 4866 624i,
2415 4802 2466 4866 et
2488 4786 2996 4866 animadversiones
3009 4786 3083 4846 ὐ.
3102 4792 3349 4866 Petavii.
3380 4791 3476 4846 Cui
3498 4786 3655 4858 junge}

2103 4861 2223 4934 cap.
2258 4865 2292 4918 ὃ
2319 4865 2519 4933 ΛΕείάίἰ
2548 4863 2800 4918 Bucherii
2836 4863 2916 4917 De
2951 4861 3198 4917 Paschali
3242 4863 3546 4916 Judaeorum
3568 4873 3641 4925 cy-

2103 4935 2204 4988 clo.
3642 4938 3662 4970 ’-

2175 5004 2289 5078 (68)
2329 5003 2498 5078 Τίνος
2541 5003 2736 5078 χάριν.
2781 5003 2948 5078 Apud
2987 5001 3372 5078 Thegdoritum
3419 5010 3477 5078 et
3506 4998 3642 5054 Nice-

2104 5071 2331 5146 phorum
2366 5071 2736 5146 legituj'rtvoc
2767 5071 2860 5128 οὖν
2889 5076 3067 5146 χάριν.
3103 5074 3194 5146 Sic
3219 5075 3383 5126 etiam
3416 5071 3640 5127 Socrates

2103 5143 2159 5200 et
2195 5143 2464 5201 Gelasius.
2514 5143 2593 5200 Ex
2639 5147 2836 5216 quibus
2873 5143 3189 5216 corrigenda
3239 5154 3388 5216 sunt,
3423 5156 3535 5212 quae
3565 5153 3638 5216 sg-

2105 5226 2343 5285 quuntur
2376 5217 2476 5270 hoc
2531 5207 2689 5272 modo
2737 5234 2750 5269 :
2806 5215 2903 5286 τὴν
2937 5207 3206 5286 ύμέτέραν
3258 5207 3548 5285 ἀγχίνοιαν.
3588 5207 3642 5286 Et

2103 5275 2265 5358 ῥθυιο
2297 5295 2418 5355 βοει
2453 5288 2511 5340 ὲν
2559 5287 2796 5358 μηδεμιᾷ
2827 5275 3124 5358 ὁμοιότητᾴ
3161 5275 3640 5358 ρυειῖᾐῖιοηιαριιμ

2104 5345 2230 5412 illos
2267 5345 2418 5429 quos
2435 5345 2873 5429 dixi'sc'ripto'res'
2892 5345 3092 5429 legitur
3142 5345 3206 5429 ἐν
3237 5345 3639 5429 μηδενὸς-ὁμοιό-

2104 5445 2248 5496 τητι.
2280 5423 2336 5481 Ιη
2379 5423 2973 5496 Ἐυιίειὶαιιο“εοι·ἰριυιῆ
3009 5436 3094 5481 est
3137 5428 3196 5479 ἐν
3239 5423 3482 5496 μηδεμιᾷ
3531 5432 3641 5489 προν

2106 5496 2287 5568 φάσει.
2327 5499 2495 5554 Porro
2520 5499 2586 5554 ad
2626 5501 2741 5552 hac
2773 5501 2937 5568 verba
2968 5496 3209 5552 alludere
3234 5497 3446 5568 videtur
3476 5500 3640 5568 auctor

2107 5563 2555 5643 Constitutionum
2597 5580 2768 5643 apost.
2804 5567 2946 5643 libro
2999 5582 3066 5643 v,_
3098 5580 3217 5633 cap.
3249 5565 3334 5621 16.
3366 5563 3640 5643 Quod‘pnf-

2107 5641 2248 5694 lecto
2295 5641 2554 5694 fatebitur
2605 5633 2851 5708 quisquis
2897 5653 3021 5694 eum
3053 5637 3231 5693 locum
3259 5651 3382 5692 cum
3410 5635 3490 5690 his
3517 5633 3642 5687 Cotto

2105 5710 2332 5769 stantini
2368 5711 2548 5766 verbis
2585 5709 2892 5767 contulerit.
