3882 6262
190 339 323 394 ⁸081

1276 338 1365 392 DE
1400 336 1562 393 VITA
1599 337 2058 395 CONSTANTIM
2098 338 2225 392 LIB.
2267 337 2355 392 ill.

3311 341 3449 398 1082‘.

193 458 294 528 μὲν
328 455 574 517 ἅπαντας
608 454 711 507 ὑπὸ
756 453 882 524 μίαν
909 454 1247 523 συγκαλέσας
1271 456 1517 527 ἡμέραν,
1542 445 1755 527 παροῦσ

1882 455 2105 511 diceret.
2127 454 2290 527 495
2321 455 2525 524 Quippe
2546 467 2734 508 omnes
2767 462 2920 510 certo
2946 455 3029 510 die
3048 454 3100 510 in
3121 470 3285 509 unum
3316 470 3445 511 con-

188 548 245 599 ὁὲ
272 547 369 617 τὴν
395 547 531 616 πρὸς
561 545 821 616 ἀλλήλους
862 546 1190 617 ὑποθέμενος
1218 549 1437 620 είρήνην
1476 548 1772 621 περισπού-

188 639 384 691 δαστον
410 636 701 700 ποιεῖσθαι,
733 634 832 699 τάς
855 636 911 689 δὲ
936 636 1271 706 φιλονείκους
1298 639 1480 711 ἔριδας
1510 640 1772 710 ἐκτρέπε-

190 728 337 792 σθαι,
362 728 495 800 μηδὲ
521 727 853 799 βασκαίνειν,
878 727 1033 792 εἴτις
1050 729 1351 801 εὐδοκιμῶν
1376 732 1434 783 ὲν
1455 731 1773 795 ἐπισκόποις

186 821 432 889 φαίνοιτο
461 821 651 891 σοφίας
698 821 757 874 ὲν
790 819 955 891 λόγῳ,
984 822 1159 877 κοινὸν
1188 822 1233 876 δ’
1254 825 1505 894 ἡγεῖσθαι
1537 825 1772 894 τάγαθὸν

184 914 285 983 τῆς
323 912 441 976 ἑνὸς
477 913 695 985 ἀρετῆς,
724 912 859 984 μηδὲ
892 914 998 985 μὴν
1035 914 1143 968 τῶν
1170 916 1546 988 μετριωτέρων
1571 935 1772 971 κατεπ-

184 1003 434 1075 αίρεσθαι
475 1006 600 1067 τοὺς
650 1003 930 1076 κρείττους
957 1023 969 1036 ·
1030 1006 1166 1059 Θεοῦ
1200 1008 1309 1079 γάρ
1340 1005 1556 1062 εἶναιτὸ
1578 1011 1769 1081 κριτή-

186 1114 305 1168 ριον
339 1097 446 1150 τῶν
480 1096 672 1167 ἀληθεῖ
711 1097 853 1168 λόγῳ
896 1099 1220 1168 κρειττόνων
1261 1101 1355 1155 καὶ
1396 1103 1510 1165 τοῖς
1548 1103 1770 1156 ἀσθενε-

185 1190 400 1261 στέροις
428 1189 485 1242 δὲ
518 1188 625 1242 δεῖν
671 1190 1194 1245 ὑποκατακλίνεσθαι
1230 1192 1372 1263 λόγῳ
1410 1193 1766 1265 συγγνώμης,

180 1280 261 1351 τῷ
286 1282 349 1334 τὸ
384 1280 589 1355 τέλειον
621 1280 935 1351 ἁπανταχοῦ
970 1276 1191 1336 σπάνιον
1220 1284 1526 1354 τυγχάνειν.
1557 1285 1648 1337 Διὸ
1673 1286 1767 1339 καὶ

182 1371 436 1443 ἀλλήλοις
461 1372 541 1425 δεῖ
567 1372 636 1426 τὰ
663 1372 875 1443 σμικρὰ
911 1374 1163 1428 πταίουσι
1209 1375 1535 1448 συγγνώμην
1563 1377 1764 1448 νέμειν,

180 1462 506 1535 χαρίζεσθαί
551 1480 613 1517 τε
656 1465 749 1518 καὶ
792 1470 1096 1537 συγχωρεῖν
1141 1467 1241 1520 ὃσα
1272 1468 1607 1540 ἀνθρώπινα,
1642 1470 1771 1541 περὶ

180 1554 382 1607 πολλοῦ
424 1554 753 1625 τιμωμένων
780 1555 891 1626 (81)
920 1550 1343 1633 τὴνσύμφωνον
1376 1559 1664 1629 ἁρμονίαν,
1693 1560 1768 1623 ὼς

177 1644 246 1698 ἂν
303 1645 377 1715 μὴ
419 1644 555 1715 πρὸς
599 1644 862 1715 ἀλλήλους
913 1644 1328 1713 στασιαζόντων,
1380 1648 1578 1721 χλεύης
1620 1649 1767 1703 αἰτία

178 1733 490 1805 παρέχηται
536 1738 648 1799 τοῖς
698 1736 788 1789 τὸν
835 1734 976 1788 θεῖον
1037 1735 1375 1810 βλασφημεῖν
1427 1740 1589 1811 νόμον
1633 1758 1768 1812 παρ.

175 1821 635 1909 εσκευασμένσιςς
665 1815 740 1875 ὧν
763 1822 997 1893 μάλιστα
1021 1824 1089 1878 τά
1106 1825 1283 1880 πάντα
1314 1827 1424 1899 (82)
1454 1828 1562 1883 δεῖν
1586 1829 1764 1900 σωθῆ-

174 1930 263 1965 ναι
301 1913 613 1984 δυναμένων
645 1914 801 1986 (8‘2'),
838 1918 887 1968 εί
918 1915 985 1969 τά
1014 1917 1134 1970 καθ’
1162 1920 1310 1991 ἡμᾶς
1346 1919 1528 1985 αὐτοῖς
1552 1919 1765 1992 ζηλωτά

174 2007 471 2074 φαίνοιντο,
499 2007 572 2080 μὴ
614 2009 935 2080 ἀμφιγνοεῖν
961 2010 1072 2081 (83)
1109 2011 1184 2077 ώς
1213 2013 1274 2065 οὗ
1304 2016 1418 2077 τοῖς
1440 2015 1607 2068 πᾶσιν
1638 2017 1670 2085 ή
1703 2016 1767 2069 ὲκ

171 2099 347 2166 λόγων
384 2099 620 2168 ὠφέλεια
664 2100 923 2154 συντελεῖ.
967 2104 1029 2155 Οἱ
1060 2103 1156 2173 μὲν
1182 2104 1293 2177 γὰρ
1323 2104 1399 2168 ώς
1420 2103 1766 2177 πρὺςτροφὴν

171 2191 456 2262 χαίρουσιν
481 2193 771 2264 ὲπικουροὺ
780 2212 931 2265 μενοι
962 2195 1101 2267 (84),
1130 2199 1176 2249 οί
1205 2196 1261 2249 δὲ
1283 2199 1409 2260 τοὺς
1430 2199 1766 2267 προστασίας

172 2287 611 2359 ἑπειλημμένους
649 2288 973 2361 ὑποτρέχειν
1031 2288 1317 2344 είώθασινε
1346 2290 1491 2345 ἄλλοι
1521 2292 1647 2354 τοὺς
1679 2292 1766 2345 δε-

172 2509 268 2562 κοῦ
292 2509 810 2578 λόγου,ιηθιιιοι1ιιηι
845 2510 1009 2564 tradit
1044 2509 1349 2578 hujusmodi
1397 2510 1704 2564 orationum
1743 2526 1759 2563 :

182 2582 242 2633 ’0
268 2581 715 2652 συνταττόμενος,
755 2580 926 2652 δῆλός
944 2583 1091 2634 ἐστιν
1116 2580 1411 2652 ἀνιώμενος
1434 2582 1527 2652 ἐπὶ
1554 2580 1630 2651 τῷ
1654 2600 1763 2652 χω-

175 2651 379 2721 ρισμῷ,
416 2652 469 2703 id
502 2662 608 2721 est,
651 2652 752 2715 Qui
780 2650 1044 2716 valedicil,
1074 2668 1185 2721 prw
1205 2650 1265 2705 se?
1309 2651 1409 2720 fert
1438 2650 1761 2705 dolorcntob

176 2720 497 2774 discessum.
550 2720 655 2774 Sed
706 2722 849 2775 etin
895 2730 1009 2775 toto
1050 2720 1229 2788 capite
1277 2724 1476 2790 passim
1534 2732 1762 2789 usurpat

174 2791 566 2844 συντάττεσθαι
592 2804 696 2859 pro
739 2791 1068 2847 valedicere.
1098 2791 1265 2858 quue
1292 2792 1556 2846 orationis
1590 2807 1760 2857 genus

171 2863 237 2915 ab
272 2863 512 2916 Homero
537 2861 771 2929 primum
800 2862 1079 2915 inventum
1103 2877 1221 2915 esse
1249 2862 1402 2926 dicit,
1432 2863 1570 2924 apud
1602 2878 1759 2931 quem

175 2932 401 3007 lilysses
432 2931 747 3007 theacihus
775 2931 1162 3007 valedicit._At
1211 2931 1415 2985 Natalis
1446 2932 1760 3007 Comes,qui

171 3000 525 3057 Menandrum
557 3002 831 3055 rhetorem
865 3000 919 3055 in
961 3001 1215 3056 Latinum
1251 3018 1553 3057 sermonem
1579 3000 1760 3059 trans-

173 3074 316 3138 tulit,
351 3072 708 3125 συντακτικὸν
735 3070 894 3140 λόγον
944 3073 1109 3127 vertit
1152 3074 1514 3142 adjunctivam
1555 3076 1760 3125 oration

169 3161 313 3206 nem,
361 3154 415 3197 et
446 3144 606 3197 verba
639 3142 732 3214 illa
763 3157 883 3209 quae
915 3142 1104 3205 citavi,
1128 3142 1157 3194 ὁ
1191 3144 1639 3214 συνταττόμενος,
1678 3146 1759 3197 in-

166 3222 506 3283 terpretatur
554 3213 873 3283 adjungens,
922 3223 1028 3268 etc.
1089 3214 1206 3278 Quo
1260 3213 1390 3267 nihil
1427 3213 1550 3283 ﬁngi
1584 3224 1758 3281 potest

164 3282 427 3352 ineptius.
459 3284 621 3348 Atqui
646 3282 1034 3337 συντάττεσθαι
1077 3284 1285 3337 Graecis
1313 3291 1394 3337 est
1430 3282 1753 3341 valedicere.

164 3354 474 3424 Hesychius
507 3352 935 3421 εΣυντάξασΘαι,
964 3354 1336 3409 ἀσπάσασθαι.
1373 3354 1465 3407 Sic
1496 3355 1759 3409 Eusebius

164 3425 488 3495 usurpatgin
520 3424 630 3477 ﬁue
660 3426 841 3495 hujus
873 3427 1091 3495 capitis,
1125 3432 1181 3479 et
1232 3427 1285 3479 in
1340 3426 1480 3478 libro
1517 3439 1533 3477 ι
1569 3425 1660 3478 ubi
1692 3428 1758 3480 de

162 3492 351 3549 morte
384 3492 691 3565 Constantii
730 3494 919 3565 Chlori
944 3492 1233 3563 'loquitur.
1274 3495 1594 3565 llujusmodi
1632 3512 1758 3548 oru-

166 3567 243 3618 tio
284 3574 463 3619 exstat
506 3564 751 3632 Gregorii
801 3564 1154 3632 Nazianzeni,
1188 3566 1369 3619 habita
1412 3565 1465 3618 in
1497 3580 1755 3619 consessu

163 3646 387 3689 centum
432 3643 487 3689 et
544 3636 934 3703 quinquaginta
980 3638 1400 3706 episcoporum,
1458 3651 1581 3705 qua:
1634 3652 1757 3689 συν-

161 3707 461 3777 τακτήριος
486 3706 645 3774 λόγος
674 3704 1030 3770 ἱιιεει·ἰ[)ἱιιιι·,“
1061 3709 1201 3775 quod
1247 3704 1387 3760 idem
1423 3704 1506 3760 est
1532 3720 1596 3760 ac
1628 3723 1755 3760 συν-

162 3776 446 3840 τακτικός.
480 3780 538 3831 lu
565 3780 665 3832 hac
694 3776 961 3845 siquidem
997 3780 1243 3831 oratione
1275 3777 1568 3845 Gregorius
1603 3778 1753 3830 vale-

166 3848 306 3900 dicit
354 3847 610 3902 Ecclesiae
652 3846 1291 3915 Constantinopolitanaz.
1360 3846 1527 3917 Recte
1591 3847 1757 3917 igitur

164 3917 389 3988 Suidasﬂ
401 3918 622 3988 scribit:
649 3918 1067 3988 Συντακτήριος,
1098 3916 1469 3980 συντακτικός.
1488 3915 1593 3971 Sed
1615 3915 1754 3985 quod

167 3988 318 4040 idem
358 3985 555 4042 Suidas
586 3989 738 4042 addit
765 3985 1055 4055 Origenem
1082 3990 1284 4042 dictum
1306 4002 1426 4041 esse
1452 3991 1756 4057 συντακτή-

167 4073 309 4130 ριον,
339 4057 495 4125 longe
527 4057 756 4130 fallitur,
787 4058 1090 4130 ωντάκτης
1118 4059 1261 4111 enim
1283 4058 1475 4130 dictus
1510 4068 1594 4112 est
1625 4058 1750 4113 Ori-

165 4128 337 4198 genes
370 4137 507 4181 teste
539 4128 869 4195 Epiphanio,
896 4143 1000 4181 non
1024 4128 1440 4198 συντακτήριος.

240 4198 353 4268 (8|)
386 4198 524 4266 Περὶ
551 4198 787 4259 πολλοῦ
816 4197 1175 4268 τιμωμένων.
1207 4197 1398 4253 Melius
1422 4198 1755 4254 scriberetur

160 4269 534 4339 τιμωμένους.

240 4334 357 4410 (82)
385 4334 499 4395 ’Ὧν
522 4340 794 4409 μάλιστα
821 4338 896 4393 τὰ
923 4338 1118 4393 πάντα
1156 4339 1303 4396 δεῖν.
1339 4338 1538 4410 Deesse
1568 4340 1755 4394 viden-

169 4409 259 4465 tur
288 4410 571 4464 notmulla.
605 4411 751 4465 Sane
787 4412 841 4464 hi
871 4411 991 4463 libri
1021 4410 1268 4480 pluribus
1314 4411 1365 4462 in
1401 4409 1533 4463 locis
1578 4411 1750 4464 mutili

165 4491 319 4543 sunt,
354 4482 541 4548 utjam
576 4482 865 4548 aliquoties
894 4481 1224 4535 notavimus.
1262 4481 1360 4534 Hic
1393 4489 1571 4548 autem
1605 4480 1751 4535 locus

163 4566 278 4605 non
332 4544 683 4605 incommode
736 4551 809 4604 ita
873 4550 1113 4619 suppleri
1154 4559 1329 4619 potest
1357 4568 1371 4603 :
1404 4544 1495 4621 ὧν
1518 4550 1751 4621 μάλιστα

164 4624 419 4693 προνοεῖν
456 4622 623 4692 ἡμᾶς,
655 4620 751 4674 καὶ
785 4622 958 4674 ποιεῖν
984 4621 1051 4674 τὰ
1084 4623 1263 4676 πάντα
1290 4620 1420 4674 δεῖν.
1457 4620 1581 4693 Hzrc
1606 4624 1750 4676 enim

164 4690 237 4761 de
285 4690 513 4761 paganis
544 4694 821 4756 dicuntur,
871 4693 939 4745 de
998 4694 1195 4761 quibus
1242 4695 1487 4761 proxime
1541 4690 1751 4747 locutus

164 4760 810 4822 fuerat’Coustantinus,
868 4776 991 4815 cum
1018 4760 1023 4761 ⁷
1054 4763 1189 4816 dixit
1232 4760 1256 4816 ξ
1293 4764 1404 4824 τοῖς
1458 4761 1551 4813 τὸν
1608 4761 1749 4817 θεῖον

166 4832 510 4902 βλασφημεῖν
533 4832 698 4903 νόμον
731 4832 1297 4904 παρεσκευασμένοιςξ
1322 4834 1579 4904 rAitiergo
1611 4832 1750 4887 Cou-

163 4905 446 4957 stantiuns
474 4904 539 4955 ad
596 4906 905 4972 episcopos,
962 4903 1266 4957 cavendum
1318 4903 1563 4971 inprimis
1605 4918 1744 4969 esse,

165 4988 236 5026 ne
270 4987 340 5026 ex
374 4972 614 5041 ipsorum
648 4973 1080 5029 dissensionibus
1110 4974 1177 5026 ad
1201 4974 1649 5028 contemnendam
1681 4991 1747 5029 ac

162 5044 523 5097 deridendam
559 5042 997 5097 Christianorum
1032 5043 1349 5111 religionem
1385 5052 1747 5112 provocentur

162 5114 388 5182 pagani.
422 5114 619 5166 Eorum
644 5114 787 5167 enim
822 5114 1113 5167 maximam
1148 5129 1342 5168 curam
1390 5128 1455 5167 ac
1481 5113 1745 5168 sollicitu-

161 5186 351 5235 dinem
386 5198 577 5252 gerere
601 5198 699 5237 nos
728 5194 1004 5255 oportere,
1026 5184 1317 5255 omniaque
1344 5199 1524 5253 agere,
1550 5183 1744 5253 quibus

162 5255 234 5306 ad
279 5268 464 5307 veram
501 5255 659 5323 tidem
707 5269 772 5307 ac
816 5254 1042 5308 salutem
1079 5254 1289 5323 possint
1332 5256 1596 5308 revocari.
1636 5254 1740 5310 Eos

161 5337 301 5377 vero
324 5325 530 5377 servari
564 5322 721 5378 facile
757 5338 939 5393 posse,
974 5333 1029 5378 et
1060 5327 1127 5378 ad
1176 5325 1505 5394 agnitionem
1540 5324 1740 5377 verita-

161 5396 236 5447 tis
269 5395 580 5462 pervenire.
610 5396 656 5448 si
688 5410 777 5449 res
815 5405 1014 5449 nostra:
1057 5395 1164 5450 illis
1190 5398 1359 5449 beatae
1389 5404 1442 5447 et
1470 5395 1739 5449 admiran-

160 5465 245 5518 da:
277 5464 585 5519 videantur.
608 5464 838 5520 Proinde
864 5479 1302 5535 unumquemque
1330 5466 1545 5521 illorum
1575 5467 1737 5519 variis

160 5535 344 5590 modis
392 5545 557 5659 atﬂue
606 5536 815 5589 artibus
866 5535 1215 5590 allicieudum
1268 5550 1392 5590 esse
1436 5537 1504 5589 ad
1554 5545 1736 5605 partes

161 5614 404 5659 nostras.
488 5606 618 5658 titur
640 5606 833 5659 deinde
866 5606 1114 5659 exemplo
1156 5606 1511 5659 medicorum.
1554 5606 1644 5659 aui
1678 5618 1734 5659 ut

161 5614 404 5659 nostras.
438 5606 618 5659 Utitur
640 5606 833 5659 deinde
866 5606 1114 5675 exemplo
1156 5606 1511 5672 medicorum,
1554 5606 1644 5675 qui
1678 5618 1734 5660 ut

161 5676 327 5743 aegris
382 5676 621 5745 salutem
680 5677 991 5741 restituant,
1044 5677 1226 5731 omnia
1278 5675 1585 5745 excogitant
1615 5694 1732 5744 qua:

162 5746 271 5798 illis
298 5744 450 5799 utilia
481 5746 596 5799 fore
621 5747 865 5799 credunt.
897 5746 1021 5800 Haec
1048 5759 1193 5800 certe
1223 5762 1325 5801 non
1358 5744 1731 5801 intellexerunt

169 5815 520 5888 interpretes,
559 5817 614 5869 in
670 5830 895 5885 quorum
945 5818 1188 5874 versione
1218 5820 1384 5875 lector
1414 5817 1514 5872 alia
1546 5820 1727 5874 omnia

1796 1838 1841 1892 Β

1878 546 2107 602 vocavit.
2122 548 2363 617 Cumque
2380 548 2652 614 adessent,
2672 561 2767 603 eos
2784 546 3064 601 admonuit
3077 546 3291 615 utpacis
3308 546 3447 601 inter

1877 655 1936 696 se
1963 640 2245 697 servanda:
2272 640 2499 697 studiosi
2524 649 2727 708 essent,
2759 647 2815 694 et
2852 640 3172 709 pervicaces
3216 650 3442 695 conten-

1877 734 2050 787 tiones
2081 732 2367 803 lugerent;
2411 747 2508 788 nec
2545 730 2856 786 inviderent
2894 731 2939 785 si
2977 731 3099 800 quis
3129 732 3269 786 inter
3303 733 3445 802 ipsos

1874 823 2165 893 episcopus
2210 822 2490 892 sapientiae
2537 830 2592 877 et
2642 822 2911 876 facundia:
2968 821 3125 876 laude
3174 822 3442 879 ﬂoreret:

1872 914 1967 967 sed
1993 913 2424 983 uniuscujusque
2447 913 2704 969 virtutem
2738 927 3028 966 commune
3067 914 3306 967 omnium
3346 914 3444 968 bo-

1871 1021 1999 1060 num
2034 1019 2157 1061 esse
2182 1004 2555 1060 existimarent
2590 1024 2602 1059 :
2646 1021 2784 1060 neve
2820 1006 2853 1058 ii
2900 1003 2994 1074 qui
3040 1005 3447 1074 praestantiores

1870 1106 2018 1165 sunt,
2053 1113 2217 1167 supra
2246 1098 2535 1153 inferiores
2559 1111 2679 1173 sese
2705 1097 2959 1155 eﬁ'erreut
2988 1115 3001 1150 :
3036 1096 3129 1151 Dei
3155 1096 3299 1150 enim
3325 1110 3447 1150 esse

1872 1192 1940 1246 de
1973 1206 2101 1245 vera
2158 1192 2421 1261 cujusque
2472 1191 2673 1246 virtute
2719 1205 2783 1244 ac
2820 1189 3131 1259 praestantia
3174 1187 3442 1256 judicare.

1874 1282 2073 1337 Decere
2104 1283 2302 1352 potius,
2338 1291 2399 1336 ut
2431 1283 2843 1350 praastantiores
2902 1279 3293 1336 inﬁrmioribus
3327 1292 3447 1333 sese

1858 1374 2289 1430 accommodent
2315 1389 2435 1428 cum
2467 1374 2797 1444 indulgentia
2817 1374 3049 1443 quadam
3084 1387 3148 1427 ac
3175 1372 3398 1427 lenitate
3426 1389 3442 1426 :

1869 1463 2170 1533 praesertim
2212 1478 2335 1517 eum
2367 1463 2671 1517 absolutum
2702 1463 2956 1518 omnibus
3004 1462 3250 1517 numeris
3285 1465 3445 1532 quid-

1868 1554 2011 1623 piam
2041 1553 2279 1623 reperire
2307 1569 2531 1623 prorsus
2564 1553 2935 1609 diﬁicillimum
2964 1556 3054 1611 sit.
3082 1553 3268 1625 Itaque
3299 1555 3445 1625 ipsos

1870 1654 2002 1710 levis
2034 1653 2261 1709 aliorum
2295 1654 2477 1710 delicti
2520 1664 2709 1708 mutuo
2742 1656 2961 1709 veniam
3021 1654 3337 1725 indulgere;
3390 1665 3447 1711 et

1867 1759 2125 1830 quidquid
2157 1758 2470 1815 humanitus
2497 1770 2781 1829 peccatum
2814 1758 2905 1826 sit,
2931 1760 3242 1815 condonare
3275 1773 3444 1828 opor-

1872 1878 2005 1931 tere,
2042 1880 2295 1937 magnam
2336 1879 2550 1935 semper
2605 1864 2872 1921 rationem
2933 1863 3193 1920 habentes
3245 1874 3445 1920 mutua:

1867 1972 2217 2030 concordiae:
2265 1986 2332 2027 ne
2358 1971 2501 2027 forte
2548 1970 2677 2026 dum
2707 1970 2808 2041 ipsi
2845 1970 2988 2025 inter
3036 1984 3095 2025 se
3147 1969 3445 2026 seditiones

1865 2080 2095 2149 agitant,
2128 2079 2196 2134 iis
2221 2080 2314 2150 qui
2339 2079 2578 2137 divinam
2619 2079 2794 2150 legem
2829 2077 3131 2133 maledictis
3169 2077 3445 2132 incessere

1864 2188 2040 2259 parati
2069 2198 2217 2253 sunt,
2265 2186 2477 2242 ridendi
2539 2187 2847 2256 praebeatur
2905 2185 3143 2241 occasio.
3201 2183 3441 2251 Quorum

1864 2304 2043 2350 tamen
2072 2293 2366 2349 maximam
2399 2292 2668 2348 rationem
2694 2291 2761 2346 ab
2787 2290 2921 2361 ipsis
2955 2288 3260 2345 habendam
3287 2302 3438 2354 esse;

1865 2513 2252 2582 deprehendet.
2288 2512 2486 2567 Eodem
2540 2510 2859 2582 referendus
2917 2518 2999 2564 est
3034 2510 3187 2564 locus
3219 2510 3439 2567 Eusebii

1866 2588 1917 2640 in
1940 2580 2119 2654 capite
2148 2583 2216 2637 56
2244 2584 2398 2650 hujus
2427 2582 2576 2654 libri,
2605 2581 2799 2654 ubiqait
2821 2580 3248 2654 constantinum
3278 2582 3442 2651 impe-

1865 2650 2097 2710 ratorem
2138 2669 2389 2721 magnam
2442 2652 2550 2705 vim
2603 2652 2723 2705 auri
2780 2650 3031 2707 ecclesiis
3091 2653 3326 2706 derrasse
3358 2650 3439 2706 ad

1864 2740 2170 2797 pauperum
2231 2724 2566 2797 alimoniam,
2637 2737 2760 2797 cum
2822 2737 3020 2797 omnes
3067 2722 3438 2797 hominesad

1862 2792 2263 2862 suseipieudam
2313 2794 2573 2847 salutaris
2629 2792 2752 2846 ﬁdei
2802 2792 3105 2846 doctrinam
3140 2792 3241 2845 hac
3271 2792 3440 2845 etiam

1862 2868 2076 2943 latione
2126 2865 2368 2943 invitare
2412 2864 2610 2930 vellet;
2643 2862 2915 2943 _exemplo
2954 2862 3235 2943 “Apostoli,
3260 2863 3437 2943 quiin

1865 2935 2102 3007 Epistola
2134 2936 2199 2989 ad
2234 2934 2757 3007 Philippenses‘haec
2785 2932 2862 2985 ait
2892 2949 2905 2985 :
2947 2933 3063 2990 Sire
3077 2946 3167 3007 per
3198 2932 3435 3007 «quia-

1862 3000 2000 3073 nent,
2034 3008 2139 3060 sive
2166 3022 2258 3075 per
2290 3000 2563 3075 terit—atem
2595 3002 2839 3075 Christus
2864 3006 3230 3075 αηιιιιηιὶειιιι·ἒ
3257 3000 3439 3075 Porro

1862 3078 1919 3132 in
1953 3069 2055 3132 nis.
2103 3069 2262 3131 codd.
2311 3074 2447 3128 Fuk.
2500 3083 2555 3128 et
2609 3073 2804 3137 Savil.,
2869 3083 2921 3125 et
2950 3073 3000 3125 in
3034 3069 3267 3125 Turuebi
3300 3072 3439 3127 libro

1866 3159 2008 3205 totus
2058 3148 2145 3201 hic
2192 3146 2341 3199 locus
2369 3147 2441 3197 ita
2468 3145 2728 3198 scribitur
2762 3160 2774 3195 :
2808 3142 2915 3207 Οὓς
2962 3143 3054 3195 καὶ
3091 3140 3440 3212 μάλισταιδεῖ

1862 3218 2118 3289 σωθῆναι·
2151 3217 2248 3289 οὐκ
2301 3215 2558 3269 ἀδύνατον
2584 3213 2691 3285 γὰρ
2744 3215 2794 3289 εί
2909 3213 3029 3266 καθ’
3065 3213 3210 3289 ἡμᾶς
3244 3212 3439 3289 αὐτοὺς

1861 3283 2080 3361 ζηλωτὰ
2122 3288 2413 3361 φαίνοιντο⁸
2442 3300 2582 3361 qua;
2623 3283 2742 3338 sine
2766 3286 2927 3337 dubio
2954 3300 3106 3361 vera
3125 3283 3301 3361 .lectio
3329 3291 3431 3361 est.

1860 3352 2150 3416 ld'tautuui
2176 3356 2455 3411 emendari
2477 3352 2666 3421 velim,
2703 3364 2761 3408 ut
2789 3369 2884 3422 pro
2914 3354 3014 3407 οὐκ
3043 3352 3303 3407 ἀδύνατον
3327 3352 3436 3424 γάρ

1860 3432 2133 3485 scribatur
2163 3429 2263 3481 οὐκ
2286 3426 2549 3481 ἀδύνατον
2576 3425 2655 3490 δέ,
2690 3436 2746 3480 et
2776 3436 2961 3494 postea
2991 3441 3089 3494 pro
3118 3424 3192 3495 μὴ
3221 3424 3437 3492 ἀγνοεῖν

1862 3503 2069 3573 legatur
2102 3498 2175 3570 μὴ
2206 3500 2420 3573 ἀγνοεῖν
2448 3497 2575 3573 γάρ.

1931 3562 2066 3639 (82·)
2102 3562 2393 3637 ’Σωθῆναι
2447 3562 2816 3639 δυναμένων,
2868 3564 2979 3639 Hoc
3030 3564 3151 3620 loco
3198 3562 3436 3639 σωθῆναι

1860 3642 1999 3696 idem
2031 3635 2137 3704 est,
2166 3635 2309 3709 quod
2334 3635 2759 3709 salutaris’tidei
2781 3635 3430 3709 doctrinampercipere,

1858 3712 2131 3781 quomodo
2187 3705 2423 3781 sumitur
2452 3708 2597 3781 apud
2626 3706 2879 3781 Paulum,
2929 3706 3018 3759 ubi
3054 3705 3224 3781 _dicit_
3255 3705 3430 3781 _Deum

1860 3774 1995 3835 velle
2018 3796 2206 3837 omnes
2237 3774 2703 3834 horuines‘salvos
2737 3774 2873 3838 ﬁeri,
2919 3784 2972 3828 et
3003 3774 3069 3827 ad
3104 3774 3429 3842 agnitionem

1862 3851 2108 3905 veritatis
2142 3850 2329 3905 venire
2355 3848 2405 3918 (Ι
2433 3846 2577 3918 Tim.
2611 3862 2672 3909 ιι,
2705 3845 2781 3913 4).
2822 3846 2922 3918 Est
2948 3845 3050 3918 hoc
3101 3844 3323 3918 verbum
3374 3844 3426 3897 in

1856 3937 1921 3976 eo
1948 3936 2110 3976 sensu
2128 3914 2399 3991 proprium
2419 3914 3069 3991 Christianaereligionis.
3092 3914 3219 3991 _Quo
3250 3923 3428 3991 tamen

1858 3993 1940 4047 usi
1978 4002 2103 4046 sunt
2130 3982 2291 4046 etiam
2326 3985 3133 4057 posteriorisreviphilosophi,
3164 3992 3221 4037 ut
3252 3982 3428 4053 legere

1858 4062 2078 4117 tuemini
2112 4062 2165 4114 iu
2193 4054 2607 4115 Commentariis
2638 4055 2815 4110 Procli
2844 4057 2897 4107 in
2938 4054 3213 4108 Tima'um.

1928 4133 2039 4203 (85)
2074 4131 2170 4200 Μὴ
2227 4128 2595 4203 ἀμφιγνοεῖν.
2643 4125 2996 4203 ξςιυὶὺοηιίιιιη
3028 4126 3204 4203 potius
3250 4124 3323 4195 μή
3368 4140 3427 4178 τε

1856 4194 2204 4275 ἀμφιγνοεῖν,
2241 4194 2750 4275 εὐβοίιιιλεῃιιοῌδεῖν
2788 4197 2930 4266 quod
2955 4194 3114 4275 paulo
3144 4205 3268 4275 ante
3290 4194 3426 4262 prse-

1856 4263 2039 4329 cessit.
2080 4263 2199 4328 Sed'
2220 4273 2391 4325 codex
2435 4268 2645 4324 Fuketii
2691 4263 2870 4320 veram
2924 4263 3083 4319 nobis
3143 4264 3427 4318 lectionem

1858 4347 2071 4413 aperuit
2112 4344 2169 4397 in
2230 4357 2335 4409 quo
2370 4340 2577 4413 legitur
2603 4338 2678 4409 μὴ
2708 4337 2924 4413 ἀγνοεῖν
2974 4334 3017 4387 δ’
3075 4334 3218 4413 ῥμᾶς
3275 4329 3425 4413 Cipe!

1858 4405 1954 4482 ὥς,
1987 4424 2095 4468 etc.
2150 4405 2328 4480 Atque
2378 4405 2455 4464 ita
2510 4405 2679 4482 etiam:
2708 4405 3000 4482 Turnebus
3022 4406 3267 4482 aderam
3304 4405 3423 4459 libri

1856 4474 1952 4539 sui
1992 4474 2307 4549 emendarat
2334 4495 2401 4535 ex
2433 4495 2534 4533 ms.
2562 4479 2775 4549 codice.
2797 4506 2867 4518 —
2898 4476 3033 4549 Aliis
3058 4474 3254 4549 placet,
3294 4490 3425 4529 voce

1786 4538 1826 4593 ί)
1853 4538 1964 4609 δεῖν
2006 4538 2139 4609 ante
2164 4551 2403 4623 σωθῆναι
2437 4551 2632 4615 deleta,
2664 4548 2737 4621 μὴ
2758 4548 2866 4601 δεῖν
2886 4538 3208 4616 ἀμφιγνοεῖν
3227 4546 3421 4615 legere.

1855 4626 2034 4770 Εῡξέιί)
2064 4696 2220 4762 Vulg.
2248 4692 2743 4770 émxa/pozfvgwot.
2798 4686 3030 4770 Verbum
3085 4686 3321 4770 insolens
3371 4698 3419 4770 et

1852 4755 2051 4822 novum
2094 4783 2109 4820 :
2147 4755 2244 4834 pro
2296 4779 2403 4833 quo
2440 4755 2798 4834 scribendum
2839 4758 3052 4811 videtur
3094 4755 3415 4834 ἐπικουρούο

1854 4855 2024 4910 μενοι.
2082 4830 2287 4890 Sensus
2313 4830 2504 4910 autem
2566 4834 2609 4910 i_s
2643 4830 2865 4910 omnino
2892 4838 2977 4910 est
3012 4841 3171 4896 quem
3202 4830 3254 4908 in
3298 4842 3412 4881 ver-

1847 4896 2002 4965 Sione
2032 4921 2150 4960 mea
2183 4904 2360 4975 posui.
2398 4904 2487 4957 Ait
2512 4904 2658 4956 enim
2683 4899 3071 4975 Constantinus
3094 4896 3263 4951 variis
3294 4912 3413 4951 cau-

1846 4980 1923 5036 sis
1961 4988 2019 5034 et
2048 4968 2704 5047 occasionibuspagauos
2733 4968 2801 5047 ad
2831 4968 3147 5035 religionem
3176 4976 3417 5047 postram

1846 5050 2024 5104 solere
2072 5045 2342 5101 converti.
2394 5037 2560 5097 Alios'
2587 5057 2682 5110 spe
2732 5040 3116 5110 alimentorum
3156 5037 3313 5102 duci;
3350 5039 3407 5090 olm

1845 5120 2224 5187 eleemosynas
2276 5115 2487 5171 scilicet
2519 5106 2974 5188 Christianorum.
3022 5106 3173 5188 Alios
3199 5122 3295 5175 spe
3328 5122 3413 5187 pa:

1848 5182 2104 5255 trociniii
2134 5189 2204 5242 ob
2227 5188 2605 5255 episcoporum
2640 5182 2841 5237 scilicet
2866 5182 3280 5259 auctoritatem,
3325 5182 3418 5259 qui

1845 5262 1987 5330 apud
2014 5251 2394 5330 imperatorem
2417 5251 2475 5308 et
2499 5262 2797 5330 summates
2826 5251 3114 5330 plurimum
3142 5257 3415 5330 poterant,

1846 5318 2149 5403 προστασία
2201 5337 2291 5403 est
2331 5325 2693 5403 patrocinium
2741 5318 2841 5403 seu
2872 5318 3210 5403 suﬁragium,
3238 5320 3415 5403 rut-ad

1842 5388 2190 5455 Aiumianum
2242 5388 2610 5451 Marcellinum
2661 5391 2879 5467 uotavi,_
2905 5405 3013 5461 qua
3043 5402 3174 5467 voce
3224 5388 3416 5467 crebro

1845 5474 2015 5525 utitur
2065 5469 2307 5525 Joannes
2358 5467 2803 5536 Chrysostomus.
2865 5459 2938 5515 ln'
2974 5461 3179 5530 optimo
3231 5459 3415 5536 codice

1840 5541 2140 5596 Fuketiauo
2163 5540 2313 5592 deest
2350 5553 2453 5592 vox
2472 5528 2951 5606 ἓπικαιρούμενοι,
2987 5528 3240 5606 totusque
3265 5528 3414 5582 locus

1841 5614 1916 5666 ita
1952 5612 2148 5681 legitur
2178 5626 2191 5663 :
2217 5610 2266 5661 οἱ
2317 5607 2415 5679 μὲν
2445 5607 2551 5681 γάρ
2580 5608 2654 5681 ώς
2680 5598 2843 5681 ’πρὸς
2869 5600 3073 5681 τροφὴν
3105 5598 3411 5681 χαίρουσινο

1841 5618 1916 5666 ita
1952 5618 2148 5681 legitur
2178 5626 2191 5663 :
2217 5618 2266 5661 οι
2317 5618 2415 5679 μεν
2445 5618 2551 5679 γαρ
2580 5618 2654 5670 ως
2708 5618 2843 5676 προς
2869 5621 2899 5655 τ
2970 5618 3073 5673 φην
3105 5618 3411 5672 χαιρουσιν·

1839 5684 1887 5735 οἱ
1945 5682 2001 5735 δὲ
2037 5682 2163 5744 τοὺς
2221 5677 2553 5751 προστασίας
2614 5618 3046 5746 ὲπειλημμερκῗους
3098 5670 3413 5742 ὑποτρέχειν

1836 5752 2104 5807 εἰώθασιν.

2208 5932 2217 5957 ί
