3882 6262
493 350 632 408 loss
1233 349 1508 408 susse“
1549 346 2037 406 cmsamsusrs
2068 347 2218 405 opp.
2264 348 2443 404 mas
2480 348 2520 403 ι.
2544 379 2614 389 -
2645 345 3035 404 ΗιετοιιιαΑ.
3394 312 3437 319 ’ί
3579 353 3677 405 mu

491 468 690 539 quippe
715 483 839 525 cum
873 466 1033 524 facile
1073 470 1275 524 servari
1308 470 1536 541 possint,
1590 471 1635 526 si
1661 484 1724 524 ea
1751 485 1870 540 qua:
1918 485 2020 540 apu

2161 469 2378 534 ξιώσεσι
2428 459 2958 540 ἲριλοφρονουμένους
3015 465 3364 530 ἀσπάζονται,
3406 466 3496 521 καὶ
3539 468 3679 535 ξενίοις

491 575 595 616 nos
623 570 904 632 geruntur,
939 561 1044 617 illis
1067 561 1266 616 eximia
1313 571 1369 616 et
1396 561 1709 617 admiranda
1759 561 2024 616 videantui

2171 557 2467 628 τιμώμενοι
2527 557 2811 626 ἀγαπῶσιν
2873 557 3071 629 ἕτεροι·
3110 555 3327 628 βραχεῖς
3381 556 3424 608 δ’
3465 559 3508 610 oi
3556 557 3681 626 λόγων

493 650 680 722 Neque
729 667 857 707 vero
891 653 1022 722 ipsis
1077 654 1369 708 obscurum
1403 667 1550 719 esse,
1612 667 1924 708 sermonum
1972 667 2026 707 co

2171 647 2385 718 ἀληθῶν
2435 647 2652 718 ἀληθεῖς
2708 647 2818 719 (85)
2847 647 3118 719 ἐρασταὶ,
3165 649 3256 702 καὶ
3301 648 3517 713 σπάνιος
3566 646 3618 704 αὖ
3665 654 3683 704 ἁ

498 747 645 817 piam
679 746 1100 815 haudquaquam
1151 745 1404 800 omnibus
1433 744 1744 800 hominibus
1775 743 2031 797 utilitater

2169 739 2271 809 τῆς
2331 739 2587 810 ἀληθείας
2647 740 2817 810 φίλος.
2885 739 2974 792 Διὺ
3033 739 3170 810 πρὸς
3221 740 3425 804 πάντας
3473 742 3687 811 ἁρμόττε-

493 838 707 894 aﬂ'erre.
745 838 846 892 Alii
880 839 1023 892 enim
1055 846 1314 906 tauquam
1348 837 1416 892 ad
1451 838 1616 892 vitam
1653 835 2026 891 sustentanda:

2173 832 2298 886 σθαι
2335 832 2433 896 δεῖ,
2474 831 2655 904 ἰατροῦ
2673 833 2827 904 δίκην
2850 833 3064 901 ἑκάστῳ
3091 829 3161 884 τὰ
3184 830 3431 903 λυσιτελῆ
3461 834 3581 905 πρὸς
3605 853 3683 888 σω-

491 929 774 986 commoda
825 929 928 984 sibi
966 926 1301 996 suppeditari
1336 926 1574 997 gaudent
1611 944 1624 979 :
1663 926 1754 980 alii
1783 926 1850 979 ad
1882 934 2024 995 patri

2162 940 2228 994 τη
2241 923 2358 996 ρίαν
2389 925 2808 996 ποριζομένους·
2843 925 2974 979 ὥστ’
2995 927 3053 993 ἐξ
3083 925 3322 990 ἅπαντος
3351 927 3445 997 τὴν
3471 930 3685 999 σωτήριον

491 1021 694 1076 cinium
716 1019 892 1077 solent
925 1020 1235 1089 confugere.
1263 1018 1493 1084 Quidam
1523 1033 1658 1074 eosa
1685 1016 1886 1088 quibus
1911 1017 2024 1071 beni

2163 1014 2318 1087 παρά
2353 1017 2465 1079 τοῖς
2487 1018 2619 1069 πᾶσι
2647 1015 2964 1084 δοξάζεσθαι
2989 1017 3353 1072 διδασκαλίαν.
3385 1019 3596 1074 Τοιαῦτα
3616 1023 3685 1090 μὲν

493 1128 598 1185 gne
625 1112 970 1182 excipiuntur
996 1110 1270 1179 diligunt;
1302 1109 1554 1165 nonnulli
1585 1107 1926 1170 munusculis
1966 1109 2026 1163 ho

2162 1107 2222 1159 ὲν
2252 1104 2488 1177 πρώτοις
2509 1108 2773 1181 παρῄνει·
2805 1110 2957 1175 τέλος
2993 1109 3038 1164 δ’
3073 1111 3332 1174 ἐπετίθει,
3356 1111 3450 1175 τὰς
3474 1112 3593 1182 ὑπὲρ
3617 1115 3687 1168 αὖ·

492 1203 694 1267 norati,
721 1203 788 1257 ad
815 1200 1115 1255 amicitiam
1147 1200 1438 1254 iucundam
1489 1199 1859 1269 impelluntur.
1900 1198 2025 1253 Paui

2163 1197 2257 1251 τοῦ
2305 1197 2440 1270 πρὸς
2485 1200 2578 1253 τὸν
2614 1201 2745 1254 Θεὸν
2785 1203 3062 1274 ἱκετηρίας
3105 1204 3542 1274 ἐσπουδασμένως
3560 1209 3689 1260 ποιεῖ-

494 1293 784 1348 admodum
806 1303 934 1346 sunt
956 1291 1068 1347 veri
1100 1305 1413 1344 sermonum
1450 1300 1758 1346 amatores:
1781 1305 1878 1345 nec
1911 1290 2027 1344 facil

2171 1289 2314 1344 σθαι.
2339 1290 2494 1345 Οῦτω
2523 1292 2586 1364 δὴ
2613 1294 3031 1366 συνταξάμενος,
3050 1297 3141 1350 ἐπὶ
3161 1296 3229 1351 τὰ
3256 1297 3404 1367 σφῶν
3429 1299 3582 1351 οἰκεῖα
3598 1302 3689 1363 τοὺς

494 1385 789 1451 invenitur,
823 1385 913 1454 qui
951 1387 1201 1441 veritatis
1229 1385 1504 1438 studiosus
1530 1383 1624 1437 sit.
1653 1383 1824 1447 Quam
1850 1383 1919 1435 ob
1943 1396 2027 1436 cat

2170 1381 2378 1447 πάντας
2418 1383 2696 1439 ἐπανιέναι
2736 1387 2918 1456 ἠφίεισ
2950 1389 2997 1440 oi
3031 1387 3078 1440 δ’
3102 1387 3406 1459 ἐπανῄεσαν
3439 1389 3526 1442 σὺν
3549 1389 3690 1461 saepe

493 1489 610 1530 sam
639 1475 890 1532 omnibus
939 1490 1058 1530 sese
1089 1475 1500 1530 accommodare
1523 1479 1760 1542 oportet,
1791 1481 1848 1525 et
1899 1473 2026 1526 inst:

2171 1472 2324 1545 σύνῃ,
2354 1474 2575 1546 ἐκράτει
2607 1493 2667 1529 τε
2695 1477 2882 1530 λοιπὸν
2925 1479 3075 1548 παρά
3101 1481 3215 1543 τοῖς
3240 1481 3377 1532 πᾶσι
3408 1479 3497 1550 μία
3524 1479 3689 1550 γνώμη,

492 1567 694 1622 medici
729 1566 1012 1636 cujusdam
1069 1581 1133 1622 ea
1170 1580 1290 1635 quae
1335 1563 1401 1618 ad
1453 1561 1873 1632 uniuscujusque
1930 1560 2025 1616 salt

2171 1581 2246 1616 πα
2261 1567 2305 1635 ρ’
2364 1565 2514 1636 αὐτῷ
2566 1565 2778 1637 βασιλεῖ
2837 1569 3276 1640 συμφωνηθεῖσα,
3337 1570 3691 1641 συναπτομένων

496 1664 604 1711 tem
635 1656 784 1711 utilia
819 1666 945 1712 sunt
966 1657 1407 1717 subministrare,
1439 1660 1499 1706 ut
1525 1652 1781 1706 salutaris
1810 1652 2023 1706 doctrin

2169 1653 2357 1726 ὥσπερ
2404 1657 2490 1727 ἐφ’
2523 1659 2603 1713 ἐνὶ
2629 1659 2858 1731 σώματι,
2890 1660 2997 1716 τῶν
3032 1663 3096 1715 ἐκ
3138 1662 3351 1734 μακροῦ
3388 1661 3690 1733 διῃρημένων.

495 1747 643 1803 omni
672 1763 737 1803 ex
765 1757 916 1814 parte
951 1749 1018 1803 ab
1066 1748 1323 1814 omnibus
1352 1748 1669 1800 honoretur.
1699 1743 1766 1798 Et
1791 1745 1906 1800 haec
1940 1745 2158 1814 quidem
2221 1748 2397 1816 primo
2444 1752 2566 1806 loco
2633 1753 2935 1822 imperator
2994 1754 3073 1808 eis
3135 1753 3414 1824 praecepit.
3458 1755 3530 1808 Ad
3560 1768 3694 1811 extre-

496 1855 644 1894 mum
667 1855 801 1896 vero
847 1839 1064 1907 adjecit,
1103 1847 1163 1893 ut
1224 1853 1324 1906 pro
1397 1851 1456 1892 se
1514 1851 1729 1907 quoque
1777 1849 1966 1905 preces
2011 1837 2078 1890 ad
2119 1837 2284 1893 Deum
2343 1841 2535 1898 sedulo
2599 1843 2865 1899 facerent.
2897 1844 3032 1900 Cum
3063 1845 3114 1899 in
3142 1846 3290 1900 hunc
3319 1846 3522 1900 modum
3548 1849 3610 1900 eis
3631 1864 3695 1900 va-

498 1929 799 1997 ledixisset,
845 1931 1056 1986 cunctis
1119 1929 1388 1998 posthaec
1446 1929 1500 1982 in
1549 1929 1782 1997 patriam
1832 1930 2090 1985 redeundi
2156 1941 2474 2002 potestatem
2542 1937 2694 1994 fecit.
2723 1937 2800 1994 Illi
2850 1937 3016 2010 igitur
3062 1954 3272 1995 summa
3309 1955 3427 1994 cum
3481 1939 3696 1995 hilaritate

495 2021 716 2076 domum
747 2022 950 2077 reversi
1014 2031 1174 2086 sunt;
1233 2035 1296 2074 ac
1330 2021 1584 2090 deinceps
1632 2035 1738 2074 una
1796 2021 1936 2091 apud
1974 2036 2164 2078 omnes
2205 2026 2377 2081 valuit
2426 2029 2627 2099 opinio,
2694 2032 2796 2087 sub
2846 2032 3014 2100 ipsius
3077 2032 3423 2102 imperatoris
3469 2032 3694 2101 pmsenlia

499 2115 776 2170 communi
829 2114 1068 2170 omnium
1131 2128 1398 2170 consensu
1449 2115 1692 2181 firmata;
1725 2129 1849 2170 cum
1893 2115 1930 2170 ii
1958 2115 2048 2187 qui
2077 2116 2188 2188 jam
2237 2119 2438 2176 dudum
2467 2138 2496 2178 a
2525 2138 2585 2180 se
2617 2133 2802 2181 mutuo
2851 2124 3046 2181 divulsi
3108 2134 3287 2192 erant,
3316 2125 3368 2179 in
3407 2139 3554 2179 unum
3572 2123 3693 2179 veluti

499 2223 700 2277 corpus
728 2208 1077 2264 coaluisseut.

955 2300 1123 2373 496
1167 2299 1396 2356 CAPUT
1444 2297 1606 2354 xxu.
2110 2309 2154 2365 Β

2110 2309 2154 2365 Β
2694 2299 3093 2356 ΚΕΦΑΛΑΙΟΝ
3138 2299 3268 2353 ιω.

503 2390 778 2457 Quomodo
811 2392 945 2447 alios
970 2396 1180 2465 quidem
1224 2393 1467 2446 hortatus
1511 2394 1595 2456 sit,
1627 2392 1696 2465 ad
1719 2392 1854 2446 alios
1901 2402 2036 2449 aute:

2182 2393 2382 2457 Ὅπως
2417 2389 2525 2457 οὓς
2565 2389 2682 2460 μὲν
2718 2385 3256 2465 προέπεμψειςηοῖς
3283 2387 3352 2443 δὲ
3390 2390 3604 2460 ἔγραψε,
3627 2387 3693 2442 καί

710 2459 998 2532 scripserit,
1031 2474 1076 2517 et
1114 2465 1177 2516 de
1200 2465 1545 2533 pecuniarum
1586 2463 1860 2518 divisione.

1770 2480 1860 2518 rne.
2570 2459 2577 2460 ί
2635 2460 2954 2529 χρημάτων
2979 2459 3303 2526 διαδόσεις.

571 2549 747 2608 Tanto
773 2552 940 2621 igitur
967 2567 1218 2608 successu
1256 2552 1551 2621 imperator
1589 2551 1948 2620 exhilaratus,
1999 2551 2066 2607 iis

2252 2551 2471 2625 Χαίρων
2507 2553 2644 2624 δῆτα
2686 2552 2937 2623 βασιλεὺς
2967 2553 3060 2606 ἐπὶ
3092 2552 3171 2624 τῷ
3209 2551 3592 2624 κατορθώματι,

503 2641 596 2711 qui
628 2645 834 2714 synodo
855 2644 1078 2700 minime
1114 2643 1512 2708 interfuissent,
1543 2644 1909 2714 gratissimum
1961 2645 2036 2700 frti

2187 2647 2262 2718 μὴ
2283 2644 2656 2718 παρατυχοῦσι
2687 2647 2754 2716 τῇ
2789 2645 2991 2716 συνόδῳ
3032 2645 3244 2716 καρπὸν
3272 2643 3467 2713 εὐθαλῆ
3489 2641 3696 2713 δεδώρητο

503 2750 648 2789 ctum
675 2750 772 2804 per
793 2736 1004 2791 litteras
1039 2736 1293 2806 praebuit.
1317 2735 1420 2792 Sed
1451 2744 1505 2790 et
1537 2736 1805 2791 universis
1836 2737 2036 2808 populi:

2182 2735 2249 2789 δι’
2275 2734 2574 2788 ἐπιστολῶν
2595 2751 2607 2763 ·
2656 2732 2808 2796 λαοῖς
2845 2732 2891 2786 θ’
2923 2733 3114 2793 ἅπασι,
3150 2736 3264 2796 τοῖς
3305 2750 3363 2786 τε
3408 2734 3516 2786 κατ’
3545 2731 3695 2802 ἀγροὺς

507 2836 615 2880 tam
653 2826 718 2881 iis
751 2827 839 2896 qui
875 2843 972 2896 per
1005 2841 1163 2896 agr—os
1188 2842 1348 2897 quam
1386 2829 1476 2898 qui
1516 2827 1570 2882 in
1607 2827 1834 2881 urbibus
1862 2828 2040 2882 habita

2184 2830 2278 2882 καὶ
2305 2830 2416 2890 τοῖς
2438 2827 2580 2896 ἀμφὶ
2614 2824 2711 2888 τὰς
2733 2825 2937 2887 πόλεις,
2963 2823 3264 2894 χρημάτων
3303 2822 3545 2892 ἀφθόνους
3567 2820 3693 2874 διαὸό⁴

505 2915 659 2980 hant,
685 2930 935 2985 magnam
965 2916 1208 2986 pecuniae
1241 2902 1361 2973 vim
1402 2917 1654 2972 distribui
1688 2917 1875 2985 jussit;
1905 2919 2030 2988 publ

2191 2937 2303 2984 σεις
2341 2918 2607 2973 ποιεῖσθαι
2651 2915 3068 2988 παρεκελεύετο,
3112 2913 3216 2970 ὧδέ
3248 2935 3329 2988 πη
3367 2915 3605 2988 γεραίρων
3627 2913 3695 2983 τὴν

507 3025 627 3062 cam
656 3008 1010 3065 festivitatem
1048 3012 1118 3066 ob
1150 3011 1470 3067 vicesimum
1515 3010 1729 3082 imperii
1764 3011 1847 3075 sui
1881 3027 2040 3066 annui

1669 3010 1729 3064 rii
1764 3011 1847 3075 sui
1881 3027 2080 3067 annum
2189 3011 2380 3084 ἑορτὴν
2408 3011 2506 3082 τῆς
2533 3007 2877 3072 εἰκοσαετοῦς
2909 3007 3202 3080 βασιλείας.

509 3101 608 3156 hac
640 3103 851 3158 ratione
875 3105 1290 3161 concelebraris.

1070 3196 1300 3252 CAPUT
1329 3194 1518 3251 XXIII.

2691 3180 3089 3236 ΚΕΦΑΛΑΙΟΝ
3140 3181 3269 3236 Kl".

513 3281 787 3348 Quomodo
818 3284 887 3338 ad
929 3283 1209 3360 1E'gyptios
1257 3285 1544 3360 scripserit,
1577 3299 1766 3355 eosque
1798 3284 1866 3338 ad
1905 3299 2046 3355 pace:

2190 3273 2394 3339 Ὅπως
2431 3272 2565 3340 περὶ
2595 3271 2854 3342 ,εἰρήνης
2898 3271 3244 3360 Α’ὶγυπτίοις
3281 3270 3496 3343 amco-4t
3542 3288 3594 3324 τε
3631 3268 3699 3323 καί

1111 3357 1352 3408 hortatus
1399 3356 1486 3409 sil.

2801 3356 3165 3413 παρῄνεσεν.

584 3444 784 3499 Verum
826 3445 1037 3501 cunctis
1073 3445 1214 3501 inter
1263 3461 1322 3501 se
1353 3461 1539 3517 pacem
1584 3446 1908 3512 colentibus,
1942 3446 2086 3517 apud

2272 3435 2432 3490 Ἀλλά
2464 3434 2574 3508 γὰρ
2616 3435 2873 3490 ἁπάντων
2916 3435 3373 3507 είρηνευομένων,
3403 3435 3560 3506 μόνοις
3581 3433 3699 3498 Αἰγυ-

515 3535 660 3590 solos
689 3530 976 3607 Egyptios
1008 3536 1366 3608 implacabilis
1403 3537 1773 3593 contentionis
1804 3537 1962 3592 furor
1994 3553 2048 3590 ar

2191 3528 2368 3591 πτίοις
2391 3524 2757 3601 ἄμικτοςῆνὴ
2782 3528 2916 3600 πρὸς
2944 3527 3204 3598 ἀλλήλους
3234 3525 3540 3598 φιλονεικία,
3557 3525 3616 3586 ὡς
3640 3523 3701 3574 καὶ

513 3627 680 3682 debat
713 3645 725 3681 :
755 3629 890 3683 adeo
912 3630 1305 3708 ut-molestiam
1330 3631 1546 3699 quidem
1572 3630 1898 3686 exhiberem
1928 3629 2046 3699 impr

2193 3616 2347 3684 αὖθις
2376 3621 2612 3704 ἐνοχλεῖν
2647 3620 2891 3692 βασιλέα,
2915 3619 2977 3674 οὐ
3011 3620 3115 3690 μὴν
3150 3621 3244 3673 καὶ
3277 3618 3414 3692 πρὸς
3440 3618 3585 3690 ὀργὴν
3603 3612 3702 3712 ἐγεί-

515 3720 687 3774 ratori
707 3760 723 3785 ,
759 3736 864 3777 non
895 3704 1026 3778 ideo.
1042 3731 1225 3778 tamen
1251 3738 1376 3779 eum
1400 3725 1468 3779 ad
1501 3724 1843 3782 iracundiam
1877 3722 2048 3777 excita

2202 3731 2334 3784 ρειν.
2359 3708 2458 3767 Οἷα
2480 3703 2611 3782 γοῦν
2633 3714 2895 3786 πατέρας,
2916 3713 2949 3785 ἢ
2972 3713 3066 3765 καὶ
3094 3711 3296 3782 μᾶλλον
3317 3711 3574 3782 προφήτας
3591 3703 3700 3768 Θεοῦ,

517 3823 664 3868 rent.
690 3811 818 3868 Illos
846 3815 989 3869 enim
1018 3823 1079 3870 ut
1119 3826 1324 3884 patres,
1358 3825 1454 3871 aut
1483 3817 1665 3886 potius
1696 3827 1756 3872 ut
1794 3815 2050 3887 propheta

2201 3808 2352 3879 πάσῃ
2379 3806 2654 3878 περιέπων
2677 3809 2831 3877 τιμῇ,
2855 3807 2949 3858 καὶ
2973 3803 3223 3875 δεύτερον
3255 3803 3459 3864 ἐκάλει,
3489 3801 3566 3855 καὶ
3590 3797 3701 3850 πάλιν

517 3904 638 3974 Dei,
669 3908 814 3962 omni
839 3908 1045 3970 honore
1071 3909 1367 3978 imperator
1395 3909 1656 3975 alliciens,
1696 3910 1892 3965 iterum
1933 3908 1998 3962 ad
2033 3923 2050 3963 ε

2201 3905 2483 3973 ἐμεσίτευε
2511 3905 2624 3966 τοῖς
2658 3903 2840 3965 αὐτοῖς
2877 3899 3235 3966 ἀνεξικάκως,
3279 3899 3374 3953 καὶ
3399 3897 3570 3968 δώροις
3589 3893 3702 3960 ἐτίμα

517 3999 771 4063 vocavit;
806 3999 1002 4054 iterum
1036 3999 1242 4055 arbiter
1263 4001 1576 4056 eorumdem
1595 4000 1727 4066 fuit;
1762 4000 1960 4054 iterum
1992 4013 2050 4053 eo

2201 3992 2384 4056 πάλιν,
2419 3992 2606 4064 ἐδήλου
2647 4009 2708 4045 τε
2751 3991 2849 4064 τὴν
2882 3991 3090 4044 δίαιταν
3132 3991 3196 4043 δι’
3228 3987 3524 4056 ἐπιστολῆς.
3555 3983 3638 4037 Καὶ
3659 3978 3703 4030 τὰ

519 4089 840 4144 muneribus
878 4103 942 4143 ac
971 4088 1129 4142 donis
1162 4089 1468 4144 honoravit.
1513 4088 1846 4144 Sententiam
1879 4101 2052 4157 quoqu

2201 4084 2300 4155 τῆς
2331 4085 2546 4138 συνόδου
2575 4084 2820 4155 δόγματα
2843 4085 3024 4156 κυρῶν
3054 4080 3497 4154 ἐπεσφραγίζετο,
3523 4071 3704 4145 παρεκά-

519 4192 684 4246 quam
736 4177 942 4233 arbiter
994 4178 1226 4244 dixerat,
1272 4194 1368 4246 per
1403 4179 1684 4250 epistolam
1730 4178 2052 4249 signiﬁcavit

2200 4174 2282 4228 λει
2301 4191 2361 4226 τε
2389 4173 2707 4245 συμφωνίας
2732 4172 2969 4244 ἔχεσθαι,
3009 4172 3143 4244 μηδὲ
3173 4172 3408 4241 διασπᾷν
3433 4169 3518 4222 καὶ
3535 4160 3702 4220 κατατὲ-

522 4269 856 4326 conlirmans
888 4277 944 4324 et
993 4271 1250 4326 sanciens
1284 4286 1346 4326 ea
1395 4286 1516 4340 quae
1549 4286 1579 4325 a
1624 4271 1830 4342 synodo
1877 4269 2055 4324 decret

2205 4282 2358 4337 μνειν
2384 4266 2483 4337 τὴν
2517 4265 2863 4335 Ἐκκλησίαν,
2889 4265 2990 4334 τῆς
3009 4265 3067 4318 δὲ
3094 4262 3188 4316 τοῦ
3209 4261 3349 4316 Θεοῦ
3375 4262 3580 4332 κρίσεως
3598 4253 3703 4322 ἐννῷ

522 4357 773 4425 fuerant,
803 4373 1006 4429 eosque
1036 4359 1332 4416 adhortans
1365 4370 1425 4414 ut
1449 4361 1756 4416 concordiae
1786 4360 2055 4415 studerent

2201 4359 2303 4430 τὴν
2345 4360 2567 4431 μνήμην
2600 4359 2917 4430 λαμϐάνειν,
2947 4358 3057 4411 Καὶ
3080 4356 3250 4410 ταῦτα
3276 4357 3334 4409 δὲ
3358 4353 3580 4427 βασιλεὺς
3593 4350 3642 4402 δι’
3658 4348 3704 4399 ol-

523 4464 626 4504 nec
650 4450 909 4507 Ecclesia:
943 4466 1145 4522 corpus
1175 4453 1484 4508 distrahere
1527 4466 1593 4505 ac
1622 4451 1933 4520 discerpere
1976 4448 2056 4504 vel

1394 4466 1484 4506 ere
1527 4466 1593 4505 ac
1622 4451 1933 4520 discerpere
1976 4448 2093 4504 vel-
2205 4449 2358 4514 κείας
2380 4450 2667 4504 ἐπέστελλε
2693 4451 2927 4523 γραφῆς.

522 4540 656 4607 lent,
687 4541 783 4597 sed
824 4542 1063 4598 futurum
1111 4543 1204 4600 Dei
1227 4543 1492 4612 judicium
1525 4543 1709 4600 animo
1749 4551 2092 4614 reputarent.
2132 4538 2197 4597 Et
2235 4542 2351 4598 haec
2383 4543 2601 4613 quidem
2659 4543 2959 4616 imperator
2988 4539 3209 4613 speciali
3259 4536 3481 4610 epistola
3509 4535 3578 4592 eis
3613 4545 3702 4599 503'

522 4633 710 4703 gessit.
1607 4636 1614 4644 ’

1076 4748 1305 4806 CAPUT
1350 4744 1536 4804 xxrv.
1600 4726 1605 4732 ’
2129 4760 2176 4816 υ

2129 4760 2176 4816 υ
2710 4740 3109 4796 ΚΕΦΑΛΑΙΟΝ
3147 4739 3270 4792 ΚΔν.

585 4838 862 4906 Quomodo
888 4840 1142 4910 episCOpis
1175 4852 1222 4896 et
1253 4841 1488 4910 plebibus
1523 4838 1800 4910 religiosas
1827 4841 2030 4894 litteras

2199 4839 2400 4903 Ὅπως
2446 4835 2800 4902 ἐπισκόποις
2844 4833 2942 4910 καὶ
2977 4831 3149 4910 λαοῖς
3185 4827 3448 4893 εὐλαϐῶς
3481 4820 3703 4882 mihi“

1090 4903 1284 4981 scaphis
1307 4913 1536 4981 scripsit.
1622 4903 1643 4910 ’

2845 4903 3130 4975 ἔγραψεν.
3511 4987 3521 4992 Δ
3628 4980 3639 4992 ξ
3675 4975 3681 4992 Ι

601 4998 708 5053 Sed
745 5007 802 5054 et
850 5000 956 5056 alia
989 5000 1219 5072 plurima
1269 5000 1532 5081 ei‘usmodi
1581 5000 1820 5068 scripsit,
1857 5015 1922 5055 ac
1964 5013 2102 5068 pcne

2273 4997 2384 5052 Kal.
2418 4997 2554 5050 ἀλλά
2580 4998 2636 5052 δὲ
2664 4995 2871 5062 τούτοις
2904 4995 3140 5068 ἔγραφεν
3167 4993 3368 5064 ἀδελφὰ
3403 4987 3568 5081 μυρία,
3597 4987 3701 5081 πλεξ-

528 5091 963 5146 innumerabiles
995 5092 1243 5146 exaravit
1294 5072 1594 5162 epistolas;
1639 5106 1782 5145 nunc
1832 5089 2061 5160 episcopi

2203 5107 2334 5153 στας
2371 5089 2416 5143 θ’
2459 5090 2588 5153 ὅσας
2621 5088 2906 5153 ἐπιστολὰς
2937 5087 3210 5150 διετύπου,
3248 5089 3306 5139 ὲν
3341 5083 3486 5156 μέρει
3518 5075 3598 5148 μὲν
3619 5072 3699 5122 ἐπι-

524 5182 887 5247 przescribens
921 5197 984 5237 ea
1041 5198 1161 5253 qua:
1191 5182 1257 5237 ad
1290 5183 1659 5240 Ecclesiarum
1690 5182 1784 5237 Dei
1812 5182 2057 5236 utilitatei

2203 5182 2430 5245 σκόποις
2459 5182 2600 5255 ὑπὲρ
2631 5181 2738 5236 τῶν
2767 5179 3112 5251 Ἐκκλησιῶν“
3127 5177 3220 5231 τοῦ
3239 5174 3370 5230 Θεοῦ
3403 5171 3467 5225 τὰ

525 5274 868 5344 spectabant,
923 5291 1073 5331 nunc
1107 5275 1254 5345 ipsas
1282 5276 1471 5346 plebes
1504 5291 1601 5346 per
1623 5275 1833 5329 litteras
1857 5273 2058 5342 compel

2202 5273 2648 5346 διαταττόμενος·
2689 5274 2791 5347 ἢδη
2823 5273 2880 5326 δὲ
2927 5271 3024 5326 καὶ
3064 5271 3243 5334 αὐτοῖς
3285 5259 3592 5338 προσεφώνει
3629 5259 3703 5310 =05;

596 5478 611 5542 (
629 5478 931 5548 85)Λο’γων
943 5476 1185 5545 ἀληθῶν
1198 5477 1646 5547 ἀληθεῗςέϐοᾶᾱ.
1666 5475 1878 5548 Fuketij
1895 5484 1948 5530 et
1964 5476 2032 5530 Sa
2040 5476 2117 5528 vi-

2181 5511 2196 5526 .
2223 5475 2518 5548 Fuketiiet
2558 5478 2768 5532 schedaz
2800 5475 2981 5547 Regia:
3025 5476 3274 5548 habent:
3312 5471 3401 5548 ὑοξ

539 5529 1545 5620 misisset;1.313;.1i'xsssaﬁéaii
1558 5529 1804 5620 έςῐάἁέαῖέ
1830 5529 2072 5620 θοασμίωα

2221 5529 2326 5620 in...
2361 5529 2446 5614 ἐφ’
2475 5529 2580 5620 ea,
2596 5529 2912 5620 stimo:
2932 5548 2999 5620 in_
3026 5529 3268 5620 vulgatis
3303 5529 3701 5620 adiumenta):

543 5619 704 5688 etiam
735 5608 801 5671 'in
845 5619 982 5674 libro
1017 5608 1254 5672 Turnebi
1307 5623 1373 5672 ad
1416 5608 1722 5688 'margi'nem
1771 5608 2076 5688 emendatur

2217 5608 2644 5688 eodem'_codice
2686 5608 2944 5685 scriptum
2987 5608 3218 5688 inveni”:
3241 5611 3422 5680 διόπερ
3449 5608 3703 5688 πανίτξιξ-ξξξ

543 5685 652 5739 δρα
680 5669 1499 5758 vulgarawscssssgi.sese;
1522 5669 1838 5758 suam...
1868 5669 2075 5758 proxim

2218 5669 2515 5758 μόττεσθαι
2537 5669 2638 5755 δεῖ,
2688 5669 2811 5744 ἡδο·
2835 5669 2894 5743 ut
2918 5669 3102 5758 vulgo
3124 5684 3322 5740 editum
3367 5669 3462 5744 c'st,
3518 5669 3582 5724 διὸ
3610 5669 3701 5733 πρὸς

549 5765 870 5824 sequuntur,
897 5767 956 5809 ut
981 5755 1184 5810 vitetur
1209 5755 1548 5831 ταυτολογία.
1600 5755 1768 5812 Paulo
1794 5765 1917 5827 post
1939 5755 2082 5810 code:

902 5767 956 5809 ut
981 5755 1184 5810 vitetur
1209 5755 1548 5831 ταυτολογία.
1600 5755 1768 5812 Paulo
1794 5765 1917 5827 post
1939 5755 2108 5810 codex
2215 5756 2435 5820 πάντας.
