3882 6262
3234 267 3257 315 ρ

518 350 656 418 1087
1223 354 1495 413 EUSEBII
1526 356 2005 419 CESARIENSIS
2042 360 2195 418 OPP.
2237 360 2419 417 PARS
2467 362 2512 416 l.
2547 388 2616 401 -
2642 358 3032 417 HISTORICA.
3588 369 3693 428 1083

516 471 1005 533 honoremdascivi
1050 472 1313 527 daemonis
1348 486 1510 544 quem
1561 473 1830 533 Venerem
1862 487 2049 533 vocant

2186 475 2346 549 έργον
2368 474 2516 541 ἄξειν
2547 472 2815 546 ἐνόμιζον,
2839 476 2888 529 εί
2914 475 3001 529 διὰ
3025 471 3229 528 τούτων
3273 475 3381 528 τῶν
3408 476 3593 546 ἐναγῶν
3621 499 3694 552 μυ-

517 569 863 633 mdiﬁcantes,
896 565 987 621 ubi
1010 568 1339 622 exsecranda
1361 567 1630 623 sacrificia
1657 584 1822 641 super
1846 569 2050 640 profani

2186 568 2480 639 σαγμάτων
2501 569 2562 621 τὸ
2583 567 2848 638 σωτήριον
2869 565 3060 637 ἄντρον
3091 565 3494 638 κατακρύψειαν
3508 586 3520 598 ·
3544 572 3596 625 οὺ
3614 574 3695 648 γὰρ

517 669 574 717 et
604 658 833 729 impuris
859 657 1126 726 altaribus
1147 656 1471 714 offerebant.
1503 659 1561 714 Id
1586 661 1730 716 enim
1761 662 1905 732 quod
1932 661 2050 718 insti

2185 652 2286 712 οἷοί
2314 660 2362 712 τ’
2386 654 2527 731 ἦσαν
2556 659 2792 712 συνιέναι
2831 659 2880 711 οί
2925 658 3164 722 δείλαιοι,
3190 659 3270 722 ὡς
3297 659 3398 713 οὐκ
3436 656 3539 731 εἶχε
3574 663 3695 732 φύσιν

517 758 754 811 Inerant,
789 748 864 802 ita
894 747 1113 802 demum
1158 761 1219 803 se
1256 747 1601 819 perfecturos
1627 764 1751 804 esse
1779 751 2049 815 opinaban

2183 750 2274 804 τὸν
2290 750 2429 805 κατά
2450 750 2545 804 τοῦ
2570 750 2800 805 θανάτου
2824 749 3050 822 βραϐεῖα
3074 750 3239 822 ἀναδη
3248 751 3496 822 σάμενον,
3518 754 3695 830 κρύφιον

517 850 627 907 tur,
658 841 706 895 si
735 839 964 910 impuris
986 837 1294 907 huiusmodi
1320 840 1571 896 sordibus
1599 840 1768 913 498
1793 841 2050 897 salutarer

2185 844 2506 898 καταλιπεῖν
2535 843 2596 899 τὸ
2624 843 2974 914 κατόρθωμα,
3011 843 3131 897 οὐδὲ
3169 844 3270 916 τὴν
3314 844 3587 915 σύμπασαν
3618 851 3695 904 τῶν

514 933 835 1003 speluncam
867 930 1203 987 obruissent.
1230 931 1414 1001 Miseri
1442 933 1584 988 enim
1614 934 1752 989 illud
1785 933 2047 1006 intelliget

2185 934 2484 1008 ἀνθρώπων
2506 934 2713 1008 [φύσιν]
2743 936 2925 990 λαθεῖν
2958 935 3070 1008 (91)
3096 934 3331 1007 λάμπων
3365 938 3499 1010 ὑπὲρ
3526 941 3612 1012 γῆς
3632 959 3696 1011 γε.

515 1039 624 1079 non
655 1031 931 1093 poterant,
974 1022 1095 1077 fieri
1145 1024 1372 1080 omnino
1414 1040 1521 1080 non
1563 1041 1745 1096 posse,
1780 1026 1965 1096 utqui
2019 1026 2048 1081 d

2184 1028 2408 1100 νόμενος
2426 1030 2455 1082 ὁ
2476 1028 2646 1099 ἥλιος,
2679 1028 2773 1082 καὶ
2797 1028 2888 1082 τὸν
2916 1030 3113 1082 οίκεῖον
3133 1030 3190 1082 ὲν
3213 1029 3277 1082 ού
3286 1029 3432 1101 ρανῴ
3455 1030 3696 1089 διῖππεύων

515 1122 692 1169 morte
715 1113 1000 1168 victoriam
1033 1114 1333 1181 retulisset,
1358 1115 1463 1170 hoc
1487 1114 1732 1186 ipsorum
1756 1115 1968 1172 facinus
1988 1130 2048 1172 oc

2182 1120 2412 1193 δρόμον·
2444 1119 2632 1174 τούτου
2682 1120 2791 1193 γὰρ
2834 1119 3156 1192 κρειττόνως
3204 1120 3388 1192 ψυχὰς
3432 1121 3694 1195 ἀνθρώπων,

514 1209 720 1266 cultum
776 1209 1110 1277 relinqueret
1142 1227 1158 1264 :
1194 1210 1647 1279 quemadmodum
1690 1226 1791 1267 nec
1833 1211 1951 1267 ﬁeri
1984 1225 2047 1282 po

2184 1212 2298 1266 ἀλλ’
2325 1212 2387 1265 ού
2430 1210 2657 1283 σώματα
2698 1213 2732 1283 ἡ
2776 1212 3039 1284 σωτήριος
3069 1213 3463 1281 καταυγάσασα
3502 1214 3694 1287 δύναμις,

515 1314 643 1369 test,
667 1310 729 1357 ut
774 1301 858 1358 sol
889 1316 1053 1371 supra
1093 1312 1268 1357 terras
1296 1302 1539 1369 radians,
1577 1312 1633 1359 et
1670 1313 1987 1361 consuetum
2029 1305 2044 1360 i

2182 1304 2292 1359 τῶν
2331 1305 2546 1359 οἰκείων
2592 1304 2685 1358 τοῦ
2721 1305 2897 1372 φωτὸς
2931 1303 3313 1377 μαρμαρυγῶν
3353 1305 3443 1359 τὸν
3467 1305 3696 1377 σύμπαντα

511 1395 651 1451 οωιο
677 1411 898 1451 cursum
924 1411 1213 1466 peragens,
1237 1395 1403 1452 totius
1431 1398 1650 1467 generis
1688 1386 1908 1453 humani
1942 1399 2044 1453 noti

2183 1392 2526 1466 κατεπλήρου
2559 1392 2782 1464 κόσμον.
2819 1392 2967 1465 Πλὴν
2997 1391 3132 1445 ἀλλά
3158 1391 3271 1446 τῶν
3308 1391 3479 1447 ἀθέων
3504 1395 3586 1449 καὶ
3606 1396 3695 1450 δυσ-

513 1491 641 1543 tiam
670 1487 1053 1558 subterfugiat.
1083 1487 1293 1558 Quippe
1326 1489 1641 1545 Servatoris
1676 1490 1846 1547 nostri
1888 1501 2046 1560 poten

2184 1484 2358 1539 σεϐῶν
2402 1483 2609 1556 ἀνδρῶν
2665 1482 2734 1538 τὰ
2773 1483 2913 1537 κατὰ
2948 1482 3049 1555 τῆς
3087 1482 3348 1554 ἀληθείας
3391 1486 3693 1556 μηχανήματα

508 1579 586 1634 tia
610 1579 771 1650 longe
797 1579 1164 1649 prtestantiori
1191 1579 1314 1635 luce
1348 1580 1732 1650 resplendens,
1760 1595 1861 1637 nec
1903 1591 1963 1636 ut
2003 1597 2041 1637 St

2187 1581 2419 1652 μακροῖς
2442 1577 2792 1653 παρετείνετο
2818 1578 3049 1649 χρόνοις,
3086 1576 3266 1640 οὐδείς
3288 1594 3349 1629 τε
3380 1576 3484 1631 τῶν
3510 1577 3693 1643 πώποτε,

509 1686 760 1742 corpora,
781 1671 874 1727 sed
900 1671 1111 1727 animos
1134 1671 1414 1726 hominum
1444 1672 1744 1738 illustrans,
1774 1680 1944 1727 totum
1967 1672 2042 1743 jal

2182 1667 2280 1739 οὐχ
2307 1667 2640 1738 ἡγουμένων,
2672 1668 2733 1718 οὐ
2762 1665 3103 1737 στρατηγῶν,
3134 1666 3238 1720 οὐκ
3261 1664 3439 1719 αὐτῶν
3470 1666 3692 1737 βασιλέων,

510 1773 783 1818 terrarum
814 1762 1003 1817 orbem
1032 1762 1201 1817 radiis
1255 1763 1535 1834 implebat.
1563 1764 1671 1820 Sed
1725 1763 2043 1819 nihilominu

2184 1761 2277 1813 ἐπὶ
2299 1759 2611 1831 καθαιρέσει
2625 1758 2733 1813 τῶν
2746 1759 3161 1830 τετολμημένων
3182 1757 3411 1831 εὕρηται
3436 1760 3691 1832 ἐπιτήδειος,

506 1871 574 1911 ea
606 1871 729 1927 quae
766 1855 915 1925 impii
945 1870 1010 1909 ac
1042 1855 1251 1923 profani
1289 1855 1542 1912 homines
1570 1857 1832 1913 adversus
1877 1859 2039 1931 verita

2182 1852 2215 1924 ἢ
2247 1852 2403 1923 μόνος
2427 1829 2507 1916 εἷς
2526 1853 2554 1905 ό
2580 1850 2658 1923 τῷ
2682 1829 3015 1922 παμϐασιλεῖ
3036 1849 3153 1921 Θεῷ
3176 1829 3351 1921 φίλος.
3376 1852 3482 1904 Καὶ
3511 1829 3696 1923 πνεύμα-

511 1956 621 2004 tem
665 1946 965 2002 machinati
1001 1945 1243 2012 fuerant,
1274 1945 1437 2017 longo
1466 1948 1731 2018 temporis
1757 1948 1934 2018 spatio
1964 1963 2044 2017 pet

2181 1962 2235 1998 τι
2264 1944 2394 2015 γοῦν
2423 1945 2650 2014 κάτοχος
2678 1943 2828 2015 θείῳ,
2857 1942 3035 2016 χῶρον
3067 1943 3232 1998 αὐτὸν
3259 1943 3458 1997 ἐκεῖνον
3481 1944 3561 1997 τὸν
3584 1944 3694 2017 δεδη-

510 2046 849 2094 mauserunt.
873 2036 982 2092 Nec
1007 2037 1148 2092 ullus
1172 2053 1240 2092 ex
1265 2038 1611 2107 praesidibus,
1633 2046 1727 2093 aut
1753 2050 1819 2092 ex
1837 2037 2043 2092 ducibus

2180 2037 2443 2109 λωμένον,
2472 2036 2674 2101 πάσαις
2714 2038 2775 2090 ού
2810 2035 3078 2109 καθαραῖς
3111 2034 3269 2099 ὕλαις
3305 2035 3505 2107 ἐχθρῶν
3527 2035 3693 2088 ἐπιϐου-

511 2140 607 2187 aut
644 2147 713 2187 ex
748 2133 882 2201 ipsis
921 2132 1085 2187 etiam
1138 2132 1591 2202 imperatoribus,
1633 2132 1725 2201 qui
1760 2132 1830 2188 ad
1872 2140 2044 2185 tantm

2179 2128 2301 2192 λαῖς
2329 2126 2800 2199 κατακεκρύφθαι,
2845 2126 2982 2200 λήθῃ
3017 2143 3077 2180 τε
3110 2124 3207 2181 καὶ
3242 2125 3433 2197 ἀγνοίᾳ
3469 2125 3697 2197 παραδεδο-

508 2224 688 2281 scelus
721 2224 1071 2280 evertendum
1097 2224 1325 2280 idoneus
1355 2225 1514 2292 foret,
1544 2225 1796 2281 inventus
1828 2233 1912 2279 est
1947 2239 2041 2295 pra

2185 2218 2346 2291 μένον
2375 2219 2436 2271 ού
2470 2216 2734 2288 παριδὼν,
2758 2216 2879 2270 οὐδὲ
2910 2220 2977 2288 τῇ
3006 2218 3113 2270 τῶν
3141 2215 3332 2269 αίτίων
3355 2216 3692 2287 παραχωρήσας

512 2323 594 2369 ter
627 2328 795 2367 unum
835 2313 948 2369 Deo
973 2314 1216 2368 omnium
1258 2314 1373 2386 regi
1405 2315 1847 2384 acceptissimum
1880 2314 2045 2383 princi

2180 2310 2508 2382 κακίᾳ,Θεὸν
2531 2309 2624 2363 τὸν
2653 2308 2819 2363 αὐτοῦ
2854 2306 3114 2379 συνεργὸν
3147 2305 3603 2377 ἐπικαλεσάμενος,
3623 2325 3691 2361 κα-

508 2418 652 2476 pem.
679 2404 781 2472 Qui
816 2404 1000 2461 divino
1030 2405 1304 2460 animatus
1357 2406 1581 2476 spiritu,
1621 2421 1742 2461 cum
1773 2421 1939 2477 supra
1970 2421 2041 2461 me

2179 2402 2466 2474 θαίρεσθαι
2487 2401 2833 2474 προστάττει,
2856 2401 3026 2473 αὐτὴν
3050 2401 3116 2471 δὴ
3142 2399 3378 2470 μάλιστα
3404 2398 3492 2471 τὴν
3513 2398 3599 2452 ὑπὸ
3617 2400 3690 2451 τῶν

507 2506 777 2553 moratum
812 2495 1018 2563 locum,
1045 2497 1300 2553 omnibus
1328 2497 1703 2568 purgamentis
1733 2512 1804 2556 ac.
1825 2497 2040 2551 sordibu

2177 2495 2386 2566 ἐχθρῶν
2408 2495 2786 2566 μεμιασμένην
2823 2492 3130 2548 ἀπολαῦσαι
3150 2492 3265 2548 δεῖν
3288 2491 3516 2562 οίόμενος
3533 2491 3613 2562 τῆς
3625 2491 3690 2543 τοῦ

416 2616 425 2629 α
509 2589 581 2644 ab
609 2589 939 2644 adversariis
963 2588 1339 2644 lraudulenter
1362 2589 1798 2654 obstructum,et
1818 2587 1949 2643 oblir

2177 2586 2495 2656 παναγάθου
2523 2586 2589 2640 δι’
2627 2584 2794 2640 αὐτοῦ
2824 2584 3246 2657 μεγαλουργίας.
3282 2584 3427 2654 Ἅμα
3447 2582 3499 2636 δὲ
3516 2583 3692 2654 προπὰ-

508 2682 726 2752 penitus
756 2681 1015 2737 traditum
1043 2695 1169 2738 esse
1203 2682 1423 2753 indigne
1460 2681 1652 2749 ferret,
1684 2697 1784 2737 nec
1815 2681 2041 2751 improbi

2185 2694 2355 2750 γματι
2374 2677 2444 2731 τά
2465 2678 2567 2748 τῆς
2597 2677 2814 2749 ἀπάτης
2846 2677 3215 2749 μηχανήματα
3241 2677 3322 2740 εἰς
3351 2675 3527 2743 ἔδαφος
3541 2674 3690 2731 ἄνωθεν

510 2772 608 2828 tati
634 2787 822 2829 eorum
846 2772 936 2842 qui
966 2772 1019 2827 id
1058 2771 1229 2830 moliti
1257 2772 1475 2829 fuerant
1505 2772 1806 2828 cedendum
1836 2785 1957 2827 esse
1989 2786 2043 2826 at

2186 2769 2281 2837 ἀφ’
2320 2766 2525 2839 ὑψηλοῦ
2560 2767 2975 2839 κατερῤίπτετο,
3019 2765 3208 2819 ὲλύετό
3237 2783 3297 2819 τε
3329 2767 3421 2818 καὶ
3448 2763 3690 2835 καθῃρεῖτο,

509 2863 844 2931 bitraretur;
873 2863 969 2918 Dei
994 2863 1263 2933 adjutoris
1288 2864 1373 2920 sui
1407 2864 1628 2918 numine
1656 2863 1930 2927 invocato,
1955 2877 2042 2932 put

2188 2860 2372 2923 αὐτοῖς
2405 2859 2613 2926 ξοάνοις
2636 2859 2731 2913 καὶ
2755 2859 2995 2931 δαίμοσι,
3029 2858 3124 2913 καὶ
3150 2858 3225 2912 τὰ
3259 2857 3357 2928 τῆς
3386 2855 3567 2925 πλάνης
3588 2856 3689 2907 οἰκο-

435 2973 445 2983 ·
509 2952 627 3025 gari
643 2952 903 3023 praecepit
927 2970 943 3006 :
963 2960 1116 3007 ratus
1137 2966 1257 3007 eam
1273 2953 1509 3009 maxime
1536 2951 1636 3008 soli
1667 2961 1898 3022 partem,
1921 2966 2082 3021 quam
2189 2952 2502 3023 δομήματα.

508 3043 814 3101 adversarii
844 3044 1338 3111 contaminassent,
1369 3060 1468 3100 sua
1497 3059 1663 3115 opera
1721 3059 1786 3101 ac
1846 3044 2154 3099 ministerio
2191 3044 2374 3100 divina
2403 3043 2510 3099 frui
2542 3042 2948 3114 magniﬁcentia
2972 3040 3241 3112 oportere.
3281 3041 3448 3097 Simul
3472 3036 3690 3108 atquehoc

510 3135 577 3191 ab
606 3135 933 3204 imperatore
954 3143 1284 3206 praeceptum
1313 3145 1418 3201 est,
1434 3138 1694 3194 continuo
1715 3152 1878 3206 opera
1910 3137 1998 3192 illa
2045 3137 2114 3192 ad
2147 3134 2390 3192 fraudem
2421 3145 2752 3207 comparata,
2775 3150 2807 3190 e
2828 3133 3043 3190 sublimi
3073 3135 3141 3190 ad
3168 3133 3348 3190 solum
3375 3129 3555 3200 deiecta
3575 3138 3688 3195 sunt;

509 3236 566 3284 et
586 3227 819 3285 adificia
841 3227 907 3283 ad
927 3228 1279 3300 decipiendos
1304 3229 1551 3288 homines
1573 3241 1906 3299 constructa,
1944 3247 2067 3289 cum
2094 3231 2230 3303 ipsis
2260 3230 2463 3288 statuis
2488 3246 2556 3288 ac
2585 3229 2916 3287 daemonibus
2942 3228 3122 3283 diruta
3167 3236 3301 3283 sunt
3325 3239 3390 3281 ac
3411 3222 3643 3293 dissipata.

1060 3341 1289 3398 CAPUT
1327 3343 1544 3401 XXVII.

2692 3340 3089 3401 ΚΕΦΑΛΛΙΟΝ
3121 3342 3253 3395 KZ'.

514 3429 789 3498 Quomodo
839 3429 1218 3505 constantinus
1260 3436 1439 3505 templi
1482 3437 1762 3492 materiam
1787 3455 1851 3493 ac
1893 3437 2047 3492 ruder

2188 3439 2379 3505 Ὅπως
2435 3435 2890 3500 Κωνσταντῖγος
2945 3433 3052 3505 τοῦ
3112 3429 3427 3505 εὶδωλειοιζ
3466 3425 3559 3493 τὰς
3582 3423 3689 3488 ὕλας

883 3500 1184 3572 longissime
1206 3496 1396 3574 proﬁci
1424 3508 1719 3562 mandavit.
2261 3496 2413 3643 νὲαίξ

2302 3597 2375 3632 τα
2415 3616 2416 3625 η

2261 3496 2489 3643 agat-Eni
2540 3506 2781 3577 χώματα
2830 3496 3070 3575 μακράν
3099 3516 3221 3556 που
3245 3496 3516 3570 ριφθῆναι
3558 3508 3691 3562 κροσ-

2302 3597 2375 3632 τα
2415 3594 2503 3632 εν.

582 3655 770 3726 Neque
811 3666 993 3712 tamen
1026 3656 1117 3713 hic
1161 3661 1474 3730 conquievit
1512 3662 1861 3731 imperatoris
1895 3662 2085 3719 alacri-

2264 3671 2337 3725 Οὐ
2375 3617 2481 3742 μὴν
2520 3672 2579 3724 ὲν
2609 3669 2819 3735 τούτοις
2851 3667 2923 3723 τά
2952 3667 3052 3739 τῆς
3083 3664 3322 3737 σπουδῆς
3357 3665 3538 3718 ἵστατο.
3569 3657 3689 3713 Πάλιν

513 3756 619 3804 tas.
669 3748 776 3804 Sed
806 3758 1071 3819 praeterea
1098 3750 1211 3806 tolli
1242 3762 1365 3807 ruta
1391 3767 1555 3821 caesa,
1596 3764 1648 3809 et
1695 3771 1858 3825 quam
1889 3755 2046 3825 longi:

2194 3764 2253 3819 δὲ
2302 3764 2555 3835 βασιλεὺς
2607 3764 2862 3839 αἴρεσθαι
2905 3763 3000 3817 καὶ
3048 3761 3387 3834 πορρωτάτω
3435 3757 3521 3828 τῆς
3560 3750 3690 3824 χώρας

512 3843 651 3896 sime
689 3849 846 3897 extra
896 3841 1034 3900 ﬁnes
1077 3846 1319 3918 regionis
1351 3847 1546 3919 projici
1595 3849 1898 3904 mandavit.
1935 3848 2045 3916 Quo

2198 3856 2676 3928 ἁποῤῥιπτεῖσθαι,
2728 3855 2837 3912 τῶν
2876 3855 3323 3927 καθαιρουμένων
3361 3851 3453 3924 τὴν
3495 3851 3543 3902 ὲν
3571 3844 3688 3904 λίθοις

515 3933 703 3988 itidem
754 3948 1082 4008 praeceptum
1117 3939 1365 4009 protinus
1391 3940 1725 3995 exsecutioni
1780 3942 2048 3996 mandatm

2196 3950 2292 4004 καὶ
2323 3946 2498 4014 ξύλοις
2526 3947 2657 4019 ὓλην
2682 3948 3008 4020 προστάττει
3027 3965 3041 3978 ο
3067 3947 3229 4016 ἔργον
3250 3947 3306 3999 δὲ
3340 3944 3431 3999 καὶ
3468 3939 3579 4011 τῷδε
3596 3950 3690 4004 παρ-

513 4030 619 4077 est.
660 4021 954 4095 [lucusque
987 4042 1120 4082 vero
1160 4043 1485 4099 progressus
1524 4031 1840 4101 imperator,
1887 4046 2046 4100 nequ:

2192 4037 2480 4108 ηκολούθει
2506 4038 2583 4110 τῷ
2620 4038 2782 4110 λόγῳ.
2830 4038 2965 4092 Ἀλλ’
2986 4038 3093 4092 οὐδ’
3124 4040 3218 4092 ἐπὶ
3252 4036 3418 4107 τούτῳ
3446 4032 3577 4104 μόνον
3601 4041 3689 4094 προ-

515 4129 678 4185 quam
710 4117 815 4172 sibi
842 4119 1129 4174 satisfecit.
1159 4120 1266 4176 Sed
1296 4122 1483 4176 divino
1515 4122 1750 4192 quodam
1790 4134 1923 4178 testu
1953 4123 2048 4178 inci

2197 4130 2369 4185 ελθεῖν
2396 4132 2508 4203 ἀπή
2516 4149 2656 4203 ρκει.
2688 4130 2859 4184 Πάλιν
2879 4131 2924 4185 δ’
2948 4130 3268 4194 ἐπιθειάσας
3292 4124 3538 4198 βασιλεὺς,
3557 4114 3689 4203 re“?

517 4212 682 4272 tatus,
702 4205 866 4274 jussit
913 4218 973 4263 ut
1004 4209 1121 4265 loco
1147 4210 1411 4267 altissime
1438 4211 1659 4280 efl‘osso,
1692 4213 1866 4270 solum
1912 4213 2050 4283 ipsut

2197 4238 2296 4291 φος
2328 4222 2477 4288 αὐτὸ,
2499 4202 2652 4275 πολὺ
2681 4221 2774 4275 τοῦ
2802 4218 2980 4294 χώρου
3025 4219 3186 4292 βάθος
3207 4216 3562 4290 ἀνορύξαντας,
3586 4202 3688 4273 αὐτῷ

515 4304 705 4367 utpote
731 4302 1034 4387 daemonum
1063 4302 1294 4372 piaculis
1317 4306 1945 4372 contaminatun1,si|nul
1969 4320 2048 4361 cut

2196 4310 2281 4383 χοῖ
2314 4312 2503 4383 πόρῤω
2543 4329 2646 4365 που
2672 4311 2943 4378 ἐξωτάτω,
2971 4311 3190 4383 λύθροις
3220 4311 3315 4365 ἆτε
3332 4301 3607 4379 δαιμονικῆς
3628 4296 3688 4364 ἔθ’

517 4400 700 4462 egesta
725 4392 890 4448 humo
922 4407 1087 4463 quam
1119 4394 1434 4467 longissime
1456 4406 1858 4466 exportaretur.

1849 4437 1858 4451 .
2201 4402 2540 4474 ρυπωμένον,
2564 4401 2911 4474 ὲκφορεῖσθαι
2932 4400 3382 4474 παρακελεύεται.

951 4483 1119 4556 499
1144 4484 1371 4542 CAPUT
1410 4486 1648 4543 xxvm.

2696 4494 3096 4548 ΚΕΦΑΛΑΙΟΝ
3139 4493 3254 4546 ΚΗ¹
3262 4531 3275 4546 .

785 4574 1157 4646 Manifestatio
1177 4578 1500 4634 sanctissimi
1535 4581 1785 4651 sepulcri.
2117 4568 2170 4629 Ῑ)
2282 4590 2318 4642 ο

2117 4568 2170 4629 Ῑ)
2282 4585 2624 4656 Φανέρωσις
2652 4587 2760 4641 τοῦ
2789 4585 2962 4657 ἁγίου
3004 4585 3121 4639 τῶν
3145 4583 3331 4655 ἁγίων
3351 4578 3628 4651 μνήματος·

588 4663 699 4721 Nec
735 4682 886 4722 mora
913 4708 928 4734 ,
962 4669 1108 4725 istud
1134 4683 1352 4739 quoque
1406 4680 1462 4725 ut
1510 4670 1723 4741 jussum
1760 4681 1880 4728 erat
1905 4671 2094 4745 imple-

2268 4680 2617 4751 Παραχρῆμα
2641 4678 2686 4731 δ’
2716 4676 3020 4731 ὲπετελεῖτο
3043 4677 3137 4729 καὶ
3164 4672 3343 4729 τοῦτο.
3390 4671 3468 4734 Ὠς
3496 4667 3534 4721 δ’
3556 4663 3686 4751 ἕτερον

521 4764 632 4811 tum
662 4767 767 4814 est.
802 4759 1092 4830 Postquam
1130 4760 1277 4816 aliud
1304 4761 1501 4831 solum,
1561 4763 1716 4821 locus
1754 4765 1967 4822 scilicet
1999 4781 2054 4835 ιιι

2197 4769 2313 4826 ἀνθ’
2343 4750 2531 4841 ἐτέρου
2560 4771 2819 4839 στοιχεῖον
2848 4769 2876 4820 ὁ
2900 4766 3041 4822 κατὰ
3066 4765 3258 4837 βάθους
3280 4764 3379 4835 τῆς
3398 4761 3490 4831 γῆς
3511 4750 3684 4841 ἀνεφάγη

519 4850 575 4905 in
618 4850 725 4906 imo
750 4862 890 4920 erat,
916 4854 1214 4924 apparuit;
1246 4863 1373 4908 tunc
1403 4871 1530 4911 vero
1579 4857 1754 4926 ipsum
1806 4868 2052 4930 augustm

2198 4862 2395 4936 χῶρος,
2434 4839 2566 4918 αὐτὸ
2598 4863 2662 4935 δὴ
2701 4861 2885 4915 λοιπὸν
2923 4860 2986 4916 τὸ
3029 4859 3222 4930 σεμνὸν
3255 4857 3346 4911 καὶ
3373 4839 3686 4936 πανάγιονῄτῆἴ

517 4944 1038 5015 sanctissimumque
1092 4946 1390 5003 Dominicis;
1442 4950 1863 5006 resurrectionis
1911 4966 2050 5005 mom

2201 4934 2472 5026 σωτηρίου
2504 4953 2849 5017 ἀναστάσεως
2883 4949 3179 5024 μαρτύριον
3210 4948 3338 5020 παρ’
3366 4941 3533 4997 ἐλπίδα
3558 4934 3684 5031 tta“?

519 5026 758 5096 mentum
788 5050 987 5111 praeter
1019 5041 1264 5097 omnium
1300 5057 1449 5113 spem
1489 5044 1735 5112 refulsit,
1760 5052 1814 5099 et
1834 5045 2052 5115 spelunc

2206 5024 2543 5113 ἀνεφαίνετο,
2585 5044 2679 5098 καὶ
2711 5044 2771 5097 τό
2814 5061 2873 5098 τε
2907 5043 3061 5112 ἅγιον
3097 5039 3204 5094 τῶν
3237 5038 3400 5108 άγίων
3429 5033 3590 5101 ἄντρον
3621 5024 3682 5087 τὴν

519 5130 611 5188 illa
640 5146 761 5202 quae
786 5141 976 5188 sancta
999 5142 1315 5191 sanctorum
1360 5150 1489 5190 vere
1526 5135 1632 5191 dici
1678 5114 1877 5205 potest,
1916 5151 2052 5191 resul

2206 5137 2401 5208 ὁμοίαν
2421 5136 2522 5207 τῆς
2547 5136 2642 5191 τοῦ
2665 5136 2917 5208 Σωτῆρος
2946 5132 3285 5195 maestam:
3300 5114 3682 5208 ἀπελάμσανενείζ

517 5201 782 5282 rectionis
803 5222 1114 5281 Servatoris
1146 5226 1319 5282 nostri
1355 5225 1647 5296 quamdam
1678 5201 1970 5297 expressit
2016 5230 2050 5297 sf

2206 5201 2356 5284 κόνα.
2391 5201 2489 5282 Διὸ.
2509 5228 2646 5300 μετά
2668 5228 2765 5299 τὴν
2881 5226 3055 5298 σκότῳ
3088 5225 3391 5284 κατάδυσιν,
3410 5213 3541 5278 αὖθις
3567 5201 3684 5262 Md

587 5404 702 5477 (91)
733 5402 894 5478 νοις.
937 5404 1081 5461 οὐδὲ
1109 5402 1226 5474 τὴν
1250 5407 1456 5478 4σύμπ.
1495 5404 1662 5478 ἀνρρ.
1695 5404 1922 5478 λαϐεῖν.
1958 5403 2104 5478 Sup-

2210 5407 2448 5461 neralem
2484 5405 2648 5478 hujus
2674 5404 2964 5478 locutionis
2994 5417 3210 5460 sensum
3231 5444 3245 5469 ν
3271 5412 3379 5478 (μιίὶ
3397 5392 3478 5478 τίῖζ

517 5461 787 5546 plevimus
828 5461 991 5544 ᾤ’ύσιν
1034 5461 1520 5599 Βοείσύμτίασαν.
1562 5461 1759 5531 Totum
1796 5477 1974 5532 locum
2024 5461 2050 5531 ἐ

519 5547 821 5599 rescribere
848 5546 1001 5599 iubet
1077 5547 1283 5599 alesius
1310 5565 1324 5599 :
1365 5547 1442 5599 ὡς
1468 5545 1589 5599 οὐδὲ
1613 5563 1665 5599 τ.
1703 5562 1755 5599 σ.
1783 5546 1902 5599 άνθ.
1942 5545 2050 5599 ωύσ

2208 5461 2905 5547 ωηυίνοιοῐ,νῖ·οει)οιὶεεο,
2931 5489 3105 5545 eoque
3139 5461 3303 5554 sensu
3334 5468 3392 5550 τὸ
3424 5461 3531 5532 έῖχε
3552 5461 3684 5535 ἔτῗσθῖ

2208 5546 2302 5599 (τ.-
2352 5547 2593 5599 ὲδύνατοὶ
2631 5555 2756 5599 ante
2800 5544 2987 5599 λαθεῖν
3035 5542 3481 5599 submtellensse,
3517 5525 3684 5592 8111³1⁸⁸⁸³

519 5525 1001 5621 ξέἐὸὶξίίιρξὶεμῖρὺἔι
1034 5525 1595 5621 vsigsijagz's'gais
1613 5525 1759 5602 εὶῗᾶξ
1783 5525 2051 5621 ἆῦὀῖῖῥρἇ

2208 5525 2991 5621 (Ξῖέέὖῖιξτόῐὲἷιῐέἷᾶεἱξῗῦ
3005 5525 3450 5621 ’έῦδῖιὶιέῌριίεξε
3467 5525 3683 5621 {ﬁtﬁt-.9."

518 5614 722 5687 δυνηθῇ
747 5603 951 5691 λαϐεῖν,
981 5625 1084 5671 etc.
1121 5616 1225 5671 Sed
1256 5616 1413 5691 forte
1422 5603 1705 5691 scriptura
1738 5628 1924 5691 nostra
1955 5603 2050 5671 'fer

2206 5603 2389 5691 partes
2427 5618 2505 5691 τῷ
2536 5603 2589 5674 δ’
2614 5618 2788 5688 ἣλιος
2833 5616 3139 5674 tribuendo.
3178 5612 3415 5670 Judiccnt
3451 5603 3682 5677 peritiores.

518 5686 718 5755 potest,
760 5687 924 5739 modo
965 5694 1304 5758 supponatur
1373 5686 1703 5758 Eusebium,
1739 5688 1980 5758 neglecta
2007 5704 2100 5741 ra-
2206 5686 2363 5745 Εοιτ.

523 5760 670 5810 tione
701 5756 1058 5826 grammatica
1086 5755 1164 5825 τῷ
1192 5755 1318 5825 εἶχε
1357 5756 1549 5826 φύσιν
1581 5755 1967 5825 consentanea,
2006 5774 2099 5829 ge-
