3882 6262
137 178 295 281 1089.

1229 226 1316 282 DE
1356 228 1516 285 VITA
1556 228 2018 288 CONSTANTINI
2058 233 2189 292 LIB.
2234 234 2327 292 ll‘l.‘

3252 244 3396 301 1090

132 336 247 406 φῶς
280 334 495 409 προῄει,
529 337 758 405 καὶτοῖς
787 340 877 394 ἐπὶ
902 340 1034 397 θέαν
1066 344 1483 419 ἀφικνουμένοις
1507 351 1693 424 ἐναργὶ

1816 354 2201 422 militudinem,
2256 371 2378 411 cum
2424 365 2548 426 post
2597 356 2763 413 situm
2798 371 2862 412 ac
2902 358 3157 415 tenebras
3192 362 3393 430 quibus

128 430 391 503 παρεῖχεν
441 430 573 501 ὁρᾷν
619 430 727 485 τῶν
795 432 978 486 αὐτόοι
1022 438 1424 508 πεπραγμένων
1492 439 1707 512 θαυμά-

126 538 236 575 των
266 520 365 593 τὴν
393 522 652 594 ἱστορίαν,
676 522 857 595 ἔργοις
906 527 1124 598 ἀπάσης
1163 531 1550 605 γεγωνοτέροις
1590 552 1706 603 φω-

127 613 224 684 νῆς
279 614 392 683 (92)
448 612 543 685 τὴν
608 613 702 668 τοῦ
742 615 991 689 Σωτῆρος
1038 620 1334 677 ἀνάστασιν
1396 626 1707 698 μαρτυρού-

130 703 316 773 μένον.

637 977 1032 1033 ΚΕΦΛΛΑῘΟΝ
1054 981 1184 1034 ΚΘν.

128 1069 324 1145 Ὅπως
377 1069 512 1145 περὶ
536 1068 695 1145 τῆς,
722 1071 1058 1142 οἰκοδομῆς,
1103 1075 1200 1128 καὶ
1234 1075 1382 1141 πρὸς
1413 1074 1707 1145 ἄρχοντας

206 1141 313 1193 καὶ
343 1141 494 1208 πρὸς
527 1140 832 1209 Μακάριον
863 1140 1086 1212 ἔγραψε
1129 1145 1236 1198 τὸν
1260 1140 1616 1200 ἐπίσκοπον.

196 1232 419 1285 Τούτων
440 1232 482 1285 δ’
508 1227 609 1286 ὧδε
634 1234 1008 1305 πραχθέντων,
1031 1236 1228 1291 αὐτίκα
1257 1236 1508 1307 βασιλεὺς
1528 1239 1705 1310 νόμων

124 1324 370 1378 εὐσεϐῶν
398 1325 691 1391 διατάξεσι,
724 1328 1009 1399 χορηγίαις
1037 1346 1096 1381 τε
1128 1329 1396 1399 ἀφθόνοις,
1442 1326 1588 1384 οἷκον
1614 1332 1705 1384 εὐ-

123 1419 351 1488 κτήριον
379 1416 656 1489 θεοπρεπῆ
688 1420 829 1491 ἀμφὶ
857 1420 918 1473 τὸ
943 1423 1206 1492 σωτήριον
1232 1423 1423 1493 ἄντρον
1450 1423 1704 1492 ἐγκελεύ-

120 1526 243 1562 εται
269 1510 500 1580 πλουσίᾳ
532 1511 625 1565 καὶ
653 1511 901 1585 βασιλικῇ
935 1514 1220 1585 δείμασθαι
1264 1518 1597 1590 πολυτελείᾳ,
1630 1520 1705 1584 ὡς

120 1600 190 1653 ἂν
238 1603 305 1653 ἐκ
359 1600 570 1671 μακροῦ
610 1601 769 1655 τοῦτο
812 1603 1247 1674 προτεθειμένος,
1296 1607 1477 1660 καὶτὸ
1512 1608 1704 1678 μέλλον

1811 446 2029 501 obtecta
2063 446 2262 512 fuerat,
2299 464 2492 505 rursus
2539 451 2593 504 in
2632 450 2807 504 lucem
2859 451 3081 520 prodiit,
3132 462 3187 508 et
3222 456 3391 508 mira-
3470 504 3475 513 .

1811 535 2057 591 culorum
2089 553 2211 606 quae
2237 538 2312 593 ibi
2341 540 2614 609 quondam
2639 546 2791 610 gesta
2824 539 3067 608 fuerant,
3101 543 3385 597 historiam

1812 629 1879 683 iis
1915 629 2007 699 qui
2035 631 2101 684 ad
2137 633 2493 701 spectandum
2531 632 2912 687 conﬂuxerant
2943 634 3390 691 manifestissimo

1810 720 2096 776 videndam
2149 724 2437 790 exhibuit,
2489 726 2651 781 rebus
2701 726 2839 795 ipsis
2882 742 3002 795 quae
3054 727 3200 781 omni
3259 742 3390 782 voco

1810 811 2017 869 clarius
2060 823 2278 880 sonant,
2334 815 2643 873 Servatoris
2699 817 2872 872 nostri
2929 818 3387 873 resurrectionem

1813 908 2036 956 leStata.

2368 990 2597 1049 CAPUT
2635 993 2829 1052 XXIX.

1810 1081 2182 1159 Quomodq_de
2208 1092 2559 1159 construenda
2592 1086 2834 1150 ecclesia,
2862 1089 2931 1141 ad
2960 1090 3211 1159 praesides
3235 1098 3284 1144 et
3316 1090 3387 1146 ad

2055 1152 2358 1209 Macarium
2399 1157 2698 1226 episcopum
2726 1159 2933 1213 litteras
2960 1152 3136 1215 'dcdit.

1880 1246 1977 1301 His
2008 1246 2074 1299 ad
2110 1248 2257 1301 hunc
2288 1249 2502 1301 modum
2535 1250 2722 1318 gestis,
2753 1250 3041 1306 confestim
3088 1253 3388 1322 imperator

1809 1337 2028 1392 emissis
2057 1340 2542 1396 constitutionibus
2576 1350 2631 1397 et
2668 1342 2882 1398 liberali
2910 1352 3135 1413 sumptu
3188 1359 3385 1413 suppe-

1806 1428 2012 1494 ditato,
2068 1430 2216 1486 circa
2274 1434 2569 1488 salutarem
2619 1435 2937 1504 speluncam
2997 1436 3109 1491 Deo
3159 1437 3384 1505 dignum

1810 1525 2064 1596 templum
2094 1527 2263 1598 regali
2290 1529 2691 1598 magniﬁcentia
2721 1533 2934 1586 exstrui
2963 1532 3136 1601 jubet.
3170 1531 3379 1600 Quippe

1803 1617 1913 1687 jam
1956 1619 2165 1687 pridem
2205 1620 2310 1675 hoc
2338 1622 2476 1690 apud
2505 1636 2562 1676 se
2590 1624 2975 1687 constituerat,
3028 1624 3193 1692 idque
3238 1625 3381 1693 quod

121 1693 345 1746 ἔσεσθαι
366 1693 633 1764 κρείττονι
672 1694 951 1767 προθυμίᾳ
976 1697 1322 1768 τεθεαμένος.
1355 1698 1478 1762 Τοῖς
1503 1700 1603 1771 μὲν
1631 1700 1693 1773 δὴ

1804 1713 1926 1759 erat
1963 1707 2230 1774 futurum,
2273 1708 2457 1763 divina
2494 1711 2730 1779 quadam
2783 1713 3069 1767 alacritate
3120 1714 3383 1782 praevide—

117 1784 231 1837 τῶν
260 1785 431 1839 ἐθνῶν
459 1788 552 1840 ἐπὶ
573 1789 671 1858 τῆς
697 1786 834 1858 ἑῴας
860 1789 1137 1860 ἄρχουσιν,
1169 1791 1418 1860 ἀφθόνοις
1437 1793 1529 1846 καὶ
1550 1794 1704 1864 δαψι-

118 1878 234 1930 λέσι
273 1878 578 1949 χορηγίαις,
610 1880 888 1951 ὑπερφυές
928 1900 987 1934 τε
1030 1883 1121 1935 καὶ
1155 1884 1295 1954 μέγα
1330 1886 1423 1938 καὶ
1453 1886 1703 1941 πλούσιον

114 1970 505 2025 ἀποδεικνύναι
538 1970 598 2023 τὸ
628 1971 806 2043 ἔργον,
831 1972 908 2043 τῷ
931 1973 986 2026 δὲ
1014 1974 1455 2046 τῆςἘκκλησίας
1479 1979 1702 2032 ἐπισκό-

114 2077 212 2133 mp
256 2061 336 2133 τῷ
378 2061 678 2132 τηνικαῦτα
721 2064 820 2135 τῆς
859 2066 916 2119 ἐν
962 2066 1351 2139 Ἱεροσολύμοις
1379 2070 1701 2139 προεστῶτι,

112 2156 330 2210 τοιάνδε
357 2158 675 2228 κατέπεμπε
698 2159 935 2231 γραφὴν,
966 2160 1035 2213 δι’
1063 2156 1131 2233 ἦς
1149 2162 1239 2215 τὸν
1263 2164 1527 2233 σωτήριον
1549 2163 1703 2232 λόγον

112 2248 220 2319 τῆς
254 2247 491 2312 πίστεως
528 2250 778 2321 ἐναργέσι
822 2254 1023 2320 φωναῖς
1055 2254 1314 2326 παρίστη,
1356 2255 1540 2309 τοῦτον
1570 2257 1704 2327 γρά-

114 2358 239 2408 φων
262 2340 355 2394 τὸν
379 2339 609 2412 τρόπον.

650 2456 950 2512 ΚΕΦΑΛΑ]
958 2458 1050 2512 0N
1094 2460 1174 2512 A'.

108 2549 583 2627 Κωνσταντίνου
611 2550 761 2627 πρός
780 2550 1088 2627 ρ1ακᾴριον
1121 2551 1255 2627 περὶ
1290 2552 1400 2627 τῆς
1432 2554 1539 2609 τοῦ
1556 2574 1705 2627 μαρ-

404 2622 610 2688 τυρίου
636 2623 741 2675 τοῦ
770 2621 1043 2691 Σωτῆρος
1084 2623 1418 2692 οἰκοδομῆς.

195 2728 215 2763 ι
240 2711 489 2783 Νικητὴς
511 2713 937 2779 Κωνσταντῑνος,
968 2714 1257 2784 Μέγιστος,
1278 2715 1563 2782 Σεϐαστὸς,
1582 2719 1702 2771 Μα-

106 2803 327 2875 καρίῳ.

195 2914 215 2947 ι
253 2894 504 2966 Τοσαύτη
543 2894 637 2949 τοῦ
679 2896 929 2968 Σωτῆρος
960 2895 1119 2968 ἡμῶν
1161 2899 1306 2950 ἐστιν
1341 2900 1373 2969 ἡ
1417 2898 1595 2970 χάρις,
1628 2898 1704 2961 ὡς

113 2989 398 3064 μηδεμίαν
441 2989 609 3058 λόγων
649 2986 941 3059 θεραπείαν
975 2990 1089 3061 (95)
1135 2992 1229 3043 τοῦ
1270 2991 1539 3063 παρόντος
1571 2991 1701 3045 θαύ-

108 3095 292 3149 ματος
338 3076 493 3143 ἁξίαν
536 3073 675 3132 εἶναι
716 3078 912 3133 δοκεῖν.
944 3079 1017 3132 Τὸ
1051 3079 1159 3152 γὰρ
1189 3080 1249 3134 τὸ
1278 3080 1564 3152 γνώρισμα
1604 3081 1696 3134 τοῦ

105 3170 425 3238 ἀγιωτάτου
450 3170 658 3225 ἐκείνου
679 3172 883 3236 πάθους
915 3172 1021 3226 ὑπὸ
1047 3175 1112 3244 τῇ
1146 3176 1216 3244 γῇ
1253 3173 1418 3227 πάλαι
1461 3174 1697 3245 κρυπτό-

109 3280 304 3332 μενον,
332 3262 620 3326 τοσαύταις
640 3263 778 3317 ἐτῶν
806 3264 1070 3336 περιόδοις
1100 3265 1302 3330 λαθεῖν,
1336 3266 1494 3338 ἄχρις
1520 3262 1580 3321 οὗ
1610 3267 1697 3320 διὰ

104 3358 210 3428 τῆς
242 3357 342 3410 τοῦ
367 3357 546 3410 κοινοῦ
574 3358 789 3411 πάντων
814 3358 1007 3430 ἐχθροῦ
1036 3360 1368 3432 ἀναιρέσεως
1400 3360 1509 3430 (94)
1543 3360 1695 3413 ἐλευ-

103 3448 403 3520 θερωθεῖσι
433 3452 543 3514 τοῖς
561 3451 753 3504 ἐαυτοῦ
774 3450 1099 3523 θεράπουσιν
1123 3452 1460 3523 άναλάμπειν
1483 3452 1692 3523 ἔμελλε,

100 3542 295 3593 πᾶσαν
343 3539 605 3611 ἔκπληξιν
643 3540 858 3612 άληθῶς
891 3542 1225 3613 ὑπερϐαίνει.
1258 3543 1320 3593 Εἰ
1354 3542 1461 3611 γάρ
1495 3542 1696 3607 πάντες

100 3635 155 3686 οἱ
192 3632 289 3685 διὰ
323 3632 505 3702 πάσης
548 3633 647 3703 τῆς
674 3633 997 3703 οἰκουμένης
1027 3629 1165 3687 εἶναι
1199 3633 1483 3697 δοκοῦντες
1519 3636 1691 3703 σοφοὶ,

99 3731 185 3791 εἰς
210 3727 275 3780 ἓν
308 3728 407 3780 καί
430 3727 488 3781 τὸ
510 3728 643 3781 αὐτὸ
670 3727 1030 3791 συνελθόντες,
1058 3726 1204 3791 ἄξιόν
1230 3745 1284 3779 τι
1314 3726 1405 3779 τοῦ
1434 3727 1693 3799 πράγμα-

97 3839 194 3885 τος
247 3820 599 3891 ἐθελήσουσιν
629 3822 821 3883 εἰπεῖν,
856 3820 962 3873 οὐδ’
992 3810 1057 3873 ἂν
1091 3819 1226 3892 πρὸς
1265 3819 1327 3872 τὸ
1360 3821 1693 3890 βραχύτατον

97 3910 476 3983 ἁμιλληθηῖψαι
526 3910 873 3981 δυνήσαιντο⁸
919 3908 1011 3961 ἐπὶ
1063 3908 1313 3961 τοσοῦτον
1362 3910 1540 3961 πᾶσαν
1581 3908 1690 3979 (95)

96 4002 457 4075 ἀνθρωπίνου
504 4001 764 4072 λογισμοῦ
809 4001 1119 4072 χωρητικὴν
1150 4001 1328 4069 φύσιν,
1364 4002 1396 4070 ἡ
1432 4000 1523 4052 τοῦ
1559 3999 1691 4053 θαύ-

96 4113 282 4167 ματος
332 4093 524 4147 τούτου
566 4093 903 4165 ὑπερϐαίνει,
962 4095 1070 4161 ὅσῳ
1098 4092 1206 4145 τῶν
1244 4091 1597 4163 ἀνθρωπίνων
1624 4090 1691 4144 τὰ

95 4188 340 4258 οὐράνια
398 4185 783 4255 συνεστηκέναι
839 4183 1201 4255 δυνατώτερα.
1238 4184 1335 4237 Διὰ
1367 4183 1522 4236 τοῦτο
1559 4181 1690 4251 γοῦν

93 4277 261 4343 οὗτος
292 4279 384 4333 ἀεὶ
417 4281 511 4333 καὶ
540 4278 753 4350 πρῶτος
788 4279 882 4331 καὶ
922 4277 1080 4347 μόνος
1118 4293 1206 4346 μοι
1231 4276 1449 4338 σκοπὸς,
1491 4275 1557 4329 ἵν’
1585 4274 1691 4327 ῶσ-

96 4391 208 4443 περ
265 4372 465 4443 ἑαυτὴν
514 4373 783 4442 ὁσημέραι
830 4369 1162 4440 καινοτέροις
1195 4367 1466 4439 θαύμασιν
1517 4369 1549 4438 ἡ
1590 4369 1687 4437 τῆς

89 4465 374 4536 ἁληθειας
420 4464 601 4528 πίστις
656 4463 1041 4527 ἐπιδείκνυσιν,
1088 4462 1231 4517 οὕτω
1284 4463 1377 4515 καὶ
1422 4464 1477 4515 αἱ
1521 4461 1691 4531 ψυχαὶ

166 4728 296 4799 (92)
312 4729 496 4800 Vulg.,
542 4729 735 4799 ἔργοις
762 4727 1006 4796 ἁπάσης
1038 4725 1438 4800 γεγωνοτέραν
1456 4724 1679 4800 φωνῆς.

86 4797 479 4877 Scribendum
517 4797 825 4877 est—procul
872 4797 1056 4877 dubii:
1077 4798 1499 4877 γεγωνοτέροις,
1526 4797 1682 4877 lquud

86 4890 207 4927 non
244 4872 383 4923 vidit
423 4868 966 4940 Christophorsonus.
1015 4869 1117 4940 Est
1159 4879 1339 4922 autem
1391 4869 1476 4920 hic
1526 4868 1681 4940 hujus

77 4945 201 4999 loci
240 4956 476 4995 sensus:
512 4936 657 4994 illam
685 4940 947 4995 Dominici
972 4939 1201 5008 sepulcri
1230 4946 1348 5007 post
1375 4947 1450 4991 tot
1482 4936 1678 4991 saecula

84 5012 552 5075 restitutionem,
602 5013 778 5081 reipsa
825 5010 1177 5081 confirmasse
1219 5010 1677 5081 resurrectionem

81 5082 325 5140 Domini
377 5083 571 5160 nostri.
625 5079 698 5160 ln‘
733 5083 916 5160 codice
953 5080 1105 5160 _Fuk.
1130 5079 1678 5160 degiturnvevwvo'cé-

82 5172 240 5228 ρως,
272 5154 543 5228 quomodo
567 5155 739 5228 etiam
766 5151 1050 5228 Turnebus
1078 5150 1469 5228 adorn-antlibri
1500 5150 1581 5228 sui
1611 5166 1679 5204 cx

78 5219 318 5291 scripto
342 5224 526 5276 codice
548 5225 886 5278 emendaret.
906 5223 958 5275 In
980 5222 1192 5275 schedis
1208 5219 1676 5291 Regiisscriptnm

76 5308 173 5350 est
204 5290 614 5365 γεγωνοτέρας.
645 5295 879 5349 Savilius
905 5293 971 5345 ad
1001 5306 1150 5345 oram
1178 5290 1299 5345 libri
1327 5308 1353 5344 s
1398 5290 1412 5344 i
1444 5303 1678 5355 notarat,

72 5366 248 5421 torte
280 5365 669 5421 γεγωνότερον.

143 5380 193 5421 ΙῚ
207 5383 248 5419 8
280 5380 549 5421 γεγωνοτε
557 5381 648 5421 οον
656 5406 669 5421 .

100 5380 248 5423 orte
280 5380 669 5437 γεγωνότερον.

149 5434 482 5509 (95)Μηδὲ
507 5438 658 5506 μίαν
685 5436 881 5509 λόγων
920 5433 1259 5509 θεραπείαν.
1291 5432 1443 5509 Apud
1484 5430 1676 5485 Socra-

76 5503 236 5567 tein.
257 5503 527 5560 Theodori
538 5518 645 5560 tum
664 5522 727 5561 ac
749 5505 1107 5573 Nicephorum
1137 5506 1335 5575 legitur
1357 5503 1530 5571 λόγων
1552 5519 1677 5573 χορ-

70 5578 287 5650 ηγίαν,
319 5577 464 5650 quod
501 5578 710 5650 r_ectius_
730 5586 878 5645 puto.

153 5649 286 5718 (94)
325 5642 427 5701 Ᾰιὰ
462 5646 576 5715 τῆς
608 5646 713 5718 τοῦ
730 5642 944 5718 ίκοινοῦ
975 5645 1215 5700 πάντων
1257 5642 1476 5715 ἐχθροῦ
1513 5643 1680 5718 ἀκαι-

68 5716 346 5786 (ρέονεως.
370 5718 598 5775 Hostem
624 5717 892 5787 publicum
919 5717 1307 5774 Constantinus
1335 5720 1419 5773 hic
1445 5716 1678 5783 appellat

1725 3071 1767 3127 C

1810 1808 1913 1853 rat.
1941 1799 2020 1855 Ac
2049 1802 2354 1858 rectoribus
2376 1803 2596 1872 quidem
2627 1806 3035 1874 provinciarum
3065 1822 3163 1875 per
3188 1806 3384 1861 Orien-

1809 1899 1913 1944 tem
1950 1892 2231 1959 praecepit,
2267 1894 2620 1961 ut,impensis
2649 1896 2873 1963 copiose
2915 1896 3375 1960 subministratis,

1808 1982 2002 2053 ingens
2041 1984 2390 2054 amplumque
2421 1994 2477 2040 et
2498 1988 2847 2057 magniﬁcum
2871 2002 3007 2057 opus
3041 1987 3168 2041 illud
3199 1987 3378 2043 allice—

1806 2082 1947 2130 rent.
1980 2076 2060 2129 Ad
2088 2077 2405 2147 episc0pum
2436 2094 2568 2133 vero
2596 2080 2685 2147 qui
2718 2089 2847 2133 tunc
2897 2080 3159 2148 temporis
3187 2078 3378 2133 Hiero-

1804 2166 2139 2238 solymorum
2200 2169 2424 2238 regebat
2468 2168 2791 2235 Ecclesiam,
2845 2170 3111 2240 ejusmodi
3165 2170 3380 2224 litteras

1804 2258 1972 2323 dedit,
2022 2258 2219 2325 quibus
2257 2259 2515 2313 salutaris
2573 2258 2693 2313 ﬁdei
2726 2260 3032 2314 doctrinam
3094 2256 3378 2331 apertissi-

1804 2348 1910 2404 mis
1943 2351 2127 2405 verbis
2152 2351 2490 2414 adstruebat,
2521 2350 2593 2403 ita
2621 2351 2871 2406 scribens
2900 2372 2912 2407 :

2379 2463 2610 2519 CAPUT
2651 2462 2823 2518 XXX.

1804 2552 2142 2609 Constantini
2188 2555 2257 2609 ad
2307 2555 2605 2609 Macarium
2646 2557 2872 2619 epistola
2920 2556 2984 2607 de
3012 2555 3376 2623 wdiﬁcationc

2186 2627 2433 2695 martyrii
2469 2626 2770 2681 Servatoris
2803 2626 2994 2679 nostri.

1879 2735 1899 2769 ι
1936 2718 2123 2774 VictOr
2156 2718 2567 2781 Constantinus,
2601 2718 2891 2780 Maximus,
2918 2717 3195 2788 Augustus
3218 2758 3234 2785 ,
3266 2718 3379 2773 Ma-

1804 2826 1865 2866 ca
1876 2812 1976 2865 rio.

1880 2918 1898 2954 t
1936 2900 2107 2955 Tanta
2128 2909 2213 2955 est
2237 2899 2546 2955 Servatoris
2572 2900 2742 2955 nostri
2783 2900 2977 2970 gratia,
3001 2912 3061 2954 ut
3087 2900 3229 2954 nulla
3262 2916 3373 2956 ser-

1804 2992 1982 3045 monis
2032 2991 2184 3059 copia
2239 2994 2306 3045 ad
2351 2992 2637 3061 prmsentis
2683 2992 2937 3046 miraculi
2999 2992 3375 3047 narrationem

1801 3081 2047 3138 suﬁicere
2080 3082 2346 3136 videatur.
2381 3082 2515 3136 Nam
2547 3083 2937 3137 sacratissima:
2969 3083 3116 3137 illius
3162 3085 3376 3153 passio-

1800 3175 1884 3229 nis
1910 3182 2336 3234 monumentum.
2370 3174 2469 3227 sub
2503 3183 2647 3228 terra
2679 3173 3004 3243 jampridem
3039 3172 3375 3230 occultatum

1800 3275 1876 3320 tot
1906 3280 2172 3319 annorum
2216 3266 2399 3334 spatio
2429 3265 2733 3329 delituisse,
2789 3264 2952 3336 500
3000 3268 3179 3335 quoad
3225 3283 3379 3322 com-

1797 3357 1945 3411 muni
1976 3359 2218 3411 omnium
2245 3358 2402 3412 hoste
2436 3357 2675 3423 sublato,
2710 3357 2929 3412 famulis
2963 3359 3081 3427 ejus
3124 3359 3176 3413 in
3209 3359 3375 3414 liber-

1798 3457 1959 3503 tatem
1994 3449 2280 3503 vindicatis
2310 3446 2616 3517 aﬁ‘ulgeret,
2646 3464 2865 3502 omnem
2896 3464 3087 3503 revera
3122 3451 3371 3503 admira-

1798 3544 1996 3595 tionem
2024 3548 2268 3609 superat.
2304 3538 2437 3592 Nam
2475 3540 2687 3592 tametsi
2713 3555 2902 3594 omnes
2948 3551 3219 3609 quotquot
3253 3542 3376 3596 ubi-

1795 3648 1900 3701 que
1933 3641 2199 3686 terrarum
2236 3630 2509 3699 sapientes
2547 3630 2838 3695 habentur,
2874 3632 2927 3684 in
2960 3647 3124 3685 unum
3172 3635 3371 3697 coacti,

1794 3724 1996 3792 aliquid
2025 3737 2123 3791 pro
2155 3721 2311 3789 hujus
2342 3721 2420 3775 rei
2448 3721 2723 3789 dignitate
2772 3722 2959 3777 dicere
3005 3723 3370 3791 instituerint,

1793 3831 1862 3871 ne
1893 3815 1959 3869 ad
1991 3814 2270 3868 minimam
2298 3812 2515 3880 quidem
2550 3812 2667 3881 ejus
2690 3823 2900 3882 partem
2936 3815 3181 3884 aspirare
3212 3832 3371 3884 posse

1794 3910 1929 3963 mihi
1961 3908 2230 3962 videnlur.
2270 3904 2479 3973 Quippe
2508 3904 2668 3974 hujus
2699 3906 2945 3961 miraculi
2970 3907 3127 3972 ﬁdes,
3152 3923 3368 3962 omnem

1794 4004 2043 4057 humanae
2082 3998 2312 4053 rationis
2342 4012 2597 4065 capacem
2648 4008 2902 4054 naturam
2957 4008 3165 4053 tantum
3206 4015 3368 4055 exce-

1791 4096 1891 4159 dit,
1930 4100 2191 4162 quantum
2225 4093 2477 4147 humanis
2503 4093 2689 4147 divina
2721 4090 3060 4161 pratcellunt.
3097 4092 3365 4159 Quocirca

1792 4190 1880 4243 hic
1905 4202 2044 4243 unus
2076 4186 2206 4241 mihi
2230 4202 2295 4241 ac
2322 4187 2630 4256 praecipuus
2656 4201 2873 4255 semper
2907 4197 2990 4241 est
3036 4202 3253 4256 scopns,
3307 4197 3367 4241 ut

1789 4276 2246 4347 quemadmodum
2274 4277 2526 4331 veritatis
2555 4277 2690 4332 ﬁdes
2726 4278 2881 4333 novis
2922 4279 3166 4347 quotidie
3199 4278 3367 4331 mira-

1792 4369 1925 4423 culis
1957 4367 2291 4432 inclarescit,
2315 4367 2397 4421 sic
2422 4369 2583 4423 etiam
2612 4379 2822 4425 mentes
2842 4371 3085 4424 omnium
3118 4379 3362 4424 nostrum

1794 4461 1860 4515 ad
1890 4461 2251 4516 sanctissima:
2283 4461 2418 4531 legis
2443 4461 2849 4517 observantiam
2886 4477 3012 4517 cum
3052 4463 3201 4516 omni
3248 4476 3367 4516 mo-

1786 4718 2076 4787 Licinium,
2109 4722 2402 4791 postcujus
2432 4724 2654 4778 exitium
2684 4724 2761 4778 ait
2784 4739 2996 4779 sacrum
3027 4724 3235 4779 Domini
3272 4740 3361 4779 se-

1784 4791 2050 4915 rulcrum,
2070 4793 2211 4859 quod
2237 4803 2363 4848 ante
2387 4793 2638 4860 latuerat,
2657 4795 2709 4847 in
2738 4796 2912 4849 lucem
2937 4806 2990 4848 et
3008 4806 3362 4864 conspectum

1805 4861 2061 4915 nominum
2085 4864 2371 4915 nrodiisse.
2400 4866 2624 4915 Occisus
2654 4874 2738 4915 est
2767 4866 3007 4915 Licinius
3036 4881 3180 4915 anno
3200 4864 3362 4915 Chri-

1805 4861 2061 4915 nominum
2085 4864 2371 4931 prodiisse.
2400 4866 2624 4919 Occisus
2654 4874 2738 4919 est
2767 4866 3007 4919 Licinius
3036 4861 3180 4919 anno
3200 4864 3362 4920 Chri-

1784 4932 1852 4985 sti
1878 4931 2003 4994 526,
2031 4945 2098 5004 ut
2132 4933 2389 5004 scribitur
2420 4937 2472 4987 in
2506 4933 2685 4989 Fastis
2716 4936 2895 4991 ldatii.
2926 4936 3235 5004 Eodemque
3262 4952 3363 4989 an-

1784 5017 1853 5073 no
1876 5017 1997 5073 cum
2026 5001 2227 5057 Helena
2255 5003 2679 5073 Hierosolymam
2706 5007 3033 5069 advenisset,
3053 5001 3361 5073 sepulcrum:

1782 5070 1993 5144 Domini
2046 5085 2319 5140 repertum
2363 5084 2463 5129 est.
2496 5070 2685 5130 Posset
2738 5078 2902 5131 etiam
2938 5070 3135 5144 publici
3186 5077 3360 5130 hostis

1781 5142 2003 5216 nomine
2033 5144 2240 5198 daamon
2294 5146 2698 5216 hieintelligi,
2747 5148 2848 5201 nisi
2894 5142 3014 5216 quae
3058 5158 3363 5215 sequuntur
3430 5148 3447 5172 ‘

1783 5214 1945 5285 verba
1968 5224 2346 5282 repugnarent.
2364 5214 2549 5285 Neque
2569 5214 2714 5270 enim
2733 5214 2980 5271 diabolus
2998 5228 3123 5271 tunc
3139 5214 3358 5269 demum

1783 5284 1958 5356 victus
1983 5294 2145 5352 atque
2178 5284 2473 5354 Oppressus
2506 5296 2613 5348 est,
2640 5303 2761 5342 cum
2801 5288 3111 5356 sepulcrum
3148 5287 3356 5340 Domini

1784 5354 1983 5422 egestis
2030 5356 2318 5410 ruderibus
2369 5358 2639 5411 detectum
2694 5367 2797 5410 est.
2848 5354 3000 5412 Adde
3035 5357 3177 5425 quod
3211 5357 3360 5411 ἀναί-

1787 5441 1954 5549 ρεσξῖς,
1976 5424 2144 5548 lidlest
2195 5429 2391 5493 caedes,
2421 5428 2614 5482 melius
2641 5427 2708 5483 de
2736 5427 2947 5482 Licinio
2974 5424 3171 5482 dicitur
3192 5445 3354 5495 quant

1821 5511 1849 5549 θ
1922 5512 1966 5546 lii
2010 5510 2041 5547 0
2064 5512 2116 5548 0.

1784 5500 1849 5549 de
1883 5497 2116 5549 diabolo.

1851 5566 1962 5638 (95)
2007 5567 2138 5638 Ἐπὶ
2186 5567 2481 5623 τοσοῦτον
2530 5570 2757 5625 πᾶσαν.
2817 5568 3174 5623 Scribendum
3228 5578 3358 5636 pulo

1785 5636 2176 5708 ἐπεὶγγτοσούτῳ
2207 5641 2407 5703 πᾶσαν,
2429 5650 2535 5698 etc.
2572 5643 2624 5696 In
2658 5644 2797 5697 libro
2824 5639 2956 5693 Fuk.
2988 5641 3245 5694 scribitur
3265 5639 3357 5692 ἐπὶ

1785 5707 2004 5760 τοσοῦτο
2034 5707 2161 5781 γάρ,
2198 5721 2301 5766 etc.
