3882 6262
216 283 362 338 “05

1280 283 1370 339 DE
1403 282 1564 340 VITA
1597 284 2058 342 CONSTANTINI
2099 285 2225 340 LIB.
2266 283 2356 338 Ill.

3339 277 3478 332 HBG

215 398 404 452 πάντα
450 401 549 470 τῆς
577 401 722 473 ζωῆς
760 404 948 477 χρόνον
978 406 1064 459 ἐπ’
1106 405 1253 478 αὐτῷ
1280 409 1487 478 γήραος
1529 409 1665 481 οὐδῷ
1698 409 1779 463 δια

1910 425 2080 478 usque
2105 409 2169 463 ad
2201 409 2373 478 prima
2426 401 2720 460 senectutis
2758 401 2942 458 limina
2973 402 3025 458 in
3061 417 3268 458 summa
3310 393 3478 457 felici.

213 493 618 564 περαναμένη,
667 495 844 564 λόγοις
887 497 946 550 δὲ
1004 497 1096 551 καὶ
1133 497 1316 569 ἔργοις
1362 497 1472 550 τῶν
1524 503 1805 573 σωτηρίων

211 584 702 656 παραγγελμάτων
768 587 1012 654 εὐθαλεῖς
1078 591 1472 663 παρασχομένη
1535 596 1801 665 καρποὺς,

211 672 444 728 κᾶπειθ’
490 675 630 729 οὕτω
682 677 794 747 βίον
845 679 1075 752 εὐσταλῆ
1130 682 1225 735 καὶ
1274 681 1498 745 ἄλυπον,
1556 683 1805 754 σώματος

209 763 351 836 ὁμοῦ
390 767 494 820 καὶ
525 767 704 839 ψυχῆς
735 771 792 822 ἐν
820 773 1115 844 ἐρρωμένῳ
1145 775 1452 847 φρονήματι
1485 775 1798 832 διανύσασα·

209 863 298 932 ἐφ’
327 857 416 928 οἷς
448 865 542 918 καὶ
568 865 719 930 τέλος
741 866 1022 931 εὐσεϐείας
1044 868 1285 934 ἐπάξιον,
1316 867 1538 938 ἀγαθῶν
1566 887 1626 923 τε
1653 871 1804 944 παρά

208 953 348 1011 Θεοῦ
381 957 624 1030 ἀμοιϐὴν
661 959 798 1012 κάπὶ
825 959 918 1012 τοῦ
955 960 1218 1030 παρόντος
1247 958 1445 1032 εὕρατο
1473 960 1610 1032 βίου.

731 1051 1127 1105 ΚΕΦΑΛΑΙΟΝ
1159 1054 1292 1110 ΜΔΖ.

210 1142 349 1212 Περὶ
389 1145 858 1215 μεγαλοψυχίας
904 1145 1005 1198 καὶ
1055 1147 1328 1214 εὐποιίας
1369 1148 1479 1218 τῆς
1534 1149 1796 1217 Ἑλένης.

276 1235 395 1306 Τὴν
428 1236 626 1306 γάρτοι
659 1235 952 1308 σύμπασαν
1009 1237 1151 1308 ἑῴαν
1183 1240 1627 1313 μεγαλοπρεπείᾳ
1658 1242 1802 1313 βασι-

207 1326 366 1398 λικῆς
417 1327 672 1393 ἐξουσίας
714 1329 1175 1400 ἐμπεριελθοῦσα,
1229 1332 1397 1403 μυρία
1447 1333 1542 1404 μὲν
1590 1333 1799 1406 ἀθρόως

209 1421 319 1482 τοῖς
353 1420 502 1474 κατὰ
547 1421 702 1475 πόλιν
741 1422 991 1494 ἐδωρεῖτο
1013 1422 1224 1494 δήμοις,
1264 1424 1369 1496 ἰδίᾳ
1407 1442 1467 1477 τε
1501 1425 1610 1478 τῶν
1636 1443 1799 1498 προσ-

207 1510 397 1567 ιόντων
477 1514 726 1586 ἑκάστῳ·
777 1513 943 1586 μυρία
993 1513 1044 1568 δὲ
1102 1519 1215 1579 τοῖς
1257 1521 1665 1588 στρατιωτικοῖς
1711 1518 1800 1572 τά·

209 1621 380 1676 γμασι
418 1605 576 1677 δεξιᾷ
620 1607 1028 1678 μεγαλοπρεπεῖ
1072 1607 1307 1679 διένεμε,
1350 1609 1577 1665 πλεῖστά
1619 1611 1668 1664 ϐ’
1697 1613 1798 1666 ὅσα

208 1696 402 1770 πένησι
449 1702 680 1766 γυμνοῖς
731 1699 826 1753 καὶ
880 1700 1266 1772 ἀπεριστάτοις
1310 1702 1510 1767 ἐδίδου,
1547 1706 1657 1768 τοῖς
1700 1705 1798 1776 μὲν

1907 513 2017 556 tate
2067 500 2414 566 traduxisset,
2445 507 2501 553 et
2527 496 2832 552 divinorum
2873 495 3254 551 mandatorum'
3279 495 3474 550 uberes

1906 593 2113 649 fructus
2164 603 2278 648 tum
2330 589 2514 646 verbis
2561 597 2674 642 tum
2729 587 2982 656 operibus
3033 585 3378 657 protulisset,
3409 600 3472 640 ac

1906 693 2187 754 propterea
2217 682 2380 737 vitam
2413 681 2613 737 doloris
2641 688 2916 749 expertem
2939 691 3059 732 cum
3086 692 3296 732 summa
3324 691 3473 732 meu-

1906 778 1976 832 tis
2003 785 2060 832 et
2095 775 2351 847 corporis
2402 774 2634 830 sanitate
2677 773 2997 844 peregisset,
3023 771 3236 825 tandem
3267 768 3470 823 exitum

1903 869 2118 938 pietatis
2149 883 2259 924 sua:
2307 866 2740 930 convenientem,
2780 873 2835 920 et
2873 862 3176 930 mercedem
3207 860 3472 916 bonorum

1904 977 2124 1034 operum
2152 962 2205 1016 in
2231 961 2334 1016 hac
2362 961 2524 1016 etiam
2547 959 2659 1014 vita
2688 975 2718 1012 a
2755 959 2863 1013 Deo
2901 965 3194 1013 consecuta
3225 961 3331 1023 est,

2473 1048 2700 1106 CAPUT
2739 1045 2922 1103 XLIV.

1909 1183 1911 1186 ι
1992 1146 2070 1202 De
2095 1145 2456 1216 magnitudine
2488 1144 2656 1198 animi
2692 1151 2740 1198 et
2771 1139 3109 1210 beneﬁcentia
3144 1137 3384 1193 "olente.

1971 1240 2179 1311 Quippe
2204 1239 2328 1294 dum
2361 1246 2530 1293 totum
2563 1234 2839 1292 Orientem
2869 1247 2990 1287 cum
3024 1227 3198 1300 regali
3227 1226 3476 1300 magniﬁ-

1899 1335 2075 1388 centia
2111 1340 2383 1402 peragrat,
2437 1340 2546 1384 tum
2583 1326 2919 1389 civitatibus,
2957 1332 3067 1378 tum
3119 1319 3343 1391 privatis
3381 1319 3472 1388 qui

1899 1428 2071 1497 ipsam
2107 1425 2351 1490 adibant,
2376 1423 2661 1478 innumera
2710 1419 2968 1475 beneﬁcia
3001 1415 3297 1472 acervatim
3345 1428 3476 1468 con-

1894 1518 2065 1572 tulit:
2104 1517 2387 1572 innumera
2440 1528 2655 1585 quoque
2711 1511 3038 1568 militaribus
3062 1509 3309 1565 numeris
3336 1507 3472 1564 libe-

1897 1611 1998 1666 rali
2030 1625 2194 1665 manu
2228 1608 2521 1664 distribuit.
2550 1606 2883 1676 Pauperibus
2926 1612 3106 1658 autem
3133 1616 3198 1656 ac
3233 1601 3394 1657 nudis
3419 1611 3474 1656 et

1897 1705 2044 1759 omni
2072 1718 2174 1774 ope
2197 1717 2261 1758 ac
2291 1701 2490 1757 solatio
2509 1699 2776 1756 destitutis
2807 1696 3202 1768 quamplurima
3229 1695 3470 1761 donavit,

210 1791 514 1861 χρημάτων
539 1791 714 1857 δόσεις
741 1793 1060 1865 ποιουμένη,
1090 1797 1201 1858 τοῖς
1227 1793 1283 1847 δὲ
1309 1794 1378 1849 τὰ
1409 1796 1547 1867 πρὸς
1576 1796 1674 1869 τὴν
1702 1799 1779 1852 τοῐ

1899 1797 2004 1853 illis
2045 1795 2351 1865 pecuniam,
2389 1795 2475 1848 his
2519 1801 2761 1856 vestem,
2793 1790 2862 1844 ad
2917 1789 3197 1860 tegendam
3229 1788 3474 1858 corporis

210 1883 464 1954 σώματος
499 1884 710 1957 σκέπην
741 1885 976 1955 δαψιλῶς
1006 1887 1350 1960 ἐπαρκοῦσα·
1385 1890 1601 1961 ἑτέρους
1632 1891 1798 1962 ἀπήλ-

211 1977 364 2029 λαττε
413 1976 655 2048 δεσμῶν,
717 1979 993 2050 μετάλλων
1040 1997 1101 2032 τε
1148 1981 1490 2053 κακοπαθείᾳ
1533 1982 1797 2036 ταλαιπω-

211 2067 508 2139 ρουμένους
530 2086 544 2098 ·
571 2068 862 2140 ηλευθέρου
889 2089 947 2123 τε
979 2072 1500 2144 πλεονεκτουμένους
1519 2092 1531 2104 ·
1573 2075 1667 2128 καὶ
1699 2075 1796 2128 πά-

212 2167 286 2214 λιν
314 2160 513 2225 ἄλλους
548 2161 762 2234 ἑξορίας
799 2163 1136 2219 ἀνεκαλεῖτο.

717 2255 1115 2311 ΚΕΦΛΛΑΙΟΝ
1154 2257 1288 2312 ME'.

207 2348 395 2414 ὀπως
431 2347 706 2415 εὐλαϐῶς
737 2349 806 2402 ἐν
838 2349 1353 2473 τιιέλὲκκλησίαις
1409 2353 1707 2425 συνήγετο
1749 2357 1788 2424 ἡ

1023 2438 1120 2473 νη.

1023 2438 1120 2489 νη.

272 2505 551 2574 Τοιούτοις
583 2509 716 2580 δῆτα
752 2509 1199 2583 λαμπρυνομένη,
1234 2513 1352 2567 οὐδὲ
1385 2515 1486 2584 τῆς
1520 2516 1654 2587 πρὸς
1701 2518 1788 2571 τὸν

212 2598 330 2651 Θεὸν
361 2599 524 2663 ὁσίας
556 2601 950 2675 κατωλιγώρει,
989 2604 1260 2674 φοιτῶσαν
1296 2607 1392 2677 μὲν
1425 2599 1596 2680 αὐτὴν
1631 2611 1688 2662 ἐν
1719 2612 1785 2682 τῇ

210 2691 463 2764 ἐκκλησίᾳ
499 2691 594 2746 τοῦ
621 2693 758 2748 Θεοῦ
791 2695 880 2748 διὰ
912 2696 1115 2761 παντὸς
1176 2699 1410 2771 ὁρᾶσθαι
1445 2701 1782 2774 παρέχουσα,

167 2792 172 2796 ‘
207 2781 469 2854 λαμπροῖς
518 2784 575 2838 δὲ
616 2786 1037 2857 κατακοσμοῦσα
1081 2790 1385 2860 κειμηλίοις
1419 2793 1546 2856 τοὺς
1588 2795 1784 2866 εὐκτη-

212 2872 348 2943 ρίους
378 2876 587 2940 οἴκους,
621 2877 755 2948 μηδὲ
786 2879 912 2943 τοὺς
947 2881 1003 2932 ἐν
1034 2884 1154 2945 ταῖς
1189 2881 1555 2954 βραχυτάταις
1594 2884 1784 2937 πόλεσι

208 2968 498 3037 παρορῶσα
533 2969 711 3033 ναούς.
757 2965 865 3023 ἿΙν
900 2968 993 3024 οῦν
1026 2974 1160 3044 όρᾷν
1209 2973 1305 3045 τὴν
1348 2974 1680 3046 θαυμασίαν,
1725 2979 1784 3030 ἐν

210 3059 366 3128 σεμνῇ
395 3061 496 3112 καὶ
532 3060 781 3114 εὐσταλεῖ
812 3063 1068 3134 περιϐολῇ
1094 3063 1171 3135 τῷ
1194 3065 1386 3137 πλήθει
1431 3067 1782 3137 συναγελαζο-

1899 1889 2191 1943 nuditatem
2221 1887 2429 1957 prolixe
2457 1883 2832 1956 suppeditans.
2862 1881 3011 1936 Alios
3059 1881 3188 1936 item
3216 1880 3470 1945 vinculis,

1895 1982 1990 2036 aut
2018 1973 2358 2036 metallorum
2382 1981 2640 2034 aerumnis
2660 1975 2888 2032 alﬂictos
2914 1974 3183 2041 exsolvit;
3210 1973 3470 2044 quosdam

1893 2071 2147 2127 violentia
2177 2071 2537 2141 potentiorum
2566 2082 2857 2139 oppressos
2886 2066 3155 2130 liberavit,
3184 2066 3471 2121 nonnullos

1893 2167 2054 2222 etiam
2086 2168 2152 2220 ab
2182 2164 2373 2220 exsilio
2399 2163 2692 2219 revocavit.

2465 2254 2693 2311 CAPUT
2728 2253 2894 2310 XLV.

1892 2349 2164 2418 Quomodo
2216 2349 2418 2406 Helena
2455 2351 2512 2404 in
2559 2348 2796 2405 ecclesiis
2843 2349 3085 2420 religiose
3139 2358 3346 2404 versata
3374 2348 3464 2400 sit.

1959 2505 2276 2578 Huiusmodi
2319 2505 2579 2577 operibus
2623 2521 2745 2560 cum
2800 2518 3052 2575 magnam
3098 2503 3200 2558 sibi
3238 2501 3465 2574 gloriam

1885 2609 2277 2669 comparasset,
2302 2601 2561 2669 pietatem
2585 2612 2714 2669 erga
2738 2596 2906 2653 Deum
2930 2597 3154 2652 minime
3183 2596 3420 2669 neglexit
3446 2615 3461 2653 :

1889 2711 2012 2751 nam
2043 2704 2098 2750 et
2149 2695 2388 2758 assidue,
2437 2691 2652 2748 cunctis
2689 2690 3016 2755 videntibus,
3072 2691 3126 2746 in
3174 2689 3463 2746 ecclesiam

1885 2789 2204 2853 ventitabat,
2253 2798 2307 2843 et
2353 2802 2540 2843 sacras
2575 2787 2718 2843 aedes
2747 2784 2966 2840 eximiis
3003 2783 3342 2838 ornamentis
3367 2782 3467 2838 de-

1883 2882 2126 2948 corabat,
2151 2895 2221 2935 ne
2249 2881 2600 2935 minimarum
2631 2878 2848 2950 quidem
2878 2877 3092 2932 urbium
3135 2875 3334 2932 sacella
3367 2875 3465 2930 de-

1883 2974 2138 3044 spiciens.
2158 2972 2342 3042 Itaque
2360 2973 2543 3028 videre
2563 2980 2681 3027 erat
2699 2971 2978 3026 mulierem
2999 2983 3221 3038 prorsus
3235 2968 3462 3022 admira-

1882 3067 2065 3132 bilem,
2083 3066 2326 3122 modesto
2342 3080 2404 3120 ac
2423 3064 2634 3121 decenti
2652 3064 2834 3118 habitu
2852 3077 2957 3116 una
2969 3077 3092 3117 cum
3108 3060 3311 3132 reliqua
3333 3061 3464 3116 mul-

211 3147 383 3219 μένην,
422 3151 532 3222 τήν
565 3169 623 3204 τε
669 3153 801 3222 πρὸς
848 3155 908 3206 τὸ
940 3153 1093 3208 Θεῖον
1143 3157 1425 3212 εὐλάϐειαν
1465 3158 1553 3213 διὰ
1601 3161 1779 3232 πάσης

1890 3158 2116 3213 titudine
2143 3169 2475 3222 versantem,
2507 3171 2770 3226 suamque
2792 3154 2953 3226 506
2979 3169 3105 3224 erga
3137 3153 3306 3209 Deum
3333 3153 3461 3207 reli—

208 3241 475 3308 θεοφιλοῦς
512 3243 766 3313 πράξεως
799 3247 1072 3300 ἐπιδεικνυ
1083 3248 1272 3319 μένην.

697 3337 1092 3392 ΚΕΦΑΛΑῙΟΝ
1132 3342 1186 3394 Μ
1194 3344 1248 3408 π
1249 3348 1281 3394 ’.

216 3424 398 3486 Ὀπως
428 3423 929 3552 ὀγδοηκοντοᾶτῇ
956 3426 1114 3516 οὖσα
1145 3431 1243 3484 καὶ
1289 3430 1624 3502 διαθεμένη,
1653 3435 1776 3488 ἐτε-

268 3542 273 3547 .
925 3517 1087 3552 ευτα.

925 3517 1087 3557 cura.

284 3587 432 3641 Ἐπεὶ
454 3589 513 3642 δὲ
540 3588 724 3645 λοιπὸν
742 3591 810 3644 τὰ
836 3593 934 3662 τῆς
956 3593 1262 3665 αὐτάρκους
1283 3595 1582 3652 διανύσασα
1605 3598 1772 3668 ζωῆς,

212 3677 291 3730 ἐπὶ
327 3677 422 3750 τὴν
472 3681 760 3753 κρείττονα
809 3682 960 3754 λῆξιν
1007 3685 1271 3750 ἐκαλεῖτο,
1310 3688 1494 3758 σχεδόν
1527 3706 1628 3742 που
1677 3691 1777 3762 τῆς

208 3767 406 3840 ἡλικίας
438 3773 585 3844 ἀμφὶ
607 3774 734 3837 τοὺς
754 3775 1084 3846 ὀγδοήκοντα
1111 3779 1390 3844 ἐνιαυτοὺς
1416 3781 1772 3854 διάρκέσασα,

209 3860 334 3930 πρὸς
363 3866 510 3936 αὐτῷ
545 3869 809 3940 γενομένη
844 3869 921 3940 τῷ
959 3869 1127 3934 τέλει,
1188 3887 1538 3926 συνεταττετο
1571 3877 1665 3928 καὶ
1698 3875 1775 3927 δι-

212 3949 508 4009 ετίθετοὲπὶ
536 3953 928 4032 μονογενεῖυὶᾠ
955 3959 1164 4030 βασιλεῖ
1193 3964 1445 4035 μονάρχῳ
1473 3967 1775 4036 κοσμοκρά-

208 4057 331 4112 τορι,
368 4047 525 4101 παισί
548 4067 605 4102 τε
630 4051 817 4103 τούτου
841 4051 1131 4125 καίσαρσιν
1153 4056 1351 4125 ἑαυτῆς
1380 4057 1641 4124 ἐκγόνοις,
1674 4058 1771 4129 τὴν

209 4135 426 4209 ὑστάτην
486 4141 680 4214 βουλὴν
735 4143 1096 4217 διοριζομένη,
1168 4147 1498 4220 διανέμουσά
1556 4168 1613 4203 τε
1661 4151 1769 4204 τῶν

210 4220 429 4292 ἐκγόνων
470 4231 684 4302 ἑκάστῳ
729 4231 794 4285 τά
840 4233 940 4303 τῆς
968 4237 1171 4298 οἰκείας
1203 4236 1512 4307 ὑπάρξεως,
1545 4239 1642 4309 ὅση
1686 4255 1770 4301 τις

209 4312 327 4386 αὐτῇ
339 4319 596 4391 καθ’ὃλης
615 4323 820 4394 ὑπῆρξε
834 4325 934 4393 τῆς
947 4327 1093 4377 οίκου
1102 4326 1288 4396 μένης.
1307 4329 1485 4380 Καὶδὲ
1503 4328 1769 4396 (529)106-

206 4419 285 4456 τον
313 4406 601 4483 διαθεμένη
630 4414 720 4466 τὸν
751 4415 971 4486 τρόπον,
1007 4416 1193 4469 λοιπὸν
1217 4418 1316 4488 τὴν
1361 4419 1453 4472 τοῦ
1481 4419 1597 4491 βίου
1633 4438 1766 4474 κατ-

1885 3251 2096 3322 gionem
2124 3251 2267 3304 omni
2297 3249 2506 3319 piorum
2534 3263 2759 3318 operum
2790 3261 2992 3318 genere
3018 3246 3410 3301 declarantem.

2453 3341 2681 3397 CAPUT
2710 3339 2897 3400 XLVI.

1953 3440 2226 3506 Quomodo
2275 3441 2644 3562 octogenarga,
2682 3445 2990 3521 testamento
3027 3435 3187 3505 facta,
3223 3452 3250 3489 e
3282 3435 3390 3490 vita

2587 3518 2789 3562 ecesstt.

2587 3518 2766 3563 εεεεεῖι
2775 3547 2789 3561 .

1947 3601 2064 3656 iam
2099 3616 2245 3668 vero
2281 3617 2415 3656 tcum
2463 3599 2597 3656 satis
2633 3600 2793 3671 longo
2840 3599 2965 3654 vitae
3012 3598 3186 3668 spatio
3233 3598 3460 3652 decurso

1877 3697 1943 3750 ad
1976 3695 2268 3751 feliciorem
2289 3705 2493 3750 sortem
2524 3704 2834 3759 vocaretur,
2869 3707 3067 3748 annum
3097 3691 3272 3747 aetatis
3297 3705 3460 3762 agens

1876 3790 2095 3844 circiter
2117 3788 2531 3859 octogesimum,
2550 3788 2602 3840 in
2633 3787 2749 3856 ipso
2778 3786 2970 3839 mortis
3000 3784 3238 3840 conlinio
3261 3785 3456 3854 posita,

1878 3889 2202 3936 testamento
2258 3878 2424 3944 facto,
2461 3877 2708 3933 ultimam
2757 3875 3087 3930 voluntatem
3122 3875 3452 3942 declaravit,

1877 3973 2144 4028 haeredem
2169 3971 2481 4042 relinquens
2511 3971 2730 4024 unicum
2762 3968 2953 4034 lilium,
2990 3968 3164 4026 solum
3211 3967 3454 4036 impera-

1876 4076 2046 4121 torem
2078 4080 2143 4120 ac
2173 4064 2455 4119 dominum
2491 4063 2640 4118 orbis
2679 4071 2970 4124 terrarum,
3001 4074 3125 4115 cum
3149 4058 3276 4114 ﬁliis
3299 4058 3453 4113 nobi-

1874 4157 2094 4213 lissimis
2137 4155 2428 4211 cmsaribus
2456 4155 2747 4225 nepotibus
2774 4155 2905 4208 suis.
2934 4153 3174 4220 Quorum
3203 4152 3448 4222 singulis,

1871 4251 2011 4306 bona
2042 4264 2163 4320 quas
2193 4264 2288 4319 per
2318 4249 2632 4304 universum
2666 4247 2853 4302 urbem
2883 4245 3213 4314 possidebat,
3245 4244 3446 4300 divisit.

1873 4341 1929 4394 In
1957 4341 2100 4394 hunc
2154 4340 2372 4396 modum
2420 4349 2746 4394 testamento
2783 4337 2951 4402 iacto,
3004 4338 3146 4393 diem
3199 4335 3447 4393 ultimum

1873 4433 2085 4497 clausit,
2110 4441 2375 4502 praesente
2402 4441 2456 4486 et
2478 4431 2728 4485 adstante
2763 4429 2863 4499 ipsi
2891 4429 2987 4484 tali
3015 4439 3274 4500 tantoque
3314 4429 3445 4496 ﬁlio,

210 4494 318 4548 έλυε
356 4502 626 4574 τελευτὴν,
674 4505 938 4576 παρόντος
972 4507 1104 4580 αὐτῇ
1148 4510 1242 4564 καὶ
1280 4511 1621 4582 παρεστῶτος
1647 4512 1761 4566 υἱοῦ

1890 4533 1922 4580 et
1945 4526 2090 4580 omni
2112 4524 2496 4594 obsequiorum
2538 4537 2738 4593 genere
2780 4532 3011 4580 matrem
3056 4525 3288 4590 favente,
3323 4539 3441 4580 ma-

205 4588 464 4656 τοσούτου,
510 4593 903 4665 θεραπεύοντός
929 4615 988 4649 τε
1025 4599 1119 4652 καὶ
1149 4599 1256 4654 τῶν
1297 4601 1495 4672 χειρῶν
1529 4603 1766 4671 ἐφαπτο-

213 4676 382 4767 μένουξ
425 4683 500 4746 ὡς
549 4686 622 4757 μὴ
667 4687 916 4741 τεθνάναι
959 4691 1184 4755 εἰκότως
1221 4692 1320 4762 τὴν
1362 4695 1765 4767 τρισμακαρίαν

203 4768 302 4831 τοῖς
325 4765 380 4824 εὖ
408 4777 665 4844 φρονοῦσι
694 4778 890 4843 δοκεῖν,
921 4781 1219 4853 μεταϐολὴν
1249 4783 1305 4835 δὲ
1347 4785 1441 4836 καὶ
1478 4765 1765 4855 μετάθεσιν

201 4859 378 4932 ἀληθεί
430 4868 571 4940 λόγῳ
612 4872 711 4942 τῆς
757 4872 990 4940 γεώδους
1040 4875 1186 4946 ζωῆς
1233 4876 1324 4929 ἐπὶ
1369 4877 1466 4948 τὴν
1516 4878 1763 4949 οὐράνιον

202 4952 493 5044 ὑπομεῖναι.
541 4964 992 5037 Ἀνεστοιχειοῦτο
1020 4969 1151 5036 γοῦν
1179 4970 1314 5040 αὐτῇ
1335 4969 1479 5041 ψυχῇ
1504 4970 1616 5044 (50)
1670 4973 1762 5026 ἐπὶ

198 5041 290 5135 τὴν
315 5049 585 5124 ἄφθαρτον
617 5057 709 5109 καὶ
740 5059 1034 5131 ἀγγελικὴν
1064 5061 1273 5126 οὐσίαν,
1307 5062 1446 5129 πρὸς
1479 5063 1568 5115 τὸν
1590 5041 1762 5135 αὐτῆς

196 5133 668 5220 ἀναλαμϐανομένη
702 5149 951 5222 Σωτῆρα.
1719 5133 1736 5151 γ’

695 5243 1093 5298 ΚΕΦΑΛΑΙΟΝ
1132 5245 1262 5300 MZ'.

199 5313 381 5388 Ὅπως
425 5327 789 5405 τὴν-μητέρα
833 5336 1282 5405 Κωνᾳταντῖνος
1323 5337 1622 5405 κατέθετο,
1658 5340 1758 5394 καὶ

461 5400 572 5467 πρὸ
594 5403 806 5458 τούτου
833 5405 934 5459 καὶ
959 5403 1153 5464 ζῶσαν
1171 5400 1475 5476 ἐτίμησεν.

267 5480 370 5538 Καὶ
399 5487 458 5541 τὸ
496 5493 688 5564 σκῆνος
715 5495 770 5549 δέ
800 5497 898 5567 τῆς
929 5498 1224 5570 μακαρίας,
1259 5499 1320 5552 οὐ
1351 5501 1451 5572 τῆς
1488 5501 1752 5575 τυχούσης

419 5621 509 5699 de.
545 5623 686 5694 Lege
714 5628 798 5699 δή.
823 5628 995 5699 Eon".

271 5682 1111 5775 [Ἀγεσξόιχείοῦτοῃγοῦν
1157 5701 1314 5772 αὐτῇ
1372 5705 1565 5775 ψυχῇ.
1628 5705 1751 5763 "tne

210 5749 288 5806 Ori
616 5749 646 5777 ί
969 5749 1087 5782 ⁸’ῖ’
1159 5749 1310 5772 ””²¹
1379 5749 1565 5787 ‘-"""'
1628 5749 1748 5763 "M

296 5768 436 5822 Senis
460 5765 756 5822 doctrinam
783 5784 976 5841 sapere
1007 5772 1279 5842 videntur,
1315 5789 1402 5832 cui
1441 5791 1602 5848 supra
1636 5794 1748 5834 mo-

1867 4633 2076 4686 nusque
2110 4617 2224 4687 ejus
2259 4618 2637 4687 amplectente,
2670 4616 2804 4672 adeo
2833 4625 2893 4672 ut
2935 4631 3275 4687 nequaquam
3305 4618 3441 4672 mori

1865 4707 2061 4764 mulier
2107 4709 2444 4774 beatissima,
2486 4708 2581 4763 sed
2630 4708 2810 4777 potius
2866 4709 3126 4762 caducam
3182 4708 3321 4763 hanc
3359 4708 3442 4760 vi-

1867 4809 1976 4854 tam
2035 4815 2156 4855 cum
2195 4800 2488 4856 immortali
2537 4801 2647 4856 vita
2698 4811 3037 4856 commutare
3094 4811 3243 4856 recte
3314 4813 3442 4855 seu-

1865 4892 2120 4948 tientibus
2148 4894 2439 4948 videretur.
2473 4893 2668 4948 Anima
2709 4893 2872 4963 igitur
2911 4893 3078 4959 illius,
3107 4896 3162 4950 in
3198 4893 3443 4959 incorru-

1863 4984 2102 5053 ptibilem
2137 4995 2192 5040 et
2242 4985 2543 5056 angelicam
2598 4985 2957 5040 substantiam
3013 4985 3342 5051 reformata,
3371 4985 3438 5038 ad

1862 5077 2028 5133 Deum
2061 5075 2405 5134 Servatorem
2434 5094 2592 5134 suum
2628 5089 2902 5150 assumpta
2929 5087 3032 5136 est.

2401 5254 2630 5312 CAPUT
2672 5255 2874 5312 XL-Vll.

1860 5342 2133 5409 Quomodo
2163 5343 2536 5398 Constantinus
2575 5356 2794 5400 matrem
2817 5348 3055 5414 deposuit
3083 5362 3102 5400 :
3130 5353 3181 5399 et
3209 5343 3432 5415 qualiter

2279 5416 2427 5468 illam
2460 5415 2624 5469 coluit
2655 5417 2783 5469 dum
2804 5418 3018 5471 viveret.
3401 5427 3404 5432 '

1927 5505 2176 5562 Cadaver
2227 5517 2408 5562 autem
2435 5507 2604 5579 ipsius
2635 5508 2841 5563 honore
2871 5508 3288 5581 haudquaquam
3319 5506 3436 5562 vui-

1856 5643 1982 5715 dum
2035 5641 2285 5715 addictus
2312 5641 2427 5715 fuit
2468 5642 2733 5715 Eusebius
2779 5652 2986 5700 noster.
3049 5643 3240 5715 Neque
3279 5643 3430 5715 enim

1854 5713 2049 5769 animae
2078 5713 2361 5771 beatorum
2415 5713 2469 5771 in
2503 5714 2803 5786 angelicam
2845 5713 3203 5773 substantiam
3250 5713 3430 5802 retor-
