3882 6262
444 380 583 438 1107

1187 377 1455 437 EUSEBII
1492 376 1968 437 CESARIENSIS
2004 379 2155 437 OPP.
2197 380 2378 435 PARS
2415 381 2453 434 l.
2496 413 2565 421 —
2602 380 2988 438 HISTORICA.

3542 381 3661 437 ιιοε

418 499 556 567 .garl
590 496 841 554 aﬂ'ectum
870 494 994 551 fuit.
1026 494 1157 549 Nam
1182 511 1303 550 cum
1346 497 1548 567 ingenti
1580 498 1872 554 satellitum
1909 513 2008 553 nu-

2122 496 2332 567 ἠξιοῦτο
2373 498 2643 568 σπουδῆς·
2686 497 2918 570 πλείστῃ
2949 496 3077 564 γοῦν
3106 494 3400 567 δορυφορίᾳ
3447 492 3536 546 ἐτέι
3573 496 3662 564 τὴν

443 604 594 645 mero
614 589 669 645 in
706 589 906 658 regiam
936 586 1122 641 urbem
1151 596 1486 658 pervectum,
1516 589 1714 645 ibidem
1748 590 1799 644 in
1837 590 2003 659 regali

443 687 792 735 monumento
828 678 1136 746 depositum
1179 689 1284 735 est.
1331 679 1445 736 Hoc
1478 682 1637 737 modo
1666 681 2007 752 imperatoris

442 780 617 829 mater
639 771 853 826 vivendi
888 770 1049 826 tinem
1096 770 1257 838 fecit;
1296 773 1491 828 mulier
1524 773 1854 844 sempiterna
1888 787 2005 831 me-

442 860 615 917 moria
663 859 999 929 dignissima,
1032 868 1143 915 tum
1182 863 1251 916 ob
1306 861 1586 932 religiosos
1634 871 1787 919 actus
1809 863 2007 933 quibus

438 953 654 1018 enituit,
679 962 794 1007 tum
823 952 891 1007 ob
912 953 1414 1023 praestantissimum
1446 953 1595 1009 illum
1621 964 1678 1010 et
1712 954 2010 1010 admirabi-

443 1048 544 1099 lem
580 1046 771 1101 lmtum
800 1045 891 1116 qui
936 1060 1005 1099 ex
1052 1044 1142 1099 illa
1172 1054 1324 1101 ortus
1349 1056 1453 1102 est.
1500 1048 1667 1113 Quem
1695 1047 1909 1112 quidem
1939 1047 2010 1103 ob

440 1146 665 1192 crateras
689 1151 797 1203 res,
834 1136 1071 1192 maxime
1098 1152 1227 1193 vero
1258 1138 1327 1193 ob
1365 1137 1618 1206 pietatem
1655 1138 1711 1193 in
1751 1146 2006 1205 matrem,

440 1228 658 1281 beatum
702 1229 955 1283 convenit
985 1228 1297 1298 praedicare.
1329 1228 1537 1298 Quippe
1568 1228 1737 1295 illam,
1761 1244 1885 1284 cum
1912 1246 2010 1283 an-

442 1328 528 1371 tea
566 1318 660 1372 Dei
690 1318 885 1374 cultrix
914 1334 1019 1373 non
1057 1329 1218 1383 esset,
1254 1326 1362 1385 tam
1392 1320 1534 1389 piam
1585 1335 1650 1374 ac
1701 1320 2006 1389 religiosam

443 1409 794 1478 lirmstititmt
821 1425 852 1463 a
879 1410 1152 1465 communi
1175 1411 1415 1465 omnium
1446 1409 1738 1466 Servatore
1762 1412 2009 1467 instituta

442 1500 610 1555 fuisse
622 1501 911 1557 videretur.
930 1499 1224 1570 Regalibus
1247 1510 1424 1556 autem
1445 1502 1741 1557 honoribus
1765 1502 1835 1556 ita
1862 1518 2011 1559 eam-

442 1594 563 1645 dem
592 1593 829 1658 ornavit,
853 1601 913 1645 ut
961 1593 1013 1647 in
1044 1593 1297 1649 omnibus
1343 1594 1655 1663 provinciis,
1692 1603 1805 1648 tum
1823 1602 1887 1649 "a
1917 1608 2012 1662 pa-

442 1681 599 1752 ganis
624 1692 734 1737 tum
760 1696 792 1735 a
824 1682 1093 1738 militibus
1129 1691 1356 1752 augusta
1390 1692 1445 1737 et
1471 1683 1785 1754 imperatrix
1809 1699 2013 1740 nuncu-

445 1777 685 1836 paretur,
719 1780 775 1823 et
812 1771 963 1824 aurei
992 1771 1195 1825 nummi
1226 1768 1340 1838 ejus
1383 1770 1617 1841 imagine
1647 1772 2009 1844 signarentur.

439 1858 605 1931 507
628 1859 933 1927 Quinetiam
964 1861 1340 1918 thesaurorum
1392 1863 1651 1935 regalium
1692 1874 2011 1934 potestatem
2042 1857 2086 1912 Β

443 1955 495 2007 ei
519 1951 906 2009 Constantinus
939 1965 1300 2020 concesserat,
1336 1956 1532 2025 quibus
1574 1971 1672 2025 pro
1698 1957 1929 2013 arbitrio
1960 1966 2015 2013 et

444 2060 511 2098 ex
550 2044 715 2099 animi
734 2045 815 2099 sui
839 2046 1129 2113 sententia,
1155 2055 1319 2117 prout
1351 2046 1560 2103 libitum
1579 2057 1722 2103 esset
1744 2058 2010 2105 uteretur.

445 2133 579 2189 Nam
608 2146 663 2189 et
689 2134 744 2190 in
778 2137 882 2191 hac
924 2146 1080 2204 parte
1113 2145 1342 2192 matrem
1389 2152 1545 2194 suam
1580 2139 1924 2210 conspicuam
1960 2149 2017 2196 et

446 2228 659 2282 beatam
677 2229 916 2281 omnium
928 2226 1136 2296 judicio
1157 2228 1416 2284 reddidit.
1441 2229 1705 2297 Quocirca
1725 2231 1876 2288 exiis
1899 2246 2017 2303 qua:

446 2319 516 2374 ad
572 2319 887 2373 memoriam
948 2319 1097 2374 illius
1123 2320 1502 2377 illustrandam
1552 2324 1864 2396 pertinent,
1910 2338 2015 2379 non

447 2409 717 2465 immerito
742 2410 855 2465 haec
899 2408 1061 2465 etiam
1115 2412 1531 2483 assumpsimus,
1572 2429 1694 2485 quae
1726 2414 2019 2485 imperator

448 2515 545 2568 pro
601 2501 860 2572 singulari
901 2516 1000 2557 sua
1032 2502 1239 2572 pietate
1289 2503 1343 2557 in
1374 2504 1639 2559 honorem
1690 2508 1880 2561 matris
1904 2523 2019 2563 sua;

445 2593 639 2660 gessit,
668 2596 795 2647 dum
844 2593 1046 2648 divinis
1092 2594 1436 2664 obtemperat
1486 2596 1721 2668 legibus,
1753 2613 1872 2668 quae
1896 2598 2018 2654 ﬁliis

447 2682 627 2737 debita
650 2684 708 2737 in
737 2693 989 2753 parentes
1019 2681 1193 2739 oilicia
1224 2684 1530 2756 iniungunt.
1562 2686 1876 2757 Huiusmodi
1902 2688 2018 2758 pul-

446 2776 717 2832 cherrima
741 2790 907 2846 opera
936 2776 991 2832 in
1007 2775 1293 2832 Palaestina
1316 2779 1631 2849 imperator,
1651 2781 1730 2835 uti
1761 2780 2017 2845 diximus,

448 2871 744 2929 exstruxit.
781 2871 886 2925 Sed
916 2880 971 2928 et
997 2871 1054 2925 in
1082 2868 1313 2939 reliquis
1337 2871 1629 2941 provinciis
1648 2887 1814 2927 novas
1833 2888 1863 2926 a
1901 2872 2021 2927 fun-

449 2964 717 3019 damentis
767 2963 1040 3019 aediﬁcans
1093 2965 1392 3031 ecclesias,
1446 2964 1617 3020 multo
1682 2964 2021 3036 augustiores

450 3068 610 3123 quam
646 3069 765 3125 quae
804 3064 963 3110 antea
989 3065 1169 3122 erant,
1205 3055 1408 3111 effecit.

986 3144 1216 3202 CAPUT
1245 3145 1475 3202 XLVIII.

524 3236 803 3306 Quomodo
836 3235 1300 3307 Constantinopoli
1338 3238 1598 3307 martyria
1632 3237 1924 3307 construxit

692 3318 1000 3375 omnemque
1024 3305 1285 3360 idolorum
1309 3305 1508 3361 cultum
1538 3306 1782 3366 abolevit.

522 3402 659 3457 Cum
688 3414 817 3456 vero
838 3401 1115 3457 civitatem
1148 3401 1383 3457 nominis
1410 3401 1495 3455 sui
1528 3402 1595 3455 ad
1620 3416 1886 3457 summam
1914 3402 2022 3473 glo-

454 3494 590 3547 riam
617 3491 880 3548 extollere
926 3491 1290 3559 instituisset,
1322 3492 1571 3562 plurimis
1618 3507 1738 3549 eam
1768 3495 2023 3551 oratoriis

453 3584 779 3650 exornavit,
803 3583 1260 3655 amplissimisque
1290 3586 1575 3657 martyriis
1610 3594 1667 3642 et
1696 3585 2022 3656 splendidis-

454 3675 610 3730 simis
639 3675 844 3731 a-dibus
883 3676 1081 3747 partim
1136 3675 1193 3730 in
1227 3675 1504 3732 suburbiis
1529 3716 1548 3744 ,
1594 3678 1793 3747 partim
1825 3678 1879 3732 in
1907 3677 2022 3748 ipsa

452 3767 674 3824 civitate
700 3768 1045 3825 constructis.
1075 3767 1253 3838 Atque
1282 3768 1386 3825 hoc
1429 3776 1591 3825 modo
1619 3770 1779 3825 simul
1813 3782 2023 3842 marty-

455 3876 576 3918 rum
615 3860 902 3918 honoravit
944 3861 1296 3926 memoriam,
1342 3861 1505 3916 simul
1553 3862 1824 3918 civitatem
1869 3880 2021 3919 suam

456 3954 559 4026 lpei
598 3964 898 4026 martyrum
927 3952 1039 4008 Deo
1081 3953 1454 4007 consecravit.
1482 3949 1651 4009 Totus
1681 3953 1912 4023 denique
1936 3968 2024 4008 sa-

454 4048 657 4118 pientia
682 4046 776 4104 Dei
812 4055 1121 4103 emestuans
1141 4082 1159 4110 ,
1186 4044 1373 4099 urbem
1412 4043 1560 4098 illam
1592 4060 1756 4115 quam
1786 4045 2027 4115 appella-

459 4142 606 4197 tione
633 4141 868 4197 nominis
901 4141 984 4195 sui
1014 4140 1276 4210 insignire
1317 4141 1655 4206 decreverat,
1680 4138 1829 4194 omni
1857 4138 2026 4195 idolo-

455 4249 577 4288 rum
609 4231 755 4290 cultu
805 4248 977 4302 usque
1006 4236 1143 4290 adeo
1168 4247 1397 4287 vacuam
1423 4246 1546 4288 esse
1574 4230 1782 4300 voluit,
1817 4244 2025 4288 utnus-

449 4340 615 4396 quam
675 4324 730 4378 in
759 4322 849 4379 illa
886 4324 1142 4381 falsorum
1171 4322 1453 4379 numinum
1484 4321 1771 4378 simulacra
1806 4321 1861 4376 in
1889 4330 2025 4377 tem-

458 4488 693 4540 tuantur.
722 4478 882 4536 Certe
910 4480 1171 4548 Origenes
1196 4480 1252 4536 in
1286 4478 1685 4535 resurrectione
1710 4493 1936 4548 corpora
1971 4480 2023 4534 in

458 4550 693 4617 animas,
728 4561 783 4605 et
808 4555 1015 4621 animas
1042 4552 1096 4605 in
1129 4551 1352 4621 angelos
1376 4558 1638 4604 mutatum
1672 4549 1737 4602 iri
1774 4550 2020 4617 credidit,

457 4631 519 4675 ttt
539 4621 741 4692 alicubi
775 4622 909 4692 dicit
934 4620 1312 4692 Hieronymus.

528 4689 640 4763 (5})
670 4690 809 4763 Ἐπεὶ
856 4690 969 4763 τὴν
1010 4686 1470 4763 ,βασὶλεύουσαν
1500 4758 1513 4763 Α
1532 4688 1764 4763 πόλιν),
1794 4686 2021 4763 Romam

457 4758 727 4832 intelligit.
756 4759 834 4814 Eo
862 4762 1005 4832 enim
1028 4761 1264 4832 delatum
1298 4771 1383 4815 est
1416 4758 1647 4832 cadaver
1672 4758 1884 4832 llelenac
1909 4759 2024 4812 Au-

457 4830 665 4899 gustae,
698 4840 753 4885 et
784 4840 905 4900 post
952 4831 1223 4900 biennium
1255 4830 1777 4900 Constantinopolim
1825 4832 2023 4900 depor-

454 4911 648 4964 tatum,
704 4910 762 4955 ut
787 4899 977 4954 ’tradit
1005 4899 1343 4969 Nicepltorus
1377 4901 1429 4953 itt
1469 4899 1609 4953 libro
1635 4914 1750 4962 vut,
1784 4914 1904 4966 cap.
1929 4899 2018 4953 50.

456 4978 530 5027 At
560 4971 815 5025 Socrates
846 4971 900 5024 itt
929 4971 1024 5024 lib.
1053 4986 1093 5039 ι,
1124 4985 1243 5039 cap.
1280 4970 1368 5035 l7,
1412 4971 1576 5039 verba
1614 4969 1831 5039 Eusebii
1870 4980 2021 5021 tran-

456 5042 740 5106 scribens,
782 5039 885 5115 τὴν
923 5038 1339 5115 βασιλεύουσαν-
1362 5038 1516 5092 πόλιν
1558 5053 1749 5093 novam
1796 5038 2021 5115 Romam

458 5110 863 5180 interpretatur.
912 5111 1084 5178 Quem
1129 5111 1373 5165 Socratis
1421 5124 1665 5164 errorem
1715 5110 1906 5180 merito
1932 5124 2020 5164 re-

457 5178 745 5252 prehendit
774 5180 1036 5234 Baronius
1056 5217 1071 5242 ,
1099 5194 1220 5252 cum
1244 5178 1883 5252 Eusebius_regia3_u_rbis
1927 5194 2023 5252 no:

460 5247 603 5306 inine
638 5252 862 5305 Romam
902 5264 1117 5319 semper
1138 5251 1435 5320 designare,
1465 5249 1655 5305 soleat.
1696 5247 1845 5303 Adde
1878 5249 2021 5320 quod

460 5323 698 5377 nondum
739 5321 989 5376 dedicata
1023 5319 1680 5389 eratConstantinopolis,
1710 5333 1773 5372 ac
1798 5319 2022 5387 proinde

458 5395 586 5447 urbs
617 5392 766 5463 regia
795 5391 979 5446 vocari
1013 5404 1150 5463 non_
1166 5400 1375 5463 poterat
1397 5431 1414 5454 ,
1445 5404 1565 5463 cum
1598 5402 1725 5443 tunc
1766 5390 2022 5457 temporis

456 5471 602 5517 esset
656 5458 863 5515 tantum
915 5469 1068 5515 vetus
1119 5458 1452 5530 Byzantium.
1511 5458 1802 5530 Socratem
1843 5469 2018 5530 tamen

458 5542 675 5586 secutus
702 5542 782 5587 εδει
804 5530 1103 5594 Cedrenus,
1137 5529 1404 5597 quietiam
1436 5530 1538 5583 hoc
1569 5531 1737 5597 addit,
1765 5529 2019 5582 Helenam

462 5602 744 5655 duodecim
780 5617 938 5654 :llllllS
962 5613 1086 5654 ante
1113 5600 1525 5654 Constantinum
1548 5615 1578 5653 e
1608 5600 1742 5654 vivis
1769 5598 1967 5653 abiisse
2003 5616 2015 5650 :

461 5671 571 5750 καὶ
610 5670 848 5750 attagen
981 5670 1217 5750 ,λάρνακι
1252 5670 1508 5750 πορφυρᾷ
1546 5669 1708 5750 αὐτος
1752 5683 1810 5750 τε
1850 5669 1941 5748 καὶ
1983 5670 2016 5740 ἡ

461 5741 650 5820 μήτ-ηρ
678 5738 847 5820 αὑτοῦ
874 5738 1221 5820 Ἐθλένηλςπρδ
1249 5738 1613 5820 δωδεκαμέτῷν
1628 5740 1726 5810 τῆς
1747 5739 1907 5792 αὑτοῦ
1934 5738 2019 5792 τεὲ

464 5807 656 5875 λιίοτῆς
683 5807 1060 5863 ἀποθανοῦσα(
1087 5807 1195 5861 ηπ
1224 5811 1431 5864 ratione
1464 5807 1712 5865 llelettam
1748 5821 2010 5864 mortuant

2111 588 2500 660 βασιλεύουσαν
2550 590 2705 643 πόλιν
2750 588 2861 660 (Si)
2913 586 3282 667 ἀνεκομίζετο,
3330 583 3571 638 ἐνταυθοῖ
3611 585 3664 637 δέ

2110 678 2288 750 ἠρίοις
2320 676 2619 748 βασιλικοῖς
2658 678 2964 733 ἀπετίθετο.
2998 677 3106 730 Τοῦ
3144 677 3239 747 μὲν
3274 670 3370 728 οὖν
3416 674 3666 745 βασιλέως

2115 769 2412 824 ἐτελειοῦτο
2442 770 2477 842 ἡ
2506 771 2707 842 μήτηρ,
2736 770 2862 836 ἀξία
2884 769 3150 842 γενομένη
3181 769 3400 839 μνήμης
3418 767 3665 838 ἁλήστου,

2108 862 2217 918 τῶν
2246 880 2307 916 τε
2350 862 2523 933 αὐτῆς
2558 864 2741 918 εἵνεκα
2781 862 3043 932 θεοφιλῶν
3083 861 3355 933 πράξεων,
3400 859 3494 913 τοῦ
3526 859 3578 912 τ’
3616 862 3669 925 ἐς

2109 957 2280 1028 αὐτῆς
2324 956 2519 1026 φύντος
2566 956 2876 1029 ὑπερφυοῦς
2922 956 3015 1008 καὶ
3054 954 3353 1027 παραδόξου
3399 950 3590 1022 φυτοῦο
3617 952 3669 1005 ὃν

2108 1048 2246 1122 πρὸς
2277 1052 2389 1113 τοῖς
2419 1049 2607 1112 ἅπασι,
2654 1049 2747 1102 καὶ
2778 1048 2876 1119 τῆς
2917 1049 2995 1111 είς
3038 1046 3136 1118 τὴν
3171 1044 3493 1115 γειναμένην
3525 1045 3668 1107 ὁσίας

2114 1140 2435 1214 μακαρίζειν
2466 1139 2634 1205 ἄξιον,
2664 1137 2807 1194 οῦτω
2834 1137 2930 1210 μὲν
2956 1137 3123 1209 αὐτὴν
3153 1136 3380 1206 θεοσεϐῆ
3406 1136 3670 1205 καταστή-

2112 1250 2299 1297 σαντα,
2333 1233 2434 1285 οὐκ
2455 1227 2620 1287 οὖσαν
2652 1232 2936 1303 πρότερον,
2971 1230 3047 1295 ὡς
3074 1230 3222 1302 αὐτῷ
3255 1230 3434 1282 δοκεῖν
3467 1229 3582 1299 (52)
3615 1230 3673 1280 ἐκ

2110 1318 2335 1390 πρώτης
2380 1318 2460 1390 τῷ
2490 1316 2651 1388 κοινῷ
2684 1317 2896 1388 Σωτῆρι
2949 1315 3412 1388 μεμαθητεῦσθαιο
3445 1314 3590 1367 οὕτω
3622 1313 3671 1365 δὲ

2111 1409 2383 1483 ἀξιώματι
2405 1408 2665 1480 βασιλικῷ
2690 1410 3041 1480 τετιμηκότα,
3067 1409 3143 1473 ὡς
3165 1411 3223 1462 ἐν
3255 1409 3457 1462 ἅπασιν
3481 1405 3670 1467 ἔθνεσι,

2112 1505 2242 1575 παρ’
2275 1504 2458 1567 αὐτοῖς
2489 1520 2548 1556 τε
2581 1505 2690 1567 τοῖς
2724 1504 3131 1572 στρατιωτικοῖς
3175 1501 3447 1573 τάγμασιν
3479 1499 3669 1568 αύγού-

2115 1611 2243 1649 σταν
2280 1595 2524 1666 βασιλίδα
2561 1592 3004 1665 ἀναγορεύεσθαι,
3038 1595 3257 1665 χρυσοῖς
3287 1610 3346 1645 τε
3382 1593 3672 1663 νομίσμασι

2113 1686 2207 1741 καὶ
2238 1684 2336 1757 τὴν
2367 1684 2536 1756 αὐτῆς
2574 1682 2936 1738 ἐκτυποῦσθαι
2968 1684 3150 1737 είκόνα
3169 1701 3182 1713 ·
3225 1682 3325 1753 ἤδη
3361 1682 3419 1735 δὲ
3462 1682 3559 1735 καὶ
3585 1681 3671 1753 θη-

2117 1776 2330 1849 σαυρῶν
2377 1776 2666 1833 βασιλικῶν
2712 1778 2940 1846 παρεῖχε
2984 1774 3081 1846 τὴν
3125 1774 3393 1839 ἐξουσίαν,
3446 1774 3673 1844 χρῆσθαι

2114 1867 2257 1923 κατὰ
2303 1868 2617 1941 προαίρεσιν
2651 1867 2745 1922 καὶ
2788 1867 3008 1921 διοικεῖν
3052 1864 3192 1919 κατὰ
3237 1864 3484 1936 γνώμην,
3535 1865 3673 1928 ὅπως

2117 1958 2183 2013 ἂν
2207 1958 2379 2013 ἐθέλοι
2407 1958 2501 2013 καὶ
2533 1958 2608 2023 ὡς
2640 1958 2706 2013 ἂν
2734 1953 2792 2013 εὖ
2824 1958 2965 2030 ἔχειν
2994 1960 3132 2029 αὐτῇ
3156 1958 3428 2031 νομίζοιτο
3454 1960 3671 2023 ἕκαστα,

2113 2044 2207 2098 τοῦ
2245 2045 2433 2109 παιδὸς
2477 2046 2647 2118 αὐτὴν
2677 2047 2781 2100 κάν
2808 2046 3016 2113 τούτοις
3048 2048 3321 2121 διαπρεπῆ
3346 2050 3442 2103 καὶ
3469 2049 3673 2121 ἀξιοζή-

2114 2137 2282 2191 λωτον
2314 2138 2699 2210 πεποιημένου.
2727 2139 2817 2192 Διὸ
2865 2140 2973 2193 τῶν
2999 2142 3077 2204 εἰς
3102 2140 3265 2194 αὐτοῦ
3296 2144 3514 2213 μνήμην
3551 2144 3672 2196 ἀνα-

2119 2230 2451 2301 φερομένων,
2487 2231 2579 2284 καὶ
2607 2229 2758 2285 ταῦτ’
2782 2232 3004 2296 εἰκότως
3027 2233 3158 2303 ἡμῖν
3184 2233 3527 2306 ὰνείληπται,
3550 2234 3587 2288 ἃ
3613 2234 3672 2288 δι’

2118 2321 2396 2386 εὐσεϐείας
2440 2322 2743 2395 ὑπερϐολὴν
2789 2324 3000 2397 μητέρα
3044 2326 3241 2397 τιμῶν,
3287 2326 3524 2397 θεσμοὺς
3577 2327 3673 2381 ἀπ-

2118 2413 2356 2486 επλήρου
2386 2415 2582 2479 θείους,
2616 2414 2757 2486 ἀμφὶ
2781 2415 2981 2484 γονέων
3003 2416 3165 2486 τιμῆς
3187 2415 3254 2469 τὰ
3275 2416 3551 2489 πρέποντα
3578 2416 3676 2469 eu-

2117 2506 2494 2577 ταττομένους.
2527 2506 2637 2570 Τὰς
2667 2507 2762 2578 μὲν
2789 2502 2882 2561 οῦν
2924 2507 3204 2579 λεχθείσας
3243 2507 3556 2578 φιλοκαλίας
3584 2508 3673 2579 βα-

2121 2597 2299 2661 σιλεὺς
2332 2599 2466 2671 πρὸς
2488 2599 2566 2671 τῷ
2594 2598 2965 2654 Παλαιστινῶν
3004 2599 3144 2655 ἔθνει
3166 2600 3313 2655 τόνδε
3344 2601 3563 2672 συνίστη
3591 2599 3671 2655 τὸν

2117 2689 2317 2763 τρόπον
2338 2709 2351 2721 ·
2386 2691 2482 2745 καὶ
2514 2690 2655 2745 κατὰ
2684 2692 2865 2756 πάσας
2896 2692 2954 2748 δὲ
2984 2691 3084 2757 τὰς
3110 2693 3377 2765 ἐπαρχίας
3404 2696 3672 2763 νεοπαγεῐς

2120 2782 2415 2855 ἐκκλησίας
2458 2783 2852 2849 ἐπισκευάζων,
2911 2782 3107 2856 μακρῷ
3136 2783 3245 2837 τῶν
3278 2783 3560 2856 προτέρων
3600 2801 3671 2835 τι·

2124 2874 2396 2946 μιωτέρας
2421 2873 2705 2945 ἀπέφαινε.
3056 2912 3057 2915 η

2582 3146 2976 3202 ΚΕΦΑΛΑΙΟΝ
3015 3149 3154 3203 MH'.

2126 3242 2317 3307 Ὅπως
2342 3242 2411 3295 ἐν
2425 3222 2885 3296 Κωνσταντίνου
2916 3240 3087 3294 πόλει
3103 3240 3395 3309 μαρτύρια
3404 3238 3523 3309 μὲν
3540 3238 3669 3304 ᾠκο-

2216 3312 2463 3382 δόμησε,
2499 3310 2707 3366 πᾶσαν
2733 3310 2802 3364 δὲ
2832 3310 3289 3378 εὶὸωλολατρίαν
3318 3309 3586 3379 περιεῖλε.

2192 3402 2301 3475 Τὴν
2332 3402 2388 3455 δέ
2416 3402 2467 3470 γ’
2498 3400 2785 3473 ἐπώνυμον
2827 3398 2991 3455 αὐτοῦ
3024 3399 3176 3454 πόλιν
3215 3398 3387 3471 ἐξόχῳ
3418 3401 3544 3470 τιμῇ
3590 3414 3670 3466 τε·

2124 3495 2348 3570 ραίρων,
2385 3494 2695 3566 εύκτηρίοις
2726 3492 2970 3547 πλείοσιν
3018 3492 3326 3565 ἐφαίδρυνε,
3372 3490 3670 3563 μαρτυρίοις

2121 3604 2183 3640 τε
2218 3585 2494 3659 μεγίστοις
2526 3585 2621 3639 καὶ
2663 3581 3147 3657 περιφανεστάτοις
3191 3582 3383 3647 οἴκοις,
3426 3583 3534 3645 τοῖς
3584 3578 3670 3649 μὲν

2123 3676 2230 3750 πρὸ
2262 3675 2356 3730 τοῦ
2382 3677 2592 3740 ἄστεος,
2623 3677 2735 3739 τοῖς
2771 3675 2816 3728 δ’
2856 3675 2914 3728 ἐν
2945 3672 3094 3745 αὑτῷ
3131 3672 3475 3744 τυγχάνουσι·
3516 3672 3578 3725 δι’
3603 3662 3668 3723 ὧν

2124 3768 2259 3840 ὁμοῦ
2293 3767 2386 3823 καὶ
2418 3767 2517 3829 τὰς
2545 3768 2654 3821 τῶν
2685 3765 2976 3838 μαρτύρων
3007 3766 3222 3838 μνήμας
3248 3766 3434 3837 ἐτίμα,
3469 3764 3559 3817 καὶ
3584 3762 3668 3832 τὴν

2124 3860 2290 3915 αὑτοῦ
2325 3860 2479 3913 πόλιν
2501 3860 2580 3931 τῷ
2616 3858 2723 3913 τῶν
2752 3857 3045 3930 μαρτύρων
3076 3856 3329 3929 καθιέρου
3364 3856 3501 3927 Θεῷ.
3532 3855 3667 3917 Ὀλος

2122 3950 2169 4003 δ’
2205 3950 2456 4022 ἐμπνέων
2489 3949 2600 4023 (55)
2623 3948 2760 4004 Θεοῦ
2797 3948 3008 4018 σοφίας,
3040 3950 3109 4020 ἢν
3137 3948 3236 4019 τῆς
3262 3946 3559 4019 ἐπηγορίας
3584 3945 3669 4014 τῆς

2124 4042 2287 4099 αὑτοῦ
2318 4042 2470 4097 πόλιν
2511 4040 2797 4113 ἐπώνυμον
2828 4040 3102 4111 ἀποφῆναι
3133 4038 3333 4111 ἔκρινε,
3371 4036 3669 4107 καθαρεύειν

2124 4132 2532 4205 εἰδωλολατρίας
2562 4131 2779 4203 ἁπάσης
2821 4130 3077 4195 ἐδικαίου,
3110 4130 3186 4194 ὡς
3218 4128 3467 4201 μηδαμοῦ
3504 4126 3669 4197 φαίνε-

2130 4226 2252 4280 σθαι
2296 4227 2354 4281 ἐν
2387 4226 2524 4297 αὐτῇ
2576 4223 2684 4279 τῶν
2722 4221 3092 4295 νομιζομένων
3139 4221 3278 4275 θεῶν
3312 4210 3669 4290 ἀγάλματαέν

2128 4319 2292 4388 ἱεροῖς
2335 4315 2765 4387 θρησκευόμενα,
2800 4314 2914 4367 ἀλλ’
2950 4314 3070 4368 οὐδέ
3104 4312 3321 4385 βωμοὺς
3357 4311 3571 4382 λύθροις
3595 4310 3668 4362 αἱ·

2127 4494 2248 4550 esse
2290 4486 2570 4550 oporteret
2614 4491 2759 4550 anno
2799 4475 3004 4550 Christi
3055 4474 3158 4533 525
3226 4483 3319 4550 aut
3373 4482 3521 4527 certe

2057 4537 2100 4592 ι)
2130 4549 2247 4616 Quo
2274 4537 2455 4604 tamen
2483 4563 2626 4603 anno
2658 4545 3089 4616 Hierosolymam
3129 4543 3373 4616 profecta
3410 4539 3669 4616 essedici:

2127 4607 2214 4675 tur
2257 4619 2324 4672 ab
2353 4618 2585 4674 Eusebio
2615 4627 2670 4671 et
2701 4607 2924 4671 Ruﬁno:
2958 4616 3110 4670 Adde
3130 4607 3300 4683 'quod
3340 4623 3486 4683 post_
3517 4607 3671 4675 Crispi

2123 4685 2340 4745 caesaris
2369 4698 2426 4743 et
2451 4688 2664 4742 Fausta:
2694 4697 2938 4755 augustae
2974 4700 3157 4740 necem
3179 4681 3400 4755 ‘llelena
3440 4681 3669 4755 aliquan-

2123 4761 2213 4814 diu
2259 4759 2589 4827 supervixit,
2644 4766 2709 4827 ιιι
2757 4751 3003 4827 ιέδιαιιιιχ
3047 4755 3296 4827 Zosimus
3343 4754 3398 4808 in
3447 4751 3581 4805 libro
3621 4756 3705 4801 tt.‘

2124 4828 2291 4884 Porro
2319 4825 2542 4898 Crispus
2596 4826 2809 4882 occisus
2850 4836 2931 4881 est
2967 4825 3331 4898 Constantino
3358 4834 3585 4898 augusto
3610 4833 3672 4898 γει

2124 4839 2291 4884 Porro
2319 4839 2542 4898 Crtsptts
2596 4840 2809 4882 occusus
2850 4839 2931 4881 est
2967 4839 3321 4881 constanttno
3358 4839 3585 4945 augttsw
3613 4839 3672 4870 vn

2123 4910 2179 4954 et
2210 4900 2524 4953 Constantio
2552 4911 2754 4953 caesare
2799 4910 3113 4959 coss.,anno
3134 4894 3333 4949 Christi
3358 4893 3428 4946 52
3487 4932 3503 4956 ,
3531 4900 3586 4943 ut
3610 4889 3673 4941 le-

2122 4970 2266 5039 gitur
2299 4970 2350 5022 in
2381 4967 2559 5023 Fastis
2582 4966 2757 5039 ldatii.
2782 4966 2924 5039 Mors
2956 4967 3121 5033 igitur
3171 4963 3388 5039 Helenae
3419 4976 3561 5039 anno
3590 4958 3675 5011 Do-

2124 5034 2252 5093 fnini
2281 5040 2383 5093 527
2415 5048 2559 5093 recte
2580 5037 3063 5106 assignaripotest,
3098 5034 3547 5106 quemadmodum
3564 5044 3673 5083 sen-

2127 5112 2188 5163 tit
2219 5111 2468 5179 Sigottills
2500 5109 2551 5162 in
2583 5103 2719 5179 libro
2749 5121 2819 5179 t_tt_
2838 5105 2913 5158 De
2934 5103 3524 5179 imperiooccidentali.
3567 5169 3579 5179 _
3624 5166 3648 5179 _

2142 5194 2156 5251 ‘7
2195 5169 2309 5249 (52‘)
2344 5177 2501 5249 Vulg.
2529 5180 2609 5244 ὡς
2630 5176 2776 5251 αὺτρ
2791 5169 3017 5251 δοκεῖς.
3035 5175 3388 5251 Scribendttm
3414 5182 3497 5226 est
3515 5169 3671 5251 ἀύτῷ.

2125 5243 2381 5305 Refer—tur
2406 5243 2551 5304 enim
2585 5243 2677 5301 fail
2708 5245 2787 5317 τῷ
2829 5246 2992 5316 κοινῷ
3038 5245 3269 5314 Σωτῆρι.
3310 5243 3486 5317 Atque
3512 5243 3669 5317 itautn

2123 5320 2263 5392 libro
2291 5319 2482 5392 Moraei
2500 5319 2567 5373 ad
2614 5307 2910 5392 marginem
2950 5307 3302 5392 emendatum
3350 5307 3669 5392 invenisNec

2124 5389 2283 5444 aliter
2325 5391 2580 5445 scribitur
2613 5389 2665 5442 in
2719 5383 2836 5443 cod.
2871 5384 3079 5440 Fukctii
3133 5396 3189 5439 et
3255 5383 3480 5447 Savilii,
3528 5388 3578 5435 et
3621 5383 3666 5431 in

2124 5458 2310 5525 Regiis
2331 5460 2566 5516 schedis.
3034 5525 3044 5528 _
3217 5523 3259 5528 __
3301 5522 3334 5528 __
3535 5519 3547 5528 .

2194 5518 2306 5601 (33)
2346 5530 2500 5599 Vulg.
2561 5533 2711 5596 δλως
2755 5528 2807 5582 δ’
2858 5525 3185 5601 ἐμπνέωνὲ
3215 5518 3664 5601 Malimscribcre

2124 5590 2266 5667 ὅλος,
2288 5590 2625 5670 ἠυοαἾοηεο
2659 5590 2963 5669 elegantius
2986 5606 3087 5670 est.
3131 5594 3387 5670 Sic_ce_rte
3415 5593 3465 5646 in
3502 5590 3664 5645 codice

2129 5665 2265 5726 Fuk.
2300 5665 2429 5727 etin
2464 5665 2649 5741 Reg-iis
2685 5665 2899 5727 scltcdis
2938 5667 3197 5737 scriptum
3226 5665 3471 5719 habetur.
