3882 6262
405 308 543 366 1113

1143 305 1414 362 EUSEBII
1453 302 1928 362 CA‘ZSARIENSIS
1967 302 2118 358 OPP.
2161 302 2340 358 PARS
2379 303 2902 362 1,—HiSTORlCA.

3507 300 3635 355 1116

403 442 758 497 exstructam,
796 439 848 487 et
882 431 1090 500 impura
1127 431 1392 487 sacrificia
1415 464 1417 466 -
1443 433 1657 487 assidue
1704 432 1813 487 illic
1850 447 1975 502 per-

2080 428 2217 484 λωσε
2247 430 2359 502 (48)
2400 430 2621 502 πλησίον
2655 430 2896 490 ἑστάναι,
2942 429 3035 482 καὶ
3067 427 3256 492 θυσίας
3299 423 3636 498 ἀκαθάρτους

411 524 524 592 agi,
553 523 619 577 ad
661 537 760 576 nos
807 521 1028 574 relatum
1064 529 1165 575 est.
1193 521 1344 587 Quod
1368 524 1621 590 quoniam
1655 531 1710 576 et
1735 523 1972 577 alienum

409 633 438 672 a
471 615 800 686 temporibus
828 615 1046 680 nostris,
1075 625 1130 671 et
1159 617 1325 685 ipsius
1358 615 1459 671 loci
1489 617 1844 671 sanctimonia
1886 619 1974 672 in-

409 709 628 776 dignum
659 705 892 769 videtur,
923 706 1059 760 sciat
1093 705 1346 762 Gravitas
1375 707 1565 762 Vestra
1601 709 1917 762 mandatum
1942 722 1974 761 a

411 799 565 853 nobis
610 812 729 852 esse
768 812 862 866 per
887 798 1100 852 litteras
1145 798 1348 853 Acacio
1385 800 1505 854 viro
1536 798 1932 869 perfectissimo
1955 841 1972 867 ,

409 889 593 945 comiti
638 896 694 943 et
737 889 915 944 amico
962 898 1168 956 nostro,
1237 898 1293 943 ut
1339 890 1455 944 sine
1485 890 1589 943 ulla
1618 890 1879 946 dilatione
1919 900 1978 946 et

410 979 699 1033 simulacra
747 981 927 1033 omnia
979 994 1096 1048 quae
1144 990 1445 1035 memorato
1503 980 1707 1036 inloco
1759 990 1974 1053 reperta

409 1070 654 1137 fuerint,
703 1071 812 1141 igni
850 1073 1152 1137 tradantur,
1179 1079 1234 1125 et
1262 1085 1356 1124 ara
1381 1071 1622 1126 funditus
1649 1081 1925 1128 evertatur
1954 1093 1968 1140 ;

409 1170 580 1232 utque
615 1176 803 1216 omnes
844 1162 936 1231 qui
980 1170 1102 1232 post
1137 1162 1437 1229 jussioncm
1469 1170 1712 1217 nostram
1747 1163 1970 1233 impium

410 1252 609 1322 aliquid
659 1253 942 1308 admittere
993 1254 1044 1307 in
1097 1267 1162 1307 eo
1211 1253 1325 1307 loco
1351 1255 1467 1308 ausi
1516 1253 1758 1322 fuerint,
1792 1256 1975 1310 debito

410 1343 674 1412 supplicio
728 1340 1046 1397 afﬁciantur.
1115 1341 1286 1408 Quem
1346 1342 1562 1412 quidem
1611 1343 1788 1398 locum
1838 1359 1974 1413 puro

410 1433 648 1489 basilicae
670 1433 898 1487 aediﬁcio
937 1433 1192 1487 exornari
1233 1433 1612 1503 praecepimus,
1643 1440 1701 1487 ut
1747 1435 1976 1490 idoneus

411 1529 614 1582 sanctis
663 1527 794 1582 viris
846 1541 1137 1582 consessus
1185 1525 1467 1581 efﬁciatur.
1527 1527 1680 1594 Quod
1725 1527 1886 1598 510
1929 1529 1975 1584 si

411 1617 540 1688 quid
582 1619 843 1674 adversus
878 1626 1202 1687 praeceptum
1249 1628 1493 1673 nostrum
1529 1617 1645 1687 geri
1666 1621 1972 1688 contigerit,

411 1709 616 1779 absque
641 1727 792 1766 mora
821 1712 886 1764 ad
918 1709 1262 1764 clementiam
1293 1720 1533 1765 nostram
1557 1711 1750 1765 litteris
1779 1710 1975 1765 vestris

361 1802 363 1805 ’
413 1801 542 1856 illud
591 1802 779 1858 referri
809 1803 1079 1883 oportebit
1107 1821 1120 1856 :
1152 1810 1210 1856 ut
1258 1803 1564 1873 quicunque
1605 1802 1974 1872 deprehensus

411 1893 598 1958 fuerit,
637 1905 889 1964 tanquam
921 1895 1130 1950 violata:
1164 1896 1299 1967 legis
1337 1911 1463 1952 reus
1489 1907 1734 1952 extremo
1767 1896 1974 1966 suppli-

413 1985 500 2039 cio
549 1985 831 2042 adiciatur.
863 1987 1046 2057 Neque
1089 1989 1233 2044 enim
1264 1988 1526 2060 ignoratis
1548 2028 1564 2053 ,
1599 1987 1974 2042 universorum

413 2075 698 2131 Dominum
745 2094 808 2134 ac
856 2079 1024 2134 Deum
1078 2079 1187 2134 illic
1233 2081 1466 2149 primum
1515 2079 1747 2135 Abrahae
1797 2079 1974 2134 visum

413 2181 647 2239 cumque
674 2186 739 2224 cu
770 2171 1094 2227 collocutum
1136 2188 1278 2229 esse.
1309 2172 1422 2227 lllic
1451 2183 1810 2230 sacrosancta:
1843 2175 1976 2244 legis

413 2261 754 2317 observantia
785 2265 1018 2332 primum
1058 2265 1244 2334 ccepit.
1292 2266 1405 2321 Illic
1454 2267 1688 2336 primum
1720 2267 1976 2323 Servator

413 2351 532 2422 ipse
563 2369 666 2408 una
695 2370 817 2409 cum
845 2355 1052 2412 duobus
1068 2358 1273 2430 angelis
1302 2360 1603 2428 praesentia:
1629 2373 1741 2414 suae
1765 2361 1973 2429 copiam

409 2445 645 2499 Abrahae
673 2445 821 2500 fecit.
871 2446 980 2501 Illic
1011 2448 1152 2503 Deus
1191 2449 1428 2518 primum
1474 2451 1782 2507 hominibus
1815 2465 1976 2521 appa-

415 2536 543 2590 ruit.
575 2535 948 2592 lllic.Abrahae
978 2539 1044 2594 de
1073 2539 1252 2594 futura
1280 2541 1449 2611 ipsius
1486 2544 1743 2613 progenie
1783 2545 1974 2613 prmdi-

409 2627 510 2694 lit,
539 2635 700 2697 atque
724 2628 872 2683 illico
899 2629 1347 2697 pollicitationem
1375 2633 1636 2703 implevit.
1665 2633 1778 2690 Illic
1813 2635 1978 2690 multo

417 2725 544 2771 ante
573 2717 863 2784 nuntiavit,
907 2718 1259 2786 plurimarum
1296 2723 1539 2791 gentium
1564 2735 1772 2794 patrem
1816 2736 1977 2796 atque

414 2815 688 2862 auctorem
717 2809 890 2876 ipsmn
923 2809 1333 2878 futurum.Quae
1355 2828 1477 2868 cum
1513 2815 1586 2868 ita
1620 2815 1977 2883 sint,aequum

411 2914 533 2955 esse
563 2901 774 2954 videtur
801 2909 858 2954 ut
891 2899 1043 2955 locus
1069 2901 1158 2956 ille
1187 2912 1370 2960 nostra
1400 2920 1536 2960 cura
1581 2921 1645 2960 ac
1673 2905 1973 2976 diligentia,

413 2999 527 3043 tum
577 2991 645 3044 ab
690 2993 834 3046 omni
871 2992 1084 3060 piaculo
1129 3006 1294 3061 purus
1332 3004 1712 3062 conservetur,
1770 3007 1881 3050 tum
1921 2999 1973 3050 in

412 3079 698 3149 pristinam
746 3083 1085 3138 sanctitatem
1136 3084 1455 3140 restituatur
1484 3105 1498 3142 :
1528 3087 1662 3140 utin
1701 3096 1974 3156 posterum
2003 3119 2045 3176 ο

412 3179 614 3241 prazter
641 3172 848 3227 cultum
875 3174 1233 3244 omnipotenti
1265 3176 1374 3232 Deo
1396 3191 1460 3232 ac
1487 3176 1766 3233 Servatori
1791 3187 1978 3234 nostro

415 3263 656 3318 omnium
688 3265 914 3321 Domino
932 3276 1341 3339 congruentem,
1369 3269 1504 3323 nihil
1533 3269 1585 3324 in
1609 3283 1673 3323 eo
1703 3269 1822 3324 loco
1851 3286 1978 3340 per-

414 3363 626 3425 agatur.
663 3354 819 3422 Quod
872 3357 1095 3426 quidem
1146 3373 1269 3415 cum
1323 3357 1502 3414 debita
1554 3357 1917 3416 sollicitudine
1950 3375 1978 3414 a

415 3446 571 3502 vobis
615 3449 870 3503 convenit
914 3449 1234 3518 observari,
1279 3449 1324 3504 si
1356 3449 1572 3519 quidem
1645 3453 1977 3506 voluntatem

419 3686 531 3766 illic
569 3688 941 3766 superstitiose
969 3690 1102 3766 coli_;
1163 3692 1412 3766 inimicos
1442 3708 1642 3766 vocans
1663 3696 1891 3766 gentiles
1917 3712 1981 3753 ac

422 3758 652 3814 Judmos.
689 3757 834 3815 Citat
867 3761 1009 3816 hunc
1046 3760 1264 3818 Eusebii
1293 3763 1469 3820 locum
1505 3757 1983 3822 etiam'Damasce-

417 3829 639 3902 ηυξ-ω).
672 3846 735 3902 ttt
757 3831 831 3884 De
857 3830 1017 3902 imag.

490 3897 744 3980 t4$)1t:ai
786 3897 998 3980 ,βωμόῦ
1039 3902 1328 3980 ἐδήλωσε.
1369 3905 1569 3980 _Supple
1598 3907 1632 3977 ἡ
1665 3905 1978 3978 κηδέστρια.

424 3964 634 4034 Retulit,
672 3964 1281 4041 inqdilfConstan‘tinus
1311 3976 1379 4030 ad
1427 3964 1522 4030 n'o's
1577 3964 1758 4029 δὸσηιέ
1799 3964 1979 4030 nostra

416 4053 568 4114 gfarn
598 4041 708 4094 illic
731 4059 860 4114 esse,
900 4044 956 4114 in
986 4061 1090 4112 qua
1130 4045 1340 4112 impura
1367 4046 1631 4113 sacriﬁcia
1665 4047 1976 4114 offerantur.

418 4106 494 4188 De
515 4109 616 4188 hac
647 4125 739 4163 ara
770 4106 1008 4188 loquitur
1032 4106 1346 4170 Eustathius
1371 4117 1424 4170 in
1442 4106 1794 4188 Iléxamefbn,
1818 4130 1976 4184 quam

417 4179 496 4254 ait
526 4179 701 4254 adhuc
716 4191 788 4254 _et
810 4179 1027 4238 stetisse
1046 4198 1144 4237 suo
1173 4192 1436 4254 tempore,
1469 4193 1528 4238 ut
1549 4194 1604 4239 et
1637 4185 1806 4253 ipsam
1835 4179 1980 4239 iere-

409 4244 687 4302 ltinthutn.
715 4250 794 4305 Ex
825 4267 934 4319 quo
971 4262 1214 4323 apparet,
1248 4244 1348 4308 hoc
1379 4244 1808 4320 Eustathii‘Opus
1841 4256 1978 4309 scri-

417 4323 569 4389 ptum
594 4333 712 4373 esse
742 4331 1031 4389 antequam
1054 4323 1442 4380 Constantinus
1471 4339 1620 4377 aram
1660 4324 1810 4377 illam
1853 4325 1979 4380 sub-

417 4388 558 4440 verti
584 4388 855 4461 jussisset.
893 4388 1188 4446 Sozomeni
1232 4394 1448 4461 quidem
1497 4401 1678 4458 aetate,
1731 4408 1834 4447 nec
1882 4410 1976 4448 ara

2079 525 2311 595 συνεχῶς
2354 523 2733 576 ἐπιτελεῖσθαι.
2774 523 2934 576 Ὅθεν
2965 521 3148 592 ἐπειδὴ
3177 521 3272 574 καὶ
3295 520 3406 571 τῶν
3435 517 3637 588 καιρῶν

2075 615 2183 670 τῶν
2229 617 2509 688 ἡμετέρων
2553 615 2630 686 τῷ
2677 614 2865 687 κράτει
2907 615 3156 686 ἡμετέρῳ
3204 614 3481 684 ἀλλότριον
3508 613 3637 682 (49),

2076 710 2170 762 καὶ
2201 709 2298 779 τῆς
2337 709 2431 761 τοῦ
2472 708 2636 761 τόπου
2665 707 2950 777 ἁγιότητος
2979 707 3194 771 ἀνάξιον
3227 705 3640 774 καταφαίνεται,

2075 799 2365 870 γινώσκειν
2411 800 2594 871 Ὺμῶν
2631 802 2730 873 τὴν
2759 801 3070 871 Σεμνότητα
3097 797 3378 869 βούλομαι,
3408 797 3640 868 δεδηλῶ-

2077 894 2200 948 σθαι
2247 893 2375 964 παρ’
2422 893 2578 964 ἡμῶν
2624 893 2760 965 πρὸς
2815 893 3064 946 Ἀκάκιον
3114 891 3204 944 τὸν
3248 890 3642 960 διασημότατον

2077 987 2288 1058 κόμητα
2321 987 2414 1039 καὶ
2448 986 2598 1055 φίλον
2626 986 2781 1056 ἡμῶν
2808 985 2939 1054 (50),
2973 985 3280 1054 γράμματι,
3313 983 3381 1035 ἵν’
3419 981 3545 1035 ἄνευ
3574 999 3644 1033 τι-

2075 1081 2165 1142 νὸς
2198 1077 2561 1147 ὑπερθέσεως,
2607 1078 2699 1131 καὶ
2730 1077 2798 1129 τὰ
2836 1077 3047 1140 εἴδωλα,
3089 1077 3189 1129 ὅσα
3213 1075 3256 1127 δ’
3297 1073 3366 1127 ἂν
3417 1073 3506 1126 ἐπὶ
3549 1073 3642 1126 τοῦ

2076 1169 2474 1242 προειρημένου
2505 1168 2810 1240 εὑρίσκοιτο
2836 1168 3026 1230 τόπου,
3059 1165 3190 1237 πυρὶ
3223 1163 3525 1238 παραδοθῇ,
3551 1165 3646 1217 καὶ

2073 1263 2102 1314 ὁ
2139 1261 2319 1332 βωμὸς
2347 1263 2410 1314 ἐκ
2445 1260 2656 1332 βάθρων
2687 1261 3007 1330 ἀνατραπῇ·
3049 1260 3142 1311 καὶ
3182 1259 3363 1311 πάντα
3398 1257 3487 1309 τὸν
3520 1255 3644 1308 τολ-

2079 1355 2284 1426 μῶντα,
2318 1353 2453 1424 μετὰ
2475 1354 2573 1424 τὴν
2605 1353 2876 1424 ἡμετέραν
2906 1353 3171 1416 κέλευσεν,
3189 1352 3384 1414 ἀσεϐές
3403 1369 3456 1404 τι
3480 1353 3538 1405 ὲν
3570 1349 3646 1420 τῷ

2072 1447 2300 1516 τοιούτῳ
2327 1447 2478 1517 τόπῳ
2521 1447 2800 1517 πράττειν,
2833 1446 3098 1517 τιμωρίας
3143 1445 3289 1510 ἄξιον
3327 1445 3437 1516 (51)
3465 1443 3647 1514 κρίνοι

2080 1556 2209 1611 μεν·
2247 1539 2305 1592 ὃν
2344 1539 2874 1611 καθαρῷ’βασιλικῆς
2908 1538 3300 1608 οἰκοδομήματι
3326 1537 3645 1607 κοσμεῖσθαι

2077 1630 2417 1701 διετάξαμεν,
2461 1632 2609 1695 ὅπως
2646 1631 2816 1701 ἁγίων
2858 1628 3159 1701 ἀνθρώπων
3198 1628 3347 1693 ἄξιον
3376 1628 3646 1699 συνέδριον

2079 1722 2390 1792 ἀποδειχθῇ.
2431 1723 2495 1775 Ei
2529 1723 2587 1776 δέ
2633 1741 2684 1776 τι
2735 1721 2886 1792 παρὰ
2913 1721 2975 1775 τὸ
3019 1719 3353 1793 προσταχθὲν
3395 1719 3648 1787 γενέσθαι

2079 1815 2344 1884 συμϐαίη,
2375 1813 2542 1884 χωρίς
2586 1831 2730 1877 τινος
2773 1812 3081 1884 μελλήσεως
3123 1815 3187 1882 τῇ
3229 1811 3473 1882 ἡμετέρᾳ
3511 1812 3646 1880 ἡμε-

2079 1906 2263 1977 ρότητι
2296 1906 2362 1959 δι’
2392 1906 2672 1977 ὑμετέρων
2717 1903 2914 1975 δηλαδὴ
2967 1903 3307 1976 γραμμάτων
3341 1902 3645 1972 γνωρισθῆ⁹

2077 2014 2164 2051 ναι
2220 1997 2442 2069 πρέπει,
2497 1997 2586 2050 ἵνα
2627 1995 2717 2050 τὸν
2772 1996 3144 2066 ἁλισκόμενον,
3203 1994 3279 2058 ὡς
3327 1996 3647 2064 παρανομή-

2080 2103 2264 2149 σαντα,
2315 2085 2414 2156 τὴν
2465 2085 2724 2139 ἀνωτάτω
2772 2084 2990 2137 κόλασιν
3060 2083 3363 2152 ὑποστῆναι
3419 2080 3647 2153 προστά-

2079 2177 2275 2249 ξωμεν.
2322 2178 2396 2230 Οὐ
2426 2176 2534 2248 γὰρ
2562 2178 2826 2245 ἀγνοεῖτε,
2861 2178 2975 2229 ἐκεῖ
3015 2176 3229 2246 πρῶτον
3261 2175 3352 2227 τὸν
3376 2175 3484 2226 τῶν
3513 2175 3644 2226 ὅλων

2076 2270 2338 2340 δεσπότην
2354 2269 2486 2323 Θεὸν
2507 2269 2600 2322 καὶ
2620 2263 2796 2336 ὦφθαι
2816 2267 2894 2338 τῷ
2925 2267 3193 2337 Ἀϐραὰμ,
3219 2268 3314 2319 καὶ
3334 2265 3639 2335 διειλέχθαι.

2090 2362 2238 2414 Ἐκεῖ
2277 2360 2376 2432 μὲν
2412 2354 2504 2414 οὖν
2538 2359 2752 2430 πρῶτον
2785 2361 2817 2432 ή
2849 2361 2941 2412 τοῦ
2983 2359 3136 2427 ἁγίου
3178 2358 3342 2428 νόμου
3383 2358 3641 2430 θρησκεία

2077 2452 2174 2524 τὴν
2214 2449 2490 2523 καταρχὴν
2524 2450 2744 2520 εἴληφεν
2764 2466 2778 2479 ’
2810 2450 2927 2502 ἐκεῖ
2958 2447 3174 2521 πρῶτον
3205 2449 3234 2500 ὁ
3265 2447 3456 2518 Σωτὴρ
3487 2447 3640 2509 αὐτὸς

2082 2545 2219 2616 μετὰ
2254 2544 2361 2598 τῶν
2403 2543 2496 2597 δύο
2535 2543 2800 2612 ἀγγέλων,
2843 2542 2941 2613 τὴν
2975 2541 3167 2594 ἑαυτοῦ
3208 2542 3530 2608 ἐπιφάνειαν
3570 2541 3640 2609 τῷ

2091 2638 2339 2711 Ἀϐραὰμ
2361 2636 2831 2706 ἐπεδαψιλεύσατο·
2859 2636 2974 2688 ἐκεῖ
2998 2637 3110 2698 τοῖς
3133 2633 3445 2706 ἀνθρώποις
3471 2635 3497 2684 ὁ
3518 2632 3640 2694 Θεὸς

2078 2727 2278 2800 ἤρξατο
2315 2725 2628 2796 φαίνεσθαι·
2663 2726 2777 2778 ἐκεῖ
2808 2724 2885 2795 τῷ
2934 2723 3183 2795 Ἀϐραὰμ
3221 2722 3350 2793 περὶ
3382 2721 3476 2773 τοῦ
3522 2721 3640 2788 μέλ-

2077 2816 2258 2882 λοντος
2280 2816 2428 2887 αὑτῷ
2446 2816 2753 2887 σπέρματος
2776 2813 3166 2886 προηγόρευσε,
3194 2812 3285 2864 καὶ
3307 2808 3640 2881 παραχρῆμά

2078 2927 2141 2979 γε
2182 2909 2279 2980 τὴν
2311 2906 2638 2977 ἐπαγγελίαν
2673 2906 3015 2977 ἐπλήρωσεν·
3058 2906 3175 2956 ἐκεῖ
3215 2901 3485 2955 πλείστων
3508 2902 3638 2952 ὅσων

2078 3001 2246 3056 ἐθνῶν
2280 2999 2498 3053 ἔσεσθαι
2528 2998 2690 3053 αὑτὸν
2734 2996 2966 3068 πατέρα,
3000 2993 3390 3068 προεκήρυξεν.
3431 2988 3530 3045 Ὧν
3553 2990 3636 3044 οῦ-

2077 3111 2184 3157 τως
2228 3093 2478 3163 ἐχόντων,
2516 3089 2664 3154 ἄξιόν
2701 3076 2868 3153 ἐστιν,
2905 3087 2980 3151 ὥς
3002 3087 3065 3156 γέ
3103 3103 3192 3158 μοι
3233 3085 3633 3154 καταφαίνεται,

2078 3185 2167 3238 διὰ
2190 3185 2289 3254 τῆς
2317 3182 2589 3254 ὑμετέρας
2610 3180 2907 3251 φροντίδος,
2930 3178 3024 3232 καὶ
3049 3177 3284 3248 καθαρὸν
3310 3175 3418 3228 ἀπὸ
3454 3174 3633 3239 παντὸς

2082 3277 2387 3349 μιάσματος
2425 3275 2517 3328 τὸν
2547 3273 2709 3326 τόπον
2735 3270 2921 3324 τοῦτον
2960 3267 3342 3338 φυλάττεσθαι,
3377 3268 3472 3320 καὶ
3509 3264 3632 3336 1:931;

2078 3365 2177 3438 τὴν
2212 3364 2441 3436 ἀρχαίαν
2469 3361 2732 3432 ἁγιότητα
2758 3355 3216 3420 ἀνακαλέσασθαι,
3237 3354 3312 3418 ὡς
3341 3353 3504 3424 μηδὲν
3529 3352 3634 3403 ἓτε-

2081 3477 2174 3536 ρον
2229 3458 2314 3512 ἐπ¹
2358 3453 2522 3510 αὐτοῦ
2567 3450 2926 3529 πράττεσθαι,
2976 3450 3010 3522 ἢ
3057 3447 3154 3522 τὴν
3202 3448 3519 3520 πρέπουσαν
3563 3441 3634 3514 τῷ

2079 3695 2622 3770 Christophorsonus,
2681 3695 2982 3770 absuntque
3005 3707 3047 3770 _a
3077 3691 3239 3746 codd.
3273 3689 3464 3759 Regio,
3504 3686 3627 3770 ξιιὶ.

2081 3761 2532 3825 οιὸεινίνετυῐη
2578 3766 2620 3819 si
2671 3766 2777 3818 mei
2827 3761 3038 3819 arbitrii
3073 3777 3161 3816 res
3205 3771 3372 3823 esset,
3428 3761 3629 3812 mallem

2078 3840 2329 3910 equidem
2391 3835 2668 3910 sequentia
2695 3833 2889 3910 _verba
2915 3903 2928 3910 _
2964 3847 3275 3910 expungere
3323 3829 3404 3901 τῷ
3454 3829 3630 3910 κράτει

2078 3901 2246 3982 ἡμετέ
2257 3925 2356 3982 pq),
2379 3901 2590 3982 quaead
2629 3904 2867 3982 priorum
2888 3901 3411 3982 _interpretation_em
3431 3901 3630 3982 Aschulii

2095 3970 2213 4035 vice
2238 3970 2418 4032 addita
2449 3970 2779 4029 fuisse'mihi
2814 3970 3096 4036 videntur;
3143 3970 3370 4042 καιρούς
3427 3979 3628 4037 tempus

2080 4048 2602 4120 intperiigeleganter
2632 4043 2830 4120 Graeci
2854 4043 3058 4096 dicunt.
3088 4043 3257 4097 Porro
3285 4043 3629 4108 imperatores

2079 4121 2131 4174 id
2159 4114 2431 4186 'prtncipno
2463 4114 2966 4186 studioamhihant,
2994 4121 3052 4165 ιιι
3082 4121 3386 4186 temporum
3416 4125 3626 4186 suorum

2079 4181 2308 4243 felicitas
2329 4181 2383 4240 et
2408 4184 2692 4240 clementia
2720 4182 3109 4237 celebraretur.
3129 4181 3273 4236 Nihil
3301 4181 3630 4248 frequentius

2083 4258 2323 4314 occurrit
2349 4255 2489 4324 apud
2512 4253 2734 4324 Latinos
2755 4251 3146 4324 historicosret
3171 4251 3220 4304 in
3243 4251 3451 4324 legibus
3472 4252 3628 4324 impe-

2081 4339 2347 4382 ratorum.
2374 4321 2526 4394 Apud
2550 4323 2936 4394 Philostratum
2956 4322 3015 4394 _in
3040 4322 3180 4394 libro
3203 4337 3252 4394 u_
3280 4321 3358 4375 De
3397 4321 3513 4374 vitis
3554 4335 3630 4371 so-

2080 4390 2512 4468 p/tistarunt,_itbi
2536 4395 2599 4448 de
2629 4391 2919 4468 Heliodoro
2956 4390 3216 4468 loquitur,
3238 4391 3354 4446 haec
3385 4406 3488 4444 vox
3517 4404 3628 4442 cor-

420 4459 714 4538 nec.arbor
734 4461 1074 4538 terebinthus
1094 4459 1293 4538 stabat.
1336 4463 1534 4516 Mansit
1573 4472 1747 4538 tamen
1795 4478 1982 4532 super—
2013 4475 2057 4530 D
2081 4459 2239 4538 'rupta
2271 4476 2374 4520 est.
2397 4464 2530 4538 cum
2556 4463 2698 4517 enim
2735 4461 3052 4538 Heliodorus
3081 4462 3383 4538 orationem
3419 4473 3629 4514 exorsus

420 4525 572 4604 stitio
601 4531 880 4604 gentilium
913 4546 977 4588 eo
1007 4534 1060 4586 in
1093 4531 1312 4604 loco,ut
1335 4543 1573 4604 testatur;
1588 4525 1972 4604 Hieronymus.

419 4595 572 4672 Adeo
607 4595 826 4672 dillicile
877 4613 960 4656 est
1015 4595 1494 4671 superstitionibus
1547 4602 1712 4656 ﬁbras
1763 4595 1977 4672 p'euitns

415 4665 674 4741 evellere.
707 4669 823 4741 Non
849 4665 1141 4726 omittenda
1171 4681 1296 4741 sunt
1324 4687 1444 4741 quae
1472 4673 1537 4726 de
1567 4673 1667 4726 hoc
1693 4665 1811 4727 loco
1842 4675 1976 4728 scri-

417 4734 498 4812 bit
526 4737 829 4812 Antoninus
857 4743 1137 4812 martyrin
1168 4734 1473 4812 Itinerario:
1503 4760 1521 4793 ι
1543 4741 1616 4796 De
1641 4742 1975 4810 Bethlehem,

415 4805 612 4876 inquit,
662 4823 832 4876 usque
866 4813 933 4866 ad
972 4805 1206 4865 radicem
1257 4811 1498 4868 Mambre
1528 4823 1654 4866 sunt
1699 4813 1860 4866 millia
1892 4805 1974 4867 vi-'

413 4875 548 4952 ginti
581 4875 851 4952 quatuor:
883 4883 936 4935 in
985 4896 1090 4949 quo
1134 4881 1251 4936 loco
1299 4883 1643 4952 requiescunt
1675 4883 1974 4946 Abraham,

414 4948 564 5019 lsaac
595 4956 647 5001 et
672 4947 838 5004 Jacob
870 4963 924 5004 et
950 4947 1105 5016 Sara,
1127 4952 1289 5006 simul
1316 4947 1602 5019 et'Joseph
1618 4966 1764 5007 ossa.
1785 4952 1880 5006 Est
1902 4955 1974 5007 ibi

415 5015 635 5092 basilica
660 5021 922 5076 mdiﬁcata
956 5037 1052 5090 per
1079 5015 1368 5092 quadrum,
1397 5033 1452 5076 et
1491 5015 1687 5077 atrium
1721 5021 1774 5076 in
1797 5024 1976 5078 medio

417 5086 815 5159 discOOpertum
857 5106 870 5143 :
906 5086 1361 5159 et'per'medium
1406 5092 1706 5148 cancellum
1749 5107 1817 5146 ex
1869 5109 1976 5148 uno

415 5155 586 5228 latere
606 5155 1148 5228 intrantChrisiiani,
1175 5176 1241 5216 ex
1269 5163 1376 5217 alio
1395 5178 1521 5218 vero
1540 5161 1729 5228 Judaei,
1755 5162 1974 5218 incensa

416 5227 720 5302 deterentes
740 5231 932 5302 multa.
965 5229 1098 5286 Nam
1127 5227 1393 5302 depositio
1427 5233 1594 5288 Jacob
1631 5241 1687 5302 et
1718 5227 1889 5286 David
1921 5234 1975 5287 in

415 5305 558 5372 terra
581 5301 694 5372 illa,
720 5301 805 5372 die
849 5302 1025 5370 primo
1077 5301 1465 5372 post’Natalem
1498 5301 1710 5372 Domini
1742 5304 1978 5359 devotis-

412 5368 548 5423 sime
599 5368 928 5434 celebratur,
975 5372 1048 5426 ita
1077 5368 1157 5426 —ut
1201 5389 1268 5427 ex
1313 5373 1461 5428 omni
1499 5381 1640 5427 terra
1666 5369 1973 5428 Judazorum

418 5442 704 5512 conveniat
728 5441 1036 5509 multitudo,
1061 5442 1279 5498 incensa
1306 5443 1556 5497 deferens
1578 5451 1632 5495 et
1651 5443 1973 5512 (luminaria.

417 5508 485 5560 Et
511 5511 640 5564 dant
663 5525 888 5564 munera
919 5521 973 5566 et
1004 5508 1251 5567 Serviunt
1283 5513 1501 5569 ibidem.
1551 5529 1571 5564 ι
1602 5508 1755 5568 Adde
1783 5512 1972 5569 Hiero-

413 5593 632 5646 nymt-m
666 5580 717 5631 in
755 5579 1032 5646 Epitapltio
1058 5582 1265 5637 Paulw.

484 5649 597 5716 (49)
623 5651 758 5726 ,τῷιῇ
792 5650 1152 5726 καιρῶν-*τῶν
1180 5653 1476 5721 ἡμετέρων
1510 5651 1825 5726 τῷᾼκράτει
1847 5656 1978 5726 ἡμε-

414 5717 560 5784 τέρῳ
603 5719 941 5784 ἀλλότριον.
1001 5717 1238 5787 Quatuor
1277 5717 1453 5792 priora
1507 5717 1677 5780 verba
1716 5717 1976 5795 expnu'xit

2085 4529 2426 4591 essetcoram
2455 4535 2803 4602 imperatore,
2835 4532 2910 4584 ait
2938 4529 3298 4602 Philostratus
3343 4532 3626 4602 imperato-

2080 4623 2193 4662 rem
2231 4606 2406 4660 subito
2431 4600 2792 4659 assurrexisse
2820 4609 2875 4653 et
2914 4601 3243 4656 accl‘amasse
3273 4619 3287 4655 :
3323 4619 3344 4654 ε
3369 4600 3416 4657 Ο
3445 4604 3624 4662 virum,

2086 4678 2172 4732 cui
2200 4675 2428 4730 similem
2464 4672 2701 4728 nondum
2731 4671 2873 4724 vidi!
2914 4667 2960 4724 Ο
2989 4671 3152 4725 decus
3180 4681 3232 4726 et
3260 4679 3624 4725 ornamentum

2079 4761 2317 4801 meorum
2359 4739 2805 4811 temporumng
2837 4741 3074 4813 ἐμαυτοῦ
3097 4740 3304 4813 καιρῶν
3336 4739 3576 4813 εὑρημαί
3603 4757 3620 4788 ι

2078 4818 2170 4869 Sic
2210 4816 2352 4870 enim
2401 4809 2680 4883 legendum
2729 4809 3071 4883 est._Eadem
3117 4809 3248 4866 voce
3309 4809 3625 4883 utitur’Con-

2079 4888 2348 4940 stantiuus
2372 4883 2423 4937 in
2460 4881 2688 4950 epistola
2743 4883 2807 4934 ad
2845 4881 3154 4950 ltftereticos,
3185 4896 3306 4950 qua:
3341 4882 3535 4950 legitur
3578 4881 3620 4930 in

2078 4958 2183 5009 line
2199 4953 2356 5020 hujus
2376 4949 2521 5007 libri.
2548 4950 2783 5006 Proinde
2801 4949 3071 5018 vulgatam
3095 4949 3380 5006 lectionem
3402 4949 3622 5004 retinen-

2077 5028 2198 5079 dam
2232 5038 2449 5078 censeo.
2488 5021 2666 5075 Verba
2719 5030 2897 5092 autem
2943 5020 3036 5092 illa
3061 5021 3137 5092 τῷ
3170 5021 3364 5092 κράτει
3395 5021 3474 5091 τῷ
3505 5022 3622 5089 ἡμε-

2075 5096 2217 5167 τέρῳ
2242 5092 2566 5162 transposita
2593 5101 2738 5156 sunt,
2767 5099 2822 5144 et
2847 5089 3075 5146 locanda
3110 5089 3232 5162 post
3257 5089 3456 5146 vocem
3485 5093 3614 5144 ἐπει-

2107 5168 2402 5307 {1250)th
2427 5230 2609 5307 φίλον
2635 5229 2824 5307 ἡμῶν.
2865 5229 2920 5283 1η
2951 5231 3134 5286 codice
3159 5231 3298 5288 Fuk.
3341 5243 3398 5287 et
3425 5232 3618 5287 schedis

2076 5300 2260 5374 Regiis
2284 5300 2479 5374 legitur
2506 5303 2655 5374 φίλον
2687 5300 2968 5374 ἡμέτερον.

2147 5369 2546 5447 (Β1)Τι,ἱιωρίᾳζι
2577 5369 2767 5447 ustor.
2789 5369 3256 5447 ,μέθυ-τιμωρίας
3298 5372 3448 5439 ἄξιον
3489 5369 3616 5447 ᾖ,-ἰ‹1

2077 5441 2184 5509 est,
2208 5441 2428 5510 capitale
2463 5444 2552 5496 sit.
2581 5443 2757 5508 Quare
2789 5441 2876 5496 hic
2909 5441 3063 5497 nihil'
3087 5441 3221 5510 opus
3249 5453 3334 5498 est
3379 5441 3614 5498 emcnda-

2080 5518 2224 5569 tione
2250 5511 2765 5582 Christophorsoni.
2786 5511 2960 5566 Aliter
2987 5523 3162 5566 tamen
3193 5515 3384 5582 scripti
3418 5513 3613 5566 codices

2076 5585 2235 5649 Fuk.,
2265 5583 2394 5638 Sav.
2434 5580 2499 5637 ac
2535 5580 2793 5648 Turnebl,
2849 5597 2984 5650 quos
3046 5582 3134 5634 hic
3186 5580 3338 5652 sequi
3395 5591 3610 5652 praestat.

2079 5655 2247 5710 Paulo
2289 5663 2412 5724 post
2463 5652 2641 5708 scribe
2680 5668 2744 5707 ex
2795 5649 2979 5708 codice
3019 5652 3152 5706 Fuk.
3204 5649 3368 5725 ὂν’δὴ
3396 5649 3614 5722 καθαρῷ

2081 5725 2382 5799 βασιλικῆς,
2414 5734 2518 5780 elc.
