3882 6262
237 291 385 349 "21

1319 292 1407 347 DE
1452 291 1610 346 VITA
1648 291 2115 348 CONSTANTINI
2152 291 2280 347 LIB.
2320 293 2414 346 Ill.

3359 303 3501 358 “2%

238 412 411 484 ρητοι
433 404 684 479 πράξεις,
703 408 779 470 ὡς
798 404 856 460 ἐν
875 404 1060 478 ἀνόμῳ
1079 406 1172 459 καὶ
1192 406 1508 480 ἀπροστάτῃ
1527 403 1689 477 χώρῳ
1716 404 1825 477 (62)

1935 406 2140 461 dicendi
2180 421 2344 477 quam
2400 405 2525 471 viri,
2559 406 2804 464 abdicata
2856 423 3017 465 sexus
3070 409 3152 466 sui
3209 415 3495 482 gravitate,

234 501 393 557 κατὰ
427 499 578 555 τόνδε
607 498 699 553 τὸν
720 496 857 552 νεὼν
889 498 1284 569 ἐπεχειροῢντο.
1321 498 1555 569 Ἔφορός
1575 513 1633 548 τε
1659 495 1831 558 οὐδεὶς

236 587 309 663 ἦν
342 592 467 645 τῶν
489 587 895 662 πραττομένων,
930 585 1008 658 τῷ
1034 588 1235 660 μηδένα
1266 586 1475 659 σεμνῶν
1500 585 1712 658 ἀνδρῶν
1736 586 1831 640 αὺ-

235 683 364 737 τόθι
430 681 636 754 τολμᾷν
691 676 965 752 παριέναι.
1014 679 1151 733 Ἀλλ’
1198 680 1319 750 οὐχ).
1356 681 1451 733 καὶ
1487 678 1709 749 βασιλέα
1739 678 1831 732 τὸν

243 775 438 849 μέγαν
468 768 556 828 οἷά
584 774 633 826 τ’
665 768 733 843 ἦν
774 772 842 827 τὰ
884 772 1010 844 τῇδε
1036 771 1289 844 δρώμενα
1328 770 1634 824 λανθάνειψ
1670 770 1830 823 αὐτο-

240 867 474 937 πτήσας
504 865 559 919 δὲ
590 863 878 919 καὶταῦτα
901 863 1149 934 βασιλικῇ
1189 862 1517 935 προμηθείᾳ,
1550 864 1651 916 οὐκ
1682 863 1832 929 ἄξιον

240 953 389 1012 εἶναι
425 956 582 1044 ήλίου
626 954 807 1024 αὐγῶν
838 955 928 1008 τὸν
960 953 1162 1007 τοιόνδε
1208 953 1343 1007 νεὼν
1381 953 1614 1025 ἔκρινεν,
1650 955 1832 1019 αὐτοῖς

237 1050 288 1103 δ’
324 1047 715 1119 άφιερὼμασιν
754 1049 819 1099 ἐκ
859 1045 1074 1117 βάθρων
1104 1046 1165 1099 τὸ
1204 1047 1309 1099 πᾶν
1347 1045 1709 1117 ἀφανισθῆναι
1743 1064 1833 1100 κε-

240 1140 419 1194 λεύει.
476 1138 689 1192 Ἐλύετο
726 1137 784 1191 δὲ
819 1137 1017 1191 αὐτίκα
1059 1134 1320 1207 βασιλικῷ
1347 1136 1597 1207 νεύματι,
1632 1136 1699 1189 τὰ
1736 1136 1831 1208 τῆς

239 1231 558 1287 ἀκολάστου
582 1228 788 1299 πλάνης
820 1228 1206 1300 μηχανήματα,
1230 1226 1351 1298 χείρ
1379 1244 1439 1280 τε
1474 1226 1833 1299 στρατιωτικὴ

239 1327 310 1396 τῇ
360 1323 466 1377 τοῦ
513 1323 680 1378 τόπου
727 1322 990 1393 καθάρσει
1029 1320 1347 1392 διηκονεῖτο,
1395 1319 1761 1395 σωφροσύνην.
1788 1319 1832 1372 δ’

243 1414 561 1484 ἐμάνθανον
594 1413 788 1485 ἀπειλῇ
840 1408 1119 1483 βασιλέως,
1150 1408 1203 1464 ὀἰ
1247 1410 1409 1484 μέχρι
1455 1411 1596 1465 τοῦδ’
1637 1410 1835 1465 ἀκόλα-

244 1521 388 1569 στοι,
427 1503 619 1577 ὥσπερ
659 1500 752 1557 οὖν
783 1504 877 1557 καὶ
921 1502 1029 1556 τῶν
1068 1502 1285 1575 δοκήσει
1334 1502 1512 1572 σοιρῶν
1571 1502 1834 1576 Ἑλλήνων

244 1596 296 1648 οἱ
319 1592 745 1666 δεισιδαίμονες,
779 1593 829 1647 οἳ
856 1593 951 1648 καὶ
995 1592 1147 1646 αὐτοὶ
1168 1593 1268 1664 τῆς
1295 1594 1446 1664 σφῶν
1480 1594 1834 1665 ματαιότητος

1933 499 2217 553 muliebria
2251 499 2553 570 patientes,
2587 501 2886 558 daemonem
2930 504 3234 574 placabant.
3264 506 3346 563 Ad
3381 510 3495 566 haec
3584 573 3589 581 ,

1931 589 2194 661 illegitimi
2228 591 2515 646 mulierum
2548 594 2872 649 concubitus
2899 605 2956 649 et
2988 596 3249 652 adulteria
3272 640 3288 666 ,
3322 600 3496 655 fmda-
3584 604 3588 613 ‘

1931 697 2039 752 que
2067 698 2131 738 ac
2162 682 2370 738 nefaria
2394 682 2595 754 ﬂagitia
2629 683 2683 738 in
2708 699 2772 740 eo
2796 686 2994 756 templo
3022 697 3275 756 tanquam
3302 689 3352 742 in
3378 688 3498 744 loco

1932 775 1998 830 ab
2027 776 2170 830 omni
2206 775 2326 844 lege
2356 791 2420 831 ac
2460 785 2675 833 rectore
2711 792 2907 844 vacuo,
2942 779 3359 849 peragebantur.
3388 779 3499 836 Nec

1931 868 2213 938 quisquam
2242 877 2362 922 erat
2386 868 2477 937 qui
2504 883 2566 921 ea
2595 883 2715 937 quae
2746 869 2857 924 illic
2881 871 3210 938 gerebantur
3237 872 3493 935 observa-

1937 965 2036 1018 ret.
2069 968 2349 1027 propterea
2377 958 2522 1035 quod
2551 973 2712 1013 nemo
2757 960 2841 1013 vir
2874 959 3056 1030 gravis
3105 975 3171 1015 ac
3225 963 3502 1017 modestus

1931 1063 1997 1103 eo
2037 1053 2296 1104 accedere
2327 1048 2583 1106 audebat.
2630 1049 2700 1104 At
2744 1065 2850 1104 non
2901 1051 3065 1104 etiam
3121 1051 3497 1122 imperatorem

1933 1140 2227 1194 maximum
2254 1140 2424 1195 latere
2455 1149 2754 1210 potuerunt
2786 1155 2907 1211 quae
2945 1141 3016 1196 ibi
3050 1142 3503 1211 perpetrabantur

1933 1230 2162 1285 scelera.
2195 1230 2301 1285 Sed
2323 1245 2448 1285 cum
2479 1245 2541 1284 ea
2570 1229 2797 1300 ipsemet
2824 1231 3188 1300 imperatoriae
3210 1235 3500 1305 providen-

1935 1322 2022 1375 tia:
2039 1321 2197 1376 oculo
2223 1317 2571 1392 insliexisset,
2590 1321 2897 1391 huiusmodi
2919 1324 3182 1392 templum
3213 1325 3497 1398 indignum

1934 1414 2143 1470 censuit
2168 1414 2311 1484 quod
2344 1413 2474 1470 solis
2499 1416 2666 1471 radiis
2695 1415 3086 1471 illustraretur.
3106 1416 3344 1473 Proinde
3368 1419 3498 1474 illttd

1933 1518 2041 1557 una
2092 1518 2215 1558 cum
2271 1502 2581 1558 simulacris
2635 1518 2699 1558 ac
2745 1504 2987 1559 donariis
3044 1514 3216 1559 totum
3261 1503 3504 1561 funditus

1934 1593 2101 1650 everti
2131 1594 2316 1665 jussit.
2341 1593 2640 1649 Confestim
2670 1594 2836 1666 igitur
2869 1596 3111 1666 protervi
3149 1597 3354 1653 erroris
3385 1613 3503 1652 ma-

243 1684 399 1758 εργῳ
432 1684 536 1757 τὴν
569 1689 761 1757 πεῖραν
792 1684 1116 1758 ἐμάνθανον.

1935 1685 2287 1741 chinamenta
2323 1685 2666 1755 imperatoris
2695 1698 2971 1757 praecepto
3022 1687 3282 1757 dissipata
3328 1699 3497 1754 sunt,

250 1782 520 1837 militibus
560 1782 628 1836 ad
671 1783 1003 1853 purgandum
1064 1780 1239 1837 locum
1285 1794 1504 1849 operam
1573 1797 1724 1837 suam
1802 1782 2206 1851 praestantibus.
2268 1780 2336 1835 Et
2379 1783 2471 1851 qui
2521 1781 2757 1837 lasciviae
2803 1790 2963 1836 antea
3016 1781 3183 1837 dediti
3253 1781 3500 1845 fuerant,

249 1876 608 1946 imperatoris
652 1875 812 1931 minis
875 1876 1196 1942 conterriti,
1261 1877 1504 1932 modeste
1542 1891 1600 1933 se
1673 1891 1863 1946 gerere
1921 1878 2251 1933 didicerunt.
2303 1877 2424 1931 Pari
2499 1878 2660 1934 modo
2723 1878 3085 1947 superstitiosi
3135 1878 3359 1948 gentiles
3400 1878 3505 1945 illi,

247 1968 339 2037 qui
370 1968 483 2023 sibi
516 1966 742 2022 multum
787 1983 977 2038 sapere
1018 1969 1294 2035 videntur,
1342 1970 1637 2025 modestius
1675 1986 1840 2042 agere
1887 1981 2012 2026 sunt
2070 1971 2269 2027 edocti.
2306 1970 2410 2037 Qui
2462 1970 2676 2040 quidem
2699 1969 2860 2025 etiam
2911 1971 3009 2039 ipsi
3039 1986 3192 2026 suam
3222 1971 3504 2026 stultitiam

249 2077 314 2117 ac
347 2062 655 2117 vanitatem
688 2062 862 2125 reipsa
885 2061 1213 2117 didicerunt.

749 2154 1145 2207 ΚΕΦΑΛΑΙΟΝ
1195 2156 1339 2222 Nq'.

2417 2147 2576 2227 513
2615 2148 2844 2206 CAPUT
2885 2149 3021 2208 LVI.

464 2243 830 2312 Ἀσκληπιοῦ
861 2245 968 2298 τοῦ
988 2246 1059 2300 ἐν
1075 2247 1280 2316 Αἰγαῖς
1306 2245 1656 2314 κατάλυσις.

331 2333 561 2406 Ἐπειδὴ
588 2334 697 2405 γὰρ
735 2335 901 2399 πολὺς
930 2330 999 2406 ἦν
1029 2339 1058 2390 6
1093 2336 1201 2391 τῶν
1236 2337 1456 2409 δοκήσει
1499 2336 1677 2405 σοφῶν
1708 2337 1834 2408 περὶ

249 2426 339 2484 τὸν
372 2428 487 2481 τῶν
519 2427 756 2483 Κιλίκων
775 2428 1002 2500 δαίμονα
1015 2428 1231 2496 πλάνος,
1253 2429 1458 2502 μυρίων
1490 2429 1835 2501 ἐπτοημένων

252 2522 338 2574 ἐπ’
364 2519 523 2591 αὐτῷ
553 2519 628 2584 ὡς
656 2508 724 2574 ἂν
755 2522 848 2574 ἐπὶ
871 2522 1073 2593 σωτῆρι
1102 2521 1197 2575 καὶ
1231 2521 1416 2594 ἰατρῷ,
1440 2521 1568 2575 πυτέ
1592 2522 1689 2592 μὲν
1710 2523 1832 2574 ἐπι-

253 2614 571 2686 φαινομένῳ
588 2615 700 2677 τοίς
728 2612 1113 2682 ἐγκαθεύδουσι
1130 2613 1262 2686 (65),
1290 2614 1421 2670 ποτὲ
1444 2614 1501 2666 δὲ
1520 2613 1628 2668 τῶν
1650 2614 1718 2669 τὰ
1739 2614 1835 2668 σώ-

257 2722 400 2776 ματα
432 2706 755 2776 καμνόντων
803 2705 1014 2776 ἰωμένῳ
1056 2705 1154 2770 τὰς
1193 2705 1414 2770 νόσους*
1462 2704 1646 2776 ψυχῶν
1686 2705 1731 2759 δ’
1765 2701 1832 2778 ἦν

252 2800 448 2872 όλετὴρ
483 2801 742 2874 ἄντικρυς
762 2793 938 2865 οὗτος,
966 2799 1060 2853 τοῦ
1083 2798 1180 2871 μὲν
1209 2799 1440 2872 ἀληθοῦς
1464 2800 1714 2869 ἀφέλκων
1731 2801 1835 2853 Σω-

252 2896 436 2967 τῆρος,
458 2895 558 2947 ἐπὶ
575 2894 631 2947 δὲ
669 2893 766 2966 τὴν
799 2891 958 2947 ἄθεον
984 2891 1192 2963 πλάνην
1222 2891 1513 2959 καταρπῶν
1538 2894 1665 2958 τοὺς
1698 2892 1833 2964 πρὸς

254 2989 470 3058 ἀπάτην
492 2989 750 3059 ἐὐχερεῖς
772 3005 785 3017 ο
815 2987 997 3041 εἰκότα
1021 2987 1085 3059 δὴ
1118 2985 1368 3058 βασιλεὺς
1407 2986 1658 3057 πράττων
1697 2985 1828 3059 (64),

254 3079 384 3134 Θεὸν
411 3079 667 3150 ζηλωτὴν
727 3077 942 3149 ἀληθῶς
974 3079 1202 3150 Σωτῆρα
1251 3076 1710 3149 προϐεϐλημένος,
1739 3080 1832 3133 καὶ

253 3170 438 3225 τοῦτον
485 3173 566 3235 εἰς
589 3171 781 3240 ἔδαφος
817 3171 906 3225 τὸν
942 3169 1077 3224 νεὼν
1118 3169 1370 3223 ἐκέλευσε
1400 3170 1826 3243 καταϐληθῆναι.

266 3263 375 3318 Ένί
408 3263 469 3317 δὲ
527 3263 754 3334 νεύματι
807 3262 948 3317 κατὰ
993 3264 1095 3334 γῆς
1142 3261 1398 3334 ήπλοῦτο,
1441 3262 1592 3335 δεξιᾷ
1630 3267 1832 3338 καταρ-

255 3356 621 3428 ριπτούμενος
660 3359 1025 3428 στρατιωτικῇ
1069 3356 1129 3408 τὸ
1165 3354 1273 3408 τῶν
1331 3357 1592 3424 γενναίων
1621 3356 1831 3426 φιλοσό-

258 3466 366 3517 φων
397 3448 673 3521 βοώμενον
697 3446 880 3520 θαῦμα
903 3447 1037 3520 (65),
1060 3447 1153 3501 καί
1176 3449 1204 3501 6
1226 3446 1353 3518 τῇδε
1371 3446 1480 3519 (66)
1499 3448 1826 3519 ἐνδομυχῶν,

258 3538 318 3591 οὐ
362 3538 600 3611 δαίμων,
646 3539 767 3592 οὐδὲ
819 3555 883 3608 γε
939 3538 1093 3603 θεὸς,
1141 3537 1341 3603 πλάνος
1390 3538 1447 3592 δέ
1491 3557 1578 3603 τις
1619 3540 1825 3610 ψυχῶν,

267 3633 491 3701 μακροῖς
556 3630 650 3683 καὶ
705 3629 919 3700 μυρίοις
974 3628 1320 3699 ἐξαπατήσας
1363 3631 1590 3701 χρόνοις.
1646 3626 1758 3684 Εἶθ’
1801 3632 1830 3684 ό

263 3721 441 3774 κακῶν
464 3721 683 3793 ἐτέρους
718 3717 1042 3784 ἀπαλλάξειν
1074 3720 1168 3774 καὶ
1193 3722 1477 3791 συμφορᾶς
1513 3722 1831 3793 προϊσχόμε-

263 3828 367 3877 νος,
391 3814 547 3867 οὐδὲν
583 3813 744 3877 αὐτὸς
769 3811 946 3882 ἐαυτῷ
984 3811 1120 3883 πρὸς
1156 3811 1366 3881 ἄμυναν
1393 3810 1589 3883 εὕρατο
1614 3815 1837 3885 φάρματ

263 3917 355 3955 κον
386 3904 586 3976 μᾶλλον
621 3902 752 3975 (67),
778 3903 812 3974 ἢ
840 3903 928 3956 ὅτε
959 3901 1207 3972 κεραυνῷ
1229 3901 1492 3973 βληθῆναι
1515 3904 1824 3974 μυθεύεται.

331 4056 608 4129 (62)Vulg.
636 4058 716 4129 ὡς
738 4057 808 4129 ἐν
820 4056 1021 4129 ἀνόμῳ
1032 4055 1130 4109 καὶ
1147 4055 1456 4129 ᾀποστάζῃ
1470 4054 1651 4125 χώρῳ.
1676 4056 1825 4113 Scri-

266 4125 493 4183 bendum
539 4125 720 4198 procul
736 4127 921 4198 dubio
937 4125 1363 4198 άπροστάτῃηιη
1386 4126 1826 4198 lrgttttrinpane-

267 4182 446 4269 gyrico
468 4182 663 4320 paiiina
688 4196 813 4262 628,
838 4196 925 4250 ubi
951 4182 1092 4250 totus
1114 4182 1371 4250 ltic'i'ocus
1402 4182 1616 4265 legitur.
1642 4182 1827 4251 Codex

271 4277 442 4322 tamen
472 4267 548 4322 Fu
593 4305 606 4319 .
646 4266 890 4321 etiamin
926 4267 1253 4322 nanettvrico
1292 4265 1481 4320 scribit
1510 4266 1822 4322 ἀποστάτη.

271 4281 442 4322 tamen
472 4281 606 4322 r'utt.
646 4281 811 4321 etiam
837 4282 890 4319 tn
926 4281 1253 4336 panegyrtco
1292 4281 1481 4320 scrtutt
1510 4281 1822 4339 αποστατη.

270 4334 434 4410 Paulo
467 4347 595 4410 ante
627 4336 974 4410 scribendum
997 4335 1418 4408 estptlstpiyauot
1437 4353 1497 4389 τε
1521 4336 1747 4410 φθοραί,
1770 4346 1829 4393 ut

271 4403 461 4475 legitur
480 4408 535 4462 in
566 4409 912 4475 panegyrico.

335 4476 444 4548 (65)
485 4477 613 4548 T075-
649 4475 1094 4545 ἐγκαθεύδουσι.
1135 4476 1307 4548 Hujus
1355 4476 1508 4531 verbi
1553 4476 1680 4548 vim,
1714 4493 1822 4532 non

269 4542 529 4617 intellexit
557 4542 1104 4615 Christophorsonus,
1151 4542 1249 4603 nec
1286 4548 1585 4601 Portesius.
1641 4547 1827 4617 Neque

268 4616 405 4687 enim
459 4618 766 4670 decumbere
809 4631 872 4687 ac
904 4617 1135 4671 dormire
1166 4618 1483 4687 simpliciter
1513 4632 1574 4672 ea
1603 4633 1706 4672 vox
1738 4616 1827 4673 si-

270 4686 509 4806 gniﬁcat,
533 4688 625 4741 sed
652 4686 884 4740 dormire
907 4688 962 4740 in
983 4687 1195 4757 templo.
1228 4688 1356 4741 Erat
1386 4686 1477 4742 hic
1502 4703 1618 4743 mos
1646 4689 1825 4758 genti-

292 4755 413 4806 ium.
440 4765 499 4806 ut
519 4757 971 4806 nernoctantesin
997 4758 1194 4806 temnlo
1219 4757 1429 4806 somnia
1455 4768 1508 4806 et
1529 4758 1762 4806 remedia
1795 4774 1823 4806 a

292 4755 413 4826 ium,
440 4765 499 4810 ut
519 4757 971 4825 pernoctantesin
997 4755 1194 4826 templo
1219 4757 1429 4813 somnia
1455 4768 1508 4812 et
1529 4755 1762 4813 remedia
1795 4774 1823 4813 a

2179 2243 2473 2299 Destrttctt'o
2515 2242 2692 2310 templi
2725 2240 3026 2313 jEsculapii
3073 2240 3253 2315 )Egis.

2003 2335 2137 2392 Nam
2171 2346 2296 2391 cum
2325 2334 2592 2388 maximus
2620 2348 2685 2388 ac
2711 2333 3117 2404 vulgatissimus
3161 2335 3504 2406 superstitio-

1934 2430 2020 2485 nis
2049 2443 2203 2484 error
2234 2428 2384 2483 circa
2421 2426 2571 2481 illum
2603 2423 2806 2480 Ciliciae
2854 2429 3154 2483 daemonem
3184 2427 3503 2484 vanissimos

1935 2522 2179 2579 homines
2209 2526 2546 2588 occupasset,
2574 2531 2637 2572 ac
2661 2532 2828 2588 prope
2857 2517 3052 2574 inﬁniti
3087 2534 3223 2574 eum-
3250 2527 3501 2590 tanquam

1935 2624 2268 2671 servatorem
2301 2629 2365 2669 ac
2388 2611 2657 2669 medicqu
2691 2611 3126 2678 admirarentur,
3177 2615 3372 2684 quippe
3409 2614 3503 2684 qui

1934 2726 2078 2767 nunc
2124 2711 2179 2766 in
2237 2709 2437 2781 templo
2484 2710 2878 2765 dormientibus
2944 2717 3282 2780 appareret,
3359 2723 3502 2763 nunc

1933 2805 2150 2860 morbos
2175 2803 2555 2873 aegrotantium
2580 2812 2799 2858 curaret
2827 2802 2964 2875 (erat
2991 2813 3166 2858 tamen
3194 2801 3287 2865 ille
3311 2816 3496 2857 revera

1934 2897 2188 2951 seductor
2249 2895 2594 2960 animarum,
2652 2903 2836 2966 utpote
2886 2894 2977 2964 qui
3031 2894 3277 2949 homines
3326 2894 3500 2964 decipi

1935 2987 2143 3052 faciles,
2177 3001 2208 3040 a
2234 3001 2367 3041 vero
2391 2985 2683 3042 Servatore
2706 2989 2966 3043 abductos
3000 2987 3066 3041 ad
3088 2986 3279 3043 falsum
3309 2986 3521 3057 impie-'

1936 3082 2064 3136 tatis
2119 3094 2362 3134 errorem
2420 3078 2817 3151 pertraheret).
2855 3080 3148 3149 imperator
3202 3092 3300 3147 pro
3350 3091 3501 3132 more

1932 3181 2097 3238 atque
2132 3170 2382 3225 instituto
2414 3184 2535 3234 suo,
2592 3170 2792 3239 quippe
2826 3170 2916 3239 qui
2944 3168 3230 3223 zelatorem
3279 3182 3341 3222 ac
3369 3181 3501 3223 vere

1934 3260 2275 3314 Servatorem
2301 3259 2465 3313 Deum
2490 3258 2593 3313 sibi
2629 3260 2914 3315 colendum
2955 3269 3354 3329 proposuerat,
3393 3259 3497 3314 hoc

1932 3350 2096 3405 etiam
2126 3348 2385 3419 templum
2407 3349 2521 3404 solo
2544 3350 2747 3418 mquari
2777 3349 3055 3419 praecepit.
3094 3347 3205 3403 Nec
3231 3363 3402 3414 mora,
3432 3352 3499 3402 ad

1932 3457 2095 3495 unum
2125 3441 2474 3511 imperatoris
2502 3449 2690 3495 nutum
2718 3441 2868 3496 humi
2891 3439 3065 3510 jacuit
3094 3456 3255 3493 manu
3280 3440 3500 3494 militari

1931 3535 2246 3589 subversum
2276 3536 2563 3605 templum,
2597 3535 2741 3605 quod
2774 3534 2985 3588 nobiles
3031 3531 3330 3604 philosophi
3374 3540 3499 3586 tan.

1933 3633 2117 3693 topere
2134 3635 2490 3695 suspexerant
2525 3644 2539 3679 :
2568 3635 2621 3683 et
2649 3642 2755 3682 una
2776 3640 2897 3681 cum
2929 3624 3128 3693 templo
3150 3624 3238 3679 ille
3258 3625 3375 3695 ipse
3404 3625 3495 3696 qui

1930 3716 2081 3772 intus
2120 3716 2392 3782 latitabat,
2418 3733 2527 3773 non
2562 3721 2768 3775 damon
2795 3726 2889 3771 aut
2917 3718 3071 3781 deus,
3115 3715 3208 3772 sed
3249 3717 3498 3786 deceptor

1929 3809 2145 3878 quidam
2193 3810 2524 3876 animarum,
2561 3809 2655 3879 qui
2689 3809 2987 3878 longissimi
3042 3808 3294 3877 temporis
3322 3808 3499 3877 spatio

1926 3900 2180 3957 homines
2206 3901 2264 3975 in
2296 3901 2544 3959 fraudem
2576 3902 2887 3958 induxerat.
2931 3899 3023 3956 Sic
3074 3899 3235 3972 igitur
3275 3898 3366 3955 ille
3400 3898 3493 3970 qui

1964 4056 2073 4129 (64)
2090 4056 2246 4127 Vulg.
2276 4058 2477 4129 εἰκότα
2488 4056 2564 4129 δὴ
2577 4054 3109 4129 πράττων.Ρεεείῐηε
3120 4054 3500 4129 C_hri_stophor-

1928 4124 2093 4182 sonus
2121 4124 2233 4181 haec
2259 4128 2325 4181 ad
2354 4124 2729 4197 Esculapium
2758 4127 2959 4192 retulit,
2986 4141 3109 4197 cum
3136 4126 3203 4180 de
3225 4124 3494 4179 Constan-

1927 4198 2041 4251 tino
2076 4199 2406 4259 imperatore
2447 4195 2718 4261 dicantur,
2758 4206 2817 4251 ut
2846 4197 2903 4251 in
2954 4195 3203 4250 versione
3241 4209 3357 4248 mea
3394 4209 3493 4248 ex-

1927 4268 2120 4335 pressi.
2139 4266 2370 4322 Certein
2396 4266 2530 4322 Fuit.
2551 4275 2606 4322 et
2625 4265 2862 4321 Turuebi
2884 4265 3039 4321 codd.
3077 4266 3273 4336 legitur
3304 4264 3489 4319 εἰκότα

1926 4338 1990 4409 δὴ
2027 4337 2276 4409 βασιλεὺς
2315 4336 2588 4409 πράττων.

1998 4403 2109 4477 (65)
2142 4403 2446 4462 Γενναίων
2471 4406 2886 4475 φιλοσόφων...
2909 4403 3121 4475 θαῦμα.
3134 4403 3491 4477 Apollonium

1928 4473 2268 4548 Tyanensem
2308 4473 2616 4548 intelligit,
2640 4473 2868 4548 de__quo_
2900 4473 3095 4548 scribi_t
3133 4473 3494 4548 Philostratus

1930 4544 1989 4600 in
2019 4548 2113 4602 lib.
2141 4562 2158 4601 ι
2188 4560 2310 4600 eum
2363 4548 2414 4601 in
2456 4544 2656 4616 templo
2685 4544 2981 4614 Aisculapii
3027 4545 3199 4612 Egis,
3236 4553 3491 4614 tanquam

1927 4618 2102 4687 ipsius
2135 4616 2219 4671 dei
2246 4617 2544 4687 hospitem,
2573 4618 2663 4687 diu
2688 4627 2967 4687 versatum
2999 4628 3138 4687 esse.

1999 4687 2110 4756 (66)
2150 4685 2262 4757 Καὶ
2300 4682 2543 4757 δ’τῇδε.
2597 4684 2783 4757 Longe
2812 4685 2989 4757 aliter
3039 4685 3274 4755 optimus
3320 4682 3493 4757 codex

1926 4753 2176 4834 Euhelii.
2193 4755 2327 4810 Nam
2362 4753 2485 4834 pdét
2510 4771 2697 4834 vocem
2723 4753 2921 4834 ﬂagitat
2952 4753 3207 4834 punctum
3247 4755 3490 4834 apponit:

271 4825 370 4878 diis
394 4823 931 4895 suis’exspectarent.
951 4823 1122 4895 Cujus
1150 4829 1224 4882 rei
1285 4827 1495 4880 inﬁnita
1528 4839 1818 4882 occurrunt
1850 4879 1891 4896 ἣ
1931 4828 2131 4881 Deinde
2165 4827 2237 4878 ita
2262 4823 2540 4896 scriptum
2584 4827 2745 4896 liabet
2773 4843 2786 4879 :
2824 4823 2965 4896 Ὅτι
2992 4824 3050 4896 δέ
3088 4823 3392 4896 ἐνδομυχῶν
3428 4825 3491 4896 οὺ

273 4898 510 4967 exempla
559 4899 698 4965 apud
753 4897 1001 4964 antiquos
1045 4898 1360 4967 scriptores,
1401 4897 1496 4967 sed
1551 4899 1817 4965 prmcipue

274 4965 408 5032 apud
433 4966 726 5020 Aristidem
762 4966 814 5019 in
856 4965 1194 5022 orationibus
1227 4967 1418 5021 sacris.
1450 4965 1628 5020 Latini
1661 4970 1813 5021 dice-

276 5031 401 5088 bant
432 5036 698 5089 incubare.
741 5035 966 5090 Plautus
1013 5037 1066 5090 in
1106 5035 1424 5091 Curculione
1455 5055 1469 5090 :
1499 5055 1519 5087 ‹
1564 5037 1691 5103 _ldeo
1730 5038 1810 5103 ﬁt,

275 5105 393 5177 quia
417 5105 506 5164 hic
530 5107 651 5161 leno
674 5114 908 5177 aagrotus
923 5106 1159 5177 incubat
1196 5108 1249 5163 in
1278 5095 1574 5177 Aisculapij
1606 5105 1751 5161 fano.
1790 5095 1809 5160 ἰ

277 5173 486 5246 Solinus
517 5176 570 5230 in
606 5173 747 5245 cap.’
767 5176 796 5226 7
825 5192 837 5229 :
872 5194 891 5227 ι
922 5174 1191 5246 Epidauro
1213 5177 1375 5246 decus
1403 5188 1484 5232 est
1504 5173 1813 5245 Alsculapii

276 5244 548 5317 sacellum,
580 5244 1036 5317 cui’incubantes,
1065 5257 1211 5317 rete.
1233 5245 1594 5317 Hieronymus
1614 5248 1664 5300 in
1687 5244 1807 5316 cap.

279 5310 343 5382 65
377 5308 545 5382 Isaiae,
578 5317 646 5370 ad
684 5315 776 5370 illa
806 5318 989 5381 verba,
1014 5308 1251 5371 habitant
1294 5318 1349 5370 in
1386 5308 1660 5382 sebulcris,
1697 5336 1716 5368 ‹
1756 5308 1811 5372 in

280 5381 534 5455 delubris,
582 5386 776 5455 inquit,
809 5385 1070 5441 idolorum
1121 5387 1393 5441 dormiens
1434 5381 1448 5440 ε
1500 5389 1588 5440 ulti
1623 5388 1812 5441 Stratis

282 5451 498 5529 pellibus
524 5451 821 5511 hostiarum
853 5456 1114 5529 incubare
1134 5457 1276 5529 soliti
1307 5465 1571 5529 er_ant,._ut
1589 5458 1813 5511 somniis

283 5518 455 5601 “futura
488 5536 888 5601 cOgnoscerent.
916 5528 1067 5593 Quod
1094 5527 1146 5581 in
1170 5527 1297 5601 lano
1324 5519 1617 5601 [Escdlapii
1640 5543 1812 5597 usque

285 5589 434 5667 hodie
486 5589 640 5652 error
698 5589 1067 5667 ethnicoan
1102 5596 1357 5661 celebrat,
1412 5589 1813 5667 multorumque

283 5657 499 5782 :‘Iliorum
536 5688 549 5722 :
581 5681 700 5737 quae
726 5678 831 5718 non
872 5677 999 5723 sunt
1024 5666 1166 5721 aliud
1206 5667 1307 5722 nisi
1343 5657 1532 5721 tumuli
1572 5657 1811 5722 mortuo—

343 5745 411 5782 m.
445 5749 469 5782 ι

1920 4897 2125 4951 δαίμων
2152 4895 2273 4949 οὐδὲ

1921 4915 2125 4968 οαιμων
2152 4915 2273 4949 ουοε
2320 4915 2385 4965 γε
2422 4915 2539 4959 υεος
2558 4915 2571 4926 ’
2601 4915 2797 4958 πλάνος
2823 4915 2880 4947 οε
2908 4915 2990 4974 ’τιὲ
3019 4915 3223 4963 ψυχων,
3249 4915 3491 4974 paxpax;

1921 4967 2027 5039 uati.
2044 4966 2256 5039 μυρίοις
2285 4966 2631 5036 ἐξαπατήσας
2663 4964 3078 5039 χρόνοιςλδηλον
3108 4968 3172 5039 ἐκ
3207 4978 3315 5015 των
3335 4978 3493 5039 ’πρα-

1920 5032 2167 5109 γμάτων.
2202 5032 2447 5109 Quatuor
2483 5032 2759 5109 postrema
2796 5032 3112 5101 verbaque
3148 5034 3210 5109 _in
3258 5032 3492 5109 vulgatis

1923 5104 2121 5163 desunt
2152 5104 2502 5171 editionibus,
2536 5104 2823 5161 Turnebus
2852 5104 3163 5174 quoquead
3206 5115 3358 5174 uram
3406 5104 3491 5174 sui

1921 5177 2050 5232 libri
2104 5176 2381 5247 adiecerat
2415 5192 2483 5231 ex
2540 5172 2909 5247 manuscriptb
2956 5173 3176 5247 codice:
3227 5172 3360 5247 M9x_
3399 5173 3488 5226 ubi

1920 5240 2471 5317 vulgatai'editiones
2523 5247 2765 5317 habent,
2809 5240 2971 5317 εἷθ’ᾲὸ
3025 5240 3210 5317 κακῶν
3276 5241 3494 5317 ἐτέρους

1917 5311 2267 5380 ἀπαλλάξειν,
2302 5328 2431 5383 etc.,
2459 5319 2628 5372 codex
2669 5313 2878 5369 Fuketii
2910 5315 2983 5367 ita
3020 5313 3251 5385 scribit:
3295 5311 3491 5385 'O'xtkp

1915 5388 2098 5441 κακῶν
2123 5388 2341 5458 ἐτέρους
2357 5380 2455 5458 ἀπ.
2483 5386 2577 5458 καὶ
2606 5402 2668 5438 συ
2676 5387 2888 5458 μφρρᾶς
2910 5382 3319 5458 προϊσχόμενος,
3337 5380 3493 5458 ούδὲν

1916 5459 2075 5511 αὐτὸν
2106 5454 2283 5527 ἐαυτῷ
2312 5457 2446 5528 πρὸς
2477 5454 2688 5528 ἄμυναν
2715 5454 2934 5528 εὕρατο,
2960 5454 3076 5528 εἰς.

1917 5529 2076 5583 lectio
2102 5521 2276 5595 aptini-
2309 5521 2439 5582 mihi
2470 5521 2681 5582 videtur
2708 5535 2762 5580 εἰ
2784 5521 3001 5580 'melior.
3034 5523 3088 5577 in
3115 5521 3299 5595 Regiis
3324 5524 3487 5578 etiam

1918 5598 2134 5674 scite-dis
2160 5595 2362 5674 εύρατο
2387 5597 2663 5674 scripturn
2683 5595 2890 5674 inveni.
3263 5663 3281 5674 .
3382 5669 3393 5674 Δ
3435 5661 3448 5674 .

2320 4893 2403 4974 γε’
2422 4896 2539 4974 θεός
2558 4913 2571 4926 ’
2601 4895 2797 4974 πλάνος
2823 4895 2880 4947 δέ
2908 4893 3223 4974 τιςψυχῶν,
3249 4894 3491 4974 μακροῖς

3115 5456 3243 5517 Quae
3269 5453 3487 5521 quidem

1990 5632 3075 5736 ῖόἳῖῶἷίὲῖιὲῖκὲἳ’Ἠὶῑᾷἱὲὲίἒῖἲῖὲιτεηιει
3104 5678 3211 5717 vox
3250 5663 3401 5736 deest
3433 5661 3486 5713 in
3524 5648 3537 5707 ξ

1923 5734 2112 5793 codice
2153 5734 2341 5807 Regio,
2380 5746 2433 5793 et
2465 5734 2698 5793 fortasse
2733 5735 3007 5792 subaudiri
3063 5742 3255 5805 potest.
3292 5734 3485 5788 Cameri
