3882 6262
495 269 630 324 1125

1237 265 1503 321 EUSEBH
1540 263 2012 322 CESARIENSIS
2048 261 2198 318 OPP.
2238 260 2418 316 PARS
2455 259 2576 315 l.'—
2612 259 3003 318 HISTORICA.

3533 271 3639 328 liii

488 381 644 434 malis
691 388 746 434 et
785 380 1182 436 calamitatibus
1233 379 1370 436 alios
1420 380 1780 436 liberaturum
1821 393 1883 435 se
1927 394 2035 433 esse

2159 375 2295 428 Ἀλλ’
2329 376 2427 428 οὐκ
2459 375 2517 428 ἐν
2553 374 2741 446 μύθοις
2766 370 2834 446 ἦν
2863 374 2934 428 τὰ
2969 371 3064 428 τοῦ
3110 374 3381 446 ἡμεδαποῦ
3434 377 3641 447 βασιλέως

487 470 801 541 spondebat,
836 471 1041 526 nullum
1074 474 1187 540 ipse
1216 471 1512 527 remedium
1556 471 1756 541 reperit
1792 485 1897 538 quo
1921 483 2040 523 sese

489 569 760 627 tueretur,
791 577 894 616 non
926 564 1097 632 magis
1127 578 1288 633 quam
1312 577 1435 617 cum
1469 561 1694 618 fulmine
1727 574 2042 631 percussum

489 666 614 710 eum
663 653 828 707 fuisse
870 653 1064 707 fabulre
1093 653 1320 724 fingunt.
1375 655 1446 708 At
1483 669 1590 709 non
1645 654 1772 708 item
1805 650 2043 706 fabulosa

2142 467 2261 537 Θεῷ
2293 465 2663 538 κεχαρισμένα
2705 465 3121 539 κατορθώματα·
3166 467 3232 520 δι’
3271 468 3581 538 ἐναργοῦςδέ
3604 480 3642 542 γ’

2141 556 2343 628 ἀρετῆς
2384 555 2477 608 τοῦ
2524 555 2688 608 αὑτοῦ
2733 556 3007 626 Σωτῆρος,
3062 555 3368 627 αὐτόρριξος
3400 559 3644 633 καὶότῇνει

2145 647 2278 711 νεὼς
2301 645 2643 719 ἀνετρέπετο,
2665 645 2741 708 ὡς
2766 646 2882 717 μηδ’
2910 646 3052 718 ῖχνος
3073 644 3254 698 αὐτόθι
3275 645 3370 716 τῆς
3394 646 3645 719 ἔμπροσθεν

490 742 707 799 fuerunt
735 746 1071 813 imperatoris
1110 744 1276 800 nostri
1315 745 1591 813 facinora,
1643 746 1750 800 Deo
1801 742 2035 813 inprimis

2147 737 2552 812 περιλελεῖφθαι
2581 737 2795 800 μανίας.

489 848 733 908 accepta;
774 839 869 891 sed
899 853 996 908 per
1025 840 1521 896 manifestissimam
1563 840 1734 909 ipsius
1765 836 2076 893 Servatoris
2116 834 2222 888 vim
2248 842 2409 902 atque
2436 831 2712 894 virtutem,
2765 831 2868 884 hoc
2903 830 3158 898 templum
3203 847 3304 885 una
3345 845 3456 887 cum
3481 838 3647 890 ceteris

487 931 750 987 radicitus
779 947 1024 987 eversum
1051 941 1150 997 est,
1177 933 1312 989 adeo
1352 944 1409 986 ut
1437 935 1679 1004 pristinae
1718 933 1945 988 insania;
1976 946 2041 985 ne
2070 928 2351 998 vestigium
2383 926 2598 996 quidem
2639 926 2801 979 ullum
2838 925 3030 981 ibidem
3062 927 3388 983 remanserit.

1044 1019 1272 1076 CAPUT
1324 1021 1477 1076 LVII.

558 1113 830 1173 Ouomodo
883 1111 1117 1182 gentiles,
1151 1113 1416 1166 damnatis
1473 1113 1790 1177 simulacris,
1809 1114 1970 1168 Deum

1085 1192 1430 1250 agnoverunt.

553 1272 738 1344 Itaque
792 1281 1059 1342 quotquot
1107 1282 1268 1328 antea
1320 1275 1697 1343 superstitioso
1741 1275 2038 1329 dzemonum

481 1362 653 1419 cultui
681 1362 880 1416 addicti
917 1359 1150 1424 fuerant,
1182 1376 1306 1416 cum
1334 1378 1576 1420 errorem
1604 1378 1761 1418 suum
1793 1362 2041 1416 confuta-

485 1463 594 1508 tum
621 1454 792 1509 oculis
819 1453 932 1509 suis
963 1453 1237 1519 viderent,
1270 1462 1323 1508 et
1353 1455 1593 1509 omnium
1648 1455 1846 1523 ubique
1909 1463 2041 1508 tem-

482 1546 692 1617 plorum
737 1562 801 1600 ac
851 1546 1269 1601 simulacrorum
1309 1547 1620 1602 vastitatem
1677 1547 2036 1612 intuerentur,

482 1637 576 1691 alii
605 1638 670 1692 ad
702 1638 992 1692 salutarem
1021 1636 1222 1692 Christi
1249 1639 1547 1692 doctrinam
1581 1653 1638 1694 se
1666 1637 2036 1694 conferebant:

2654 1017 3044 1071 ΚΕΦΑΛΑΙΟΝ
3073 1019 3197 1072 ΝΖ’.

2144 1107 2274 1174 Πῶς
2331 1111 2384 1162 οἱ
2435 1108 2744 1182 ᾝλᾴηνες,
2783 1109 3181 1182 καταγνόντες
3244 1109 3360 1182 τῶν
3405 1111 3647 1182 εἰδώλων,

2457 1176 2828 1246 ἐπέστρεφον
2872 1176 2959 1244 εἰς
3006 1181 3388 1248 θεογνωσιαν.

2214 1269 2416 1334 Πάντες
2455 1270 2500 1322 δ’
2524 1273 2572 1323 οἱ
2609 1270 2738 1340 πρὶν
2786 1269 3194 1341 δεισιδαίμονες,
3229 1272 3320 1324 τὸν
3357 1272 3550 1343 ἔλεγχον
3574 1277 3649 1346 τῆς

2144 1360 2321 1415 αὐτῶν
2355 1360 2560 1430 πλάνης
2599 1361 2787 1424 αὐταῖς
2827 1360 3011 1430 ὕψεσιν
3048 1360 3298 1432 ὁρῶντες,
3328 1361 3430 1415 τῶν
3463 1362 3504 1416 θ’
3528 1364 3649 1418 ἁπαν-

2145 1454 2308 1527 ταχοῦ
2338 1455 2472 1509 νεῶν
2519 1473 2578 1508 τε
2617 1455 2713 1509 καὶ
2771 1455 3074 1527 ἱδρυμάτων
3117 1455 3264 1527 ἔργῳ
3307 1453 3543 1526 θεώμενοι
3578 1459 3649 1529 τὴν

2143 1547 2396 1619 ἐρημίαν,
2428 1550 2476 1600 οἱ
2512 1549 2613 1618 μὲν
2645 1547 2722 1618 τῷ
2761 1547 3012 1618 σωτηρίῳ
3044 1547 3412 1620 προσέφευγον
3455 1547 3590 1618 λόγῳ,
3612 1551 3648 1601 oi

2141 1636 2206 1701 δ’,
2241 1639 2289 1690 εἰ
2317 1637 2410 1689 καὶ
2437 1635 2592 1689 τοῦτο
2621 1636 2695 1708 μὴ
2720 1635 3122 1708 ἐπραττον,τῆς
3143 1636 3276 1707 γοῦν
3306 1637 3539 1709 πατρῴας
3557 1657 3649 1692 κατ·

481 1728 604 1794 alii,
647 1728 770 1783 licet
804 1729 943 1782 idem
973 1727 1152 1783 facere
1190 1728 1411 1793 nollent,
1451 1728 1710 1796 majorum
1741 1737 1915 1784 tamen
1939 1745 2035 1784 cae-

2142 1730 2429 1800 εγίνωσκυν
2484 1729 2856 1802 ματαιότητος,
2905 1728 3108 1798 ἐγέλων
3173 1746 3236 1782 τε
3268 1731 3360 1782 καὶ
3403 1729 3648 1798 κατεγέλων

481 1817 753 1872 remonias
779 1857 796 1884 ,
836 1825 1023 1886 utpote
1057 1832 1228 1872 vanas
1279 1827 1440 1886 atque
1497 1815 1684 1870 inanes
1715 1815 2041 1869 condemna-

481 1911 616 1965 bant
641 1950 657 1976 ,
685 1920 739 1964 et
759 1924 895 1980 quos
918 1919 1072 1964 antea
1094 1923 1191 1978 pro
1216 1908 1319 1964 diis
1339 1907 1676 1970 habuissent,
1702 1907 2038 1962 deridebant.

481 2002 678 2070 Quidni
710 2018 840 2058 vero
859 2003 926 2057 ita
949 2003 1234 2066 sentirent,
1260 2015 1384 2056 cum
1421 2001 1519 2055 sub
1553 2009 1776 2056 externa
1822 2000 2042 2054 simula-

484 2110 697 2150 crorum
733 2095 912 2164 specie
947 2104 1152 2148 tantam
1202 2092 1350 2146 intus
1397 2091 1661 2148 latentem
1725 2093 2039 2161 spurcitiem

485 2186 817 2240 cernerent?
872 2183 1003 2238 Nam
1040 2195 1132 2238 aut
1165 2183 1485 2238 cadaverum
1534 2197 1682 2246 ossa,
1739 2191 1834 2237 aut
1877 2183 2042 2239 aridae

479 2276 733 2330 calvarize
759 2276 1042 2342 suberant,
1089 2275 1445 2344 impostorum
1479 2271 1642 2344 514
1669 2271 1865 2328 fraude
1912 2275 2039 2328 sub-

481 2376 648 2435 repta:
685 2379 701 2418 :
729 2375 818 2419 aut
850 2365 1051 2420 sordidi
1088 2366 1250 2436 panni
1301 2364 1445 2434 turpi
1474 2364 1812 2420 immunditia
1837 2365 2040 2429 referti,

491 2464 587 2510 aut
618 2456 852 2526 denique
884 2456 994 2511 feni
1027 2462 1112 2512 ‘ac
1141 2455 1350 2526 stipulae
1377 2471 1624 2512 acervus.
1664 2454 1795 2523 Quae
1827 2471 1948 2510 cum
1989 2456 2040 2510 in

483 2548 850 2620 penetralibus
880 2548 1299 2604 simulacrorum
1344 2548 1526 2603 anima
1566 2547 1872 2602 carentium
1919 2563 2045 2603 con-

483 2650 633 2711 gesta
683 2641 1010 2711 aspicerent,
1059 2649 1116 2694 et
1166 2653 1322 2694 suam
1373 2646 1429 2692 et
1484 2646 1769 2707 parentum
1825 2652 2042 2692 suorum

484 2745 748 2786 summam
809 2729 1135 2785 dementiam
1204 2727 1582 2783 incusabant:
1627 2727 1860 2780 maxime
1921 2720 2043 2780 cum

484 2819 999 2884 animadverterent,
1027 2817 1081 2872 in
1116 2818 1229 2872 suis
1257 2817 1363 2872 illis
1406 2815 1606 2887 adytis,
1637 2825 1799 2885 atque
1830 2816 1884 2870 in
1911 2816 2042 2885 ipsis

482 2909 786 2964 simulacris
811 2908 1010 2962 nullum
1028 2923 1148 2964 esse
1165 2908 1307 2964 intus
1332 2907 1664 2962 habitantem
1686 2949 1701 2973 ,
1725 2922 1828 2960 non
1848 2907 2045 2962 daemoo

486 3016 610 3055 nem
655 3001 876 3056 oracula
919 3001 1269 3067 fundentem,
1319 3014 1424 3056 non
1473 3000 1630 3054 deum
1667 2999 2044 3069 pradicentem

2139 1823 2247 1875 τῶν
2280 1823 2445 1876 πάλαι
2477 1821 2842 1894 νομιζομένων
2879 1821 3062 1884 αὐτοῖς
3101 1820 3263 1875 θεῶν·
3305 1823 3395 1875 καὶ
3437 1821 3540 1885 πῶς
3569 1823 3659 1894 γὰρι

2139 1915 2238 1967 οὐκ
2261 1914 2478 1986 ἔμελλον
2519 1913 2660 1967 οὕτω
2711 1916 2944 1984 φρονεῖν,
2995 1913 3094 1985 τῆς
3140 1911 3341 1980 ἔξωθεν
3369 1912 3467 1966 τῶν
3495 1911 3649 1978 ξοάνων

2141 2007 2438 2077 φαντασίας
2460 2005 2714 2078 πλείστην
2738 2007 2870 2077 ὅσην
2893 2006 3120 2080 μιαρίαν
3158 2006 3292 2058 εἴσω
3325 2006 3649 2076 κεκρυμμένην

2139 2100 2401 2171 ὁρῶντες;
2429 2099 2497 2152 Ἦ
2526 2098 2634 2170 γὰρ
2661 2097 2868 2170 νεκρῶν
2898 2097 3162 2170 σωμάτων
3190 2097 3332 2168 ὑπῆν
3360 2097 3520 2160 ὀστέα,
3547 2096 3650 2170 ξηρά

2139 2208 2200 2244 τε
2229 2191 2441 2262 κρανία,
2479 2191 2688 2262 γοήτων
2719 2189 3062 2262 περιεργίαις
3110 2189 3519 2260 ἐσκευωρημένα
3547 2189 3648 2260 (68),

2141 2281 2174 2352 ἦ
2213 2281 2468 2352 ῥυπῶντα
2493 2271 2635 2352 ῥάκη
2665 2279 2948 2352 βδελυρίας
2986 2281 3220 2353 αἰσχρᾶς
3245 2278 3463 2350 ἔμπλεα,
3493 2279 3521 2349 ἢ
3558 2279 3650 2349 χόρ-

2140 2389 2232 2424 του
2269 2373 2363 2426 καὶ
2388 2372 2638 2443 καλάμης
2676 2371 2927 2443 φορυτός·
2963 2369 2999 2424 ἀ
3039 2371 3104 2441 δὴ
3149 2369 3263 2424 τῶν
3295 2369 3498 2440 ἀψύχων
3538 2370 3649 2432 sane;

2144 2465 2524 2536 σεσωρευμένα
2579 2464 2888 2536 θεωμένοις,
2937 2464 3119 2526 αὐτοῖς
3155 2479 3218 2515 τε
3264 2463 3357 2516 καὶ
3387 2463 3487 2525 τοῖς
3515 2459 3650 2514 αὐτῶν

2144 2554 2404 2626 πατράσι,
2429 2553 2626 2626 πολλὴν
2652 2553 2912 2624 λογισμοῦ
2943 2551 3256 2625 ἀφροσύνην
3282 2551 3648 2622 κατεμέμφοντο,

2143 2641 2231 2693 ὅτε
2256 2639 2465 2711 μάλιστ’
2496 2639 2757 2701 ἐνενόουν,
2797 2639 2873 2702 ὡς
2905 2639 3079 2702 οὐδεὶς
3111 2639 3224 2708 ἄρα
3249 2633 3316 2709 ἦν
3343 2638 3397 2691 ἐν
3426 2639 3524 2699 τοῖς
3555 2635 3648 2688 d65-

2142 2748 2254 2795 τοις
2284 2731 2460 2785 αὐτῶν
2487 2733 2698 2801 μυχοῖς,
2721 2730 2828 2784 οὐδ’
2849 2731 2906 2784 ἐν
2939 2730 3122 2792 αὐτοῖς
3140 2729 3443 2800 ἀγάλμασιν
3473 2727 3648 2789 ἔνοικος,

2143 2823 2203 2876 οὐ
2225 2823 2449 2892 δαίμων,
2486 2821 2546 2875 οὑ
2586 2820 2908 2892 χρησμῳδὺς
2942 2819 3084 2893 (69),
3114 2822 3176 2875 οὺ
3213 2819 3352 2885 θεὸς,
3391 2819 3445 2872 οὐ
3486 2818 3648 2888 μάντις,

2143 2909 2230 2966 οἷα
2251 2911 2313 2983 δὴ
2338 2912 2397 2964 τὸ
2425 2912 2554 2983 πρὶν
2591 2912 2987 2985 ὑπελάμϐανον,
3021 2911 3136 2966 ἀλλ’
3173 2911 3287 2966 οὐδ’
3321 2910 3536 2982 ἀμυδρόν
3564 2908 3649 2976 τιῆ

2147 3003 2366 3067 σκιῶδες
2399 3003 2706 3074 φάντασμα.
2749 3003 2838 3056 Διὸ
2872 3003 2934 3074 δὴ
2976 3002 3285 3074 προχείρως
3313 3004 3422 3064 τοῖς
3447 3002 3502 3054 ἐκ
3539 2998 3649 3069 βασι-

482 3091 687 3158 futura,
739 3092 1193 3163 quemadmodum
1253 3091 1354 3148 sibi
1403 3100 1556 3145 antea
1614 3067 2035 3160 persuaserant:

2142 3093 2278 3157 λὲως
2315 3067 2750 3165 καταπεμφθεῖσι
2779 3095 2888 3146 πᾶν
2923 3067 3195 3148 σκοτεινὸν
3237 3094 3422 3164 ἄντρον
3462 3067 3547 3145 καλή
3572 3091 3651 3153 πᾶς

483 3187 597 3242 imo
659 3200 726 3240 nc
794 3186 1082 3240 obscurum
1134 3183 1350 3253 quidem
1410 3197 1475 3237 ac
1530 3181 1870 3237 tenebrosum
1921 3194 2040 3248 Spe-

481 3289 680 3334 ctrum.
720 3277 897 3347 Atque
939 3275 1138 3330 idcirco
1185 3274 1410 3344 quodvis
1464 3271 1548 3327 vel
1599 3271 2035 3326 obscurissimum

484 3378 696 3424 antrum
725 3377 780 3422 et
809 3365 1128 3422 abditissiini
1164 3368 1367 3435 quique
1416 3377 1696 3426 recessus,
1731 3362 1799 3416 iis
1851 3361 1942 3430 qui
1969 3363 2036 3414 ab

481 3462 808 3531 imperatore
841 3459 991 3514 missi
1017 3468 1173 3514 erant
1203 3456 1356 3511 facile
1380 3463 1665 3526 patuerunt
1693 3453 1884 3524 :adyta
1907 3453 2034 3522 quin

480 3557 646 3610 etiam
680 3562 735 3608 et
762 3553 1034 3608 inaccessa
1079 3550 1227 3621 prius
1279 3548 1417 3614 loca,
1446 3547 1666 3617 ipsaque
1715 3543 2034 3614 templorum

2142 3189 2447 3260 ἀπόρρητος
2473 3189 2639 3260 μυχὸς
2662 3188 2821 3258 paco;
2843 3183 2932 3258 ἦν,
2967 3187 3144 3242 ἀὸατά
3181 3205 3246 3240 τε
3286 3187 3378 3241 καὶ
3410 3185 3569 3248 ἄδυτα,
3593 3185 3650 3235 ia-

2145 3275 2252 3348 ρῶν
2277 3294 2334 3329 τε
2359 3277 2425 3330 τὰ
2453 3277 2735 3339 ἐνδοτάτω,
2772 3279 3182 3348 στρατιωτικοῖς
3233 3278 3555 3330 κατεπατεῖτο
3578 3272 3648 3343 βή-

2145 3385 2324 3439 μασιψ
2356 3367 2482 3421 ὥστ’
2515 3370 2716 3439 ἐναργῆ
2743 3371 2853 3432 τοῖς
2894 3369 3060 3422 πᾶσιν
3087 3370 3152 3422 ἐκ
3177 3369 3346 3422 τῶνδε
3376 3369 3498 3439 (69‘)
3524 3363 3648 3418 κατά-

2141 3473 2320 3528 φωρον
2344 3457 2619 3526 γεγονέναι
2646 3459 2743 3528 τὴν
2765 3458 2822 3524 ἐξ
2849 3457 3040 3522 αἰῶνος
3069 3459 3284 3532 μακροῦ
3310 3459 3412 3513 τῶν
3442 3457 3650 3527 Ἑλλήνων

2140 3549 2392 3603 ἁπάντων
2426 3552 2913 3621 κατακρατήσασαν
2942 3551 3180 3615 διανοίας
3215 3553 3471 3622 πήρωσιν.

480 3645 796 3716 penetralia,
830 3643 1061 3698 militum
1107 3641 1354 3712 vestigiis
1409 3639 1741 3695 terebantur.
1809 3636 1888 3690 Ex
1936 3653 2042 3707 quo
2093 3639 2427 3709 deprehensa
2460 3651 2516 3696 et
2569 3651 2891 3697 cunctorum
2944 3642 3118 3699 oculis
3155 3644 3402 3713 exposita
3431 3651 3504 3696 est
3526 3641 3649 3696 caci-

481 3745 566 3793 tas
591 3739 805 3802 mentis,
831 3751 948 3807 quae
975 3733 1200 3806 gentiles
1239 3747 1428 3788 omnes
1449 3729 1774 3802 jampridem
1807 3727 2074 3786 involutos
2108 3737 2348 3787 tenebat.

1031 3824 1264 3882 CAPUT
1304 3823 1482 3882 LVIII.

483 3918 755 3988 Quomodo
804 3922 943 3989 apud
977 3917 1596 3988 Heliopolim,destruclo
1635 3913 1853 3989 Veneris
1887 3913 2034 3982 fano,

827 3987 1026 4058 primus
1065 3987 1336 4044 ecolcsiam
1377 3987 1687 4042 construxit.

552 4085 726 4155 Atque
756 4083 870 4140 haec
907 4085 1047 4139 inter
1099 4081 1358 4152 praeclara
1412 4076 1752 4148 imperatoris
1797 4075 2039 4130 facinora

483 4179 682 4234 merito
709 4185 1125 4240 recenseantur;
1168 4174 1313 4228 sicut
1342 4184 1397 4228 et
1429 4171 1518 4226 illa
1561 4184 1680 4238 qua:
1723 4167 2036 4238 singillatim

483 4270 536 4324 in
569 4271 735 4325 variis
762 4269 1054 4340 provinciis
1095 4266 1390 4324 constituit.
1440 4261 1748 4332 Cujusmodi
1798 4259 2038 4326 illudcst

482 4363 626 4430 quod
665 4361 717 4415 in
754 4361 884 4414 urbe
927 4358 1211 4413 Phoenices
1265 4353 1521 4425 Heliopoli
1580 4353 1648 4407 ab
1702 4365 1768 4406 eo
1827 4359 2036 4419 gestum

482 4454 735 4507 vidimus.
783 4451 900 4516 Qua
931 4452 983 4506 in
1011 4451 1144 4506 urbe
1171 4448 1398 4520 gentiles
1441 4446 1652 4515 quidem
1691 4445 1781 4513 qui
1825 4443 2031 4496 obscen-

484 4559 608 4598 nam
653 4543 927 4598 libidinem
989 4545 1101 4597 dere
1165 4540 1385 4595 Veneris
1435 4536 1702 4592 vocabulo
1759 4533 2033 4599 alliciunt;

486 4635 743 4689 uxoribus
771 4649 834 4688 ac
874 4633 1086 4688 filiabus
1117 4633 1229 4686 suis
1262 4629 1432 4700 stupri
1467 4629 1681 4696 impune
1719 4623 2036 4680 admittendi

2636 3829 3027 3884 ΚΕΦΑΛΑΙΟΝ
3071 3829 3206 3882 NH’.

2146 3917 2334 3983 Ὅπως
2364 3917 2434 3970 ἐν
2480 3917 2846 3973 Ἡλιουπόλει
2885 3920 2998 3988 τὴν
3039 3919 3381 3988 Ἀφροδίτην
3416 3915 3646 3979 καθελὼν,

2418 3988 2752 4057 ἐκκλησίαν
2787 3989 3135 4058 ᾠκοδόμησε
3176 3990 3420 4059 πρῶτος.

2214 4079 2324 4132 Καὶ
2349 4079 2518 4131 ταῦτα
2552 4079 2596 4132 δ’
2625 4080 2688 4133 ἄν
2719 4097 2802 4143 τις
2845 4079 2956 4150 (70)
3005 4083 3119 4144 τοῖς
3169 4080 3424 4152 βασιλέως
3475 4078 3645 4138 εἰκότως

2142 4169 2364 4240 ἀναθείη
2396 4168 2829 4241 κατορθώμασιν,
2872 4170 3061 4242 ὥσπερ
3097 4167 3188 4225 οὖν
3233 4171 3325 4225 καὶ⁵
3365 4171 3430 4225 τὰ
3460 4167 3646 4241 μερικῶς

2143 4261 2262 4316 καθ’
2295 4261 2520 4315 ἕκαστον
2555 4259 2702 4325 ἔθνος
2736 4262 2881 4332 αὐτῷ
2923 4261 3296 4332 διαταχθέντα·
3331 4259 3434 4315 οἷον
3472 4261 3550 4312 ἐπὶ
3570 4257 3645 4326 τῆς

2141 4351 2394 4406 Φοινίκων
2432 4351 2837 4417 Ἡλιουπόλεως,
2871 4348 3041 4424 ἐφ’ἦς
3062 4354 3112 4406 οί
3157 4353 3252 4423 μὲν
3285 4353 3380 4423 τὴν
3406 4351 3644 4405 ἀκόλαστον

2141 4444 2330 4517 ἡδονὴν
2373 4445 2638 4516 τιμῶντες
2674 4447 3057 4517 προσρήματι,
3100 4448 3364 4516 γαμεταῖς
3402 4444 3487 4497 καὶ
3521 4442 3644 4505 θυγα-

2141 4539 2328 4608 τράσιν
2356 4536 2576 4607 ἀναίδην
2607 4537 2950 4609 ἐκπορνεύειν
2973 4537 3329 4608 συνεχώρουν.
3364 4535 3488 4588 Νυνὶ
3515 4532 3561 4584 δὲ
3581 4527 3644 4582 νό-

2145 4646 2242 4700 μος
2283 4629 2470 4698 ἐφοίτα
2513 4627 2630 4690 νέος
2680 4645 2740 4681 τε
2790 4629 2883 4682 καὶ
2929 4628 3158 4700 σώφρων
3204 4626 3353 4698 παρά
3405 4623 3644 4696 βασιλέως.

483 4727 756 4783 licentiam
801 4732 1200 4782 concesserant.
1250 4722 1401 4778 Nunc
1447 4735 1576 4775 vero
1639 4732 1772 4772 nova
1825 4718 1909 4770 lex
1965 4715 2033 4769 ab

2142 4722 2302 4797 μηδὲν
2339 4719 2444 4774 τῶν
2491 4719 2656 4774 πάλαι
2706 4720 2949 4790 συνήθων
2980 4719 3182 4792 τολμᾷν
3219 4717 3548 4789 διαγορεύων’
3577 4710 3644 4765 καὶ

484 4873 660 4917 tamen
683 4860 896 4916 codices
917 4875 1032 4914 eam
1055 4863 1366 4926 agnoscunt.
1384 4854 1438 4926 ln
1460 4854 1564 4926 fine
1583 4852 1776 4919 capitis
1812 4863 1910 4920 pro
1946 4848 2036 4901 ἀν-

481 4932 757 5006 ετρέπετο,
789 4931 955 5006 codex
976 4923 1372 5006 Fultetii‘habet
1395 4923 1774 5006 ἀνετέτραπτο.
1820 4989 1856 5006 ﬂ
1876 5004 1888 5006 _
1906 4987 1964 5006 ﬂ,

553 4989 663 5074 (68)
683 4989 929 5074 Γοήτωκ
949 4989 1786 5074 περ-ίεργίαιςέσκευωρημένα.
1805 4989 2035 5074 βοοιὶυε

485 5075 538 5129 in
560 5061 758 5126 ‘codice
791 5061 990 5140 Regio,
1019 5061 1261 5140 'Fu'kret
1305 5064 1473 5140 Savil.
1493 5064 1770 5140 “scribitur
1803 5061 2034 5112 ἐσκαιωο

487 5143 716 5216 ρημένα.
753 5129 929 5216 Quam
957 5129 1139 5192 vocem
1183 5129 2032 5216 ita.vertit._(;hristophorsotiusJ

485 5196 647 5267 ἓαῖυω
698 5196 1138 5280 ρνᾶδῑίςὶαιοηιηι
1183 5205 1316 5260 dolis
1361 5203 1550 5280 callide
1600 5196 1851 5280 obtecta.
1884 5196 2035 5280 Quod

484 5301 588 5336 non
629 5271 838 5349 probo:
877 5271 1166 5349 inalimque
1183 5283 1428 5349 vertere,
1465 5271 1740 5349 subreptw,
1771 5275 2037 5349 autOcerte

483 5342 758 5405 adornant
792 5359 840 5404 et
865 5349 933 5402 ad
969 5342 1227 5413 maléﬁcia
1267 5351 1603 5410 comparatis.
1635 5342 1770 5414 Ossa
1809 5342 1951 5414 enim
1982 5343 2037 5414 et

486 5423 734 5475 calvaria:
766 5429 891 5474 sunt
919 5406 1195 5485 magorum
1227 5406 1605 5478 instrumenta,
1629 5411 1826 5480 quibus
1860 5407 1936 5461 illi
1968 5406 2036 5458 ad

485 5493 747 5544 maleficia
781 5505 875 5544 sua
907 5489 1214 5540 utebantur.
1472 5551 1488 5554 _
1525 5552 1532 5554 Α
1617 5548 1635 5554 _
1957 5543 1969 5554 ,

557 5562 664 5630 ((69)
708 5562 788 5612 Οὐ
829 5557 1070 5630 δαίμωας,
1112 5557 1183 5608 οὐ
1217 5551 1586 5630 χρησμῳδός.
1617 5548 1672 5630 in
1719 5548 2039 5630 panegyrico

487 5618 979 5686 de‘tri’cetmalibt'ts
1009 5618 1346 5680 Constantini
1371 5618 1535 5675 aliter
1561 5620 1895 5683 collocantur
1927 5618 2038 5686 haec

485 5685 646 5755 verba
686 5715 698 5748 ι
741 5697 814 5750 Οὐ
865 5694 1093 5764 δαίμων,
1151 5693 1209 5746 οὐ
1260 5692 1408 5757 θεὸς,
1469 5691 1528 5744 οῦ
1576 5687 1930 5760 χρησμῳδὸς,
1975 5685 2036 5736 οὐ

2145 4858 2353 4931 μάντις,
2371 4851 2524 4931 quod
2548 4852 2793 4921 equidem
2821 4853 2996 4931 magis
3017 4853 3211 4931 probo.

2204 4925 2337 5006 (69')
2371 4920 2713 4976 Desideratur
2741 4921 2866 4975 καί·
2894 4920 2986 4976 aut
3016 4922 3294 4992 legendum
3320 4920 3544 4994 ἐναργῶς
3573 4932 3643 4987 pro

2204 5012 2362 5044 1mm.
2398 4993 2552 5044 EDIT.

2139 4998 2362 5050 ἐναργῆ.
2398 4998 2552 5046 Eutr.

2215 5015 2232 5048 ι
2271 5012 2362 5063 γη.
2398 5012 2552 5046 ινιτ.

2215 5013 2326 5136 (ςυ)
2364 5060 2684 5136 Καί-ταῦτα
2713 5061 2765 5136 δ’
2793 5062 2870 5136 ἄν
2905 5075 3142 5136 τηις-,Λεία
3176 5062 3643 5136 Ηωοοῐηηὶα-ιιεῳιε

2139 5131 2418 5206 advoces
2439 5132 2556 5185 illas
2588 5132 2638 5206 οἱ
2672 5132 2777 5206 μὲν-
2798 5133 2896 5206 τὴν
2924 5133 3235 5206 ἀκόλαστον,
3280 5131 3547 5206 desunt‘in.
3575 5141 3643 5206 co-

2145 5207 2263 5259 dice
2292 5203 2458 5271 llegio
2497 5211 2552 5256 et
2595 5203 2645 5275 in
2669 5200 2931 5275 gedjtio'ne
2979 5204 3115 5257 Rob.
3161 5201 3433 5275 Stephani.
3463 5200 3640 5275 Adjecta

2141 5284 2268 5328 sunt
2299 5265 2474 5344 aufem
2506 5285 2546 5344 Ξ
2579 5271 2714 5344 viris
2742 5272 2934 5334 doctis.
2975 5288 3061 5344 ex“
3089 5265 3431 5344 manuscripti
3475 5265 3640 5344 codicis

2141 5344 2267 5397 lide.
2307 5341 2467 5396 Certe
2504 5339 2784 5396 Turnebus
2813 5351 2868 5395 et
2903 5333 3134 5398 Savilius
3176 5345 3225 5396 in
3256 5333 3373 5396 suis
3410 5333 3640 5393 codicibus

2143 5428 2204 5468 ea
2244 5421 2560 5482 repererunt
2595 5429 2619 5482 :_
2645 5422 2699 5464 et
2746 5425 2842 5482 nos
2886 5413 2937 5466 in
2984 5411 3121 5467 Fuk.
3162 5411 3342 5482 codice
3383 5398 3639 5482 eadetn'gd

2145 5467 2441 5552 marginem
2485 5480 2717 5548 ascripta
2750 5481 3003 5537 vidimus.
3033 5482 3142 5535 Nisi
3180 5480 3317 5550 quod
3349 5479 3504 5552 codex
3522 5467 3638 5552 ξυκο
3680 5537 3683 5542 _

2145 5568 2248 5624 una
2264 5541 2412 5624 "voce
2439 5541 2785 5624 auct_ior_es_t,
2815 5566 2935 5606 cum
2969 5553 3022 5607 in
3048 5568 3113 5609 co
3152 5541 3356 5624 legatur
3384 5550 3484 5610 τοῖς
3518 5541 3637 5614 βασιο

2144 5620 2278 5686 λέως
2302 5621 2520 5685 εἰκότως
2547 5620 2790 5691 ἀναθείη,
2815 5633 2918 5678 etc.
