3882 6262
556 346 686 405 "39

1270 341 1537 397 EUSEBII
1575 338 2049 397 CESARIENSIS
2072 336 2221 393 OPP.
2261 334 2442 388 PARS
2479 333 2517 386 1.
2550 363 2622 373 -
2658 329 3043 387 HISTORICA.

3620 335 3733 391 mo

549 485 727 555 piens,
787 482 1105 539 hortabatur
1154 496 1267 545 eos,
1326 490 1381 535 ut
1428 482 1494 534 ad
1524 482 1729 535 laudem
1779 482 1973 535 divinae
1996 480 2088 533 reli

2215 493 2307 535 vo;
2343 473 2617 544 βασιλεὺς,
2641 471 2817 526 πάντα
2846 469 3102 541 πράττειν
3128 471 3213 523 ἐπ’
3247 469 3491 542 εὐφημίᾳ
3512 470 3598 524 τοῦ
3617 471 3739 530 θείου

547 580 723 649 gionis
754 573 1145 645 propagandam
1171 583 1362 627 cuneta
1388 582 1633 643 agerent.
1664 571 1955 641 Postquam
1980 588 2108 626 vero

546 668 828 725 sublatise
861 665 1039 719 medio
1075 666 1522 727 dissensionibus,
1570 664 1865 718 Ecelesiam
1909 665 1999 719 Dei
2041 666 2106 717 ad

547 758 919 820 concordiam,
944 766 999 810 et
1029 757 1336 809 unanimem
1365 755 1623 809 doctrinae
1668 765 1984 808 concentum
2025 771 2108 808 re-

545 845 782 908 vocavit;
813 844 937 897 inde
963 853 1360 913 transgressus,
1393 843 1537 896 aliud
1578 844 1868 911 impiorum
1912 861 2103 913 genus,

542 944 726 1003 utpote
776 933 1032 1002 pestilens
1081 935 1300 987 humani
1361 934 1578 1003 generis
1633 948 1921 995 venenum,
1972 937 2106 987 abo-

543 1024 758 1077 lendum
797 1037 917 1077 esse
968 1025 1201 1077 censuit.
1252 1024 1418 1077 Erant
1473 1024 1524 1076 hi
1566 1025 1851 1093 perniciosi
1884 1027 2104 1093 quidam

539 1117 806 1179 homines,
838 1115 928 1183 qui
958 1116 1057 1168 sub
1084 1115 1217 1168 falsa
1247 1114 1524 1169 modestiae
1546 1125 1598 1167 et
1622 1115 1903 1184 gravitatis
1924 1118 2106 1185 spe-cie

539 1206 702 1261 urbes
728 1208 1030 1261 vastabant.
1059 1206 1206 1273 Quos
1245 1207 1762 1276 pseudo-prophetas
1806 1218 1858 1260 et
1883 1223 2105 1273 rapaces

1919 1299 2104 1354 Cavete

533 1407 567 1443 α
606 1388 758 1459 falsis
795 1392 1078 1459 prophetis,
1111 1391 1203 1461 qui
1228 1391 1427 1444 venient
1471 1391 1537 1443 ad
1582 1408 1669 1446 vos
1699 1393 1750 1445 in
1788 1394 2102 1447 vestimentis

537 1297 693 1367 lupos
718 1298 914 1353 alicubi
940 1299 1201 1352 Servator
1237 1298 1472 1367 appellat
1503 1299 1587 1353 his
1621 1300 1800 1353 verbis
1853 1317 1867 1353 :

534 1479 752 1544 ovium;
784 1481 926 1533 intus
960 1490 1133 1533 autem
1168 1489 1291 1533 sunt
1318 1479 1429 1546 lupi
1459 1496 1690 1548 rapaces.
1725 1479 1809 1533 Ex
1846 1479 2100 1546 fructibus

530 1586 711 1624 eorum
739 1573 1058 1641 cognoscetis
1110 1588 1216 1627 eos.
1262 1571 1427 1640 Igitur
1477 1573 1641 1627 misso
1694 1574 1757 1626 ad
1798 1574 2100 1639 provincia-

533 1678 650 1715 rum
679 1664 935 1730 praasides
957 1673 1248 1731 pra-cepto,
1287 1662 1596 1731 hujnsmodi
1629 1664 1905 1718 hominum
1930 1680 2099 1734 genus

531 1754 713 1822 abegit
735 1768 799 1808 ac
828 1753 1053 1824 fugavit.
1082 1754 1283 1808 Prarler
1312 1755 1485 1823 ipsam
1521 1764 1700 1809 autem
1735 1754 1929 1825 legem,
1984 1757 2099 1810 im—

2211 567 2368 635 λόγου
2417 564 2667 636 παρῄνει.
2735 563 2887 615 Ἐπεὶ
2934 562 2990 613 δὲ
3033 560 3130 624 τὰς
3178 561 3485 625 διαστάσεις
3533 563 3739 619 ἐκποδὼν

2187 656 2596 727 ’ποιησάμενος,
2638 653 2741 706 ὑπὸ
2782 652 3068 723 σύμφωνον
3108 652 3371 722 ἁρμονίαν
3413 652 3510 723 τὴν
3545 654 3740 728 Ἐκκλη.

2211 749 2326 800 σίαν
2358 746 2455 799 τοῦ
2491 745 2625 798 Θεοῦ
2661 746 3051 815 κατεστήσατο.
3082 742 3229 796 ἔνθεν
3264 743 3524 813 μεταϐὰς,
3558 745 3671 799 ἄλλο
3697 763 3741 803 τι

2208 837 2362 904 γένος
2394 835 2567 888 ἀθέων
2593 833 2798 906 ἀνδρῶν
2981 834 3109 897 δεῖν,
3127 834 3274 887 ὥσπε
3280 851 3312 903 ρ
3340 833 3650 905 δηλητήριον
3662 835 3741 892 τού

2206 927 2311 980 τῶν
2340 925 2637 997 ἀνθρώπων
2662 925 2864 994 ἀφανὲς
2914 924 3246 994 καταστῆσαι
3291 924 3435 995 βίου·
3482 923 3656 996 φθόροι
3691 926 3740 982 δέ

2205 1037 2347 1083 τινες
2374 1020 2612 1089 ὑπῆρχον
2645 1014 2809 1080 οὗτοι,
2852 1020 3195 1087 προσχήματι
3239 1017 3420 1087 σεμνῷ
3447 1017 3742 1089 λυμαινόμε-

2206 1128 2284 1165 νοι
2311 1110 2405 1174 τὰς
2435 1111 2617 1173 πόλεις
2637 1127 2651 1141 ο
2684 1110 3128 1179 ψευδοπροφήτας
3162 1110 3356 1173 αὐτοὺς
3379 1110 3413 1180 ῆ
3443 1109 3628 1174 λύκους
3659 1111 3742 1185 ἆρ-

2207 1220 2386 1271 παγας
2418 1204 2680 1272 σωτήριος
2706 1200 2968 1253 ἀπεκάλει
2992 1194 3092 1252 ὧδέ
3113 1216 3212 1251 που
3238 1199 3563 1263 θεσπίζουσα

2203 1292 2533 1361 Προσέχετε
2597 1292 2713 1345 ἀπὸ
2763 1290 2880 1343 τῶν
2942 1289 3483 1359 Ψευδοπροερητῶν,
3554 1293 3742 1360 οἵτινες

2202 1385 2552 1438 ἐλεύσονται
2591 1384 2742 1451 πρὸς
2782 1381 2938 1451 ὑμᾶς
2988 1384 3057 1435 ἐν
3092 1383 3381 1452 ἐνδύμασι
3430 1384 3742 1453 προϐάτων,

2200 1481 2425 1534 ἔσωθεν
2453 1477 2519 1531 δέ
2542 1482 2661 1532 εἱσι
2696 1479 2870 1532 λύκοι
2907 1478 3188 1548 ἅρπαγες·
3220 1478 3336 1531 ἀπὸ
3376 1477 3497 1532 τῶν
3531 1480 3743 1548 καρπῶν

2200 1572 2396 1626 αὐτῶν
2472 1570 2875 1640 ἐπιγνώσεσθε
2934 1574 3174 1637 αὐτούς.
3241 1573 3640 1642 Καταπεμφθὲν
3688 1573 3740 1646 δὴ

2200 1668 2310 1727 τοῖς
2337 1664 2457 1717 κατ’
2488 1663 2638 1726 ἔθνος
2674 1664 2902 1734 ἡγεμόσι
2928 1665 3274 1735 πρόσταγμα,
3306 1666 3415 1717 πᾶν
3445 1665 3505 1717 τὸ
3527 1664 3627 1716 τῶν
3654 1683 3735 1719 :0:-

2198 1757 2369 1810 ούτων
2404 1756 2567 1825 φῦλον
2590 1756 2806 1829 ἤλαυνεο
2839 1757 2973 1829 πρὸς
3002 1756 3060 1809 δὲ
3093 1756 3169 1827 τῷ
3192 1758 3361 1827 νόμῳ,
3390 1758 3485 1811 καὶ
3513 1758 3741 1822 ζωοποιὺν

532 1856 749 1913 perator
770 1847 1066 1901 salutarem
1102 1864 1318 1917 quoque
1346 1849 1740 1902 institutionem
1771 1850 1835 1901 ad
1868 1865 1961 1904 eos
1999 1866 2090 1903 no-

2198 1847 2544 1901 διδασκαλίαν
2580 1848 2659 1911 είς
2686 1847 2863 1900 αὑτῶν
2895 1847 3181 1919 πρόσωπον
3215 1848 3492 1912 διετίθετο,
3521 1849 3741 1903 σπεύδειν

531 1936 775 1989 minatim
805 1936 1029 2002 direxit,
1050 1937 1347 1992 exhortans
1406 1939 1654 1992 homines
1682 1948 1739 1991 ut
1774 1939 2096 2007 quantocius

530 2028 903 2096 paenitentiam
958 2039 1229 2098 agerent:
1281 2028 1578 2085 Ecclesiam
1636 2032 1779 2086 enim
1830 2030 1920 2085 Dei
1967 2032 2096 2100 ipsis

528 2129 737 2187 portum
774 2121 963 2176 salutis
988 2121 1126 2177 fore.
1154 2121 1292 2188 Audi
1327 2138 1455 2193 ergo
1481 2125 1749 2194 quomodo
1778 2123 1831 2176 in
1860 2123 1974 2178 suis
2022 2124 2092 2177 ad

524 2225 620 2266 eos
649 2211 845 2267 litteris
869 2215 1245 2269 eoneionatur.

1076 2306 1306 2364 CAPUT
1352 2307 1535 2365 LXIV.

668 2392 1005 2449 Constantini
1030 2399 1333 2453 constitutio
1370 2401 1620 2456 adversus
1661 2402 1953 2457 ha'retitos.

600 2505 621 2540 ι
657 2487 841 2543 νίιιοι·
865 2490 1253 2547 Constantinus
1286 2491 1552 2548 Maximus
1582 2494 1853 2565 Augustus
1875 2536 1890 2561 ,
1921 2495 2096 2551 haere-

520 2578 667 2634 tieis.

595 2689 616 2724 ‹
639 2672 927 2742 Agnoscite
982 2690 1123 2729 nunc
1150 2674 1309 2743 hujus
1338 2676 1473 2747 legis
1501 2678 1788 2741 beneﬁcio,
1834 2694 1867 2733 o
1903 2679 2097 2734 Nova-

521 2763 677 2828 tiani,
705 2764 1091 2832 Valentiniani,
1141 2767 1525 2835 Marcionistze,
1576 2769 1852 2836 Pauliani,
1883 2782 1933 2827 et
1974 2773 2095 2841 qui-

521 2858 620 2911 bus
647 2854 1045 2928 Cataphrygum
1076 2874 1269 2914 nomen
1330 2869 1416 2913 est.
1467 2860 1733 2927 inditum,
1771 2877 1962 2917 omnes
1997 2865 2091 2919 de-

521 2949 686 3017 nique
719 2950 810 3019 qui
872 2950 1106 3006 haareses
1153 2952 1383 3021 privatis
1415 2952 1653 3008 cratibus
1706 2955 1985 3011 instruitis
2011 2966 2094 3011 at-

521 3056 627 3110 que
659 3040 920 3111 impletis,
948 3052 1080 3111 quot
1114 3044 1410 3099 mendaciis
1457 3046 1729 3114 opinionis
1770 3056 1966 3103 vestrae
1996 3065 2092 3104 va-

520 3137 662 3187 nitas
693 3133 1019 3202 implieetnr,
1049 3144 1104 3189 et
1166 3150 1328 3204 quam
1362 3137 1687 3204 perniciosis
1716 3140 1936 3195 venenis
1989 3141 2091 3195 im-

521 3225 650 3277 huta
702 3225 773 3278 sit
827 3233 1005 3279 vestra
1060 3227 1351 3280 doctrina:
1405 3228 1541 3284 adeo
1602 3238 1658 3283 ut
1686 3231 1833 3285 sanis
1867 3233 2089 3288 morbus

518 3316 890 3385 gravissimus,
919 3317 1221 3372 viventibus
1245 3329 1503 3389 perpetua
1542 3336 1689 3376 mors
1737 3336 1832 3391 per
1856 3338 1949 3378 vos
1987 3324 2088 3377 im-

517 3416 781 3477 portetur.
835 3407 884 3462 0
946 3409 1192 3464 veritatis
1254 3411 1482 3479 inimici,
1522 3411 1706 3468 hostes
1737 3416 1879 3482 vitae,
1932 3417 2087 3471 exitii

516 3498 814 3553 consiliarii
848 3516 863 3552 :
897 3511 1092 3554 cuneta
1120 3502 1257 3570 apud
1290 3517 1386 3558 vos
1428 3514 1553 3557 sunt
1598 3505 1807 3560 veritati
1870 3515 2088 3562 contra-

519 3590 633 3655 ria;
671 3590 1004 3658 turpissimis
1053 3592 1274 3661 ﬂagitiis
1312 3608 1547 3664 congrua
1601 3612 1616 3652 :
1675 3597 1890 3666 ineptiis
1932 3606 1987 3653 et
2021 3598 2086 3652 li-

515 3683 751 3749 gmentis
809 3682 966 3753 521
1018 3685 1257 3739 referta:
1289 3687 1481 3754 quibus
1528 3703 1626 3743 vos
1652 3690 1931 3746 mendacia
1956 3693 2089 3761 qui—

516 3775 639 3829 dem
682 3777 961 3844 astruitis;
1016 3778 1333 3833 innocentes
1410 3790 1591 3835 autem
1661 3783 1991 3852 opprimitis,
2034 3793 2089 3839 et

515 3868 863 3924 credentibus
887 3868 1062 3924 lucem
1091 3871 1324 3941 negatis.
1352 3871 1432 3927 Ac
1462 3873 1564 3928 sub
1604 3874 1829 3929 obtentu
1867 3877 2085 3944 quidem

515 3961 817 4016 divinitatis
876 3963 1092 4016 assidue
1152 3975 1487 4033 peccantes,
1550 3978 1742 4022 cuneta
1800 3969 2083 4038 polluitis:

515 4067 680 4121 puras
722 4069 850 4108 vero
884 4066 933 4109 et
978 4056 1211 4109 illibatas
1269 4058 1550 4113 hominum
1602 4063 1966 4117 conscientias
1997 4062 2088 4116 le—

515 4144 753 4198 thalibus
807 4145 976 4213 plagis
1008 4145 1331 4211 vulneratis,
1369 4158 1535 4217 atque
1583 4150 1760 4219 ipsum
1786 4167 2087 4221 propemo-

513 4234 640 4288 dum
666 4235 808 4290 diem
833 4236 1139 4290 mortaliqu
1166 4239 1340 4294 oculis
1372 4241 1722 4310 intercipitis.
1754 4241 1822 4295 Et
1849 4244 1974 4312 quid
2005 4253 2087 4297 at-

515 4326 649 4383 tinet
690 4329 904 4399 singula
963 4346 1308 4399 percensere,
1349 4347 1474 4387 eum
1530 4349 1628 4389 nec
1667 4334 1909 4390 brevitas
1952 4347 2086 4391 tem-

513 4420 682 4489 poris,
720 4436 817 4475 nec
846 4424 1159 4493 magnitudo
1182 4425 1601 4495 occupationum
1628 4437 1939 4482 nostrarum
1975 4444 2087 4497 pa—

2199 1939 2289 1992 ὲπὶ
2315 1940 2598 2010 μετάνοιαν
2632 1938 2929 2011 παρορμῶν
2957 1941 3080 2003 τοὺς
3112 1939 3330 2010 ἄνδρας·
3363 1941 3628 2011 σωτηρίας
3652 1942 3741 2013 γὰρ

2197 2031 2365 2101 ὅρμον
2391 2031 2573 2095 αὑτοῖς
2602 2030 2819 2084 ἔσεσθαι
2841 2030 2939 2102 τὴν
2968 2031 3292 2101 Ἐκκλησίαν
3312 2031 3406 2084 τοῦ
3434 2031 3587 2084 Θεοῦ.
3604 2032 3741 2086 Ἐπά-

2197 2106 2388 2175 κουσον
2428 2122 2472 2175 δ’
2516 2123 2663 2186 ὅπως
2715 2123 2810 2176 καὶ
2850 2122 3057 2186 τούτοις
3109 2122 3198 2176 διὰ
3244 2122 3339 2176 τοῦ
3389 2122 3526 2193 πρὸς
3571 2123 3739 2187 ausos;

2198 2213 2390 2283 ὡμίλει
2419 2215 2766 2285 γράμματος.
2935 2208 2948 2217 “

2715 2306 3111 2360 ΚΕΦΑΛΑΙΟΝ
3147 2306 3262 2359 ΞΣ.

2201 2400 2659 2452 Κωνσταντίνου
2706 2396 2995 2467 διάταγμα
3038 2396 3187 2465 πρὸς
3228 2396 3373 2463 τοὺς
3412 2400 3732 2466 αἱρετικσύς.

2272 2512 2290 2543 ι
2323 2493 2565 2564 Νικητὴς
2591 2494 2992 2557 Κωνσταντίνος
3018 2494 3285 2561 Μέγιστος
3311 2494 3595 2559 Σεϐαστὸς,
3612 2498 3733 2568 αἱρε-

2196 2588 2388 2648 τικοίς.

2272 2696 2290 2728 ι
2331 2677 2625 2747 Ἐπίγνωτε
2671 2677 2764 2731 νῦν
2813 2677 2898 2730 διὰ
2943 2678 3038 2747 τῆς
3089 2678 3408 2749 νομοθεσίας
3450 2679 3661 2752 ταύτης.
3695 2673 3735 2733 ὦ

2194 2770 2542 2834 Ναυατιανοὶ,
2580 2770 2937 2833 Οιῦαλεντῖνοι,
2973 2771 3415 2842 Μαρκιωνισταὶ,
3449 2772 3734 2835 Παύλιανοὶ.

2194 2861 2247 2915 οῖ
2272 2878 2332 2914 τε
2359 2860 2500 2914 κατὰ
2527 2861 2744 2932 Φρύγας
2766 2862 3210 2933 ἐπικεκλημένοι,
3238 2864 3332 2916 καί
3360 2864 3559 2928 πάντες
3577 2864 3734 2927 ἁπλῶς

2193 2952 2241 3002 oi
2266 2948 2364 3014 τὰς
2401 2950 2641 3021 αἱρέσεις
2680 2951 2768 3004 διὰ
2803 2951 2911 3004 τῶν
2958 2952 3169 3005 οἰκείων
3206 2952 3537 3024 πληροῦντες
3563 2970 3732 3025 συσση-

2198 3042 2404 3111 μάτων,
2436 3044 2551 3095 ὅσοι
2579 3041 2829 3112 ψεύδεσιν
2861 3045 2894 3114 ἡ
2933 3044 3063 3114 παρ’
3090 3044 3218 3114 ὑμῖν
3262 3045 3557 3117 ματαιότης
3586 3045 3730 3115 spati-

2195 3132 2443 3196 πλεκται,
2469 3134 2565 3186 καὶ
2589 3134 2735 3198 ὅπως
2759 3133 2981 3199 ίοϐόλοις
2996 3136 3106 3189 τισὶ
3132 3136 3444 3206 φαρμάκοις
3468 3139 3502 3208 ἡ
3525 3137 3731 3209 ὑμετέρα

2193 3224 2470 3296 συνέχεται
2500 3225 2844 3279 διδασκαλία·
2883 3227 2958 3289 ὡς
3000 3229 3125 3291 τοὺς
3172 3227 3272 3298 μὲν
3311 3229 3641 3295 ὑγιαίνοντας
3667 3229 3730 3289 εἰς

2191 3318 2509 3385 ἀσθένειαν,
2557 3321 2685 3382 τοὺς
2733 3320 2792 3373 δὲ
2852 3318 3059 3385 ζῶντας
3113 3322 3195 3384 είς
3254 3321 3476 3392 διηνεκῆ
3535 3322 3729 3376 θάνατον

2190 3409 2495 3478 ἀπάγεσθαι
2522 3410 2586 3463 δι’
2618 3412 2645 3463 ὑ
2655 3409 2790 3482 μῶν.
2824 3406 2895 3464 Ὦ
2916 3412 3013 3483 τῆς
3040 3413 3136 3483 μὲν
3155 3412 3413 3484 ἀληθείας
3434 3412 3628 3485 ἐχθροὶ,
3649 3415 3728 3484 τῆς

2189 3501 2245 3554 δὲ
2278 3501 2419 3572 ζωῆς
2466 3502 2736 3574 πολέμιοι,
2777 3504 2871 3557 καὶ
2919 3504 3195 3566 ἀπολείας’
3223 3504 3544 3575 σύμϐουλοιί
3581 3507 3727 3558 πάντα

2190 3595 2319 3665 παρ’
2347 3594 2475 3664 ὑμῖν
2504 3594 2603 3664 τῆς
2627 3593 2885 3665 ἀληθείας
2920 3594 3065 3645 ἐστὶν
3096 3593 3336 3659 ἐναντία,
3383 3595 3620 3664 αἰσχροῖς
3647 3609 3727 3646 πο-

2189 3686 2496 3759 νηρεύμασι
2535 3687 2853 3755 συνᾴδοντα,
2906 3685 3154 3750 ἀτοπίαις
3197 3687 3292 3740 καὶ
3339 3686 3577 3757 δράμασι
3616 3684 3727 3755 χρῆ-

2193 3795 2268 3848 μα
2302 3778 2400 3850 (8),
2433 3778 2499 3831 δι’
2523 3771 2597 3831 ὧν
2633 3780 2788 3848 ὑμεῖς
2832 3778 2901 3831 τὰ
2930 3777 3028 3848 μὲν
3070 3777 3243 3857 ψευδῆ
3299 3774 3724 3840 κατασκευάζετε,

2188 3871 2313 3933 τοὺς
2333 3870 2376 3923 δ’
2392 3870 2806 3941 ἀναμαρτήτους
2820 3868 3049 3934 θλίϐετε,
3064 3869 3124 3922 τὸ
3148 3869 3262 3939 φῶς
3278 3873 3390 3933 toi;
3419 3868 3725 3922 πιστεύουσιν

2188 3959 2459 4032 ἀρνεῖσθε.
2487 3959 2607 4012 Ἐπὶ
2636 3960 2984 4031 προσχήματι
3009 3959 3138 4027 γοῦν
3170 3959 3445 4029 θειότητος
3470 3959 3555 4012 ἀεὶ
3581 3959 3723 4029 πλημ·

2193 4054 2502 4125 μελοῦντες,
2525 4053 2701 4107 πάντα
2741 4051 3002 4123 μιαίνετε,
3033 4052 3129 4115 τὰς
3161 4050 3372 4116 ἀθώους
3400 4051 3492 4105 κα)⁸
3515 4050 3723 4121 καθαρὰς

2191 4147 2522 4217 συνειδήσεις
2576 4145 2968 4216 θανατηφόροις
3025 4144 3259 4215 πληγαῖς
3331 4144 3718 4217 τραυματίζετε,

2188 4237 2357 4307 αὑτὴδ
2380 4236 2458 4300 δὲ,
2494 4235 2677 4307 σχεδὸν
2704 4236 2900 4299 εἰπεῖν,
2928 4234 3025 4306 τὴν
3043 4233 3255 4306 ἡμέραν
3282 4233 3391 4286 τῶν
3407 4230 3721 4304 ἀνθρωπείων

2186 4326 2478 4399 ὀφθαλμῶν
2507 4326 2910 4397 καθαρπάζετε.
2956 4327 3066 4381 Καὶ
3090 4326 3141 4379 τί
3173 4326 3255 4379 δεῖ
3291 4326 3620 4381 καθέκαστον
3651 4323 3720 4376 λέ-

2186 4436 2334 4488 γειν;
2368 4420 2538 4472 Ὅπου
2570 4436 2633 4488 γε
2663 4420 2789 4491 περ).
2824 4418 2933 4472 τῶν
2966 4418 3243 4490 ὑμετέρων
3281 4418 3467 4473 κακῶν
3496 4418 3652 4470 εἰπεῖν
3680 4430 3721 4468 τι

513 4512 715 4565 tiantur
778 4529 877 4568 nos
906 4515 973 4568 de
1002 4515 1325 4571 criminibus
1355 4519 1554 4573 vestris
1582 4534 1680 4588 pro
1714 4520 1912 4575 merito
1942 4521 2085 4590 ipso-

2198 4515 2307 4566 κατ’
2333 4512 2508 4578 ἀξίαν,
2537 4511 2657 4566 οὔτε
2682 4511 2910 4585 βραχέος
2938 4512 3056 4566 ἐστὶ
3081 4512 3294 4582 χρόνου,
3332 4510 3458 4564 οὑτε
3489 4510 3594 4564 τῶν
3616 4511 3709 4580 ήμεο

510 4619 629 4657 rum
664 4605 828 4659 verba
865 4606 1089 4661 facere?
1116 4607 1323 4678 Quippe
1362 4619 1469 4663 tam
1497 4612 1684 4680 gravia
1721 4621 1845 4666 sunt
1874 4621 1929 4666 et
1964 4614 2083 4666 im-

509 4711 693 4750 mensa
726 4697 929 4752 scelera
987 4710 1204 4767 vestra;
1262 4701 1397 4756 adeo
1423 4701 1565 4757 forda
1606 4713 1660 4757 et
1685 4706 1832 4759 omni
1867 4707 2082 4760 atroci-

507 4799 620 4843 tate
672 4791 1046 4856 exuberantia,
1106 4803 1165 4847 ut
1208 4810 1278 4849 ne
1340 4795 1455 4849 dies
1512 4797 1731 4865 quidem
1774 4800 1981 4868 integer
2011 4801 2079 4853 ad

504 4898 694 4937 eorum
728 4884 1145 4953 exlilicatiouem
1198 4886 1448 4943 sulIieiat.
1511 4889 1574 4943 Et
1607 4889 1808 4958 alioqui
1829 4868 1843 4883 ’
1864 4891 1932 4945 ab
1964 4890 2082 4944 bu-

504 4975 737 5039 iusmodi
793 4979 952 5031 rebus
1009 4994 1170 5034 aures
1223 4995 1476 5037 amovere
1530 4992 1584 5036 et
1614 4983 1802 5037 oculos
1831 4994 2080 5038 avertere

504 5072 682 5135 decet,
731 5083 799 5122 ne
861 5085 989 5139 pura
1039 5085 1103 5125 ae
1136 5071 1349 5127 sincera
1393 5074 1516 5129 ﬁdei
1575 5083 1772 5129 nostra:
1826 5074 2079 5129 alacritas

503 5158 819 5227 particulari
883 5175 1072 5214 earum
1122 5161 1456 5229 expositione
1510 5163 1763 5217 violetur.
1827 5163 2078 5228 Quid-est

504 5252 669 5320 igitur
724 5252 870 5321 quod
929 5252 1234 5319 huiusmodi
1292 5254 1435 5309 mala
1491 5256 1694 5309 diutius
1746 5257 2079 5311 toleremus?

507 5343 745 5397 maxime
766 5358 889 5397 eum
918 5343 1174 5397 diuturna
1211 5345 1472 5413 patientia
1513 5346 1699 5408 faciat,
1732 5354 1787 5399 nt
1821 5346 1873 5399 hi
1929 5361 2079 5414 quo—

501 5455 538 5528 ἣ
569 5457 891 5511 ὑποϐάλλειν
924 5458 1111 5529 ὄνομα.
1145 5460 1216 5512 De
1243 5462 1525 5515 catholicis
1549 5477 1676 5514 vero
1706 5461 2078 5515 sacerdotibus

504 5529 595 5595 qui
641 5545 698 5581 se
746 5544 913 5599 puros
956 5548 983 5581 a
1037 5531 1234 5583 Melelii
1280 5533 1575 5585 schismate
1626 5540 1955 5593 servasso-nt,
2007 5532 2075 5583 ita

506 5598 800 5672 sanciunt;
836 5598 1129 5672 ΑἘξοὺσίανν
1161 5600 1307 5670 ἔχειν
1346 5603 1438 5655 καὶ
1468 5600 1937 5672 προχειρίζεσθαι,
1986 5601 2078 5653 καὶ

505 5673 673 5742 (nepa
698 5669 1174 5742 :Eﬁtg.éT€692t77C-J_V
1204 5669 1367 5736 ἀξίων
1398 5670 1491 5724 τοῦ
1524 5669 1750 5742 κλήρου.

581 5738 653 5803 (8)
690 5739 910 5806 Χρῆμα.
950 5740 1001 5791 ιιι
1048 5739 1206 5803 Fuk.,
1252 5745 1380 5794 δην.
1429 5755 1484 5794 et
1534 5738 1766 5794 Turuehi
1801 5742 2076 5796 codicibus

512 5809 769 5877 Scriptum
802 5810 975 5863 inveni
1005 5808 1283 5880 χαίροντα,
1328 5821 1485 5881 prout
1528 5811 1789 5879 Scaliger,
1827 5812 2073 5867 Christo-

2187 4608 2361 4678 τέρων
2391 4607 2685 4678 ἀσχολιῶν
2719 4606 2860 4660 οὑτω
2891 4605 3000 4677 γάρ
3044 4607 3159 4659 ἐστι
3197 4604 3385 4676 μακρά
3415 4604 3511 4658 καὶ
3542 4604 3716 4674 ἄμετρα

2181 4698 2250 4752 τὰ
2276 4702 2406 4771 παρ’
2433 4700 2560 4771 ὑμῖν
2587 4700 2932 4771 ἀτοπήματα,
2968 4697 3139 4762 οὕτως
3167 4697 3415 4769 εἰδεχθῆ,
3444 4699 3539 4751 καὶ
3574 4697 3716 4763 πάσης
3810 4706 3811 4725 ‘

2183 4791 2453 4863 ἀπηνείας
2498 4793 2701 4863 πλήρη,
2737 4793 2813 4855 ὡς
2858 4792 2981 4863 μηδ’
3019 4791 3310 4862 ὁλόκληρον
3351 4791 3568 4863 ἡμέραν
3613 4786 3717 4857 πρὸς

2182 4882 2444 4954 ἕκφρασιν
2460 4884 2661 4936 τούτων
2675 4886 2894 4956 ἀρκεῖν’
2925 4882 3097 4947 ἄλλως
3141 4901 3199 4937 τε
3236 4885 3329 4937 καὶ
3361 4878 3716 4937 ὲκκλίνειντῶν
3806 4924 3807 4937 χ

2180 4975 2432 5029 τοιούτων
2454 4978 2718 5049 προσήκει
2749 4975 2847 5039 τὰς
2876 4973 3063 5038 ἀκοὰς,
3081 4975 3205 5039 τούς
3220 4979 3266 5030 τ’
3289 4976 3595 5048 ὀφθαλμοὺς
3609 4978 3715 5029 ἀπο·
3804 5018 3805 5043 γ

2182 5070 2598 5141 στρέφειν,ὑπὲρ
2616 5067 2706 5122 τοῦ
2727 5068 2799 5139 μὴ
2819 5067 3130 5141 χραίνεσθαι
3145 5071 3210 5138 τῇ
3228 5064 3716 5139 καθέκαστονδιηγήσ
3802 5104 3803 5149 γ

2184 5162 2375 5232 σειτὴν
2411 5163 2507 5232 τῆς
2536 5160 2806 5232 ἡμετέρας
2839 5161 3074 5225 πίστεως
3104 5161 3371 5234 εἰλικρινῆ
3390 5163 3486 5215 καὶ
3502 5159 3713 5231 καθαρὰν

2182 5253 2510 5325 προθυμίαν.
2548 5255 2615 5307 Τί
2648 5248 2762 5317 οὖν,
2784 5252 3084 5324 ἀνεξόμεθα
3114 5253 3423 5325 περαιτέρω
3449 5255 3554 5308 τῶν
3582 5248 3713 5305 τοιού-
3798 5302 3799 5325 ξ

2179 5362 2286 5399 των
2321 5347 2537 5414 κακῶν;
2564 5348 2747 5419 Ἀλλ“ή
2767 5349 2951 5420 μακρὰ
2970 5347 3417 5419 παρεπιθύμησις
3443 5347 3539 5419 (9),
3559 5346 3713 5414 ὥσπερ

2180 5463 2482 5530 pltorsonns
2507 5461 2704 5529 aliique
2732 5463 2781 5516 in
2813 5465 2923 5516 suis
2952 5462 3103 5517 libris
3134 5472 3470 5529 repererunt.

2251 5534 2324 5601 (9)
2353 5533 2561 5597 Μακρίι
2592 5535 3088 5602 παρεπιθύμησις.
3125 5531 3165 5585 F
3168 5543 3285 5585 orte
3317 5530 3708 5603 napavﬂéttj‘oj'oii
3794 5540 3795 5575 ἶ

2181 5601 2231 5671 id
2261 5596 2360 5667 cst,
2400 5596 2712 5671 negliqentia
2760 5615 2810 5656 et
2871 5596 3244 5656 dissimulatio.
3289 5602 3344 5656 lu
3391 5596 3707 5658 coddfFuk-o

2181 5669 2347 5760 Savil.
2398 5669 2739 5760 aciTulrneh'i‘
2781 5674 3084 5760 ,ὑπέρθεσις
3135 5675 3350 5759 legitur.
3406 5671 3706 5754 Paulo'pDSl
3790 5736 3791 5760 ἦ

2179 5743 2357 5798 scribo
2384 5752 2448 5799 e’x
2484 5746 2665 5801 codice
2700 5742 2858 5810 Fuk.,
2889 5739 2977 5799 διὰ
2998 5739 3257 5816 δημοσίας
3296 5739 3671 5815 ἐπιστρεφεεαςο

3786 5816 3789 5893 ι

3784 5894 3787 5999 l

3786 5816 3789 5893 ι

3784 5894 3787 5999 l
