3882 6262
214 340 345 394 Hii

1313 344 1399 399 DE
1442 344 1605 400 VITA
1646 345 2111 403 CONSTANTINI
2147 346 2277 402 LIB.
2320 345 2405 402 111.

3335 348 3506 401 1142.

207 453 446 525 λοιμικῷ
473 458 738 528 νοσήματι
785 460 879 512 καὶ
920 460 1046 524 τοὺς
1107 459 1449 529 ὑγιαίνοντας
1478 461 1755 533 χραίνεσθι

1863 475 2011 530 ,que
2065 462 2158 532 qui
2214 461 2332 515 sani
2383 465 2513 514 sunt
2566 472 2631 512 ac
2689 459 2952 520 valentes.
2997 459 3100 515 hoc
3132 460 3275 513 velut
3307 463 3506 530 pesti—'

209 552 374 603 ποιεί.
400 550 557 613 Τίνος
576 547 668 605 οὖν
702 552 885 605 ’ἐνεκεν
930 554 1027 625 τὴν
1058 554 1321 625 ταχίστην
1371 556 1470 618 τὰς
1518 555 1691 627 ῥίζας,
1716 557 1790 621 ὡς

207 639 406 704 είπεῖν,
423 640 521 711 τῆς
543 642 809 714 τοσαύτης
828 645 1024 708 κακίας
1040 646 1100 698 ού
1131 644 1218 699 διὰ
1246 646 1510 718 δημοσίας
1538 650 1790 720 ἐπιστρε-

204 732 367 801 φείας
390 734 761 805 ἐκκόπτομενς

157 844 164 881 ;
728 831 1120 885 ΚΕΦΔΛΑΙΟΝ
1156 833 1273 886 EE’.

197 917 344 985 Περὶ
385 918 754 989 ἀφαιρέσεως
800 924 1032 1003 τόπωνα,
1097 926 1416 992 συνάξεων
1465 928 1583 983 τῶν
1632 935 1785 1000 αἰρε-

890 1012 1089 1049 turtur.

276 1097 297 1131 ι
317 1081 605 1154 Τοιγάρτοι
629 1083 813 1155 ἐπειδὴ
831 1086 921 1138 τὸν
938 1086 1056 1139 ὅλεθ
1066 1105 1157 1159 ρον
1180 1089 1367 1144 τοῦτον
1394 1092 1493 1164 τῆς
1513 1096 1785 1167 ὑμετέρας

190 1170 456 1238 ἐξωλείας
483 1174 574 1227 ἐπὶ
603 1175 785 1229 πλεῖον
818 1177 1003 1250 φέρειν
1034 1182 1135 1235 οὐκ
1155 1181 1299 1237 ἔστιν
1321 1180 1431 1238 οἷόν
1456 1204 1536 1251 τε,
1569 1188 1657 1241 διὰ
1691 1190 1782 1243 τοῦ

190 1265 364 1336 νόμου
383 1267 573 1321 τούτου
600 1273 1078 1344 προαγορεύομεν,
1118 1278 1190 1349 μή
1226 1295 1309 1341 τις
1347 1279 1499 1350 ὑμῶν
1530 1287 1782 1351 συνάγειν

190 1357 293 1411 τοῦ
316 1358 503 1413 λοιποῦ
525 1360 790 1436 τολμήσῃ.
815 1365 905 1417 Διὸ
936 1368 1029 1419 καὶ
1053 1369 1261 1434 πάντας
1279 1373 1431 1442 ὑμῶν
1449 1375 1571 1438 τοὺς
1599 1376 1779 1442 οἴκους

188 1453 250 1503 ἐν
301 1446 385 1515 οἷς
433 1454 500 1508 τά
547 1456 800 1528 συνέδρια
847 1459 1021 1514 ταῦτα
1069 1462 1369 1536 πληροῦτε,
1416 1468 1780 1540 ἀφαιρεθῆναι

187 1544 629 1617 προσετάξαμεν,
664 1550 825 1623 μέχρι
853 1553 1110 1608 τοσούτου
1140 1556 1240 1625 τῆς
1276 1559 1555 1628 φροντίδος
1576 1561 1779 1633 ταύτης

185 1636 602 1707 προχωρούσης,
631 1640 707 1704 ὠς
742 1642 815 1714 μὴ
837 1645 892 1695 ἐν
911 1643 989 1715 τῷ
1021 1645 1264 1718 δημοσίῳ
1296 1650 1473 1718 μόνον.
1504 1652 1637 1705 ἀλλά
1656 1656 1777 1725 μηδ’

183 1727 245 1777 ἐν
280 1727 431 1798 οἰκίᾳ
468 1729 732 1804 ἰδιωτικῇ,
771 1734 802 1806 ἦ
844 1737 1029 1802 τόποις
1057 1740 1199 1792 τισὶν
1248 1742 1511 1807 ἰδιάζουσι
1560 1746 1630 1798 τὰ
1677 1746 1777 1817 τῆς

1901 552 2033 607 lenti
2098 552 2288 607 morbo
2346 552 2681 607 inticiautur.
2748 551 2944 617 Quidni
3003 567 3132 622 ergo
3159 552 3466 622 hujusmadi

1896 643 2262 713 improbitatis
2325 644 2539 699 radices
2588 643 2800 714 publica
2834 644 3306 700 animadversione
3335 661 3467 703 con-

1891 737 2069 793 festim
2094 735 2501 791 exscindimus?
2524 755 2541 785 ι

2472 826 2696 882 CAPUT
2738 826 2894 885 LXV.

2091 919 2168 975 De
2196 919 2438 975 tollendis
2462 921 2835 973 conventiculis
2867 919 3266 991 [limi-eticorunz.

1967 1097 1985 1130 ι
2018 1076 2282 1144 Quocirca
2324 1078 2538 1147 quando
2573 1077 2684 1132 hmc
2737 1078 3314 1147 vestrzeimprohitatis
3340 1093 3466 1149 per--

1887 1171 2058 1224 nicies
2097 1170 2328 1239 amplius
2364 1168 2493 1224 ferri
2529 1184 2632 1222 non
2684 1178 2879 1238 potest,
2919 1170 3169 1238 praesenti
3223 1169 3340 1239 lege
3366 1169 3463 1223 ia-

1887 1262 2223 1326 terdicimus,
2280 1277 2346 1314 ne
2385 1261 2505 1330 quis
2548 1271 2786 1316 vestrum
2856 1261 3187 1330 inpostermn
3230 1278 3443 1316 convcn

1887 1366 1971 1409 tus
2019 1369 2183 1425 agere
2228 1362 2537 1423 prresumat.
2592 1356 2770 1424 Atque
2804 1356 3006 1408 idcirco
3058 1355 3310 1410 universa
3342 1357 3441 1412 loci

1885 1450 1936 1503 iu
1964 1450 2159 1517 quibus
2223 1447 2486 1517 ejusmodi
2528 1460 2701 1501 cattus
2755 1448 3036 1518 peragitis,
3083 1446 3285 1503 auferri
3317 1463 3458 1517 prte-

1882 1543 2168 1610 cepimus;
2217 1556 2282 1595 eo
2317 1555 2489 1609 usque
2523 1550 2877 1609 procurrente
2923 1540 3225 1606 majestatis
3259 1551 3465 1595 nostras

1882 1635 2265 1698 sollicitudine,
2323 1642 2381 1687 ut
2434 1649 2538 1686 non
2592 1635 2751 1687 modo
2788 1635 2839 1685 iu
2894 1634 3134 1703 publico,
3179 1635 3273 1689 sed
3307 1650 3373 1689 ne
3402 1633 3464 1690 in

1882 1729 2109 1798 privatis
2132 1728 2347 1797 quidem
2383 1727 2590 1783 rudibus
2626 1743 2689 1781 ac
2725 1726 2858 1781 locis
2893 1729 3017 1783 ullis
3055 1730 3251 1797 privati
3292 1729 3456 1798 juris,

179 1817 584 1890 δεισιδαίμονος
633 1825 785 1895 ὑμῶν
836 1828 1020 1894 ἀνοίας
1066 1834 1387 1904 συστήματα
1439 1838 1751 1908 συντρέχειν

1880 1823 2270 1892 Superstitiosze
2316 1828 2513 1876 veStra:
2535 1822 2823 1875 demenliau
2875 1822 3042 1875 factio
3074 1834 3452 1894 congregetur.

183 1909 337 1981 Πλὴν
371 1912 495 1965 ὅσον
520 1914 625 1986 πέρ
654 1918 771 1971 ἐστι
805 1921 1041 1986 κάλλιον,
1088 1925 1203 1977 ὅσοι
1249 1926 1347 1996 τῆς
1393 1926 1650 1999 ἀληθινῆς
1678 1932 1768 1983 καὶ

178 2004 439 2079 καθαρᾶς
471 2010 817 2081 ἐπιμελεῖσθε
862 2014 1179 2086 θρησκείας,
1224 2020 1303 2083 εἰς
1344 2020 1439 2092 τὴν
1481 2022 1772 2095 καθολικὴν

192 2097 525 2165 Ἐκκλησίαν
574 2101 777 2166 ἔλθετε,
828 2109 922 2160 καὶ
954 2111 1018 2179 τῇ
1056 2110 1257 2181 ταύτης
1307 2112 1551 2184 ἁγιότητι
1583 2131 1770 2166 κοινω-

175 2193 347 2256 νεῖτε,
377 2191 445 2244 δι’
477 2189 544 2266 ἦς
572 2196 666 2248 καὶ
701 2196 796 2267 τῆς
823 2198 1079 2270 ἀληθείας
1114 2202 1393 2270 ἐφικέσθαι
1437 2204 1729 2276 δυνήσεσθε
1752 2225 1763 2238 ·

176 2284 508 2354 κεχωρίσθω
542 2285 598 2338 δὲ
634 2289 912 2355 παντελῶς
945 2293 1045 2363 τῆς
1091 2294 1198 2347 τῶν
1242 2298 1523 2369 ἡμετέρων
1562 2300 1768 2370 καιρῶν

172 2374 514 2447 εύκληρίας,
583 2381 616 2449 ἡ
665 2379 768 2450 τῆς
815 2382 1258 2456 διεστραμμένης
1320 2388 1557 2452 διανοίας
1614 2389 1771 2461 ὑμῶν

170 2464 391 2536 ἀπάτη,
427 2465 569 2536 λέγω
615 2470 692 2535 δὲ,
746 2473 778 2542 ἡ
814 2472 920 2525 τῶν
947 2475 1240 2543 αἱρετικῶν
1274 2477 1365 2530 καὶ
1394 2480 1766 2549 σχισματικῶν

171 2558 381 2628 ἐναγής
411 2576 468 2611 τε
502 2562 596 2614 καὶ
627 2561 833 2633 ἐξώλης
862 2564 1118 2635 διχόνοια.
1154 2568 1363 2638 Πρέπει
1395 2569 1504 2643 γὰρ
1533 2573 1599 2642 τῇ
1632 2574 1767 2642 ἡμε-

166 2648 313 2721 τέρα
354 2653 716 2724 μακαριότητι
761 2650 830 2727 ἦς
862 2657 1206 2729 ἀπολαύομεν
1246 2661 1343 2713 σὺν
1381 2661 1519 2732 Θεῷ,
1547 2662 1607 2715 τὸ
1638 2663 1765 2726 τοὺς

168 2744 260 2795 ἐπ’
298 2743 514 2798 ἐλπίσιν
544 2747 777 2815 ἀγαθαῖς
835 2749 1103 2820 βιοῦντας,
1155 2753 1261 2806 ἀπὸ
1296 2755 1478 2824 πάσης
1525 2755 1761 2810 ἀτάκτου

165 2836 385 2908 πλάνης
411 2840 489 2901 εἰς
511 2839 607 2911 τὴν
634 2841 850 2897 εὐθεῖαν
876 2844 1014 2908 ὁδὸν,
1065 2846 1172 2899 ἀπὸ
1205 2848 1299 2899 τοῦ
1337 2848 1557 2911 σκότους
1584 2850 1674 2902 ἐπὶ
1703 2851 1761 2903 τὸ

165 2928 309 2997 φῶς,
342 2930 448 2982 ἀπὸ
482 2933 838 3004 ματαιότητος
854 2938 932 3000 είς
953 2937 1051 3007 τὴν
1079 2937 1366 3009 ἀλήθειαν,
1402 2940 1509 2994 ἀπὸ
1530 2941 1761 2997 θανάτου

166 3022 312 3094 πρὸς
336 3025 612 3097 σωτηρίαν
636 3027 888 3095 ἄγεσθαι.
933 3029 1102 3102 ’Υπὲρ
1127 3030 1183 3083 δὲ
1199 3032 1293 3085 τοῦ
1328 3033 1427 3105 τῆς
1465 3034 1760 3105 θεραπείας

160 3114 376 3185 ταύτης
403 3117 497 3169 καὶ
525 3118 826 3187 ἀναγκαίαν
852 3120 1103 3188 γενέσθαι
1128 3123 1226 3193 τὴν
1282 3126 1456 3195 ἰσχὺν,
1480 3128 1755 3198 προσετά-

1876 1915 2082 1986 Itaque,
2126 1918 2268 1986 quod
2323 1917 2478 1987 longe
2533 1916 2812 1969 honestius
2872 1924 3035 1979 atque
3082 1918 3463 1985 prmstantius,

1875 2011 2197 2078 quicumque
2238 2019 2477 2063 vestrum
2562 2022 2703 2061 vene
2750 2021 2814 2059 ac
2881 2011 3112 2066 sincera:
3176 2011 3456 2078 religionis

1873 2103 2096 2157 studiosi
2151 2112 2298 2163 sunt.
2328 2104 2393 2155 ad
2442 2100 2784 2157 Catholicam
2830 2104 3131 2159 Ecclesiam
3169 2105 3469 2169 accedant;

1874 2196 2103 2265 ejusque
2139 2195 2414 2250 sanctitati
2440 2197 2872 2264 communicent,
2919 2199 3074 2270 cujus
3107 2214 3211 2268 ope
3243 2199 3309 2252 ad
3344 2214 3448 2252 ve-

1872 2287 2083 2342 ritatem
2125 2296 2377 2358 poterunt
2403 2288 2708 2356 pervenire.
2763 2291 2919 2344 Absit
2952 2293 3174 2346 omnino
3205 2308 3233 2345 a
3282 2291 3455 2347 felici-

1875 2384 1981 2434 tate
2033 2389 2340 2450 temporum
2399 2390 2709 2437 nostrorum
2770 2400 3038 2451 perversa:
3090 2384 3286 2439 mentis
3359 2398 3451 2436 vc-

1868 2482 1996 2527 strze
2060 2472 2404 2527 fraudulenta
2470 2476 2753 2544 deceptio,
2823 2476 3206 2530 hmreticorum
3240 2475 3454 2530 scilicet

1867 2580 1932 2619 ac
1986 2566 2463 2622 schismaticorum
2522 2567 2784 2622 scelerata
2831 2585 2895 2624 ac
2935 2570 3146 2638 perdita
3186 2570 3445 2624 amentia.

1869 2657 2101 2728 Dignum
2153 2669 2237 2713 est
2286 2658 2430 2711 enim
2495 2664 2869 2732 prr-Speritate
2930 2661 3091 2733 522
3119 2672 3446 2731 temporum,

1866 2763 1971 2816 qua
2024 2749 2206 2803 divino
2263 2750 2530 2805 beneﬁcio
2586 2750 2845 2817 fruimur,
2893 2763 2951 2806 ut
3004 2754 3093 2821 qui
3149 2768 3272 2807 cum
3304 2751 3443 2806 bona

1864 2854 1959 2907 spe
2000 2855 2063 2893 ac
2130 2839 2331 2895 ﬁducia
2387 2841 2555 2894 vitam
2615 2852 2805 2911 agunt,
2840 2844 2907 2898 ab
2955 2843 3103 2897 omni
3135 2841 3447 2896 inordinate

1866 2947 2050 2986 errore
2081 2936 2146 2984 ad
2202 2942 2409 2987 rectum
2446 2934 2737 2997 tramitem,
2787 2934 3024 2989 tenebris
3079 2935 3146 2987 ad
3178 2933 3378 2997 lucem,
3411 2951 3447 2987 ιι

1865 3037 2035 3079 morte
2055 3026 2288 3094 denique
2319 3028 2384 3081 ad
2424 3029 2593 3081 vitam
2623 3027 2998 3082 traducantur.
3041 3028 3217 3095 Atque
3254 3037 3311 3080 ut
3336 3026 3437 3082 hu-

1858 3115 1946 3181 jus
1971 3119 2190 3172 remedii
2232 3119 2310 3174 vis
2338 3135 2402 3173 ac
2438 3119 2611 3172 virtus
2649 3118 2957 3174 necessaria
3003 3120 3095 3184 sit,
3129 3129 3326 3174 cuncta
3359 3118 3435 3173 uti

162 3207 362 3279 ξαμεν,
394 3209 579 3274 καθὼς
610 3213 951 3284 προείρηται,
977 3215 1070 3267 ἐπὶ
1094 3216 1269 3270 πάντα
1297 3217 1363 3270 τά
1385 3218 1482 3288 τῆς
1502 3218 1755 3273 δεισιδαι-

1863 3208 1962 3272 iam
1999 3210 2236 3264 diximus
2266 3213 2670 3281 superstitionis
2705 3220 2901 3266 vestrae
2957 3210 3339 3276 conciliabula,
3381 3211 3436 3263 id

162 3302 361 3372 μονίας
390 3301 501 3373 (10)
537 3304 691 3374 ὑμῶν
714 3307 984 3376 συνέδρια,
1022 3308 1239 3361 πάντων
1284 3310 1426 3380 φημὶ
1462 3310 1569 3365 τῶν
1603 3301 1754 3385 αἱρεί-

156 3391 336 3445 τικῶν
376 3394 503 3457 τοὺς
539 3396 878 3467 εύκτηρίους,
928 3397 1043 3467 εἴγε
1092 3400 1414 3471 εύκτηρίους
1466 3404 1750 3474 ὀνομάζειν

156 3484 349 3548 οἴκους
382 3487 671 3558 προσήκει,
709 3488 1107 3561 ἀφαιρεθέντας
1154 3492 1266 3565 (11)
1317 3493 1745 3567 ἀναντιρρήτῳς,

155 3579 226 3647 τῇ
264 3576 527 3649 καθολικῇ
574 3580 873 3654 Ἐκκλησία
892 3584 1060 3654 χωρίς
1085 3601 1228 3647 τινος
1258 3584 1603 3651 ὑπερθέσεως
1646 3605 1749 3640 πα-

159 3668 478 3740 ραδοθῆναι,
530 3673 656 3733 τοὺς
700 3672 756 3726 δὲ
807 3673 1028 3737 λοιποὺς
1078 3675 1277 3739 τόπους
1301 3680 1413 3741 τοῖς
1468 3678 1747 3750 δημοσίοις

153 3760 584 3832 πῳσκριθῆναι,
616 3766 712 3817 καὶ
754 3766 890 3837 μηδὲ
926 3768 1056 3836 μίαν
1096 3767 1223 3836 ὑμῖν
1255 3770 1335 3832 είς
1380 3770 1441 3823 τὸ
1474 3771 1602 3841 ἑξῆς
1649 3772 1743 3826 τοῦ

157 3858 493 3922 συναγαγεῖν
530 3856 641 3926 (12)
671 3858 971 3929 εὐμάρειαν
1012 3863 1447 3934 περιλειφθῆναι,
1495 3865 1644 3929 ὅπως
1682 3867 1745 3919 ἐκ

150 3945 257 4015 τῆς
286 3946 592 4018 ἐνεστώσης
624 3951 858 4022 ἡμέρας,
889 3954 947 4005 ὲν
989 3954 1177 4023 μηδενὶ
1211 3956 1361 4028 τόπῳ
1409 3958 1544 4029 μήτε
1573 3958 1742 4028 δημο-

152 4040 260 4109 σίῳ
308 4040 431 4110 μήτ’
480 4042 766 4113 ἰδιωτικῷ.
821 4044 892 4097 τὰ
944 4046 1179 4117 ἀθέμιτα
1214 4049 1369 4118 ὑμῶν
1423 4057 1742 4121 συστήματα

150 4128 514 4202 ἀθροισθῆναι
537 4133 805 4208 τολμήσῃ.
844 4135 1172 4208 Προτεθήτω
1207 4139 1342 4211 (15).
1386 4159 1405 4190 ι

673 4224 1066 4281 ΚΕΦΑΛΑΙΟΝ
1091 4228 1225 4295 scr.

155 4311 955 4392 Ὀπωςμβιόἴζὶωνγὰθεμίζων
975 4322 1111 4392 παρ’
1132 4323 1337 4389 αὐτοῖς
1358 4326 1738 4392 εὑρεθέντων,

218 4386 445 4468 πολλοί
466 4386 582 4468 τῷν
596 4386 901 4468 αΙρετικῶν
913 4393 999 4457 εἰς
1013 4391 1126 4460 τὴν
1140 4386 1383 4448 Malm
1393 4386 1466 4464 ἰιὶ*
1494 4386 1740 4468 Ἐκκληξ

220 4456 374 4509 σίαν
405 4456 664 4526 ὑπέστρε
672 4463 812 4526 εὗσαν.

220 4546 381 4601 Οὕτω
412 4549 511 4621 μὲν
544 4550 613 4604 τά
648 4551 757 4605 τῶν
804 4553 1123 4624 ἑτεροδόξων
1171 4557 1538 4631 ἐγκρύμματα
1584 4559 1733 4631 βασις
1766 4550 1811 4604 Ῑ)

218 4774 335 4849 (10)
396 4774 549 4846 Vulg.
593 4776 713 4831 ὑπὸ
741 4775 938 4832 πάντα
966 4779 1035 4832 τὰ
1083 4779 1195 4847 τῆς
1243 4779 1729 4849 δεισιδαιμονίας.

142 4845 328 4920 Prima
396 4845 745 4920 voxdeleuda
802 4861 883 4901 est
914 4860 1096 4916 utpote
1145 4845 1440 4920 superﬂua.
1478 4845 1529 4903 in
1574 4845 1730 4918 lt‘ukl,

145 4918 321 4990 fiavil.
347 4926 402 4970 et
428 4917 670 4990 ATurnebi
692 4920 969 4975 eodicibus
999 4922 1196 4990 legitur
1219 4917 1325 4974 ἐπὶ
1359 4925 1555 4988 πάντα,
1595 4917 1733 4980 forte

138 4986 356 5042 ἐπίπαν
378 4988 465 5048 τά.
502 5000 604 5042 etc.

217 5059 333 5132 (11)
384 5058 858 5132 Ἀρᾳιρεθέντας.
906 5061 1041 5116 Male
1068 5061 1588 5130 Christophorsouus
1616 5080 1730 5118 ver-

145 5129 450 5183 Iit'dirula.
478 5129 659 5197 Neque
694 5131 835 5184 enim
860 5131 1248 5186 Constantinus
1282 5129 1528 5187 basilicas
1558 5136 1731 5188 haere-

142 5201 379 5271 ticorum
446 5201 584 5254 dirui
637 5201 809 5269 jubet,
864 5205 956 5255 sed
1005 5204 1135 5271 ipsis
1183 5203 1343 5256 adimi
1376 5217 1430 5258 et
1474 5205 1731 5259 Ecclesia:

139 5269 439 5343 catholicae
468 5272 630 5343 tradi.
663 5271 880 5343 Similes
905 5269 1037 5326 sunt
1058 5274 1441 5343 imperatorum
1471 5277 1730 5328 constitu-

139 5340 321 5395 tiones
352 5340 404 5393 iu
458 5342 648 5396 codice
699 5341 1101 5405 Theodosiano,
1135 5340 1290 5398 titulo
1330 5346 1394 5397 de
1443 5343 1723 5398 lim-elicis.

137 5407 320 5484 Bono
346 5412 547 5484 abhinc
568 5411 908 5467 Constantini
938 5412 1057 5479 lege
1077 5416 1289 5484 excepti
1336 5416 1483 5483 prius
1517 5416 1730 5470 fuerant

140 5481 460 5554 iVoVatiani,
492 5492 547 5554 ut
572 5492 718 5550 patet
747 5500 812 5537 ex
849 5485 961 5554 lege
985 5484 1042 5548 2,
1077 5481 1265 5538 eodem
1296 5481 1471 5538 titulo.
1534 5485 1725 5539 Verum

141 5553 246 5605 hac
274 5553 463 5605 ultima
500 5552 837 5607 Constantini
886 5552 1187 5614 sanctione.
1217 5571 1322 5608 una
1352 5572 1471 5609 eum
1517 5560 1730 5611 caeteris

138 5622 415 5677 haereticis
454 5633 508 5694 et
537 5623 898 5678 schismaticis
925 5625 1303 5694 comprehensi
1333 5638 1476 5680 sunt.

209 5695 327 5763 (12)
370 5692 920 5764 Τοῦίσυναγαγεῖν.
974 5692 1192 5750 Rectius
1250 5696 1301 5749 in
1356 5698 1540 5751 codice
1591 5695 1722 5750 Fuk.

136 5765 401 5818 scribitur
435 5763 532 5817 τοῦ
562 5763 836 5831 συνάγειν.
874 5766 1003 5819 Nam
1053 5766 1306 5834 συνάγειν
1346 5768 1619 5835 proprium
1644 5779 1727 5821 est

135 5836 301 5907 hujus
332 5836 409 5891 rei
450 5836 794 5892 vocabulum.
841 5835 1023 5893 Latini
1059 5853 1165 5894 uno
1209 5838 1373 5893 verbo
1402 5839 1587 5894 dicunt
1614 5840 1723 5891 col-
1761 5909 1783 5917 ς

1853 3311 1959 3366 est,
1989 3303 2231 3357 omnium
2270 3305 2658 3358 haereticorum
2686 3303 2946 3369 oratoria,
2986 3303 3029 3356 si
3080 3312 3260 3355 tamen
3314 3316 3435 3356 ora-

1856 3394 1993 3448 toria
2041 3394 2146 3451 dici
2201 3396 2422 3459 debent,
2479 3398 2600 3451 sine
2663 3396 2773 3449 ulla
2831 3390 3265 3450 contradictione
3302 3394 3433 3464 ipsis

1852 3489 2126 3555 adempta,
2192 3489 2476 3544 catholicae
2534 3488 2792 3543 Ecclesia:
2864 3488 3242 3541 incunctanter
3291 3487 3431 3540 tradi

1850 3580 2244 3648 prmcepimus:
2301 3581 2512 3650 reliqua
2564 3591 2744 3636 autem
2809 3580 2927 3636 ioca
2976 3579 3432 3650 publicoadjudi-

1847 3673 1990 3737 cari;
2021 3686 2119 3726 nec
2150 3672 2311 3726 ullant
2351 3674 2609 3742 deinceps
2631 3689 2698 3728 eo
2752 3672 3111 3728 conveniendi
3146 3662 3430 3727 licentiam

1848 3765 2002 3821 vobis
2067 3765 2327 3833 relinqui.
2371 3766 2519 3818 Adeo
2582 3774 2641 3817 ut
2700 3780 2729 3819 a
2785 3765 3036 3833 praesenti
3114 3764 3223 3828 die,
3278 3763 3430 3818 nullo

1847 3871 2071 3924 prorsus
2100 3858 2151 3910 in
2206 3856 2326 3911 loco
2368 3867 2475 3909 tam
2512 3857 2726 3927 publico
2766 3872 2927 3926 quam
2981 3857 3216 3925 privato,
3256 3856 3428 3926 illegi-

1845 3947 2015 4016 gitimi
2070 3947 2236 4001 vestri
2290 3956 2467 4000 cretus
2526 3947 2763 4000 audeant
2848 3948 3163 4001 convenire.
3225 3944 3429 4014 Propo‘

1845 4047 2025 4092 natur.
2058 4058 2079 4089 ι

2415 4217 2645 4273 CAPUT
2687 4216 2868 4272 LXVI.

1853 4309 2126 4375 Quomodo
2191 4310 2408 4379 nefariis
2463 4310 2613 4365 libris
2664 4312 2804 4378 apud
2861 4310 3134 4365 ha'relicos
3183 4315 3429 4378 repertis,

1912 4380 2130 4449 plurimi
2180 4397 2360 4434 eorum
2427 4382 2496 4434 ad
2554 4383 2867 4435 catholicam
2934 4382 3181 4436 redierint
3241 4383 3419 4436 Eccle—

1909 4467 1989 4503 διιι
1999 4468 2067 4505 ιιι.

1909 4544 2023 4599 lloc
2073 4545 2240 4616 igitur
2298 4546 2457 4601 modo
2491 4545 2870 4600 luereticorum
2913 4544 3113 4600 cubilia
3150 4545 3419 4615 imperiali

1836 4791 2015 4857 (igere,
2044 4800 2097 4844 ut
2129 4790 2375 4860 plurimis
2398 4791 2663 4861 exemplis
2688 4791 2905 4858 probari
2934 4799 3133 4861 potest.
3180 4788 3335 4861 Unde
3360 4806 3405 4847 Θι

1834 4861 2053 4914 collecta
2076 4859 2143 4916 ab
2176 4863 2365 4915 iisdem
2423 4859 2584 4926 dicta,
2612 4877 2731 4930 qua:
2760 4861 2944 4915 Graece
2970 4859 3209 4929 σύναξις.
3245 4860 3407 4929 Opta-

1838 4933 1922 4985 tu‘s
1946 4933 1997 4985 in
2030 4932 2166 4987 libro
2198 4948 2253 4991 ιι,
2282 4933 2367 4985 ubi
2394 4932 2459 4985 de
2476 4934 2745 5001 episcopis
2772 4932 3175 4984 Donatistarum
3204 4932 3255 4984 iu
3280 4932 3413 4985 urbe

1837 5001 2003 5054 Roma
2039 5002 2273 5072 loquitur
2304 5018 2316 5052 :
2349 5020 2366 5052 ι
2403 5003 2506 5056 Sed
2533 5000 3007 5071 quiaquihusdam
3036 5000 3190 5056 Afris
3222 5003 3414 5058 urbi“:

1835 5074 2113 5139 placuerat
2140 5074 2501 5127 commoratio
2522 5114 2535 5132 ,
2566 5082 2620 5127 et
2652 5074 2780 5125 hinc
2816 5088 2844 5123 a
2876 5072 3033 5125 vobis
3063 5072 3287 5140 profecti
3325 5075 3411 5125 vis-

1835 5143 2124 5206 debautur,
2180 5144 2281 5211 ipsi
2315 5145 2616 5212 petierunt,
2657 5153 2715 5196 ut
2746 5142 2940 5210 aliquis
2995 5142 3248 5212 hiuc__qni
3288 5141 3401 5202 illos

1833 5212 2113 5283 colligeret
2144 5210 2471 5267 mitteretur.
2512 5232 2530 5264 ι
2570 5214 2634 5267 Ει
2659 5213 2816 5282 paulo
2847 5220 2969 5281 post
3002 5229 3017 5266 :
3049 5229 3069 5262 ι
3108 5210 3224 5266 Non
3259 5213 3402 5269 enim
3458 5238 3461 5241 ·

1832 5299 1961 5351 grex
1990 5293 2083 5337 aut
2114 5284 2344 5353 populus
2376 5284 2679 5351 appellandi
2730 5283 2947 5337 fuerant
2973 5283 3151 5350 pauci,
3186 5285 3274 5351 qui
3321 5283 3406 5338 in-

1834 5365 1917 5407 ter
1942 5354 2328 5425 quadraginta,
2349 5354 2563 5422 etquod
2592 5353 2867 5417 excurrit,
2899 5353 3177 5420 basilicas,
3226 5357 3408 5411 locum

1831 5425 1921 5477 ubi
1952 5424 2272 5493 colligerent
2299 5440 2417 5493 non,
2434 5425 2727 5478 habebant.
2767 5443 2785 5476 ι

1902 5495 2013 5562 (15)
2045 5492 2206 5563 vulg.
2230 5492 2543 5565 τολμήσει,
2559 5493 2915 5563 προτεθήτω.
2936 5492 3190 5548 Ultimam
3213 5508 3400 5550 vocem

1830 5581 1936 5618 non
1963 5565 2221 5618 intellexit
2246 5566 2789 5635 Christophorsonus,
2814 5581 2932 5634 qua
2958 5565 3164 5633 legibus
3194 5576 3396 5620 etcon-

1829 5636 2197 5690 stitutiouibus
2215 5637 2513 5706 principum
2532 5637 2656 5691 addi
2687 5635 2909 5706 solebat,
2938 5636 3096 5704 idque
3126 5635 3395 5692 interdum

1830 5721 1994 5759 manu
2021 5706 2280 5774 ipsorum.
2311 5706 2401 5761 Sic
2428 5708 2479 5760 in
2509 5707 2719 5761 novella
2749 5705 3035 5761 Theodosii
3082 5707 3146 5761 de
3188 5707 3393 5760 reddito

1824 5776 1949 5844 jure
1982 5792 2252 5829 armorum
2282 5777 2478 5847 legitur
2512 5797 2523 5831 :
2562 5794 2581 5827 ι
2621 5777 2684 5830 Ει
2732 5792 2891 5847 manu
2921 5777 3104 5847 divina
3143 5798 3153 5831 :
3196 5776 3381 5843 Propu-

1831 5856 1988 5899 natur
2035 5845 2393 5903 (intentissima
2448 5850 2610 5902 nostri
2664 5846 2875 5920 populo.
2907 5845 3103 5910 Rom;
3155 5866 3174 5899 ι
3226 5855 3279 5901 et
3326 5848 3393 5899 ad
