3882 6262
251 293 385 352 {liii

1345 289 1436 344 DE
1479 287 1636 344 VITA
1673 284 2134 344 CONSTANTINI
2173 286 2300 345 LIB.
2346 288 2438 344 IV.

3365 291 3500 348 “(3‘3

247 412 287 483 ἡ
341 408 460 463 θεία
506 406 664 480 μῆνις
714 407 821 461 τῶν
878 407 1002 478 τῇδε
1068 406 1404 468 ἀπελάσασα,
1451 408 1564 470 τοῖς
1637 403 1822 474 ὑμετέ-

1936 403 2108 459 instar
2137 405 2377 460 fulminis
2414 408 2688 476 ingruens,
2716 407 2956 477 fugatum
2986 424 3053 464 ex
3079 409 3282 464 nostris
3320 412 3498 478 regio-

254 520 370 574 ροις
435 501 624 572 μέρεσι
695 500 1064 572 παραδέδωκε,
1130 500 1230 568 τῆς
1286 500 1370 552 ἐπ’
1435 499 1582 568 αὑτῷ
1642 497 1830 566 αἰσχύ-

248 609 351 662 νης
401 591 511 661 (40)
549 590 976 662 πολυθρύλλητον
1007 591 1067 644 τὸ
1097 591 1224 662 παρ’
1250 591 1379 660 ὑμῖν
1413 590 1668 660 τρόπαιον
1703 589 1830 641 ἀπο-

255 685 529 754 φήναντα.
549 703 568 736 ι

772 774 1167 828 ΚΕΦΑΛΛῘΟΝ
1211 773 1309 828 IB'.

256 865 379 919 Ὅτι
413 866 531 920 τῶν
563 861 683 935 μὲν
712 867 973 920 διωκτῶν
1001 865 1121 921 εἶδε
1157 868 1264 933 τὰς
1283 867 1557 932 πτώσεις,
1587 866 1834 935 εὐθυμεῖ

366 937 432 990 δὲ
462 937 578 990 νῦν
603 938 697 990 διὰ
729 955 840 1006 την
891 938 999 992 τῶν
1058 937 1418 1004 Χριστιανῶν
1447 938 1713 1005 εἰρήνην.

331 1049 351 1083 ι
395 1031 552 1084 Ἀλλὰ
577 1031 684 1102 γὰρ
717 1033 796 1096 εἰς
821 1032 984 1085 καλὸν
1009 1033 1181 1085 ἐκεῖνο
1215 1029 1625 1102 προκεχώρηκε,
1660 1030 1719 1083 τὸ
1769 1034 1827 1086 ἐν

248 1123 332 1193 τῷ
366 1124 484 1176 καθ’
510 1125 655 1194 ἡμᾶς
681 1123 833 1176 αἰῶνι
865 1124 961 1195 τὴν
997 1125 1104 1178 τῶν
1143 1125 1396 1177 τοιούτων
1430 1125 1699 1196 τιμωρίαν
1727 1141 1826 1177 πε-

255 1213 456 1282 ριφανῆ
485 1211 775 1282 δειχθῆναι·
803 1212 1010 1265 ἐπεῖδον
1035 1213 1141 1284 γὰρ
1170 1214 1264 1266 καὶ
1297 1213 1456 1277 αὐτὸς
1474 1213 1580 1266 τῶν
1599 1215 1824 1286 ἔναγχος

249 1301 533 1370 ἀθεμίτοις
563 1301 944 1372 προστάγμασι
972 1303 1061 1356 τὸν
1084 1303 1159 1373 τῷ
1181 1302 1297 1372 Θεῷ
1322 1304 1673 1375 ἀνακείμενον
1700 1305 1824 1358 λαὸν

246 1393 687 1464 ἐκταραξάντων.
721 1395 810 1446 Διὸ
843 1394 904 1466 δὴ
939 1395 1030 1447 καὶ
1064 1394 1229 1466 πολλὴ
1265 1395 1424 1468 χάρις
1457 1396 1535 1466 τῷ
1571 1396 1708 1466 Θεῷ,
1742 1397 1824 1449 ὃτι

244 1487 436 1558 τελείᾳ
469 1487 692 1558 προνοίᾳ
735 1489 841 1540 πᾶν
863 1487 924 1539 τὸ
955 1485 1289 1558 ἀνθρώπινον
1314 1487 1376 1538 τὸ
1408 1487 1708 1558 θεραπεῦον
1733 1489 1823 1540 τὸν

245 1576 395 1630 θεῖον
415 1578 595 1648 νόμον,
620 1578 970 1647 ἀποδοθείσης
1004 1579 1184 1641 αὐτοῖς
1208 1578 1304 1648 τῆς
1335 1580 1575 1649 εἰρήνης,
1605 1579 1823 1646 ἀγάλλε-

242 1687 344 1723 ται
402 1672 496 1724 καὶ
530 1673 748 1742 γαυριᾷ.
793 1669 1070 1723 Ἐντεῦθεν
1120 1671 1213 1724 καὶ
1248 1673 1379 1742 ἡμῖν
1411 1672 1591 1736 αὐτοῖς
1630 1673 1822 1725 πέπει-

244 1779 411 1832 σμαι,
439 1762 512 1825 ὡς
533 1762 893 1830 aquatum
917 1763 1008 1814 καὶ
1025 1762 1407 1832 ἀσφαλέστατα
1427 1761 1570 1832 ἔχειν
1588 1762 1818 1827 ἅπαντα,
1856 1752 1896 1805 Β

240 1854 413 1906 ὁπότε
439 1854 524 1906 διὰ
558 1854 652 1924 τῆς
678 1852 898 1906 ἐκείνων
924 1853 1168 1924 καθαροῖς
1195 1871 1253 1906 τε
1277 1858 1374 1906 καὶ
1401 1853 1624 1923 δοκίμου
1689 1853 1823 1924 θρη-

245 1945 464 2007 σκείας,
505 1947 568 1997 ἐκ
611 1945 709 2014 τῆς
739 1946 865 2015 περὶ
892 1944 953 1997 τὸ
981 1945 1122 1997 θεῖον
1171 1943 1486 2014 συμφωνίας
1517 1944 1719 2006 πάντας
1747 1946 1824 2006 εἰς

241 2037 439 2090 ἑαυτὸν
459 2036 696 2108 ἀγείρειν
731 2036 886 2100 ἀξιοῖ.
943 2054 964 2088 ι
1572 2047 1576 2052 ’

771 2219 1167 2272 ΚΕΦΛΛΑΙΟΝ
1212 2219 1311 2280 ΙΡ.

243 2310 674 2378 Παρακλήσεις
708 2309 862 2364 ὥστε
902 2311 1040 2386 τοὺς
1082 2312 1218 2386 παρ’
1249 2307 1409 2373 αὐτῷ
1434 2310 1827 2376 Χριστιανοὺς

905 2383 1167 2449 ἀγαπᾷν.

328 2491 346 2523 ι
382 2471 580 2526 Τούτου
607 2473 700 2525 τοῦ
730 2472 1024 2541 καταλόγου
1061 2471 1171 2541 (41)
1198 2471 1302 2525 τῶν
1332 2472 1649 2544 ἀνθρώπων,
1685 2471 1828 2540 λέγω

237 2563 316 2634 δὴ
353 2564 460 2616 τῶν
487 2565 845 2635 Χριστιανῶν,
876 2557 949 2619 ὧν
972 2565 1112 2635 ὑπὲρ
1128 2561 1330 2617 τούτων
1355 2566 1382 2615 ὁ
1399 2566 1505 2627 πᾶς
1533 2582 1621 2635 μοι
1647 2564 1825 2631 λόγος,

240 2657 372 2718 πῶς
412 2657 511 2709 οἴει
547 2675 612 2727 με
635 2657 859 2727 ἥδεσθαι
895 2657 1179 2721 ἀκούοντα,
1215 2659 1295 2710 ὅτι
1325 2658 1418 2710 καὶ
1442 2657 1538 2727 τῆς
1569 2657 1826 2726 Περσίδος

235 2747 319 2800 τὰ
346 2747 610 2818 κράτιστα
631 2748 1189 2819 ὲπιπλεῖστον,ίῖ›σπερ
1223 2747 1335 2800 ἐστι
1368 2764 1456 2817 μοι
1501 2746 1826 2818 βουλομένῳ,

236 2839 609 2910 κεκόσμηται.
648 2840 736 2891 Σοί
760 2842 806 2892 τ’
835 2835 926 2891 οὖν
948 2840 1035 2902 ὡς
1074 2841 1155 2891 ὅτι
1181 2839 1465 2900 κάλλιστα,
1498 2838 1724 2902 ἐκείνοις
1780 2838 1827 2891 θ’

234 2927 506 2991 ὡσαύτως
526 2928 846 2999 ὑπάρχοιτά
861 2929 1139 2989 κάλλιστα,
1157 2930 1184 2981 ὃ
1213 2947 1262 2981 τι
1295 2930 1376 2982 σοὶ
1399 2930 1673 2993 κάκείνοις
1692 2930 1826 3000 (42).

237 3019 407 3074 Οὕτω
453 3020 559 3092 γὰρ
596 3020 735 3083 ἕξεις
785 3021 876 3073 τὸν
926 3020 1034 3072 τῶν
1091 3020 1224 3074 ὅλων
1282 3022 1558 3092 Δεσπότην
1617 3021 1828 3092 πατέρα

237 3112 383 3164 Θεὸν
405 3113 534 3182 (45),
556 3113 682 3166 ἵλεω
713 3114 805 3166 καὶ
835 3114 1054 3184 εὐμενῆ.
1078 3115 1310 3177 Τούτους
1333 3114 1619 3186 τοιγαροῦν
1636 3115 1822 3188 ἐπειδὴ
1854 3087 1897 3145 c

236 3204 501 3268 τοσοῦτος
534 3201 605 3267 εἷ,
643 3206 722 3258 σοὶ
759 3205 1146 3277 παρατίθεμαι,
1185 3207 1310 3270 τοὺς
1356 3208 1550 3272 αὐτοὺς
1580 3207 1820 3272 τούτους,

237 3299 330 3352 ὅτι
366 3299 460 3350 καὶ
502 3298 750 3369 εὐσεϐείᾳ
801 3298 1067 3368 ἐπίσημος
1128 3295 1197 3363 εἷ,
1253 3301 1560 3371 ἐγχειρίζω,
1603 3300 1824 3363 τούτους

239 3388 437 3456 ἀγάπα
463 3389 732 3460 ἁρμοδίως
755 3391 850 3460 τῆς
870 3390 1092 3442 σεαυτοῦ
1127 3390 1548 3461 φιλανθρωπίας·
1585 3391 1731 3462 αύτῴ
1763 3409 1824 3444 τε

239 3481 355 3552 γὰρ
377 3484 472 3534 καὶ
511 3483 640 3552 ἡμῖν
663 3483 1069 3554 ἀπερίγραπτον
1109 3481 1299 3546 δώσεις
1337 3483 1426 3536 διὰ
1457 3484 1557 3554 τῆς
1589 3485 1825 3548 πίστεως

239 3578 348 3642 τὴν
377 3575 444 3645 χά
452 3591 554 3645 ριν.
587 3592 607 3626 ι

775 3759 1168 3813 ΚΕΦΑΛΑΙΟΝ
1198 3763 1295 3814 1Δ’.

247 3853 452 3918 Ὅπως
481 3853 849 3920 Χριστιανοῖς
884 3835 1000 3922 μὲν·
1054 3850 1132 3924 ἦν
1177 3855 1403 3924 εἰρήνη,
1432 3853 1674 3921 σπουδῇ
1703 3852 1821 3904 τῶν

609 3925 1059 3977 Κωνστίιντίνου
1079 3922 1472 3992 προσευχῶν.

313 4015 470 4068 Οὕτω
509 4016 572 4088 δὴ
610 4015 792 4069 λοιπὸν
841 4016 948 4068 τῶν
993 4015 1304 4086 ἁπανταχοῦ
1357 4015 1457 4085 τῆς
1495 4014 1822 4085 οἰκουμένης

238 4110 417 4164 ἐθνῶν
445 4110 630 4182 ῶσπερ
673 4112 760 4179 ὑφ’
790 4111 869 4163 ἑνὶ
908 4109 1214 4181 κυϐερνήτῃ
1259 4109 1702 4178 διευθυνομένων,
1733 4110 1824 4160 καὶ

1934 495 2090 552 nibus
2120 510 2330 553 vestras
2360 502 2412 555 in
2462 510 2636 558 terras
2681 502 3072 569 transportavit
3103 519 3118 552 :
3154 503 3244 565 qui
3279 500 3494 569 quidem

1931 603 2028 642 suo
2051 591 2315 646 dedecore
2347 603 2512 664 atque
2544 596 2840 665 ignominia
2873 605 3129 665 troparum
3159 594 3498 648 illud-tanto-

1929 696 2061 749 pere
2089 699 2116 736 a
2153 686 2309 739 vobis
2330 684 2595 752 iactatum
2636 688 2977 742 constituit.’

2516 777 2744 832 CAPUT
2793 776 2904 830 XII.

1931 862 2086 925 Quod
2111 877 2504 933 persecuturum
2535 871 2742 920 ruinam
2778 869 2984 926 uiderit,
3030 869 3271 936 quodque
3297 870 3404 933 iam
3433 871 3496 922 ob

2278 937 2700 992 Christianorum
2718 955 2894 1006 pacem
2914 939 3143 992 lwtatur.

2004 1043 2023 1076 ι
2063 1025 2347 1081 Enimvero
2361 1031 2643 1083 commode
2668 1029 2866 1083 factum
2895 1029 3127 1093 videtur,
3147 1031 3286 1098 quod
3313 1003 3494 1085 nostra

1926 1133 2139 1188 quoque
2187 1129 2342 1175 aetate
2384 1120 2694 1187 hujusmodi
2748 1122 2999 1176 homines
3057 1124 3502 1181 manifestissime

1925 1224 2116 1277 pmnas
2149 1211 2436 1265 dederunt.
2478 1211 2610 1266 Nam
2657 1221 2709 1266 ct
2764 1228 2865 1280 ego
2905 1223 3178 1282 spectator
3210 1213 3283 1267 fui
3320 1214 3500 1268 exitus

1929 1301 2163 1367 illorum,
2187 1304 2276 1371 qui
2308 1319 2481 1373 nuper
2508 1303 3214 1372 iniquissimisjussionibus
3245 1304 3498 1372 populum

1927 1393 2036 1447 Deo
2061 1407 2439 1450 consecratum
2472 1398 2907 1465 exagitaverant.
2956 1397 3188 1450 Proinde
3235 1398 3500 1452 maximas

1928 1488 2034 1541 Deo
2056 1489 2257 1556 gratias
2285 1505 2404 1559 ago,
2437 1489 2588 1556 cujus
2624 1491 2885 1560 singulari
2917 1491 3254 1560 providentia
3315 1492 3496 1545 cuncti

1925 1579 2178 1634 mortales
2201 1581 2291 1648 qui
2321 1582 2562 1635 divinam
2598 1582 2771 1651 legem
2801 1584 3116 1646 observant,
3147 1583 3353 1636 reddita
3381 1582 3484 1636 sibi

1923 1686 2058 1740 pace
2085 1672 2359 1726 exsultant
2399 1688 2462 1727 ac
2501 1675 2759 1744 gestiunt.
2789 1676 2867 1729 Ex
2898 1691 3005 1744 quo
3023 1676 3180 1743 plane
3213 1676 3343 1728 mihi
3375 1691 3500 1745 pcr-

1924 1766 2148 1828 suadeo,
2177 1767 2479 1822 rectissime
2509 1768 2689 1821 omnia
2733 1783 2796 1821 ac
2847 1767 3118 1820 tutissime
3167 1781 3226 1820 se
3271 1767 3496 1835 habere,

1925 1874 2046 1913 cum
2091 1874 2189 1929 per
2242 1876 2431 1926 puram
2487 1877 2552 1914 ac
2610 1863 2883 1916 sinceram
2934 1859 3144 1912 illorum
3179 1859 3502 1928 religionem

1926 1967 2127 2020 perque
2185 1954 2511 2007 concordem
2568 1955 2633 2006 de
2669 1954 2852 2007 divino
2887 1949 3120 2004 Numine
3167 1952 3496 2006 sententiain

1924 2058 2115 2097 omnes
2171 2045 2417 2099 homines
2468 2045 2536 2098 ad
2581 2045 2820 2115 seipsum
2878 2058 3178 2114 aggregare
3226 2045 3368 2099 Deus
3414 2044 3502 2098 di-

1925 2144 2137 2201 gnetur.
2171 2151 2192 2184 ι

2505 2224 2736 2281 CAPUT
2777 2224 2913 2280 XIII.

1928 2312 2241 2368 Exhortatio
2270 2325 2323 2368 ut
2345 2314 2671 2370 Christimios
2695 2317 2751 2368 in
2787 2313 3000 2368 Perside
3019 2323 3227 2381 agentes
3260 2314 3498 2366 benct'ole

2513 2389 2908 2455 complectatur.

2004 2474 2256 2542 «Quanta
2280 2492 2438 2546 porro
2471 2478 2738 2547 voluptate
2793 2493 2876 2532 me
2929 2478 3066 2532 allici
3110 2491 3324 2542 censes,
3373 2491 3494 2529 cum

1931 2570 2088 2623 audio
2123 2555 2174 2622 id
2200 2569 2346 2639 quod
2374 2569 2505 2623 mihi
2536 2571 2771 2624 maxime
2797 2571 2849 2624 in
2885 2572 3023 2625 votis
3055 2569 3370 2631 cst,horum
3400 2568 3500 2621 ho-

1930 2664 2133 2716 minum
2167 2662 2528 2725 multitudine,
2572 2664 3001 2718 Christianorum
3033 2663 3247 2718 scilicet
3272 2659 3361 2733 (de
3412 2660 3498 2714 his

1927 2754 2072 2810 enim
2105 2755 2156 2808 in
2189 2755 2478 2824 praesentia
2509 2737 3090 2824 loquor),nohil’i§sima
3113 2767 3340 2822 quaeque
3369 2749 3498 2807 Per-

1931 2847 2063 2900 sidis
2093 2845 2208 2898 loca
2240 2845 2396 2913 longe
2443 2844 2659 2914 lateque
2693 2859 2818 2899 esse
2846 2846 3124 2898 decorata.
3159 2843 3298 2912 Opto
3337 2842 3500 2912 igitur

1932 2947 2071 2992 utet
2131 2947 2233 2993 tua:
2280 2952 2366 2992 res
2392 2954 2553 3008 quam
2589 2937 3013 3002 ﬂorentissima},
3039 2945 3095 2990 et
3132 2937 3343 2990 illorum
3376 2951 3501 3004 pcr—

1934 3025 2059 3080 inde
2096 3025 2203 3080 sint
2248 3024 2646 3080 ﬂorentissima:
2684 3040 2701 3079 :
2733 3026 2833 3080 hoc
2867 3036 2950 3079 est
2979 3041 3040 3078 ut
3075 3033 3198 3090 tuae,
3233 3027 3312 3079 sic
3340 3023 3499 3096 533

1933 3117 2164 3171 illorum.
2195 3115 2308 3171 Hoc
2337 3117 2482 3170 enim
2521 3120 2679 3171 modo
2712 3133 2981 3171 summum
3033 3117 3275 3170 omnium
3323 3118 3502 3170 Domi-

1931 3223 2059 3259 num
2097 3223 2158 3260 ac
2203 3218 2487 3276 parentem
2545 3207 2734 3271 Deum,
2779 3208 3073 3276 propitium
3113 3224 3177 3264 ac
3224 3209 3500 3278 placatum

1931 3299 2215 3354 habiturus
2253 3314 2332 3353 es.
2367 3297 2474 3352 Hos
2517 3301 2716 3369 itaque,
2745 3300 3181 3370 quandoquidem
3219 3301 3340 3355 talis
3383 3309 3503 3355 lan-

1933 3402 2125 3460 tusque
2141 3407 2223 3457 es,
2254 3392 2348 3446 tibi
2379 3393 2719 3448 commendo.
2748 3392 2880 3461 Hos,
2913 3394 3352 3463 quandoquidem
3384 3394 3500 3464 pie-

1933 3496 2041 3539 tate
2062 3485 2302 3549 excellis,
2337 3485 2430 3537 tibi
2473 3485 2526 3538 in
2557 3499 2777 3538 manum
2805 3486 2978 3538 trado.
3010 3484 3118 3539 Hos
3158 3499 3255 3553 pro
3287 3495 3374 3538 tua
3404 3484 3504 3538 hu-

1933 3579 2193 3630 manitate
2227 3577 2610 3645 complectere.
2649 3577 2740 3630 Sic
2775 3577 2916 3630 enim
2956 3586 3012 3629 et
3042 3576 3137 3630 tibi
3183 3576 3282 3644 ipsi
3325 3585 3378 3630 et
3403 3591 3502 3628 no-

1929 3670 2032 3730 bis,
2071 3671 2171 3722 liae
2205 3677 2294 3722 tua
2325 3667 2432 3722 fide
2451 3668 2771 3722 immensum
2791 3667 3116 3728 beneﬁcium
3143 3663 3446 3735 praestabis.
3474 3685 3496 3718 ι

2507 3758 2735 3814 CAPUT
2763 3757 2906 3812 XIV.

1931 3853 2202 3918 Quomodo
2234 3854 2464 3907 assiduis
2486 3853 3094 3976 Cirtlstantiniprecibu:
3129 3869 3232 3918 pax
3267 3856 3392 3905 data
3425 3862 3503 3906 est

2603 3931 2887 3976 tristiams.

2603 3931 2887 3976 iristtam‘s.

2001 4017 2058 4071 In
2096 4017 2237 4070 hunc
2265 4017 2482 4071 modum
2510 4031 2630 4070 cum
2658 4030 2845 4071 omnes
2868 4013 3066 4083 ubique
3094 4028 3302 4084 gentes,
3335 4018 3506 4069 instar

1933 4109 2088 4163 navis
2110 4108 2387 4178 cujusdam
2415 4147 2431 4171 ,
2469 4108 2627 4162 unius
2657 4107 3040 4178 gubernatoris
3070 4119 3386 4165 regerentur
3418 4108 3504 4160 in-

320 4292 435 4371 (4οὶ
478 4292 630 4371 vulg.
685 4289 795 4369 τῆς
936 4287 1470 4371 -ai1vtéa:ctlo:xz_3rn§.
1492 4290 1554 4371 In
1587 4290 1819 4371 llistoria

1933 4300 2171 4371 pretatus
2196 4302 2298 4352 est,
2451 4292 2612 4370 vertit
2641 4309 2654 4344 :
2690 4290 2899 4371 Optime
2943 4291 3106 4371 igitur
3134 4301 3323 4352 tecum,
3356 4291 3506 4342 simt-

244 4361 564 4419 Theodnriti
616 4365 816 4414 rectius
850 4363 1059 4429 legitur,
1095 4361 1194 4428 τῆς
1246 4362 1330 4411 ὲπτ
1365 4361 1526 4430 αὐτῷ
1571 4363 1718 4430 αἰσχ.
1756 4379 1814 4412 π.

246 4436 308 4488 τὸ
336 4435 464 4505 παρ’
507 4435 634 4503 ὑμῖν
666 4431 921 4505 τρόπαιον
954 4429 1699 4505 ἀποφήναντι-,γειΙοιοίξιιιιιιιι
1743 4431 1821 4484 in-

249 4501 466 4569 telligit,
509 4501 596 4572 qui
634 4519 664 4557 a
699 4501 878 4556 Persis
909 4514 1119 4564 captus.
1161 4501 1377 4568 ignobili
1415 4502 1551 4572 apud
1583 4517 1674 4553 eos
1705 4517 1820 4553 Ser-

249 4577 423 4628 vitute
469 4571 772 4633 consenuit,
819 4583 872 4625 et
925 4573 1135 4640 privato
1180 4574 1441 4624 dedecore
1489 4571 1816 4637 triumphum

249 4646 543 4700 Persat‘uttt
591 4643 928 4704 nobilitavit,
978 4642 1028 4694 id
1074 4651 1156 4694 est
1202 4641 1482 4693 victoriam
1533 4641 1816 4693 Persarum

249 4717 318 4768 de
354 4715 612 4768 Romanis
663 4714 1070 4766 celeberrimam
1125 4711 1253 4762 fecit
1302 4725 1395 4762 sua
1452 4712 1617 4777 ipsius
1663 4712 1818 4773 igno-

251 4787 445 4838 minia.
493 4784 588 4836 llic
623 4793 705 4837 est
757 4799 945 4835 sensus
990 4783 1106 4842 ejus
1153 4780 1288 4842 loci,
1334 4796 1494 4848 quem
1543 4798 1644 4834 nec
1690 4779 1820 4847 Epi-

251 4856 644 4924 phaniustnec
680 4855 870 4924 reliqui
925 4854 1244 4924 interpretes
1287 4851 1522 4924 assecuti
1566 4861 1712 4904 sunt.
1763 4853 1816 4903 In

249 4921 444 4980 codice
487 4922 620 4978 Fuk.
668 4936 721 4976 et
771 4921 1004 4976 Turnebi
1059 4922 1250 4990 legitur
1309 4921 1667 4991 ἀποφήνασα,
1711 4938 1817 4976 non

251 4996 416 5049 male.

321 5065 450 5132 (4|)
517 5067 731 5119 Τούτου
807 5061 911 5116 τοῦ
978 5062 1344 5132 καταλόγου.
1384 5061 1619 5132 Rectius
1679 5061 1817 5127 apud

251 5131 640 5188 Theodoritnm
671 5135 861 5202 legitur
889 5132 1060 5202 τούτῳ
1088 5132 1166 5200 τῷ
1194 5131 1494 5201 καταλόγῳ.
1527 5131 1647 5184 Ηιιιο
1675 5133 1818 5202 enini

253 5204 561 5257 referuntur
592 5209 656 5256 ad
694 5200 910 5256 vet'bunt
937 5200 1303 5272 κεκόσμηται.
1331 5200 1457 5254 Matt
1483 5203 1659 5255 scribe
1681 5200 1820 5270 ὑπὲρ

255 5279 362 5344 γὰρ
388 5276 590 5327 τούτων
616 5291 681 5344 ex
711 5272 1038 5326 Theodorito
1067 5285 1121 5326 et
1151 5273 1473 5344 i‘iicephnro.

324 5341 437 5416 (42)
475 5346 622 5415 Vulg.
651 5343 682 5394 ὅ
742 5361 796 5396 τι
827 5344 924 5395 σοὶ
957 5344 1230 5416 κάκείνῳ.
1259 5345 1411 5416 Apud
1438 5341 1820 5416 Theodoritum

251 5427 305 5469 et
335 5413 697 5481 Nicephorum
740 5416 933 5483 legitur
959 5415 1016 5475 ὃς
1049 5416 1164 5465 ἐστι
1189 5415 1270 5466 σοὶ
1298 5413 1586 5475 κάκείνοις.
1619 5413 1674 5464 In
1710 5415 1822 5463 edi-

253 5490 406 5540 tione
449 5485 632 5539 Jucohi
678 5486 946 5538 Sirniondi
987 5487 1234 5552 legitttrB
1264 5502 1316 5537 τι
1361 5483 1505 5545 ἐστί,
1537 5493 1640 5535 etc.
1691 5483 1821 5547 Qua:

253 5560 423 5612 verba
464 5557 797 5623 Epiphanius
827 5553 1200 5608 Seliolasticus
1250 5559 1326 5609 sic
1372 5554 1558 5606 Latine
1613 5555 1818 5605 vertit:

255 5625 337 5680 Tu
377 5642 501 5695 ergo
541 5627 732 5693 optime
765 5627 1228 5695 gubernaveris,_si
1269 5627 1429 5693 lueris
1461 5627 1594 5677 sicut
1632 5624 1749 5695 illi,_
1767 5632 1818 5674 et

255 5692 503 5750 (tabat-eris
535 5692 803 5749 commune
843 5697 980 5763 quod
1024 5696 1126 5750 illi.
1153 5692 1467 5750 JoaChimus
1507 5706 1682 5746 autem
1711 5692 1819 5746 Ca-

257 5769 527 5822 merarius
568 5767 657 5833 qui
713 5763 1020 5820 Theodoriti
1070 5765 1362 5820 Historiam
1423 5765 1609 5820 Latine
1647 5767 1817 5819 inter-

586 5859 856 5918 ΡΑΤιιοι..
901 5857 1018 5918 Gtt.
1069 5859 1201 5918 ΧΧ.

1924 4363 2143 4431 literque
2182 4377 2300 4414 cum
2343 4361 2448 4415 illis
2501 4364 2692 4431 Optime
2741 4363 2938 4431 agitur,
2986 4363 3109 4431 quia
3160 4365 3506 4413 communiter

1922 4430 2339 4499 cum'utrisque.
2391 4431 2457 4484 Et
2510 4433 2589 4484 sic
2640 4430 2751 4484 fere
2794 4430 3034 4484 Joannes
3084 4430 3326 4496 Longus.
3375 4431 3503 4483 Mihi

1925 4511 2102 4556 tamen
2155 4502 2242 4555 hic
2292 4516 2482 4555 sensus
2551 4517 2654 4554 non
2714 4502 3003 4556 satis-facit.
3073 4501 3210 4555 Olim
3287 4501 3500 4564 quidem

1922 4572 2264 4624 scribendum
2327 4574 2618 4638 putabam,
2662 4573 2744 4624 ὅτι
2799 4573 2862 4624 σὺ
2910 4569 3212 4632 κάκείνοις,
3261 4570 3506 4623 κάκεῖνοί

1925 4658 2025 4693 σοι.
2055 4643 2224 4707 Quam
2255 4642 2536 4695 lectionem
2569 4643 2620 4693 in
2653 4643 2900 4696 versione
2934 4658 3050 4694 mea
3081 4652 3302 4693 secutus
3329 4657 3506 4693 erant.

1925 4711 2030 4764 Sed
2087 4727 2252 4776 nunc,
2291 4728 2347 4765 re
2391 4713 2649 4765 attentius
2695 4712 3029 4773 CanltIltHIa,
3064 4711 3380 4769 'l‘hcodoriti
3439 4726 3506 4764 ae

1924 4782 2210 4848 Nicephori
2262 4781 2546 4834 lectionem
2585 4784 2920 4836 retinendam
2963 4795 3183 4844 censeo,
3231 4791 3284 4834 et
3333 4791 3503 4833 totum

1925 4852 2097 4905 locum
2140 4853 2220 4905 sic
2270 4853 2640 4920 interpretor:
2679 4851 2814 4916 Opto
2855 4853 3036 4918 igitur,
3081 4862 3138 4904 ut
3182 4861 3230 4902 et
3276 4860 3382 4903 tua:
3423 4867 3508 4902 res

1921 4938 2078 4990 quam
2107 4921 2514 4989 ﬂorentissiutw,
2544 4931 2592 4974 et
2643 4922 2856 4974 illorum
2904 4922 3115 4985 perinde
3158 4926 3266 4972 sint
3305 4921 3506 4989 ﬂoren-

1924 4994 2160 5053 tissimae,
2208 4995 2307 5044 hoc
2337 5002 2448 5054 est,
2486 4993 2768 5060 utriusque
2811 5002 3049 5044 vestrum
3083 5007 3148 5045 ex
3197 5006 3372 5058 a'quo.
3429 4991 3505 5042 lia

1923 5079 2114 5114 sensus
2140 5073 2224 5115 est
2267 5063 2669 5130 apertiSsimus,
2696 5073 2750 5115 et
2783 5064 3066 5124 sequentia
3103 5064 3322 5130 egregie
3369 5074 3506 5113 cou-

1923 5133 2161 5203 venicnt,
2205 5142 2411 5203 tantum
2461 5132 2695 5203 ὑπάρχοι
2750 5133 2816 5203 in?
2860 5133 3102 5197 optativo
3156 5133 3504 5203 scribendum

1923 5202 2048 5273 erit.
2082 5202 2355 5256 Masculus
2384 5214 2532 5273 certe
2563 5201 2688 5270 legit
2715 5202 2975 5273 ὑπάρχοι.
3014 5203 3105 5256 Sic
3131 5202 3276 5273 enim
3308 5201 3501 5273 vertit:

1924 5272 2086 5324 Cedat
2129 5275 2290 5341 igitur
2324 5275 2376 5325 id
2413 5272 2506 5325 tibi
2553 5269 2746 5341 optime
2776 5269 2954 5325 et'iilis
2995 5272 3279 5330 similiter:
3312 5281 3362 5341 ει
3388 5269 3506 5330 tibi,

1925 5339 2160 5410 inquam,
2185 5354 2233 5396 et.
2268 5343 2396 5394 illis.
2431 5342 2486 5396 In
2520 5339 2704 5397 codice
2733 5342 2869 5396 Fuk.
2907 5343 3104 5414 legitur
3135 5343 3231 5394 ὃτι
3261 5339 3366 5404 σοί,
3390 5341 3506 5393 sine

1927 5415 2013 5485 illa
2052 5429 2180 5466 voce
2219 5414 2476 5485 κάκείνῳ.
2625 5483 2644 5485 _
2731 5483 2769 5485 _
2901 5484 2909 5485 ί
3195 5429 3197 5431 ’

1997 5483 2107 5552 (l5)
2145 5483 2376 5551 Πατέρα
2409 5479 2574 5537 Θεόν.
2624 5483 2680 5537 In
2730 5483 3060 5537 Theodorito
3104 5496 3166 5534 ac
3198 5479 3508 5548 Nicephoro

1927 5553 2121 5628 legitur
2161 5556 2354 5628 πρᾶον,
2385 5555 2511 5628 ἵλεώ
2536 5571 2593 5628 τε
2629 5556 2722 5608 καὶ
2764 5555 2987 5628 εὐμενῆ.
3039 5553 3148 5628 Nec
3181 5553 3336 5628 aliter
3382 5553 3510 5619 legit

1926 5624 2258 5691 Epiphanius
2300 5627 2687 5694 scholasticus,
2735 5637 2792 5680 ut
2832 5624 2905 5678 ex
2957 5624 3207 5679 versione
3241 5625 3358 5690 ejus
3408 5640 3504 5690 ap-

1929 5704 2098 5762 paret.

3108 5817 3254 5914 δι’
