3882 6262
327 303 463 361 “55

1400 305 1488 360 DE
1526 304 1683 361 VITA
1721 304 2172 360 CONSTANTINI
2212 306 2338 363 LIB.
2380 304 2470 361 IV.

3391 308 3529 362 “66

321 437 423 475 πον
469 419 577 492 (51)
614 420 838 485 διέθετο,
874 424 1074 494 σπουδῇ
1104 423 1341 496 ἐξάρχων
1390 424 1550 489 αὐτὸς
1574 425 1679 478 τῶν
1732 424 1870 478 ἔνδον

1978 426 2260 493 quamdam
2288 424 2430 479 velut
2474 422 2768 478 Ecclesiam
2811 420 2899 475 Dei
2948 420 3246 476 constituit.
3289 420 3361 475 Ae
3410 426 3527 478 dili-

318 514 843 585 ὲκκλησιαζομένων·
873 515 1006 585 μετὰ
1044 516 1227 586 χεῖράς
1259 516 1322 583 γέ
1349 533 1426 569 τοι
1449 516 1733 586 λαμϐάνων
1779 516 1877 578 τὰς

319 604 554 674 βίϐλους,
591 608 655 675 τῇ
692 604 798 657 τῶν
848 604 1213 658 θεοπνεύστων
1247 605 1439 674 λογίων
1471 607 1669 677 θεωρίᾳ
1712 624 1877 677 προσ-

314 697 496 764 ανεῖχε
516 694 603 746 τὸν
620 694 759 747 νοῦν·
793 690 891 747 εἴτ’
914 696 1075 765 εὐχὰς
1100 696 1387 766 ὲνθέσμους
1414 697 1508 750 σὺν
1532 699 1641 760 τοῖς
1673 696 1761 748 τὸν
1788 696 1878 765 βα·-

316 782 516 836 σίλειον
544 780 688 837 οἷκον
716 783 1011 855 πληροῦσιν
1035 785 1143 856 (52)
1177 785 1446 839 ἀπεδίδου.

832 970 1220 1023 ΚΕΦΑΛΑῘΟΝ
1255 970 1360 1023 IH'.

321 1059 440 1127 Τῆς
459 1058 757 1129 Κυριακῆς
784 1060 894 1128 τὴν
908 1060 1146 1183 ὖῖμεὲραν
1177 1060 1270 1137 κεῑὶ
1297 1057 1682 1128 παρασκευῆς
1708 1076 1879 1127 νομο-

942 1146 1016 1183 εσ
1041 1147 1078 1182 a
1101 1147 1293 1183 τιιιαν.

942 1146 1078 1183 εσια
1101 1147 1293 1199 tutata

389 1224 498 1275 Καὶ
525 1220 731 1293 ἡμέραν
771 1221 815 1275 δ’
866 1221 1039 1292 εὐχῶν
1084 1221 1331 1292 ἡγεῖσθαι
1382 1219 1726 1289 κατάλληλον,
1780 1220 1878 1290 τὴν

310 1315 511 1387 κυρίαν
540 1313 750 1383 άληθῶς
789 1314 883 1365 καὶ
914 1312 1131 1385 πρώτην
1170 1314 1334 1375 ὅντως
1362 1313 1641 1383 Κυριακήν
1675 1328 1737 1363 τε
1786 1309 1879 1364 καὶ

312 1407 601 1477 σωτήριον,
630 1404 899 1457 διετύπου’
938 1404 1168 1457 διάκονοι
1216 1404 1259 1456 δ’
1296 1402 1443 1473 αὐτῷ
1482 1402 1574 1455 καὶ
1606 1401 1876 1473 ὑπηρέται

308 1496 434 1567 Θεῷ
455 1496 858 1566 καθιερωμένοι,
892 1495 1004 1566 βίου
1032 1512 1091 1548 τε
1114 1495 1395 1565 σεμνότητι
1427 1496 1516 1547 καὶ
1546 1494 1709 1564 ἀρετῇ
1728 1495 1877 1567 πάσῃ

309 1588 532 1657 κόσμιοι
565 1588 769 1658 ἄνδρες,
800 1586 1034 1656 φύλακες
1062 1585 1154 1638 τοῦ
1183 1586 1378 1647 παντὸς
1397 1584 1543 1638 οἴκου
1580 1584 1691 1654 (55)
1743 1582 1877 1636 καθ-

317 1680 581 1733 ίστανται·
618 1680 900 1750 δορυφόροι
936 1696 995 1730 τε
1030 1677 1213 1730 πιστοὶ
1239 1676 1711 1747 σωματοφύλακες,
1754 1675 1876 1745 τρό-

1979 516 2152 583 gentia
2208 516 2421 584 quidem
2450 524 2503 569 et
2532 514 2807 568 alacritate
2852 514 3073 581 przeibat
3102 513 3309 571 cunctis
3351 514 3440 581 qui
3474 515 3526 567 in

1978 606 2269 659 Ecclesiam
2335 605 2479 658 illam
2512 614 2666 658 erant
2694 604 2909 673 ascripti
2944 621 2958 657 :
2994 614 3048 658 et
3072 619 3263 658 sacros
3302 605 3526 659 Codices

1979 699 2029 750 in
2075 714 2265 751 manus
2308 712 2525 751 sumens
2553 698 2770 751 oracula
2801 714 2827 749 a
2863 699 2970 750 Deo
3007 697 3144 749 edita
3175 705 3378 749 attento
3413 695 3527 749 ani-

1978 803 2065 841 mo
2096 790 2474 842 meditabatur.
2505 787 2731 841 Posthac
2756 788 3023 841 solemnes
3055 801 3241 855 preces
3269 803 3390 841 cum
3413 803 3528 841 uui-

1977 895 2132 936 verso
2162 882 2457 936 aulicorum
2492 893 2634 935 emtu
2662 881 2948 934 recitabat.

2525 970 2747 1026 CAPUT
2782 969 2961 1023 XVIII.

2068 1060 2219 1115 Diem
2259 1061 2587 1115 Dominicum
2624 1071 2672 1115 et
2706 1072 2905 1142 scrotum
2950 1061 3137 1130 feriam
3175 1063 3425 1116 honorari

2626 1144 2881 1198 pftl’ctptl.

2047 1219 2198 1275 Diem
2224 1236 2351 1276 vero
2379 1222 2779 1291 precationibus
2813 1236 3108 1290 congruum
3160 1225 3346 1278 haberi
3402 1240 3530 1280 eon-

1976 1311 2184 1377 stituit,
2214 1327 2333 1365 eum
2366 1315 2455 1380 qui
2502 1316 2704 1383 primus
2733 1324 2817 1369 est
2843 1324 2897 1368 et
2924 1326 3082 1383 caput
3113 1326 3449 1379 caeterorum,
3477 1325 3531 1371 et

1977 1402 2066 1470 qui
2118 1419 2304 1457 revera
2358 1403 2669 1460 Dominicus
2703 1416 2784 1461 est
2834 1422 2896 1462 ac
2939 1408 3213 1461 salutaris.
3265 1406 3528 1462 Prteterea

1976 1493 2239 1549 diaconos
2280 1505 2335 1549 et
2379 1497 2489 1551 Deo
2528 1508 2868 1554 consecratos
2908 1499 3180 1553 ministros
3207 1540 3221 1562 ,
3270 1501 3360 1568 qui
3408 1501 3530 1554 vitae

1977 1586 2248 1655 gravitate
2281 1597 2338 1643 et
2362 1588 2581 1658 reliquis
2607 1590 2898 1645 virtutibus
2926 1592 3103 1646 ornati
3133 1600 3332 1656 essent,
3364 1595 3531 1648 totius

1978 1678 2168 1732 domus
2214 1681 2467 1734 custodes
2497 1682 2794 1736 ordinavit.
2848 1683 3087 1753 Denique
3120 1693 3453 1754 protectores
3479 1693 3531 1738 et

309 1790 439 1836 ποις
493 1772 697 1835 εὐνοίας
748 1769 887 1842 [καὶ]
922 1770 1098 1822 πίστει
1148 1768 1599 1839 καθωπλισμένοι,
1643 1768 1863 1839 βασιλέα

1978 1769 2265 1837 stipatores
2293 1769 2382 1824 ﬁdi
2413 1811 2427 1835 ,
2457 1773 2845 1828 benevolentia:
2883 1786 2937 1828 et
2976 1777 3095 1832 ﬁdei
3130 1777 3298 1831 armis
3324 1776 3531 1831 instru-

306 1860 628 1915 διδάσκαλον
659 1858 893 1912 εὐσεϐῶν
922 1859 1254 1912 ἐδιδάσκοντο
1274 1858 1383 1927 (54)
1412 1858 1646 1927 τρόπων,
1670 1857 1875 1927 τιμῶν-

306 1967 409 2012 τες
437 1950 531 2019 οὐχ
567 1944 726 2020 ἦττον
771 1949 863 2000 καὶ
884 1948 1033 2000 αὐτοὶ
1056 1947 1152 2018 τὴν
1184 1949 1443 2017 σωτήριον
1474 1948 1565 1999 καὶ
1596 1948 1877 2018 Κυριακὴν

306 2042 543 2111 ἡμέραν,
575 2040 736 2110 εὐχάς
761 2057 819 2092 τε
851 2041 909 2092 ὲν
944 2039 1133 2101 αὐταῖς
1161 2037 1533 2101 συντελοῦντες
1559 2036 1656 2101 τὰς
1675 2035 1882 2107 βασιλεῖ

307 2134 490 2203 φίλας.
523 2133 565 2184 Τ
568 2131 729 2184 αυτὸν
761 2131 817 2183 δὲ
842 2129 1097 2203 πράττειν
1131 2128 1225 2182 καὶ
1246 2129 1446 2191 πάντας
1460 2129 1650 2198 ὲνῆγεν
1675 2125 1879 2198 ἀνθρὼ-

306 2242 446 2286 πους
474 2226 501 2275 ὁ
530 2223 813 2294 μακάριος,
842 2222 1027 2293 ὥσπερ
1055 2221 1219 2292 εὐχὴν
1261 2219 1460 2289 ταύτην
1492 2218 1873 2290 πεποιημένος,

307 2316 488 2387 ἡρέμα
528 2315 841 2384 σύμπαντας
890 2312 1206 2383 ἀνθρώπους
1256 2311 1520 2375 θεοσεϐεῖς
1566 2311 1876 2381 ἀπεργάσα-

312 2408 458 2461 σθαι.
486 2407 576 2459 Διὺ
614 2411 724 2469 τοῖς
754 2407 859 2459 ὐπὸ
888 2407 985 2477 τὴν
1027 2406 1313 2476 Ῥωμαίων
1337 2404 1507 2476 ἀρχὴν
1532 2403 1877 2474 πολιτευομέ-

308 2517 423 2562 νοις
446 2501 633 2563 ᾶπασι,
666 2498 855 2569 σχολὴν
878 2498 1027 2566 ἄγειν
1046 2501 1164 2561 ταῖς
1187 2497 1490 2568 ἐπωνύμοις
1518 2497 1609 2549 τοῦ
1632 2496 1876 2567 Σωτῆρος

308 2591 545 2661 ἡμέραις
583 2590 868 2652 ἐνουθέτει,
901 2590 1098 2660 ὁμοίως
1149 2589 1207 2642 δὲ
1246 2590 1337 2643 καὶ
1362 2590 1458 2651 τὰς
1486 2588 1578 2641 τοῦ
1609 2588 1874 2641 σαϐϐάτου

307 2685 475 2753 τιμᾷν
501 2682 633 2752 (55)·
672 2683 885 2752 μνήμης
910 2681 1071 2757 ’ἐνεκά
1100 2699 1187 2752 μοι
1226 2682 1398 2733 δοκεῖν
1434 2680 1541 2733 τῶν
1572 2681 1629 2732 ἐν
1655 2679 1876 2742 ταύταις

309 2774 389 2845 τῷ
410 2774 568 2844 κοινῷ
584 2774 793 2845 Σωτῆρι
815 2772 1120 2844 πεπράχθαι
1156 2773 1652 2843 μνημονευομένων.
1683 2773 1791 2841 Τὴν
1820 2771 1877 2824 δέ

310 2881 375 2933 γε
417 2866 675 2935 σωτήριον
725 2863 955 2934 ἡμέραν,
1002 2864 1068 2933 ῆν
1099 2865 1188 2916 καὶ
1219 2864 1392 2932 φωτὸς
1424 2859 1678 2915 εἶναικαὶ
1726 2864 1873 2933 ἡλίου

312 2953 597 3025 ἐπώνυμον
650 2953 954 3023 συμϐαίνει,
1012 2952 1078 3005 τὰ
1141 2950 1501 3022 στρατιωτικὰ
1560 2952 1735 3005 πάντα
1792 2950 1876 3003 διὰ

314 3043 547 3113 σπουδῆς
586 3043 746 3112 τιμᾷν
788 3042 1071 3109 διδάσκων,
1119 3045 1227 3103 τοῖς
1262 3042 1358 3110 μὲν
1384 3042 1481 3111 τῆς
1520 3041 1700 3093 ἐνθέου
1745 3058 1873 3111 μετοη

312 3134 496 3206 έχουσι
513 3135 763 3197 πίστεως,
784 3134 1069 3196 ἀκωλύτως
1094 3136 1157 3203 τῇ
1176 3133 1465 3203 Ἐκκλησία
1480 3132 1571 3184 τοῦ
1596 3131 1725 3184 Θεοῦ
1744 3149 1876 3202 καρ-

307 3229 485 3298 τερεῖν
520 3227 786 3297 μετεδίδου
831 3226 1045 3295 σχολῆς,
1090 3228 1172 3294 ἐφ’
1207 3218 1250 3293 ᾧ
1290 3225 1386 3288 τὰς
1427 3223 1607 3293 εὐχὰς,
1648 3224 1875 3294 μηδενὸς

310 3319 495 3381 αὐτοῖς
520 3318 765 3389 ἐμποδὼν
788 3318 1127 3388 γιγνομένου,
1158 3316 1447 3371 συντελεῖν.

1977 1861 2073 1923 eti,
2116 1860 2499 1931 imperatorem
2538 1866 2713 1935 ipsum
2746 1867 2960 1932 pietatis
2995 1868 3309 1938 magistrum
3363 1869 3530 1923 habe—

1976 1953 2140 2018 bant;
2190 1963 2246 2008 et
2280 1955 2571 2010 salutarem
2623 1972 2687 2011 ac
2735 1957 3067 2011 Dominicum
3113 1959 3253 2012 diem
3308 1960 3529 2028 perinde

1975 2044 2345 2111 honorabant;
2374 2062 2543 2116 eoque
2573 2049 2659 2103 die
2682 2052 3021 2117 precationes
3049 2050 3362 2120 imperatori
3396 2067 3527 2121 gra-

1979 2145 2062 2188 tas
2092 2136 2157 2188 ad
2206 2137 2371 2190 Deum
2403 2138 2718 2193 fundebant.
2756 2139 3011 2210 Reliquos
3037 2142 3198 2195 etiam
3228 2141 3481 2196 mortales
3509 2181 3526 2206 ,

1977 2228 2042 2279 ad
2072 2228 2208 2281 idem
2239 2229 2547 2286 faciendum
2582 2234 2828 2288 incitavit
2867 2236 3117 2304 princeps
3147 2235 3525 2300 beatissimus;

1978 2327 2159 2386 utpote
2188 2321 2275 2387 qui
2326 2322 2377 2375 id
2408 2324 2641 2378 maxime
2671 2324 2723 2377 in
2757 2327 2892 2379 votis
2923 2327 3181 2389 haberet,
3215 2336 3273 2379 ut
3303 2327 3523 2379 univer-

1976 2426 2067 2464 sos
2098 2413 2341 2468 homines
2372 2415 2628 2481 paulatim
2669 2414 2757 2469 Dei
2788 2416 3022 2469 cultores
3071 2416 3327 2472 eiﬁceret.
3355 2418 3531 2487 Atque

1975 2506 2044 2555 ob
2071 2507 2211 2558 hanc
2244 2521 2459 2560 causam
2494 2509 2703 2561 cunctis
2741 2509 2838 2562 sub
2882 2508 3104 2576 imperio
3152 2508 3398 2564 Romano
3431 2510 3529 2564 de-

1976 2597 2224 2663 gentibus
2270 2600 2561 2666 prateepit,
2606 2610 2666 2652 ut
2714 2599 2987 2653 Dominico
3036 2600 3121 2654 die
3163 2600 3528 2667 feriarentur;

1975 2694 2140 2753 utque
2185 2687 2322 2741 diem
2361 2689 2450 2755 qui
2488 2698 2570 2742 est
2607 2690 2778 2758 pridie
2819 2692 3026 2745 sabbati
3076 2692 3327 2747 similiter
3357 2693 3530 2747 honu-

1976 2786 2162 2828 rarent
2193 2793 2207 2829 :
2242 2776 2296 2830 in
2329 2780 2640 2834 memoriam
2670 2819 2683 2841 ,
2715 2789 2772 2833 ut
2814 2782 3048 2849 videtur,
3091 2798 3273 2837 earum
3309 2800 3486 2838 rerum
3512 2826 3527 2849 ,

1975 2876 2092 2932 quae
2121 2880 2151 2918 a
2196 2869 2464 2921 communi
2501 2871 2737 2923 omnium
2773 2869 3063 2925 Servatore
3094 2872 3197 2925 illis
3232 2874 3419 2929 diebus
3444 2889 3531 2945 ge-

1975 2963 2071 3006 snc
2098 2968 2218 3008 esse
2246 2957 2615 3025 perhibentur.
2648 2957 2814 3011 Porro
2840 2974 2962 3014 cum
2996 2962 3293 3015 exercitum
3318 2978 3529 3017 omnem

1977 3042 2041 3094 ad
2074 3044 2325 3100 salutaris
2360 3047 2502 3113 diei,
2543 3049 2633 3117 qui
2666 3050 2800 3103 lucis
2833 3065 2896 3104 ac
2926 3052 3057 3105 solis
3103 3052 3403 3121 appellatur
3436 3069 3530 3109 noo

1983 3131 2165 3197 mine,
2200 3133 2506 3203 religiosum
2553 3138 2757 3191 cultum
2803 3128 3147 3207 institueret;
3200 3141 3265 3197 iis
3315 3144 3529 3211 quidem

1980 3222 2069 3290 qui
2107 3224 2261 3277 tidem
2288 3225 2545 3281 divinitus
2571 3228 2887 3298 inspiratam
2921 3229 3155 3298 amplexi
3182 3244 3358 3299 erant,
3377 3249 3529 3289 exer-

1980 3318 2137 3371 cendi
2172 3332 2230 3372 se
2254 3334 2318 3373 ex
2346 3336 2496 3374 more
2525 3321 2878 3392 institutoque
2914 3324 3170 3389 Ecclesiae
3196 3325 3289 3381 Dei
3327 3337 3531 3396 tempus

312 3420 483 3480 atque
513 3412 680 3467 otium
707 3413 952 3477 indulsit,
983 3427 1090 3479 quo
1116 3413 1321 3480 absque
1344 3412 1452 3465 ullo
1482 3413 1866 3479 impedimento
1905 3412 2242 3469 orationibus
2266 3424 2541 3469 vacarent.

830 3508 1222 3562 ΚΕΦΑΛΑΙΟΝ
1259 3506 1360 3561 ΙΘ’.

311 3598 513 3665 Ὅπως
550 3598 646 3653 καὶ
679 3598 819 3665 τσὺς
856 3600 1125 3666 ἐθνικοὺς
1148 3600 1530 3667 στρατιώτας,
1559 3600 1628 3652 ἐν
1659 3604 1872 3668 Κυρια-

693 3669 826 3735 καῖς
845 3670 1122 3739 εὔχεσθαι
1140 3670 1487 3737 προσέταξε.

384 3759 505 3824 Τοῖς
555 3761 648 3815 καὶ
703 3762 868 3832 μήπω
904 3759 998 3814 τοῦ
1038 3761 1181 3815 θείου
1210 3760 1369 3830 λόγου
1414 3760 1786 3831 μετασχοῦσιν,
1814 3762 1871 3813 ἐν

382 3935 490 4007 (51)
543 3938 897 4006 Ἐκκλησίας
950 3938 1096 3992 Θεοῦ
1146 3942 1383 4008 τρόπον.
1437 3938 1765 3994 Sozomeuus
1807 3937 1859 4008 in

304 4010 408 4063 lib.
439 4006 487 4069 ι,
520 4024 568 4063 c.
596 4008 646 4071 7,
692 4011 755 4061 de
798 4011 1148 4063 Constantino
1174 4006 1323 4077 imp.
1368 4010 1439 4063 ita
1488 4008 1716 4061 scribit:
1752 4006 1861 4060 Καὶ

306 4082 369 4131 ὲν
405 4079 519 4149 τοῖς
549 4077 831 4147 βασιλείοις
862 4078 1145 4149 εὐκτήριον
1168 4075 1312 4132 οἷκον
1342 4080 1725 4149 κατεσκεύασε.
1760 4083 1867 4149 Ap-

308 4156 464 4216 paret
492 4148 845 4201 Sozomenum
879 4148 930 4200 id
969 4147 1044 4202 eti
1082 4150 1309 4203 Eusebio
1351 4160 1553 4208 nostro,
1589 4148 1663 4199 uti
1698 4147 1861 4209 solet,

308 4218 575 4272 hausisse.
618 4217 722 4270 Sed
760 4216 1021 4271 Eusebius
1049 4233 1153 4271 non
1183 4218 1313 4272 dicit
1355 4217 1767 4272 Constantinum
1809 4216 1860 4268 in

308 4287 507 4354 palatio
533 4286 813 4340 ecclesiam
835 4288 1145 4342 aediﬁcasse.
1174 4288 1283 4341 Hoc
1309 4296 1511 4340 tantum
1539 4287 1688 4345 dicit.
1716 4286 1860 4337 illum

306 4357 549 4410 ecclesia:
595 4357 877 4424 quamdam
914 4358 1143 4423 speciem
1194 4360 1246 4410 in
1299 4357 1497 4426 palatio
1542 4355 1860 4409 instituisse.

308 4427 445 4479 Vide
500 4427 878 4494 panegyricum
930 4426 1139 4480 Eusebii
1188 4426 1239 4479 in
1293 4425 1674 4481 tricennalibus
1718 4426 1860 4478 Con-

307 4472 1861 4564 51.1.1.5};52.2”.satiusi‘satetimt.‘“gelasinus.
1892 4472 1935 4526 Ι)

306 4568 616 4621 conﬁrmat.

240 4684 251 4693 ,
382 4635 492 4705 (52)
538 4634 664 4700 Τοῖς
689 4635 795 4688 τὸν
831 4634 1145 4705 ,ϐασίλειον
1171 4630 1336 4688 οἷκον
1366 4632 1718 4705 πληροῦσιν.
1746 4631 1864 4687 Vox

306 4699 558 4772 ambigua
594 4699 675 4758 cst
728 4704 990 4774 βασίλειος
1035 4699 1206 4767 οἶκος,
1245 4720 1363 4774 quae
1394 4716 1446 4757 et
1476 4699 1759 4774 Ecclesium
1812 4713 1865 4755 et

310 4776 567 4846 palatium
609 4772 895 4845 signiﬁcat.
937 4777 1013 4828 Ac
1058 4772 1275 4826 videtur
1298 4773 1559 4846 Eusebius
1605 4773 1671 4825 de
1712 4772 1865 4846 intlu-_

309 4842 445 4899 suta
492 4845 543 4898 in
578 4842 731 4912 hujus
778 4847 925 4899 vocis
969 4846 1314 4911 ambiguitate
1364 4844 1573 4906 lusisse,
1616 4856 1680 4912 eo
1724 4842 1863 4909 quod

306 4911 652 4969 Constantini
684 4916 939 4983 palatium
967 4914 1140 4983 simile
1166 4924 1305 4967 esset
1320 4913 1595 4983 ecclesiae.
1634 4911 1699 4983 Et
1727 4926 1865 4980 quos

309 4985 401 5039 hic
460 4994 611 5039 vocat
673 4978 794 5047 τοὺς
840 4984 929 5037 τὸν
980 4981 1245 5053 βασίλειον
1293 4978 1436 5053 οἷκον
1495 4978 1863 5053 πληροῦντας,

310 5070 472 5120 supra
497 5056 706 5107 Vocavit
728 5057 852 5117 τοὺς
880 5052 1022 5107 ἔνδον
1050 5052 1585 5122 ὲκκλησιαζομένους.

383 5119 492 5193 (53)
531 5126 796 5191 Φύλακες
838 5124 943 5177 τοῦ
990 5119 1214 5188 παντὸς(
1240 5119 1426 5176 οικοὺ.
1469 5123 1735 5193 Interpres
1766 5119 1866 5193 So.

310 5191 522 5247 zotueui
576 5196 896 5248 sententiam
953 5201 1165 5249 secutus
1225 5194 1507 5247 ecclesiam
1568 5191 1863 5254 intellexit,

310 5266 395 5316 cui
424 5280 526 5315 non
555 5266 838 5318 assentior.
864 5262 994 5316 Nam
1018 5262 1276 5316 Eusebius
1306 5278 1419 5331 Ipse
1445 5262 1495 5315 in
1513 5259 1863 5329 Panegyrico,

310 5348 433 5401 pag.
467 5331 597 5393 628,
646 5337 732 5387 ubi
781 5335 892 5387 haze
929 5334 993 5386 ad
1047 5333 1583 5401 vet-lintnleguntur,
1623 5331 1750 5401 nihil
1802 5333 1867 5384 de

310 5399 536 5456 ecclesia
573 5404 719 5457 dicit.
764 5404 967 5458 Sensus
1017 5401 1177 5470 igitur
1214 5399 1388 5467 hujus
1420 5401 1519 5453 loci
1566 5409 1681 5461 est,
1724 5400 1867 5453 Con-

312 5473 606 5526 stantinum
651 5474 911 5527 ministris
936 5485 999 5525 ac
1028 5470 1242 5523 l‘amulis
1267 5470 1364 5524 Dei
1404 5479 1460 5523 et
1499 5471 1867 5524 sacerdotibus

313 5557 498 5595 curam
532 5551 585 5596 et
612 5544 909 5602 custodiam
942 5540 1109 5594 totius
1147 5540 1328 5607 palatii
1373 5540 1455 5595 sui
1483 5540 1819 5594 commisisse
1847 5556 1863 5592 :

316 5612 389 5666 ita
449 5620 502 5664 ut
556 5614 859 5667 sacerdotes
908 5618 1089 5667 essent
1147 5610 1311 5678 quasi»
1353 5611 1569 5678 quidam
1639 5610 1868 5675 majores

310 5683 537 5807 ﬂemus,
589 5691 680 5736 aut
750 5696 885 5753 quos
943 5678 1171 5736 Romani
1229 5694 1388 5739 curas
1442 5679 1627 5749 palatii
1701 5693 1864 5735 voca—

350 5762 462 5807 ant.

350 5762 462 5807 ant.

2450 3510 2609 3580 535
2662 3510 2885 3567 CAPUT
2916 3511 3063 3566 XIX.

2018 3599 2293 3663 Quomodo
2343 3603 2500 3654 etiam
2533 3605 2746 3670 gentiles
2777 3606 2962 3655 milites
2997 3603 3177 3657 diebus
3206 3604 3496 3659 Dominicis

2529 3688 2683 3724 orare
2718 3675 2971 3725 docuerit.

2048 3760 2287 3830 Reliquis
2317 3776 2442 3816 vero
2468 3764 2559 3831 qui
2584 3762 2776 3817 divina:
2803 3763 2924 3816 ﬁdei
2955 3763 3256 3817 doctrinam
3288 3765 3522 3817 nonduin

2036 3938 2150 4009 (54)
2189 3938 2563 3992 Διδάσκαλον
2618 3937 2881 3992 εὐσεϐῶν·
2925 3937 3329 3993 ἐδιδάσκοντο.
3384 3940 3531 3997 Scri.

1967 4007 2197 4061 bendutn
2242 4020 2365 4077 puto
2399 4009 2786 4080 ἐπεγράφοντο.
2819 4009 2952 4062 Nam
2980 4024 3177 4080 excusa
3211 4010 3368 4080 lectio
3398 4009 3524 4065 ferri

1969 4092 2074 4130 non
2113 4075 2308 4143 potest.
2341 4075 2519 4146 Atque
2541 4075 2699 4132 ita'in
2735 4075 3081 4147 Panegyrico.
3113 4092 3233 4144 pag.
3264 4079 3387 4132 6:28.

2040 4148 2151 4216 (55)
2198 4148 2304 4201 Καὶ
2347 4148 2452 4213 τὰς
2481 4149 2586 4201 τοῦ
2617 4146 2922 4201 σαϐϐάτου
2946 4146 3138 4215 τιμᾷν.
3172 4150 3528 4203 Sct'ibendum

1967 4226 2051 4269 est
2080 4219 2263 4289 procul
2293 4220 2455 4289 dubio
2499 4218 2596 4289 τὴν
2626 4216 2855 4289 πρδτοῦ
2902 4218 3192 4271 σαϐϐάτου.
3240 4218 3412 4289 Atque
3456 4220 3529 4273 ita

1967 4298 2187 4354 apparet
2234 4288 2426 4356 legisse
2483 4288 2604 4341 eum
2658 4288 2749 4356 qui
2808 4288 2989 4340 titulos
3040 4290 3228 4340 horum
3289 4288 3524 4354 capitum

1966 4359 2284 4423 composuit.
2323 4356 2428 4411 Sed
2468 4367 2520 4411 et
2553 4357 2888 4411 Sozomenus
2934 4358 2985 4409 in
3025 4358 3159 4411 libro
3211 4357 3405 4420 primo,
3438 4374 3527 4411 ca-

1965 4425 2073 4493 pite
2101 4426 2154 4496 7,
2175 4427 2402 4494 idipsum
2432 4427 2737 4487 conﬁrmat,
2776 4427 2900 4477 dum
2936 4427 3123 4496 scribit
3151 4446 3161 4479 :
3194 4426 3302 4496 Τὴν
3334 4425 3390 4478 δὲ
3419 4428 3530 4480 Κυ-

1965 4494 2527 4568 ρξεξκὴνμκαλουμένην
2555 4497 2786 4568 mea?!
2815 4496 2879 4565 ἣν
2908 4495 3143 4568 Ἐβραῐρι
3173 4494 3408 4568 πρώτην.
3429 4497 3529 4568 τῆς

1966 4565 2252 4634 ἑϐδομάδος
2277 4565 2646 4635 ὀνομάζουσιν,
2675 4565 2929 4634 Ἕλληνες
2954 4565 3015 4616 δὲ
3036 4566 3171 4635 ἡλίῳ
3197 4565 3527 4632 ἀνατιθέασι,

1966 4637 2058 4707 κα).
2086 4636 2185 4707 τῂν
2211 4636 2316 4707 πρὸ
2346 4634 2443 4703 τῆς
2472 4636 2720 4707 ἑϐδόμης,
2768 4634 3124 4707 ἐνομοθέτησε
3146 4634 3529 4707 δικαστηρίων

1966 4706 2057 4775 καὶ
2078 4703 2184 4758 τῶν
2214 4703 2385 4758 ἄλλων
2400 4705 2588 4774 σχολὴν
2616 4703 2765 4771 ἄγειν
2779 4703 3003 4775 πάντας,
3028 4706 3120 4775 καὶ
3148 4708 3203 4757 ὲν
3229 4703 3411 4775 εὐχαῖς
3435 4706 3531 4759 καὶ

1965 4773 2131 4845 λιταῖς
2143 4775 2202 4827 τὸ
2226 4775 2377 4845 Θεῖον
2407 4773 2746 4845 θεραπεύειν,
2781 4774 2937 4845 idest
2962 4792 2982 4845 Δε
3020 4774 3114 4826 Die
3139 4773 3322 4827 autent
3349 4775 3529 4828 Domi-

1966 4844 2082 4914 nico
2106 4861 2255 4914 quem
2280 4842 2487 4897 Hebrwi
2511 4845 2743 4914 primum
2772 4842 2992 4905 sabbati,
3017 4845 3231 4911 gentiles
3254 4860 3369 4898 vero
3393 4846 3529 4897 diem

1966 4912 2106 4966 Solis
2119 4912 2403 4981 appellant;
2427 4914 2546 4966 item
2560 4923 2703 4966 sexta
2717 4912 2868 4980 feria,
2882 4923 3091 4965 cunctos
3105 4931 3135 4965 α
3148 4915 3368 4982 judiciia
3391 4915 3530 4967 aliis-

1964 4998 2061 5052 que
2095 4983 2331 5052 aperibus
2370 4984 2554 5052 feriari
2587 4983 2847 5049 praecepit,
2876 4992 2923 5033 et
2966 4984 3201 5052 precibus
3238 5000 3298 5035 ac
3328 4985 3530 5048 suppli-

1966 5050 2252 5104 cationibus
2308 5050 2472 5104 Deum
2527 5052 2776 5104 venerari.
2811 5052 2863 5103 In
2900 5052 2983 5103 his
3017 5050 3303 5105 Sozontcni
3352 5053 3541 5105 verbis-

1968 5122 2209 5175 nmtuibil
2260 5120 2587 5190 dilIicu_ltatis
2635 5121 2909 5183 occurrit,
2955 5125 3097 5188 quod
3148 5123 3362 5190 quidem
3412 5136 3530 5187 spe-

1967 5200 2078 5244 ctat
2122 5191 2190 5245 ad
2225 5191 2367 5245 diem
2402 5188 2646 5245 Veneris.
2676 5190 2775 5244 Vix
2822 5193 2964 5243 enim
3016 5188 3180 5245 mihi‘
3204 5191 3530 5258 persuadere

1966 5275 2205 5328 possunt,
2253 5260 2662 5315 Constantinum
2696 5261 3038 5327 precepisse,
3083 5270 3140 5313 ut
3178 5255 3244 5315 eo
3270 5261 3357 5313 die
3386 5276 3413 5312 a
3438 5255 3530 5327 ju-

1969 5331 2125 5383 diciis
2172 5330 2526 5383 abstinerent.
2553 5330 2712 5383 Certe
2755 5330 3019 5383 Eusebius
3051 5330 3102 5382 id
3146 5346 3251 5382 non
3295 5329 3423 5382 dicit
3461 5330 3529 5384 tle

1968 5397 2194 5453 Veneris
2230 5402 2335 5459 die,
2374 5401 2465 5454 sed
2515 5408 2719 5452 tantum
2763 5402 2829 5451 de
2864 5399 2949 5452 die
3000 5400 3293 5453 Dominico.
3341 5399 3528 5452 Exstat

1967 5468 2306 5523 Constantini
2349 5469 2429 5522 iex
2461 5469 2511 5520 in
2561 5470 2746 5522 codice
2779 5467 3174 5534 Theodosiano,
3219 5468 3397 5533 titulo,
3444 5468 3525 5524 Dc

1968 5537 2151 5606 feriis,
2199 5539 2251 5591 in
2300 5553 2405 5607 qua
2457 5540 2573 5591 dies
2621 5548 2825 5591 tantum
2854 5542 2855 5545 “
2884 5538 3189 5593 Dominieus
3239 5540 3523 5606 excipitur.

1966 5610 2153 5677 Itaque
2180 5609 2232 5661 id
2262 5610 2326 5661 de
2356 5622 2455 5662 suo
2479 5610 2766 5661 admensus
2785 5617 2870 5661 est
2895 5608 3245 5663 Suzomenus.
3274 5608 3375 5673 Qui
3402 5624 3524 5662 cmn

1970 5676 2254 5732 suauitate
2287 5678 2337 5730 id
2364 5679 2655 5731 observari
2678 5679 2883 5731 videret
2911 5676 3372 5745 Constantinopoli
3404 5682 3525 5738 (fuit

1969 5750 2112 5803 enim
2141 5749 2429 5803 advocatus
2458 5748 2511 5801 in
2539 5762 2603 5803 ea
2636 5750 2791 5811 urbe,
2823 5762 2928 5801 una
2957 5762 3079 5803 cum
3105 5751 3357 5818 Aquilino
3388 5764 3521 5816 quo-
