3882 6262
260 347 402 402 H73

1352 351 1442 407 DE
1483 349 1649 409 VITA
1682 349 2139 408 CONSTANTINI
2176 350 2305 411 LIB.
2344 352 2435 427 IV,

3369 363 3509 419 “7-5

259 463 371 517 πᾶν
410 463 471 516 τὸ
512 462 619 516 τῶν
656 462 994 533 ἀνδρογύνων
1034 466 1189 536 γένος
1237 466 1429 541 ὥσπερ
1470 487 1522 522 τι
1564 468 1831 539 κίϐδηλον,

1951 470 2119 525 omnis
2150 470 2590 543 androgynorum
2634 473 2782 529 natio
2817 483 3073 546 tanquam
3117 478 3439 542 adulterina,
3476 498 3507 536 e

257 555 465 624 ἀφανὲς
492 556 772 623 γίγνεσθαι
797 558 888 611 τοῦ
919 557 1053 628 βίου,
1092 560 1213 633 μηδ’
1250 560 1450 626 ἐξεῖναί
1487 579 1577 615 ποι
1604 561 1832 633 ὁρᾶσθαι

256 647 388 710 τοὺς
427 646 523 718 τὴν
565 648 850 717 ἀσέλγειαν
891 652 1093 723 ταύτην
1149 652 1523 725 νενοσηκότας.
1600 654 1749 707 Ἐπεὶ
1789 653 1833 706 δ’

258 736 530 792 ὑπέλαϐον
563 738 613 792 οἱ
645 739 1051 812 δεισιδαίμονες,
1093 731 1286 814 μηκέτι
1320 743 1409 798 τὸν
1438 745 1679 816 ποταμὸν
1716 746 1835 817 ῥεύ-

260 845 378 882 σειν
400 830 582 894 αὐτοῖς
626 830 905 903 συνήθως,
947 835 1054 887 πᾶν
1093 836 1396 890 τούναντίον
1437 838 1469 908 ἦ
1506 838 1837 910 προσεδόκη-

257 937 363 973 σαν
388 920 519 985 Θεὸς
546 921 624 993 τῷ
668 922 930 993 βασιλέως
970 927 1336 998 συμπράττων
1374 928 1523 998 νόμῳ
1551 930 1837 999 κατειργά-

256 1010 423 1073 ζετοο
456 1013 505 1065 oi.
554 1013 651 1082 μὲν
697 1013 806 1084 γὰρ
848 1012 1032 1067 οὐκέτι
1086 1011 1224 1085 ἦσαν
1262 1017 1311 1069 oi
1356 1020 1422 1088 τῇ
1457 1017 1604 1087 σφῶν
1657 1017 1837 1088 βδελυ-

258 1103 359 1173 ρία
391 1101 489 1167 τάς
518 1103 700 1166 πόλεις
730 1104 1049 1175 μιαίνοντες,
1084 1107 1112 1159 ὁ
1137 1106 1191 1159 δὲ
1224 1107 1427 1160 ὡσανεὶ
1468 1108 1837 1180 καθαρθείσης

256 1191 413 1263 αὐτῷ
463 1194 561 1264 τῆς
604 1193 814 1267 χώρας,
847 1195 1071 1267 ἐφέρετο
1107 1192 1218 1263 οἷος
1252 1200 1542 1265 οὐδέποτε,
1587 1201 1835 1255 άνέ6αινέ

256 1302 320 1338 τε
358 1286 592 1358 πλουσίῳ
614 1286 692 1357 τῷ
719 1288 947 1358 ῥεύματι
1011 1292 1187 1355 πάσας
1215 1291 1518 1358 ἐπικλύζων
1552 1293 1649 1357 τὰς
1677 1293 1838 1364 ἀρού-

259 1395 401 1447 ρας,
454 1378 599 1450 ἔργῳ
659 1379 930 1433 παιδεύων
961 1382 1086 1445 τοὺς
1140 1384 1417 1456 ἄφρονας,
1456 1388 1683 1458 μιαροὺς
1741 1387 1836 1456 μὲν

256 1470 627 1542 ἐκτρέπεσθαι
658 1472 766 1525 δεῖν
802 1473 1018 1545 ἄνδρας,
1059 1475 1202 1546 μόνῳ
1249 1476 1305 1528 δὲ
1339 1476 1417 1546 τῷ
1448 1478 1649 1541 παντὸς
1700 1479 1835 1545 ἀγα-

257 1562 358 1615 θοῦ
386 1562 567 1634 δοτῆρι
598 1563 692 1635 τὴν
716 1565 822 1618 τῶν
851 1565 1029 1637 καλῶν
1060 1567 1365 1622 ἀνατιθέναι
1396 1570 1595 1623 αίτίαν.

784 1842 1176 1896 ΚΕΦΛΛΑΙΟΝ
1210 1844 1348 1911 K5,".

259 1930 464 2006 Νόμου
497 1932 604 2006 τοῦ
647 1932 825 2006 -κατὰλ
861 1934 1127 2006 ᾀτέκνων
1162 1936 1335 2002 ὄντος
1382 1937 1695 2006 διόρθωσις
1716 1982 1729 2004 ,
1754 1940 1839 1993 ἔτι

335 2000 404 2055 δὲ
443 2001 540 2054 καὶ
572 2002 675 2055 τοῦ
700 2003 829 2070 περὶ
867 2004 1166 2073 διαθηκῶν
1199 2000 1411 2076 ὀμοῖως
1437 2000 1766 2077 δὶόρθωᾰνιζ.

348 2094 506 2149 Ἀλλά
539 2097 646 2168 γὰρ
691 2098 855 2168 μυρία
904 2100 1125 2153 τοιαῦτα
1161 2102 1370 2172 βασιλεῖ
1409 2104 1717 2175 πραχθέντα
1752 2107 1838 2174 ἐφ’

258 2186 503 2257 ἑκάστης
539 2189 823 2259 ἐπαρχίας,
858 2189 1080 2263 πλείστη
1129 2193 1324 2260 γένοιτ’
1352 2192 1417 2246 ἂν
1443 2193 1688 2266 ῥᾳστώνη
1729 2194 1838 2267 (72)

258 2279 377 2341 τοῖς
404 2279 634 2351 γράφειν
668 2281 804 2333 αὐτὰ
850 2283 1314 2354 φιλοτιμουμένοις
1335 2302 1348 2315 ·
1381 2285 1569 2357 ὥσπερ
1614 2283 1705 2340 οῦν
1749 2288 1841 2340 καὶ

260 2369 463 2440 νόμους
512 2370 602 2434 οῦς
640 2374 702 2424 ἐκ
742 2372 986 2426 παλαιῶν
1013 2375 1105 2427 ἐπὶ
1136 2376 1196 2428 τὸ
1245 2374 1533 2449 ὁσιώτερον
1577 2379 1844 2448 μεταϐάλ-

260 2460 373 2513 λων
404 2463 699 2517 άνενεοῦτο.
728 2466 836 2518 Καὶ
866 2465 1066 2521 τούτων
1094 2467 1139 2519 δ’
1162 2469 1218 2521 ἐν
1253 2468 1417 2539 ὀλίγῳ
1449 2471 1576 2540 ῥᾷον
1611 2472 1842 2541 ἐκφῆναι

259 2553 356 2607 τὸν
378 2555 592 2626 τρόπον.
639 2558 776 2620 Τοὺς
810 2559 1042 2624 ἄπαιδας
1067 2561 1185 2632 (75)
1221 2562 1440 2615 παλαιοὶ
1468 2563 1619 2633 νόμοι
1648 2566 1841 2635 στερή-

262 2663 350 2699 σει
379 2648 477 2718 τῆς
497 2648 605 2702 τῶν
632 2651 868 2721 γονίμων
912 2652 1161 2724 διαδοχῆς
1206 2654 1596 2725 ἐτιμωροῦντο·
1650 2656 1741 2709 καὶ
1776 2653 1845 2727 ἦν

260 2730 424 2803 οὗτος
450 2741 592 2795 κατὰ
630 2741 735 2795 τῶν
768 2743 1008 2796 ἀτέκνων
1038 2745 1247 2817 ἀπηνὴς
1279 2746 1438 2816 νόμος
1464 2787 1477 2810 ,
1515 2747 1715 2801 ὡσανεὶ
1750 2765 1847 2801 πε·

264 2830 736 2905 πλημμεληκότας
785 2835 980 2900 αὐτοὺς
1031 2835 1203 2908 ζημίᾳ
1243 2838 1504 2901 κολάζων.
1558 2839 1740 2903 Λύσας
1782 2840 1845 2911 δὴ

266 2927 543 2995 συγχωρεῖ
563 2926 915 2997 κληρονομεῖν
942 2929 1067 2992 τοὺς
1096 2930 1489 3001 προσήκοντας.
1530 2931 1703 2984 Τοῦτο
1733 2932 1843 3002 (74)

268 3014 525 3084 βασιλεὺς
580 3016 673 3070 ἐπὶ
706 3018 766 3071 τὸ
807 3019 951 3071 ὅσιον
991 3019 1300 3093 μεθήρμοζε
1325 3062 1340 3086 ,
1374 3024 1500 3087 τοὺς
1532 3023 1671 3077 κατά
1717 3024 1850 3093 γνὼ-

270 3124 382 3178 μην
426 3108 879 3180 πλημμελοῦντας
937 3111 1131 3178 εἰπὼν,
1184 3118 1251 3186 τῇ
1317 3118 1669 3192 προσηκούσῃ
1736 3120 1846 3173 δεῖν

1939 564 2113 618 medio
2167 564 2480 631 tolleretur;
2530 581 2631 621 nec
2697 584 2923 637 usquam
2976 572 3417 639 conspicerentur
3470 576 3505 629 ii

1938 658 2030 725 qui
2060 655 2369 726 hujusmodi
2401 657 2753 727 impudicitia:
2790 659 2979 715 morbo
3008 661 3371 719 laborassem.
3401 665 3507 720 Sed

1939 747 2201 816 quoniam
2226 748 2590 818 superstitiosi
2622 749 2870 805 homines
2899 751 3301 815 existimabant,
3330 752 3508 808 Nilum

1938 840 2163 907 posthac
2210 854 2360 894 more
2406 840 2564 894 solito
2616 856 2773 911 agros
2822 856 2950 896 suos
2996 842 3217 897 minime
3246 844 3509 914 irrigatu-

1939 946 2093 995 rum,
2130 931 2477 999 imperatoris
2544 932 2645 1001 legi
2708 932 2897 988 favens
2958 932 3133 998 Deus,
3177 937 3509 989 contrarium

1939 1038 2163 1092 prorsus
2191 1039 2352 1093 quam
2395 1034 2748 1093 speraverant
2779 1023 3051 1092 praestitit.
3102 1023 3236 1077 Nam
3272 1023 3347 1078 illi
3390 1026 3511 1093 qui-

1936 1116 2057 1169 dem
2099 1116 2187 1185 qui
2242 1117 2404 1171 urbes
2451 1115 2811 1170 obscoenitate
2871 1130 2969 1169 sua
3020 1114 3355 1182 polluebant,
3390 1129 3513 1171 esse

1940 1208 2222 1262 desierunt
2259 1247 2275 1271 ,
2306 1206 2421 1278 ipse
2483 1216 2662 1263 autem
2697 1206 2916 1273 ﬂuvius,
2947 1208 3102 1277 quasi
3132 1208 3345 1279 expiata
3378 1224 3512 1278 pur-

1941 1308 2174 1367 gataque
2205 1297 2307 1366 ipsi
2342 1307 2454 1352 tota
2506 1299 2752 1367 regione,
2792 1298 3013 1353 uberior
3060 1314 3226 1367 quam
3274 1314 3511 1366 unquam

1939 1398 2097 1441 antea
2135 1386 2364 1453 aﬂluxit,
2400 1398 2457 1444 et
2487 1388 2719 1459 largiore
2747 1404 3011 1459 aquarum
3044 1390 3196 1459 copia
3212 1392 3513 1453 exundans,

1938 1494 2100 1547 agros
2135 1494 2321 1535 omnes
2350 1480 2599 1550 irrigavit
2635 1501 2647 1536 :
2680 1480 2874 1536 stultos
2924 1481 3180 1537 homines
3212 1482 3387 1551 reipsa
3419 1481 3513 1535 do-

1943 1586 2070 1625 cens
2124 1580 2287 1640 atque
2324 1571 2644 1634 admonens,
2697 1571 2942 1642 impuros
2994 1572 3217 1641 quidem
3276 1569 3515 1626 aversari

1940 1673 2223 1730 oportere,
2269 1662 2367 1717 soli
2420 1673 2603 1717 autem
2658 1663 2766 1718 Deo
2822 1664 3059 1719 omnium
3120 1665 3383 1718 bonorum
3418 1678 3515 1717 au-

1943 1754 2103 1818 ctori,
2144 1768 2436 1824 prosperos
2476 1768 2637 1808 casus
2659 1770 2779 1809 esse
2808 1756 3180 1812 ascribendos.

2498 1844 2730 1900 CAPUT
2770 1845 2961 1902 XXVI.

1947 1961 2217 2015 Correctio
2244 1960 2374 2029 legis
2395 1959 2643 2015 adversus
2666 1960 2913 2023 orbos.'et
2934 1960 3064 2030 legis
3087 1962 3150 2016 de
3173 1963 3518 2018 testamentis.

2022 2097 2216 2153 Verum
2243 2099 2521 2154 enimvero
2545 2114 2668 2153 cum
2704 2096 3009 2166 hujusmodi
3058 2113 3148 2154 res
3189 2115 3325 2170 pene
3360 2102 3520 2156 innu-

1947 2189 2236 2243 merabiles
2266 2189 2316 2242 in
2354 2189 2583 2259 singulis
2622 2190 2921 2259 provinciis
2950 2191 3017 2245 ab
3046 2189 3380 2260 imperatore
3428 2207 3519 2261 ge-

1952 2289 2050 2335 stae
2107 2282 2231 2346 siut,
2295 2283 2603 2352 quicunque
2654 2298 2749 2337 eas
2798 2284 3068 2339 curiosius
3138 2285 3379 2340 scribere
3426 2300 3521 2355 ag-

1947 2371 2119 2438 gressi
2144 2372 2363 2435 fuerint,
2389 2372 2780 2442 amplissimam
2806 2382 2957 2428 certe
2974 2374 3257 2429 materiam
3282 2373 3517 2429 habituri

1949 2472 2100 2516 sunt.
2144 2462 2463 2533 Cujusmodi
2506 2472 2591 2517 est
2613 2465 2755 2533 quod
2786 2464 3051 2535 plurimas
3085 2465 3226 2537 leges
3254 2467 3321 2521 ad
3352 2469 3520 2537 majo-

1952 2567 2062 2606 rem
2090 2553 2433 2607 sanctitatem
2463 2554 2776 2618 traducens,
2809 2569 2907 2623 pro
2953 2556 3193 2625 antiquis
3238 2572 3409 2612 novas
3439 2558 3519 2611 le-

1947 2643 2043 2697 cit.
2079 2645 2255 2713 Atque
2295 2642 2454 2710 hujus
2483 2643 2560 2697 rei
2588 2642 2762 2699 forma
2793 2659 2901 2699 uno
2945 2655 3037 2700 aut
3069 2645 3242 2701 altero
3274 2648 3521 2717 exemplo

1949 2735 2219 2791 declarari
2251 2745 2448 2805 potest.
2477 2734 2653 2791 Orbos
2704 2736 2947 2805 antiqua:
2993 2737 3137 2809 leges
3184 2738 3523 2795 limreditatis

1950 2840 2166 2901 patrum
2195 2830 2542 2900 ademptione
2573 2830 2902 2899 plectebant.
2936 2830 3101 2904 538
3146 2832 3387 2902 Eratque
3432 2833 3521 2887 lex

1948 2922 2065 2977 hac
2092 2936 2222 2977 sane
2248 2922 2626 2988 atrocissima,
2660 2923 2861 2993 quippe
2891 2939 3011 2992 quae
3052 2925 3302 2980 homines
3336 2924 3524 2980 liberis

1951 3013 2265 3079 destitutos,
2320 3021 2576 3083 tanquam
2625 3014 2852 3084 alicujus
2900 3014 3147 3069 criminis
3194 3030 3334 3079 reos,
3362 3028 3520 3085 poena

1954 3103 2218 3160 alliceret.
2270 3102 2569 3175 Imperator
2594 3118 2741 3169 vero,
2778 3103 2878 3158 hoc
2915 3104 3178 3175 abrogato
3222 3104 3365 3173 jure,
3397 3119 3523 3159 sar-

275 3201 627 3272 σωφρονίζειν
673 3204 921 3258 κολάσει·
969 3185 1508 3283 ἄπαιδαςμμὲννέγάῥ
1550 3185 1775 3276 πολλοὺς
1812 3215 1844 3285 ’θ

1951 3208 2093 3251 ctam
2119 3211 2182 3251 ac
2206 3196 2516 3266 religiosam
2548 3195 2720 3266 legem
2754 3196 2893 3251 tulit.
2922 3195 3026 3251 Eos
3043 3196 3185 3250 enim
3219 3195 3309 3265 qui
3333 3204 3524 3264 sponte

272 3293 437 3362 φύσις
473 3295 758 3362 ἀνέδειξεν,
794 3296 1123 3370 εὐξαμένους
1160 3302 1258 3373 μὲν
1291 3304 1651 3369 πολυπαιδίας
1695 3306 1849 3359 εὐτυ-

265 3387 460 3458 χῆσαι,
496 3389 857 3461 στερηθέντας
906 3391 962 3445 δὲ
1018 3392 1232 3463 φύσεως
1289 3396 1576 3470 ἀσθενείᾳσ
1614 3398 1764 3453 ἄλλοι
1803 3400 1847 3453 δ’

265 3476 495 3542 ἄπαιδες
526 3480 832 3548 γεγόνασιν,
861 3482 922 3535 οὐ
963 3488 1288 3558 παραιτήσει
1334 3488 1538 3542 παίδων
1577 3489 1846 3561 διαδοχῆς,

268 3569 587 3635 γυναικείας
610 3570 653 3623 δ’
684 3571 1000 3644 ἀποστροφῇ
1035 3572 1252 3645 μίξεως,
1293 3577 1359 3647 ἢν
1392 3578 1735 3650 σφοδροτάτῳ
1771 3597 1852 3648 φι-

267 3658 527 3728 λοσοφίας
558 3660 719 3732 ἐρωτι
751 3662 1084 3733 προείλοντο·
1132 3666 1351 3734 ἁγνείαν
1380 3667 1437 3720 δὲ
1479 3669 1572 3721 καὶ
1610 3668 1849 3737 παντελῆ

270 3745 568 3815 παρθενίαν
618 3749 876 3814 γυναῖκες
924 3749 1188 3821 ἱερωσύνῃ
1256 3750 1392 3805 Θεοῦ
1449 3753 1851 3825 καθιερωμέναι

272 3837 562 3909 μετῆλθον,
594 3837 742 3908 ἀγνῷ
774 3838 869 3891 καὶ
900 3840 1147 3910 παναγίῳ
1174 3841 1295 3911 βίῳ,
1325 3842 1470 3912 ψυχῇ
1500 3844 1594 3897 καὶ
1618 3845 1848 3915 σώματι,

271 3932 417 4000 σφᾶς
444 3929 611 3993 αὑτὰς
640 3930 1063 4003 καθιερώσασαι.
1095 3932 1159 3985 Τί
1202 3928 1294 3986 οῦν
1314 3972 1327 3996 ,
1376 3935 1650 4006 τιμωρίας
1700 3936 1849 4003 ἀξιον

268 4026 453 4089 τοῦτο,
486 4028 518 4099 ἢ
553 4027 829 4098 θαύματος
852 4029 942 4084 καὶ
976 4031 1244 4103 ἀποδοχῆς
1270 4033 1435 4104 ἐχρῆν
1462 4034 1741 4104 ήγεῖσθαι;
1788 4037 1852 4089 Ἡ

274 4122 376 4190 μὲν
411 4120 517 4192 γὰρ
544 4121 851 4193 προθυμία,
895 4122 1089 4176 πολλοῦ
1116 4124 1242 4191 ἀξία
1262 4166 1276 4188 ,
1314 4126 1374 4177 τὸ
1415 4125 1471 4178 δὲ
1500 4126 1849 4199 κατόρθωμα,

270 4213 523 4281 κρεῖττον
578 4215 810 4281 φύσεως.
859 4215 997 4279 Τοὺς
1033 4215 1131 4285 μὲν
1181 4213 1274 4269 οῦν
1308 4216 1559 4289 ἀσθενείᾳ
1616 4218 1849 4287 φύσεως,

272 4302 483 4355 παίδων
520 4304 813 4375 ἐπιθυμίας
843 4307 1263 4377 στερουμένους,
1305 4306 1607 4373 ἐλεεῖσθαι,
1654 4308 1767 4362 ἀλλ’
1790 4312 1850 4363 οὐ

272 4393 632 4465 τιμωρεῖσθαι
654 4398 939 4469 προσήκει,
963 4398 1055 4450 τὸν
1072 4398 1127 4450 δὲ
1145 4397 1237 4451 τοῦ
1261 4399 1565 4470 κρείττονος
1594 4402 1849 4473 ἐραστὴν,

1950 3305 2014 3344 ac
2046 3289 2226 3344 dedita
2270 3302 2433 3358 opera
2487 3298 2795 3357 peccarent,
2834 3302 3072 3358 congruo
3103 3287 3367 3357 supplicio
3411 3285 3524 3341 alli-

1951 3381 2171 3435 ciendos
2197 3395 2316 3435 esse
2347 3381 2545 3435 aiebat.
2596 3381 2667 3434 At
2706 3395 2835 3436 vero
2862 3379 3046 3435 multis
3076 3390 3274 3435 natura
3323 3378 3525 3439 liberos

1951 3473 2271 3544 denegavit;
2300 3474 2392 3542 qui
2424 3488 2552 3528 cum
2603 3486 2948 3527 numerosam
2997 3472 3240 3528 sobolem
3289 3472 3390 3526 sibi
3422 3486 3523 3541 0p-

1955 3572 2181 3628 tasseut,
2216 3572 2395 3618 tamen
2426 3566 2495 3619 ob
2532 3564 2779 3632 corporis
2822 3564 3192 3619 infirmitatem
3218 3563 3403 3618 liberis
3431 3578 3524 3616 ca-

1951 3664 2200 3709 ruerunt.
2240 3654 2348 3709 Alii
2379 3655 2497 3709 sine
2528 3654 2714 3709 liberis
2762 3654 2884 3709 ideo
2930 3658 3208 3720 vixerunt,
3244 3668 3350 3708 non
3380 3655 3524 3723 quod

1952 3760 2299 3801 successores
2332 3746 2535 3801 habere
2588 3744 2787 3801 liberos
2835 3746 3063 3813 nollent,
3096 3747 3189 3801 sed
3221 3748 3366 3815 quod
3404 3762 3524 3800 mu-

1953 3836 2177 3891 liebrem
2213 3836 2458 3906 copulam
2496 3848 2917 3904 aversarentur,
2970 3852 3083 3906 prae
3142 3838 3523 3893 ardentissimo

1952 3944 2139 3984 amore
2182 3928 2533 3999 philosophia:
2564 3928 2616 3982 id
2654 3928 3005 3983 continentia:
3055 3943 3226 3998 genus
3264 3927 3521 3998 amplexi.

1954 4019 2133 4074 Multa:
2167 4027 2429 4089 praeterea
2463 4018 2715 4073 mulieres
2746 4018 2929 4072 divino
2962 4018 3129 4073 cultui
3166 4029 3521 4082 consecratae.

1953 4116 2266 4172 castitatem
2314 4126 2477 4185 atque
2521 4113 2888 4168 omnimodam
2920 4112 3289 4184 virginitatem
3341 4111 3525 4166 colue-

1954 4217 2081 4261 runt
2147 4216 2203 4263 et
2239 4217 2347 4261 tam
2400 4204 2610 4260 animos
2657 4219 2784 4259 suos
2838 4218 2998 4273 quam
3051 4217 3310 4271 corpora,
3340 4202 3524 4271 puris.

1953 4303 2105 4357 simzn
2156 4316 2220 4356 ac
2272 4298 2636 4353 sanctissimae
2680 4297 2804 4351 vita:
2858 4297 3331 4367 tnancipaverunt.
3383 4295 3523 4362 Quid

1955 4394 2123 4466 ergo?
2151 4393 2344 4448 Utrum
2392 4392 2495 4446 hoc
2528 4389 2812 4459 supplicio,
2842 4403 2909 4443 an
2951 4389 3129 4459 potius
3162 4379 3523 4443 admiratione

271 4486 425 4551 ἄξιον
460 4482 597 4539 εἴναι
627 4487 1088 4560 ὑπερθαυμάξειν,
1118 4490 1232 4543 ἀλλ’
1275 4492 1335 4543 οὐ
1381 4491 1645 4556 κολάζειν.
1696 4493 1845 4547 Οῦτω

1957 4499 2009 4542 et
2041 4484 2434 4556 approbatione
2476 4483 2694 4554 dignum
2746 4482 2933 4537 haberi
2985 4481 3265 4550 oportuit?
3314 4479 3523 4535 Etenrm

271 4578 369 4631 τὸν
394 4578 554 4649 νόμον
574 4579 823 4650 βασιλεὺς
854 4583 948 4635 σὺν
977 4582 1121 4653 ὀρθῷ
1147 4583 1389 4654 λογισμῷ
1431 4585 1847 4657 μετερρύθμιζε.

274 4668 531 4724 Κάπειτα
563 4671 669 4725 τῶν
701 4673 789 4726 τὸν
830 4673 943 4744 βίον
978 4674 1441 4745 μεταλλαττόντων
1474 4677 1703 4747 ὁμοίως,
1751 4696 1853 4731 πα-

271 4761 417 4816 λαιοὶ
448 4764 546 4835 μὲν
589 4767 762 4839 νόμοι,
808 4769 893 4822 ἐπ’
928 4769 1096 4841 αὐτῆς
1146 4770 1376 4843 ἐσχάτης
1427 4772 1537 4843 (75)
1564 4773 1852 4857 ⁸ἀναπνοῆς

351 4970 463 5043 (72)
493 4970 759 5040 Πλείστη
796 4972 1008 5040 γένοιτ’
1034 4972 1111 5026 ἂν
1139 4974 1441 5043 ῥᾳστώνη.
1490 4974 1699 5042 Melius,
1735 4994 1853 5033 meo

274 5041 751 5115 quidemju‘dicip,
790 5043 1282 5115 dixissetsurropia.

352 5111 466 5185 (75)
504 5110 649 5185 Τοὺς
679 5112 955 5177 ἄπαιδας.
1007 5111 1141 5185 Vide
1177 5110 1549 5169 'Sozomeunm
1602 5118 1655 5171 in
1687 5119 1778 5175 lib.
1812 5136 1849 5185 ι,

275 5196 401 5257 cap.
434 5183 610 5257 9,qui
653 5192 713 5235 ut
757 5192 880 5251 pote
915 5184 1221 5257 causidicus
1265 5186 1553 5257 Byzantini
1602 5186 1721 5243 fori.
1756 5183 1852 5243 hos

275 5252 475 5327 l_t_-gum_
510 5251 876 5327 Romanarum
926 5253 1095 5327 nodos
1145 5251 1345 5327 clarius
1399 5257 1636 5327 explicat
1692 5274 1851 5327 quam

277 5321 874 5396 Eusebitts.__Vidctidt_ts
904 5324 1223 5396 quoqne_est
1247 5321 1535 5396 LipsiUs'in
1563 5321 1854 5382 Continen-

276 5392 517 5468 t_ario_ad
550 5391 643 5468 lib.
681 5408 742 5447 nt
793 5394 1079 5447 Annalium
1105 5392 1276 5450 Taciti
1312 5391 1410 5452 'ubi
1441 5398 1508 5452 de
1540 5398 1655 5468 lege
1689 5398 1852 5468 Papia

276 5462 397 5517 fuse
422 5461 661 5517 disserit.

353 5532 467 5599 (74)
500 5531 794 5606 Λύσαςμδὴ
809 5534 1506 5606 συγχωρεῖκληρονομεῒν
1525 5538 1665 5602 τοὺς
1676 5552 1855 5605 προσ-

276 5601 563 5678 ήκοντας.
612 5602 809 5657 Τοῦτο.
1052 5601 1238 5668 λύσαςή
1268 5606 1331 5678 δὴ
1370 5601 1544 5660 ’τοῦτο
1578 5601 1850 5678 βασιλεὺς,

276 5676 569 5748 expunctis
598 5683 832 5741 quatuor
857 5673 959 5748 illi_s
991 5678 1234 5748 vocibus,
1265 5673 1383 5745 qua:
1424 5693 1490 5748 ex
1530 5673 1767 5748 margine
1799 5682 1851 5732 in

280 5751 493 5818 textum
522 5744 871 5818 irrepserunt.
914 5743 1086 5818 Porro
1115 5746 1236 5818 haec
1282 5743 1593 5801 constitutio
1624 5743 1853 5818 impera-

285 5812 423 5871 toris
453 5811 793 5870 Constantini
820 5823 998 5872 exstat
1029 5816 1083 5873 in
1111 5815 1205 5872 lib.
1246 5832 1343 5874 vnt
1372 5818 1573 5875 codicis
1605 5811 1853 5877 Theodo-

1956 4583 2116 4653 hujus
2150 4582 2226 4635 rei
2269 4580 2354 4635 vel
2379 4588 2605 4634 conatus
2633 4577 2749 4649 ipse
2778 4576 3071 4630 maximam
3098 4575 3308 4630 laudem
3343 4589 3527 4630 mere-

1955 4685 2042 4729 tur
2080 4689 2094 4726 :
2126 4672 2355 4729 cll'ectus
2381 4685 2511 4727 vero
2540 4681 2749 4725 naturae
2805 4668 3057 4724 humanae
3108 4668 3254 4723 vires
3285 4668 3521 4723 excedit.

1957 4767 2061 4822 Eos
2092 4765 2257 4836 igitur
2287 4764 2483 4835 quibus
2501 4761 2768 4819 naturalis
2792 4760 3104 4828 inﬁrmitas,
3135 4760 3261 4817 licet
3292 4761 3525 4815 maxime

1951 4965 2111 5031 siani,
2146 4965 2301 5021 titulo
2340 4965 2416 5019 De
2467 4966 2801 5037 inﬁrmandis
2850 4968 3014 5037 ptenis
3064 4967 3334 5021 ctelibatus
3362 4976 3411 5022 et
3439 4984 3525 5021 or-

1952 5037 2236 5109 bitatis.__lu
2265 5039 2451 5109 codice
2479 5036 2612 5091 Fuit.
2645 5049 2696 5092 et
2730 5040 2854 5092 Sav.
2894 5055 2989 5106 pro
3021 5037 3187 5102 λύσας
3213 5037 3297 5109 δή,
3328 5038 3526 5107 legitur

1952 5107 2316 5169 τελευτῶντας
2357 5106 2436 5170 δέ,
2469 5111 2901 5175 etc.,quomodo
2956 5110 3117 5162 etiam
3155 5110 3205 5161 in
3238 5106 3522 5177 Scaligeri,

1951 5178 2237 5247 Bongarsii
2288 5188 2341 5231 et
2372 5178 2847 5244 ChristOpItorsoni
2900 5180 3054 5233 libris
3098 5180 3356 5247 scriptum
3403 5195 3525 5233 esse

1954 5249 2643 5318 monuerunt‘typographi
2674 5247 3036 5305 Genevenses.
3089 5249 3299 5302 Mallem
3342 5260 3522 5303 tamen

1953 5318 2131 5391 legere
2166 5333 2233 5391 ex
2283 5316 2579 5391 somnient)
2631 5317 2704 5389 μὴ
2736 5319 3029 5391 συγχωρῶν
3079 5318 3431 5390 κληρονομεῖν
3477 5322 3525 5375 εί

1955 5387 2492 5463 μὴερὺςέγγυῖάκτιιξ
2524 5387 2919 5463 προσήξοντᾶςο

2025 5458 2134 5531 (75)
2169 5459 2317 5531 Vulg.
2354 5460 2422 5525 ἐξ
2468 5458 2777 5529 amusing
2799 5460 3150 5531 ἐσχάτης....
3188 5462 3524 5528 Ἀκριδολο-

1952 5530 2200 5600 γεῖσθαι.
2245 5530 2592 5600 'l‘ranspositn
2623 5534 2708 5586 hic
2742 5530 3175 5594 suntvocaltula,
3204 5550 3324 5601 qua:
3367 5534 3526 5585 mini-

1954 5616 2041 5677 mo
2064 5601 2273 5677 negotio
2304 5602 2383 5677 ita
2421 5602 2624 5677 restitui
2650 5612 2867 5677 possunt
2900 5622 2912 5655 :
2938 5604 3023 5677 ἐπ’
3072 5602 3306 5677 ἐσχάτης
3330 5604 3529 5677 ἀναπ-

1954 5616 2127 5654 tnone
2164 5616 2273 5654 ouo
2314 5616 2383 5653 ita
2421 5616 2624 5655 restitui
2650 5616 2867 5672 possunt
2900 5616 3022 5657 εεπ
3072 5619 3306 5677 εσχατης
3354 5616 3525 5656 αναπ-

1952 5670 2080 5742 νοῆς
2103 5616 2649 5745 ἐξακριόολογεῖσθαι.
2683 5673 2849 5728 Porro
2866 5690 2924 5727 ea
2951 5676 3030 5730 lex
3061 5674 3397 5732 Constantini
3421 5690 3525 5741 qua

1952 5743 2116 5809 prisci
2138 5743 2277 5810 juris
2305 5744 2696 5809 morositatem,
2738 5750 2792 5798 et
2819 5746 3104 5799 verborum
3150 5746 3409 5799 formulas
3470 5744 3523 5795 in

1897 5877 1913 5891 ν
1955 5811 2247 5871 condendis
2294 5814 2628 5871 testamentis
2651 5814 2899 5884 abolevit,
2932 5816 3111 5887 hodie,
3130 5819 3181 5872 ni
3214 5816 3384 5878 fallor,
3418 5828 3527 5868 non
