3882 6262
134 320 266 376 ttst
336 277 356 296 ’

1218 310 1308 366 DE
1348 309 1512 366 VITA
1547 302 2004 366 CONSTAN'I‘INI
2039 307 2148 364 LIB
2205 303 2300 366 IV.

3215 313 3352 369 “83

137 437 233 509 μὴ,
261 437 368 506 ὅπη
402 435 554 504 φίλον
581 433 795 504 ἑκάστῳ
819 473 834 500 ,
889 433 1122 504 κρινέτω
1143 448 1158 464 ·
1215 433 1337 504 ὲμοί
1383 431 1429 486 δ’
1469 430 1697 502 ἐφείσθω

1808 431 2021 500 injuria,
2057 436 2258 484 Statuat
2287 428 2518 497 quisque
2543 433 2702 497 prout
2725 424 3012 481 videbitur.
3062 424 3189 482 Mihi
3214 429 3353 484 inte-

132 527 339 598 τάληθῆ
372 525 624 597 γράφειν.

641 611 1033 667 ΚΕΦΑΛΑΙΟΝ
1069 611 1189 665 AB'.

133 710 276 780 Περὶ
311 706 764 786 συγγρᾴμμαζος
808 704 1263 786 Κωτο-ταντίγου
1283 741 1318 786 ,‘
1340 699 1372 754 ὃ
1416 699 1564 768 πρὸς
1591 701 1699 754 τὸν

453 773 782 844 etin/drle
809 775 1116 840 σύλλογον
1139 773 1381 841 ἔγραψε.

211 869 456 940 Ῥωμαία
486 867 581 938 μὲν
610 863 703 920 οὖν
740 863 951 938 γλώττῃ
981 866 1079 941 τήν
1107 864 1216 917 τῶν
1255 863 1424 931 λόγων
1463 877 1698 930 συγγρα-

133 963 238 1033 (piri
284 961 525 1031 βασιλεὺς
567 959 824 1028 παρεῖχε·
859 956 1178 1026 μετέϐαλλον
1223 955 1264 1008 δ’
1308 955 1475 1024 αὐτὴν
1509 955 1700 1025 μεθερ-

135 1051 402 1123 μηνευταὶ
433 1048 544 1115 (8-2.)
593 1047 741 1115 φωνῇ
784 1045 868 1115 (τῇ
912 1044 1176 1115 ἡμετέρᾳ)
1227 1038 1308 1103 οἷς
1335 1041 1491 1095 τοῦτο
1528 1044 1697 1094 ποιεῖν

134 1145 294 1213 ἔργον
338 1136 425 1210 ἦν.
464 1136 582 1189 Τῶν
612 1135 654 1187 δ’
700 1132 1137 1205 ὲρμηνευθέντων
1183 1131 1376 1201 λόγων,
1410 1131 1696 1202 δείγματος

134 1231 320 1282 ἕνεκεν
343 1265 358 1290 ,
413 1225 550 1295 μετὰ
586 1224 686 1295 τὴν
719 1222 995 1294 παροῦσαν
1043 1221 1294 1275 ὑπόθεσιν
1334 1222 1458 1292 ἑξῆς
1495 1224 1697 1275 ἐκεῖνον

134 1317 380 1388 συνάψω,
414 1318 472 1371 ὃν
505 1319 533 1369 ὁ
562 1317 718 1380 αὐτὸς
759 1316 1034 1388 ἐπέγραψε
1077 1313 1160 1380 Τῷ
1194 1314 1312 1368 τῶν
1341 1314 1522 1384 ἁγίων
1548 1315 1698 1367 συλ-

133 1415 312 1482 λόγῳ,
345 1415 411 1482 τῇ
456 1411 743 1480 Ἐκκλησία
776 1409 868 1462 τοῦ
909 1407 1042 1462 Θεοῦ
1084 1407 1299 1468 ἀναθεὶς
1328 1406 1423 1476 τὴν
1460 1406 1694 1478 γραφὴν,

133 1504 210 1564 ὠς
241 1504 315 1574 μή
345 1521 429 1565 τις
455 1503 663 1573 κόμπον
689 1498 822 1553 εἶναι
853 1501 1090 1571 νομίσειε
1130 1501 1227 1571 τὴν
1253 1498 1520 1571 ἡμετέραν
1557 1498 1698 1569 ἀμφὶ

133 1593 241 1646 τῶν
270 1592 565 1663 λεχθέντων
603 1592 922 1662 μαρτυρίαν.

640 1672 1030 1725 ΚΕΦΑΛΑΙΟΝ
1069 1672 1168 1725 AI”

1802 522 1904 577 rim
1933 521 2018 576 fas
2048 521 2118 576 sit
2139 533 2318 574 rerum
2341 517 2624 572 veritatem
2652 517 2870 584 scriptis
2893 515 3147 586 prodere.

2333 606 2564 664 CAPUT
2605 607 2818 662 XXXII.

1801 702 1881 758 De
1957 699 2287 755 Constantini
2345 701 2618 766 oratione,
2677 715 2840 783 quam
2917 699 2987 753 ad
3054 707 3349 754 sanctorum

2359 781 2542 824 coetum
2582 780 2814 839 scripsit.

1869 863 1933 918 Et
1969 863 2266 931 imperator
2309 862 2522 931 quidem
2567 860 2760 915 Latino
2796 875 3044 916 sermone
3085 861 3353 916 orationes

1801 955 2170 1022 componebat.
2207 953 2312 1007 Eas
2341 967 2470 1008 vero
2515 952 2568 1006 in
2611 950 2856 1007 Graecam
2894 963 3078 1020 postea
3114 952 3350 1020 linguam

1797 1047 2185 1101 convertebant
2240 1045 2590 1112 interpretes,
2640 1044 2837 1113 quibus
2883 1044 2936 1097 id
2993 1059 3189 1098 munus
3233 1052 3355 1097 erat

1797 1137 2114 1207 iniunctum.
2185 1136 2262 1190 Ex
2327 1136 2410 1190 his
2481 1136 2818 1191 orationibus
2865 1135 3054 1190 Graeco
3106 1149 3354 1190 sermone

1798 1227 2098 1291 translatis,
2138 1226 2366 1296 exempli
2395 1228 2591 1297 gratia,
2619 1242 2778 1280 unam
2824 1226 2952 1280 huic
2993 1225 3140 1295 Operi
3194 1224 3357 1294 subji-

1795 1317 1960 1381 ciam,
2004 1332 2163 1384 quam
2203 1317 2293 1371 ille
2358 1309 2442 1364 Ad
2474 1320 2776 1368 sanctorum
2808 1319 2996 1364 coetum
3054 1315 3353 1385 inscripsit,

1795 1405 2052 1461 Ecclesia:
2103 1405 2673 1460 Deiducubrationem
2709 1405 2854 1460 illam
2899 1420 3211 1474 nuncupans
3239 1423 3254 1459 :
3287 1418 3357 1458 ne

1795 1497 1884 1551 cui
1928 1495 2072 1551 forte
2123 1506 2368 1552 nostrum
2403 1511 2568 1563 super
2621 1497 2707 1552 bis
2741 1498 2902 1552 rebus
2943 1496 3308 1552 testimonium
3335 1533 3354 1560 ,

1793 1603 1934 1643 vana
1968 1599 2128 1659 atque
2159 1589 2339 1642 inanis
2369 1588 2548 1641 fabula
2587 1604 2710 1644 esse
2737 1590 3005 1643 videatur.

2212 1678 2372 1750 542
2417 1677 2640 1732 CAPUT
2695 1677 2936 1732 XXXIII.

133 1771 328 1833 Ὅπως
354 1765 470 1842 τῶτ
498 1762 952 1842 Εὺᾳεὸζουκπερὶ
981 1763 1102 1842 ’το-ὗ.
1115 1762 1422 1842 μνῂμιιτος
1443 1763 1548 1818 τοῦ
1575 1766 1695 1818 Σω-

1808 1768 2073 1835 Quomodo
2099 1767 2310 1822 Eusebii
2334 1777 2400 1842 de
2430 1766 2726 1821 Servatoris
2751 1769 2985 1842 sepulcro
3015 1769 3358 1839 panegyricus

393 1835 574 1904 τῆρος
594 1833 937 1898 ἐπιδείξεων
969 1832 1158 1899 ἑστὼς
1182 1832 1429 1902 ἤκουσε.

199 1952 438 2005 Κάκεῖνο
463 1950 519 2003 δὲ
553 1950 769 2022 μνήμης
795 1948 853 2002 οὗ
892 1967 979 2020 μοι
1007 1949 1154 2002 δοκεῖ
1192 1949 1492 2021 ἀπόϐλητον
1538 1946 1694 2012 εἶναι,

126 2033 154 2088 ὃ
181 2035 249 2106 δὴ
279 2035 373 2088 κα)⁴
403 2036 484 2103 ἐφ’
512 2032 666 2105 ήμῶν
698 2031 873 2086 αὐτῶν
902 2035 930 2086 ὁ
957 2031 1256 2102 θαυμάσιος
1297 2033 1692 2104 κατεπράξατο.

135 2125 364 2193 Ἐπειδὴ
390 2126 496 2196 γάρ
523 2141 650 2177 ποτε
677 2123 863 2195 θάρσει
888 2123 987 2192 τῆς
1020 2120 1182 2175 αὐτοῦ
1212 2123 1334 2194 περὶ
1361 2123 1420 2174 τὸ
1448 2122 1584 2175 θεῖον
1610 2123 1697 2175 ετ)-

123 2214 377 2277 λαϐείας,
408 2214 547 2281 ἀμφὶ
578 2213 670 2266 τοῦ
709 2211 973 2282 σωτηρίου
1025 2213 1298 2282 μνήματος
1329 2211 1484 2280 λόγον
1516 2230 1694 2283 παρα-

124 2309 280 2376 σχεῖν
328 2307 405 2366 είς
448 2305 680 2374 ἐπήκοον
725 2301 889 2356 αὑτοῦ
945 2301 1268 2373 δεδεήμεθα,
1318 2294 1696 2374 προθυμότατα

129 2399 234 2467 μὲν
260 2397 361 2458 τὰς
390 2395 558 2459 ἀκοὰς
597 2397 815 2464 ὑπεῖχε·
850 2393 1108 2465 ’πλήθους
1149 2394 1191 2446 δ’
1223 2394 1500 2465 ἀκροατῶν
1539 2412 1693 2465 περι-

123 2487 388 2551 εστῶτος,
411 2485 552 2539 ἔνδον
579 2486 636 2538 ἐν
667 2486 847 2549 αὐτοῖς
879 2484 1163 2554 βασιλείοις
1181 2486 1290 2553 (85)
1314 2485 1489 2556 ὄρθιος
1507 2485 1692 2552 ἑστὼς,

125 2578 247 2648 ἅμα
279 2581 390 2640 τοῖς
423 2577 628 2640 λοιποῖς
659 2578 989 2648 ἐπηκροᾶτοι
1024 2576 1180 2646 ήμῶν
1207 2577 1250 2629 δ’
1281 2576 1695 2632 ἀντιϐολούντων

127 2671 223 2722 ἐπὶ
253 2671 640 2741 παρακειμένῳ
664 2668 739 2739 τῷ
761 2664 1023 2738 βασιλικῷ
1051 2669 1221 2742 θρόνῳ
1249 2669 1692 2732 διαναπαύεσθαι,

127 2760 379 2813 ἐπείθετο
411 2761 506 2829 μὲν
527 2759 792 2829 οὐδαμῶς,
827 2761 1199 2829 συντεταμένῳ
1230 2759 1286 2812 δὲ
1327 2759 1569 2830 λογισμῷ
1599 2760 1694 2829 τὴν

127 2854 402 2924 διάκρισιν
429 2855 658 2905 ἐποιεῖτο
685 2853 791 2905 τῶν
818 2852 1150 2922 λεγομένων,
1182 2855 1300 2915 ταῖς
1343 2869 1399 2904 τε
1438 2853 1694 2922 δογματι-

127 2948 254 3007 καῖς
282 2943 576 3010 θεολογίαις
605 2943 858 3014 ἀλήθειαν
889 2941 1274 3012 ἐπεμαρτύρει.
1327 2943 1476 2995 Ἐπεὶ
1513 2944 1568 2996 δὲ
1602 2960 1693 2995 πο-

126 3036 224 3098 λὺς
239 3032 308 3106 ἦν
322 3037 348 3086 ὁ
365 3035 568 3106 χρόνος,
597 3035 624 3086 ὅ
644 3051 699 3086 τε
720 3033 872 3100 λόγος
899 3035 921 3085 ὲ
929 3033 1213 3104 μηκύνετο,
1229 3035 1260 3103 ή
1269 3036 1386 3104 μεῖς
1411 3035 1506 3103 μὲν
1529 3051 1693 3087 καταο

2209 1838 2472 1891 orationes
2522 1846 2665 1890 stans
2699 1839 2943 1891 audierit.

1865 1927 2002 1983 Illud
2025 1943 2154 1983 vero
2181 1928 2321 1998 quod
2352 1928 2506 1983 nobis
2529 1928 2888 1998 praesentibus
2915 1928 3082 1998 gessit
3106 1928 3356 1998 princeps

1793 2019 2080 2086 mirabilis,
2125 2033 2460 2088 nequaquam
2497 2018 2629 2072 mihi
2661 2019 2870 2072 videtur
2896 2018 3106 2072 silentio
3135 2028 3356 2086 praeter-

1795 2111 2054 2166 eundum.
2113 2109 2248 2165 Nam
2286 2126 2406 2166 cum
2450 2110 2706 2180 singulari
2744 2109 2937 2179 ejusin
2963 2110 3126 2164 Deum
3159 2113 3358 2180 pietate

1794 2203 2006 2269 conﬁsi,
2043 2218 2382 2273 rogassemus
2424 2202 2714 2271 aliquando
2752 2215 2812 2255 ut
2839 2217 2933 2256 nos
2957 2202 3022 2257 de
3053 2204 3359 2257 Servalnris

1793 2296 1968 2351 nostri
1997 2295 2245 2364 sepulcro
2274 2296 2518 2350 dicentes
2545 2297 2730 2348 audire
2761 2294 2954 2358 vellet,
3004 2293 3359 2349 libentissime

1793 2407 1952 2448 aures
1980 2392 2133 2446 nobis
2161 2392 2541 2446 commodavit.
2578 2391 2822 2458 Cumque
2862 2390 3096 2443 maxima
3133 2391 3358 2444 audien-

1796 2487 1926 2540 tium
1962 2485 2249 2539 multitudo
2295 2485 2439 2539 intus
2493 2469 2565 2540 in.
2608 2485 2722 2552 ipsa
2761 2486 2904 2554 regia
2955 2485 3356 2547 circumstaret,

1795 2589 1946 2633 stans
1970 2578 2082 2645 ipse
2111 2593 2214 2630 una
2232 2593 2352 2631 cum
2384 2578 2597 2631 caeteris
2632 2579 2936 2632 orationem
2981 2576 3208 2643 audivit.
3247 2575 3356 2628 No-

1794 2670 1984 2739 bisque
2008 2671 2074 2724 ab
2107 2685 2174 2724 eo
2215 2669 2631 2737 postulantibus,
2672 2680 2728 2723 ttt
2762 2671 2812 2724 in
2861 2671 3022 2740 regali
3055 2670 3190 2725 solio
3217 2672 3357 2740 quod

1790 2761 1942 2832 juxta
1995 2763 2227 2830 positum
2255 2772 2372 2816 erat
2410 2765 2599 2817 sedere
2624 2764 2813 2828 vellet,
2861 2781 3132 2833 nunquam
3169 2763 3359 2819 adduci

1793 2853 1968 2922 potuit
1993 2864 2049 2906 ut
2075 2854 2285 2906 sederet
2315 2869 2330 2907 :
2363 2855 2454 2907 sed
2485 2855 2692 2909 intento
2725 2857 2904 2908 animo
2939 2871 3055 2924 quae
3103 2856 3360 2910 diceban-

1797 2952 1881 2994 tur
1903 2941 2230 3009 expendens,
2272 2942 2688 3011 tlteologicorum
2728 2945 3032 3013 dogmatunt
3080 2945 3359 2998 veritatem

1795 3045 1894 3086 suo
1959 3031 2267 3086 testimonio
2317 3033 2721 3100 comprobabat.
2776 3034 2908 3088 Cum
2958 3049 3088 3087 vero
3137 3025 3367 3088 multum"

128 3127 326 3181 παύειν
351 3125 726 3197 προῃρήμεθα,
753 3127 781 3177 ὁ
802 3124 843 3176 δ’
869 3125 966 3176 οὐκ
990 3125 1139 3196 ἀνῄει
1159 3125 1291 3195 (83')
1314 3165 1327 3187 ,
1353 3125 1623 3195 περαίνειν
1653 3125 1697 3177 δ’

1808 3121 1906 3188 iam
1931 3123 2188 3191 temporis
2219 3126 2766 3193 consumpsissemus,
2815 3133 2868 3178 et
2913 3125 3173 3192 prolixior
3217 3133 3362 3180 esset

128 3222 212 3281 είς
233 3217 383 3280 τέλος
410 3214 745 3287 προύτρεπεν
768 3231 780 3244 ·
822 3213 1236 3267 ἀντιϐολούντων
1264 3213 1318 3266 δὲ
1348 3213 1689 3276 καθέζεσθαι,

128 3303 515 3369 ἀντεδυσώπει,
543 3302 661 3356 τοτὲ
690 3304 786 3372 μὲν
821 3303 995 3372 φήσας
1018 3301 1092 3364 ὡς
1113 3303 1172 3354 οὐ
1211 3301 1426 3371 θεμιτὸν
1455 3300 1561 3370 εἴη,
1585 3301 1694 3354 τῶν

129 3399 262 3469 περὶ
293 3395 425 3449 Θεοῦ
472 3394 800 3464 κινουμένων
843 3393 1124 3463 δογμάτων
1159 3393 1449 3463 ἀνειμένοις
1497 3393 1695 3463 ἀκροᾶ-

129 3491 278 3554 σθαι,
310 3490 429 3543 τοτὲ
452 3488 527 3552 δὲ,
563 3487 858 3557 συμφέρειν
887 3485 1030 3556 αὐτῷ
1057 3488 1148 3540 καὶ
1185 3486 1479 3539 λυσιτελεῖν
1501 3486 1656 3539 τοῦτο
1679 3501 1692 3515 ’

127 3579 375 3641 ἑστῶτας
411 3578 515 3649 γὰρ
555 3577 846 3630 ὑπακούειν
878 3578 985 3630 τῶν
1019 3579 1204 3642 θείων,
1245 3578 1410 3630 ὅσιον.
1456 3576 1607 3628 Ἐπεὶ
1641 3575 1697 3628 δὲ

129 3674 228 3727 καὶ
257 3671 428 3726 ταῦτα
453 3669 633 3732 τέλους
659 3667 970 3738 ἐτύγχανεν,
993 3669 1146 3738 ἡμεῖς
1184 3667 1280 3737 μὲν
1309 3665 1487 3719 οἴκαδε
1535 3668 1698 3718 ἐπαν-

129 3765 344 3836 ῄειμεν,
381 3762 473 3816 καὶ
506 3761 600 3824 τάς
629 3759 873 3830 συνήθεις
909 3758 1362 3826 ἀπελαμϐάνομεν
1395 3757 1692 3827 διατριϐάς.

1796 3212 2004 3278 oratio,
2033 3227 2130 3266 nos
2157 3213 2372 3281 quidem
2399 3214 2556 3267 tinent
2585 3214 2793 3268 dicendi
2817 3214 2999 3268 facere
3024 3215 3354 3277 volebamus;

1796 3312 1853 3358 at
1893 3303 2006 3372 ipse
2045 3305 2362 3358 hortabatur
2403 3319 2522 3368 nos,
2563 3315 2622 3356 ut
2668 3320 3012 3374 pergeremus
3053 3307 3224 3360 donec
3287 3307 3356 3360 ad

1802 3405 1996 3451 metam
2023 3395 2280 3464 perducta
2311 3407 2454 3452 esset
2476 3397 2667 3450 oratio.
2705 3396 2870 3452 Nobis
2894 3413 3079 3452 rursus
3114 3408 3170 3452 ut
3199 3399 3361 3454 sede-

1803 3494 1888 3540 ret
1919 3485 2368 3556 supplicantibus,
2420 3488 2533 3556 ipse
2557 3488 2839 3543 obluctans
2885 3489 3114 3557 benigne
3139 3503 3362 3558 persua-

1803 3577 1962 3633 debat
1992 3595 2007 3631 :
2037 3593 2159 3632 cum
2197 3594 2342 3633 nunc
2388 3580 2602 3648 quidem
2643 3579 2849 3634 diceret
2898 3580 3049 3634 nefas
3089 3594 3238 3644 esse,
3271 3581 3364 3634 ubi

1799 3665 1869 3722 de
1905 3667 2014 3721 Deo
2060 3669 2308 3724 instituta
2350 3669 2424 3722 sit
2462 3669 2758 3738 disputatio
2789 3671 3013 3723 remisse
3036 3685 3097 3724 ac
3130 3670 3366 3726 molliter

1802 3758 2132 3821 auscultare,
2192 3773 2338 3812 nunc
2361 3773 2489 3813 vero
2536 3759 2588 3812 id
2621 3758 2725 3812 sibi
2770 3759 2899 3812 utile
2931 3768 2984 3812 et
3022 3760 3364 3814 commodum

130 3872 254 3913 esse
285 3855 594 3909 afﬁrmaret.
640 3853 790 3906 Pium
831 3853 971 3905 enim
1002 3866 1062 3904 ac
1091 3849 1394 3918 religiosum
1439 3856 1542 3913 est,
1581 3847 1772 3916 inquit,
1810 3855 1868 3899 ut
1894 3846 1962 3901 de
1999 3847 2159 3901 rebus
2214 3849 2412 3904 divinis
2448 3857 2652 3903 stantes
2691 3850 2931 3906 audiant.
2979 3848 3072 3906 His
3104 3851 3362 3920 peractis,

135 3970 230 4013 “us
279 3953 493 4022 quidem
552 3950 764 4003 domum
822 3945 1046 4001 reversi.
1091 3943 1367 3999 consuetis
1413 3958 1511 3996 nos
1546 3942 1735 3996 studiis
1770 3951 1825 3996 et
1845 3941 2324 3996 exercitationibus
2353 3942 2695 3995 reddidimus.

638 4037 1033 4094 ΚΕΦΑΛΑΙΟΝ
1071 4038 1192 4088 AA'.

139 4138 268 4190 Ὅτι
296 4133 430 4202 περὶ
455 4133 557 4187 τοῦ
593 4131 806 4202 Πάσχα
961 4125 1387 4202 θείοη·οβί6λων
1410 4122 1558 4192 πρὸς
1583 4125 1700 4177 Eii-

659 4201 861 4253 σέόιον
895 4199 1174 4266 ἔγραψεν.

212 4293 272 4345 ὐ
293 4293 351 4345 δὲ
369 4289 476 4343 τῶν
490 4286 818 4358 Ἐκκλησιῶν
842 4284 935 4338 τοῦ
955 4283 1087 4336 Θεοῦ
1107 4298 1363 4354 προνενοη
1374 4279 1529 4352 μένος
1553 4279 1683 4349 (ει),

135 4387 264 4457 περὶ
305 4381 645 4450 κατασκευῆς
674 4366 1051 4432 θεοπνεύστων
1087 4374 1281 4440 λογίων
1317 4374 1398 4435 εἱς
1441 4373 1702 4443 ἡμέτερον

2333 4031 2559 4086 CAPUT
2602 4030 2835 4086 XXXIV.

1808 4123 1961 4190 Quod
1990 4126 2052 4178 de
2077 4123 2284 4176 Pascha
2317 4133 2366 4177 et
2389 4126 2452 4177 de
2475 4125 2940 4203 sacriscodicibus
2981 4124 3050 4177 ad
3081 4121 3365 4179 Eusebium

2478 4206 2704 4263 scripsit.

1872 4286 1941 4340 At
1973 4287 2059 4342 ille
2098 4286 2355 4341 Ecclesiis
2393 4286 2484 4340 Dei
2516 4286 2732 4354 provida
2777 4300 2989 4352 semper
3025 4297 3202 4341 mente
3234 4301 3363 4341 con-

1805 4381 2004 4442 sulens,
2037 4379 2102 4433 de
2120 4379 2476 4434 conﬁciendis
2500 4377 2671 4432 sacris
2714 4377 3004 4442 codicibus,
3044 4387 3098 4431 et
3129 4379 3192 4432 de
3229 4380 3362 4434 festo

135 4441 424 4549 πρόσωπον
445 4441 678 4526 ἐπετίθει
707 4470 767 4523 τὸ
786 4469 1016 4539 γράμμα
1033 4508 1048 4532 ,
1079 4465 1214 4518 ἀλλά
1239 4466 1301 4537 δὴ
1330 4465 1422 4517 καὶ
1450 4441 1574 4534 περὶ¹
1599 4462 1697 4530 τῆς

1808 4470 2040 4538 paschali
2083 4471 2149 4523 ad
2187 4485 2286 4523 nos
2331 4468 2615 4536 epistolam
2653 4467 2889 4534 scripsit.
2929 4441 3061 4520 Nam
3111 4483 3230 4522 cum
3263 4484 3362 4525 nos

135 4569 446 4638 ἁγιωτάτης
477 4563 568 4618 τοῦ
595 4564 785 4632 Πάσχα
818 4561 1026 4630 ἑορτῆς.
1055 4561 1100 4611 Π
1109 4558 1567 4630 ροσφωνησάντων
1595 4556 1702 4625 γὰρ

130 4660 294 4732 ἡμῶν
345 4657 454 4727 (85)
517 4653 662 4724 αὐτῷ
726 4651 989 4723 μυστικὴν
1054 4649 1389 4720 ἀνακάλυψιν
1455 4647 1548 4700 τοῦ
1604 4646 1703 4716 τῆς

204 4794 320 4867 (82)
360 4787 851 4867 Μεθερμηνευταί.
899 4786 1010 4839 Sub
1062 4785 1408 4866 dispositione
1462 4781 1702 4867 magistri

130 4853 436 4920 ciliciorum
471 4853 622 4915 erant
663 4861 980 4920 interpretes
1035 4857 1304 4909 variarum
1352 4853 1589 4921 gentium
1641 4866 1705 4904 ac

133 4937 464 5001 linguarum,
509 4940 565 4983 ιιι
598 4931 756 5002 docet
804 4926 998 5002 Notitia
1033 4926 1159 5002 imp.
1210 4923 1459 5002 Romani.
1500 4921 1700 5002 ﬂorum

134 4991 312 5073 igitur
355 4991 517 5069 opera
569 4991 1254 5073 utebatur_Coltstantinus,
1289 4994 1340 5045 in
1376 4991 1620 5073 epistolis
1649 4999 1705 5042 et

133 5064 481 5126 orationibus
511 5085 576 5123 ex
606 5067 798 5121 Latino
827 5067 876 5120 in
911 5064 1153 5120 Graecum
1185 5075 1490 5118 sermonem
1526 5069 1702 5114 trans-

134 5144 399 5199 ferendis.

214 5211 326 5283 (85)
363 5209 607 5283 ἝνδονΔ
631 5202 952 5283 ἐν’-αὺτοῖς
1011 5203 1369 5283 βασιλείοις.
1426 5199 1707 5283 'I'nterpres

137 5269 329 5341 vertit,
355 5281 405 5331 in
442 5282 555 5348 ipsa
593 5274 806 5348 basilica
833 5289 850 5326 :
887 5275 1027 5348 quod
1059 5289 1164 5326 non
1195 5274 1396 5348 prob-0.
1426 5269 1537 5348 [Ioc
1562 5269 1704 5321 enim

135 5338 398 5418 tanquam
435 5338 702 5418 n'tirabile
735 5338 946 5412 pietatis
975 5338 1300 5418 _ezr_empl:nm
1339 5340 1391 5392 itt
1435 5338 1707 5418 Constan-

139 5409 267 5477 tino.
312 5429 458 5471 notat
511 5409 793 5474 Eusebius,
846 5413 988 5479 quod
1035 5409 1244 5464 Eusebii
1297 5422 1599 5463 sermonem
1646 5409 1706 5479 in

140 5494 262 5558 ipso
311 5489 512 5557 palatio
557 5497 705 5558 stans
739 5477 1028 5558 imperator
1075 5480 1260 5533 audire
1313 5479 1558 5546 dignatus
1611 5477 1704 5531 sit.

135 5550 382 5616 Certe-si
415 5559 466 5610 in
510 5554 734 5609 ecclesia
767 5563 917 5603 stans
953 5550 1244 5616 imperator
1281 5561 1580 5601 sermonem
1611 5560 1702 5598 au-

137 5632 350 5690 diisset,
396 5629 574 5680 minus
621 5624 670 5675 id
701 5631 842 5675 esset
875 5619 1202 5680 mirandum,
1233 5633 1352 5690 cum
1384 5617 1550 5690 locus
1582 5616 1704 5690 ipse

139 5684 504 5754 reverentiam
540 5690 1200 5762 postuletnetintperator
1233 5687 1347 5762 ipse
1383 5687 1435 5740 in
1482 5684 1706 5738 ecclesia

142 5785 288 5826 unus
328 5769 456 5822 site
499 5757 722 5820 numero
753 5759 1012 5814 ﬁdelium.
1059 5757 1116 5812 In
1162 5757 1359 5827 palatio
1391 5769 1517 5812 vero
1561 5763 1703 5810 stare

1804 4563 2001 4616 librum
2029 4562 2318 4630 quemdam
2354 4575 2460 4629 quo
2486 4573 2681 4615 arcana
2721 4558 2865 4632 illius
2904 4558 3024 4613 festi
3075 4559 3210 4613 ratio
3245 4568 3364 4614 erat

1804 4653 2069 4723 exposita,
2099 4652 2147 4707 ei
2183 4663 2674 4719 nuucupassemus,
2699 4649 2967 4718 quomodo
3008 4664 3106 4703 nos
3135 4665 3362 4719 respon-

1805 4783 2210 4852 imperatorem,
2243 4781 2492 4850 loquente
2514 4781 3074 4852 episeopotsingnlare
3097 4785 3360 4850 quoddam

1804 4851 2109 4916 exetttplunt
2136 4862 2215 4905 est
2249 4853 2540 4919 religionis.
2575 4852 2701 4904 Vide
2727 4851 2883 4911 infra,
2911 4867 3029 4919 cap.
3054 4854 3143 4917 46,
3170 4869 3232 4907 ex
3257 4869 3365 4921 quo

1806 4921 2091 4992 manifeste
2135 4922 2401 4992 colligitur
2449 4922 2846 4992 tticipalatiuut
2899 4921 3146 4989 intelligi.
3199 4924 3364 4977 Porro

1805 4991 2097 5046 Christiani
2151 4991 2356 5045 stantes
2397 4992 2523 5045 olim
2557 4991 2608 5044 in
2661 4991 2884 5044 ecclesia
2924 5006 3226 5045 sermonem
3273 5009 3362 5046 sa-

1807 5061 2042 5115 cerdotis
2084 5063 2392 5114 auscultare
2434 5069 2842 5114 consueverant.
2878 5058 3015 5112 Nulli
3065 5062 3261 5130 quippe
3311 5063 3362 5116 in

1809 5131 2038 5185 ecclesia
2077 5131 2335 5185 sedebant
2375 5130 2474 5184 nisi
2512 5130 2835 5198 presbyteri.
2865 5139 2922 5182 ιιι
2960 5130 3117 5183 docet
3142 5135 3368 5198 Optatns

1808 5199 1862 5254 in
1899 5201 1990 5255 lib.
2019 5215 2070 5252 tv
2099 5218 2112 5253 :
2151 5217 2169 5250 ι
2201 5200 2331 5252 Dum
2366 5214 2696 5267 peccatorent
2720 5199 3252 5267 arguitetsedcntent
3283 5202 3364 5253 itt-

1811 5281 1997 5338 crepat
2035 5269 2192 5332 Deus,
2226 5269 2536 5338 specialiter
2567 5269 2633 5322 ad
2668 5283 2761 5320 vos
2786 5270 2982 5338 dictum
3010 5283 3127 5338 esse
3157 5279 3370 5322 constat

1813 5354 1919 5460 :ton
1945 5341 2011 5420 ad
2045 5337 2315 5408 populum,
2342 5339 2430 5408 qui
2461 5339 2514 5391 in
2543 5338 2769 5393 ecclesia
2811 5353 2918 5391 non
2954 5337 3116 5391 habet
3145 5338 3368 5394 sedendi

1839 5421 2110 5460 ICCIIIIam.
2138 5426 2159 5459 ι

1839 5421 2110 5462 ιοεηιιιιιη.
2138 5426 2159 5459 ι

1886 5498 2020 5570 (85⁸)
2063 5499 2266 5567 Ἁνῄεί.
2290 5495 2453 5551 Ῑ¹¹Οῐῑθ
2476 5497 2599 5569 ἀνίη
2629 5496 2708 5552 vel
2741 5497 2898 5550 ἀνίει.
2930 5495 3089 5552 Eutr.
3178 5504 3180 5506 ’

1882 5551 2685 5661 (84)λ⁷ιι1ε.“πεπρονῦημέι;ος.
2708 5589 2760 5643 In
2783 5589 2913 5646 Fuk.
2937 5551 3090 5646 codd.
3119 5589 3371 5646 scribitur
3427 5551 3432 5618 ί

1813 5659 2266 5731 προνενοημένος,
2298 5662 2514 5721 rectius,
2553 5661 2604 5714 tti
2637 5661 2809 5716 fallor.

1887 5751 1999 5823 (85)
2038 5749 2609 5822 Προσφωνησὰντων
2654 5749 2762 5821 γὰρ
2796 5749 2978 5821 ἡμῶν.
3024 5751 3244 5809 Videtur
3285 5749 3374 5808 iu-
