  <div class='ocr_page' id='page_1' title='image "/cluster/home/n/w/nwhite01/storage/ocr_20150623/20/mdp.39015008802764/601.png"; bbox 0 0 3882 6262; ppageno 0'>
   <div class='ocr_carea' id='block_1_1' title="bbox 532 322 661 379">
    <p class='ocr_par' dir='ltr' id='par_1_1' title="bbox 532 322 661 379">
     <span class='ocr_line' id='line_1_1' title="bbox 532 322 661 379; baseline -0.016 0"><span class='ocrx_word' id='word_1_1' title='bbox 532 322 661 379; x_wconf 69' lang='grc'><strong>1191</strong></span> 
     </span>
    </p>
   </div>
   <div class='ocr_carea' id='block_1_2' title="bbox 1227 301 3026 367">
    <p class='ocr_par' dir='ltr' id='par_1_2' title="bbox 1227 301 3026 367">
     <span class='ocr_line' id='line_1_2' title="bbox 1227 301 3026 367; baseline -0.003 0"><span class='ocrx_word' id='word_1_2' title='bbox 1227 308 1497 367; x_wconf 82' lang='lat' dir='ltr'><strong>EUSEBII</strong></span> <span class='ocrx_word' id='word_1_3' title='bbox 1526 305 2008 366; x_wconf 65' lang='lat' dir='ltr'><strong>CESARIENSIS</strong></span> <span class='ocrx_word' id='word_1_4' title='bbox 2043 303 2193 360; x_wconf 89' lang='lat' dir='ltr'><strong>OPP.</strong></span> <span class='ocrx_word' id='word_1_5' title='bbox 2232 301 2413 358; x_wconf 77' lang='lat' dir='ltr'><strong>PARS</strong></span> <span class='ocrx_word' id='word_1_6' title='bbox 2451 302 2493 361; x_wconf 85' lang='grc' dir='ltr'><strong>Ι.</strong></span> <span class='ocrx_word' id='word_1_7' title='bbox 2530 333 2599 343; x_wconf 91' lang='grc'><strong><em>-</em></strong></span> <span class='ocrx_word' id='word_1_8' title='bbox 2638 303 3026 362; x_wconf 77' lang='lat' dir='ltr'><strong>lliSTORICA.</strong></span> 
     </span>
    </p>
   </div>
   <div class='ocr_carea' id='block_1_3' title="bbox 3610 304 3730 362">
    <p class='ocr_par' dir='ltr' id='par_1_3' title="bbox 3610 304 3730 362">
     <span class='ocr_line' id='line_1_3' title="bbox 3610 304 3730 362; baseline 0.042 -5"><span class='ocrx_word' id='word_1_9' title='bbox 3610 304 3730 362; x_wconf 65' lang='lat' dir='ltr'><strong>“Si</strong></span> 
     </span>
    </p>
   </div>
   <div class='ocr_carea' id='block_1_4' title="bbox 528 425 2100 503">
    <p class='ocr_par' dir='ltr' id='par_1_4' title="bbox 528 431 2084 503">
     <span class='ocr_line' id='line_1_4' title="bbox 528 431 2084 503; baseline -0.006 -9"><span class='ocrx_word' id='word_1_10' title='bbox 528 442 704 494; x_wconf 86' lang='lat' dir='ltr'><strong>dicam</strong></span> <span class='ocrx_word' id='word_1_11' title='bbox 748 435 914 491; x_wconf 89' lang='lat' dir='ltr'><strong>vitam</strong></span> <span class='ocrx_word' id='word_1_12' title='bbox 967 431 1304 503; x_wconf 75' lang='lat' dir='ltr'><strong>professione</strong></span> <span class='ocrx_word' id='word_1_13' title='bbox 1352 447 1450 487; x_wconf 87' lang='lat' dir='ltr'><strong>sua</strong></span> <span class='ocrx_word' id='word_1_14' title='bbox 1498 432 1772 500; x_wconf 84' lang='lat' dir='ltr'><strong>indignam</strong></span> <span class='ocrx_word' id='word_1_15' title='bbox 1824 439 2084 499; x_wconf 81' lang='lat' dir='ltr'><strong>agentes.</strong></span> 
     </span>
    </p>
   </div>
   <div class='ocr_carea' id='block_1_5' title="bbox 2205 425 3736 503">
    <p class='ocr_par' dir='ltr' id='par_1_5' title="bbox 2205 425 3736 500">
     <span class='ocr_line' id='line_1_5' title="bbox 2205 425 3736 500; baseline 0.002 -20"><span class='ocrx_word' id='word_1_16' title='bbox 2205 427 2252 480; x_wconf 74' lang='grc' dir='ltr'><strong>ἰν</strong></span> <span class='ocrx_word' id='word_1_17' title='bbox 2271 428 2476 498; x_wconf 76' lang='grc' dir='ltr'>εἴποιμι</span> <span class='ocrx_word' id='word_1_18' title='bbox 2511 425 2748 496; x_wconf 77' lang='grc' dir='ltr'><strong>βιοῦντες</strong></span> <span class='ocrx_word' id='word_1_19' title='bbox 2775 427 2980 482; x_wconf 79' lang='grc' dir='ltr'>ἑαυτῶν</span> <span class='ocrx_word' id='word_1_20' title='bbox 3013 425 3288 498; x_wconf 81' lang='grc' dir='ltr'><strong>ἀναξίως),</strong></span> <span class='ocrx_word' id='word_1_21' title='bbox 3328 426 3399 481; x_wconf 83' lang='grc' dir='ltr'><strong>τά</strong></span> <span class='ocrx_word' id='word_1_22' title='bbox 3430 427 3593 482; x_wconf 78' lang='grc' dir='ltr'>πάντα</span> <span class='ocrx_word' id='word_1_23' title='bbox 3622 448 3736 500; x_wconf 75' lang='grc' dir='ltr'>συγ.</span> 
     </span>
    </p>
   </div>
   <div class='ocr_carea' id='block_1_6' title="bbox 529 524 2092 596">
    <p class='ocr_par' dir='ltr' id='par_1_6' title="bbox 529 524 2092 596">
     <span class='ocr_line' id='line_1_6' title="bbox 529 524 2092 596; baseline -0.008 -8"><span class='ocrx_word' id='word_1_24' title='bbox 529 542 720 590; x_wconf 85' lang='lat' dir='ltr'><strong>cuncta</strong></span> <span class='ocrx_word' id='word_1_25' title='bbox 763 529 976 584; x_wconf 88' lang='lat' dir='ltr'><strong>turbare</strong></span> <span class='ocrx_word' id='word_1_26' title='bbox 1001 528 1312 594; x_wconf 79' lang='lat' dir='ltr'><strong>‘conantur;</strong></span> <span class='ocrx_word' id='word_1_27' title='bbox 1342 527 1483 596; x_wconf 89' lang='lat' dir='ltr'><strong>quod</strong></span> <span class='ocrx_word' id='word_1_28' title='bbox 1518 525 1716 579; x_wconf 86' lang='lat' dir='ltr'><strong>malum</strong></span> <span class='ocrx_word' id='word_1_29' title='bbox 1751 524 1945 592; x_wconf 86' lang='lat' dir='ltr'><strong>quavis</strong></span> <span class='ocrx_word' id='word_1_30' title='bbox 2000 539 2092 578; x_wconf 86' lang='lat' dir='ltr'><strong>ca-</strong></span> 
     </span>
    </p>
   </div>
   <div class='ocr_carea' id='block_1_7' title="bbox 529 619 2091 693">
    <p class='ocr_par' dir='ltr' id='par_1_7' title="bbox 529 619 2091 693">
     <span class='ocr_line' id='line_1_7' title="bbox 529 619 2091 693; baseline -0.005 -15"><span class='ocrx_word' id='word_1_31' title='bbox 529 624 772 678; x_wconf 86' lang='lat' dir='ltr'><strong>lamitate</strong></span> <span class='ocrx_word' id='word_1_32' title='bbox 809 621 1027 693; x_wconf 79' lang='lat' dir='ltr'><strong>gravius</strong></span> <span class='ocrx_word' id='word_1_33' title='bbox 1059 620 1188 674; x_wconf 92' lang='lat' dir='ltr'><strong>mihi</strong></span> <span class='ocrx_word' id='word_1_34' title='bbox 1221 620 1431 674; x_wconf 89' lang='lat' dir='ltr'><strong>videtur</strong></span> <span class='ocrx_word' id='word_1_35' title='bbox 1461 636 1474 671; x_wconf 88' lang='lat'><strong>:</strong></span> <span class='ocrx_word' id='word_1_36' title='bbox 1512 619 1715 673; x_wconf 90' lang='lat' dir='ltr'><strong>idcirco</strong></span> <span class='ocrx_word' id='word_1_37' title='bbox 1752 634 1848 672; x_wconf 91' lang='lat' dir='ltr'><strong>vos</strong></span> <span class='ocrx_word' id='word_1_38' title='bbox 1878 629 2091 687; x_wconf 79' lang='lat' dir='ltr'><strong>Sponte,</strong></span> 
     </span>
    </p>
   </div>
   <div class='ocr_carea' id='block_1_8' title="bbox 530 710 2097 781">
    <p class='ocr_par' dir='ltr' id='par_1_8' title="bbox 530 710 2097 781">
     <span class='ocr_line' id='line_1_8' title="bbox 530 710 2097 781; baseline -0.004 -12"><span class='ocrx_word' id='word_1_39' title='bbox 530 726 587 769; x_wconf 92' lang='grc' dir='ltr'><strong>ιιι</strong></span> <span class='ocrx_word' id='word_1_40' title='bbox 611 717 760 769; x_wconf 85' lang='grc' dir='ltr'>ιιίιιηι</span> <span class='ocrx_word' id='word_1_41' title='bbox 786 754 803 781; x_wconf 91' lang='grc'><strong>,</strong></span> <span class='ocrx_word' id='word_1_42' title='bbox 836 724 1118 768; x_wconf 87' lang='lat' dir='ltr'><strong>currentes</strong></span> <span class='ocrx_word' id='word_1_43' title='bbox 1171 714 1451 776; x_wconf 90' lang='lat' dir='ltr'><strong>adhortor,</strong></span> <span class='ocrx_word' id='word_1_44' title='bbox 1502 721 1560 766; x_wconf 91' lang='grc' dir='ltr'><strong>ιιι</strong></span> <span class='ocrx_word' id='word_1_45' title='bbox 1603 711 1805 779; x_wconf 83' lang='lat' dir='ltr'><strong>absque</strong></span> <span class='ocrx_word' id='word_1_46' title='bbox 1835 710 1936 763; x_wconf 89' lang='lat' dir='ltr'><strong>ulla</strong></span> <span class='ocrx_word' id='word_1_47' title='bbox 1963 711 2097 763; x_wconf 92' lang='lat' dir='ltr'><strong>dila-</strong></span> 
     </span>
    </p>
   </div>
   <div class='ocr_carea' id='block_1_9' title="bbox 533 802 2097 876">
    <p class='ocr_par' dir='ltr' id='par_1_9' title="bbox 533 802 2097 876">
     <span class='ocr_line' id='line_1_9' title="bbox 533 802 2097 876; baseline -0.003 -16"><span class='ocrx_word' id='word_1_48' title='bbox 533 807 678 860; x_wconf 91' lang='lat' dir='ltr'><strong>tione</strong></span> <span class='ocrx_word' id='word_1_49' title='bbox 710 807 761 860; x_wconf 91' lang='lat' dir='ltr'><strong>in</strong></span> <span class='ocrx_word' id='word_1_50' title='bbox 792 822 958 876; x_wconf 86' lang='lat' dir='ltr'><strong>unum</strong></span> <span class='ocrx_word' id='word_1_51' title='bbox 1009 815 1264 857; x_wconf 87' lang='lat' dir='ltr'><strong>coeuntes</strong></span> <span class='ocrx_word' id='word_1_52' title='bbox 1284 844 1299 869; x_wconf 91' lang='lat'><strong>,</strong></span> <span class='ocrx_word' id='word_1_53' title='bbox 1331 802 1595 874; x_wconf 82' lang='lat' dir='ltr'><strong>synodum</strong></span> <span class='ocrx_word' id='word_1_54' title='bbox 1633 803 1976 856; x_wconf 79' lang='lat' dir='ltr'><strong>constituatis</strong></span> <span class='ocrx_word' id='word_1_55' title='bbox 2042 810 2097 856; x_wconf 88' lang='lat' dir='ltr'><strong>et</strong></span> 
     </span>
    </p>
   </div>
   <div class='ocr_carea' id='block_1_10' title="bbox 528 890 2094 963">
    <p class='ocr_par' dir='ltr' id='par_1_10' title="bbox 528 890 2094 963">
     <span class='ocr_line' id='line_1_10' title="bbox 528 890 2094 963; baseline -0.002 -15"><span class='ocrx_word' id='word_1_56' title='bbox 528 910 629 963; x_wconf 89' lang='lat' dir='ltr'><strong>ope</strong></span> <span class='ocrx_word' id='word_1_57' title='bbox 656 904 835 949; x_wconf 82' lang='lat' dir='ltr'><strong>vestra</strong></span> <span class='ocrx_word' id='word_1_58' title='bbox 878 893 1248 963; x_wconf 74' lang='lat' dir='ltr'><strong>indigentibus</strong></span> <span class='ocrx_word' id='word_1_59' title='bbox 1291 892 1625 946; x_wconf 76' lang='lat' dir='ltr'><strong>subveniatis</strong></span> <span class='ocrx_word' id='word_1_60' title='bbox 1653 933 1666 954; x_wconf 87' lang='lat'><strong>,</strong></span> <span class='ocrx_word' id='word_1_61' title='bbox 1712 890 1972 944; x_wconf 76' lang='lat' dir='ltr'><strong>fratribus</strong></span> <span class='ocrx_word' id='word_1_62' title='bbox 2001 905 2094 959; x_wconf 89' lang='lat' dir='ltr'><strong>pe-</strong></span> 
     </span>
    </p>
   </div>
   <div class='ocr_carea' id='block_1_11' title="bbox 528 981 2097 1053">
    <p class='ocr_par' dir='ltr' id='par_1_11' title="bbox 528 981 2097 1053">
     <span class='ocr_line' id='line_1_11' title="bbox 528 981 2097 1053; baseline -0.003 -13"><span class='ocrx_word' id='word_1_63' title='bbox 528 986 893 1040; x_wconf 82' lang='lat' dir='ltr'><strong>riclitantibus</strong></span> <span class='ocrx_word' id='word_1_64' title='bbox 927 985 1250 1038; x_wconf 85' lang='lat' dir='ltr'><strong>medicinam</strong></span> <span class='ocrx_word' id='word_1_65' title='bbox 1283 984 1614 1047; x_wconf 69' lang='lat' dir='ltr'><strong>adhibentis,</strong></span> <span class='ocrx_word' id='word_1_66' title='bbox 1830 982 2097 1036; x_wconf 86' lang='lat' dir='ltr'><strong>dissiden-</strong></span> 
     </span>
    </p>
   </div>
   <div class='ocr_carea' id='block_1_12' title="bbox 530 1072 2098 1137">
    <p class='ocr_par' dir='ltr' id='par_1_12' title="bbox 530 1072 2098 1137">
     <span class='ocr_line' id='line_1_12' title="bbox 530 1072 2098 1137; baseline -0.003 -7"><span class='ocrx_word' id='word_1_67' title='bbox 530 1079 603 1131; x_wconf 86' lang='lat' dir='ltr'><strong>tia</strong></span> <span class='ocrx_word' id='word_1_68' title='bbox 638 1078 778 1132; x_wconf 90' lang='lat' dir='ltr'><strong>inter</strong></span> <span class='ocrx_word' id='word_1_69' title='bbox 809 1092 868 1131; x_wconf 90' lang='lat' dir='ltr'><strong>se</strong></span> <span class='ocrx_word' id='word_1_70' title='bbox 904 1076 1143 1129; x_wconf 84' lang='lat' dir='ltr'><strong>tnembra</strong></span> <span class='ocrx_word' id='word_1_71' title='bbox 1179 1077 1244 1128; x_wconf 87' lang='lat' dir='ltr'><strong>ad</strong></span> <span class='ocrx_word' id='word_1_72' title='bbox 1289 1075 1630 1129; x_wconf 75' lang='lat' dir='ltr'><strong>COItcordtht</strong></span> <span class='ocrx_word' id='word_1_73' title='bbox 1669 1075 1971 1137; x_wconf 75' lang='lat' dir='ltr'><strong>reret-etis;</strong></span> <span class='ocrx_word' id='word_1_74' title='bbox 2004 1072 2098 1126; x_wconf 87' lang='lat' dir='ltr'><strong>de-</strong></span> 
     </span>
    </p>
   </div>
   <div class='ocr_carea' id='block_1_13' title="bbox 527 1154 2092 1237">
    <p class='ocr_par' dir='ltr' id='par_1_13' title="bbox 527 1154 2092 1237">
     <span class='ocr_line' id='line_1_13' title="bbox 527 1154 2092 1237; baseline -0.002 -15"><span class='ocrx_word' id='word_1_75' title='bbox 527 1168 656 1223; x_wconf 89' lang='lat' dir='ltr'><strong>licta</strong></span> <span class='ocrx_word' id='word_1_76' title='bbox 684 1154 1060 1237; x_wconf 78' lang='lat' dir='ltr'><strong>deniqtie.dum</strong></span> <span class='ocrx_word' id='word_1_77' title='bbox 1085 1179 1297 1237; x_wconf 89' lang='lat' dir='ltr'><strong>tempus</strong></span> <span class='ocrx_word' id='word_1_78' title='bbox 1325 1167 1500 1221; x_wconf 87' lang='lat' dir='ltr'><strong>adhuc</strong></span> <span class='ocrx_word' id='word_1_79' title='bbox 1523 1167 1745 1234; x_wconf 85' lang='lat' dir='ltr'><strong>patitur,</strong></span> <span class='ocrx_word' id='word_1_80' title='bbox 1766 1165 2051 1234; x_wconf 79' lang='lat' dir='ltr'><strong>corrigatis</strong></span> <span class='ocrx_word' id='word_1_81' title='bbox 2078 1182 2092 1218; x_wconf 89' lang='lat'><strong>:</strong></span> 
     </span>
    </p>
   </div>
   <div class='ocr_carea' id='block_1_14' title="bbox 529 1257 2097 1330">
    <p class='ocr_par' dir='ltr' id='par_1_14' title="bbox 529 1257 2097 1330">
     <span class='ocr_line' id='line_1_14' title="bbox 529 1257 2097 1330; baseline -0.002 -18"><span class='ocrx_word' id='word_1_82' title='bbox 529 1276 638 1330; x_wconf 89' lang='lat' dir='ltr'><strong>quo</strong></span> <span class='ocrx_word' id='word_1_83' title='bbox 701 1260 905 1314; x_wconf 86' lang='lat' dir='ltr'><strong>scilicet</strong></span> <span class='ocrx_word' id='word_1_84' title='bbox 937 1270 1014 1312; x_wconf 87' lang='lat' dir='ltr'><strong>tut</strong></span> <span class='ocrx_word' id='word_1_85' title='bbox 1053 1275 1116 1313; x_wconf 88' lang='lat' dir='ltr'><strong>ac</strong></span> <span class='ocrx_word' id='word_1_86' title='bbox 1149 1260 1313 1312; x_wconf 86' lang='lat' dir='ltr'><strong>tantis</strong></span> <span class='ocrx_word' id='word_1_87' title='bbox 1340 1259 1634 1328; x_wconf 80' lang='lat' dir='ltr'><strong>pruritu-iis</strong></span> <span class='ocrx_word' id='word_1_88' title='bbox 1662 1274 1758 1325; x_wconf 83' lang='lat' dir='ltr'><strong>per</strong></span> <span class='ocrx_word' id='word_1_89' title='bbox 1794 1274 1889 1311; x_wconf 85' lang='lat' dir='ltr'><strong>vos</strong></span> <span class='ocrx_word' id='word_1_90' title='bbox 1941 1257 2097 1310; x_wconf 85' lang='lat' dir='ltr'><strong>resti-</strong></span> 
     </span>
    </p>
   </div>
   <div class='ocr_carea' id='block_1_15' title="bbox 531 1349 2097 1418">
    <p class='ocr_par' dir='ltr' id='par_1_15' title="bbox 531 1349 2097 1418">
     <span class='ocr_line' id='line_1_15' title="bbox 531 1349 2097 1418; baseline -0.004 -13"><span class='ocrx_word' id='word_1_91' title='bbox 531 1362 718 1406; x_wconf 89' lang='lat' dir='ltr'><strong>tuatur</strong></span> <span class='ocrx_word' id='word_1_92' title='bbox 770 1352 1082 1408; x_wconf 76' lang='lat' dir='ltr'><strong>coueurdia.</strong></span> <span class='ocrx_word' id='word_1_93' title='bbox 1131 1366 1295 1415; x_wconf 81' lang='lat' dir='ltr'><strong>quam</strong></span> <span class='ocrx_word' id='word_1_94' title='bbox 1356 1352 1487 1417; x_wconf 91' lang='lat' dir='ltr'><strong>proh</strong></span> <span class='ocrx_word' id='word_1_95' title='bbox 1544 1349 1766 1402; x_wconf 80' lang='lat' dir='ltr'><strong>scelus!</strong></span> <span class='ocrx_word' id='word_1_96' title='bbox 1802 1362 2097 1418; x_wconf 87' lang='lat' dir='ltr'><strong>paucorum</strong></span> 
     </span>
    </p>
   </div>
   <div class='ocr_carea' id='block_1_16' title="bbox 530 1440 2098 1509">
    <p class='ocr_par' dir='ltr' id='par_1_16' title="bbox 530 1440 2098 1509">
     <span class='ocr_line' id='line_1_16' title="bbox 530 1440 2098 1509; baseline -0.005 -12"><span class='ocrx_word' id='word_1_97' title='bbox 530 1443 808 1498; x_wconf 84' lang='lat' dir='ltr'><strong>hominum</strong></span> <span class='ocrx_word' id='word_1_98' title='bbox 844 1442 1148 1509; x_wconf 78' lang='lat' dir='ltr'><strong>arrogantia</strong></span> <span class='ocrx_word' id='word_1_99' title='bbox 1181 1442 1396 1493; x_wconf 75' lang='lat' dir='ltr'><strong>evertit.</strong></span> <span class='ocrx_word' id='word_1_100' title='bbox 1441 1440 1493 1493; x_wconf 87' lang='lat' dir='ltr'><strong>Id</strong></span> <span class='ocrx_word' id='word_1_101' title='bbox 1536 1456 1699 1502; x_wconf 81' lang='lat' dir='ltr'><strong>porro</strong></span> <span class='ocrx_word' id='word_1_102' title='bbox 1738 1454 1948 1493; x_wconf 84' lang='lat' dir='ltr'><strong>sutnnto</strong></span> <span class='ocrx_word' id='word_1_103' title='bbox 1979 1453 2098 1491; x_wconf 89' lang='lat' dir='ltr'><strong>om-</strong></span> 
     </span>
    </p>
   </div>
   <div class='ocr_carea' id='block_1_17' title="bbox 527 1530 2100 1599">
    <p class='ocr_par' dir='ltr' id='par_1_17' title="bbox 527 1530 2100 1599">
     <span class='ocr_line' id='line_1_17' title="bbox 527 1530 2100 1599; baseline -0.004 -12"><span class='ocrx_word' id='word_1_104' title='bbox 527 1534 677 1587; x_wconf 86' lang='lat' dir='ltr'><strong>nium</strong></span> <span class='ocrx_word' id='word_1_105' title='bbox 736 1533 957 1586; x_wconf 76' lang='lat' dir='ltr'><strong>Duiuiun</strong></span> <span class='ocrx_word' id='word_1_106' title='bbox 988 1548 1051 1584; x_wconf 84' lang='lat' dir='ltr'><strong>ac</strong></span> <span class='ocrx_word' id='word_1_107' title='bbox 1084 1534 1188 1583; x_wconf 75' lang='lat' dir='ltr'><strong>lteo</strong></span> <span class='ocrx_word' id='word_1_108' title='bbox 1215 1542 1496 1599; x_wconf 83' lang='lat' dir='ltr'><strong>acceptum</strong></span> <span class='ocrx_word' id='word_1_109' title='bbox 1541 1546 1683 1595; x_wconf 84' lang='lat' dir='ltr'><strong>esse,</strong></span> <span class='ocrx_word' id='word_1_110' title='bbox 1721 1530 1961 1598; x_wconf 80' lang='lat' dir='ltr'><strong>mihique</strong></span> <span class='ocrx_word' id='word_1_111' title='bbox 1990 1544 2100 1597; x_wconf 74' lang='lat' dir='ltr'><strong>pne</strong></span> 
     </span>
    </p>
   </div>
   <div class='ocr_carea' id='block_1_18' title="bbox 529 1621 2096 1692">
    <p class='ocr_par' dir='ltr' id='par_1_18' title="bbox 529 1621 2096 1692">
     <span class='ocr_line' id='line_1_18' title="bbox 529 1621 2096 1692; baseline -0.001 -14"><span class='ocrx_word' id='word_1_112' title='bbox 529 1628 786 1683; x_wconf 81' lang='lat' dir='ltr'><strong>otnuibus</strong></span> <span class='ocrx_word' id='word_1_113' title='bbox 830 1626 966 1676; x_wconf 68' lang='lat' dir='ltr'><strong>rutis</strong></span> <span class='ocrx_word' id='word_1_114' title='bbox 1021 1621 1291 1692; x_wconf 79' lang='lat' dir='ltr'><strong>Optabile;</strong></span> <span class='ocrx_word' id='word_1_115' title='bbox 1346 1624 1495 1676; x_wconf 75' lang='lat' dir='ltr'><strong>vobis</strong></span> <span class='ocrx_word' id='word_1_116' title='bbox 1545 1632 1819 1691; x_wconf 84' lang='lat' dir='ltr'><strong>postremo</strong></span> <span class='ocrx_word' id='word_1_117' title='bbox 1871 1621 2022 1689; x_wconf 82' lang='lat' dir='ltr'><strong>ipsis,</strong></span> <span class='ocrx_word' id='word_1_118' title='bbox 2053 1623 2096 1677; x_wconf 82' lang='lat' dir='ltr'><strong>si</strong></span> 
     </span>
    </p>
   </div>
   <div class='ocr_carea' id='block_1_19' title="bbox 529 1713 2096 1781">
    <p class='ocr_par' dir='ltr' id='par_1_19' title="bbox 529 1713 2096 1781">
     <span class='ocr_line' id='line_1_19' title="bbox 529 1713 2096 1781; baseline -0.002 -13"><span class='ocrx_word' id='word_1_119' title='bbox 529 1718 745 1781; x_wconf 80' lang='lat' dir='ltr'><strong>quidem</strong></span> <span class='ocrx_word' id='word_1_120' title='bbox 798 1716 1145 1768; x_wconf 85' lang='lat' dir='ltr'><strong>concordiam</strong></span> <span class='ocrx_word' id='word_1_121' title='bbox 1194 1715 1584 1778; x_wconf 85' lang='lat' dir='ltr'><strong>restitueritis,</strong></span> <span class='ocrx_word' id='word_1_122' title='bbox 1644 1714 2000 1767; x_wconf 84' lang='lat' dir='ltr'><strong>honoriﬁcum</strong></span> <span class='ocrx_word' id='word_1_123' title='bbox 2043 1713 2096 1766; x_wconf 91' lang='lat' dir='ltr'><strong>in</strong></span> 
     </span>
    </p>
   </div>
   <div class='ocr_carea' id='block_1_20' title="bbox 2194 518 3732 590">
    <p class='ocr_par' dir='ltr' id='par_1_20' title="bbox 2194 518 3732 590">
     <span class='ocr_line' id='line_1_20' title="bbox 2194 518 3732 590; baseline 0.003 -19"><span class='ocrx_word' id='word_1_124' title='bbox 2194 518 2338 589; x_wconf 90' lang='grc' dir='ltr'>χέειν</span> <span class='ocrx_word' id='word_1_125' title='bbox 2381 518 2763 590; x_wconf 79' lang='grc' dir='ltr'>ἐπιχειροῦσιν,</span> <span class='ocrx_word' id='word_1_126' title='bbox 2799 519 2933 589; x_wconf 84' lang='grc' dir='ltr'>ὅπερ</span> <span class='ocrx_word' id='word_1_127' title='bbox 2961 519 3137 589; x_wconf 86' lang='grc' dir='ltr'>πάσης</span> <span class='ocrx_word' id='word_1_128' title='bbox 3174 519 3462 589; x_wconf 81' lang='grc' dir='ltr'>συμφορᾶς</span> <span class='ocrx_word' id='word_1_129' title='bbox 3511 519 3732 575; x_wconf 73' lang='grc' dir='ltr'><strong>ἐπέκεινα</strong></span> 
     </span>
    </p>
   </div>
   <div class='ocr_carea' id='block_1_21' title="bbox 2194 610 3731 683">
    <p class='ocr_par' dir='ltr' id='par_1_21' title="bbox 2194 610 3731 683">
     <span class='ocr_line' id='line_1_21' title="bbox 2194 610 3731 683; baseline -0.001 -19"><span class='ocrx_word' id='word_1_130' title='bbox 2194 612 2563 683; x_wconf 77' lang='grc' dir='ltr'><strong>κεχωρηκέναι</strong></span> <span class='ocrx_word' id='word_1_131' title='bbox 2616 629 2703 682; x_wconf 85' lang='grc' dir='ltr'><strong>μοι</strong></span> <span class='ocrx_word' id='word_1_132' title='bbox 2746 612 2910 676; x_wconf 85' lang='grc' dir='ltr'>δοκεῖ,</span> <span class='ocrx_word' id='word_1_133' title='bbox 2942 610 3129 664; x_wconf 78' lang='grc' dir='ltr'>τούτου</span> <span class='ocrx_word' id='word_1_134' title='bbox 3165 611 3322 683; x_wconf 81' lang='grc' dir='ltr'>χάριν</span> <span class='ocrx_word' id='word_1_135' title='bbox 3352 610 3569 675; x_wconf 79' lang='grc' dir='ltr'>θέοντας</span> <span class='ocrx_word' id='word_1_136' title='bbox 3592 613 3731 682; x_wconf 72' lang='grc' dir='ltr'>ὑμᾶς,</span> 
     </span>
    </p>
   </div>
   <div class='ocr_carea' id='block_1_22' title="bbox 2193 702 3731 775">
    <p class='ocr_par' dir='ltr' id='par_1_22' title="bbox 2193 702 3731 775">
     <span class='ocr_line' id='line_1_22' title="bbox 2193 702 3731 775; baseline 0.002 -20"><span class='ocrx_word' id='word_1_137' title='bbox 2193 702 2254 755; x_wconf 82' lang='grc' dir='ltr'>τὸ</span> <span class='ocrx_word' id='word_1_138' title='bbox 2278 702 2372 755; x_wconf 87' lang='grc' dir='ltr'><strong>τοῦ</strong></span> <span class='ocrx_word' id='word_1_139' title='bbox 2402 703 2580 772; x_wconf 81' lang='grc' dir='ltr'><strong>λόγου,</strong></span> <span class='ocrx_word' id='word_1_140' title='bbox 2623 705 2998 774; x_wconf 81' lang='grc' dir='ltr'>προτρέπομαι</span> <span class='ocrx_word' id='word_1_141' title='bbox 3046 705 3213 775; x_wconf 85' lang='grc' dir='ltr'>χωρίς</span> <span class='ocrx_word' id='word_1_142' title='bbox 3246 720 3392 766; x_wconf 86' lang='grc' dir='ltr'>τινος</span> <span class='ocrx_word' id='word_1_143' title='bbox 3421 703 3731 774; x_wconf 71' lang='grc' dir='ltr'><strong>ὑπερθέσεως</strong></span> 
     </span>
    </p>
   </div>
   <div class='ocr_carea' id='block_1_23' title="bbox 2195 794 3733 867">
    <p class='ocr_par' dir='ltr' id='par_1_23' title="bbox 2195 794 3733 867">
     <span class='ocr_line' id='line_1_23' title="bbox 2195 794 3733 867; baseline 0.001 -21"><span class='ocrx_word' id='word_1_144' title='bbox 2195 797 2275 858; x_wconf 87' lang='grc' dir='ltr'><strong>είς</strong></span> <span class='ocrx_word' id='word_1_145' title='bbox 2297 794 2456 848; x_wconf 82' lang='grc' dir='ltr'>ταυτὸ</span> <span class='ocrx_word' id='word_1_146' title='bbox 2486 795 2827 867; x_wconf 80' lang='grc' dir='ltr'>συνδραμεῖν,</span> <span class='ocrx_word' id='word_1_147' title='bbox 2853 795 3135 866; x_wconf 83' lang='grc' dir='ltr'>πληρῶσαι</span> <span class='ocrx_word' id='word_1_148' title='bbox 3156 795 3254 864; x_wconf 75' lang='grc' dir='ltr'>τὴν</span> <span class='ocrx_word' id='word_1_149' title='bbox 3288 795 3525 855; x_wconf 75' lang='grc' dir='ltr'>σύνοδον,</span> <span class='ocrx_word' id='word_1_150' title='bbox 3552 796 3733 866; x_wconf 78' lang='grc' dir='ltr'>ἐπαμῦ-</span> 
     </span>
    </p>
   </div>
   <div class='ocr_carea' id='block_1_24' title="bbox 2195 884 3733 957">
    <p class='ocr_par' dir='ltr' id='par_1_24' title="bbox 2195 884 3733 957">
     <span class='ocr_line' id='line_1_24' title="bbox 2195 884 3733 957; baseline 0.001 -19"><span class='ocrx_word' id='word_1_151' title='bbox 2195 903 2280 939; x_wconf 91' lang='grc' dir='ltr'><strong>ναι</strong></span> <span class='ocrx_word' id='word_1_152' title='bbox 2320 890 2432 950; x_wconf 71' lang='grc' dir='ltr'>τοῖς</span> <span class='ocrx_word' id='word_1_153' title='bbox 2471 886 2726 957; x_wconf 78' lang='grc' dir='ltr'>χρῄζουσι</span> <span class='ocrx_word' id='word_1_154' title='bbox 2761 886 3030 956; x_wconf 81' lang='grc' dir='ltr'><strong>βοηθείας,</strong></span> <span class='ocrx_word' id='word_1_155' title='bbox 3065 885 3188 949; x_wconf 79' lang='grc' dir='ltr'>τοὺς</span> <span class='ocrx_word' id='word_1_156' title='bbox 3218 884 3482 953; x_wconf 69' lang='grc' dir='ltr'>ἀδελφοὺς</span> <span class='ocrx_word' id='word_1_157' title='bbox 3516 886 3733 940; x_wconf 68' lang='grc' dir='ltr'>ἰάσασθαι</span> 
     </span>
    </p>
   </div>
   <div class='ocr_carea' id='block_1_25' title="bbox 2195 978 3735 1049">
    <p class='ocr_par' dir='ltr' id='par_1_25' title="bbox 2195 978 3735 1049">
     <span class='ocr_line' id='line_1_25' title="bbox 2195 978 3735 1049; baseline 0.001 -17"><span class='ocrx_word' id='word_1_158' title='bbox 2195 979 2616 1042; x_wconf 82' lang='grc' dir='ltr'>κινδυνεύοντας,</span> <span class='ocrx_word' id='word_1_159' title='bbox 2641 980 2718 1042; x_wconf 86' lang='grc' dir='ltr'><strong>είς</strong></span> <span class='ocrx_word' id='word_1_160' title='bbox 2738 979 2987 1049; x_wconf 86' lang='grc' dir='ltr'>ὁμόνοιαν</span> <span class='ocrx_word' id='word_1_161' title='bbox 3012 981 3377 1046; x_wconf 75' lang='grc' dir='ltr'>ἐπαναγαγεῖν</span> <span class='ocrx_word' id='word_1_162' title='bbox 3409 978 3476 1031; x_wconf 75' lang='grc' dir='ltr'>τὰ</span> <span class='ocrx_word' id='word_1_163' title='bbox 3508 979 3735 1033; x_wconf 73' lang='grc' dir='ltr'>διεστῶτα</span> 
     </span>
    </p>
   </div>
   <div class='ocr_carea' id='block_1_26' title="bbox 2194 1069 3734 1142">
    <p class='ocr_par' dir='ltr' id='par_1_26' title="bbox 2194 1069 3734 1142">
     <span class='ocr_line' id='line_1_26' title="bbox 2194 1069 3734 1142; baseline 0.001 -18"><span class='ocrx_word' id='word_1_164' title='bbox 2194 1070 2302 1125; x_wconf 85' lang='grc' dir='ltr'>τῶν</span> <span class='ocrx_word' id='word_1_165' title='bbox 2354 1071 2549 1142; x_wconf 80' lang='grc' dir='ltr'>μελῶν,</span> <span class='ocrx_word' id='word_1_166' title='bbox 2596 1069 2987 1142; x_wconf 83' lang='grc' dir='ltr'>διορθώσασθαι</span> <span class='ocrx_word' id='word_1_167' title='bbox 3035 1072 3103 1126; x_wconf 79' lang='grc' dir='ltr'><strong>τά</strong></span> <span class='ocrx_word' id='word_1_168' title='bbox 3158 1071 3617 1142; x_wconf 77' lang='grc' dir='ltr'>πλημμελούμενα</span> <span class='ocrx_word' id='word_1_169' title='bbox 3654 1073 3734 1137; x_wconf 73' lang='grc' dir='ltr'>ἕως</span> 
     </span>
    </p>
   </div>
   <div class='ocr_carea' id='block_1_27' title="bbox 2196 1160 3735 1233">
    <p class='ocr_par' dir='ltr' id='par_1_27' title="bbox 2196 1160 3735 1233">
     <span class='ocr_line' id='line_1_27' title="bbox 2196 1160 3735 1233; baseline -0.001 -18"><span class='ocrx_word' id='word_1_170' title='bbox 2196 1161 2382 1232; x_wconf 85' lang='grc' dir='ltr'>καιρὸς</span> <span class='ocrx_word' id='word_1_171' title='bbox 2444 1161 2753 1233; x_wconf 64' lang='grc' dir='ltr'>ὲπιτρέπεν</span> <span class='ocrx_word' id='word_1_172' title='bbox 2817 1162 2901 1214; x_wconf 83' lang='grc' dir='ltr'><strong>ἴνα</strong></span> <span class='ocrx_word' id='word_1_173' title='bbox 2952 1163 3070 1224; x_wconf 87' lang='grc' dir='ltr'>ταῖς</span> <span class='ocrx_word' id='word_1_174' title='bbox 3126 1161 3419 1222; x_wconf 73' lang='grc' dir='ltr'>τοσαύταις</span> <span class='ocrx_word' id='word_1_175' title='bbox 3478 1160 3735 1229; x_wconf 62' lang='grc' dir='ltr'>ἐπαρχίαις</span> 
     </span>
    </p>
   </div>
   <div class='ocr_carea' id='block_1_28' title="bbox 2196 1244 3735 1324">
    <p class='ocr_par' dir='ltr' id='par_1_28' title="bbox 2196 1244 3735 1324">
     <span class='ocr_line' id='line_1_28' title="bbox 2196 1244 3735 1324; baseline -0.001 -17"><span class='ocrx_word' id='word_1_176' title='bbox 2196 1254 2292 1323; x_wconf 77' lang='grc' dir='ltr'>τὴν</span> <span class='ocrx_word' id='word_1_177' title='bbox 2328 1253 2638 1324; x_wconf 83' lang='grc' dir='ltr'>πρέπουσαν</span> <span class='ocrx_word' id='word_1_178' title='bbox 2676 1252 2981 1307; x_wconf 85' lang='grc' dir='ltr'>ἀποδώσετε</span> <span class='ocrx_word' id='word_1_179' title='bbox 3013 1254 3349 1324; x_wconf 70' lang='grc' dir='ltr'>συμφωνίαν,</span> <span class='ocrx_word' id='word_1_180' title='bbox 3404 1244 3479 1322; x_wconf 73' lang='grc' dir='ltr'><strong>ἦν</strong></span> <span class='ocrx_word' id='word_1_181' title='bbox 3518 1254 3631 1321; x_wconf 60' lang='grc' dir='ltr'>(φεῦ</span> <span class='ocrx_word' id='word_1_182' title='bbox 3660 1254 3735 1321; x_wconf 43' lang='grc' dir='ltr'>τῐδς</span> 
     </span>
    </p>
   </div>
   <div class='ocr_carea' id='block_1_29' title="bbox 2197 1343 3734 1418">
    <p class='ocr_par' dir='ltr' id='par_1_29' title="bbox 2197 1343 3734 1418">
     <span class='ocr_line' id='line_1_29' title="bbox 2197 1343 3734 1418; baseline 0.001 -20"><span class='ocrx_word' id='word_1_183' title='bbox 2197 1344 2491 1413; x_wconf 78' lang='grc' dir='ltr'>ἀτοπίαςί),</span> <span class='ocrx_word' id='word_1_184' title='bbox 2525 1344 2817 1416; x_wconf 83' lang='grc' dir='ltr'>ἐλαχίστων</span> <span class='ocrx_word' id='word_1_185' title='bbox 2846 1343 3141 1418; x_wconf 81' lang='grc' dir='ltr'>ἀνθρώπων</span> <span class='ocrx_word' id='word_1_186' title='bbox 3175 1344 3455 1398; x_wconf 78' lang='grc' dir='ltr'>ἀπώλεσεν</span> <span class='ocrx_word' id='word_1_187' title='bbox 3483 1346 3734 1415; x_wconf 53' lang='lat' dir='ltr'><strong>(impediti.</strong></span> 
     </span>
    </p>
   </div>
   <div class='ocr_carea' id='block_1_30' title="bbox 2201 1436 3735 1509">
    <p class='ocr_par' dir='ltr' id='par_1_30' title="bbox 2201 1436 3735 1509">
     <span class='ocr_line' id='line_1_30' title="bbox 2201 1436 3735 1509; baseline 0.001 -21"><span class='ocrx_word' id='word_1_188' title='bbox 2201 1436 2319 1489; x_wconf 71' lang='lat' dir='ltr'><strong>&quot;Ott</strong></span> <span class='ocrx_word' id='word_1_189' title='bbox 2364 1436 2421 1488; x_wconf 78' lang='grc' dir='ltr'>δὲ</span> <span class='ocrx_word' id='word_1_190' title='bbox 2466 1436 2622 1490; x_wconf 85' lang='grc' dir='ltr'>τοῦτο</span> <span class='ocrx_word' id='word_1_191' title='bbox 2671 1438 2764 1490; x_wconf 71' lang='grc' dir='ltr'>καὶ</span> <span class='ocrx_word' id='word_1_192' title='bbox 2797 1437 2873 1509; x_wconf 78' lang='grc' dir='ltr'>τῷ</span> <span class='ocrx_word' id='word_1_193' title='bbox 2901 1437 3133 1508; x_wconf 79' lang='grc' dir='ltr'>δεσπότῃ</span> <span class='ocrx_word' id='word_1_194' title='bbox 3168 1437 3278 1489; x_wconf 83' lang='grc' dir='ltr'>τῶν</span> <span class='ocrx_word' id='word_1_195' title='bbox 3311 1437 3453 1489; x_wconf 77' lang='grc' dir='ltr'>ὅλων</span> <span class='ocrx_word' id='word_1_196' title='bbox 3475 1436 3591 1506; x_wconf 81' lang='grc' dir='ltr'>Θεῷ</span> <span class='ocrx_word' id='word_1_197' title='bbox 3618 1441 3735 1490; x_wconf 72' lang='grc' dir='ltr'>ἐστιν</span> 
     </span>
    </p>
   </div>
   <div class='ocr_carea' id='block_1_31' title="bbox 2198 1528 3734 1600">
    <p class='ocr_par' dir='ltr' id='par_1_31' title="bbox 2198 1528 3734 1600">
     <span class='ocr_line' id='line_1_31' title="bbox 2198 1528 3734 1600; baseline 0 -19"><span class='ocrx_word' id='word_1_198' title='bbox 2198 1528 2441 1599; x_wconf 81' lang='grc' dir='ltr'>ἀρεστὸν,</span> <span class='ocrx_word' id='word_1_199' title='bbox 2479 1530 2568 1582; x_wconf 76' lang='grc' dir='ltr'>καὶ</span> <span class='ocrx_word' id='word_1_200' title='bbox 2597 1531 2724 1600; x_wconf 80' lang='grc' dir='ltr'>ἡμῖν</span> <span class='ocrx_word' id='word_1_201' title='bbox 2758 1530 2938 1599; x_wconf 81' lang='grc' dir='ltr'>πάσης</span> <span class='ocrx_word' id='word_1_202' title='bbox 2970 1529 3134 1600; x_wconf 84' lang='grc' dir='ltr'>εὐχῆς</span> <span class='ocrx_word' id='word_1_203' title='bbox 3161 1529 3480 1600; x_wconf 77' lang='grc' dir='ltr'>ὑπέρτερον,</span> <span class='ocrx_word' id='word_1_204' title='bbox 3516 1529 3609 1581; x_wconf 72' lang='grc' dir='ltr'>καὶ</span> <span class='ocrx_word' id='word_1_205' title='bbox 3637 1531 3734 1599; x_wconf 79' lang='grc' dir='ltr'>ὑμῖν</span> 
     </span>
    </p>
   </div>
   <div class='ocr_carea' id='block_1_32' title="bbox 2199 1620 3736 1693">
    <p class='ocr_par' dir='ltr' id='par_1_32' title="bbox 2199 1620 3736 1693">
     <span class='ocr_line' id='line_1_32' title="bbox 2199 1620 3736 1693; baseline 0 -21"><span class='ocrx_word' id='word_1_206' title='bbox 2199 1621 2398 1684; x_wconf 81' lang='grc' dir='ltr'>αὐτοῖς,</span> <span class='ocrx_word' id='word_1_207' title='bbox 2434 1621 2527 1674; x_wconf 80' lang='grc' dir='ltr'><strong>ἐάν</strong></span> <span class='ocrx_word' id='word_1_208' title='bbox 2562 1638 2622 1689; x_wconf 90' lang='grc' dir='ltr'><strong>γε</strong></span> <span class='ocrx_word' id='word_1_209' title='bbox 2643 1621 2742 1692; x_wconf 80' lang='grc' dir='ltr'>τὴν</span> <span class='ocrx_word' id='word_1_210' title='bbox 2767 1622 2986 1693; x_wconf 76' lang='grc' dir='ltr'>εἰρήνην</span> <span class='ocrx_word' id='word_1_211' title='bbox 3013 1620 3445 1690; x_wconf 82' lang='grc' dir='ltr'>ἁνακαλέσησθε,</span> <span class='ocrx_word' id='word_1_212' title='bbox 3474 1621 3536 1673; x_wconf 83' lang='grc' dir='ltr'><strong>οὐ</strong></span> <span class='ocrx_word' id='word_1_213' title='bbox 3558 1622 3647 1691; x_wconf 76' lang='grc' dir='ltr'>τῆς</span> <span class='ocrx_word' id='word_1_214' title='bbox 3668 1638 3736 1672; x_wconf 83' lang='grc' dir='ltr'>τυ-</span> 
     </span>
    </p>
   </div>
   <div class='ocr_carea' id='block_1_33' title="bbox 2201 1711 3737 1785">
    <p class='ocr_par' dir='ltr' id='par_1_33' title="bbox 2201 1711 3737 1785">
     <span class='ocr_line' id='line_1_33' title="bbox 2201 1711 3737 1785; baseline 0.004 -21"><span class='ocrx_word' id='word_1_215' title='bbox 2201 1711 2398 1783; x_wconf 77' lang='grc' dir='ltr'>χούσης</span> <span class='ocrx_word' id='word_1_216' title='bbox 2422 1714 2589 1767; x_wconf 78' lang='grc' dir='ltr'>αἴτιον</span> <span class='ocrx_word' id='word_1_217' title='bbox 2613 1714 2873 1780; x_wconf 76' lang='grc' dir='ltr'>εὐδοξίας,</span> <span class='ocrx_word' id='word_1_218' title='bbox 2904 1716 3109 1778; x_wconf 83' lang='grc' dir='ltr'>πάντας</span> <span class='ocrx_word' id='word_1_219' title='bbox 3147 1714 3468 1785; x_wconf 82' lang='grc' dir='ltr'>ἀνθρώπους</span> <span class='ocrx_word' id='word_1_220' title='bbox 3491 1716 3737 1785; x_wconf 73' lang='grc' dir='ltr'>συνομολο-</span> 
     </span>
    </p>
   </div>
   <div class='ocr_carea' id='block_1_34' title="bbox 530 1788 2100 1877">
    <p class='ocr_par' dir='ltr' id='par_1_34' title="bbox 530 1803 2094 1874">
     <span class='ocr_line' id='line_1_34' title="bbox 530 1803 2094 1874; baseline 0.001 -19"><span class='ocrx_word' id='word_1_221' title='bbox 530 1806 722 1874; x_wconf 87' lang='lat' dir='ltr'><strong>primis</strong></span> <span class='ocrx_word' id='word_1_222' title='bbox 748 1814 800 1858; x_wconf 91' lang='lat' dir='ltr'><strong>et</strong></span> <span class='ocrx_word' id='word_1_223' title='bbox 832 1804 1124 1872; x_wconf 77' lang='lat' dir='ltr'><strong>gloriosum</strong></span> <span class='ocrx_word' id='word_1_224' title='bbox 1171 1803 1311 1856; x_wconf 82' lang='lat' dir='ltr'><strong>inter</strong></span> <span class='ocrx_word' id='word_1_225' title='bbox 1333 1819 1522 1858; x_wconf 87' lang='lat' dir='ltr'><strong>omnes</strong></span> <span class='ocrx_word' id='word_1_226' title='bbox 1559 1815 1810 1858; x_wconf 82' lang='lat' dir='ltr'><strong>constare</strong></span> <span class='ocrx_word' id='word_1_227' title='bbox 1839 1804 2094 1857; x_wconf 85' lang='lat' dir='ltr'><strong>arbitror.</strong></span> 
     </span>
    </p>
   </div>
   <div class='ocr_carea' id='block_1_35' title="bbox 2205 1788 3736 1877">
    <p class='ocr_par' dir='ltr' id='par_1_35' title="bbox 2205 1805 3736 1877">
     <span class='ocr_line' id='line_1_35' title="bbox 2205 1805 3736 1877; baseline 0.004 -20"><span class='ocrx_word' id='word_1_228' title='bbox 2205 1808 2312 1874; x_wconf 88' lang='grc' dir='ltr'>γεῖν</span> <span class='ocrx_word' id='word_1_229' title='bbox 2343 1805 2600 1877; x_wconf 81' lang='grc' dir='ltr'>ἡγοῦμαι.</span> <span class='ocrx_word' id='word_1_230' title='bbox 2650 1808 2740 1877; x_wconf 76' lang='grc' dir='ltr'><strong>Μὴ</strong></span> <span class='ocrx_word' id='word_1_231' title='bbox 2769 1810 2948 1861; x_wconf 85' lang='grc' dir='ltr'>τοίνυν</span> <span class='ocrx_word' id='word_1_232' title='bbox 2999 1807 3217 1877; x_wconf 77' lang='grc' dir='ltr'>μέλλετε</span> <span class='ocrx_word' id='word_1_233' title='bbox 3246 1809 3463 1862; x_wconf 71' lang='grc' dir='ltr'>λοιπόνο</span> <span class='ocrx_word' id='word_1_234' title='bbox 3503 1810 3613 1862; x_wconf 85' lang='grc' dir='ltr'>ἀλλ’</span> <span class='ocrx_word' id='word_1_235' title='bbox 3646 1812 3736 1863; x_wconf 74' lang='grc' dir='ltr'>ἐπι-</span> 
     </span>
    </p>
   </div>
   <div class='ocr_carea' id='block_1_36' title="bbox 533 1895 2096 1966">
    <p class='ocr_par' dir='ltr' id='par_1_36' title="bbox 533 1895 2096 1966">
     <span class='ocr_line' id='line_1_36' title="bbox 533 1895 2096 1966; baseline -0.004 -15"><span class='ocrx_word' id='word_1_236' title='bbox 533 1897 709 1951; x_wconf 83' lang='lat' dir='ltr'><strong>Nolite</strong></span> <span class='ocrx_word' id='word_1_237' title='bbox 748 1912 876 1966; x_wconf 83' lang='lat' dir='ltr'><strong>ergo</strong></span> <span class='ocrx_word' id='word_1_238' title='bbox 928 1896 1202 1956; x_wconf 88' lang='lat' dir='ltr'><strong>cunctari;</strong></span> <span class='ocrx_word' id='word_1_239' title='bbox 1239 1896 1332 1948; x_wconf 88' lang='lat' dir='ltr'><strong>scd</strong></span> <span class='ocrx_word' id='word_1_240' title='bbox 1378 1895 1714 1947; x_wconf 85' lang='lat' dir='ltr'><strong>alacritatem</strong></span> <span class='ocrx_word' id='word_1_241' title='bbox 1743 1895 1907 1947; x_wconf 88' lang='lat' dir='ltr'><strong>animi</strong></span> <span class='ocrx_word' id='word_1_242' title='bbox 1932 1895 2096 1948; x_wconf 84' lang='lat' dir='ltr'><strong>vestri</strong></span> 
     </span>
    </p>
   </div>
   <div class='ocr_carea' id='block_1_37' title="bbox 533 1986 2100 2059">
    <p class='ocr_par' dir='ltr' id='par_1_37' title="bbox 533 1986 2100 2059">
     <span class='ocr_line' id='line_1_37' title="bbox 533 1986 2100 2059; baseline -0.003 -16"><span class='ocrx_word' id='word_1_243' title='bbox 533 1991 705 2059; x_wconf 84' lang='lat' dir='ltr'><strong>magis</strong></span> <span class='ocrx_word' id='word_1_244' title='bbox 730 2005 792 2042; x_wconf 87' lang='lat' dir='ltr'><strong>ac</strong></span> <span class='ocrx_word' id='word_1_245' title='bbox 825 1989 995 2058; x_wconf 83' lang='lat' dir='ltr'><strong>magis</strong></span> <span class='ocrx_word' id='word_1_246' title='bbox 1029 1986 1365 2041; x_wconf 80' lang='lat' dir='ltr'><strong>iutendentes</strong></span> <span class='ocrx_word' id='word_1_247' title='bbox 1391 2025 1405 2051; x_wconf 89' lang='lat'><strong>,</strong></span> <span class='ocrx_word' id='word_1_248' title='bbox 1439 1987 1563 2040; x_wconf 90' lang='lat' dir='ltr'><strong>date</strong></span> <span class='ocrx_word' id='word_1_249' title='bbox 1599 2001 1818 2054; x_wconf 79' lang='lat' dir='ltr'><strong>Operam</strong></span> <span class='ocrx_word' id='word_1_250' title='bbox 1876 1997 1934 2040; x_wconf 89' lang='lat' dir='ltr'><strong>ut</strong></span> <span class='ocrx_word' id='word_1_251' title='bbox 1964 2000 2100 2055; x_wconf 70' lang='lat' dir='ltr'><strong>pra:-</strong></span> 
     </span>
    </p>
   </div>
   <div class='ocr_carea' id='block_1_38' title="bbox 531 2078 2101 2141">
    <p class='ocr_par' dir='ltr' id='par_1_38' title="bbox 531 2078 2101 2141">
     <span class='ocr_line' id='line_1_38' title="bbox 531 2078 2101 2141; baseline -0.003 -7"><span class='ocrx_word' id='word_1_252' title='bbox 531 2093 713 2135; x_wconf 88' lang='lat' dir='ltr'><strong>sentes</strong></span> <span class='ocrx_word' id='word_1_253' title='bbox 755 2079 1121 2141; x_wconf 84' lang='lat' dir='ltr'><strong>dissensiones</strong></span> <span class='ocrx_word' id='word_1_254' title='bbox 1170 2080 1515 2133; x_wconf 85' lang='lat' dir='ltr'><strong>convenienti</strong></span> <span class='ocrx_word' id='word_1_255' title='bbox 1557 2080 1821 2133; x_wconf 89' lang='lat' dir='ltr'><strong>sententia</strong></span> <span class='ocrx_word' id='word_1_256' title='bbox 1846 2078 2101 2133; x_wconf 87' lang='lat' dir='ltr'><strong>termine-</strong></span> 
     </span>
    </p>
   </div>
   <div class='ocr_carea' id='block_1_39' title="bbox 533 2169 2099 2238">
    <p class='ocr_par' dir='ltr' id='par_1_39' title="bbox 533 2169 2099 2238">
     <span class='ocr_line' id='line_1_39' title="bbox 533 2169 2099 2238; baseline -0.003 -12"><span class='ocrx_word' id='word_1_257' title='bbox 533 2173 601 2227; x_wconf 89' lang='lat' dir='ltr'><strong>tis</strong></span> <span class='ocrx_word' id='word_1_258' title='bbox 629 2208 645 2234; x_wconf 90' lang='lat'><strong>,</strong></span> <span class='ocrx_word' id='word_1_259' title='bbox 675 2186 796 2224; x_wconf 86' lang='lat' dir='ltr'><strong>cum</strong></span> <span class='ocrx_word' id='word_1_260' title='bbox 832 2170 976 2224; x_wconf 90' lang='lat' dir='ltr'><strong>omni</strong></span> <span class='ocrx_word' id='word_1_261' title='bbox 1010 2179 1066 2222; x_wconf 85' lang='grc' dir='ltr'><strong>ιιι</strong></span> <span class='ocrx_word' id='word_1_262' title='bbox 1099 2183 1199 2238; x_wconf 87' lang='lat' dir='ltr'><strong>par</strong></span> <span class='ocrx_word' id='word_1_263' title='bbox 1226 2179 1310 2223; x_wconf 78' lang='lat' dir='ltr'><strong>est</strong></span> <span class='ocrx_word' id='word_1_264' title='bbox 1355 2170 1670 2223; x_wconf 77' lang='lat' dir='ltr'><strong>sinceritate</strong></span> <span class='ocrx_word' id='word_1_265' title='bbox 1694 2183 1759 2224; x_wconf 87' lang='lat' dir='ltr'><strong>ac</strong></span> <span class='ocrx_word' id='word_1_266' title='bbox 1791 2169 1913 2233; x_wconf 86' lang='lat' dir='ltr'><strong>ﬁde,</strong></span> <span class='ocrx_word' id='word_1_267' title='bbox 1940 2184 2099 2238; x_wconf 84' lang='lat' dir='ltr'><strong>quant</strong></span> 
     </span>
    </p>
   </div>
   <div class='ocr_carea' id='block_1_40' title="bbox 533 2260 2103 2329">
    <p class='ocr_par' dir='ltr' id='par_1_40' title="bbox 533 2260 2103 2329">
     <span class='ocr_line' id='line_1_40' title="bbox 533 2260 2103 2329; baseline -0.003 -13"><span class='ocrx_word' id='word_1_268' title='bbox 533 2266 789 2316; x_wconf 71' lang='lat' dir='ltr'><strong>Servator</strong></span> <span class='ocrx_word' id='word_1_269' title='bbox 817 2263 905 2314; x_wconf 89' lang='lat' dir='ltr'><strong>ille</strong></span> <span class='ocrx_word' id='word_1_270' title='bbox 937 2276 1097 2329; x_wconf 84' lang='lat' dir='ltr'><strong>quem</strong></span> <span class='ocrx_word' id='word_1_271' title='bbox 1148 2260 1396 2323; x_wconf 86' lang='lat' dir='ltr'><strong>colimus,</strong></span> <span class='ocrx_word' id='word_1_272' title='bbox 1437 2261 1492 2313; x_wconf 89' lang='lat' dir='ltr'><strong>in</strong></span> <span class='ocrx_word' id='word_1_273' title='bbox 1542 2264 1689 2313; x_wconf 84' lang='lat' dir='ltr'><strong>muni</strong></span> <span class='ocrx_word' id='word_1_274' title='bbox 1725 2260 1943 2328; x_wconf 88' lang='lat' dir='ltr'><strong>negotio</strong></span> <span class='ocrx_word' id='word_1_275' title='bbox 1986 2270 2103 2313; x_wconf 82' lang='lat' dir='ltr'><strong>tan-</strong></span> 
     </span>
    </p>
   </div>
   <div class='ocr_carea' id='block_1_41' title="bbox 533 2353 2100 2423">
    <p class='ocr_par' dir='ltr' id='par_1_41' title="bbox 533 2353 2100 2423">
     <span class='ocr_line' id='line_1_41' title="bbox 533 2353 2100 2423; baseline -0.001 -15"><span class='ocrx_word' id='word_1_276' title='bbox 533 2363 649 2408; x_wconf 90' lang='lat' dir='ltr'><strong>tum</strong></span> <span class='ocrx_word' id='word_1_277' title='bbox 675 2371 777 2408; x_wconf 88' lang='lat' dir='ltr'><strong>non</strong></span> <span class='ocrx_word' id='word_1_278' title='bbox 816 2353 1150 2417; x_wconf 78' lang='lat' dir='ltr'><strong>inclamans,</strong></span> <span class='ocrx_word' id='word_1_279' title='bbox 1194 2370 1222 2405; x_wconf 92' lang='lat' dir='ltr'><strong>a</strong></span> <span class='ocrx_word' id='word_1_280' title='bbox 1292 2354 1447 2408; x_wconf 86' lang='lat' dir='ltr'><strong>nobis</strong></span> <span class='ocrx_word' id='word_1_281' title='bbox 1491 2354 1757 2422; x_wconf 79' lang='lat' dir='ltr'><strong>pra-cipue</strong></span> <span class='ocrx_word' id='word_1_282' title='bbox 1788 2353 2011 2423; x_wconf 79' lang='lat' dir='ltr'><strong>ﬂagitat,</strong></span> <span class='ocrx_word' id='word_1_283' title='bbox 2048 2355 2100 2406; x_wconf 91' lang='lat' dir='ltr'><strong>in</strong></span> 
     </span>
    </p>
   </div>
   <div class='ocr_carea' id='block_1_42' title="bbox 531 2443 2103 2513">
    <p class='ocr_par' dir='ltr' id='par_1_42' title="bbox 531 2443 2103 2513">
     <span class='ocr_line' id='line_1_42' title="bbox 531 2443 2103 2513; baseline 0 -15"><span class='ocrx_word' id='word_1_284' title='bbox 531 2460 695 2500; x_wconf 88' lang='lat' dir='ltr'><strong>unum</strong></span> <span class='ocrx_word' id='word_1_285' title='bbox 729 2444 1134 2499; x_wconf 83' lang='lat' dir='ltr'><strong>convenientes.</strong></span> <span class='ocrx_word' id='word_1_286' title='bbox 1167 2443 1434 2498; x_wconf 68' lang='lat' dir='ltr'><strong>Caeterum</strong></span> <span class='ocrx_word' id='word_1_287' title='bbox 1475 2454 1736 2510; x_wconf 88' lang='lat' dir='ltr'><strong>quantum</strong></span> <span class='ocrx_word' id='word_1_288' title='bbox 1774 2448 1841 2498; x_wconf 85' lang='lat' dir='ltr'><strong>ad</strong></span> <span class='ocrx_word' id='word_1_289' title='bbox 1889 2445 2103 2513; x_wconf 77' lang='lat' dir='ltr'><strong>religio-</strong></span> 
     </span>
    </p>
   </div>
   <div class='ocr_carea' id='block_1_43' title="bbox 530 2520 2102 2606">
    <p class='ocr_par' dir='ltr' id='par_1_43' title="bbox 530 2520 2102 2606">
     <span class='ocr_line' id='line_1_43' title="bbox 530 2520 2102 2606; baseline -0.003 -14"><span class='ocrx_word' id='word_1_290' title='bbox 530 2552 652 2592; x_wconf 87' lang='lat' dir='ltr'><strong>nent</strong></span> <span class='ocrx_word' id='word_1_291' title='bbox 678 2520 914 2591; x_wconf 84' lang='lat' dir='ltr'><strong>nostram</strong></span> <span class='ocrx_word' id='word_1_292' title='bbox 947 2538 1206 2605; x_wconf 80' lang='lat' dir='ltr'><strong>pertinet,</strong></span> <span class='ocrx_word' id='word_1_293' title='bbox 1244 2538 1378 2590; x_wconf 89' lang='lat' dir='ltr'><strong>nihil</strong></span> <span class='ocrx_word' id='word_1_294' title='bbox 1415 2536 1561 2605; x_wconf 85' lang='lat' dir='ltr'><strong>quod</strong></span> <span class='ocrx_word' id='word_1_295' title='bbox 1597 2552 1838 2590; x_wconf 88' lang='lat' dir='ltr'><strong>mearum</strong></span> <span class='ocrx_word' id='word_1_296' title='bbox 1871 2538 2102 2606; x_wconf 85' lang='lat' dir='ltr'><strong>partium</strong></span> 
     </span>
    </p>
   </div>
   <div class='ocr_carea' id='block_1_44' title="bbox 531 2612 2106 2697">
    <p class='ocr_par' dir='ltr' id='par_1_44' title="bbox 531 2612 2106 2697">
     <span class='ocr_line' id='line_1_44' title="bbox 531 2612 2106 2697; baseline -0.001 -15"><span class='ocrx_word' id='word_1_297' title='bbox 531 2612 602 2683; x_wconf 77' lang='lat' dir='ltr'><strong>sit</strong></span> <span class='ocrx_word' id='word_1_298' title='bbox 635 2628 785 2681; x_wconf 81' lang='lat' dir='ltr'><strong>vobis</strong></span> <span class='ocrx_word' id='word_1_299' title='bbox 818 2630 1010 2684; x_wconf 88' lang='lat' dir='ltr'><strong>deerit.</strong></span> <span class='ocrx_word' id='word_1_300' title='bbox 1053 2628 1259 2684; x_wconf 90' lang='lat' dir='ltr'><strong>Cuncta</strong></span> <span class='ocrx_word' id='word_1_301' title='bbox 1309 2629 1573 2697; x_wconf 78' lang='lat' dir='ltr'><strong>siquidem</strong></span> <span class='ocrx_word' id='word_1_302' title='bbox 1620 2643 1742 2697; x_wconf 74' lang='lat' dir='ltr'><strong>qua:</strong></span> <span class='ocrx_word' id='word_1_303' title='bbox 1789 2628 1985 2681; x_wconf 86' lang='lat' dir='ltr'><strong>litteris</strong></span> <span class='ocrx_word' id='word_1_304' title='bbox 2015 2642 2106 2681; x_wconf 79' lang='lat' dir='ltr'><strong>ve-</strong></span> 
     </span>
    </p>
   </div>
   <div class='ocr_carea' id='block_1_45' title="bbox 530 2721 2105 2791">
    <p class='ocr_par' dir='ltr' id='par_1_45' title="bbox 530 2721 2105 2791">
     <span class='ocr_line' id='line_1_45' title="bbox 530 2721 2105 2791; baseline -0.001 -15"><span class='ocrx_word' id='word_1_305' title='bbox 530 2722 660 2776; x_wconf 86' lang='lat' dir='ltr'><strong>stris</strong></span> <span class='ocrx_word' id='word_1_306' title='bbox 717 2721 1086 2791; x_wconf 81' lang='lat' dir='ltr'><strong>signilieastis,</strong></span> <span class='ocrx_word' id='word_1_307' title='bbox 1135 2738 1163 2774; x_wconf 88' lang='lat' dir='ltr'><strong>a</strong></span> <span class='ocrx_word' id='word_1_308' title='bbox 1195 2737 1278 2774; x_wconf 88' lang='lat' dir='ltr'><strong>me</strong></span> <span class='ocrx_word' id='word_1_309' title='bbox 1321 2721 1539 2789; x_wconf 81' lang='lat' dir='ltr'><strong>impleta</strong></span> <span class='ocrx_word' id='word_1_310' title='bbox 1585 2732 1730 2775; x_wconf 89' lang='lat' dir='ltr'><strong>sunt.</strong></span> <span class='ocrx_word' id='word_1_311' title='bbox 1793 2721 1997 2790; x_wconf 84' lang='lat' dir='ltr'><strong>Scripsi</strong></span> <span class='ocrx_word' id='word_1_312' title='bbox 2037 2721 2105 2775; x_wconf 85' lang='lat' dir='ltr'><strong>ad</strong></span> 
     </span>
    </p>
   </div>
   <div class='ocr_carea' id='block_1_46' title="bbox 531 2812 2106 2882">
    <p class='ocr_par' dir='ltr' id='par_1_46' title="bbox 531 2812 2106 2882">
     <span class='ocr_line' id='line_1_46' title="bbox 531 2812 2106 2882; baseline 0.001 -17"><span class='ocrx_word' id='word_1_313' title='bbox 531 2827 669 2880; x_wconf 90' lang='lat' dir='ltr'><strong>quos</strong></span> <span class='ocrx_word' id='word_1_314' title='bbox 695 2812 941 2865; x_wconf 83' lang='lat' dir='ltr'><strong>voluistis</strong></span> <span class='ocrx_word' id='word_1_315' title='bbox 980 2814 1264 2882; x_wconf 82' lang='lat' dir='ltr'><strong>episcopos</strong></span> <span class='ocrx_word' id='word_1_316' title='bbox 1285 2854 1300 2878; x_wconf 88' lang='lat'><strong>,</strong></span> <span class='ocrx_word' id='word_1_317' title='bbox 1334 2822 1391 2866; x_wconf 95' lang='lat' dir='ltr'><strong>ut</strong></span> <span class='ocrx_word' id='word_1_318' title='bbox 1426 2815 1701 2867; x_wconf 80' lang='lat' dir='ltr'><strong>venientes</strong></span> <span class='ocrx_word' id='word_1_319' title='bbox 1721 2813 1990 2867; x_wconf 86' lang='lat' dir='ltr'><strong>communi</strong></span> <span class='ocrx_word' id='word_1_320' title='bbox 2016 2828 2106 2867; x_wconf 80' lang='lat' dir='ltr'><strong>vo-</strong></span> 
     </span>
    </p>
   </div>
   <div class='ocr_carea' id='block_1_47' title="bbox 531 2903 2105 2973">
    <p class='ocr_par' dir='ltr' id='par_1_47' title="bbox 531 2903 2105 2973">
     <span class='ocr_line' id='line_1_47' title="bbox 531 2903 2105 2973; baseline 0.001 -16"><span class='ocrx_word' id='word_1_321' title='bbox 531 2903 737 2957; x_wconf 90' lang='lat' dir='ltr'><strong>biscum</strong></span> <span class='ocrx_word' id='word_1_322' title='bbox 762 2918 888 2956; x_wconf 88' lang='lat' dir='ltr'><strong>cura</strong></span> <span class='ocrx_word' id='word_1_323' title='bbox 919 2918 983 2957; x_wconf 91' lang='lat' dir='ltr'><strong>ac</strong></span> <span class='ocrx_word' id='word_1_324' title='bbox 1004 2905 1370 2959; x_wconf 85' lang='lat' dir='ltr'><strong>sollicitudine</strong></span> <span class='ocrx_word' id='word_1_325' title='bbox 1396 2904 1774 2973; x_wconf 80' lang='lat' dir='ltr'><strong>fungerentur.</strong></span> <span class='ocrx_word' id='word_1_326' title='bbox 1801 2905 1917 2958; x_wconf 79' lang='lat' dir='ltr'><strong>Misi</strong></span> <span class='ocrx_word' id='word_1_327' title='bbox 1940 2915 2105 2959; x_wconf 86' lang='lat' dir='ltr'><strong>ettam</strong></span> 
     </span>
    </p>
   </div>
   <div class='ocr_carea' id='block_1_48' title="bbox 533 2993 2107 3066">
    <p class='ocr_par' dir='ltr' id='par_1_48' title="bbox 533 2993 2107 3066">
     <span class='ocr_line' id='line_1_48' title="bbox 533 2993 2107 3066; baseline 0.002 -18"><span class='ocrx_word' id='word_1_328' title='bbox 533 2993 844 3063; x_wconf 78' lang='lat' dir='ltr'><strong>Dionysium</strong></span> <span class='ocrx_word' id='word_1_329' title='bbox 865 3009 927 3048; x_wconf 79' lang='lat' dir='ltr'><strong>ex</strong></span> <span class='ocrx_word' id='word_1_330' title='bbox 950 2996 1241 3060; x_wconf 82' lang='lat' dir='ltr'><strong>consulari,</strong></span> <span class='ocrx_word' id='word_1_331' title='bbox 1260 2996 1351 3064; x_wconf 90' lang='lat' dir='ltr'><strong>qui</strong></span> <span class='ocrx_word' id='word_1_332' title='bbox 1373 3007 1427 3050; x_wconf 91' lang='lat' dir='ltr'><strong>et</strong></span> <span class='ocrx_word' id='word_1_333' title='bbox 1455 2998 1734 3066; x_wconf 81' lang='lat' dir='ltr'><strong>episc0pos</strong></span> <span class='ocrx_word' id='word_1_334' title='bbox 1756 2997 1872 3051; x_wconf 88' lang='lat' dir='ltr'><strong>illos</strong></span> <span class='ocrx_word' id='word_1_335' title='bbox 1894 2997 1984 3066; x_wconf 87' lang='lat' dir='ltr'><strong>qui</strong></span> <span class='ocrx_word' id='word_1_336' title='bbox 2010 3011 2107 3051; x_wconf 82' lang='lat' dir='ltr'><strong>vo-</strong></span> 
     </span>
    </p>
   </div>
   <div class='ocr_carea' id='block_1_49' title="bbox 535 3087 2106 3158">
    <p class='ocr_par' dir='ltr' id='par_1_49' title="bbox 535 3087 2106 3158">
     <span class='ocr_line' id='line_1_49' title="bbox 535 3087 2106 3158; baseline 0.003 -19"><span class='ocrx_word' id='word_1_337' title='bbox 535 3087 740 3140; x_wconf 89' lang='lat' dir='ltr'><strong>biscum</strong></span> <span class='ocrx_word' id='word_1_338' title='bbox 765 3090 955 3141; x_wconf 84' lang='lat' dir='ltr'><strong>adesse</strong></span> <span class='ocrx_word' id='word_1_339' title='bbox 985 3087 1182 3141; x_wconf 80' lang='lat' dir='ltr'><strong>debent</strong></span> <span class='ocrx_word' id='word_1_340' title='bbox 1212 3099 1560 3143; x_wconf 86' lang='lat' dir='ltr'><strong>commoneat</strong></span> <span class='ocrx_word' id='word_1_341' title='bbox 1580 3130 1593 3155; x_wconf 92' lang='lat'><strong>,</strong></span> <span class='ocrx_word' id='word_1_342' title='bbox 1618 3098 1672 3142; x_wconf 84' lang='lat' dir='ltr'><strong>et</strong></span> <span class='ocrx_word' id='word_1_343' title='bbox 1699 3090 1941 3142; x_wconf 90' lang='lat' dir='ltr'><strong>onmium</strong></span> <span class='ocrx_word' id='word_1_344' title='bbox 1984 3106 2106 3158; x_wconf 70' lang='lat' dir='ltr'><strong>quae</strong></span> 
     </span>
    </p>
   </div>
   <div class='ocr_carea' id='block_1_50' title="bbox 533 3179 2104 3250">
    <p class='ocr_par' dir='ltr' id='par_1_50' title="bbox 533 3179 2104 3250">
     <span class='ocr_line' id='line_1_50' title="bbox 533 3179 2104 3250; baseline 0 -16"><span class='ocrx_word' id='word_1_345' title='bbox 533 3190 813 3250; x_wconf 74' lang='lat' dir='ltr'><strong>gerentur,</strong></span> <span class='ocrx_word' id='word_1_346' title='bbox 849 3180 1083 3233; x_wconf 82' lang='lat' dir='ltr'><strong>maxime</strong></span> <span class='ocrx_word' id='word_1_347' title='bbox 1134 3195 1260 3234; x_wconf 90' lang='lat' dir='ltr'><strong>vero</strong></span> <span class='ocrx_word' id='word_1_348' title='bbox 1306 3179 1881 3249; x_wconf 82' lang='lat' dir='ltr'><strong>modestia-,inspector</strong></span> <span class='ocrx_word' id='word_1_349' title='bbox 1926 3180 2018 3235; x_wconf 88' lang='lat' dir='ltr'><strong>sit.</strong></span> <span class='ocrx_word' id='word_1_350' title='bbox 2047 3181 2104 3234; x_wconf 86' lang='lat' dir='ltr'><strong>Si</strong></span> 
     </span>
    </p>
   </div>
   <div class='ocr_carea' id='block_1_51' title="bbox 534 3271 2104 3342">
    <p class='ocr_par' dir='ltr' id='par_1_51' title="bbox 534 3271 2104 3342">
     <span class='ocr_line' id='line_1_51' title="bbox 534 3271 2104 3342; baseline 0.003 -20"><span class='ocrx_word' id='word_1_351' title='bbox 534 3271 658 3339; x_wconf 88' lang='lat' dir='ltr'><strong>quis</strong></span> <span class='ocrx_word' id='word_1_352' title='bbox 682 3285 847 3335; x_wconf 88' lang='lat' dir='ltr'><strong>veru,</strong></span> <span class='ocrx_word' id='word_1_353' title='bbox 896 3271 1038 3338; x_wconf 89' lang='lat' dir='ltr'><strong>quod</strong></span> <span class='ocrx_word' id='word_1_354' title='bbox 1092 3271 1318 3325; x_wconf 89' lang='lat' dir='ltr'><strong>minime</strong></span> <span class='ocrx_word' id='word_1_355' title='bbox 1365 3272 1728 3338; x_wconf 80' lang='lat' dir='ltr'><strong>arbitramur,</strong></span> <span class='ocrx_word' id='word_1_356' title='bbox 1780 3282 2104 3342; x_wconf 67' lang='lat' dir='ltr'><strong>prmceptum</strong></span> 
     </span>
    </p>
   </div>
   <div class='ocr_carea' id='block_1_52' title="bbox 534 3363 2102 3431">
    <p class='ocr_par' dir='ltr' id='par_1_52' title="bbox 534 3363 2102 3431">
     <span class='ocr_line' id='line_1_52' title="bbox 534 3363 2102 3431; baseline 0.001 -14"><span class='ocrx_word' id='word_1_357' title='bbox 534 3373 781 3417; x_wconf 81' lang='lat' dir='ltr'><strong>nostrum</strong></span> <span class='ocrx_word' id='word_1_358' title='bbox 822 3364 1119 3416; x_wconf 88' lang='lat' dir='ltr'><strong>etianmum</strong></span> <span class='ocrx_word' id='word_1_359' title='bbox 1176 3363 1381 3417; x_wconf 88' lang='lat' dir='ltr'><strong>violare</strong></span> <span class='ocrx_word' id='word_1_360' title='bbox 1412 3378 1763 3431; x_wconf 76' lang='lat' dir='ltr'><strong>pra-sumens,</strong></span> <span class='ocrx_word' id='word_1_361' title='bbox 1795 3364 1983 3417; x_wconf 86' lang='lat' dir='ltr'><strong>adesse</strong></span> <span class='ocrx_word' id='word_1_362' title='bbox 2016 3379 2102 3418; x_wconf 56' lang='lat' dir='ltr'><strong>rev</strong></span> 
     </span>
    </p>
   </div>
   <div class='ocr_carea' id='block_1_53' title="bbox 536 3453 2104 3524">
    <p class='ocr_par' dir='ltr' id='par_1_53' title="bbox 536 3453 2104 3524">
     <span class='ocr_line' id='line_1_53' title="bbox 536 3453 2104 3524; baseline 0.002 -17"><span class='ocrx_word' id='word_1_363' title='bbox 536 3455 735 3520; x_wconf 90' lang='lat' dir='ltr'><strong>nuerit,</strong></span> <span class='ocrx_word' id='word_1_364' title='bbox 765 3453 1011 3508; x_wconf 87' lang='lat' dir='ltr'><strong>mittetur</strong></span> <span class='ocrx_word' id='word_1_365' title='bbox 1062 3455 1457 3522; x_wconf 89' lang='lat' dir='ltr'><strong>quamprimum</strong></span> <span class='ocrx_word' id='word_1_366' title='bbox 1490 3470 1519 3506; x_wconf 90' lang='lat' dir='ltr'><strong>a</strong></span> <span class='ocrx_word' id='word_1_367' title='bbox 1566 3455 1724 3507; x_wconf 88' lang='lat' dir='ltr'><strong>nobis</strong></span> <span class='ocrx_word' id='word_1_368' title='bbox 1757 3454 1972 3524; x_wconf 80' lang='lat' dir='ltr'><strong>aliquis,</strong></span> <span class='ocrx_word' id='word_1_369' title='bbox 2013 3471 2104 3524; x_wconf 92' lang='lat' dir='ltr'><strong>qut</strong></span> 
     </span>
    </p>
   </div>
   <div class='ocr_carea' id='block_1_54' title="bbox 536 3544 2101 3616">
    <p class='ocr_par' dir='ltr' id='par_1_54' title="bbox 536 3544 2101 3616">
     <span class='ocr_line' id='line_1_54' title="bbox 536 3544 2101 3616; baseline 0.002 -18"><span class='ocrx_word' id='word_1_370' title='bbox 536 3544 800 3612; x_wconf 80' lang='lat' dir='ltr'><strong>imperiali</strong></span> <span class='ocrx_word' id='word_1_371' title='bbox 837 3544 1165 3598; x_wconf 88' lang='lat' dir='ltr'><strong>auctoritate</strong></span> <span class='ocrx_word' id='word_1_372' title='bbox 1197 3545 1465 3598; x_wconf 87' lang='lat' dir='ltr'><strong>hominem</strong></span> <span class='ocrx_word' id='word_1_373' title='bbox 1500 3546 1552 3597; x_wconf 93' lang='lat' dir='ltr'><strong>in</strong></span> <span class='ocrx_word' id='word_1_374' title='bbox 1589 3545 1839 3599; x_wconf 74' lang='lat' dir='ltr'><strong>exsilium</strong></span> <span class='ocrx_word' id='word_1_375' title='bbox 1878 3547 2101 3616; x_wconf 85' lang='lat' dir='ltr'><strong>pellens,</strong></span> 
     </span>
    </p>
   </div>
   <div class='ocr_carea' id='block_1_55' title="bbox 471 3636 2105 3706">
    <p class='ocr_par' dir='ltr' id='par_1_55' title="bbox 471 3636 2105 3706">
     <span class='ocr_line' id='line_1_55' title="bbox 471 3636 2105 3706; baseline 0.004 -19"><span class='ocrx_word' id='word_1_376' title='bbox 471 3680 477 3687; x_wconf 89' lang='lat'><strong>.</strong></span> <span class='ocrx_word' id='word_1_377' title='bbox 536 3639 748 3692; x_wconf 86' lang='lat' dir='ltr'><strong>docebit</strong></span> <span class='ocrx_word' id='word_1_378' title='bbox 778 3636 1122 3705; x_wconf 87' lang='lat' dir='ltr'><strong>imperatoris</strong></span> <span class='ocrx_word' id='word_1_379' title='bbox 1155 3638 1529 3691; x_wconf 62' lang='lat' dir='ltr'><strong>sancionibut</strong></span> <span class='ocrx_word' id='word_1_380' title='bbox 1579 3654 1675 3706; x_wconf 88' lang='lat' dir='ltr'><strong>pro</strong></span> <span class='ocrx_word' id='word_1_381' title='bbox 1708 3643 1938 3693; x_wconf 87' lang='lat' dir='ltr'><strong>veritate</strong></span> <span class='ocrx_word' id='word_1_382' title='bbox 1985 3640 2105 3693; x_wconf 83' lang='lat' dir='ltr'><strong>edi-</strong></span> 
     </span>
    </p>
   </div>
   <div class='ocr_carea' id='block_1_56' title="bbox 539 3723 2108 3794">
    <p class='ocr_par' dir='ltr' id='par_1_56' title="bbox 539 3723 2108 3794">
     <span class='ocr_line' id='line_1_56' title="bbox 539 3723 2108 3794; baseline 0 -13"><span class='ocrx_word' id='word_1_383' title='bbox 539 3727 608 3781; x_wconf 86' lang='lat' dir='ltr'><strong>tis</strong></span> <span class='ocrx_word' id='word_1_384' title='bbox 649 3728 868 3780; x_wconf 90' lang='lat' dir='ltr'><strong>minime</strong></span> <span class='ocrx_word' id='word_1_385' title='bbox 893 3741 1014 3780; x_wconf 85' lang='lat' dir='ltr'><strong>esse</strong></span> <span class='ocrx_word' id='word_1_386' title='bbox 1062 3726 1490 3794; x_wconf 84' lang='lat' dir='ltr'><strong>repugnandum.</strong></span> <span class='ocrx_word' id='word_1_387' title='bbox 1541 3723 1689 3791; x_wconf 76' lang='lat' dir='ltr'><strong>Quod</strong></span> <span class='ocrx_word' id='word_1_388' title='bbox 1716 3735 1981 3794; x_wconf 87' lang='lat' dir='ltr'><strong>superest,</strong></span> <span class='ocrx_word' id='word_1_389' title='bbox 2018 3743 2108 3782; x_wconf 84' lang='lat' dir='ltr'><strong>ve—</strong></span> 
     </span>
    </p>
   </div>
   <div class='ocr_carea' id='block_1_57' title="bbox 535 3819 2106 3888">
    <p class='ocr_par' dir='ltr' id='par_1_57' title="bbox 535 3819 2106 3888">
     <span class='ocr_line' id='line_1_57' title="bbox 535 3819 2106 3888; baseline 0.001 -14"><span class='ocrx_word' id='word_1_390' title='bbox 535 3830 665 3874; x_wconf 68' lang='lat' dir='ltr'><strong>str-te</strong></span> <span class='ocrx_word' id='word_1_391' title='bbox 723 3820 1024 3874; x_wconf 88' lang='lat' dir='ltr'><strong>sanctitatis</strong></span> <span class='ocrx_word' id='word_1_392' title='bbox 1074 3821 1178 3873; x_wconf 90' lang='lat' dir='ltr'><strong>erit</strong></span> <span class='ocrx_word' id='word_1_393' title='bbox 1225 3819 1540 3888; x_wconf 80' lang='lat' dir='ltr'><strong>providere,</strong></span> <span class='ocrx_word' id='word_1_394' title='bbox 1576 3828 1632 3872; x_wconf 93' lang='lat' dir='ltr'><strong>ut</strong></span> <span class='ocrx_word' id='word_1_395' title='bbox 1685 3835 1785 3873; x_wconf 90' lang='lat' dir='ltr'><strong>nec</strong></span> <span class='ocrx_word' id='word_1_396' title='bbox 1833 3820 1959 3874; x_wconf 92' lang='lat' dir='ltr'><strong>odio</strong></span> <span class='ocrx_word' id='word_1_397' title='bbox 2005 3834 2106 3875; x_wconf 89' lang='lat' dir='ltr'><strong>nec</strong></span> 
     </span>
    </p>
   </div>
   <div class='ocr_carea' id='block_1_58' title="bbox 536 3911 2104 3982">
    <p class='ocr_par' dir='ltr' id='par_1_58' title="bbox 536 3911 2104 3982">
     <span class='ocr_line' id='line_1_58' title="bbox 536 3911 2104 3982; baseline -0.001 -17"><span class='ocrx_word' id='word_1_398' title='bbox 536 3923 732 3982; x_wconf 74' lang='lat' dir='ltr'><strong>gratia,</strong></span> <span class='ocrx_word' id='word_1_399' title='bbox 757 3914 845 3965; x_wconf 84' lang='lat' dir='ltr'><strong>sed</strong></span> <span class='ocrx_word' id='word_1_400' title='bbox 861 3911 1013 3979; x_wconf 75' lang='lat' dir='ltr'><strong>juxta</strong></span> <span class='ocrx_word' id='word_1_401' title='bbox 1032 3911 1427 3965; x_wconf 88' lang='lat' dir='ltr'><strong>ecclesiasticas</strong></span> <span class='ocrx_word' id='word_1_402' title='bbox 1450 3920 1503 3964; x_wconf 89' lang='lat' dir='ltr'><strong>et</strong></span> <span class='ocrx_word' id='word_1_403' title='bbox 1522 3911 1847 3980; x_wconf 88' lang='lat' dir='ltr'><strong>apostolicas</strong></span> <span class='ocrx_word' id='word_1_404' title='bbox 1870 3911 2104 3981; x_wconf 85' lang='lat' dir='ltr'><strong>regulas,</strong></span> 
     </span>
    </p>
   </div>
   <div class='ocr_carea' id='block_1_59' title="bbox 535 4004 2105 4073">
    <p class='ocr_par' dir='ltr' id='par_1_59' title="bbox 535 4004 2105 4073">
     <span class='ocr_line' id='line_1_59' title="bbox 535 4004 2105 4073; baseline -0.001 -15"><span class='ocrx_word' id='word_1_405' title='bbox 535 4005 747 4059; x_wconf 81' lang='lat' dir='ltr'><strong>delictis</strong></span> <span class='ocrx_word' id='word_1_406' title='bbox 801 4011 855 4059; x_wconf 88' lang='lat' dir='ltr'><strong>et</strong></span> <span class='ocrx_word' id='word_1_407' title='bbox 902 4004 966 4057; x_wconf 90' lang='lat' dir='ltr'><strong>iis</strong></span> <span class='ocrx_word' id='word_1_408' title='bbox 1005 4018 1124 4072; x_wconf 71' lang='lat' dir='ltr'><strong>quae</strong></span> <span class='ocrx_word' id='word_1_409' title='bbox 1148 4018 1243 4072; x_wconf 88' lang='lat' dir='ltr'><strong>per</strong></span> <span class='ocrx_word' id='word_1_410' title='bbox 1290 4017 1529 4057; x_wconf 88' lang='lat' dir='ltr'><strong>errorem</strong></span> <span class='ocrx_word' id='word_1_411' title='bbox 1581 4004 1947 4073; x_wconf 89' lang='lat' dir='ltr'><strong>contigerunt,</strong></span> <span class='ocrx_word' id='word_1_412' title='bbox 1974 4019 2105 4057; x_wconf 90' lang='lat' dir='ltr'><strong>con-</strong></span> 
     </span>
    </p>
   </div>
   <div class='ocr_carea' id='block_1_60' title="bbox 537 4094 2105 4164">
    <p class='ocr_par' dir='ltr' id='par_1_60' title="bbox 537 4094 2105 4164">
     <span class='ocr_line' id='line_1_60' title="bbox 537 4094 2105 4164; baseline -0.001 -14"><span class='ocrx_word' id='word_1_413' title='bbox 537 4097 760 4151; x_wconf 87' lang='lat' dir='ltr'><strong>veniens</strong></span> <span class='ocrx_word' id='word_1_414' title='bbox 806 4095 1105 4148; x_wconf 83' lang='lat' dir='ltr'><strong>remedium</strong></span> <span class='ocrx_word' id='word_1_415' title='bbox 1151 4095 1483 4164; x_wconf 82' lang='lat' dir='ltr'><strong>exquiratis,</strong></span> <span class='ocrx_word' id='word_1_416' title='bbox 1533 4110 1642 4164; x_wconf 87' lang='lat' dir='ltr'><strong>quo</strong></span> <span class='ocrx_word' id='word_1_417' title='bbox 1695 4104 1752 4149; x_wconf 89' lang='lat' dir='ltr'><strong>et</strong></span> <span class='ocrx_word' id='word_1_418' title='bbox 1807 4094 2105 4150; x_wconf 84' lang='lat' dir='ltr'><strong>Ecclesiam</strong></span> 
     </span>
    </p>
   </div>
   <div class='ocr_carea' id='block_1_61' title="bbox 537 4186 2109 4256">
    <p class='ocr_par' dir='ltr' id='par_1_61' title="bbox 537 4186 2109 4256">
     <span class='ocr_line' id='line_1_61' title="bbox 537 4186 2109 4256; baseline -0.001 -13"><span class='ocrx_word' id='word_1_419' title='bbox 537 4186 685 4243; x_wconf 88' lang='lat' dir='ltr'><strong>Omni</strong></span> <span class='ocrx_word' id='word_1_420' title='bbox 730 4186 925 4256; x_wconf 83' lang='lat' dir='ltr'><strong>probro</strong></span> <span class='ocrx_word' id='word_1_421' title='bbox 958 4186 1201 4239; x_wconf 88' lang='lat' dir='ltr'><strong>liberetis</strong></span> <span class='ocrx_word' id='word_1_422' title='bbox 1232 4223 1250 4251; x_wconf 91' lang='grc'><strong>,</strong></span> <span class='ocrx_word' id='word_1_423' title='bbox 1295 4194 1348 4238; x_wconf 91' lang='lat' dir='ltr'><strong>et</strong></span> <span class='ocrx_word' id='word_1_424' title='bbox 1384 4201 1545 4248; x_wconf 69' lang='lat' dir='ltr'><strong>~meas</strong></span> <span class='ocrx_word' id='word_1_425' title='bbox 1587 4201 1747 4240; x_wconf 84' lang='lat' dir='ltr'><strong>curas</strong></span> <span class='ocrx_word' id='word_1_426' title='bbox 1785 4187 2014 4252; x_wconf 87' lang='lat' dir='ltr'><strong>levetis,</strong></span> <span class='ocrx_word' id='word_1_427' title='bbox 2053 4199 2109 4241; x_wconf 84' lang='lat' dir='ltr'><strong>et</strong></span> 
     </span>
    </p>
   </div>
   <div class='ocr_carea' id='block_1_62' title="bbox 539 4277 2101 4349">
    <p class='ocr_par' dir='ltr' id='par_1_62' title="bbox 539 4277 2101 4349">
     <span class='ocr_line' id='line_1_62' title="bbox 539 4277 2101 4349; baseline -0.001 -15"><span class='ocrx_word' id='word_1_428' title='bbox 539 4280 691 4349; x_wconf 84' lang='lat' dir='ltr'><strong>pacis</strong></span> <span class='ocrx_word' id='word_1_429' title='bbox 720 4279 1031 4333; x_wconf 69' lang='lat' dir='ltr'><strong>atumuitate</strong></span> <span class='ocrx_word' id='word_1_430' title='bbox 1083 4277 1313 4333; x_wconf 84' lang='lat' dir='ltr'><strong>turbatis</strong></span> <span class='ocrx_word' id='word_1_431' title='bbox 1368 4293 1509 4332; x_wconf 88' lang='lat' dir='ltr'><strong>nunc</strong></span> <span class='ocrx_word' id='word_1_432' title='bbox 1534 4277 1793 4334; x_wconf 83' lang='lat' dir='ltr'><strong>Ecclesiis</strong></span> <span class='ocrx_word' id='word_1_433' title='bbox 1834 4281 2101 4344; x_wconf 89' lang='lat' dir='ltr'><strong>restituta,</strong></span> 
     </span>
    </p>
   </div>
   <div class='ocr_carea' id='block_1_63' title="bbox 537 4365 2107 4440">
    <p class='ocr_par' dir='ltr' id='par_1_63' title="bbox 537 4365 2107 4440">
     <span class='ocr_line' id='line_1_63' title="bbox 537 4365 2107 4440; baseline 0.002 -18"><span class='ocrx_word' id='word_1_434' title='bbox 537 4371 692 4424; x_wconf 84' lang='lat' dir='ltr'><strong>vobis</strong></span> <span class='ocrx_word' id='word_1_435' title='bbox 720 4370 850 4438; x_wconf 86' lang='lat' dir='ltr'><strong>ipsis</strong></span> <span class='ocrx_word' id='word_1_436' title='bbox 874 4369 1164 4421; x_wconf 82' lang='lat' dir='ltr'><strong>maximam</strong></span> <span class='ocrx_word' id='word_1_437' title='bbox 1192 4365 1418 4436; x_wconf 83' lang='lat' dir='ltr'><strong>gloriam</strong></span> <span class='ocrx_word' id='word_1_438' title='bbox 1464 4370 1815 4440; x_wconf 87' lang='lat' dir='ltr'><strong>comparetis.</strong></span> <span class='ocrx_word' id='word_1_439' title='bbox 1843 4369 2107 4425; x_wconf 85' lang='lat' dir='ltr'><strong>Divinitas</strong></span> 
     </span>
    </p>
   </div>
   <div class='ocr_carea' id='block_1_64' title="bbox 538 4461 1468 4526">
    <p class='ocr_par' dir='ltr' id='par_1_64' title="bbox 538 4461 1468 4526">
     <span class='ocr_line' id='line_1_64' title="bbox 538 4461 1468 4526; baseline -0.004 -9"><span class='ocrx_word' id='word_1_440' title='bbox 538 4478 635 4519; x_wconf 81' lang='lat' dir='ltr'><strong>vos</strong></span> <span class='ocrx_word' id='word_1_441' title='bbox 664 4474 867 4526; x_wconf 86' lang='lat' dir='ltr'><strong>servet,</strong></span> <span class='ocrx_word' id='word_1_442' title='bbox 895 4464 1090 4515; x_wconf 72' lang='lat' dir='ltr'><strong>fratres</strong></span> <span class='ocrx_word' id='word_1_443' title='bbox 1121 4461 1406 4516; x_wconf 88' lang='lat' dir='ltr'><strong>carissimi.</strong></span> <span class='ocrx_word' id='word_1_444' title='bbox 1449 4479 1468 4513; x_wconf 85' lang='grc' dir='ltr'><strong>ι</strong></span> 
     </span>
    </p>
   </div>
   <div class='ocr_carea' id='block_1_65' title="bbox 611 4600 2108 4675">
    <p class='ocr_par' dir='ltr' id='par_1_65' title="bbox 611 4600 2108 4675">
     <span class='ocr_line' id='line_1_65' title="bbox 611 4600 2108 4675; baseline 0.001 -18"><span class='ocrx_word' id='word_1_445' title='bbox 611 4603 687 4675; x_wconf 67' lang='grc' dir='ltr'><strong>(Ξ)</strong></span> <span class='ocrx_word' id='word_1_446' title='bbox 702 4601 860 4675; x_wconf 57' lang='lat' dir='ltr'><strong>Vulg.</strong></span> <span class='ocrx_word' id='word_1_447' title='bbox 876 4601 998 4668; x_wconf 83' lang='grc' dir='ltr'>τοῖς</span> <span class='ocrx_word' id='word_1_448' title='bbox 1017 4600 1615 4675; x_wconf 76' lang='grc' dir='ltr'>προκειμένοιςὸροις.</span> <span class='ocrx_word' id='word_1_449' title='bbox 1645 4600 1996 4675; x_wconf 83' lang='lat' dir='ltr'><strong>Scribendum</strong></span> <span class='ocrx_word' id='word_1_450' title='bbox 2024 4613 2108 4659; x_wconf 82' lang='lat' dir='ltr'><strong>est</strong></span> 
     </span>
    </p>
   </div>
   <div class='ocr_carea' id='block_1_66' title="bbox 538 4671 2106 4747">
    <p class='ocr_par' dir='ltr' id='par_1_66' title="bbox 538 4671 2106 4747">
     <span class='ocr_line' id='line_1_66' title="bbox 538 4671 2106 4747; baseline -0.002 -18"><span class='ocrx_word' id='word_1_451' title='bbox 538 4671 751 4747; x_wconf 46' lang='grc' dir='ltr'>δρομέα</span> <span class='ocrx_word' id='word_1_452' title='bbox 797 4673 1142 4747; x_wconf 64' lang='grc' dir='ltr'>Τιιιεοιιοιειιο,</span> <span class='ocrx_word' id='word_1_453' title='bbox 1169 4687 1219 4725; x_wconf 87' lang='lat' dir='ltr'><strong>et</strong></span> <span class='ocrx_word' id='word_1_454' title='bbox 1249 4674 1599 4747; x_wconf 52' lang='lat' dir='ltr'><strong>delendayoa</strong></span> <span class='ocrx_word' id='word_1_455' title='bbox 1622 4671 1813 4743; x_wconf 85' lang='grc' dir='ltr'>καιρόν</span> <span class='ocrx_word' id='word_1_456' title='bbox 1838 4688 1957 4743; x_wconf 70' lang='lat' dir='ltr'><strong>qua:</strong></span> <span class='ocrx_word' id='word_1_457' title='bbox 1980 4690 2106 4732; x_wconf 73' lang='lat' dir='ltr'><strong>mox</strong></span> 
     </span>
    </p>
   </div>
   <div class='ocr_carea' id='block_1_67' title="bbox 540 4740 2013 4811">
    <p class='ocr_par' dir='ltr' id='par_1_67' title="bbox 540 4740 2013 4811">
     <span class='ocr_line' id='line_1_67' title="bbox 540 4740 2013 4811; baseline -0.003 -15"><span class='ocrx_word' id='word_1_458' title='bbox 540 4740 805 4809; x_wconf 78' lang='lat' dir='ltr'><strong>sequitur,</strong></span> <span class='ocrx_word' id='word_1_459' title='bbox 836 4758 954 4809; x_wconf 62' lang='lat' dir='ltr'><strong>qtae</strong></span> <span class='ocrx_word' id='word_1_460' title='bbox 986 4760 1081 4795; x_wconf 74' lang='lat' dir='ltr'><strong>nec</strong></span> <span class='ocrx_word' id='word_1_461' title='bbox 1110 4745 1169 4811; x_wconf 5' lang='lat' dir='ltr'><strong>in,</strong></span> <span class='ocrx_word' id='word_1_462' title='bbox 1195 4746 1379 4811; x_wconf 75' lang='lat' dir='ltr'><strong>codice</strong></span> <span class='ocrx_word' id='word_1_463' title='bbox 1404 4740 1537 4811; x_wconf 77' lang='lat' dir='ltr'><strong>Fuk.</strong></span> <span class='ocrx_word' id='word_1_464' title='bbox 1575 4740 1787 4811; x_wconf 76' lang='lat' dir='ltr'><strong>legitur.</strong></span> <span class='ocrx_word' id='word_1_465' title='bbox 1854 4740 1874 4743; x_wconf 58' lang='grc'><strong><em>“</em></strong></span> <span class='ocrx_word' id='word_1_466' title='bbox 1985 4758 2013 4777; x_wconf 71' lang='lat'><strong>~</strong></span> 
     </span>
    </p>
   </div>
   <div class='ocr_carea' id='block_1_68' title="bbox 612 4810 2107 4884">
    <p class='ocr_par' dir='ltr' id='par_1_68' title="bbox 612 4810 2107 4884">
     <span class='ocr_line' id='line_1_68' title="bbox 612 4810 2107 4884; baseline -0.001 -15"><span class='ocrx_word' id='word_1_467' title='bbox 612 4814 687 4884; x_wconf 76' lang='lat'><strong>(5)</strong></span> <span class='ocrx_word' id='word_1_468' title='bbox 724 4812 876 4884; x_wconf 60' lang='lat' dir='ltr'><strong>Vulg.</strong></span> <span class='ocrx_word' id='word_1_469' title='bbox 905 4810 1226 4881; x_wconf 77' lang='grc' dir='ltr'>παρ’ἠμῶν</span> <span class='ocrx_word' id='word_1_470' title='bbox 1251 4810 1537 4884; x_wconf 81' lang='grc' dir='ltr'>δὲοὺδέν.</span> <span class='ocrx_word' id='word_1_471' title='bbox 1574 4810 1645 4864; x_wconf 77' lang='lat' dir='ltr'><strong>Ita</strong></span> <span class='ocrx_word' id='word_1_472' title='bbox 1667 4813 1880 4884; x_wconf 79' lang='lat' dir='ltr'><strong>quidem</strong></span> <span class='ocrx_word' id='word_1_473' title='bbox 1915 4811 2107 4880; x_wconf 82' lang='lat' dir='ltr'><strong>legitur</strong></span> 
     </span>
    </p>
   </div>
   <div class='ocr_carea' id='block_1_69' title="bbox 541 4882 2106 4951">
    <p class='ocr_par' dir='ltr' id='par_1_69' title="bbox 541 4882 2106 4951">
     <span class='ocr_line' id='line_1_69' title="bbox 541 4882 2106 4951; baseline -0.001 -12"><span class='ocrx_word' id='word_1_474' title='bbox 541 4882 682 4951; x_wconf 84' lang='lat' dir='ltr'><strong>apud</strong></span> <span class='ocrx_word' id='word_1_475' title='bbox 713 4882 1121 4944; x_wconf 80' lang='lat' dir='ltr'><strong>&#39;l‘heodoritum,</strong></span> <span class='ocrx_word' id='word_1_476' title='bbox 1153 4899 1221 4937; x_wconf 77' lang='lat' dir='ltr'><strong>ex</strong></span> <span class='ocrx_word' id='word_1_477' title='bbox 1257 4882 1409 4950; x_wconf 87' lang='lat' dir='ltr'><strong>cnjus</strong></span> <span class='ocrx_word' id='word_1_478' title='bbox 1442 4883 1580 4936; x_wconf 89' lang='lat' dir='ltr'><strong>libro</strong></span> <span class='ocrx_word' id='word_1_479' title='bbox 1607 4897 1626 4936; x_wconf 88' lang='grc' dir='ltr'><strong>ι</strong></span> <span class='ocrx_word' id='word_1_480' title='bbox 1673 4885 1759 4935; x_wconf 86' lang='lat' dir='ltr'><strong>hic</strong></span> <span class='ocrx_word' id='word_1_481' title='bbox 1797 4882 1945 4936; x_wconf 87' lang='lat' dir='ltr'><strong>locus</strong></span> <span class='ocrx_word' id='word_1_482' title='bbox 1975 4899 2106 4951; x_wconf 88' lang='lat' dir='ltr'><strong>sup-</strong></span> 
     </span>
    </p>
   </div>
   <div class='ocr_carea' id='block_1_70' title="bbox 542 4952 2104 5025">
    <p class='ocr_par' dir='ltr' id='par_1_70' title="bbox 542 4952 2104 5025">
     <span class='ocr_line' id='line_1_70' title="bbox 542 4952 2104 5025; baseline -0.001 -18"><span class='ocrx_word' id='word_1_483' title='bbox 542 4958 721 5025; x_wconf 89' lang='lat' dir='ltr'><strong>pletus</strong></span> <span class='ocrx_word' id='word_1_484' title='bbox 769 4963 886 5018; x_wconf 84' lang='lat' dir='ltr'><strong>est,</strong></span> <span class='ocrx_word' id='word_1_485' title='bbox 920 4954 1008 5019; x_wconf 88' lang='lat' dir='ltr'><strong>qui</strong></span> <span class='ocrx_word' id='word_1_486' title='bbox 1060 4956 1126 5025; x_wconf 80' lang='lat' dir='ltr'><strong>in</strong></span> <span class='ocrx_word' id='word_1_487' title='bbox 1175 4953 1560 5025; x_wconf 80' lang='lat' dir='ltr'><strong>tnanuscriptis</strong></span> <span class='ocrx_word' id='word_1_488' title='bbox 1610 4952 1890 5025; x_wconf 75' lang='lat' dir='ltr'><strong>codicibus</strong></span> <span class='ocrx_word' id='word_1_489' title='bbox 1936 4963 1991 5025; x_wconf 86' lang='lat' dir='ltr'><strong>et</strong></span> <span class='ocrx_word' id='word_1_490' title='bbox 2045 4958 2104 5025; x_wconf 83' lang='lat' dir='ltr'><strong>in</strong></span> 
     </span>
    </p>
   </div>
   <div class='ocr_carea' id='block_1_71' title="bbox 544 5020 2108 5090">
    <p class='ocr_par' dir='ltr' id='par_1_71' title="bbox 544 5020 2108 5090">
     <span class='ocr_line' id='line_1_71' title="bbox 544 5020 2108 5090; baseline -0.003 -10"><span class='ocrx_word' id='word_1_491' title='bbox 544 5020 782 5080; x_wconf 68' lang='lat' dir='ltr'><strong>editione</strong></span> <span class='ocrx_word' id='word_1_492' title='bbox 815 5023 1071 5090; x_wconf 80' lang='lat' dir='ltr'><strong>Stephani</strong></span> <span class='ocrx_word' id='word_1_493' title='bbox 1114 5024 1333 5076; x_wconf 88' lang='lat' dir='ltr'><strong>mutilus</strong></span> <span class='ocrx_word' id='word_1_494' title='bbox 1378 5022 1675 5089; x_wconf 81' lang='lat' dir='ltr'><strong>legebatur.</strong></span> <span class='ocrx_word' id='word_1_495' title='bbox 1713 5020 1906 5074; x_wconf 74' lang='lat' dir='ltr'><strong>Verum</strong></span> <span class='ocrx_word' id='word_1_496' title='bbox 1940 5024 1993 5075; x_wconf 87' lang='lat' dir='ltr'><strong>in</strong></span> <span class='ocrx_word' id='word_1_497' title='bbox 2043 5023 2108 5075; x_wconf 91' lang='lat' dir='ltr'><strong>li-</strong></span> 
     </span>
    </p>
   </div>
   <div class='ocr_carea' id='block_1_72' title="bbox 544 5092 2104 5163">
    <p class='ocr_par' dir='ltr' id='par_1_72' title="bbox 544 5092 2104 5163">
     <span class='ocr_line' id='line_1_72' title="bbox 544 5092 2104 5163; baseline -0.001 -15"><span class='ocrx_word' id='word_1_498' title='bbox 544 5095 644 5148; x_wconf 89' lang='lat' dir='ltr'><strong>bro</strong></span> <span class='ocrx_word' id='word_1_499' title='bbox 677 5092 855 5146; x_wconf 71' lang='lat' dir='ltr'><strong>Morari</strong></span> <span class='ocrx_word' id='word_1_500' title='bbox 889 5094 1048 5145; x_wconf 85' lang='lat' dir='ltr'><strong>altam</strong></span> <span class='ocrx_word' id='word_1_501' title='bbox 1077 5092 1233 5159; x_wconf 86' lang='lat' dir='ltr'><strong>hujus</strong></span> <span class='ocrx_word' id='word_1_502' title='bbox 1262 5093 1361 5145; x_wconf 86' lang='lat' dir='ltr'><strong>loci</strong></span> <span class='ocrx_word' id='word_1_503' title='bbox 1392 5092 1880 5160; x_wconf 84' lang='lat' dir='ltr'><strong>interpunctionent</strong></span> <span class='ocrx_word' id='word_1_504' title='bbox 1908 5094 2104 5163; x_wconf 85' lang='lat' dir='ltr'><strong>reperi,</strong></span> 
     </span>
    </p>
   </div>
   <div class='ocr_carea' id='block_1_73' title="bbox 542 5163 2105 5234">
    <p class='ocr_par' dir='ltr' id='par_1_73' title="bbox 542 5163 2105 5234">
     <span class='ocr_line' id='line_1_73' title="bbox 542 5163 2105 5234; baseline 0.001 -18"><span class='ocrx_word' id='word_1_505' title='bbox 542 5178 663 5234; x_wconf 74' lang='lat' dir='ltr'><strong>quae</strong></span> <span class='ocrx_word' id='word_1_506' title='bbox 694 5180 811 5217; x_wconf 85' lang='lat' dir='ltr'><strong>tneo</strong></span> <span class='ocrx_word' id='word_1_507' title='bbox 845 5165 1056 5234; x_wconf 73' lang='lat' dir='ltr'><strong>quidem</strong></span> <span class='ocrx_word' id='word_1_508' title='bbox 1109 5163 1320 5234; x_wconf 62' lang='lat' dir='ltr'><strong>judicio</strong></span> <span class='ocrx_word' id='word_1_509' title='bbox 1354 5163 1549 5234; x_wconf 77' lang='lat' dir='ltr'><strong>rectior</strong></span> <span class='ocrx_word' id='word_1_510' title='bbox 1589 5173 1691 5234; x_wconf 80' lang='lat' dir='ltr'><strong>est,</strong></span> <span class='ocrx_word' id='word_1_511' title='bbox 1718 5164 1844 5234; x_wconf 72' lang='lat' dir='ltr'><strong>_lt0c</strong></span> <span class='ocrx_word' id='word_1_512' title='bbox 1901 5167 2056 5234; x_wconf 76' lang='lat' dir='ltr'><strong>modo</strong></span> <span class='ocrx_word' id='word_1_513' title='bbox 2090 5180 2105 5217; x_wconf 90' lang='lat'><strong>:</strong></span> 
     </span>
    </p>
   </div>
   <div class='ocr_carea' id='block_1_74' title="bbox 541 5230 2104 5321">
    <p class='ocr_par' dir='ltr' id='par_1_74' title="bbox 541 5230 2104 5321">
     <span class='ocr_line' id='line_1_74' title="bbox 541 5230 2104 5321; baseline -0.003 -31"><span class='ocrx_word' id='word_1_514' title='bbox 541 5230 764 5290; x_wconf 76' lang='grc' dir='ltr'>ἀπαιτεῖ</span> <span class='ocrx_word' id='word_1_515' title='bbox 783 5232 1023 5321; x_wconf 71' lang='grc' dir='ltr'>μάλιστα</span> <span class='ocrx_word' id='word_1_516' title='bbox 1055 5232 1184 5302; x_wconf 77' lang='grc' dir='ltr'>παρ’</span> <span class='ocrx_word' id='word_1_517' title='bbox 1208 5230 1399 5321; x_wconf 39' lang='grc' dir='ltr'><strong>ήμςὶινζ</strong></span> <span class='ocrx_word' id='word_1_518' title='bbox 1411 5231 1656 5321; x_wconf 29' lang='lat' dir='ltr'><strong>obsessa</strong></span> <span class='ocrx_word' id='word_1_519' title='bbox 1674 5230 1803 5295; x_wconf 81' lang='grc' dir='ltr'>τῶν,</span> <span class='ocrx_word' id='word_1_520' title='bbox 1830 5230 2104 5321; x_wconf 55' lang='grc' dir='ltr'>θιο.¹ἰ“ιιιιι</span> 
     </span>
    </p>
   </div>
   <div class='ocr_carea' id='block_1_75' title="bbox 545 5301 2106 5373">
    <p class='ocr_par' dir='ltr' id='par_1_75' title="bbox 545 5301 2106 5373">
     <span class='ocr_line' id='line_1_75' title="bbox 545 5301 2106 5373; baseline -0.001 -14"><span class='ocrx_word' id='word_1_521' title='bbox 545 5315 656 5361; x_wconf 85' lang='grc' dir='ltr'>ιιιιιι</span> <span class='ocrx_word' id='word_1_522' title='bbox 690 5301 902 5358; x_wconf 71' lang='grc' dir='ltr'>ιιιειιίειιι</span> <span class='ocrx_word' id='word_1_523' title='bbox 937 5305 1109 5373; x_wconf 80' lang='lat' dir='ltr'><strong>legere</strong></span> <span class='ocrx_word' id='word_1_524' title='bbox 1132 5301 1261 5373; x_wconf 81' lang='grc' dir='ltr'>παρ’</span> <span class='ocrx_word' id='word_1_525' title='bbox 1289 5301 1462 5373; x_wconf 78' lang='grc' dir='ltr'>ὐμῷν.</span> <span class='ocrx_word' id='word_1_526' title='bbox 1496 5302 1713 5372; x_wconf 78' lang='lat' dir='ltr'><strong>Vulgata</strong></span> <span class='ocrx_word' id='word_1_527' title='bbox 1749 5314 1922 5356; x_wconf 88' lang='lat' dir='ltr'><strong>tamen</strong></span> <span class='ocrx_word' id='word_1_528' title='bbox 1943 5303 2106 5357; x_wconf 79' lang='lat' dir='ltr'><strong>lectio</strong></span> 
     </span>
    </p>
   </div>
   <div class='ocr_carea' id='block_1_76' title="bbox 546 5370 2109 5443">
    <p class='ocr_par' dir='ltr' id='par_1_76' title="bbox 546 5370 2109 5443">
     <span class='ocr_line' id='line_1_76' title="bbox 546 5370 2109 5443; baseline -0.001 -15"><span class='ocrx_word' id='word_1_529' title='bbox 546 5375 674 5429; x_wconf 85' lang='lat' dir='ltr'><strong>l&#39;erri</strong></span> <span class='ocrx_word' id='word_1_530' title='bbox 725 5381 923 5443; x_wconf 87' lang='lat' dir='ltr'><strong>potest.</strong></span> <span class='ocrx_word' id='word_1_531' title='bbox 961 5370 1016 5425; x_wconf 70' lang='lat' dir='ltr'><strong>bi</strong></span> <span class='ocrx_word' id='word_1_532' title='bbox 1078 5370 1262 5426; x_wconf 77' lang='lat' dir='ltr'><strong>codice</strong></span> <span class='ocrx_word' id='word_1_533' title='bbox 1308 5370 1438 5425; x_wconf 82' lang='lat' dir='ltr'><strong>Fuk.</strong></span> <span class='ocrx_word' id='word_1_534' title='bbox 1483 5370 1702 5439; x_wconf 81' lang='lat' dir='ltr'><strong>perinde</strong></span> <span class='ocrx_word' id='word_1_535' title='bbox 1754 5382 1813 5425; x_wconf 89' lang='lat' dir='ltr'><strong>ut</strong></span> <span class='ocrx_word' id='word_1_536' title='bbox 1852 5376 1918 5443; x_wconf 84' lang='lat' dir='ltr'><strong>in</strong></span> <span class='ocrx_word' id='word_1_537' title='bbox 1983 5373 2109 5443; x_wconf 85' lang='lat' dir='ltr'><strong>libr.</strong></span> 
     </span>
    </p>
   </div>
   <div class='ocr_carea' id='block_1_77' title="bbox 546 5441 2103 5514">
    <p class='ocr_par' dir='ltr' id='par_1_77' title="bbox 546 5441 2103 5514">
     <span class='ocr_line' id='line_1_77' title="bbox 546 5441 2103 5514; baseline -0.002 -17"><span class='ocrx_word' id='word_1_538' title='bbox 546 5441 781 5514; x_wconf 85' lang='lat' dir='ltr'><strong>&#39;l‘urnebt</strong></span> <span class='ocrx_word' id='word_1_539' title='bbox 807 5443 1080 5514; x_wconf 74' lang='lat' dir='ltr'><strong>acMortei</strong></span> <span class='ocrx_word' id='word_1_540' title='bbox 1109 5445 1414 5514; x_wconf 53' lang='lat' dir='ltr'><strong>scribiturt</strong></span> <span class='ocrx_word' id='word_1_541' title='bbox 1456 5444 1687 5514; x_wconf 76' lang='grc' dir='ltr'>ἀπαιτεῖ</span> <span class='ocrx_word' id='word_1_542' title='bbox 1734 5442 1864 5512; x_wconf 82' lang='grc' dir='ltr'>παρ’</span> <span class='ocrx_word' id='word_1_543' title='bbox 1913 5441 2103 5514; x_wconf 77' lang='grc' dir='ltr'>ἡμῶνο</span> 
     </span>
    </p>
   </div>
   <div class='ocr_carea' id='block_1_78' title="bbox 545 5512 2108 5638">
    <p class='ocr_par' dir='ltr' id='par_1_78' title="bbox 545 5512 2108 5638">
     <span class='ocr_line' id='line_1_78' title="bbox 545 5512 2108 5638; baseline 0.001 -72"><span class='ocrx_word' id='word_1_544' title='bbox 545 5515 697 5638; x_wconf 61' lang='grc' dir='ltr'>ἓύἓὲν</span> <span class='ocrx_word' id='word_1_545' title='bbox 726 5512 781 5566; x_wconf 81' lang='grc' dir='ltr'><strong>δε</strong></span> <span class='ocrx_word' id='word_1_546' title='bbox 813 5513 924 5568; x_wconf 83' lang='grc' dir='ltr'>τῶν</span> <span class='ocrx_word' id='word_1_547' title='bbox 946 5516 1024 5577; x_wconf 83' lang='grc' dir='ltr'>εἰς</span> <span class='ocrx_word' id='word_1_548' title='bbox 1044 5516 1140 5584; x_wconf 84' lang='grc' dir='ltr'>τὴν</span> <span class='ocrx_word' id='word_1_549' title='bbox 1174 5512 1311 5584; x_wconf 73' lang='grc' dir='ltr'>ἐμὴν</span> <span class='ocrx_word' id='word_1_550' title='bbox 1341 5512 1626 5569; x_wconf 80' lang='grc' dir='ltr'>εὐλάϐειαν</span> <span class='ocrx_word' id='word_1_551' title='bbox 1678 5512 1963 5586; x_wconf 43' lang='grc' dir='ltr'>ἡκόντων</span> <span class='ocrx_word' id='word_1_552' title='bbox 1981 5514 2108 5584; x_wconf 87' lang='grc' dir='ltr'>ὑμῖν</span> 
     </span>
     <span class='ocr_line' id='line_1_79' title="bbox 576 5600 806 5638; baseline 0.004 -1"><span class='ocrx_word' id='word_1_553' title='bbox 576 5602 604 5637; x_wconf 92' lang='grc' dir='ltr'><strong>ν</strong></span> <span class='ocrx_word' id='word_1_554' title='bbox 666 5600 806 5638; x_wconf 83' lang='grc' dir='ltr'>ησει.</span> 
     </span>
    </p>
   </div>
   <div class='ocr_carea' id='block_1_79' title="bbox 576 5586 806 5638">
    <p class='ocr_par' dir='ltr' id='par_1_79' title="bbox 576 5586 806 5638">
     <span class='ocr_line' id='line_1_80' title="bbox 576 5586 806 5638; baseline 0.004 -1"><span class='ocrx_word' id='word_1_555' title='bbox 576 5586 806 5638; x_wconf 82' lang='grc' dir='ltr'>νδεήσει.</span> 
     </span>
    </p>
   </div>
   <div class='ocr_carea' id='block_1_80' title="bbox 620 5603 2110 5724">
    <p class='ocr_par' dir='ltr' id='par_1_80' title="bbox 620 5603 2110 5724">
     <span class='ocr_line' id='line_1_81' title="bbox 620 5603 2110 5724; baseline 0 -15"><span class='ocrx_word' id='word_1_556' title='bbox 620 5603 1091 5724; x_wconf 46' lang='grc' dir='ltr'>ἱῗξσξόπέστειλα.</span> <span class='ocrx_word' id='word_1_557' title='bbox 1127 5651 1476 5724; x_wconf 65' lang='lat' dir='ltr'><strong>Scribendum</strong></span> <span class='ocrx_word' id='word_1_558' title='bbox 1505 5664 1588 5709; x_wconf 89' lang='lat' dir='ltr'><strong>est</strong></span> <span class='ocrx_word' id='word_1_559' title='bbox 1605 5653 1919 5724; x_wconf 53' lang='grc' dir='ltr'>ἐπέστειλα.</span> <span class='ocrx_word' id='word_1_560' title='bbox 1946 5663 2004 5709; x_wconf 86' lang='grc' dir='ltr'><strong>ιιι</strong></span> <span class='ocrx_word' id='word_1_561' title='bbox 2028 5655 2110 5709; x_wconf 85' lang='lat' dir='ltr'><strong>le-</strong></span> 
     </span>
    </p>
   </div>
   <div class='ocr_carea' id='block_1_81' title="bbox 550 5722 2110 5793">
    <p class='ocr_par' dir='ltr' id='par_1_81' title="bbox 550 5722 2110 5793">
     <span class='ocr_line' id='line_1_82' title="bbox 550 5722 2110 5793; baseline 0.003 -17"><span class='ocrx_word' id='word_1_562' title='bbox 550 5722 695 5788; x_wconf 71' lang='lat' dir='ltr'><strong>gissc</strong></span> <span class='ocrx_word' id='word_1_563' title='bbox 718 5726 931 5779; x_wconf 87' lang='lat' dir='ltr'><strong>videtur</strong></span> <span class='ocrx_word' id='word_1_564' title='bbox 965 5727 1255 5793; x_wconf 84' lang='lat' dir='ltr'><strong>interpres.</strong></span> <span class='ocrx_word' id='word_1_565' title='bbox 1285 5722 1486 5780; x_wconf 87' lang='lat' dir='ltr'><strong>Tamen</strong></span> <span class='ocrx_word' id='word_1_566' title='bbox 1521 5726 1575 5779; x_wconf 91' lang='lat' dir='ltr'><strong>in</strong></span> <span class='ocrx_word' id='word_1_567' title='bbox 1603 5722 1935 5781; x_wconf 85' lang='lat' dir='ltr'><strong>Tlteodorito</strong></span> <span class='ocrx_word' id='word_1_568' title='bbox 1963 5736 2015 5781; x_wconf 82' lang='lat' dir='ltr'><strong>et</strong></span> <span class='ocrx_word' id='word_1_569' title='bbox 2055 5728 2110 5781; x_wconf 89' lang='lat' dir='ltr'><strong>itt</strong></span> 
     </span>
    </p>
   </div>
   <div class='ocr_carea' id='block_1_82' title="bbox 2193 1895 3737 1971">
    <p class='ocr_par' dir='ltr' id='par_1_82' title="bbox 2193 1895 3737 1971">
     <span class='ocr_line' id='line_1_83' title="bbox 2193 1895 3737 1971; baseline 0.004 -24"><span class='ocrx_word' id='word_1_570' title='bbox 2193 1895 2467 1958; x_wconf 85' lang='grc' dir='ltr'>τείναντες</span> <span class='ocrx_word' id='word_1_571' title='bbox 2500 1895 2744 1949; x_wconf 80' lang='grc' dir='ltr'>ἐντεῦθεν</span> <span class='ocrx_word' id='word_1_572' title='bbox 2779 1897 2877 1969; x_wconf 75' lang='grc' dir='ltr'>ἤδη</span> <span class='ocrx_word' id='word_1_573' title='bbox 2906 1898 2972 1951; x_wconf 74' lang='grc' dir='ltr'><strong>τὰ</strong></span> <span class='ocrx_word' id='word_1_574' title='bbox 3008 1900 3105 1969; x_wconf 85' lang='grc' dir='ltr'>τῆς</span> <span class='ocrx_word' id='word_1_575' title='bbox 3138 1898 3469 1971; x_wconf 79' lang='grc' dir='ltr'>προθυμίας,</span> <span class='ocrx_word' id='word_1_576' title='bbox 3504 1903 3612 1963; x_wconf 84' lang='grc' dir='ltr'>τοῖς</span> <span class='ocrx_word' id='word_1_577' title='bbox 3638 1918 3737 1971; x_wconf 81' lang='grc' dir='ltr'>προ-</span> 
     </span>
    </p>
   </div>
   <div class='ocr_carea' id='block_1_83' title="bbox 2197 1986 3735 2063">
    <p class='ocr_par' dir='ltr' id='par_1_83' title="bbox 2197 1986 3735 2063">
     <span class='ocr_line' id='line_1_84' title="bbox 2197 1986 3735 2063; baseline 0.002 -23"><span class='ocrx_word' id='word_1_578' title='bbox 2197 1986 2464 2056; x_wconf 78' lang='grc' dir='ltr'>κειμένοις</span> <span class='ocrx_word' id='word_1_579' title='bbox 2512 1989 2631 2059; x_wconf 85' lang='grc' dir='ltr'>ὅρον</span> <span class='ocrx_word' id='word_1_580' title='bbox 2668 1988 2742 2059; x_wconf 74' lang='grc'><strong>(2)</strong></span> <span class='ocrx_word' id='word_1_581' title='bbox 2772 1989 3036 2044; x_wconf 80' lang='grc' dir='ltr'>ἐπιθεῖναι</span> <span class='ocrx_word' id='word_1_582' title='bbox 3068 1991 3405 2044; x_wconf 76' lang='grc' dir='ltr'>σπουδάσατε</span> <span class='ocrx_word' id='word_1_583' title='bbox 3470 1990 3561 2045; x_wconf 80' lang='grc' dir='ltr'><strong>τὸν</strong></span> <span class='ocrx_word' id='word_1_584' title='bbox 3609 2009 3735 2063; x_wconf 68' lang='grc' dir='ltr'>πρω-</span> 
     </span>
    </p>
   </div>
   <div class='ocr_carea' id='block_1_84' title="bbox 2197 2079 3737 2161">
    <p class='ocr_par' dir='ltr' id='par_1_84' title="bbox 2197 2079 3737 2161">
     <span class='ocr_line' id='line_1_85' title="bbox 2197 2079 3737 2161; baseline 0.004 -30"><span class='ocrx_word' id='word_1_585' title='bbox 2197 2079 2424 2149; x_wconf 88' lang='grc' dir='ltr'>ήκοντα,</span> <span class='ocrx_word' id='word_1_586' title='bbox 2448 2079 2583 2149; x_wconf 79' lang='grc' dir='ltr'>μετὰ</span> <span class='ocrx_word' id='word_1_587' title='bbox 2632 2079 2812 2151; x_wconf 89' lang='grc' dir='ltr'>πάσης</span> <span class='ocrx_word' id='word_1_588' title='bbox 2827 2080 3393 2161; x_wconf 74' lang='grc' dir='ltr'>εἰλικρινείαςδηλαδὴ</span> <span class='ocrx_word' id='word_1_589' title='bbox 3418 2084 3515 2136; x_wconf 81' lang='grc' dir='ltr'><strong>καὶ</strong></span> <span class='ocrx_word' id='word_1_590' title='bbox 3545 2083 3737 2145; x_wconf 83' lang='grc' dir='ltr'>πίστεω;</span> 
     </span>
    </p>
   </div>
   <div class='ocr_carea' id='block_1_85' title="bbox 2200 2169 3737 2244">
    <p class='ocr_par' dir='ltr' id='par_1_85' title="bbox 2200 2169 3737 2244">
     <span class='ocr_line' id='line_1_86' title="bbox 2200 2169 3737 2244; baseline 0.001 -21"><span class='ocrx_word' id='word_1_591' title='bbox 2200 2169 2561 2234; x_wconf 84' lang='grc' dir='ltr'>συνελθόντες,</span> <span class='ocrx_word' id='word_1_592' title='bbox 2597 2171 2664 2242; x_wconf 87' lang='grc' dir='ltr'>ἢν</span> <span class='ocrx_word' id='word_1_593' title='bbox 2690 2172 2995 2242; x_wconf 78' lang='grc' dir='ltr'>ἑκασταχοῦ</span> <span class='ocrx_word' id='word_1_594' title='bbox 3042 2175 3322 2244; x_wconf 80' lang='grc' dir='ltr'>μονονουχὶ</span> <span class='ocrx_word' id='word_1_595' title='bbox 3369 2173 3556 2244; x_wconf 82' lang='grc' dir='ltr'>φωνὴν</span> <span class='ocrx_word' id='word_1_596' title='bbox 3596 2174 3737 2241; x_wconf 51' lang='lat' dir='ltr'><strong>estsi;</strong></span> 
     </span>
    </p>
   </div>
   <div class='ocr_carea' id='block_1_86' title="bbox 2197 2255 3736 2334">
    <p class='ocr_par' dir='ltr' id='par_1_86' title="bbox 2197 2255 3736 2334">
     <span class='ocr_line' id='line_1_87' title="bbox 2197 2255 3736 2334; baseline 0.004 -23"><span class='ocrx_word' id='word_1_597' title='bbox 2197 2259 2225 2310; x_wconf 86' lang='grc' dir='ltr'>ὁ</span> <span class='ocrx_word' id='word_1_598' title='bbox 2250 2260 2441 2332; x_wconf 78' lang='grc' dir='ltr'>Σωτὴρ</span> <span class='ocrx_word' id='word_1_599' title='bbox 2467 2261 2671 2325; x_wconf 78' lang='grc' dir='ltr'>ἐκεῖνος</span> <span class='ocrx_word' id='word_1_600' title='bbox 2694 2255 2737 2329; x_wconf 86' lang='grc' dir='ltr'>ᾧ</span> <span class='ocrx_word' id='word_1_601' title='bbox 2759 2262 3113 2334; x_wconf 81' lang='grc' dir='ltr'>λατρεὺομεν,</span> <span class='ocrx_word' id='word_1_602' title='bbox 3138 2265 3359 2317; x_wconf 86' lang='grc' dir='ltr'>ἀπαιτεῖ</span> <span class='ocrx_word' id='word_1_603' title='bbox 3385 2263 3620 2334; x_wconf 78' lang='grc' dir='ltr'>μάλιστα</span> <span class='ocrx_word' id='word_1_604' title='bbox 3643 2266 3736 2333; x_wconf 69' lang='grc' dir='ltr'>παρ’</span> 
     </span>
    </p>
   </div>
   <div class='ocr_carea' id='block_1_87' title="bbox 2199 2351 3736 2427">
    <p class='ocr_par' dir='ltr' id='par_1_87' title="bbox 2199 2351 3736 2427">
     <span class='ocr_line' id='line_1_88' title="bbox 2199 2351 3736 2427; baseline 0.001 -24"><span class='ocrx_word' id='word_1_605' title='bbox 2199 2351 2372 2423; x_wconf 80' lang='grc' dir='ltr'>ἡμῶν.</span> <span class='ocrx_word' id='word_1_606' title='bbox 2432 2352 2593 2405; x_wconf 82' lang='grc' dir='ltr'>Οὐδὲν</span> <span class='ocrx_word' id='word_1_607' title='bbox 2628 2354 2703 2422; x_wconf 75' lang='grc' dir='ltr'><strong>(ὅ)</strong></span> <span class='ocrx_word' id='word_1_608' title='bbox 2756 2353 2814 2406; x_wconf 84' lang='grc' dir='ltr'>δὲ</span> <span class='ocrx_word' id='word_1_609' title='bbox 2867 2353 2976 2407; x_wconf 76' lang='grc' dir='ltr'><strong>τῶν</strong></span> <span class='ocrx_word' id='word_1_610' title='bbox 3028 2357 3108 2418; x_wconf 84' lang='grc' dir='ltr'><strong>είς</strong></span> <span class='ocrx_word' id='word_1_611' title='bbox 3159 2356 3258 2427; x_wconf 80' lang='grc' dir='ltr'>τὴν</span> <span class='ocrx_word' id='word_1_612' title='bbox 3308 2356 3446 2427; x_wconf 75' lang='grc' dir='ltr'>ἐμὴν</span> <span class='ocrx_word' id='word_1_613' title='bbox 3491 2355 3736 2409; x_wconf 76' lang='grc' dir='ltr'>εὐλάϐειαι</span> 
     </span>
    </p>
   </div>
   <div class='ocr_carea' id='block_1_88' title="bbox 2200 2442 3777 2519">
    <p class='ocr_par' dir='ltr' id='par_1_88' title="bbox 2200 2442 3777 2519">
     <span class='ocr_line' id='line_1_89' title="bbox 2200 2442 3777 2519; baseline 0.004 -25"><span class='ocrx_word' id='word_1_614' title='bbox 2200 2442 2460 2512; x_wconf 82' lang='grc' dir='ltr'>ἡκόντων,</span> <span class='ocrx_word' id='word_1_615' title='bbox 2493 2444 2619 2513; x_wconf 87' lang='grc' dir='ltr'>ὑμῖν</span> <span class='ocrx_word' id='word_1_616' title='bbox 2663 2445 2922 2514; x_wconf 78' lang='grc' dir='ltr'>ἐνδεήσει.</span> <span class='ocrx_word' id='word_1_617' title='bbox 2972 2445 3153 2499; x_wconf 86' lang='grc' dir='ltr'>Πάντα</span> <span class='ocrx_word' id='word_1_618' title='bbox 3182 2464 3273 2517; x_wconf 92' lang='grc' dir='ltr'><strong>μοι</strong></span> <span class='ocrx_word' id='word_1_619' title='bbox 3305 2446 3637 2519; x_wconf 81' lang='grc' dir='ltr'>πέπρακται,</span> <span class='ocrx_word' id='word_1_620' title='bbox 3665 2447 3737 2500; x_wconf 69' lang='grc' dir='ltr'>ὃσα</span> <span class='ocrx_word' id='word_1_621' title='bbox 3771 2505 3777 2512; x_wconf 55' lang='grc'><em>,</em></span> 
     </span>
    </p>
   </div>
   <div class='ocr_carea' id='block_1_89' title="bbox 2201 2535 3737 2610">
    <p class='ocr_par' dir='ltr' id='par_1_89' title="bbox 2201 2535 3737 2610">
     <span class='ocr_line' id='line_1_90' title="bbox 2201 2535 3737 2610; baseline 0.003 -24"><span class='ocrx_word' id='word_1_622' title='bbox 2201 2535 2501 2606; x_wconf 79' lang='grc' dir='ltr'>γράφοντες</span> <span class='ocrx_word' id='word_1_623' title='bbox 2546 2535 2881 2607; x_wconf 70' lang='grc' dir='ltr'><strong>ἐιδηλώσατε⁸</strong></span> <span class='ocrx_word' id='word_1_624' title='bbox 2930 2538 3220 2591; x_wconf 80' lang='grc' dir='ltr'>ἀπέστειλα</span> <span class='ocrx_word' id='word_1_625' title='bbox 3270 2538 3403 2610; x_wconf 84' lang='grc' dir='ltr'>πρὸς</span> <span class='ocrx_word' id='word_1_626' title='bbox 3435 2537 3532 2603; x_wconf 79' lang='grc' dir='ltr'><strong>οὓς</strong></span> <span class='ocrx_word' id='word_1_627' title='bbox 3558 2538 3737 2607; x_wconf 60' lang='grc' dir='ltr'>ἐδουλῄ</span> 
     </span>
    </p>
   </div>
   <div class='ocr_carea' id='block_1_90' title="bbox 2203 2623 3738 2699">
    <p class='ocr_par' dir='ltr' id='par_1_90' title="bbox 2203 2623 3738 2699">
     <span class='ocr_line' id='line_1_91' title="bbox 2203 2623 3738 2699; baseline 0.003 -23"><span class='ocrx_word' id='word_1_628' title='bbox 2203 2623 2328 2695; x_wconf 85' lang='grc' dir='ltr'>θητε</span> <span class='ocrx_word' id='word_1_629' title='bbox 2356 2624 2462 2677; x_wconf 83' lang='grc' dir='ltr'><strong>τῶν</strong></span> <span class='ocrx_word' id='word_1_630' title='bbox 2485 2626 2816 2689; x_wconf 74' lang='grc' dir='ltr'>ἐπισκόπων,</span> <span class='ocrx_word' id='word_1_631' title='bbox 2844 2626 2932 2680; x_wconf 81' lang='grc' dir='ltr'><strong>ἵνα</strong></span> <span class='ocrx_word' id='word_1_632' title='bbox 2954 2627 3407 2699; x_wconf 83' lang='grc' dir='ltr'>παραγενόμενοι,</span> <span class='ocrx_word' id='word_1_633' title='bbox 3438 2629 3738 2699; x_wconf 76' lang='grc' dir='ltr'>κοινωνήσω-</span> 
     </span>
    </p>
   </div>
   <div class='ocr_carea' id='block_1_91' title="bbox 2205 2716 3739 2788">
    <p class='ocr_par' dir='ltr' id='par_1_91' title="bbox 2205 2716 3739 2788">
     <span class='ocr_line' id='line_1_92' title="bbox 2205 2716 3739 2788; baseline -0.001 -19"><span class='ocrx_word' id='word_1_634' title='bbox 2205 2734 2288 2771; x_wconf 90' lang='grc' dir='ltr'><strong>σιν</strong></span> <span class='ocrx_word' id='word_1_635' title='bbox 2322 2718 2448 2788; x_wconf 85' lang='grc' dir='ltr'>ὑμῖν</span> <span class='ocrx_word' id='word_1_636' title='bbox 2473 2716 2579 2771; x_wconf 80' lang='grc' dir='ltr'><strong>τῶν</strong></span> <span class='ocrx_word' id='word_1_637' title='bbox 2608 2717 3045 2788; x_wconf 80' lang='grc' dir='ltr'>φροντισμάτων·</span> <span class='ocrx_word' id='word_1_638' title='bbox 3077 2717 3373 2771; x_wconf 86' lang='grc' dir='ltr'>ἀπέστειλα</span> <span class='ocrx_word' id='word_1_639' title='bbox 3396 2717 3474 2788; x_wconf 70' lang='grc'><strong>(4)</strong></span> <span class='ocrx_word' id='word_1_640' title='bbox 3504 2716 3739 2771; x_wconf 70' lang='grc' dir='ltr'>Διονύσιοι</span> 
     </span>
    </p>
   </div>
   <div class='ocr_carea' id='block_1_92' title="bbox 2201 2809 3739 2880">
    <p class='ocr_par' dir='ltr' id='par_1_92' title="bbox 2201 2809 3739 2880">
     <span class='ocr_line' id='line_1_93' title="bbox 2201 2809 3739 2880; baseline 0 -18"><span class='ocrx_word' id='word_1_641' title='bbox 2201 2809 2292 2862; x_wconf 78' lang='grc' dir='ltr'><strong>τὸν</strong></span> <span class='ocrx_word' id='word_1_642' title='bbox 2314 2809 2420 2862; x_wconf 86' lang='grc' dir='ltr'><strong>ἀπὸ</strong></span> <span class='ocrx_word' id='word_1_643' title='bbox 2452 2809 2729 2862; x_wconf 82' lang='grc' dir='ltr'>ὑπατικῶν</span> <span class='ocrx_word' id='word_1_644' title='bbox 2752 2809 2851 2879; x_wconf 79' lang='lat'><strong>(5),</strong></span> <span class='ocrx_word' id='word_1_645' title='bbox 2874 2809 2932 2873; x_wconf 83' lang='grc' dir='ltr'>ὃς</span> <span class='ocrx_word' id='word_1_646' title='bbox 2962 2812 3055 2864; x_wconf 71' lang='grc' dir='ltr'><strong>καὶ</strong></span> <span class='ocrx_word' id='word_1_647' title='bbox 3076 2810 3202 2873; x_wconf 75' lang='grc' dir='ltr'>τοὺς</span> <span class='ocrx_word' id='word_1_648' title='bbox 3230 2810 3546 2880; x_wconf 81' lang='grc' dir='ltr'>ὀφείλοντας</span> <span class='ocrx_word' id='word_1_649' title='bbox 3570 2812 3642 2872; x_wconf 83' lang='grc' dir='ltr'>εἱς</span> <span class='ocrx_word' id='word_1_650' title='bbox 3663 2810 3739 2879; x_wconf 72' lang='grc' dir='ltr'><strong>τὴν</strong></span> 
     </span>
    </p>
   </div>
   <div class='ocr_carea' id='block_1_93' title="bbox 2206 2900 3739 2973">
    <p class='ocr_par' dir='ltr' id='par_1_93' title="bbox 2206 2900 3739 2973">
     <span class='ocr_line' id='line_1_94' title="bbox 2206 2900 3739 2973; baseline -0.001 -17"><span class='ocrx_word' id='word_1_651' title='bbox 2206 2901 2419 2956; x_wconf 84' lang='grc' dir='ltr'>σύνοδον</span> <span class='ocrx_word' id='word_1_652' title='bbox 2470 2901 2759 2969; x_wconf 78' lang='grc' dir='ltr'>ἀφικέσθαι</span> <span class='ocrx_word' id='word_1_653' title='bbox 2812 2900 2930 2972; x_wconf 86' lang='grc' dir='ltr'>μεθ’</span> <span class='ocrx_word' id='word_1_654' title='bbox 2979 2902 3129 2972; x_wconf 83' lang='grc' dir='ltr'>ὑμῶν</span> <span class='ocrx_word' id='word_1_655' title='bbox 3167 2903 3493 2973; x_wconf 81' lang='grc' dir='ltr'>ὑπομνήσει,</span> <span class='ocrx_word' id='word_1_656' title='bbox 3527 2902 3616 2955; x_wconf 77' lang='grc' dir='ltr'>καὶ</span> <span class='ocrx_word' id='word_1_657' title='bbox 3656 2902 3739 2954; x_wconf 71' lang='grc' dir='ltr'><strong>τῶν</strong></span> 
     </span>
    </p>
   </div>
   <div class='ocr_carea' id='block_1_94' title="bbox 2204 2992 3740 3067">
    <p class='ocr_par' dir='ltr' id='par_1_94' title="bbox 2204 2992 3740 3067">
     <span class='ocr_line' id='line_1_95' title="bbox 2204 2992 3740 3067; baseline 0.001 -22"><span class='ocrx_word' id='word_1_658' title='bbox 2204 2994 2607 3064; x_wconf 81' lang='grc' dir='ltr'>πραττομένων,</span> <span class='ocrx_word' id='word_1_659' title='bbox 2658 2992 2946 3065; x_wconf 78' lang='grc' dir='ltr'>ἐξαιρέτως</span> <span class='ocrx_word' id='word_1_660' title='bbox 2985 2994 3041 3047; x_wconf 78' lang='grc' dir='ltr'>δὲ</span> <span class='ocrx_word' id='word_1_661' title='bbox 3078 2994 3151 3067; x_wconf 87' lang='grc'><strong>(6)</strong></span> <span class='ocrx_word' id='word_1_662' title='bbox 3188 2995 3287 3065; x_wconf 81' lang='grc' dir='ltr'>τῆς</span> <span class='ocrx_word' id='word_1_663' title='bbox 3316 2994 3569 3060; x_wconf 79' lang='grc' dir='ltr'>εὐταξίας</span> <span class='ocrx_word' id='word_1_664' title='bbox 3607 2994 3740 3047; x_wconf 79' lang='grc' dir='ltr'>κατά-</span> 
     </span>
    </p>
   </div>
   <div class='ocr_carea' id='block_1_95' title="bbox 2210 3086 3739 3157">
    <p class='ocr_par' dir='ltr' id='par_1_95' title="bbox 2210 3086 3739 3157">
     <span class='ocr_line' id='line_1_96' title="bbox 2210 3086 3739 3157; baseline 0.001 -20"><span class='ocrx_word' id='word_1_665' title='bbox 2210 3102 2405 3148; x_wconf 83' lang='grc' dir='ltr'>σκοπος</span> <span class='ocrx_word' id='word_1_666' title='bbox 2440 3087 2719 3156; x_wconf 86' lang='grc' dir='ltr'>παρέσται.</span> <span class='ocrx_word' id='word_1_667' title='bbox 2781 3086 2906 3139; x_wconf 75' lang='grc' dir='ltr'>Ἐὰν</span> <span class='ocrx_word' id='word_1_668' title='bbox 2928 3086 3035 3157; x_wconf 87' lang='grc' dir='ltr'><strong>γάρ</strong></span> <span class='ocrx_word' id='word_1_669' title='bbox 3066 3103 3171 3151; x_wconf 79' lang='grc' dir='ltr'>τις,</span> <span class='ocrx_word' id='word_1_670' title='bbox 3212 3087 3287 3150; x_wconf 88' lang='grc' dir='ltr'>ὡς</span> <span class='ocrx_word' id='word_1_671' title='bbox 3312 3086 3424 3155; x_wconf 79' lang='grc' dir='ltr'><strong>ἐγὼ</strong></span> <span class='ocrx_word' id='word_1_672' title='bbox 3450 3088 3550 3139; x_wconf 90' lang='grc' dir='ltr'><strong>οὐκ</strong></span> <span class='ocrx_word' id='word_1_673' title='bbox 3574 3088 3739 3157; x_wconf 76' lang='grc' dir='ltr'>οἴομαι,</span> 
     </span>
    </p>
   </div>
   <div class='ocr_carea' id='block_1_96' title="bbox 2207 3176 3729 3250">
    <p class='ocr_par' dir='ltr' id='par_1_96' title="bbox 2207 3176 3729 3250">
     <span class='ocr_line' id='line_1_97' title="bbox 2207 3176 3729 3250; baseline 0 -21"><span class='ocrx_word' id='word_1_674' title='bbox 2207 3176 2303 3248; x_wconf 82' lang='grc' dir='ltr'><strong>τὴν</strong></span> <span class='ocrx_word' id='word_1_675' title='bbox 2349 3178 2619 3249; x_wconf 73' lang='grc' dir='ltr'>ἡμετέραν</span> <span class='ocrx_word' id='word_1_676' title='bbox 2670 3178 2915 3232; x_wconf 84' lang='grc' dir='ltr'>κέλευσιν</span> <span class='ocrx_word' id='word_1_677' title='bbox 2950 3178 3044 3232; x_wconf 72' lang='grc' dir='ltr'>καὶ</span> <span class='ocrx_word' id='word_1_678' title='bbox 3077 3177 3171 3230; x_wconf 87' lang='grc' dir='ltr'><strong>νῦν</strong></span> <span class='ocrx_word' id='word_1_679' title='bbox 3201 3177 3621 3250; x_wconf 74' lang='grc' dir='ltr'>διακρούσασθαι</span> <span class='ocrx_word' id='word_1_680' title='bbox 3650 3195 3729 3230; x_wconf 63' lang='grc' dir='ltr'><strong>πί·</strong></span> 
     </span>
    </p>
   </div>
   <div class='ocr_carea' id='block_1_97' title="bbox 2208 3269 3739 3342">
    <p class='ocr_par' dir='ltr' id='par_1_97' title="bbox 2208 3269 3739 3342">
     <span class='ocr_line' id='line_1_98' title="bbox 2208 3269 3739 3342; baseline 0.001 -19"><span class='ocrx_word' id='word_1_681' title='bbox 2208 3269 2466 3341; x_wconf 82' lang='grc' dir='ltr'>ρώμενος,</span> <span class='ocrx_word' id='word_1_682' title='bbox 2501 3270 2573 3341; x_wconf 84' lang='grc' dir='ltr'>μὴ</span> <span class='ocrx_word' id='word_1_683' title='bbox 2625 3271 2853 3342; x_wconf 81' lang='grc' dir='ltr'>βουληθῇ</span> <span class='ocrx_word' id='word_1_684' title='bbox 2886 3271 3306 3342; x_wconf 77' lang='grc' dir='ltr'>παραγενέσθαι,</span> <span class='ocrx_word' id='word_1_685' title='bbox 3355 3272 3599 3326; x_wconf 81' lang='grc' dir='ltr'>ἐντεῦθεν</span> <span class='ocrx_word' id='word_1_686' title='bbox 3636 3272 3739 3341; x_wconf 82' lang='grc' dir='ltr'>παρ’</span> 
     </span>
    </p>
   </div>
   <div class='ocr_carea' id='block_1_98' title="bbox 2202 3362 3740 3436">
    <p class='ocr_par' dir='ltr' id='par_1_98' title="bbox 2202 3362 3740 3436">
     <span class='ocr_line' id='line_1_99' title="bbox 2202 3362 3740 3436; baseline 0.001 -20"><span class='ocrx_word' id='word_1_687' title='bbox 2202 3362 2359 3433; x_wconf 79' lang='grc' dir='ltr'>ἡμῶν</span> <span class='ocrx_word' id='word_1_688' title='bbox 2391 3363 2847 3432; x_wconf 86' lang='grc' dir='ltr'>ἀποσταλήσεται,</span> <span class='ocrx_word' id='word_1_689' title='bbox 2873 3363 2932 3427; x_wconf 82' lang='grc' dir='ltr'>ὃς</span> <span class='ocrx_word' id='word_1_690' title='bbox 2957 3367 3020 3418; x_wconf 80' lang='grc' dir='ltr'><strong>ὲκ</strong></span> <span class='ocrx_word' id='word_1_691' title='bbox 3048 3363 3322 3435; x_wconf 79' lang='grc' dir='ltr'>βασιλικοῦ</span> <span class='ocrx_word' id='word_1_692' title='bbox 3356 3366 3740 3436; x_wconf 75' lang='grc' dir='ltr'>προστάγματος</span> 
     </span>
    </p>
   </div>
   <div class='ocr_carea' id='block_1_99' title="bbox 2204 3453 3741 3528">
    <p class='ocr_par' dir='ltr' id='par_1_99' title="bbox 2204 3453 3741 3528">
     <span class='ocr_line' id='line_1_100' title="bbox 2204 3453 3741 3528; baseline 0.001 -22"><span class='ocrx_word' id='word_1_693' title='bbox 2204 3454 2363 3506; x_wconf 82' lang='grc' dir='ltr'>αὐτὸν</span> <span class='ocrx_word' id='word_1_694' title='bbox 2392 3453 2655 3517; x_wconf 76' lang='grc' dir='ltr'>ἐκϐαλὼν,</span> <span class='ocrx_word' id='word_1_695' title='bbox 2685 3453 2759 3518; x_wconf 85' lang='grc' dir='ltr'>ὡς</span> <span class='ocrx_word' id='word_1_696' title='bbox 2787 3456 2847 3507; x_wconf 90' lang='grc' dir='ltr'><strong>οὐ</strong></span> <span class='ocrx_word' id='word_1_697' title='bbox 2878 3456 3149 3526; x_wconf 80' lang='grc' dir='ltr'>προσῆκεν</span> <span class='ocrx_word' id='word_1_698' title='bbox 3178 3456 3322 3527; x_wconf 81' lang='grc' dir='ltr'>ὅροις</span> <span class='ocrx_word' id='word_1_699' title='bbox 3354 3458 3741 3528; x_wconf 72' lang='grc' dir='ltr'>αὐτοκράτορος,</span> 
     </span>
    </p>
   </div>
   <div class='ocr_carea' id='block_1_100' title="bbox 2206 3542 3741 3614">
    <p class='ocr_par' dir='ltr' id='par_1_100' title="bbox 2206 3542 3741 3614">
     <span class='ocr_line' id='line_1_101' title="bbox 2206 3542 3741 3614; baseline 0.003 -20"><span class='ocrx_word' id='word_1_700' title='bbox 2206 3542 2344 3613; x_wconf 85' lang='grc' dir='ltr'>ὑπὲρ</span> <span class='ocrx_word' id='word_1_701' title='bbox 2372 3544 2469 3614; x_wconf 85' lang='grc' dir='ltr'>τῆς</span> <span class='ocrx_word' id='word_1_702' title='bbox 2510 3543 2762 3613; x_wconf 79' lang='grc' dir='ltr'>ἀληθείας</span> <span class='ocrx_word' id='word_1_703' title='bbox 2796 3543 3170 3614; x_wconf 72' lang='grc' dir='ltr'>ἐξενεχθεῖσιν,</span> <span class='ocrx_word' id='word_1_704' title='bbox 3210 3546 3526 3598; x_wconf 79' lang='grc' dir='ltr'>ἀντιτείνειν</span> <span class='ocrx_word' id='word_1_705' title='bbox 3556 3546 3741 3612; x_wconf 71' lang='grc' dir='ltr'>διδάξει.</span> 
     </span>
    </p>
   </div>
   <div class='ocr_carea' id='block_1_101' title="bbox 2203 3636 3743 3709">
    <p class='ocr_par' dir='ltr' id='par_1_101' title="bbox 2203 3636 3743 3709">
     <span class='ocr_line' id='line_1_102' title="bbox 2203 3636 3743 3709; baseline 0 -18"><span class='ocrx_word' id='word_1_706' title='bbox 2203 3637 2400 3691; x_wconf 84' lang='grc' dir='ltr'>Λοιπὸν</span> <span class='ocrx_word' id='word_1_707' title='bbox 2431 3637 2582 3690; x_wconf 80' lang='grc' dir='ltr'>ἔσται</span> <span class='ocrx_word' id='word_1_708' title='bbox 2615 3637 2714 3706; x_wconf 84' lang='grc' dir='ltr'>τῆς</span> <span class='ocrx_word' id='word_1_709' title='bbox 2754 3636 2907 3704; x_wconf 86' lang='grc' dir='ltr'>ὐμῶν</span> <span class='ocrx_word' id='word_1_710' title='bbox 2938 3636 3213 3707; x_wconf 85' lang='grc' dir='ltr'>ὁσιότητος</span> <span class='ocrx_word' id='word_1_711' title='bbox 3246 3637 3427 3709; x_wconf 79' lang='grc' dir='ltr'>ἔργον,</span> <span class='ocrx_word' id='word_1_712' title='bbox 3473 3640 3606 3709; x_wconf 74' lang='grc' dir='ltr'>μήτε</span> <span class='ocrx_word' id='word_1_713' title='bbox 3636 3640 3743 3707; x_wconf 65' lang='grc' dir='ltr'>πρὸς</span> 
     </span>
    </p>
   </div>
   <div class='ocr_carea' id='block_1_102' title="bbox 2202 3727 3732 3801">
    <p class='ocr_par' dir='ltr' id='par_1_102' title="bbox 2202 3727 3732 3801">
     <span class='ocr_line' id='line_1_103' title="bbox 2202 3727 3732 3801; baseline -0.001 -18"><span class='ocrx_word' id='word_1_714' title='bbox 2202 3729 2515 3800; x_wconf 84' lang='grc' dir='ltr'>ἀπέχθειαν,</span> <span class='ocrx_word' id='word_1_715' title='bbox 2548 3731 2684 3801; x_wconf 85' lang='grc' dir='ltr'>μήτε</span> <span class='ocrx_word' id='word_1_716' title='bbox 2704 3727 2840 3799; x_wconf 80' lang='grc' dir='ltr'>πρὸς</span> <span class='ocrx_word' id='word_1_717' title='bbox 2864 3728 3040 3801; x_wconf 86' lang='grc' dir='ltr'>χάριν,</span> <span class='ocrx_word' id='word_1_718' title='bbox 3074 3729 3379 3794; x_wconf 77' lang='grc' dir='ltr'>ἀκολούθως</span> <span class='ocrx_word' id='word_1_719' title='bbox 3409 3731 3468 3783; x_wconf 80' lang='grc' dir='ltr'>δὲ</span> <span class='ocrx_word' id='word_1_720' title='bbox 3490 3730 3567 3801; x_wconf 84' lang='grc' dir='ltr'>τῷ</span> <span class='ocrx_word' id='word_1_721' title='bbox 3587 3732 3732 3801; x_wconf 74' lang='grc' dir='ltr'>ἐκκλη</span> 
     </span>
    </p>
   </div>
   <div class='ocr_carea' id='block_1_103' title="bbox 2207 3819 3739 3893">
    <p class='ocr_par' dir='ltr' id='par_1_103' title="bbox 2207 3819 3739 3893">
     <span class='ocr_line' id='line_1_104' title="bbox 2207 3819 3739 3893; baseline -0.001 -19"><span class='ocrx_word' id='word_1_722' title='bbox 2207 3822 2466 3893; x_wconf 81' lang='grc' dir='ltr'>σιαστικῷ</span> <span class='ocrx_word' id='word_1_723' title='bbox 2500 3823 2593 3874; x_wconf 62' lang='grc' dir='ltr'><strong>καί¹</strong></span> <span class='ocrx_word' id='word_1_724' title='bbox 2620 3819 2958 3890; x_wconf 83' lang='grc' dir='ltr'>ἀποστολικῴ</span> <span class='ocrx_word' id='word_1_725' title='bbox 2992 3821 3195 3884; x_wconf 82' lang='grc' dir='ltr'>κανόνι,</span> <span class='ocrx_word' id='word_1_726' title='bbox 3226 3823 3340 3884; x_wconf 87' lang='grc' dir='ltr'>τοῖς</span> <span class='ocrx_word' id='word_1_727' title='bbox 3370 3820 3739 3893; x_wconf 79' lang='grc' dir='ltr'>πλημμεληθεῖ-</span> 
     </span>
    </p>
   </div>
   <div class='ocr_carea' id='block_1_104' title="bbox 2208 3913 3738 3986">
    <p class='ocr_par' dir='ltr' id='par_1_104' title="bbox 2208 3913 3738 3986">
     <span class='ocr_line' id='line_1_105' title="bbox 2208 3913 3738 3986; baseline 0 -19"><span class='ocrx_word' id='word_1_728' title='bbox 2208 3932 2288 3969; x_wconf 88' lang='grc' dir='ltr'><strong>σιν</strong></span> <span class='ocrx_word' id='word_1_729' title='bbox 2315 3916 2489 3969; x_wconf 82' lang='grc' dir='ltr'>εἴτουν</span> <span class='ocrx_word' id='word_1_730' title='bbox 2514 3914 2655 3968; x_wconf 78' lang='grc' dir='ltr'>κατὰ</span> <span class='ocrx_word' id='word_1_731' title='bbox 2686 3913 2908 3984; x_wconf 81' lang='grc' dir='ltr'>σφάλμα</span> <span class='ocrx_word' id='word_1_732' title='bbox 2937 3914 3328 3986; x_wconf 75' lang='grc' dir='ltr'>συμϐεϐηκόσι,</span> <span class='ocrx_word' id='word_1_733' title='bbox 3353 3914 3453 3986; x_wconf 77' lang='grc' dir='ltr'>τὴν</span> <span class='ocrx_word' id='word_1_734' title='bbox 3482 3916 3738 3985; x_wconf 80' lang='grc' dir='ltr'>ἁρμόττου-</span> 
     </span>
    </p>
   </div>
   <div class='ocr_carea' id='block_1_105' title="bbox 2208 4006 3743 4079">
    <p class='ocr_par' dir='ltr' id='par_1_105' title="bbox 2208 4006 3743 4079">
     <span class='ocr_line' id='line_1_106' title="bbox 2208 4006 3743 4079; baseline 0 -20"><span class='ocrx_word' id='word_1_735' title='bbox 2208 4024 2304 4059; x_wconf 91' lang='grc' dir='ltr'><strong>σαν</strong></span> <span class='ocrx_word' id='word_1_736' title='bbox 2330 4006 2622 4077; x_wconf 85' lang='grc' dir='ltr'>θεραπείαν</span> <span class='ocrx_word' id='word_1_737' title='bbox 2650 4008 3072 4077; x_wconf 60' lang='grc' dir='ltr'>ὲπινοῆσαΜνα</span> <span class='ocrx_word' id='word_1_738' title='bbox 3105 4008 3196 4061; x_wconf 76' lang='grc' dir='ltr'>καὶ</span> <span class='ocrx_word' id='word_1_739' title='bbox 3230 4008 3410 4079; x_wconf 82' lang='grc' dir='ltr'>πάσης</span> <span class='ocrx_word' id='word_1_740' title='bbox 3434 4006 3743 4078; x_wconf 69' lang='grc' dir='ltr'>βλασφημίας</span> 
     </span>
    </p>
   </div>
   <div class='ocr_carea' id='block_1_106' title="bbox 2206 4096 3743 4169">
    <p class='ocr_par' dir='ltr' id='par_1_106' title="bbox 2206 4096 3743 4169">
     <span class='ocr_line' id='line_1_107' title="bbox 2206 4096 3743 4169; baseline -0.001 -19"><span class='ocrx_word' id='word_1_741' title='bbox 2206 4096 2603 4169; x_wconf 75' lang='grc' dir='ltr'>ἐλευθερώσητε</span> <span class='ocrx_word' id='word_1_742' title='bbox 2630 4096 2726 4169; x_wconf 83' lang='grc' dir='ltr'>τὴν</span> <span class='ocrx_word' id='word_1_743' title='bbox 2767 4098 3105 4169; x_wconf 85' lang='grc' dir='ltr'>Ἐκκλησίαν,</span> <span class='ocrx_word' id='word_1_744' title='bbox 3143 4099 3237 4152; x_wconf 74' lang='grc' dir='ltr'><strong>καὶ</strong></span> <span class='ocrx_word' id='word_1_745' title='bbox 3265 4098 3359 4162; x_wconf 82' lang='grc' dir='ltr'><strong>τάς</strong></span> <span class='ocrx_word' id='word_1_746' title='bbox 3392 4097 3531 4167; x_wconf 71' lang='grc' dir='ltr'>ἐμὰς</span> <span class='ocrx_word' id='word_1_747' title='bbox 3560 4100 3743 4151; x_wconf 78' lang='grc' dir='ltr'>ἐπικου-</span> 
     </span>
    </p>
   </div>
   <div class='ocr_carea' id='block_1_107' title="bbox 2205 4186 3744 4261">
    <p class='ocr_par' dir='ltr' id='par_1_107' title="bbox 2205 4186 3744 4261">
     <span class='ocr_line' id='line_1_108' title="bbox 2205 4186 3744 4261; baseline 0 -21"><span class='ocrx_word' id='word_1_748' title='bbox 2205 4188 2398 4259; x_wconf 82' lang='grc' dir='ltr'>φίσητε</span> <span class='ocrx_word' id='word_1_749' title='bbox 2450 4188 2754 4259; x_wconf 82' lang='grc' dir='ltr'>φροντίδας,</span> <span class='ocrx_word' id='word_1_750' title='bbox 2788 4188 2881 4241; x_wconf 70' lang='grc' dir='ltr'><strong>καὶ</strong></span> <span class='ocrx_word' id='word_1_751' title='bbox 2922 4186 3019 4258; x_wconf 85' lang='grc' dir='ltr'><strong>τὴν</strong></span> <span class='ocrx_word' id='word_1_752' title='bbox 3050 4188 3149 4259; x_wconf 79' lang='grc' dir='ltr'>τῆς</span> <span class='ocrx_word' id='word_1_753' title='bbox 3204 4189 3426 4259; x_wconf 78' lang='grc' dir='ltr'>εἰρήνης</span> <span class='ocrx_word' id='word_1_754' title='bbox 3464 4191 3619 4261; x_wconf 77' lang='grc' dir='ltr'>χάριν</span> <span class='ocrx_word' id='word_1_755' title='bbox 3658 4191 3744 4250; x_wconf 82' lang='grc' dir='ltr'>τοῖς</span> 
     </span>
    </p>
   </div>
   <div class='ocr_carea' id='block_1_108' title="bbox 2206 4278 3743 4352">
    <p class='ocr_par' dir='ltr' id='par_1_108' title="bbox 2206 4278 3743 4352">
     <span class='ocr_line' id='line_1_109' title="bbox 2206 4278 3743 4352; baseline -0.001 -19"><span class='ocrx_word' id='word_1_756' title='bbox 2206 4280 2300 4333; x_wconf 87' lang='grc' dir='ltr'><strong>νῦν</strong></span> <span class='ocrx_word' id='word_1_757' title='bbox 2359 4278 2796 4350; x_wconf 77' lang='grc' dir='ltr'>στασιαζομένοις</span> <span class='ocrx_word' id='word_1_758' title='bbox 2849 4279 3157 4343; x_wconf 87' lang='grc' dir='ltr'>ἀποδόντες,</span> <span class='ocrx_word' id='word_1_759' title='bbox 3210 4281 3471 4352; x_wconf 75' lang='grc' dir='ltr'>μεγίστην</span> <span class='ocrx_word' id='word_1_760' title='bbox 3532 4279 3743 4334; x_wconf 74' lang='grc' dir='ltr'>εὔκλειαν</span> 
     </span>
    </p>
   </div>
   <div class='ocr_carea' id='block_1_109' title="bbox 2208 4369 3741 4444">
    <p class='ocr_par' dir='ltr' id='par_1_109' title="bbox 2208 4369 3741 4444">
     <span class='ocr_line' id='line_1_110' title="bbox 2208 4369 3741 4444; baseline 0.001 -19"><span class='ocrx_word' id='word_1_761' title='bbox 2208 4373 2334 4444; x_wconf 88' lang='grc' dir='ltr'>ὑμῖν</span> <span class='ocrx_word' id='word_1_762' title='bbox 2362 4372 2542 4435; x_wconf 83' lang='grc' dir='ltr'>αὐτοῖς</span> <span class='ocrx_word' id='word_1_763' title='bbox 2574 4369 2965 4444; x_wconf 79' lang='grc' dir='ltr'>προξενήσητε.</span> <span class='ocrx_word' id='word_1_764' title='bbox 3010 4371 3068 4424; x_wconf 84' lang='grc' dir='ltr'>Ὀ</span> <span class='ocrx_word' id='word_1_765' title='bbox 3099 4370 3231 4435; x_wconf 83' lang='grc' dir='ltr'>Θεὸς</span> <span class='ocrx_word' id='word_1_766' title='bbox 3268 4374 3413 4442; x_wconf 80' lang='grc' dir='ltr'>ὑμᾶς</span> <span class='ocrx_word' id='word_1_767' title='bbox 3437 4371 3741 4442; x_wconf 73' lang='grc' dir='ltr'>διαφυλάξοι,</span> 
     </span>
    </p>
   </div>
   <div class='ocr_carea' id='block_1_110' title="bbox 2136 4463 2804 4538">
    <p class='ocr_par' dir='ltr' id='par_1_110' title="bbox 2136 4463 2804 4538">
     <span class='ocr_line' id='line_1_111' title="bbox 2136 4463 2804 4538; baseline 0 -22"><span class='ocrx_word' id='word_1_768' title='bbox 2136 4483 2180 4538; x_wconf 81' lang='lat' dir='ltr'><strong>D</strong></span> <span class='ocrx_word' id='word_1_769' title='bbox 2208 4463 2425 4532; x_wconf 75' lang='grc' dir='ltr'>ἀδελφοὶ</span> <span class='ocrx_word' id='word_1_770' title='bbox 2453 4463 2744 4534; x_wconf 83' lang='grc' dir='ltr'>ἀγαπητοί.</span> <span class='ocrx_word' id='word_1_771' title='bbox 2783 4483 2804 4516; x_wconf 83' lang='grc' dir='ltr'><strong>ι</strong></span> 
     </span>
    </p>
   </div>
   <div class='ocr_carea' id='block_1_111' title="bbox 2213 4602 3502 4676">
    <p class='ocr_par' dir='ltr' id='par_1_111' title="bbox 2213 4602 3502 4676">
     <span class='ocr_line' id='line_1_112' title="bbox 2213 4602 3502 4676; baseline 0 -17"><span class='ocrx_word' id='word_1_772' title='bbox 2213 4602 2350 4659; x_wconf 82' lang='lat' dir='ltr'><strong>Fuk.</strong></span> <span class='ocrx_word' id='word_1_773' title='bbox 2380 4604 2519 4658; x_wconf 87' lang='lat' dir='ltr'><strong>libro</strong></span> <span class='ocrx_word' id='word_1_774' title='bbox 2546 4604 2737 4673; x_wconf 82' lang='lat' dir='ltr'><strong>legitur</strong></span> <span class='ocrx_word' id='word_1_775' title='bbox 2763 4604 3058 4658; x_wconf 82' lang='grc' dir='ltr'>ἀπέστειλα</span> <span class='ocrx_word' id='word_1_776' title='bbox 3078 4604 3215 4676; x_wconf 78' lang='grc' dir='ltr'>πρὸς</span> <span class='ocrx_word' id='word_1_777' title='bbox 3246 4603 3365 4676; x_wconf 82' lang='grc' dir='ltr'>οὐς,</span> <span class='ocrx_word' id='word_1_778' title='bbox 3392 4614 3502 4676; x_wconf 78' lang='lat' dir='ltr'><strong>etc.</strong></span> 
     </span>
    </p>
   </div>
   <div class='ocr_carea' id='block_1_112' title="bbox 2281 4673 3744 4747">
    <p class='ocr_par' dir='ltr' id='par_1_112' title="bbox 2281 4673 3744 4747">
     <span class='ocr_line' id='line_1_113' title="bbox 2281 4673 3744 4747; baseline -0.003 -17"><span class='ocrx_word' id='word_1_779' title='bbox 2281 4676 2359 4747; x_wconf 77' lang='lat'><strong>(5)</strong></span> <span class='ocrx_word' id='word_1_780' title='bbox 2386 4677 2702 4729; x_wconf 83' lang='grc' dir='ltr'>Διονύσιον</span> <span class='ocrx_word' id='word_1_781' title='bbox 2726 4676 2832 4729; x_wconf 76' lang='grc' dir='ltr'><strong>τὸν</strong></span> <span class='ocrx_word' id='word_1_782' title='bbox 2854 4675 2972 4730; x_wconf 79' lang='grc' dir='ltr'>ἀπὸ</span> <span class='ocrx_word' id='word_1_783' title='bbox 3007 4673 3332 4730; x_wconf 63' lang='grc' dir='ltr'><strong>ύπάτιθιών.</strong></span> <span class='ocrx_word' id='word_1_784' title='bbox 3382 4674 3605 4729; x_wconf 75' lang='lat' dir='ltr'><strong>Flavius</strong></span> <span class='ocrx_word' id='word_1_785' title='bbox 3650 4673 3744 4727; x_wconf 79' lang='lat' dir='ltr'><strong>Dio-</strong></span> 
     </span>
    </p>
   </div>
   <div class='ocr_carea' id='block_1_113' title="bbox 2210 4747 3743 4818">
    <p class='ocr_par' dir='ltr' id='par_1_113' title="bbox 2210 4747 3743 4818">
     <span class='ocr_line' id='line_1_114' title="bbox 2210 4747 3743 4818; baseline -0.007 -15"><span class='ocrx_word' id='word_1_786' title='bbox 2210 4749 2394 4818; x_wconf 71' lang='lat' dir='ltr'><strong>nysius</strong></span> <span class='ocrx_word' id='word_1_787' title='bbox 2430 4760 2612 4818; x_wconf 82' lang='lat' dir='ltr'><strong>centes</strong></span> <span class='ocrx_word' id='word_1_788' title='bbox 2641 4756 2864 4818; x_wconf 81' lang='lat' dir='ltr'><strong>vocatur</strong></span> <span class='ocrx_word' id='word_1_789' title='bbox 2884 4748 2955 4818; x_wconf 85' lang='lat' dir='ltr'><strong>ab</strong></span> <span class='ocrx_word' id='word_1_790' title='bbox 2994 4747 3292 4818; x_wconf 79' lang='lat' dir='ltr'><strong>Athanasio</strong></span> <span class='ocrx_word' id='word_1_791' title='bbox 3339 4749 3391 4799; x_wconf 93' lang='lat' dir='ltr'><strong>in</strong></span> <span class='ocrx_word' id='word_1_792' title='bbox 3415 4748 3743 4818; x_wconf 57' lang='grc' dir='ltr'><strong>Δι-ιροίοςιινιιςει</strong></span> 
     </span>
    </p>
   </div>
   <div class='ocr_carea' id='block_1_114' title="bbox 2206 4815 3743 4885">
    <p class='ocr_par' dir='ltr' id='par_1_114' title="bbox 2206 4815 3743 4885">
     <span class='ocr_line' id='line_1_115' title="bbox 2206 4815 3743 4885; baseline -0.005 -14"><span class='ocrx_word' id='word_1_793' title='bbox 2206 4815 2272 4871; x_wconf 74' lang='lat' dir='ltr'><strong>ad</strong></span> <span class='ocrx_word' id='word_1_794' title='bbox 2294 4815 2682 4885; x_wconf 80' lang='lat' dir='ltr'><strong>Constantium,</strong></span> <span class='ocrx_word' id='word_1_795' title='bbox 2710 4816 2799 4870; x_wconf 91' lang='lat' dir='ltr'><strong>ubi</strong></span> <span class='ocrx_word' id='word_1_796' title='bbox 2852 4816 3015 4869; x_wconf 86' lang='lat' dir='ltr'><strong>multa</strong></span> <span class='ocrx_word' id='word_1_797' title='bbox 3062 4816 3229 4869; x_wconf 80' lang='lat' dir='ltr'><strong>refert</strong></span> <span class='ocrx_word' id='word_1_798' title='bbox 3284 4820 3354 4869; x_wconf 88' lang='lat' dir='ltr'><strong>de</strong></span> <span class='ocrx_word' id='word_1_799' title='bbox 3415 4815 3522 4885; x_wconf 63' lang='lat' dir='ltr'><strong>hac</strong></span> <span class='ocrx_word' id='word_1_800' title='bbox 3577 4816 3743 4885; x_wconf 69' lang='lat' dir='ltr'><strong>synodo</strong></span> 
     </span>
    </p>
   </div>
   <div class='ocr_carea' id='block_1_115' title="bbox 2206 4882 3741 4957">
    <p class='ocr_par' dir='ltr' id='par_1_115' title="bbox 2206 4882 3741 4957">
     <span class='ocr_line' id='line_1_116' title="bbox 2206 4882 3741 4957; baseline -0.006 -17"><span class='ocrx_word' id='word_1_801' title='bbox 2206 4888 2344 4957; x_wconf 86' lang='lat' dir='ltr'><strong>apud</strong></span> <span class='ocrx_word' id='word_1_802' title='bbox 2372 4884 2594 4957; x_wconf 84' lang='lat' dir='ltr'><strong>Tyrum,</strong></span> <span class='ocrx_word' id='word_1_803' title='bbox 2634 4902 2755 4954; x_wconf 41' lang='lat' dir='ltr'><strong>quas</strong></span> <span class='ocrx_word' id='word_1_804' title='bbox 2786 4887 2966 4939; x_wconf 88' lang='lat' dir='ltr'><strong>habita</strong></span> <span class='ocrx_word' id='word_1_805' title='bbox 3000 4895 3083 4939; x_wconf 89' lang='lat' dir='ltr'><strong>est</strong></span> <span class='ocrx_word' id='word_1_806' title='bbox 3116 4887 3413 4957; x_wconf 59' lang='lat' dir='ltr'><strong>consulatu</strong></span> <span class='ocrx_word' id='word_1_807' title='bbox 3466 4882 3741 4957; x_wconf 57' lang='lat' dir='ltr'><strong>gons&#39;tautii</strong></span> 
     </span>
    </p>
   </div>
   <div class='ocr_carea' id='block_1_116' title="bbox 2206 4952 3742 5024">
    <p class='ocr_par' dir='ltr' id='par_1_116' title="bbox 2206 4952 3742 5024">
     <span class='ocr_line' id='line_1_117' title="bbox 2206 4952 3742 5024; baseline -0.005 -15"><span class='ocrx_word' id='word_1_808' title='bbox 2206 4952 2258 5009; x_wconf 79' lang='lat' dir='ltr'><strong>ei</strong></span> <span class='ocrx_word' id='word_1_809' title='bbox 2287 4952 2486 5018; x_wconf 84' lang='lat' dir='ltr'><strong>Albini,</strong></span> <span class='ocrx_word' id='word_1_810' title='bbox 2513 4952 2698 5009; x_wconf 82' lang='lat' dir='ltr'><strong>tnense</strong></span> <span class='ocrx_word' id='word_1_811' title='bbox 2729 4957 2975 5023; x_wconf 82' lang='lat' dir='ltr'><strong>Augusto</strong></span> <span class='ocrx_word' id='word_1_812' title='bbox 3007 4972 3072 5009; x_wconf 87' lang='lat' dir='ltr'><strong>ac</strong></span> <span class='ocrx_word' id='word_1_813' title='bbox 3106 4954 3437 5024; x_wconf 81' lang='lat' dir='ltr'><strong>Septembri.</strong></span> <span class='ocrx_word' id='word_1_814' title='bbox 3465 4953 3661 5007; x_wconf 76' lang='lat' dir='ltr'><strong>Fuerat</strong></span> <span class='ocrx_word' id='word_1_815' title='bbox 3681 4952 3742 5004; x_wconf 86' lang='lat' dir='ltr'><strong>hic</strong></span> 
     </span>
    </p>
   </div>
   <div class='ocr_carea' id='block_1_117' title="bbox 2207 5024 3741 5096">
    <p class='ocr_par' dir='ltr' id='par_1_117' title="bbox 2207 5024 3741 5096">
     <span class='ocr_line' id='line_1_118' title="bbox 2207 5024 3741 5096; baseline -0.003 -15"><span class='ocrx_word' id='word_1_816' title='bbox 2207 5024 2499 5096; x_wconf 85' lang='lat' dir='ltr'><strong>Dionysius</strong></span> <span class='ocrx_word' id='word_1_817' title='bbox 2527 5037 2689 5078; x_wconf 84' lang='lat' dir='ltr'><strong>antea</strong></span> <span class='ocrx_word' id='word_1_818' title='bbox 2711 5027 3008 5081; x_wconf 85' lang='lat' dir='ltr'><strong>consularis</strong></span> <span class='ocrx_word' id='word_1_819' title='bbox 3042 5026 3354 5089; x_wconf 71' lang='lat' dir='ltr'><strong>thuices,</strong></span> <span class='ocrx_word' id='word_1_820' title='bbox 3387 5024 3680 5096; x_wconf 59' lang='lat' dir='ltr'><strong>Jgnttarino</strong></span> <span class='ocrx_word' id='word_1_821' title='bbox 3697 5030 3741 5096; x_wconf 63' lang='lat' dir='ltr'><strong>fl</strong></span> 
     </span>
    </p>
   </div>
   <div class='ocr_carea' id='block_1_118' title="bbox 2204 5089 3743 5167">
    <p class='ocr_par' dir='ltr' id='par_1_118' title="bbox 2204 5089 3743 5167">
     <span class='ocr_line' id='line_1_119' title="bbox 2204 5089 3743 5167; baseline -0.005 -16"><span class='ocrx_word' id='word_1_822' title='bbox 2204 5089 2361 5151; x_wconf 72' lang='lat' dir='ltr'><strong>Justo</strong></span> <span class='ocrx_word' id='word_1_823' title='bbox 2385 5110 2555 5167; x_wconf 83' lang='lat' dir='ltr'><strong>coss.,</strong></span> <span class='ocrx_word' id='word_1_824' title='bbox 2584 5106 2649 5167; x_wconf 86' lang='lat' dir='ltr'><strong>ut</strong></span> <span class='ocrx_word' id='word_1_825' title='bbox 2672 5107 2814 5165; x_wconf 86' lang='lat' dir='ltr'><strong>patet</strong></span> <span class='ocrx_word' id='word_1_826' title='bbox 2841 5112 2906 5150; x_wconf 82' lang='lat' dir='ltr'><strong>ex</strong></span> <span class='ocrx_word' id='word_1_827' title='bbox 2946 5097 3063 5167; x_wconf 82' lang='lat' dir='ltr'><strong>lege</strong></span> <span class='ocrx_word' id='word_1_828' title='bbox 3099 5096 3133 5149; x_wconf 74' lang='grc'>4</span> <span class='ocrx_word' id='word_1_829' title='bbox 3171 5097 3359 5151; x_wconf 80' lang='lat' dir='ltr'><strong>codice</strong></span> <span class='ocrx_word' id='word_1_830' title='bbox 3416 5093 3647 5156; x_wconf 82' lang='lat' dir='ltr'><strong>Theod.,</strong></span> <span class='ocrx_word' id='word_1_831' title='bbox 3688 5089 3743 5144; x_wconf 73' lang='lat' dir='ltr'><strong>De</strong></span> 
     </span>
    </p>
   </div>
   <div class='ocr_carea' id='block_1_119' title="bbox 2207 5166 2659 5237">
    <p class='ocr_par' dir='ltr' id='par_1_119' title="bbox 2207 5166 2659 5237">
     <span class='ocr_line' id='line_1_120' title="bbox 2207 5166 2659 5237; baseline -0.002 -17"><span class='ocrx_word' id='word_1_832' title='bbox 2207 5167 2426 5237; x_wconf 65' lang='lat' dir='ltr'><strong>famosis</strong></span> <span class='ocrx_word' id='word_1_833' title='bbox 2450 5166 2659 5237; x_wconf 65' lang='lat' dir='ltr'><strong>libellis.</strong></span> 
     </span>
    </p>
   </div>
   <div class='ocr_carea' id='block_1_120' title="bbox 2279 5233 3739 5306">
    <p class='ocr_par' dir='ltr' id='par_1_120' title="bbox 2279 5233 3739 5306">
     <span class='ocr_line' id='line_1_121' title="bbox 2279 5233 3739 5306; baseline -0.005 -16"><span class='ocrx_word' id='word_1_834' title='bbox 2279 5238 2356 5306; x_wconf 80' lang='lat'><strong>(6)</strong></span> <span class='ocrx_word' id='word_1_835' title='bbox 2396 5234 2735 5303; x_wconf 79' lang='grc' dir='ltr'>Ἐξαιρέτως</span> <span class='ocrx_word' id='word_1_836' title='bbox 2760 5235 2847 5289; x_wconf 82' lang='grc' dir='ltr'><strong>δέ.</strong></span> <span class='ocrx_word' id='word_1_837' title='bbox 2872 5235 3180 5306; x_wconf 15' lang='grc' dir='ltr'>Ιιιιίῳιὶιιθιιι</span> <span class='ocrx_word' id='word_1_838' title='bbox 3205 5234 3399 5306; x_wconf 77' lang='lat' dir='ltr'><strong>legitur</strong></span> <span class='ocrx_word' id='word_1_839' title='bbox 3424 5234 3569 5302; x_wconf 80' lang='lat' dir='ltr'><strong>apud</strong></span> <span class='ocrx_word' id='word_1_840' title='bbox 3602 5233 3739 5288; x_wconf 80' lang='lat' dir='ltr'><strong>Theo-</strong></span> 
     </span>
    </p>
   </div>
   <div class='ocr_carea' id='block_1_121' title="bbox 2209 5304 3738 5362">
    <p class='ocr_par' dir='ltr' id='par_1_121' title="bbox 2209 5304 3738 5362">
     <span class='ocr_line' id='line_1_122' title="bbox 2209 5304 3738 5362; baseline -0.007 -2"><span class='ocrx_word' id='word_1_841' title='bbox 2209 5304 2464 5362; x_wconf 75' lang='lat' dir='ltr'><strong>dot-itum.</strong></span> <span class='ocrx_word' id='word_1_842' title='bbox 2500 5308 2603 5359; x_wconf 71' lang='lat' dir='ltr'><strong>Sed</strong></span> <span class='ocrx_word' id='word_1_843' title='bbox 2641 5308 2898 5359; x_wconf 78' lang='lat' dir='ltr'><strong>incudice</strong></span> <span class='ocrx_word' id='word_1_844' title='bbox 2932 5304 3064 5359; x_wconf 63' lang='lat' dir='ltr'><strong>lt‘uk.</strong></span> <span class='ocrx_word' id='word_1_845' title='bbox 3092 5308 3179 5358; x_wconf 82' lang='lat' dir='ltr'><strong>hic</strong></span> <span class='ocrx_word' id='word_1_846' title='bbox 3197 5306 3348 5358; x_wconf 84' lang='lat' dir='ltr'><strong>locus</strong></span> <span class='ocrx_word' id='word_1_847' title='bbox 3379 5305 3455 5357; x_wconf 83' lang='lat' dir='ltr'><strong>ita</strong></span> <span class='ocrx_word' id='word_1_848' title='bbox 3497 5306 3738 5357; x_wconf 71' lang='lat' dir='ltr'><strong>scribitur</strong></span> 
     </span>
    </p>
   </div>
   <div class='ocr_carea' id='block_1_122' title="bbox 2208 5372 3740 5449">
    <p class='ocr_par' dir='ltr' id='par_1_122' title="bbox 2208 5372 3740 5449">
     <span class='ocr_line' id='line_1_123' title="bbox 2208 5372 3740 5449; baseline -0.001 -19"><span class='ocrx_word' id='word_1_849' title='bbox 2208 5376 2448 5449; x_wconf 64' lang='lat' dir='ltr'><strong>Katfct&#39;bv</strong></span> <span class='ocrx_word' id='word_1_850' title='bbox 2476 5377 2860 5449; x_wconf 79' lang='grc' dir='ltr'>πραττομένων</span> <span class='ocrx_word' id='word_1_851' title='bbox 2880 5375 3058 5449; x_wconf 75' lang='grc' dir='ltr'>δὲκαὶ</span> <span class='ocrx_word' id='word_1_852' title='bbox 3079 5374 3177 5443; x_wconf 81' lang='grc' dir='ltr'>τῆς</span> <span class='ocrx_word' id='word_1_853' title='bbox 3196 5374 3452 5440; x_wconf 74' lang='grc' dir='ltr'>εὐταξίας</span> <span class='ocrx_word' id='word_1_854' title='bbox 3484 5372 3740 5449; x_wconf 64' lang='grc' dir='ltr'>ἐξαιρέτως</span> 
     </span>
    </p>
   </div>
   <div class='ocr_carea' id='block_1_123' title="bbox 2210 5446 3736 5519">
    <p class='ocr_par' dir='ltr' id='par_1_123' title="bbox 2210 5446 3736 5519">
     <span class='ocr_line' id='line_1_124' title="bbox 2210 5446 3736 5519; baseline 0 -20"><span class='ocrx_word' id='word_1_855' title='bbox 2210 5446 2551 5519; x_wconf 73' lang='grc' dir='ltr'>κατάσκοπος</span> <span class='ocrx_word' id='word_1_856' title='bbox 2594 5446 2881 5519; x_wconf 82' lang='grc' dir='ltr'>παρέσται.</span> <span class='ocrx_word' id='word_1_857' title='bbox 2941 5448 3138 5519; x_wconf 53' lang='lat' dir='ltr'><strong>Quare</strong></span> <span class='ocrx_word' id='word_1_858' title='bbox 3175 5449 3459 5500; x_wconf 71' lang='lat' dir='ltr'><strong>lectionem</strong></span> <span class='ocrx_word' id='word_1_859' title='bbox 3508 5446 3736 5519; x_wconf 54' lang='lat' dir='ltr'><strong>Satiscf.</strong></span> 
     </span>
    </p>
   </div>
   <div class='ocr_carea' id='block_1_124' title="bbox 2208 5510 3738 5590">
    <p class='ocr_par' dir='ltr' id='par_1_124' title="bbox 2208 5510 3738 5590">
     <span class='ocr_line' id='line_1_125' title="bbox 2208 5510 3738 5590; baseline -0.005 -20"><span class='ocrx_word' id='word_1_860' title='bbox 2208 5517 2536 5590; x_wconf 80' lang='lat' dir='ltr'><strong>Bongarsius</strong></span> <span class='ocrx_word' id='word_1_861' title='bbox 2564 5510 2764 5590; x_wconf 72' lang='lat' dir='ltr'><strong>aliique</strong></span> <span class='ocrx_word' id='word_1_862' title='bbox 2787 5510 2988 5590; x_wconf 73' lang='lat' dir='ltr'><strong>iusois</strong></span> <span class='ocrx_word' id='word_1_863' title='bbox 3019 5516 3173 5590; x_wconf 78' lang='lat' dir='ltr'><strong>libris</strong></span> <span class='ocrx_word' id='word_1_864' title='bbox 3227 5526 3567 5590; x_wconf 67' lang='lat' dir='ltr'><strong>repererant.</strong></span> <span class='ocrx_word' id='word_1_865' title='bbox 3608 5510 3738 5590; x_wconf 65' lang='lat' dir='ltr'><strong>Paulo</strong></span> 
     </span>
    </p>
   </div>
   <div class='ocr_carea' id='block_1_125' title="bbox 2210 5584 3738 5659">
    <p class='ocr_par' dir='ltr' id='par_1_125' title="bbox 2210 5584 3738 5659">
     <span class='ocr_line' id='line_1_126' title="bbox 2210 5584 3738 5659; baseline -0.004 -17"><span class='ocrx_word' id='word_1_866' title='bbox 2210 5584 2539 5659; x_wconf 40' lang='lat' dir='ltr'><strong>post—scribo</strong></span> <span class='ocrx_word' id='word_1_867' title='bbox 2570 5584 2961 5659; x_wconf 79' lang='grc' dir='ltr'>τὴνήμετέραν</span> <span class='ocrx_word' id='word_1_868' title='bbox 2984 5586 3230 5659; x_wconf 71' lang='grc' dir='ltr'>κέλευσιν</span> <span class='ocrx_word' id='word_1_869' title='bbox 3261 5586 3360 5659; x_wconf 77' lang='grc' dir='ltr'>καὶ</span> <span class='ocrx_word' id='word_1_870' title='bbox 3383 5584 3480 5659; x_wconf 75' lang='grc' dir='ltr'><strong>νῦν</strong></span> <span class='ocrx_word' id='word_1_871' title='bbox 3517 5584 3738 5658; x_wconf 64' lang='grc' dir='ltr'><strong>διακροιό⁸</strong></span> 
     </span>
    </p>
   </div>
   <div class='ocr_carea' id='block_1_126' title="bbox 2215 5654 3739 5733">
    <p class='ocr_par' dir='ltr' id='par_1_126' title="bbox 2215 5654 3739 5733">
     <span class='ocr_line' id='line_1_127' title="bbox 2215 5654 3739 5733; baseline -0.002 -22"><span class='ocrx_word' id='word_1_872' title='bbox 2215 5654 2410 5733; x_wconf 67' lang='grc' dir='ltr'>ἕσασθαι</span> <span class='ocrx_word' id='word_1_873' title='bbox 2442 5672 2507 5733; x_wconf 80' lang='lat' dir='ltr'><strong>ex</strong></span> <span class='ocrx_word' id='word_1_874' title='bbox 2555 5654 2882 5733; x_wconf 54' lang='lat' dir='ltr'><strong>codd.&quot;Fuk_&#39;.</strong></span> <span class='ocrx_word' id='word_1_875' title='bbox 2916 5666 2971 5733; x_wconf 78' lang='lat' dir='ltr'><strong>et</strong></span> <span class='ocrx_word' id='word_1_876' title='bbox 3006 5657 3354 5733; x_wconf 69' lang='lat' dir='ltr'><strong>&#39;t‘iteodorito.</strong></span> <span class='ocrx_word' id='word_1_877' title='bbox 3388 5654 3575 5733; x_wconf 64' lang='lat' dir='ltr'><strong>Neque</strong></span> <span class='ocrx_word' id='word_1_878' title='bbox 3630 5654 3739 5708; x_wconf 65' lang='lat' dir='ltr'><strong>etilli</strong></span> 
     </span>
    </p>
   </div>
   <div class='ocr_carea' id='block_1_127' title="bbox 2217 5725 3583 5787">
    <p class='ocr_par' dir='ltr' id='par_1_127' title="bbox 2217 5725 3583 5787">
     <span class='ocr_line' id='line_1_128' title="bbox 2217 5725 3583 5787; baseline -0.005 -3"><span class='ocrx_word' id='word_1_879' title='bbox 2217 5729 2503 5785; x_wconf 85' lang='lat' dir='ltr'><strong>mediocris</strong></span> <span class='ocrx_word' id='word_1_880' title='bbox 2525 5740 2606 5784; x_wconf 87' lang='lat' dir='ltr'><strong>est</strong></span> <span class='ocrx_word' id='word_1_881' title='bbox 2629 5730 2901 5787; x_wconf 80' lang='lat' dir='ltr'><strong>emohasis</strong></span> <span class='ocrx_word' id='word_1_882' title='bbox 2928 5727 2985 5783; x_wconf 90' lang='lat' dir='ltr'><strong>in</strong></span> <span class='ocrx_word' id='word_1_883' title='bbox 3020 5727 3105 5783; x_wconf 86' lang='lat' dir='ltr'><strong>bis</strong></span> <span class='ocrx_word' id='word_1_884' title='bbox 3144 5726 3323 5783; x_wconf 86' lang='lat' dir='ltr'><strong>verbis</strong></span> <span class='ocrx_word' id='word_1_885' title='bbox 3353 5725 3449 5780; x_wconf 78' lang='grc' dir='ltr'>καὶ</span> <span class='ocrx_word' id='word_1_886' title='bbox 3469 5725 3583 5779; x_wconf 80' lang='grc' dir='ltr'>νῦν.</span> 
     </span>
    </p>
   </div>
  </div>
