3882 6262
230 311 372 370 H93

735 372 1130 483 ΚέΦΑΛΑῐΟΝ
1176 428 1305 481 MI".

229 525 352 576 Ὅτι
385 521 503 575 τῶν
529 521 598 574 ἐν
635 520 1060 589 Ἰεροσολύμοις
1087 521 1400 589 emam-[tor
1431 521 1517 584 εἰς
1535 519 1649 587 τὴν
1678 520 1804 588 ἐορ-

301 593 415 662 cipe
446 594 513 646 ἐκ
534 591 744 644 πασῶν
763 591 1060 660 ἐπαρχιῶν
1081 589 1364 659 παρῆσαν
1391 591 1730 644 ἐπίσκοποι.

311 684 464 738 Ἐπεὶ
502 684 558 737 δὲ
578 683 642 736 δι’
675 682 849 756 ἔργων
875 682 1067 754 ἐχώρει
1095 682 1162 736 τὰ
1185 683 1647 754 προστεταγμένα,
1676 701 1808 738 κατ-

227 774 533 846 ελάμϐανεν
571 772 726 836 ἄλλος
769 772 1042 842 βασιλικὸς
1105 773 1264 845 ἀνὴρ,
1319 773 1663 844 ἐπισπέρχων
1709 775 1806 844 τὴν

232 868 451 922 σύνοδον
497 868 594 919 σὺν
632 866 918 936 γράμματι
961 865 1222 936 βασιλικῷ
1269 865 1366 936 (7),
1410 866 1658 919 σπεύδειν
1713 867 1806 919 καὶ

232 962 402 1033 μηδὲν
441 958 849 1022 ἀναϐάλλεσθαι,
873 944 970 1028 τὴν
1000 958 1090 1011 ἐπὶ
1113 958 1182 1011 τὰ
1217 959 1560 1030 Ἱεροσόλυμα
1602 976 1809 1030 παρορ-

233 1053 355 1123 μῶν
383 1069 445 1120 γε
480 1051 720 1120 πορείαν.
771 1051 1034 1120 ’Ἄραντες
1077 1045 1170 1104 οῦν
1210 1053 1258 1102 οί
1305 1051 1501 1114 πάντες
1554 1049 1662 1102 ἀπὸ
1714 1048 1804 1102 τοῦ

228 1142 496 1196 Φοινίκων
533 1133 735 1204 ἔθνους,
782 1139 1059 1209 δημοσίοις
1090 1137 1308 1210 δρόμοις
1353 1138 1579 1211 ἧλαυνον
1624 1140 1716 1192 ἐπὶ
1742 1140 1808 1192 τὰ

230 1235 571 1307 προκείμενα
589 1250 602 1264 ·
637 1232 935 1302 ἐπληροῦτο
963 1230 1019 1283 δὲ
1049 1231 1166 1285 τότε
1190 1233 1295 1296 πᾶς
1320 1232 1348 1282 ὁ
1373 1233 1497 1302 τῇδε
1521 1233 1684 1295 τόπος
1716 1249 1809 1303 με-

230 1331 430 1401 γίστης
456 1327 588 1381 Θεοῦ
637 1325 873 1398 χορείας,
913 1325 1004 1377 ἐπὶ
1032 1325 1224 1378 ταύτὸν
1269 1327 1325 1377 ἐν
1362 1328 1471 1388 τοῖς
1520 1324 1809 1395 Ἱεροσολύ-

235 1438 362 1491 μοις
394 1417 740 1490 συνηγμένων
767 1416 873 1469 τῶν
902 1415 962 1480 ἐξ
995 1415 1211 1485 ἀπάσης
1241 1415 1502 1488 ἐπαρχίας
1535 1417 1807 1484 διαφανῶν

231 1512 550 1566 ἐπισκόπων
572 1527 586 1541 ·
636 1509 940 1572 Μακεδόνες
969 1510 1064 1580 μὲν
1094 1510 1201 1579 γὰρ
1227 1509 1317 1564 τὸν
1348 1511 1446 1579 τῆς
1471 1509 1600 1579 παρ’
1629 1509 1810 1571 αὐτοῖς

234 1602 622 1676 μητροπόλεως
653 1601 726 1672 (8)
755 1603 1133 1674 παρέπεμπον,
1162 1601 1438 1654 Παννόνιοί
1473 1618 1531 1653 τε
1565 1600 1658 1654 καὶ
1690 1601 1805 1654 Μυ-

233 1697 344 1760 σοὶ,
391 1695 456 1749 τὰ
505 1697 634 1766 παρ’
678 1696 859 1757 αὐτοῖς
916 1694 1179 1749 ἀνθοῦντα
1223 1693 1391 1763 κάλλη
1422 1693 1520 1764 τῆς
1556 1691 1649 1746 τοῦ
1675 1692 1809 1746 Θεοῦ

1313 310 1401 366 DE
1443 309 1603 365 VITA
1641 309 2099 366 CONSTANTINI
2137 308 2264 364 LIB.
2305 308 2394 364 ιν.

3333 307 3468 366 1194

2356 425 2519 498 543
2571 423 2799 480 CAPUT
2837 422 3017 479 XLIII.

1910 521 2182 588 Quomodo
2200 520 2267 572 ad
2292 518 2667 572 dedicationem
2701 516 2939 588 ecclesim
2962 514 3465 588 Hierosolymorum,

2082 590 2308 660 episcopi
2335 604 2400 643 ea:
2423 589 2662 642 omnibus
2690 587 2972 658 provinciis
3001 587 3296 642 conuenere.

1978 682 2108 737 Cum
2167 682 2280 736 haec
2329 687 2594 749 praecepta
2653 679 2983 734 exsecutioni
3042 678 3470 747 mandarentur,

1909 775 2047 829 alius
2077 775 2143 829 ab
2170 776 2492 844 imperatore
2511 772 2730 826 nuntius
2766 771 3100 842 supervenit,
3133 772 3248 841 qui,
3276 772 3470 828 oblatis

1909 867 2278 935 imperialibus
2335 865 2572 929 litteris,
2626 863 2889 934 synodum
2952 864 3199 918 hortatus
3249 872 3352 929 est,
3390 873 3470 932 ut,

1909 961 2052 1016 nulla
2081 960 2395 1030 interposita
2432 972 2607 1022 mora,
2636 971 2824 1012 omnes
2857 955 3255 1026 quamprimum
3284 956 3474 1013 Hiero-

1909 1053 2166 1125 solymam
2199 1057 2572 1124 properarent.
2608 1047 2799 1104 Cuncti
2834 1047 2995 1116 igitur
3043 1063 3110 1103 ex
3155 1046 3472 1102 thnicum

1910 1141 2188 1208 provincia
2229 1140 2591 1210 digredientes
2617 1177 2633 1204 ,
2672 1137 2886 1207 publico
2932 1152 3092 1191 cursu
3125 1137 3471 1202 contendere,

1909 1245 1974 1286 eo
2003 1246 2108 1299 quo
2134 1229 2340 1298 iussum
2364 1237 2754 1296 erat,cocpere.
2771 1228 3044 1298 Totusque
3059 1227 3167 1282 illic
3186 1226 3334 1282 locus
3357 1241 3473 1281 ma-

1909 1323 2057 1376 ximo
2085 1321 2178 1376 Dei
2228 1331 2373 1377 coetu
2411 1320 2625 1375 tandem
2672 1319 2902 1374 refertus
2941 1319 3062 1382 fuit,
3094 1331 3215 1373 cum
3253 1332 3317 1373 ex
3353 1318 3473 1372 uni-

1909 1417 2083 1470 versis
2112 1414 2406 1484 provinciis
2461 1414 2695 1483 insignes
2729 1411 2963 1481 episcopi
2994 1409 3384 1482 Hierosolymis
3419 1410 3472 1473 in

1909 1523 2077 1560 unum
2107 1507 2506 1563 convenissent.
2533 1505 2666 1560 Nam
2694 1513 2748 1560 et
2777 1505 3096 1560 Macedones
3118 1504 3306 1575 prima:
3335 1504 3475 1574 apud

1911 1615 1970 1655 se
1997 1600 2140 1655 sedis
2161 1600 2474 1670 episcopum
2515 1598 2813 1663 miserant;
2847 1607 2901 1652 et
2939 1596 3181 1652 Pannoni
3207 1612 3270 1654 ac
3312 1597 3468 1654 Μαιδί

1913 1708 1981 1748 ex
2009 1693 2273 1748 tironibus
2318 1693 2414 1748 Dei
2448 1691 2797 1746 lectissimum
2830 1689 3014 1744 florem
3049 1703 3112 1744 ac
3139 1688 3468 1760 prtecipuum

231 1787 513 1850 νεολαίας·
557 1787 735 1858 παρῆν
783 1786 838 1839 δὲ
887 1787 980 1840 καὶ
1031 1786 1253 1858 Περσῶν
1311 1786 1620 1840 ἐπισκόπων
1671 1786 1809 1856 ἱερὸν

1921 1784 2086 1855 gentis
2112 1799 2222 1838 suae
2251 1785 2416 1838 decus
2444 1784 2775 1838 direxerant.
2819 1781 3022 1836 Aderat
3055 1781 3220 1835 etiam
3261 1781 3475 1850 episco-

228 1881 448 1952 χρῆμα,
480 1877 548 1933 τὰ
574 1879 691 1932 θεῖα
717 1878 872 1946 λόγια
905 1877 1289 1950 ἐξηκριϐωκὼς
1323 1878 1482 1950 ἀνὴρ,
1505 1876 1718 1932 Βιθυνοί
1748 1894 1808 1930 τε

231 1971 336 2025 καὶ
373 1971 584 2042 Θρᾷκες
631 1969 706 2042 (9)
756 1970 816 2024 τὸ
873 1971 1144 2042 πλήρωμα
1193 1971 1294 2040 τῆς
1336 1972 1552 2026 συνόδου
1585 1970 1810 2024 κατεκό-

231 2079 431 2134 σμουν.
457 2064 530 2116 Οὐ
563 2063 668 2134 μὴν
693 2062 1127 2134 ἀπελιμπάνοντο
1161 2063 1323 2133 (οὐδὲ)
1354 2063 1590 2116 Κιλίκων
1618 2064 1665 2116 οἱ
1698 2061 1811 2114 δια-

230 2154 517 2230 φέριζντες,
564 2155 655 2208 καὶ
698 2154 1079 2208 Καππαδοκῶν
1119 2154 1245 2208 θ’·οί
1271 2155 1475 2226 πρῶτοι
1531 2153 1811 2207 παιδεύσει

229 2247 412 2317 λόγων
441 2247 592 2318 μέσοι
618 2251 728 2312 τοῖς
757 2249 890 2301 πᾶσι
914 2248 1201 2319 διέπρεπον
1219 2266 1232 2278 ·
1266 2247 1434 2320 Συρία
1459 2265 1516 2301 τε
1540 2249 1688 2301 πᾶσα
1716 2249 1812 2301 καὶ

227 2339 651 2409 Μεσοποταμία,
684 2339 898 2408 Φοινίκη
932 2357 992 2392 τε
1025 2340 1116 2392 καὶ
1157 2339 1380 2412 Ἀραϐία
1411 2341 1506 2394 σὺν
1537 2340 1671 2411 αὐτῇ
1702 2341 1814 2392 Πα-

229 2430 506 2502 λαιστίνῃ,
539 2431 810 2499 Αἴγυπτός
842 2449 901 2484 τε
930 2432 1022 2485 καὶ
1042 2431 1235 2504 Λιϐύη,
1270 2432 1404 2486 οἵτε
1437 2432 1534 2504 τὴν
1563 2431 1812 2504 Θηϐαίων

229 2519 516 2586 οἰκοῦντες
545 2521 770 2594 χώραν,
827 2523 1024 2586 πάντες
1083 2522 1216 2594 ὁμοῦ
1263 2523 1529 2595 ἐπλήρουν
1573 2524 1672 2596 τὴν
1716 2541 1812 2596 με-

233 2615 417 2685 γάλην
492 2615 584 2668 τοῦ
641 2614 776 2668 Θεοῦ
835 2616 1050 2688 χορείαν
1085 2634 1097 2646 ο
1159 2611 1240 2680 οἷς
1311 2617 1676 2690 ἀναρίθμητος
1753 2616 1813 2684 ἐξ

150 2691 156 2702 ’
235 2707 471 2762 ἁπασῶν
534 2707 640 2760 τῶν
698 2708 971 2779 ἐπαρχιῶν
1034 2708 1386 2779 ἐπηκολούθει
1448 2708 1616 2773 λεώς·
1676 2727 1814 2782 παρ-

232 2800 312 2870 ἦν
371 2798 428 2851 δὲ
485 2796 693 2861 τούτοις
751 2799 918 2852 ἅπασι
974 2797 1224 2871 βασιλική
1257 2818 1340 2864 τις
1376 2801 1646 2872 ὑπηρεσία
1679 2801 1811 2871 (10),

231 2891 437 2964 ἄνδρες
476 2893 524 2944 τ’
557 2890 615 2957 ἐξ
647 2890 824 2944 αὐτῶν
868 2890 1150 2960 βασιλείων
1183 2892 1394 2963 δόκιμοι
1437 2893 1815 2964 κατεπέμπον-

233 3004 327 3050 τυ,
359 2983 646 3057 φαιδρῦναι
667 2984 765 3056 τὴν
792 2983 980 3056 ἑορτὴν
1011 2988 1130 3050 ταῖς
1165 2985 1429 3055 βασιλέως
1458 2985 1764 3059 χορηγίαις.

757 3255 1150 3309 ΚΕΦΑΛΑΙΟΝ
1179 3257 1309 3310 MA'.

239 3343 384 3414 Περὶ
414 3343 526 3416 τῆς
562 3343 671 3416 διὰ
699 3347 1003 3414 Μαριανοῦ
1047 3347 1152 3401 τοῦ
1187 3348 1463 3416 νοταρίου
1490 3349 1814 3416 δεξιώσεως

316 3414 532 3483 αὐτῶν,
577 3415 679 3487 -καὶ
720 3416 836 3487 τῶν
879 3420 964 3482 εἰς
1002 3420 1279 3487 πτωχοὺς
1318 3414 1663 3486 διαδόσεων,
1715 3414 1813 3475 καὶ

315 3485 708 3556 ἀναθημάτων
739 3485 844 3555 τῆς
880 3485 1254 3556 Ἐκκληάίας.

315 3580 424 3632 Και
461 3578 566 3650 μὴν
595 3580 688 3632 καὶ
714 3582 741 3632 ὁ
763 3580 971 3644 τούτοις
995 3582 1196 3634 ἅπασιν
1229 3581 1469 3651 ἐφεστὼς
1498 3582 1706 3653 βασιλεῖ
1727 3585 1813 3638 δε-

238 3670 358 3738 ξιὸς
378 3670 516 3741 ἀνὴρ
543 3671 672 3741 (Μ),
711 3672 889 3724 πίστει
929 3674 1023 3725 καὶ
1061 3674 1336 3745 εὐλαϐείᾳ,
1368 3675 1539 3744 λόγων
1571 3693 1628 3728 τε
1657 3675 1814 3730 θείων

238 3761 545 3833 ἐμπρέπων
578 3763 834 3834 ἀσκήσει’
887 3764 945 3824 ὃς
985 3765 1047 3836 δὴ
1087 3765 1180 3819 καὶ
1211 3769 1328 3839 ταῖς
1360 3767 1498 3836 ὑπὲρ
1539 3767 1815 3831 εὐσεϐείας

237 3855 554 3924 ὁμολογίαις
580 3855 717 3908 κατά
736 3856 824 3909 τὸν
856 3856 964 3910 τῶν
985 3857 1258 3927 τυράννων
1289 3858 1475 3929 καιρὸν
1507 3859 1816 3930 λαμπρυνό-

240 3963 429 4018 μενος,
455 3947 676 4010 εἰκότως
697 3947 794 4016 τὴν
818 3947 979 4000 τῶνδε
1002 3947 1240 4016 διάταξιν
1261 3949 1588 4002 ἐπιστεύετο.
1615 3951 1722 4004 Καὶ
1751 3951 1814 4021 δὴ

235 4036 320 4109 τῷ
352 4038 612 4108 βασιλέως
635 4033 787 4102 οὗτος
817 4027 1041 4111 νεύμᾶτι
1067 4043 1163 4096 σὺν
1195 4041 1512 4114 είλικρινείᾳ
1540 4041 1687 4114 πάσῃ
1703 4043 1816 4097 δια-

237 4135 588 4204 κονούμενος,
623 4135 720 4205 τὴν
745 4135 840 4207 μὲν
872 4135 1085 4189 σύνοδον
1114 4135 1275 4206 ἐτίμα
1305 4137 1608 4208 φιλοφρόνῳ
1629 4137 1814 4204 δεξιώ-

240 4243 348 4289 σει,
415 4227 688 4280 ἐστιάσεσί
731 4246 788 4280 τε
837 4230 1116 4301 λαμπραῖς
1159 4230 1250 4283 καὶ
1285 4233 1643 4301 συμποτικαῖς
1682 4231 1816 4284 εὐω-

237 4305 389 4388 χίαις
409 4335 421 4346 °
474 4321 705 4388 πτωχοῖς
737 4321 780 4373 δ’
810 4321 1078 4392 ἀνείμοσι,
1115 4325 1356 4394 πενήτων
1388 4322 1431 4374 δ’
1465 4321 1671 4395 ἀνδρῶν
1703 4322 1814 4395 (12)

1912 1891 2101 1946 porum
2131 1875 2366 1932 Persidis
2389 1882 2790 1942 ornamentum,
2817 1873 2901 1928 vir
2928 1881 3149 1929 sanctus
3170 1882 3224 1928 et
3255 1874 3306 1928 in
3338 1873 3479 1928 divi-

1912 1971 1995 2025 nis
2020 1969 2234 2039 Scriptu
2247 1969 2319 2024 ris
2350 1969 2596 2039 apprime
2619 1968 2969 2024 exercitatus.
3001 1965 3219 2038 Bithyni
3263 1981 3477 2037 quoque

1911 2073 1966 2116 et
1991 2061 2228 2115 Thraces
2250 2061 2538 2130 praesentia
2570 2075 2666 2115 sua
2690 2071 3013 2116 conventuin
3047 2060 3335 2116 ornabant.
3367 2059 3478 2115 Nec

1911 2155 2133 2209 deerant
2166 2170 2231 2209 ex
2273 2154 2472 2209 Cicilim
2511 2155 2778 2224 episcopis
2812 2154 3097 2210 clarissimi
3147 2153 3365 2224 quique.
3400 2155 3480 2210 Ex

1911 2247 2251 2316 Cappadocia
2279 2247 2409 2301 item
2449 2247 2538 2316 qui
2571 2247 2816 2302 doctrina
2837 2257 2892 2302 et
2915 2247 3224 2317 eloquentia
3253 2256 3480 2317 przesta-

1915 2339 2065 2405 bant,
2091 2340 2146 2393 in
2190 2340 2366 2396 medio
2397 2353 2656 2394 consessu
2693 2339 3024 2394 enituerunt.
3069 2338 3146 2393 Ad
3177 2339 3293 2394 haec
3322 2338 3480 2410 Syria

1912 2433 2114 2496 omnis,
2139 2431 2546 2502 Mesopotamia,
2564 2432 2844 2498 thnice,
2877 2432 3070 2486 Arabia
3113 2443 3167 2485 et
3201 2433 3479 2488 Palaestina

1913 2525 2056 2594 ipsa;
2083 2524 2348 2597 ngyptus
2379 2539 2596 2596 quoque
2622 2535 2676 2581 et
2709 2525 2900 2595 Libya,
2941 2535 2996 2581 et
3025 2526 3114 2595 qui
3145 2525 3480 2582 Thebaidem

1914 2617 2171 2682 incolunt,
2213 2633 2401 2673 omnes
2433 2619 2484 2673 in
2517 2634 2679 2674 unum
2707 2618 3013 2690 congregati
3047 2633 3302 2687 magnum
3333 2617 3480 2674 illum

1914 2708 2007 2765 Dei
2037 2712 2262 2765 chorum
2292 2711 2612 2780 implebant.
2639 2711 2784 2778 Quos
2806 2725 2872 2764 ex
2907 2710 3156 2766 omnibus
3190 2711 3482 2780 provinciis

1914 2787 2325 2858 innumerabilis
2353 2805 2630 2858 hominum
2673 2803 2958 2858 multitudo
3000 2803 3348 2874 sequebatur.
3375 2801 3484 2857 Ad-

1914 2905 2033 2950 erat
2065 2909 2233 2966 porro
2270 2897 2356 2952 his
2403 2896 2655 2952 omnibus
2704 2896 2902 2967 regalis
2932 2895 3211 2964 cujusdam
3268 2894 3484 2965 appari-

1914 2987 2079 3045 tionis
2122 2987 2436 3059 obsequium
2469 2998 2562 3056 ;et
2590 3003 2656 3044 ex
2689 2988 2904 3058 imperii
2935 2989 3136 3058 palatio
3177 2989 3326 3045 missi
3363 2989 3484 3059 qui-

1915 3081 2040 3136 dam
2096 3090 2351 3151 spectatae
2407 3081 2693 3152 probitatis
2747 3082 2879 3147 viri,
2921 3083 3012 3151 qui
3064 3082 3367 3152 sumptibus
3412 3081 3482 3136 ah

1917 3174 2241 3246 imperatore
2279 3173 2702 3230 subministratis
2745 3171 3097 3231 festivitatem
3124 3173 3480 3230 illustrarent.

2468 3264 2697 3322 CAPUT
2731 3265 2916 3322 XLIV.

1918 3357 2187 3423 Quomodo
2239 3376 2330 3430 per
2381 3359 2690 3414 Marianum
2731 3362 2994 3414 notarium
3043 3361 3240 3428 excepti
3284 3361 3484 3430 sint.”

1982 3431 2217 3552 picuniw
2242 3429 2579 3500 pauperibus
2618 3441 2846 3502 erogata:
2870 3447 2888 3486 :
2912 3443 2959 3485 et
3012 3433 3075 3485 de
3117 3432 3354 3487 donariis
3378 3429 3484 3487 Ec-

1989 3517 2014 3553 c
2039 3517 2179 3555 estw.

1986 3591 2084 3648 His
2111 3600 2291 3647 autem
2337 3590 2600 3647 omnibus.
2621 3601 2854 3661 praeerat
2876 3593 2958 3647 vir
2991 3594 3300 3661 imperatori
3334 3609 3485 3648 cum-

1916 3683 2105 3753 primis
2140 3683 2288 3738 utilis
2313 3723 2329 3748 ,
2374 3683 2500 3748 ﬁde,
2547 3682 2826 3752 religione,
2861 3692 2916 3738 et
2953 3699 3230 3739 sacrarum
3279 3685 3485 3740 littera-

1919 3790 2039 3830 rum
2063 3776 2263 3846 peritia
2289 3777 2636 3846 conspicuus.
2667 3775 2916 3841 Quicum
2950 3777 3255 3846 Iyrannicis
3278 3787 3484 3846 tempo-
3544 3800 3546 3802 ν

1916 3869 2068 3923 ribus
2100 3882 2200 3937 pro
2230 3868 2449 3938 pietatis
2487 3867 2803 3924 defensione
2843 3867 3026 3923 multis
3053 3866 3485 3925 confessionibus

1917 3957 2298 4023 inclaruisset,
2327 3975 2433 4014 non
2480 3959 2752 4015 immerito
2784 3959 2976 4015 harum
3021 3973 3201 4015 rerum
3253 3961 3485 4031 disposi-

1918 4049 2116 4106 tionem
2175 4051 2277 4106 sibi
2333 4052 2676 4108 commissam
2717 4053 2943 4123 accepit.
2983 4052 3083 4108 Hic
3125 4052 3309 4124 igitur,
3339 4055 3485 4110 omni

1917 4157 2039 4196 cum
2103 4143 2416 4200 sinceritate
2464 4144 2811 4214 imperatoris
2849 4145 3095 4216 jussibus
3150 4146 3484 4212 obsecutus,

1917 4235 2292 4304 episcoporum
2337 4234 2556 4305 quidem
2602 4245 2804 4291 coetum
2849 4235 3108 4308 singulari
3147 4237 3403 4294 comitate
3433 4248 3489 4295 ct

1919 4327 2473 4397 magnificentissimis
2536 4329 2708 4399 epulis
2777 4328 2939 4400 549
3003 4337 3169 4399 atque
3220 4331 3488 4387 conviviis

422 4498 546 4550 Σὺν
572 4497 860 4577 τρᾴμματι
883 4498 1202 4577 βασιλικῷ.
1223 4501 1583 4577 [ηγοιβιιίὺυε
1602 4504 1809 4560 schedis

1921 4505 2546 4577 synodoginterfuerunt:
2575 4509 2839 4565 Eusebius
2872 4508 3083 4565 scilicet
3113 4510 3487 4568 Nicomedien-

241 4571 448 4639 legitur
469 4568 880 4640 συγγράμματι.
917 4572 969 4622 In
1000 4573 1187 4625 codice
1222 4570 1358 4624 Fuk.
1393 4571 1582 4626 lacuna
1608 4584 1712 4640 est,
1762 4584 1818 4629 et

239 4647 768 4713 postrematantnin
803 4656 928 4713 pars
975 4641 1220 4713 vocabuli
1265 4641 1485 4713 legitur,
1524 4661 1674 4713 ματι.
1713 4645 1820 4699 Ita-

241 4709 356 4783 jque
390 4709 625 4764 Savilius
658 4709 761 4783 σὺν
787 4710 1012 4781 νεύματι
1039 4709 1343 4780 supplevit;
1364 4709 1586 4783 perinde
1607 4726 1662 4770 et
1687 4715 1818 4770 Sca-

242 4782 386 4851 liger
414 4788 469 4832 et
491 4781 693 4851 caeteri.

321 4850 398 4920 (8)
445 4849 783 4917 Μακεδόνες
829 4849 945 4919 μὲν
995 4851 1102 4922 γὰρ
1147 4853 1254 4906 τὸν
1296 4851 1408 4920 τῆς
1443 4854 1576 4922 παρ’
1614 4855 1817 4922 αὐτοῖς

237 4923 691 4991 μητροπόλεως.
719 4925 1083 4976 Alexandrum
1121 4922 1374 4990 intelligit
1420 4922 1818 4981 Thessalonicae

243 4992 486 5045 civitatis
510 4993 838 5066 episcopum,
863 4994 974 5066 qui
1022 4994 1238 5066 synodo
1265 4994 1493 5066 Tyrcnsi
1546 4995 1814 5064 interfuit,

245 5073 305 5113 ut
333 5069 568 5114 testatur
614 5063 962 5116 Athanasius.
1021 5063 1123 5118 Per
1181 5063 1471 5120 Pannonia:
1531 5076 1711 5122 autem
1764 5063 1818 5122 et

246 5129 458 5203 Maesia:
505 5131 784 5201 episcopos
815 5132 1077 5203 Eusebius
1135 5135 1390 5203 intelligit
1443 5135 1721 5191 Ursacium
1761 5147 1817 5192 et

246 5200 792 5276 Xalentetn,_Ar_ian:e
818 5202 1067 5276 factirniis
1095 5200 1405 5274 signiferos,
1433 5209 1525 5275 qui
1550 5224 1578 5260 a
1611 5209 1816 5276 synodo

247 5269 482 5344 Tyrensi
509 5273 654 5344 missi
692 5282 827 5344 sunt
853 5274 906 5326 in
937 5269 1263 5344 Egyptum,
1295 5286 1352 5328 ut
1394 5269 1468 5331 de
1497 5269 1815 5333 criminibus

245 5356 370 5410 qua:
398 5343 692 5417 Athanasio
745 5343 952 5417 objecta
998 5343 1251 5417 inerant,
1279 5346 1406 5417 illic
1453 5347 1814 5417 inquirerent,

247 5413 699 5485 quemadmodum
731 5413 897 5485 refert
923 5415 1251 5485 Athanasius
1275 5416 1328 5469 in
1360 5413 1717 5485 Apologetico.

434 5482 678 5557 Βιβυνοί
704 5499 768 5557 ξε
795 5483 1170 5557 καίγΘρᾷκες.
1198 5481 1564 5557 Theogonium
1598 5489 1810 5556 Nicaeae,

246 5564 304 5608 et
335 5552 675 5606 Theodorum
720 5552 983 5622 Perinthi,
1035 5571 1152 5622 quae
1186 5552 1632 5613 aliter'Heraclea
1681 5552 1814 5614 dici;

250 5634 361 5700 l_u_r,
417 5623 711 5700 episcoiios
736 5624 1002 5700 intelligit,
1039 5627 1369 5700 quos_eitlem
1401 5629 1814 5700 synodoiinter-

249 5695 419 5749 fuisse
448 5695 644 5747 docent
687 5694 1013 5748 Athanasius
1064 5707 1117 5749 et
1180 5694 1554 5753 'l‘lIcodoritus.
1612 5699 1814 5754 Praeter

247 5763 645 5835 Theogoniam,
683 5763 773 5817 alii
801 5765 908 5818 duo
932 5780 995 5819 ex
1022 5763 1270 5838 Bithynia
1298 5770 1537 5839 episcopi
1582 5771 1811 5839 Tyrensi

563 5863 836 5927 Parnon.
878 5865 994 5928 Gn.
1028 5865 1167 5929 XX.
1262 5957 1265 5964 Α

1917 4575 2017 4640 sis,
2042 4585 2096 4630 et
2126 4575 2289 4632 Maris
2314 4576 2727 4634 Chalcedonius.

1988 4645 2100 4719 (10')
2159 4649 2455 4715 Βασιλική
2508 4667 2600 4717 τις
2651 4650 2969 4719 ὑπηρεσία.
3041 4650 3372 4709 Athanasius
3433 4653 3484 4707 in

1916 4716 2252 4793 Apologetico
2286 4719 2354 4772 ad
2390 4716 2785 4793 Constantium;
2831 4736 2952 4790 pag.
2984 4719 3112 4786 788,
3149 4723 3214 4777 de
3251 4725 3354 4779 hac
3392 4739 3484 4793 sy-

1917 4788 2059 4864 nodo
2117 4789 2383 4864 loquens,
2454 4799 2686 4864 testatur
2748 4788 3167 4864 Constantinum
3215 4788 3486 4864 palatinos

1917 4857 2115 4912 milites
2143 4860 2376 4936 misisse,
2403 4863 2492 4936 qui
2527 4861 2902 4936 episcoporum
2933 4861 3180 4936 jussibus
3212 4857 3485 4936 obseque-

1917 4937 2102 4981 rentur
2131 4945 2160 5000 A:
2215 4930 2324 4982 Καὶ
2363 4929 2538 5000 κόμης
2565 4929 2574 4930 ί
2606 4931 2875 4994 Διονύσιος
2925 4932 3330 4998 ἀποστέλλεται,
3365 4929 3488 4988 ’καὶ

1917 4998 2244 5077 στρατιῶται
2270 4998 2553 5077 δορυφόροι
2573 5000 2815 5077 ’δίδονται
2833 5005 2953 5077 τοζςγ
2977 5003 3106 5077 περὶ
3135 5004 3413 5077 Εὑσέϐιον.

1987 5068 2097 5142 (ll)
2133 5068 2536 5140 Δεξιόέάνήρ.
2571 5071 2851 5128 Marianus
2901 5073 2990 5127 hic
3020 5068 3158 5142 erat
3213 5076 3488 5131 Tribunus

1917 5148 1971 5193 et
1998 5139 2278 5216 Notarius,
2317 5151 2377 5195 ut
2402 5139 2600 5216 dieitur
2649 5144 2702 5216 in
2735 5143 2887 5216 titulo
2939 5141 3101 5213 hujus
3153 5147 3370 5216 capitis,
3432 5156 3488 5202 et

1917 5211 2055 5287 apud
2094 5212 2477 5287 Soaomenum.
2527 5212 2784 5287 Eamdem
2825 5211 3489 5287 dignitatemgessit'suh

1915 5281 2266 5359 Constantio,
2298 5291 2358 5359 ut
2392 5290 2620 5359 testatur
2651 5281 2986 5359 Athanasius
3043 5285 3096 5340 in
3143 5281 3285 5342 libro
3301 5288 3375 5342 De
3401 5304 3490 5359 sy-

1915 5353 2074 5405 nodis
2102 5353 2329 5408 Arimini
2357 5363 2414 5407 et
2451 5353 2731 5408 Seleuciae.

1987 5420 2100 5492 (42)
2134 5422 2287 5493 vulg.
2321 5423 2594 5490 πενήτων
2627 5425 2677 5478 τ’
2726 5425 2982 5493 ἀνδρῶν.
3016 5424 3378 5482 Scribendum
3407 5436 3492 5485 est

1916 5494 2164 5566 πενήτων
2189 5492 2232 5566 δ’
2257 5493 2498 5566 ἀνδρῶν..
2517 5495 2655 5549 Idem
2699 5492 2852 5550 error
2883 5507 2967 5550 est
2998 5497 3051 5566 in
3075 5497 3355 5566 superiori
3403 5515 3494 5554 ca-

1915 5565 2047 5640 pite,
2083 5565 2168 5618 ubi
2202 5564 2700 5640 ΙεείιυιχΑζγυπτος
2731 5566 2786 5618 δὲ
2817 5567 2910 5640 καὶ
2949 5564 3167 5640 Λιϐύη,
3187 5583 3283 5638 pro
3329 5569 3497 5640 Αἴγυ-

1915 5634 2047 5697 πτός
2075 5651 2157 5703 τε,
2188 5636 2455 5705 quomodo
2477 5636 2531 5690 in
2575 5635 2713 5692 Fuk.
2746 5637 2933 5692 codice
2973 5634 3234 5695 scribitur
3288 5634 3496 5698 utrobi-

1916 5719 2042 5774 que.

2548 5872 2665 5968 _'
3104 5872 3183 5933 33
