3882 6262
584 322 729 380 H99
784 322 791 325 “

1112 433 1339 492 CAPUT
1377 433 1606 490 XLVIII.

582 530 856 597 Quomodo
882 527 1196 584 immodicas
1222 527 1501 596 cujusdam
1550 527 1733 582 laudes
1768 543 1909 597 aegre
1948 526 2150 583 tulerit.

654 685 752 742 His
785 684 1034 741 omnibus
1081 683 1371 750 confectis,
1422 698 1548 741 cum
1591 682 1940 754 imperatoris
1983 682 2158 737 virtus
2199 660 2212 683 ’

579 786 903 833 cunctorum
959 776 1309 831 sermonibus
1346 775 1764 845 praedicaretur,
1815 774 2036 844 quidam
2086 786 2155 828 ex

528 862 531 865 ’
580 882 812 922 numero
845 866 1217 933 sacerdotum,
1252 865 1404 920 illum
1438 880 1628 921 coram
1660 864 1882 919 beatum
1920 879 2158 934 pronun-

581 954 726 1009 tiare
756 969 864 1010 non
899 963 983 1008 est
1008 955 1251 1013 veritus:
1297 954 1497 1024 quippe
1537 954 1627 1022 qui
1662 963 1774 1008 tum
1813 953 1866 1007 in
1910 954 2013 1009 hac
2047 955 2156 1008 vita

577 1058 850 1098 summum
896 1045 1061 1099 totius
1098 1044 1248 1099 orbis
1295 1043 1526 1099 Romani
1568 1043 1852 1114 imperium
1900 1047 2157 1115 consequi

580 1138 909 1201 meruisset;
948 1147 1061 1191 tum
1098 1138 1152 1192 in
1185 1138 1366 1193 futuro
1403 1151 1519 1192 aevo
1562 1150 1670 1191 una
1718 1151 1842 1191 cum
1891 1137 2030 1193 Filio
2065 1139 2156 1194 Dei

578 1237 727 1284 esset
754 1238 1109 1300 regnaturus.
1140 1230 1208 1284 At
1243 1227 1334 1283 ille
1364 1227 1671 1296 huiusmodi
1703 1245 1865 1287 voces
1894 1245 2036 1303 aegre
2061 1232 2158 1285 ad-

583 1324 799 1376 modum
839 1338 1053 1392 passus,
1104 1323 1380 1378 hominem
1413 1323 1722 1387 admonuit,
1754 1337 1824 1379 ne
1862 1321 1948 1378 his
1973 1320 2158 1377 verbis

582 1415 658 1468 uti
692 1422 1077 1482 prresumeret;
1115 1413 1212 1470 sed
1246 1413 1430 1484 potius
1464 1412 1690 1483 supplex
1734 1413 1845 1469 Deo
1895 1420 2023 1468 vota
2075 1410 2158 1465 fa-

581 1516 754 1569 ceret,
802 1514 861 1561 nt
900 1515 1009 1560 tam
1053 1505 1107 1562 in
1152 1505 1256 1562 hac
1296 1521 1462 1577 quam
1515 1508 1569 1562 in
1617 1505 1797 1563 futura
1847 1505 1984 1574 vita,
2029 1519 2159 1562 cen-

592 1600 699 1656 seri
736 1600 877 1656 inter
920 1598 1153 1655 famulos
1194 1598 1292 1656 Dei
1328 1610 1652 1657 mereretur.

1039 1782 1196 1855 551
1246 1783 1475 1841 CAPUT
1519 1783 1705 1839 XLIX.

804 1875 1014 1948 Nuptire
1048 1874 1345 1931 Constantii
1382 1875 1634 1944 Caesaris,
1668 1876 1784 1947 ejus
1813 1875 1938 1944 ﬁlii.

649 1969 911 2026 Absoluto
942 1969 1052 2039 iam
1104 1970 1384 2026 tricesimo
1444 1970 1661 2040 imperii
1705 1983 1880 2036 anno,
1933 1966 2159 2023 secundi

582 2059 680 2116 illii
715 2059 937 2129 nuptias
977 2058 1309 2125 celebravit,
1348 2073 1475 2114 cum
1502 2058 1726 2129 majoris
1760 2064 1891 2113 natu
1940 2058 2160 2127 nuptias

583 2152 786 2208 dudum
834 2160 995 2206 antea
1029 2149 1438 2207 cclebravisset.
1478 2147 1648 2220 Epula
1686 2149 1849 2217 igitur
1889 2157 1945 2204 et
1971 2150 2161 2204 convi-

582 2245 669 2299 via
702 2244 1120 2315 praebebantur,
1157 2242 1486 2310 imperatore
1530 2241 1650 2311 ipso
1694 2241 1862 2298 tilium
1899 2256 2158 2312 sponsum

582 2334 921 2398 deducente,
969 2343 1027 2388 et
1071 2333 1362 2405 magniﬁco
1404 2346 1665 2405 apparatu
1714 2348 1958 2391 seorsum
2005 2334 2146 2390 viro-

583 2442 733 2493 rum,
784 2442 1034 2483 seorsum
1072 2426 1365 2482 mulierum
1416 2438 1618 2483 castum
1672 2427 2000 2497 excipiente.
2052 2426 2160 2483 Sed

580 2529 637 2573 et
690 2534 913 2575 munera
971 2519 1416 2590 splendidissima
1463 2520 1781 2577 civitatibus
1827 2535 1892 2577 ac
1947 2521 2160 2591 populis

584 2609 779 2666 divisa.

1197 2789 1429 2847 CAPUT
1477 2790 1543 2848 L.

835 2881 1047 2954 Logatio
1080 2891 1128 2939 et
1176 2898 1394 2937 munera
1431 2883 1496 2937 ab
1532 2882 1685 2938 Indis
1723 2884 1910 2940 missa.

663 2976 868 3031 Eodem
905 2988 1147 3048 tempore
1170 2978 1427 3033 Indorum
1456 2977 1548 3047 qui
1577 2978 1642 3030 ad
1684 2979 1953 3033 orientem
1990 2977 2161 3033 solem

587 3067 848 3130 incolunt,
886 3069 1050 3140 legali
1088 3072 1384 3136 advenere,
1431 3070 1571 3124 dona
1628 3068 1952 3127 afferentes:
1986 3071 2162 3127 varias

1291 318 1561 375 EUSEBII
1600 317 2081 376 CESARIENSIS
2118 315 2270 373 OPP.
2310 311 2492 367 PARS
2529 311 2569 366 Ι.
2611 341 2680 352 --
2720 304 3109 364 IIISTORICA.

3655 308 3752 365 ίῖῡε)

2778 418 3173 478 ΚΕΨΑΔΑΙΟΝ
3203 419 3343 474 MH’.

2262 528 2470 591 Ὅπως,
2510 526 2669 586 τινὸς
2707 520 2861 591 ἄγαν
2904 515 3295 597 ἐπαινοῦμος
3315 555 3332 580 ν
3379 514 3487 568 οὐκ
3531 517 3753 590 ἠνέσχετο

2817 592 3295 643 Κωνσταντινος.

2871 602 3295 651 mataras-0c.

2326 687 2437 743 Kal
2468 685 2531 758 δὴ
2568 684 2770 738 τούτων
2802 683 3057 736 ἀπάντων
3081 679 3193 748 (24)
3241 680 3660 750 συντελουμένων,
3689 685 3755 740 ta

2261 780 2436 851 στόμα
2454 795 2516 831 τε
2542 776 2693 849 παρὰ
2717 777 2847 829 πᾶσι
2877 773 2986 827 τῶν
3012 772 3115 842 τῆς
3135 769 3300 825 αὑτοῦ
3327 770 3466 825 κατά
3482 771 3598 826 Θεὸν
3619 775 3755 846 ἀρέπῆ

2262 872 2571 944 βοωμένων,
2599 869 2707 924 τῶν
2750 866 2842 921 τοῦ
2874 865 3010 920 Θεοῦ
3036 863 3370 935 λειτουργῶν
3416 881 3497 930 τις
3527 865 3755 941 ἀποτολμή-

2262 983 2383 1028 σας,
2440 966 2520 1027 είς
2583 961 2748 1018 αὑτοῦ
2811 961 3101 1034 πρόσωπον
3165 959 3432 1032 μακάριον
3482 959 3624 1013 αὐτὸν
3669 961 3755 1015 ἀπί-

2262 1072 2464 1127 φηνεν,
2520 1054 2604 1108 ὃτι
2656 1053 2719 1124 δὴ
2778 1053 2880 1106 κάν
2935 1050 3014 1122 τῷ
3081 1048 3309 1122 παρόντι
3384 1048 3478 1119 βίῳ
3537 1051 3621 1121 τῆς
3667 1055 3756 1109 uti

2259 1149 2476 1203 πάντων
2524 1144 2999 1218 αύτοκρατορικῆς
3056 1141 3334 1214 βασιλείας
3387 1139 3653 1211 ἠξιωμένος
3690 1145 3756 1213 εἴη.

2259 1241 2364 1295 κάν
2425 1238 2505 1311 τῷ
2573 1237 2818 1311 μέλλοντι
2877 1233 3296 1307 συμϐασιλεύειν
3366 1232 3537 1305 μέλλοι
3576 1233 3641 1304 τῷ
3683 1235 3756 1306 Titi

2258 1332 2352 1387 τοῦ
2422 1328 2589 1386 Θεοῦ.
2665 1330 2724 1384 '0
2774 1328 2832 1383 δὲ
2897 1326 3154 1398 ἀπεχθῶς
3207 1327 3309 1398 τῆς
3373 1325 3545 1395 φωνῆς
3595 1326 3758 1381 ἐπακού-

2262 1441 2380 1489 σας,
2439 1421 2514 1495 μὴ
2546 1420 2771 1477 τοιαῦτα
2801 1420 3006 1491 τολμᾷν
3054 1418 3290 1490 παρῄνει
3336 1416 3654 1487 φθέγγεσθαι,
3673 1420 3757 1490 μθ.

2257 1514 2347 1569 λον
2397 1514 2455 1568 δὲ
2503 1513 2568 1567 δι’
2615 1513 2782 1585 εὐχῆς
2821 1510 3088 1565 αἰτεῖσθαι
3129 1510 3301 1581 αύτῷ,
3356 1508 3551 1579 κάντῷ
3580 1510 3753 1582 παρόντι,

2258 1604 2362 1657 κάν
2407 1601 2486 1673 τῷ
2523 1601 2790 1673 μέλλοντι,
2824 1601 2925 1673 τῆς
2961 1598 3055 1654 τοῦ
3097 1599 3231 1654 Θεοῦ
3276 1599 3515 1664 δουλείας
3555 1599 3673 1666 ἄξιον
3695 1621 3754 1671 σε·

2259 1699 2433 1767 νῆναι.

2780 1783 3177 1839 ΚΕΦΑΛΛΙΟΝ
3205 1782 3347 1837 ΜΘ’.

2366 1875 2556 1949 Γάμοι
2577 1878 2999 1933 Κωνσταντίου
3026 1876 3161 1931 υἱοῦ
3189 1875 3401 1940 αὐτοῦ,
3426 1877 3695 1944 Καίσαρος.

2348 1968 2562 2040 Ἐπειδὴ
2587 1968 2643 2022 δὲ
2675 1968 2770 2021 καὶ
2795 1969 2824 2021 ὁ
2846 1967 3272 2039 τριακονταέτης
3293 1965 3442 2038 αύτῷ
3461 1968 3550 2039 τῆς
3569 1967 3759 2038 βασιλείας

2260 2059 2625 2133 διεπεραίνετο
2672 2061 2883 2133 χρόνος,
2919 2060 2997 2132 τῷ
3035 2060 3274 2133 δευτέρῳ
3312 2060 3422 2114 τῶν
3454 2060 3629 2115 παίδων
3664 2080 3757 2114 συνε-

2261 2152 2405 2206 τέλει
2437 2153 2670 2223 γάμους,
2696 2151 3061 2214 παλαιτάτους
3080 2168 3151 2204 τε
3185 2150 3327 2205 κάπὶ
3359 2150 3451 2205 τοῦ
3478 2152 3754 2224 crassiori?»

2262 2244 2374 2315 (25)
2406 2243 2503 2316 τὴν
2537 2242 2756 2316 ἠλικίαν
2784 2241 3236 2315 διαπραξάμενος.
3273 2241 3464 2296 Θαλίαι
3490 2242 3547 2313 δὴ
3574 2245 3649 2299 καὶ
3668 2245 3756 2296 ἐστι·

2263 2336 2413 2400 άσεις
2444 2337 2660 2408 ἦγοντο,
2710 2330 3203 2406 νυμφοστολοῦντος
3253 2334 3421 2389 αὐτοῦ
3464 2334 3679 2406 βασιλέως
3700 2334 3755 2387 τὴν

2263 2430 2449 2499 παῖδα,
2502 2428 2788 2493 ἑστιῶντός
2822 2445 2883 2483 τε
2927 2427 3195 2500 λαμπρῶς
3234 2428 3336 2481 καὶ
3377 2428 3756 2497 ωμποσιάζοντος,

2261 2515 2364 2575 ὦδε
2412 2520 2513 2591 μὲν
2547 2520 2763 2593 ἀνδρῶν
2797 2519 3025 2584 θιάσοις,
3068 2518 3349 2587 γυναικῶν
3380 2518 3425 2571 δ’
3456 2519 3758 2589 ἀφωρισμένοις

2263 2613 2519 2684 ἀλλαχόθι
2547 2616 2728 2685 χοροῖς
2747 2631 2761 2644 ⁸
2796 2612 3063 2677 διαδόσεις
3093 2629 3154 2665 τε
3192 2610 3450 2664 πλούσιαι
3479 2610 3758 2680 χαρισμάτων,

2263 2706 2456 2778 δήμοις
2477 2707 2593 2778 ἅμα
2621 2708 2715 2761 καὶ
2742 2706 2961 2760 πόλεσιν
2995 2705 3324 2777 ἐδωροῦντο.

2816 2796 3215 2852 ΚΕΦΑΛΔ-ιΟΝ
3244 2797 3334 2849 Ν.

2652 2887 2850 2943 Ἰνδῶν
2888 2890 3171 2958 πρεσϐειά
3202 2888 3307 2943 καὶ
3332 2888 3501 2958 δῶρα.

2350 2978 2436 3031 Ἐν
2458 2977 2632 3048 τούτῳ
2664 2977 2719 3031 δὲ
2748 2979 2842 3033 καὶ
2872 2979 3047 3034 Ἰνδῶν
3070 2979 3179 3032 τῶν
3214 2980 3356 3051 πρὸς
3375 2981 3627 3052 ἀνίσχοντα
3645 2979 3755 3049 ἥλιον,

2268 3068 2525 3141 πρέσϐεις
2559 3069 2814 3140 ἀπήντων
2846 3068 2994 3142 δῶρα
3026 3069 3366 3141 κομίζοντες·
3394 3070 3514 3142 γένη
3537 3070 3576 3125 δ’
3598 3066 3651 3141 ἦν
3676 3087 3758 3122 παν-

585 3159 845 3214 videlicct
881 3175 1129 3229 gemmas
1155 3159 1413 3230 exquisiti
1446 3158 1674 3228 fulgoris
1708 3174 1773 3214 ac
1801 3159 1986 3229 pretii;
2020 3159 2163 3216 feras

2268 3164 2383 3215 τοῖα
2417 3159 2897 3233 ὲξαστραπτόντων
2935 3159 3240 3214 πολυτελῶν
3284 3160 3463 3223 λίθων,
3504 3160 3601 3225 ζῶα
3621 3177 3663 3212 τε
3693 3160 3756 3211 uiri

586 3266 804 3322 quoque
849 3252 1021 3307 forma
1060 3261 1224 3319 atque
1267 3250 1448 3306 indole
1490 3248 1707 3319 penitus
1751 3264 1782 3304 a
1815 3250 2021 3306 nostris
2056 3250 2165 3307 dis-

586 3353 897 3413 crepantes.
942 3342 1074 3411 Quae
1115 3342 1301 3397 omnia
1341 3342 1666 3410 imperatori
1710 3340 2042 3409 oﬂ'erentes,
2093 3354 2169 3400 te-

588 3435 878 3490 stabantur
904 3435 971 3488 ad
1012 3434 1191 3503 ipsum
1221 3448 1393 3502 usque
1425 3432 1698 3488 Oceanum
1735 3433 2022 3504 imperium
2050 3434 2167 3506 ejus

588 3528 846 3593 extendi,
891 3528 1174 3598 gentisque
1228 3526 1480 3581 Indorum
1520 3526 1799 3596 principes
1832 3543 1898 3582 ac
1926 3528 2164 3599 regulos,

592 3622 754 3692 pictis
809 3620 1007 3677 tabulis
1048 3628 1104 3675 et
1165 3620 1363 3675 statuis
1405 3617 1457 3672 in
1489 3618 1752 3674 honorem
1784 3618 1900 3688 eius
1940 3620 2165 3686 erectis,

595 3715 979 3783 imperatorem
1032 3726 1098 3765 ac
1140 3725 1323 3780 regem
1372 3722 1432 3764 se
1477 3708 1627 3763 illum
1664 3723 1966 3781 agnoscere
2003 3711 2165 3781 proli-

592 3807 715 3859 teri.
754 3806 833 3860 Ac
874 3806 927 3860 in
969 3805 1087 3875 ipso
1112 3804 1334 3873 quidem
1381 3802 1722 3874 principatus
1758 3803 1876 3874 ejus
1919 3804 2166 3869 exordio,

592 3899 751 3969 primi
793 3897 1037 3953 omnium
1069 3895 1319 3952 Britanni
1366 3896 1435 3951 ad
1470 3895 1862 3951 occidentalem
1903 3911 2166 3951 oceanum

592 3991 781 4060 positi,
828 4005 950 4046 sese
989 3990 1141 4044 i'lius
1189 3989 1381 4044 ditioni
1438 3988 1817 4058 subjecerunt:
1863 4003 2007 4043 nunc
2041 4003 2168 4044 vero

594 4083 709 4137 ludi
743 4085 812 4139 ad
859 4083 1127 4138 orientem
1177 4082 1348 4137 solem
1388 4080 1731 4147 incolentes,
1779 4080 1924 4136 idem
1961 4080 2165 4137 fecere.

1201 4168 1431 4228 CAPUT
1465 4170 1549 4225 LI.

593 4262 869 4332 Quomodo
904 4263 1309 4327 Constantinus,
1345 4260 1514 4316 diviso
1540 4262 1596 4317 in
1625 4272 1728 4320 tres
1753 4261 1894 4331 ﬁlios
1924 4262 2167 4332 imperio,

666 4353 751 4391 eos
782 4347 831 4390 et
860 4336 1118 4405 regnandi
1152 4342 1268 4387 arte
1301 4342 1350 4386 et
1380 4332 1593 4401 pietatis
1625 4333 1807 4403 ofﬁciis
1842 4334 2095 4389 instituit.

668 4427 805 4483 Cum
859 4426 1025 4496 igitur
1071 4434 1371 4494 utrumque
1434 4426 1731 4480 terminum
1798 4425 1949 4482 orbis
2001 4434 2171 4482 terra-

2273 3252 2399 3322 παρ’
2426 3252 2556 3322 ἡμῖν
2587 3252 2945 3321 ἐγνωσμένων
2972 3250 3369 3304 ὲναλλάττοντα
3390 3252 3480 3323 τὴν
3502 3249 3657 3320 φύσιν
3680 3249 3755 3319 itii,

2272 3343 2546 3414 προσῆγον
2572 3341 2651 3414 τῷ
2675 3342 2903 3414 βασιλεῖ,
2920 3343 3020 3417 τὴν
3040 3345 3121 3408 είς
3149 3344 3319 3397 αὐτὸν
3354 3344 3582 3398 Ὠκεανὸν
3600 3342 3681 3413 (9.6)
3701 3342 3756 3410 6r,-

2272 3436 2491 3501 λοῦντες
2512 3435 2676 3489 αὐτοῦ
2701 3437 2989 3509 κράτησιν,
3022 3437 3117 3490 καὶ
3145 3436 3221 3500 ὡς
3250 3439 3306 3492 οἱ
3336 3437 3436 3508 τῆς
3478 3436 3622 3491 Ἰνδῶν
3638 3433 3755 3505 χώρας

2273 3528 2667 3601 καθηγεμόνες,
2703 3529 2924 3583 εἰκόνων
2961 3532 3222 3601 γραφαῖς,
3270 3530 3579 3601 ἀνδριάντων
3600 3530 3635 3582 τ’
3654 3528 3756 3581 αὑτὸν

2273 3621 2584 3692 ἀναθήμασι
2612 3620 2898 3691 τιμῶντες,
2935 3622 3318 3695 αὐτοκράτορα
3351 3624 3442 3676 καὶ
3471 3621 3651 3694 βασιλέα
3669 3638 3757 3689 γνω-

2277 3711 2446 3784 ρίζειν
2477 3713 2806 3783 ὡμολόγουν.
2850 3714 3162 3786 Ἀρχομὲνῳ
3188 3715 3292 3786 μὲν
3319 3715 3417 3785 τῆς
3449 3715 3670 3786 βασιλείας
3686 3711 3756 3782 (27)

2274 3804 2444 3874 αὐτῷ,
2465 3806 2515 3858 οἱ
2546 3804 2683 3876 πρὸς
2704 3805 2855 3875 ἥλιον
2881 3803 3106 3884 δύνοντα
3137 3806 3369 3879 ὠκεανῷ
3393 3802 3757 3878 Βρεττανοὶ,

2271 3918 2353 3953 τοι
2382 3898 2868 3961 καθυπετάττοντο,
2917 3898 3011 3952 νῦν
3043 3900 3089 3953 δ’
3147 3901 3331 3955 Ἰνδῶν
3375 3902 3423 3954 οἱ
3474 3902 3559 3974 τὴν
3585 3900 3685 3971 πρὸς
3699 3898 3756 3950 ἀν-

2278 3992 2491 4063 ίσχοντα
2519 3990 2671 4063 ἥλιον
2703 3991 2980 4062 λαχόντες.

2792 4167 3187 4221 ΚΕΦΑΛΑΙΟΝ
3223 4169 3352 4222 ΝΑ’.

2278 4260 2466 4324 Ὅπως
2483 4257 2609 4324 τοῖς
2630 4258 2827 4326 τρισὶν
2860 4259 3012 4325 υἱοῖς
3035 4263 3483 4327 Κωνσταντῑγος
3502 4257 3670 4313 διελὼν
3684 4253 3753 4321 τὴν

2344 4327 2561 4397 ἀρχὴν,
2598 4328 2671 4382 τὰ
2688 4329 2987 4393 ,βασιλικὰ
3007 4331 3137 4399 μετ’
3162 4333 3470 4398 εὐσεϐείας
3495 4327 3704 4398 διηγεῖτο.

2358 4421 2444 4485 Ὡς
2474 4416 2565 4475 οὖν
2593 4422 2867 4493 ἑκατέρων
2897 4423 3006 4475 τῶν
3030 4423 3217 4497 ἄκρων
3242 4427 3341 4497 τῆς
3383 4426 3500 4497 ὅλης
3524 4421 3750 4491 οἰκουμένης

595 4535 716 4575 rum
755 4522 855 4575 sub
902 4528 1223 4589 potestatem
1275 4535 1429 4574 suam
1484 4519 1817 4593 redegisset,
1864 4519 2032 4575 totius
2071 4521 2165 4572 im-

2275 4515 2514 4585 ὲκράτει,
2569 4514 2666 4585 τὴν
2713 4514 3006 4587 σύμπασαν
3053 4516 3154 4587 τῆς
3196 4516 3468 4587 βασιλείας
3507 4510 3750 4587 ἀρχὴντριςὶ

592 4612 730 4683 perii
787 4626 1051 4668 summam
1129 4613 1278 4668 velut
1326 4620 1610 4683 paternam
1660 4612 1950 4680 quamdam
2002 4610 2172 4666 haereo

668 4856 780 4929 (24)
809 4854 921 4909 Καὶ
952 4853 1028 4923 δὴ
1055 4855 1280 4929 τούτων
1299 4852 1600 4929 ἁπάντων.
1625 4852 1759 4929 Tota
1786 4852 1900 4929 haec
1919 4850 2172 4929 periodus

598 4920 774 4996 usque
801 4931 867 4980 ad
889 4920 1074 4981 vocem
1104 4925 1391 4996 ἀπέφηνεν
1423 4965 1438 4996 ,
1469 4927 1654 4978 deerat
1689 4924 1743 4976 in
1784 4920 1972 4996 codice
2002 4920 2171 4996 Regio

598 5008 657 5052 et
686 4991 761 5051 'in
810 4996 1046 5051 editione
1100 4991 1249 5049 Rob.
1289 4991 1601 5065 Stephani:
1653 5006 1817 5065 quam
1871 4991 1973 5044 viri
2026 4991 2171 5045 docti

602 5068 787 5122 nescio
832 5076 1015 5120 utrum
1065 5081 1131 5119 ex
1183 5062 1569 5133 manuscriptis
1626 5062 1927 5133 codicibus,
1978 5076 2077 5133 an_
2108 5076 2175 5133 ex

601 5138 911 5204 conjectura
942 5136 1345 5205 suppleverunt.
1383 5128 1624 5189 Tandem
1655 5146 1783 5205 vero
1820 5132 2016 5205 codex_
2037 5128 2173 5205 Fuk.

604 5201 922 5268 nos'docnit.
952 5201 1068 5260 haec
1098 5207 1237 5260 bona
1263 5206 1367 5260 [ide
1398 5221 1465 5258 ex
1487 5201 1874 5271 manuscriptis
1901 5201 2177 5255 codicibus

603 5280 769 5333 fuisse
800 5275 1073 5344 suppleta.

673 5349 784 5421 (‘25)
823 5339 1242 5421 Hu'latrdtouq_
1269 5360 1342 5421 _ze
1393 5343 1536 5421 ξιςὶπὶ
1588 5341 1713 5421 τοῦ.
1745 5339 2172 5421 πρεσϐυτέρου.

606 5411 1108 5504 scribettd'nntbsine
1158 5416 1318 5504 dubio
1347 5414 1514 5468 πάλαι
1563 5412 1728 5466 ταύτὸ
1753 5412 1890 5466 κάπὶ
1936 5411 2168 5483 τοῦπρ.

600 5492 701 5562 τὴν
724 5488 941 5560 ἡλικίαν
958 5484 1414 5607 διαπραξάμενος.
1641 5554 1653 5564 .
1997 5550 2009 5563 .

640 5630 645 5631 γ
676 5560 790 5631 ('16)
823 5560 945 5631 ΕἰςΔ
976 5558 1089 5610 αὐτ
1112 5573 1163 5631 ,ν
1195 5554 1479 5631 {enecta-dm
1538 5552 1893 5631 Scribendum
1961 5551 2174 5631 Videtur

604 5621 1175 5693 εἰςἀὐτῶνἰῐ›κεανόν.
1205 5625 1262 5677 Id
1295 5634 1397 5686 est,
1435 5640 1597 5690 usque
1624 5624 1691 5674 ad
1722 5622 1985 5677 Oceanum
2012 5621 2171 5693 findi-

603 5692 744 5751 cum.
800 5699 966 5750 Porro
1014 5698 1174 5761 hujus
1229 5695 1511 5763 legationis
1562 5692 1756 5747 Indicae
1798 5701 1963 5763 caput
1997 5692 2174 5763 fuisse

609 5768 819 5822 videtur
849 5764 1184 5822 Metrodorus
1239 5761 1617 5834 philosOphus;
1658 5763 1753 5834 qui
1797 5761 1866 5819 ab
1916 5761 2173 5821 Indorum

2272 4609 2385 4671 τοῖς
2425 4605 2591 4659 αὐτοῦ
2623 4606 2800 4678 διῄρει
2843 4608 3056 4674 παισὶν,
3084 4603 3173 4663 οἷά
3211 4627 3332 4664 τινα
3373 4607 3600 4680 πατρῴαν
3627 4602 3749 4656 οὐσίαν

2278 4852 2682 4926 regeplurimas
2716 4867 2961 4926 gemmas
2991 4865 3045 4909 et
3075 4854 3306 4911 uniones
3337 4854 3402 4909 ad
3427 4849 3743 4926 Constantinus!

2279 4920 2493 4987 detulit,
2552 4920 2827 4990 multodue
2875 4925 3026 4992 plura
3058 4925 3349 4980 allaturum
3374 4940 3430 4980 se
3464 4924 3604 4979 fuisse
3629 4920 3741 4975 ﬁnxit.

2277 4995 2377 5049 nisi
2406 4994 2697 5048 Persarum
2716 5008 2821 5065 rex
2844 4995 2951 5065 sibi
2989 5010 3085 5062 per
3111 5012 3298 5065 agrum
3349 4994 3605 5050 Persarum
3630 5000 3744 5065 trans-

2274 5065 2421 5117 eunti
2457 5078 2520 5118 ea
2551 5063 2891 5120 abstulisset.
2921 5058 3039 5130 Qun
3087 5058 3370 5120 mEndacio
3400 5067 3617 5118 inductus
3651 5058 3743 5130 (ξφα

2276 5134 2579 5206 stantinus,
2620 5136 2748 5187 dum
2782 5128 3198 5206 rapta—avidius
3233 5136 3570 5206 persequitur,
3613 5128 3741 5206 belli!!!

2276 5204 2554 5258 Persicum
2579 5205 2893 5267 commovit,
2910 5214 2963 5256 ut
2981 5206 3222 5260 scribunt
3238 5205 3500 5261 Cedrcuus
3519 5214 3564 5256 et
3581 5204 3744 5267 Ammia-

2276 5289 2377 5344 nus
2409 5272 2777 5328 Marcellinus.
2831 5272 2936 5329 Sed
2968 5273 3247 5344 Cedrenns
3274 5290 3487 5344 prorsus
3515 5272 3654 5326 alieno
3671 5266 3744 5344 loco

2275 5343 2328 5415 id
2356 5344 2544 5408 refert,
2569 5358 2712 5415 anno
2737 5344 2958 5399 scilicet
2989 5337 3330 5400 Constantini
3382 5345 3541 5415 primo
3566 5354 3617 5393 ac
3652 5337 3744 5412 vice:

2275 5413 2452 5478 simo;
2480 5429 2604 5468 cum
2661 5413 2712 5466 id
2760 5415 3012 5468 conferre
3063 5415 3335 5471 debuisset
3382 5412 3445 5469 in
3490 5412 3742 5468 Constanltnl

2276 5498 2478 5537 annuum
2517 5486 2751 5552 primum
2822 5500 2885 5537 ac
2938 5487 3287 5539 tricesimum.
3341 5484 3449 5539 Hoc
3493 5483 3611 5537 enim
3653 5484 3747 5528 anno

2277 5563 2435 5621 rupta
2463 5566 2547 5607 est
2572 5568 2672 5620 pax
2704 5554 2844 5606 inter
2877 5554 3151 5611 Romanos
3180 5568 3232 5609 et
3260 5555 3462 5608 Persas.

2348 5608 2455 5691 (27)
2474 5693 2479 5694 ν
2498 5608 2817 5693 Ἀρχομένφ
2835 5624 2952 5694 μὲν
2966 5608 3112 5693 ⁷τῆς⁷
3128 5608 3458 5690 magna
3481 5620 3628 5676 Codex
3653 5608 3741 5667 Fat

2276 5693 2563 5766 ἀρχομένῳ
2585 5694 2683 5766 μὲν
2716 5693 2951 5766 eam:
2989 5694 3114 5765 βασι
3153 5696 3371 5766 Schema
3413 5701 3571 5748 autem
3600 5694 3743 5741 *δίεπ’

2275 5760 2563 5836 ἀρχομένω
2586 5760 2699 5835 ’μὲν
2724 5760 2840 5834 οὖν,
2866 5760 3013 5837 quod
3048 5767 3217 5837 magis
3237 5765 3424 5837 placet.
