3882 6262
46 382 181 438 1201

1159 386 1248 441 ne
1287 386 1450 442 VlTA
1488 368 1944 442 CONSTANTINI
1986 384 2111 444 LIB.
2155 385 2246 443 tv.

3171 384 3310 440 1202

42 501 161 563 τοῖς
191 500 358 554 αὐτοῦ
405 502 738 575 κληροδοτῶν
768 504 1073 574 φιλτάτοις·
1108 503 1204 575 τὴν
1233 505 1329 574 μὲν
1367 500 1459 557 οὖν
1494 521 1623 556 παπ-

1744 505 1968 560 ditatetu
2023 502 2520 560 necessitudinibus
2567 503 2680 560 suis
2711 501 3057 574 dispertiens,
3093 501 3149 557 in
3197 512 3308 556 tres

47 592 208 662 πῴαν
249 593 400 665 λῆξιν
439 595 518 666 τῷ
561 596 784 667 μείζονι,
818 597 916 667 τὴν
955 598 1010 650 δὲ
1046 597 1146 668 τῆς
1187 597 1326 667 ἑῴας
1359 597 1528 669 ἀρχὴν
1555 598 1632 668 τῷ

45 685 310 756 δευτέρῳ,
365 687 463 757 τὴν
506 687 562 740 δέ
604 689 807 743 τούτων
851 691 1020 760 μέσην
1067 689 1145 760 τῷ
1193 691 1358 760 τρίτῳ
1397 690 1629 761 διένεμε.

46 777 272 848 Κλῆρον
296 778 342 830 δ’
373 779 574 847 ἀγαθὸν
605 781 699 835 καὶ
726 781 904 852 ψυχῆς
929 783 1192 851 σωτήριον
1217 785 1325 846 τοῖς
1351 783 1513 836 αὐτοῦ
1539 802 1635 838 πο-

47 868 356 938 ριζόμενος,
387 870 454 924 τά
483 871 790 937 θεοσεϐείας
817 875 998 938 αὐτοῖς
1032 875 1159 928 ἐνίει
1186 876 1492 946 σπέρματα,
1520 875 1632 930 θεί-

44 976 130 1023 οις
159 962 260 1030 μὲν
293 965 550 1034 προάγων
588 965 872 1037 μαθήμασι
904 967 1038 1037 28),
1074 967 1422 1030 διδασκάλους
1464 969 1508 1021 δ’

45 1053 226 1117 ιστὰς,
253 1054 500 1126 εὐσεϐείᾳ
525 1057 1007 1130 δεδοκιμασμένους
1028 1060 1244 1132 ἄνδρας,
1267 1061 1358 1114 καὶ
1380 1059 1485 1113 τῶν
1512 1060 1636 1125 ἔξω·

41 1141 142 1196 θεν
162 1144 223 1196 δέ
245 1145 418 1215 λόγων
461 1147 779 1220 καθηγητὰς
811 1151 1047 1223 ἐτέρους,
1089 1153 1326 1222 ἥκοντας
1357 1156 1436 1217 είς
1467 1155 1633 1225 ἄκρον

42 1234 421 1300 παιδεύσεως·
455 1238 602 1292 ἄλλοι
634 1241 946 1312 πολεμικῶν
977 1244 1158 1307 αὐτοῖς
1195 1242 1420 1315 ἐξῆρχον
1458 1244 1633 1314 μαθη-

43 1323 258 1393 μάτων,
309 1326 485 1399 ἕτεροι
539 1329 646 1383 τῶν
689 1330 979 1385 πολιτικῶν
1015 1332 1390 1404 ἐπιγνώμονας
1439 1333 1633 1396 αὐτοὺς

39 1417 345 1484 καθίστων,
384 1422 435 1474 οἱ
466 1422 522 1475 δὲ
542 1423 720 1493 νόμων
747 1425 1044 1496 ἐμπείρους
1091 1426 1424 1496 εἰργάζοντο.
1465 1426 1632 1478 Βασι-

40 1507 172 1580 λικὴ
201 1511 246 1564 δ’
290 1513 506 1585 ἑκάστῳ
532 1515 641 1567 τῶν
689 1517 894 1570 παίδων
938 1518 1248 1590 κεκλήρωτο
1283 1519 1628 1590 παρασκευὴ,

41 1601 284 1668 ὁπλῖται,
324 1605 631 1679 δορυφόροι,
691 1609 1169 1678 σωματοφύλακες,
1213 1612 1634 1682 στρατευμάτων

42 1708 102 1744 τε
125 1695 387 1765 τάγματα
425 1701 652 1752 παντοῖα
673 1718 684 1730 ·
732 1702 935 1754 τούτων
962 1703 1017 1756 δὲ
1049 1702 1440 1774 καθηγεμόνες,
1478 1703 1636 1773 λοχα-

41 1789 150 1854 γοὶ,
203 1793 522 1860 στρατηγοὶ,
567 1793 868 1865 ταξίαρχοι,
902 1789 974 1848 ὧν
1017 1795 1111 1866 τῆς
1138 1798 1194 1848 ἐν
1231 1795 1485 1864 πολέμοις
1515 1798 1632 1850 ἐπι-

1741 598 1882 654 ﬁlios
1929 597 2135 654 divisit.
2192 596 2258 651 Et
2304 597 2503 649 avitam
2551 594 2767 664 quidem
2818 603 3019 650 sortem
3067 592 3307 648 maximo

1728 699 1897 754 natu;
1945 689 2103 744 alteri
2134 702 2263 742 vero
2294 685 2533 742 Orientis
2565 687 2872 756 imperium;
2905 684 3134 739 mediam
3166 685 3308 740 inter

1736 780 1834 834 has
1869 781 2176 849 portionem
2219 779 2370 847 regni
2407 778 2567 830 tertio
2618 777 2728 831 ﬁlio
2766 777 2968 829 tribuit.
3023 773 3142 829 Jatn
3179 789 3308 832 vero

1735 887 1858 926 cum
1889 872 2148 939 optimam
2180 870 2367 924 liberis
2403 869 2518 924 suis
2555 869 2955 930 ltmreditatem,
2995 877 3050 919 et
3084 865 3148 919 ad
3194 864 3311 920 ani-

1736 979 1834 1018 ma:
1861 964 2091 1018 salutem
2132 963 2400 1033 imprimis
2443 960 2626 1016 utilem
2661 975 2852 1030 parare
2879 961 3058 1024 vellet,
3091 959 3310 1029 pietatis

1735 1055 1940 1109 semina
1991 1071 2178 1109 eorum
2224 1054 2499 1108 mentibus
2550 1052 2842 1122 inspersit,
2873 1051 3070 1120 partim
3112 1049 3309 1104 divinis

1735 1148 2082 1203 documentis
2131 1146 2249 1215 ipse
2287 1158 2380 1198 eos
2430 1143 2714 1207 imbuens,
2768 1142 2966 1210 partim
3023 1141 3311 1210 magistros

1735 1241 1816 1294 eis
1863 1254 2144 1309 apponens
2189 1247 2483 1306 compertae
2531 1235 2812 1304 religionis
2867 1234 3028 1288 viros.
3070 1231 3308 1288 Saecula-

1736 1327 1874 1381 rium
1937 1341 2151 1396 quoque
2225 1324 2635 1392 disciplinarum
2726 1323 3090 1404 peritissimos
3144 1321 3307 1394 552

1737 1421 1988 1476 doctores
2021 1420 2210 1474 iisdem
2260 1418 2526 1490 praefecit.
2575 1416 2679 1470 Alii
2713 1415 2924 1472 bellicae
2956 1417 3095 1470 artis
3132 1419 3310 1471 scien-

1737 1513 1846 1576 tia,
1894 1511 1985 1565 alii
2039 1511 2278 1566 civilium
2334 1527 2516 1566 rerum
2579 1511 2865 1580 praeceptis
2917 1523 3012 1564 eos
3047 1507 3308 1564 informa-

1735 1606 1899 1664 bant;
1937 1605 2027 1658 alii
2077 1604 2316 1674 denique
2346 1605 2487 1674 juris
2527 1604 2838 1673 prudentia.
2872 1601 3044 1657 Porro
3083 1599 3309 1670 singulis

1739 1695 1973 1750 tributus
2007 1703 2124 1750 erat
2157 1696 2348 1764 regalis
2381 1704 2680 1766 apparatus
2721 1713 2734 1746 τ
2767 1693 2990 1749 scutarii
3013 1731 3029 1755 ,
3083 1691 3304 1759 hastati,

1737 1796 2116 1857 protectores,
2159 1800 2212 1843 et
2246 1787 2486 1856 legiones
2529 1803 2592 1841 ac
2627 1788 2835 1842 numeri
2879 1787 3165 1852 militares,
3207 1801 3308 1841 eo-

43 1876 278 1945 στήμης,
323 1878 424 1948 τῆς
466 1897 524 1933 τε
556 1883 690 1953 πρὸς
725 1884 920 1948 αὐτοὺς
948 1887 1155 1950 εὐνοίας
1187 1888 1214 1938 ὁ
1243 1885 1421 1958 πατὴρ
1449 1905 1623 1958 προει-

1735 1894 1960 1948 rumque
1996 1891 2239 1936 rectores
2280 1897 2292 1932 :
2328 1880 2679 1934 centuriones
2703 1919 2718 1945 ,
2757 1879 2958 1934 tribuni
3009 1893 3074 1932 ac
3116 1880 3307 1945 duces,

39 1964 200 2036 λήψει
234 1969 336 2041 τὴν
372 1975 582 2044 πεῖραν.

560 2247 954 2302 ΚΕΦΑΛΑΙΟΝ
982 2251 1106 2304 NB’.

39 2333 230 2399 Ὅπως
260 2333 672 2404 ἀνδρωθέντας
697 2340 920 2407 αὐτοὺς
934 2345 1020 2409 εὶς
1041 2345 1352 2401 εὐσέϐειαν
1384 2346 1624 2419 ἤγαγεν.

115 2494 378 2560 Ἀπαλοῖς
425 2497 522 2567 μὲν
551 2497 644 2553 οὖν
673 2500 752 2554 ἐτι
781 2502 879 2573 τὴν
907 2502 1130 2573 ἠλικίαν
1161 2509 1271 2570 τοῖς
1305 2508 1624 2581 Καίσαρσιν,

34 2588 354 2657 ἀναγκαίως
387 2593 434 2644 οἱ
464 2593 906 2664 συμπράττοντες
942 2598 1177 2666 συνῆσαν
1207 2616 1265 2651 τε
1302 2601 1395 2653 καί¹
1420 2600 1487 2654 τὰ
1516 2620 1629 2655 κοι-

35 2681 98 2735 νὰ
129 2680 387 2750 διῴκουν,
425 2685 502 2747 είς
542 2683 740 2756 ἄνδρας
769 2673 830 2740 δὲ’
866 2687 1052 2741 λοιπὸν
1085 2690 1194 2758 (29)
1223 2691 1500 2763 προϊοῦσιν
1534 2695 1628 2748 αὐ-

32 2775 165 2836 τοῖς,
217 2776 380 2842 μόνος
424 2775 452 2826 ὁ
501 2776 683 2847 πατὴρ
716 2780 796 2841 εἰς
839 2779 1185 2837 διδασκαλίαν
1221 2786 1474 2856 ἐπήρκει,
1509 2786 1627 2840 τοτέ

37 2866 136 2933 μὲν
186 2867 483 2938 παρόντας,
517 2868 842 2935 ἰδιαζούσαις
887 2874 1188 2946 ὑποθήκαις
1241 2878 1484 2949 ζηλωτὰς
1533 2880 1628 2933 αὐο

34 2958 161 3019 τοὺς
210 2959 532 3030 παρορμῶν,
571 2963 663 3014 καὶ
717 2965 960 3036 μιμητὰς
998 2966 1099 3035 τῆς
1132 2967 1293 3020 αὐτοῦ
1323 2968 1630 3035 θεοσεϐείας

31 3049 417 3103 ἀποτελεῖσθαι
452 3051 717 3107 διδάσκων
739 3071 752 3084 ·
785 3057 906 3108 τοτέ
948 3057 992 3112 δ’
1026 3059 1225 3112 ἀποῦσι
1267 3059 1333 3113 τὰ
1375 3061 1627 3130 βασιλικὰ

33 3142 378 3211 προσφωνῶν
403 3143 539 3215 διῄει
585 3148 1018 3220 παραγγέλματα
1046 3151 1298 3223 γράφων·
1340 3146 1413 3206 ὧν
1437 3154 1498 3207 τὸ
1533 3154 1624 3226 μέο

31 3249 224 3300 γιστον
253 3229 322 3304 ἦν
363 3236 456 3288 κα)⁴
488 3237 816 3307 πρώτιστον,
848 3240 947 3311 τὴν
987 3242 1065 3304 είς
1095 3242 1184 3296 τὸν
1215 3244 1429 3298 πάντων
1470 3245 1626 3316 βασι-

29 3323 121 3379 λέα
147 3325 288 3379 Θεὸν
317 3326 517 3395 γνῶσίν
552 3346 608 3381 τε
629 3331 720 3382 καὶ
753 3331 1055 3397 εὐσέϐειαν,
1102 3333 1208 3405 πρὸ
1239 3337 1440 3400 παντὸς
1473 3337 1636 3392 πλού-

28 3433 117 3471 του
159 3419 257 3471 καὶ
295 3419 400 3486 πρὸ
441 3420 608 3491 αὐτῆς
643 3421 918 3492 βασιλείας
963 3426 1246 3495 τιμᾶσθαι.
1289 3428 1426 3500 Ἤδη
1470 3429 1513 3482 δ’
1539 3431 1633 3484 αὐ-

26 3512 140 3574 τοῖς
175 3511 270 3563 καὶ
293 3510 388 3564 τοῦ
412 3511 479 3565 δι’
501 3513 682 3567 αὐτῶν
717 3515 975 3586 πράττειν
1008 3517 1075 3569 τὰ
1099 3517 1344 3590 λυσιτελῆ
1381 3523 1491 3584 τοῖς
1512 3539 1625 3576 κοι-

29 3605 141 3666 νοῖς
195 3601 446 3669 ἐξουσίαν
486 3604 655 3658 ἐδίδου
673 3623 686 3638 ο
719 3607 814 3660 καὶ
842 3608 939 3679 τὴν
958 3609 1352 3681 Ἐκκλησίανδέ
1373 3612 1465 3666 τοῦ
1490 3614 1624 3667 Θεοῦ

26 3697 113 3750 διὰ
169 3697 449 3767 φροντίδος
479 3699 654 3767 ἄγειν,
690 3703 748 3756 ἐν
775 3701 1010 3773 πρώτοις
1049 3706 1302 3776 παρῄνει,
1349 3707 1533 3772 αὐτοῖς
1566 3726 1626 3761 τε

26 3789 333 3861 διαρρήδην
365 3791 712 3861 Χριστιανοῖς
735 3787 874 3847 εἶναι
901 3795 1316 3866 παρεκελεύετο.
1345 3799 1453 3850 Καὶ
1473 3801 1500 3851 ὁ
1527 3799 1624 3869 μὲν

29 3881 176 3935 οὕτω
206 3883 334 3945 τούς
361 3885 496 3946 υἱεῖς
524 3884 767 3955 προῆγεν
791 3903 804 3914 ·
831 3888 881 3938 οἱ
908 3887 964 3940 δέ
992 3889 1090 3958 οὐχ
1123 3889 1198 3952 ὡς
1230 3890 1295 3942 ἐκ
1322 3891 1629 3961 παραγγέλ-

30 3992 218 4044 ματος,
255 3977 1006 4051 αὐτογνώμονιδὲπροθυμίᾳ,
1024 3981 1121 4044 τὰς
1141 3981 1233 4034 τοῦ
1260 3984 1463 4054 πατρὸς
1490 4002 1626 4054 παρ-

29 4067 268 4130 αινέσεις
324 4068 722 4139 ὑπερέϐαλλον,
779 4073 846 4142 τῇ
893 4071 1028 4143 πρὸς
1062 4072 1152 4126 τὸν
1193 4074 1323 4126 Θεὸν
1361 4075 1482 4146 ὁσίᾳ
1525 4076 1625 4146 τήν

32 4177 178 4230 σφων
213 4159 456 4214 διάνοιαν
501 4163 886 4229 συντείνοντες,
917 4165 1042 4230 τούς
1074 4183 1133 4218 τε
1165 4167 1264 4238 τῆς
1299 4167 1625 4239 Ἑκκλησίας

10 4252 269 4324 ,θεσμοὺς
307 4255 363 4305 ἐν
391 4254 576 4318 αὐτοῖς
616 4254 926 4325 βασιλείοις,
965 4259 1061 4310 σὺν
1087 4261 1198 4322 τοῖς
1226 4257 1446 4323 οἰκείοις
1481 4259 1626 4312 ἄπα-

32 4361 110 4397 σιν
143 4345 521 4417 ἁπεπλήρουν.
569 4349 679 4401 Καὶ
706 4348 864 4401 τοῦτο
901 4349 944 4400 δ’
965 4349 1126 4419 ἔργον
1159 4350 1257 4422 τῆς
1287 4350 1382 4404 τοῦ
1417 4350 1622 4422 πατρὸς

31 4437 249 4508 ὑπῆρχε
284 4438 646 4509 προμηθείας,
690 4439 752 4492 τὸ
776 4440 902 4502 τοὺς
933 4441 1209 4505 συνοίκους
1234 4442 1477 4506 ἅπαντας
1503 4443 1621 4496 θεο-

1733 1971 1765 2023 ii
1815 1987 1950 2040 quos
1991 1983 2148 2041 pater
2204 1972 2254 2025 in
2309 1973 2472 2027 rebus
2525 1972 2735 2027 bellicis
2787 1971 3305 2034 exercitatissimos,

1729 2071 1784 2114 et
1828 2061 2096 2130 prmcipua
2128 2075 2256 2131 erga
2290 2061 2430 2114 ﬁlios
2467 2062 2570 2115 ﬁde
2598 2075 2664 2116 ac
2694 2060 3074 2116 benevolentia
3113 2062 3309 2132 ιη·παί-

1735 2163 1820 2207 ιοε
1854 2166 1974 2207 CSSC
2007 2165 2361 2222 cognoverat.

2322 2244 2552 2302 CAPUT
2599 2244 2710 2300 LII.

1775 2339 2050 2404 Quomodo
2090 2353 2176 2392 eos
2217 2337 2426 2459 virileu;
2453 2347 2662 2392 (etatem
2699 2339 2980 2408 ingressos,
3018 2347 3262 2408 pietatem

2433 2424 2648 2459 ocueru.

2433 2424 2648 2462 ocueru.

1803 2501 1971 2556 Porro
2001 2503 2126 2557 dum
2165 2502 2380 2557 inﬁrma
2413 2501 2594 2558 adhuc
2623 2512 2783 2558 a-Iate
2819 2503 3062 2558 Czcsares
3098 2513 3307 2570 essent,

1733 2596 1973 2649 ministri
2029 2606 2084 2649 et
2135 2594 2432 2650 consiliarii
2490 2594 2558 2648 iis
2615 2595 2858 2663 adjuncti
2918 2597 3308 2665 rempublicam

1732 2688 2125 2756 gubernabant.
2177 2687 2378 2743 Verum
2421 2688 2511 2743 ubi
2549 2688 2616 2744 ad
2668 2688 2877 2742 virilem
2918 2699 3135 2746 aetatem
3184 2703 3310 2759 per-

1733 2781 2034 2844 venissent,
2083 2779 2251 2835 solius
2297 2781 2472 2850 patris
2515 2780 2892 2851 magisterium
2945 2781 3026 2836 eis
3073 2779 3306 2836 suﬁ‘ceit.

1731 2873 1835 2938 Qui
1886 2886 2032 2926 nunc
2091 2881 2390 2942 praesentes
2446 2872 2676 2941 privatis
2739 2871 3201 2926 admonitionibus
3241 2872 3307 2925 ad

1731 2963 2140 3018 aemulationem
2181 2965 2264 3020 sui
2322 2965 2686 3034 provocabat,
2736 2964 3048 3035 exemplum
3087 2964 3310 3035 pietatis

1732 3073 1842 3112 sua:
1886 3058 1952 3113 ad
1999 3057 2323 3112 imitandum
2366 3057 2499 3127 ipsis
2534 3072 2876 3127 proponens:
2927 3071 3071 3112 nunc
3110 3055 3310 3111 absen-

1733 3149 1878 3205 tibus
1926 3149 2284 3220 imperatoria
2331 3157 2600 3218 praecepta
2655 3163 2750 3217 per
2792 3148 3002 3202 litteras
3049 3161 3306 3218 suggere-

1730 3240 1843 3296 bat.
1891 3241 2130 3309 Quorum
2181 3242 2419 3311 primum
2451 3241 2583 3295 illud
2628 3249 2683 3295 et
2719 3240 3018 3294 maximum
3069 3249 3213 3302 erat,
3251 3250 3312 3293 ut

1731 3334 1821 3389 Dei
1875 3335 2072 3390 summi
2137 3315 2380 3389 omnium
2441 3333 2583 3402 regis
2647 3333 2897 3387 notitiam
2953 3331 3305 3401 cultumque,

1729 3426 1935 3480 divitiis
1975 3427 2233 3481 omnibus
2286 3425 2498 3495 ipsique
2559 3424 2725 3478 etiam
2782 3423 3008 3493 imperio
3063 3419 3309 3478 antefer-

1730 3528 1870 3572 rent.
1915 3517 2158 3572 Tandem
2203 3532 2356 3582 vero,
2391 3527 2448 3571 ut
2490 3530 2588 3586 per
2633 3516 2845 3587 seipsos
2889 3530 3007 3584 qua:
3036 3513 3188 3568 utilia
3221 3528 3308 3568 es-

1729 3619 1850 3664 sent
1899 3609 2217 3678 reipublica:
2283 3617 2549 3678 agerent,
2599 3607 2679 3662 eis
2735 3607 3022 3676 permisit:
3081 3615 3137 3662 et
3182 3617 3310 3662 aute

1728 3702 1910 3756 omnia
1944 3702 1995 3755 id
2028 3701 2234 3757 diserte
2263 3701 2544 3770 praecepit,
2590 3707 2646 3754 ut
2689 3699 2948 3755 Ecclesiae
2994 3700 3090 3755 Dei
3118 3714 3305 3755 curam

1728 3802 2006 3864 gererent,
2039 3806 2208 3863 seque
2252 3791 2434 3863 palam
2498 3791 2844 3848 Cltristlanos
2897 3792 3304 3862 proﬁterentur.

1727 3889 1905 3958 Atque
1933 3889 2036 3942 hoc
2067 3887 2288 3956 quidem
2321 3887 2481 3940 modo
2512 3885 2652 3940 ﬁlios
2680 3885 3016 3940 instituebat.
3040 3883 3121 3938 llli
3148 3897 3307 3948 vero,

1728 3997 1837 4037 non
1892 3990 2000 4036 tam
2055 3980 2299 4051 paternis
2337 3979 2582 4045 monitis,
2632 3995 2794 4050 quam
2839 3994 2937 4035 sua
2979 3987 3173 4050 sponte
3219 3978 3306 4032 in-

1727 4074 1905 4139 citati,
1956 4081 2225 4143 praecepta
2277 4073 2523 4144 parentis
2563 4074 2644 4128 sui
2687 4073 2975 4127 alacritate
3017 4071 3185 4126 animi
3217 4086 3310 4125 su-

1728 4176 2020 4236 perarunt;
2070 4169 2267 4236 quippe
2311 4167 2404 4235 qui
2451 4168 2651 4222 divinae
2694 4165 2975 4236 religionis
3012 4165 3306 4221 observan-

1729 4261 1860 4313 tiam
1900 4273 2118 4328 semper
2152 4273 2262 4328 prae
2301 4259 2478 4314 oculis
2526 4260 2818 4324 baberent,
2853 4268 2910 4312 et
2957 4265 3176 4312 sanctos
3203 4254 3307 4310 Ec-

1724 4351 1906 4407 clesia:
1952 4353 2093 4406 ritus
2144 4351 2198 4406 in
2258 4351 2376 4421 ipso
2420 4350 2626 4421 palatio
2656 4365 2778 4405 cum
2814 4349 3090 4424 universis
3120 4348 3307 4402 dome-

1725 4442 1880 4497 sticis
1923 4441 2292 4498 custodirent.
2353 4441 2490 4496 Nam
2555 4451 2609 4498 et
2669 4442 2774 4497 hoc
2828 4449 3067 4510 paternae
3123 4439 3307 4510 provi-

31 4530 209 4593 σεεεῖς
254 4532 587 4603 παραδοῦναι
623 4535 736 4598 τοῖς
782 4535 967 4587 παισί·
1012 4533 1105 4587 καὶ
1153 4533 1260 4587 τῶν
1303 4533 1534 4606 πρώτων
1563 4535 1619 4588 δέ

1730 4537 1925 4592 dentiae
1979 4550 2116 4606 opus
2161 4535 2355 4601 fuerat,
2416 4545 2474 4588 ut
2536 4548 2644 4588 non
2695 4531 2833 4588 alios
2881 4532 3212 4587 domesticos
3252 4539 3308 4584 et

26 4622 326 4693 ταγμάτων
362 4623 473 4694 (50)
517 4624 564 4676 οἳ
591 4625 689 4697 τὴν
722 4625 830 4679 τῶν
870 4625 1065 4679 κοινῶν
1104 4625 1395 4697 ἐτύγχανον
1425 4627 1614 4682 ἀναδε-

25 4713 279 4786 δεγμένοι
310 4716 584 4788 φροντίδα,
614 4717 845 4770 τοιοῦτοί
867 4735 1010 4782 τινες
1035 4719 1282 4789 ὑπῆρχον
1300 4735 1313 4750 ο
1341 4721 1453 4782 τοῖς
1486 4719 1614 4788 γοῦν

25 4807 170 4858 κατὰ
193 4807 329 4860 Θεὸν
357 4811 566 4872 πιστοῖς
590 4808 865 4880 ἀνδράσιν,
894 4807 1082 4880 ῶσπερ
1115 4810 1252 4864 τισὶν
1276 4809 1492 4881 ὀχυροῖς
1521 4827 1616 4863 πε-

26 4898 264 4969 ριϐόλοις
290 4900 636 4971 ἠσφαλίζετο.
675 4902 826 4955 Ἐπεὶ
856 4901 912 4955 δὲ
943 4902 1035 4956 καὶ
1063 4901 1234 4956 ταῦτα
1262 4902 1480 4974 (καλῶς)
1511 4902 1616 4956 διέ-

93 5060 210 5132 (28)
248 5062 531 5134 Προάγων
571 5063 902 5134 μαθήμασι.
935 5062 1204 5118 Eusebius
1231 5062 1282 5117 in
1309 5062 1488 5129 capite
1517 5061 1607 5129 52,

28 5132 228 5205 iterum
261 5133 526 5205 προάγων
575 5132 804 5203 usurpat
851 5137 1040 5190 eodem
1089 5149 1272 5200 sensu,
1317 5135 1411 5186 κα)⁴
1448 5135 1475 5187 ὁ
1513 5135 1610 5205 μὲν

21 5201 167 5275 οὕτω
197 5201 327 5275 τούς
357 5207 490 5266 υἱεῖς
514 5201 776 5275 προῆγεν,
806 5215 860 5260 et
890 5206 942 5258 itt
985 5221 1104 5272 cap.
1139 5205 1228 5258 55.

92 5273 213 5344 (29)
249 5271 428 5342 Vulg.,
463 5271 570 5341 Ειξ
607 5271 830 5344 ᾶῶδρας
855 5293 918 5330 τε
939 5271 1177 5329 λοιπόν.
1199 5274 1364 5328 Nemo
1394 5282 1500 5333 est.
1519 5275 1607 5342 qui

28 5361 128 5415 non
189 5359 314 5415 per_
339 5360 399 5398 se
459 5346 638 5398 videat
687 5348 1033 5402 scribendum
1091 5361 1213 5399 esse
1277 5346 1354 5406 εἰς
1413 5345 1609 5415 ἄνδρας

22 5411 96 5474 δέ,
138 5411 249 5468 etc.
283 5413 436 5478 Quod
471 5417 718 5480 equidem
763 5433 866 5471 non
897 5430 1197 5478 monerem,
1231 5417 1335 5468 nisi
1394 5411 1610 5469 vere—rer

27 5498 89 5535 ne
126 5485 254 5548 quis
284 5485 339 5554 id
376 5499 476 5539 nos
509 5483 712 5554 fugisse
757 5489 1119 5542 existimaret.
1147 5485 1311 5539 Paulo
1333 5494 1476 5554 post,
1505 5501 1607 5539 vox

23 5553 334 5626 παρορμῶν
370 5553 593 5626 videtur
614 5573 732 5610 esse
760 5558 1045 5626 superﬂua.

93 5571 100 5605 ι
141 5571 334 5625 ορμων
370 5571 582 5609 vnuetur
614 5573 732 5610 esse
760 5571 1045 5626 superﬂua.

93 5571 210 5696 ἑο)
253 5625 365 5679 Καὶ
399 5625 519 5678 τῶν
555 5627 798 5694 πρώτων
836 5627 903 5680 δὲ
926 5624 1254 5695 ταγμάτων.
1297 5624 1388 5679 Sic
1436 5624 1608 5680 Euse-

25 5692 146 5768 bius
175 5692 227 5749 in
253 5697 523 5764 superiori
553 5692 729 5767 capite
765 5692 1155 5768 τάγματα’ρι·ο
1195 5697 1435 5768 numeris
1464 5697 1607 5748 mili-

29 5767 239 5820 taribus
275 5776 521 5836 usurpat,
546 5779 598 5821 et
623 5766 754 5821 alibi
801 5766 1023 5836 passim.
1056 5769 1128 5820 Ita
1161 5769 1321 5819 etiam
1353 5766 1610 5818 Snzome-

26 5850 126 5889 nus
160 5837 214 5891 in
247 5838 337 5892 lib.
373 5853 413 5904 ι,
459 5852 508 5892 c.
551 5841 606 5907 8,
638 5836 699 5904 ἐξ
743 5840 952 5893 ἐκείνου
993 5838 1046 5891 δέ
1083 5838 1177 5891 καὶ
1215 5839 1279 5891 τά
1327 5837 1607 5906 Ῥωμαίων

1722 4627 2145 4685 contubernales
2189 4626 2318 4682 ﬁliis
2371 4627 2523 4693 suis,
2572 4640 2735 4695 quam
2793 4624 3138 4679 Christianos
3193 4631 3308 4677 tra-

1723 4722 1896 4776 deret.
1954 4719 2269 4775 Primorum
2329 4733 2547 4790 quoque
2598 4731 2962 4778 numerorum
3023 4723 3302 4780 rectores,

1720 4815 1918 4883 quibus
1971 4812 2280 4883 reipublicae
2314 4827 2444 4867 cura
2483 4811 2773 4866 commissa
2815 4807 3015 4874 fuerat,
3055 4807 3149 4863 Dei
3194 4809 3308 4863 cul-

1723 4917 1872 4962 tores
1917 4917 2097 4962 erant.
2147 4905 2357 4976 Quippe
2423 4903 2734 4959 hominibus
2792 4902 2954 4957 ﬁdem
3014 4901 3070 4956 in
3132 4899 3303 4955 Deum

1717 5067 1996 5137 τάγματα,
2039 5064 2076 5118 ὃ.
2123 5063 2216 5116 νῦν
2251 5063 2534 5137 ἀριθμοὺς-
2568 5061 2844 5137 καλοῦσιν,
2884 5061 3125 5137 Δἕκαστον
3169 5057 3305 5137 ίδίαν

1721 5132 1931 5208 σκηνὴν
1987 5132 2448 5208 κατεσκευάσατο.
2508 5135 2678 5208 Porro
2714 5135 2824 5208 _ltic
2882 5133 3030 5208 locus
3081 5132 3340 5208 mutilus

1723 5200 1857 5262 milii
1887 5200 2130 5267 'videtur,
2166 5205 2606 5274 supplendusque
2635 5205 2686 5258 in
2714 5203 2858 5258 hunc
2891 5205 3152 5274 modum:
3191 5200 3302 5274 Καὶ

1717 5278 1830 5332 τῶν
1864 5277 2096 5349 πρώτων
2121 5276 2178 5329 δέ
2202 5270 2498 5349 ταγμάτων
2518 5270 2815 5349 ῑἡγεμόνες,
2842 5275 2936 5349 καὶ
2972 5273 3024 5326 οἳ
3066 5270 3164 5343 τὴν
3192 5270 3300 5326 τῶν

1719 5346 1938 5414 κοινῶν,
1961 5359 2070 5403 etc.
2099 5349 2185 5400 Ait
2205 5346 2349 5400 énitn
2379 5347 2670 5411 Eusebius,
2703 5355 2758 5400 et
2785 5346 3081 5413 primorum
3108 5358 3300 5396 nurne-

1718 5436 1902 5474 rorum
1943 5428 2210 5480 rectores,
2255 5427 2311 5470 et
2365 5432 2460 5471 eos
2499 5417 2699 5486 quibus
2751 5415 3297 5486 reipubliéaehcuraa

1717 5490 2073 5546 Constantino
2109 5488 2400 5543 commissa
2429 5483 2626 5547 fuerat.
2657 5483 2983 5542 Christianae
3017 5483 3296 5552 religionis

1717 5562 1956 5615 cultores
1990 5559 2180 5614 fuisse.
2214 5559 2316 5613 Per
2340 5559 2551 5627 priores
2583 5559 2726 5623 illos,
2770 5555 3021 5626 intelligit
3049 5556 3298 5608 tribunos

1716 5641 1768 5684 et
1791 5631 2022 5685 comites
2067 5629 2415 5694 scholarum;
2469 5632 2798 5699 posteriores
2842 5642 2972 5699 vero
3003 5633 3128 5680 sunt
3160 5638 3296 5699 prta:

1719 5703 1839 5754 t'evti
1893 5703 2182 5768 praetorio,
2231 5693 2532 5766 quwstores
2588 5701 2728 5753 sacri
2785 5697 2994 5768 palatii,
3056 5693 3297 5764 magistri

1715 5773 2035 5834 otliciorum,
2089 5780 2145 5825 et
2200 5772 2382 5826 caeteri
2439 5771 2530 5841 qui
2577 5770 2758 5826 civilia
2817 5768 3048 5840 negotia.
3089 5773 3295 5825 tracta-

1718 5845 1868 5896 battt.
