3882 6262
187 303 202 354 l
215 299 323 356 205

1269 293 1358 349 DE
1403 291 1569 348 VITA
1605 283 2061 346 CONSTANTINI
2105 280 2237 337 LIB.
2268 277 2359 334 IV.

3283 263 3302 314 I
3313 259 3417 317 9.06

177 416 324 470 κατὰ
350 415 474 478 τοὺς
493 412 850 486 δηλουμένους
875 412 1095 475 τούτους
1113 411 1336 484 χρόνους
1354 411 1448 464 καὶ
1465 410 1617 463 αὐτοὶ
1631 425 1759 460 κατ-

1873 418 2071 476 pioque
2104 401 2204 472 ipsi
2231 393 2649 466 conspeximus:
2677 383 2981 441 violentiam
3009 379 3214 437 scilicet
3241 381 3410 447 pessi-

179 509 506 580 ενοήσαμεν,
553 506 837 579 ἐπιτριϐὴν
869 505 1157 578 ὰπλήστων
1200 504 1309 574 (54)
1339 503 1433 556 καὶ
1470 501 1752 573 μοχθηρῶν

179 597 394 670 ἀνδρῶν
428 597 534 650 τῶν
576 596 752 649 πάντα
799 593 1205 665 λυμαινομένων
1241 592 1375 662 βίον,
1398 591 1673 663 εἰρωνείαν
1707 590 1752 644 τ’

178 692 404 748 ἄλεκτον
429 690 536 744 τῶν
559 690 657 761 τὴν
672 688 993 760 Ἐκκλησίαν
1016 686 1411 757 ὑποδυομένων,
1428 684 1523 738 καὶ
1545 684 1607 737 τὸ
1623 685 1756 754 Χρι-

179 784 414 838 στιανῶν
458 782 802 844 ἐπιπλάστως
845 777 1322 851 σχηματιζομένων
1372 777 1558 848 ὄνομα.
1610 775 1682 829 Τὸ
1709 775 1752 826 δ’

177 874 349 928 αὑτοῦ
399 873 772 944 φιλάνθρωπον
816 873 910 926 καὶ
948 871 1262 941 φιλάγαθον,
1307 869 1370 922 τό
1425 887 1482 922 τε
1532 869 1628 938 τῆς
1666 867 1755 920 πί·-

176 984 353 1031 στεως
372 967 676 1039 εἰλικρινὲς,
709 966 803 1019 καὶ
849 964 942 1018 τοῦ
963 965 1162 1036 τρόπου
1199 963 1258 1017 τὸ
1287 960 1595 1031 φιλάληθες,
1631 960 1754 1030 ἐνῆ-

175 1073 274 1126 γεν
299 1057 458 1110 αὐτὸν
495 1055 769 1109 πιστεύειν
795 1056 872 1127 τῷ
901 1056 1134 1126 σχήματι
1170 1053 1278 1106 τῶν
1304 1051 1642 1124 Χριστιανῶν
1679 1045 1755 1102 εἴ·

175 1165 270 1201 ναι
291 1147 680 1219 νομιζομένων,
705 1146 912 1202 εὔνοιαν
933 1149 978 1199 τ’
997 1147 1166 1216 ἀληθῆ
1189 1145 1314 1218 περὶ
1335 1145 1494 1198 αὑτὸν
1516 1143 1755 1196 πεπλασ-

178 1241 322 1313 μένῃ
347 1239 488 1311 ψυχῇ
523 1238 712 1303 σώζειν
733 1239 1206 1311 προσποιουμένων
1225 1256 1238 1268 ·
1271 1233 1350 1300 οἷς
1375 1237 1561 1290 ἑαυτὸν
1585 1253 1753 1290 κατα-

175 1326 472 1389 πιστεύων,
501 1327 641 1397 τάχα
664 1328 726 1381 ἄν
763 1345 892 1381 ποτε
923 1328 1016 1380 καὶ
1060 1331 1172 1390 τοῖς
1215 1325 1288 1398 μὴ
1320 1327 1614 1398 πρέπουσιν
1639 1328 1752 1378 ὲνε-

174 1417 402 1489 ’τείρετο
432 1420 564 1489 (55),
601 1421 790 1492 κηλῖδα
833 1421 1038 1493 ταύτην
1072 1423 1183 1484 τοῖς
1224 1419 1388 1472 αὐτοῦ
1419 1420 1601 1484 καλοῖς
1633 1421 1752 1472 ἐπι-

175 1512 440 1583 φέροντος
466 1512 559 1566 τοῦ
596 1514 808 1583 φθόνου.

688 1787 1083 1841 ΚΕΦΑΛΑΙΟΝ
1111 1788 1238 1841 NE'.

177 1878 384 1943 Ὅπως
399 1876 574 1947 μέχρι
592 1877 876 1946 τελευτῆς
893 1878 1273 1950 ἐλογογράφει
1291 1877 1757 1943 Κωνσταντῖνος.

264 2033 427 2087 Ἀλλὰ
457 2035 582 2098 τοὺς
613 2034 712 2104 μὲν
747 2034 856 2104 (56)
882 2035 982 2087 οὐκ
1013 2036 1091 2096 εἰς
1119 2034 1387 2106 μακρὰνή
1419 2034 1537 2088 θεία
1566 2035 1764 2106 μετήρ-

173 2145 310 2199 χετο
335 2129 488 2198 δίκη·
514 2127 670 2190 αὐτὸς
697 2127 753 2180 δὲ
787 2126 1033 2197 βασιλεὺς
1073 2127 1214 2180 οὕτω
1241 2126 1339 2198 τὴν
1369 2126 1544 2198 ψυχὴν
1571 2127 1757 2197 λογικῇ

177 2218 400 2270 συνέσει
441 2219 702 2289 προῆκτο,
754 2218 828 2280 ὡς
870 2218 964 2271 καὶ
1013 2218 1171 2290 μέχρι
1215 2219 1470 2288 τελευτῆς
1521 2219 1762 2290 συνήθως

179 2311 286 2380 μὲν
307 2309 685 2381 λογογραφεῖν,
723 2310 967 2381 συνήθως
997 2311 1052 2363 δὲ
1079 2311 1177 2374 τὰς
1205 2311 1462 2383 προόδους
1495 2311 1761 2364 ποιεῖσθαι

179 2401 322 2470 (57),
355 2402 448 2454 καὶ
487 2400 584 2464 τὰς
614 2401 934 2472 θεοπρεπεῖς
957 2404 1067 2465 τοῖς
1099 2404 1390 2473 ἀκροαταῖς
1419 2400 1763 2463 διδασκαλίας

104 2562 111 2572 Ι
175 2497 470 2566 παρέχειν,
513 2496 820 2567 νομοθετεῖν
869 2496 924 2550 δὲ
970 2497 1230 2568 συνήθως,
1268 2498 1390 2550 τοτὲ
1425 2497 1521 2567 μὲν
1555 2496 1761 2548 πολιτι-

177 2591 326 2650 κοῖς,
376 2589 492 2640 τοτὲ
537 2589 594 2640 δὲ
646 2591 1078 2659 στρατιωτικοῖς,
1125 2589 1302 2642 πάντα
1338 2605 1398 2641 τε
1442 2587 1764 2658 προσφόρως

175 2679 266 2749 τῷ
301 2679 408 2731 τῶν
433 2679 733 2752 ἀνθρώπων
781 2681 1014 2732 ἐπινοεῖν
1060 2678 1175 2750 βίῳ.
1213 2678 1598 2749 Μνημονεῠσαι
1631 2677 1674 2730 δ’
1704 2677 1764 2731 ἄ-

179 2769 323 2835 ξιον,
368 2771 443 2834 ὼς
485 2772 620 2842 πρὸς
659 2772 794 2842 αὐτῇ
839 2769 1075 2840 γεγονὼς
1119 2773 1186 2841 τῇ
1233 2769 1327 2823 τοῦ
1367 2769 1480 2839 βίου
1519 2768 1760 2840 τελευτῇ,

179 2863 491 2934 ἐπιτήδειόν
521 2881 643 2917 τινα
667 2864 820 2932 λόγον
851 2864 940 2916 ἐπὶ
961 2862 1054 2915 τοῦ
1087 2861 1343 2933 συνήθους
1365 2861 1575 2933 διῆλθεν
1598 2862 1734 2932 ἁκρο
1756 2898 1763 2902 -

180 2956 416 3025 ετηρίου
437 2972 450 2984 ·
503 2956 710 3026 μακρὸν
759 2956 816 3008 δὲ
861 2955 1181 3018 κατατείνας
1204 2955 1312 3025 (58)
1343 2957 1400 3006 ἐν
1429 2954 1601 3024 τούτῳ
1635 2955 1763 3024 περὶ

179 3049 368 3117 ψυχῆς
412 3046 702 3110 ἀθανασίας
733 3046 930 3117 διεξῄει
968 3047 1187 3118 (λόγον),
1231 3045 1358 3117 περί
1389 3063 1448 3098 τε
1482 3045 1588 3097 τῶν
1612 3047 1766 3098 εὐσει

1862 471 2068 553 morum
2098 471 2374 548 hominum
2413 494 2466 541 et
2514 479 2802 538 insatiabili
2855 474 3147 545 cupiditate
3175 471 3416 543 ﬂagran-

1862 591 2013 653 tium,
2048 585 2141 656 qui
2168 583 2446 638 universos
2483 575 2595 631 fere
2627 571 2884 628 mortales
2931 565 3256 621 infestabant
3285 603 3301 630 ,
3361 575 3416 618 et

1861 654 2262 735 fraudulentam
2291 667 2690 726 simulationem
2731 675 2916 716 eorum
2967 657 3060 727 qui
3116 655 3308 712 callide
3359 654 3414 708 in

1860 774 2153 830 Ecclesiam
2171 765 2504 836 irrepehant,
2532 769 2582 816 et
2606 757 3038 813 Christianorum
3061 765 3253 805 nomen
3282 746 3416 802 falso

1861 885 1924 925 ac
1951 866 2130 932 specie
2166 874 2324 919 tenus
2353 853 2733 929 praeferebant.
2773 850 2966 903 Verum
2998 845 3157 900 insita
3183 842 3414 912 impera-

1862 962 1962 1017 tori
2005 956 2314 1013 humanilas
2349 967 2412 1007 ac
2433 947 2668 1012 bonitas,
2705 953 2760 997 et
2781 940 2904 996 ﬁdei
2939 948 3259 1003 morumque
3297 931 3418 986 sin-

1858 1053 2077 1116 ceritas,
2111 1064 2175 1105 eo
2207 1047 2383 1117 ipsum
2418 1038 2664 1104 adduxit,
2691 1045 2751 1090 ut
2776 1033 3020 1090 crederet
3055 1028 3190 1083 ﬁctae
3215 1026 3264 1079 in
3296 1038 3418 1093 spe-

1859 1146 1995 1198 ciem
2024 1138 2208 1213 pietati
2230 1115 2516 1191 rhominnm
2566 1129 2782 1184 illorum
2817 1124 2906 1195 qui
2961 1138 3057 1194 pro
3093 1115 3422 1174 Christianis

1862 1235 2216 1298 habebantur,
2248 1227 2406 1296 etqui
2443 1226 2716 1278 sinceram
2743 1233 2866 1288 erga
2889 1216 3062 1285 ipsum
3094 1209 3418 1266 benevolen-

1863 1331 1988 1383 tiam
2021 1324 2216 1381 callida
2241 1329 2419 1375 mente
2453 1313 2798 1372 simulabant.
2825 1308 3031 1376 Quibus
3055 1304 3144 1359 ille
3182 1318 3302 1356 cum
3337 1313 3422 1354 se-

1867 1421 2157 1489 metipsum
2197 1412 2535 1472 credidisset,
2563 1405 2830 1461 interdum
2858 1402 3092 1456 fortasse
3127 1398 3178 1451 in
3209 1409 3271 1450 ea
3301 1406 3423 1464 quae

1861 1487 2046 1582 parum
2073 1507 2264 1561 decora
2293 1511 2491 1562 essent,
2517 1496 2771 1566 impegit,
2803 1491 3020 1560 maligni
3055 1487 3313 1543 daemonis
3336 1489 3420 1539 in-

1858 1577 1999 1656 vidia
2039 1601 2178 1654 hanc
2228 1595 2374 1649 velut
2436 1589 2696 1645 maculam
2760 1584 2981 1653 reliquis
3022 1581 3138 1652 ejus
3169 1577 3422 1635 laudibus

1861 1699 2199 1762 aspergente.

2351 1773 2513 1846 554
2555 1770 2784 1827 CAPUT
2821 1767 2930 1822 Lv.

1935 1873 2176 1941 Qualiter
2200 1871 2268 1923 ad
2313 1869 2554 1921 ultimum
2588 1880 2747 1946 usque
2773 1864 2891 1915 vitae
2919 1860 3053 1912 diem
3085 1855 3350 1911 orationes

2521 1943 2754 2001 scripsit.

1937 2037 2130 2093 Verum
2158 2036 2278 2089 illos
2310 2031 2491 2086 divina
2523 2028 2728 2096 justitia
2761 2039 2864 2078 non
2887 2023 3056 2077 multo
3083 2031 3204 2090 post
3230 2019 3424 2074 merito

1862 2131 2123 2201 supplicio
2160 2126 2356 2183 affecit.
2388 2125 2686 2192 Imperator
2741 2133 2870 2172 vero
2898 2124 3044 2170 tanta
3112 2125 3424 2168 sermonum

1862 2224 2090 2282 scientia
2129 2221 2368 2276 animum
2403 2217 2751 2269 instruxerat,
2789 2216 2845 2262 ut
2875 2208 2941 2260 ad
2967 2205 3214 2260 ultimum
3251 2215 3424 2270 usque

1861 2320 2000 2374 diem
2043 2316 2186 2375 vitae.
2229 2310 2505 2366 orationes
2554 2301 2930 2358 conscriberet
2962 2312 3112 2351 more
3143 2294 3323 2356 solito,
3368 2300 3425 2346 et.

1862 2409 2150 2466 conciones
2173 2404 2418 2463 haberet,
2466 2408 2521 2453 et
2555 2397 2736 2450 divina
2793 2393 3116 2446 documenta
3167 2384 3427 2438 auditori~

1861 2505 1964 2559 bus
1991 2499 2330 2554 insinuaret:
2368 2491 2514 2558 leges
2544 2489 2670 2541 item
2703 2486 2871 2539 ferret
2912 2481 3152 2542 assidue,
3182 2492 3325 2531 nunc
3357 2474 3424 2529 de

1862 2592 2112 2650 civilibus
2138 2585 2394 2655 negotiis,
2426 2595 2568 2635 nunc
2600 2581 2666 2633 de
2715 2593 2772 2630 re
2813 2573 3071 2629 militari:
3100 2579 3294 2624 cuncta
3327 2566 3422 2620 de-

1865 2689 2028 2769 nique
2061 2681 2130 2736 ad
2180 2673 2520 2734 commodum
2555 2683 2716 2740 atque
2747 2667 3032 2722 utilitatem
3083 2659 3302 2716 humani
3341 2673 3427 2726 ge-

1865 2747 2009 2832 neris
2035 2773 2386 2842 excogitaret.
2424 2763 2555 2820 Illud
2584 2776 2715 2817 vero
2764 2759 3178 2827 haudquaquam
3211 2747 3426 2807 silentio

1864 2865 2297 2940 praetereundum
2325 2869 2428 2923 est,
2461 2857 2602 2928 quod
2653 2868 2773 2908 eum
2829 2859 3104 2904 extremus
3135 2845 3258 2898 vita:
3308 2843 3425 2896 dies

1865 2959 2092 3032 ipsijam
2126 2954 2473 3025 impenderet,
2504 2949 2779 3004 funebrem
2811 2940 3102 3011 quamdam
3126 2935 3424 2989 orationem

1865 3055 1917 3108 in
1947 3058 2209 3108 consueto
2245 3045 2513 3100 auditorio
2542 3037 2810 3094 recitavit.
2843 3035 3085 3098 Cumque
3115 3041 3422 3081 sermonem

182 3137 303 3201 εῶς
323 3138 647 3207 διηνυκότων
676 3139 772 3209 τὴν
798 3139 963 3209 ζωὴν,
988 3138 1095 3191 τῶν
1120 3154 1178 3189 τε
1208 3139 1318 3199 τοῖς
1343 3135 1610 3205 θεοφιλέσι
1639 3138 1764 3206 παρ’

1873 3143 2078 3214 longius
2101 3138 2463 3211 produxisset,
2503 3136 2553 3188 in
2607 3145 2672 3186 ea
2720 3125 2978 3182 disseruit
3007 3126 3073 3174 de
3119 3122 3427 3176 animorum

183 3229 342 3299 αὐτῷ
387 3228 503 3299 Θεῷ
522 3230 960 3300 τεταμιευμένων
993 3228 1209 3296 ἀγαθῶν
1231 3245 1244 3258 ·
1281 3228 1514 3297 μακραῖς
1545 3225 1590 3278 δ’
1633 3227 1766 3278 ἀπο-

183 3321 408 3385 δείξεσι,
453 3323 547 3374 κα“ι
583 3320 644 3373 τὸ
688 3321 795 3373 τῶν
828 3321 1082 3373 ἐναντίων
1123 3320 1307 3390 τάγμα
1347 3317 1532 3370 ὁποίου
1578 3316 1765 3379 τέλους

183 3412 458 3480 τεύξεται,
495 3414 726 3485 φανερὸν
764 3413 955 3472 ἐποίει,
993 3413 1101 3465 τῶν
1135 3411 1307 3466 ἀθέων
1343 3411 1440 3481 τὴν
1469 3425 1768 3480 καταστρο-

187 3507 299 3576 φὴν
337 3505 658 3577 παραδιδοὺς
696 3507 758 3574 τῇ
793 3507 1008 3576 γραφῇ
1054 3504 1081 3556 ὃ
1108 3503 1169 3573 δὴ
1202 3504 1295 3556 καὶ
1336 3502 1608 3574 ὲμϐριθῶς
1630 3518 1768 3572 μαρ-

182 3598 512 3669 τυρόμενος,
556 3597 926 3650 καθάπτεσθαι
959 3595 1064 3648 τῶν
1095 3595 1230 3666 ἀμφ’
1266 3594 1426 3649 αὑτὸν
1461 3594 1664 3647 ἐδόκει·
1691 3593 1786 3657 ὡς’

186 3691 288 3746 καί
327 3707 449 3743 τινα
482 3689 589 3742 τῶν
631 3688 1000 3766 δοκησισόφων
1041 3689 1147 3757 (59)
1183 3685 1399 3757 ἔρεσθαι
1442 3686 1586 3749 ὅπως
1625 3683 1768 3755 ἔχειν

186 3780 344 3850 αὐτῷ
379 3780 620 3849 φαίνοιτο
666 3778 738 3831 τὰ
772 3779 1037 3848 λεγόμενα
1061 3793 1075 3807 ·
1115 3777 1204 3830 τὸν
1247 3778 1290 3830 δ’
1327 3778 1768 3848 ἐπιμαρτυρῆσαι

185 3877 305 3936 τοῖς
331 3873 505 3939 λόγοις
530 3871 802 3942 ἀλήθειαν,
836 3871 1039 3942 σφόδρα
1061 3888 1141 3931 τε,
1159 3869 1357 3940 καίπερ
1375 3871 1472 3922 οὐκ
1496 3868 1764 3932 ἐθέλοντα,

186 3968 435 4020 ἐπαινεῖν
480 3964 580 4026 τὰς
621 3962 762 4015 κατὰ
793 3962 899 4015 τῶν
934 3961 1206 4014 πολυθέων
1247 3959 1606 4023 διδασκαλίας.
1645 3961 1767 4012 Τοι-

269 4142 385 4224 (ξιιί)
405 4141 561 4224 Vulg.
583 4139 1248 4223 ἑπιτριϐἦςᾲπλήστων.
1267 4139 1770 4224 Ant-plectolretnen-

191 4209 472 4269 dationem
515 4209 817 4265 'doctorum
897 4215 1152 4272 virorum,
1199 4227 1316 4279 qua:
1365 4211 1416 4262 in
1458 4209 1668 4263 Fuketii
1707 4210 1771 4262 li-

191 4287 296 4363 liro
327 4283 508 4363 .etiai'n
557 4282 1124 4363 legitttt‘,uhttspt§f;v.
1155 4281 1334 4363 _Porro
1353 4281 1659 4361 notandum
1688 4288 1774 4334 est

191 4355 290 4409 hic
321 4351 582 4419 judicium
609 4353 823 4406 Eusebii
852 4350 1166 4421 nos't-ri,'qni
1205 4355 1255 4405 in
1285 4351 1594 4420 principatu
1630 4350 1770 4421 Con-

191 4425 423 4480 Stantini
475 4433 727 4492 tanquam
789 4424 840 4475 in
885 4423 1254 4491 pulcherrimo
1308 4423 1543 4489 quodam
1596 4420 1766 4492 vultu,

195 4497 344 4550 hunc
376 4491 839 4557 mevnmnotavit,
869 4495 1010 4558 quod
1059 4492 1324 4562 pessimos
1363 4505 1426 4544 ac
1476 4491 1771 4562 rapacissr-

195 4580 321 4618 mos
371 4564 636 4623 homines.
679 4567 747 4615 ad
792 4560 1083 4615 amicitiam
1137 4578 1312 4623 suam,
1347 4571 1400 4614 et
1441 4561 1507 4614 ad
1557 4560 1770 4628 publica

195 4633 377 4689 cilicia
411 4635 768 4697 adscivisset,
845 4643 900 4685 et
952 4632 1092 4701 quod
1138 4632 1326 4685 fraude
1369 4639 1423 4686 et
1470 4630 1772 4686 calliditate

192 4706 558 4775 quorumdam
617 4703 716 4775 qui
755 4717 814 4755 se
860 4702 1199 4775 Christianos
1247 4701 1769 4775 essesimnlabant,

196 4772 612 4829 circumventus
646 4773 857 4830 fuisset.
900 4772 1038 4827 Idem
1083 4773 1196 4826 fere
1225 4772 1570 4842 reprehendit
1597 4772 1770 4825 Aure-

198 4846 308 4899 lius
341 4843 528 4898 Victor
561 4845 646 4898 his
679 4844 898 4897 verbis:
949 4861 968 4894 ι
1027 4841 1583 4897 Fiscales’molestim
1613 4855 1770 4894 seve-

199 4917 320 4970 rius
360 4930 591 4983 pressre,
639 4923 932 4982 cunctaque
955 4915 1140 4967 divino
1177 4913 1298 4966 ritui
1333 4913 1480 4980 paria
1517 4912 1770 4983 videren-

200 4997 316 5048 tur,
336 4981 389 5038 ni
416 5001 600 5052 parum
626 4985 800 5054 dignis
821 4981 884 5037 ad
919 4985 1134 5054 publica
1164 4984 1366 5038 aditum
1392 4981 1766 5054 concessisset.

200 5058 335 5122 Quae
363 5070 671 5124 quanquam
696 5053 1204 5120 'saepius'accidere,
1257 5063 1435 5124 tamen
1477 5053 1526 5104 in
1557 5067 1769 5104 summa

200 5128 451 5206 ingenio,
481 5123 642 5206 atque
671 5125 886 5206 Optimis
908 5124 1214 5206 reipublica:
1237 5123 1772 5206 ntoAribus,_quamvis

200 5192 372 5276 parva
403 5196 532 5276 vitia
555 5192 1002 5276 elucentniagisf
1024 5213 1043 5246 ι
1085 5197 1188 5248 Sed
1217 5204 1271 5247 et
1304 5193 1482 5276 Amm.
1507 5192 1772 5246 Marcelli-

201 5263 310 5320 nus
358 5266 410 5318 in
473 5266 607 5318 libro
657 5281 740 5316 xw
775 5263 1003 5332 idipsum
1053 5274 1365 5319 testaturzt
1405 5263 1538 5317 Nam
1585 5263 1771 5331 proxi-

204 5351 420 5389 morum
473 5336 658 5388 fauces
683 5338 895 5405 aperuit
943 5336 1148 5405 primus
1189 5334 1426 5390 omnium
1460 5334 1773 5388 Constanti-

202 5421 329 5459 31115.
371 5425 389 5456 ι

245 5475 396 5556 μβὸξ
430 5476 812 5556 Ἐνεπξίρετο.
849 5472 904 5526 lu
936 5476 1092 5530 codd.
1150 5473 1286 5531 Fuli.
1314 5483 1366 5528 et.
1409 5472 1597 5528 Savilii
1629 5473 1770 5528 scri-

205 5546 355 5618 bitur
381 5548 713 5618 ἐνεπειρᾶτο.

209 5686 222 5698 .
282 5617 390 5698 (iiii)
424 5612 614 5695 _’A.2.1'a
654 5617 795 5697 τους
835 5612 992 5698 Mr.“
1020 5613 1305 5694 Ablabium
1360 5615 1499 5668 inter
1546 5624 1771 5668 caeteros

210 5683 438 5754 intelligi
479 5698 628 5752 puto,
669 5691 757 5754 qui
806 5683 922 5754 post
954 5683 1291 5737 Constantini
1345 5694 1596 5748 mortem,
1647 5699 1769 5736 cum

212 5773 300 5812 tes
333 5772 500 5813 novas
536 5757 713 5812 moliri
745 5759 1082 5824 crederetur,
1109 5756 1262 5827 jussu
1293 5755 1599 5811 Constantii
1633 5754 1770 5808 inte-

1867 3213 2296 3294 immortalitate,
2336 3226 2510 3296 deque
2559 3223 2644 3278 his
2680 3220 2772 3290 qui
2813 3218 2977 3271 vitam
3023 3216 3108 3283 pie
3164 3213 3432 3267 traduxis-

1866 3335 1988 3381 sent
2013 3341 2027 3390 ;
2065 3332 2120 3378 et
2140 3322 2209 3376 de
2233 3319 2387 3374 bonis
2412 3331 2530 3386 quae
2549 3313 2735 3370 amicis
2755 3312 2846 3365 Dei
2877 3308 3016 3377 apud
3058 3307 3231 3374 ipsum
3263 3304 3426 3358 Deum

1869 3415 2144 3470 recondita
2192 3417 2393 3466 essent.
2441 3407 2638 3462 Contra
2673 3417 2825 3466 vero,
2858 3414 3019 3469 quem
3054 3401 3214 3454 linem
3246 3405 3432 3452 essent

1868 3506 2104 3562 habituri
2135 3503 2206 3558 illi
2241 3502 2330 3572 qni
2365 3498 2693 3556 contrariam
2719 3491 2937 3549 vivendi
2974 3490 3240 3545 rationem
3273 3489 3431 3544 insti~

1870 3597 2130 3658 inissent,
2166 3593 2347 3647 multis
2391 3588 2691 3644 rationibus
2718 3581 2996 3638 evidenter
3025 3581 3293 3658 astruxit,_
3343 3580 3432 3634 in-

1871 3689 2086 3744 teritum
2112 3697 2164 3738 et
2200 3683 2405 3737 cladem
2434 3681 2718 3748 impiorum
2745 3678 3084 3730 describens.
3115 3672 3266 3739 Quod
3311 3673 3435 3741 qui-

1868 3781 1986 3835 dem
2015 3793 2137 3832 cum
2169 3776 2404 3844 graviter
2454 3781 2509 3827 et
2535 3772 2678 3825 serio
2711 3769 3029 3831 afﬁrmaret,
3064 3763 3340 3833 proximos
3379 3772 3435 3814 et

1869 3871 2166 3926 familiares
2216 3883 2342 3922 suos
2391 3864 2753 3935 perstringere
2809 3860 3097 3914 videbatur
3131 3876 3143 3909 :
3179 3857 3317 3909 adeo
3375 3861 3433 3906 ut

1868 3964 2156 4034 quemdam
2191 3975 2258 4014 ex
2293 3959 2401 4013 illis
2459 3971 2596 4010 vana
2627 3953 2905 4026 sapientia:
2943 3951 3195 4021 opinione
3229 3945 3431 4001 inflatis

1872 4147 2111 4206 remptus
2133 4143 2237 4202 est,
2265 4143 2323 4188 ut
2348 4132 2467 4187 fuse
2495 4140 2681 4185 narrat
2706 4127 2976 4198 Eunapius
3003 4126 3057 4178 in
3094 4123 3226 4178 Vitis
3260 4121 3439 4191 sophi-

1869 4219 2093 4264 uarum.

1942 4261 2052 4349 (37)
2081 4273 2360 4349 Σργήθςος
2379 4271 2451 4349 «at
2469 4270 2576 4349 τξις
2609 4265 3236 4349 πρςὶόδουςῆφιξῖσθᾳξο
3263 4261 3437 4349 supra

1873 4352 1926 4404 in
1947 4332 2086 4417 \cap.
2115 4344 2183 4399 9.9
2219 4332 2375 4411 hujus
2398 4344 2528 4417 libri
2551 4332 2826 4417 ’παρόδους
2865 4332 2998 4417 dixit
3027 4335 3318 4417 Eusebius1
3347 4332 3437 4387 ubi

1876 4403 1999 4474 vide
2037 4403 2164 4487 qua:
2194 4403 2467 4487 adnotavi.
2497 4403 2677 4487 Possis
2704 4413 2868 4464 etiam
2888 4409 3092 4487 _legere
3107 4403 3435 4487 προσόδους,

1877 4500 1934 4543 nt
1987 4477 2252 4542 ad'oram
2290 4484 2549 4538 editionis
2601 4479 2935 4536 Genevensis
2979 4477 3274 4544 ascriptum
3319 4482 3434 4544 est.

1874 4561 2042 4614 Porro
2083 4559 2345 4622 interpres
2379 4554 2583 4608 erroris
2633 4553 2716 4606 sui
2752 4561 2934 4622 tenax,
2978 4543 3142 4602 etiam
3179 4543 3436 4622 hoc.loco

1875 4629 2052 4689 vertit,
2082 4614 2386 4696 congressus
2410 4639 2526 4676 cum
2564 4625 2744 4675 amicis
2762 4619 2976 4696 habere,
3012 4631 3135 4672 cum
3164 4614 3436 4696 conciones

1873 4687 2083 4754 vertere
2113 4687 2406 4760 debuisset,
2439 4703 2496 4746 ut
2533 4694 2808 4760 sequentia
2857 4698 3044 4756 aperte
3079 4687 3432 4760 conﬁrmant.

1879 4751 2109 4824 Victoris
2147 4751 2404 4834 Epitome'
2434 4764 2573 4818 idem
2607 4751 2823 4832 quoque
2876 4751 3009 4834 dicit
3061 4757 3126 4811 de
3164 4751 3438 4834 Constan-

1875 4843 2032 4894 tino:
2071 4856 2089 4889 ι
2132 4825 2822 4891 Οόιιιιιιοᾱίεείηιιιδίιιιιίειι
2875 4831 3034 4883 rebus
3078 4826 3259 4878 multis
3286 4825 3432 4878 fuit:

1873 4909 2172 4963 calumnias
2196 4907 2387 4960 sedare
2409 4906 2615 4974 legibus
2642 4901 3034 4957 severissimis:
3063 4897 3270 4974 nutrire
3293 4905 3438 4974 artes
3487 4895 3498 4912 ‘

1875 4981 2066 5041 bonas,
2113 4977 2380 5047 praecipue
2427 4966 2608 5047 studia
2654 4974 2960 5047 litterarum
3006 4986 3021 5023 :
3068 4968 3255 5047 legere
3299 4966 3436 5034 ipse,

1874 5037 2133 5112 scribere,
2159 5037 2434 5107 meditari;
2465 5065 2483 5096 ι
2523 5045 2611 5099 ubi
2638 5044 2882 5097 meditari
2909 5039 3050 5094 idem
3090 5037 3232 5092 valet
3255 5052 3319 5090 ac
3345 5050 3442 5105 με-

1871 5120 2052 5191 λετᾷν,
2084 5121 2237 5191 idest
2258 5116 2582 5191 declamare:

1945 5174 2056 5261 (ξ’)δᾷ
2089 5189 2253 5261 Vulg.
2278 5182 2511 5256 μακρὸν
2547 5181 2798 5261 δέικατά
2839 5198 3025 5261 rufae.
3083 5174 3437 5261 scribendum

1873 5249 1963 5317 est
1990 5249 2764 5330 ριίοουΓιιιΙυισκατατείνας,
2809 5263 2867 5307 ιιι
2908 5253 3017 5322 jam
3073 5249 3162 5304 alii
3215 5259 3442 5300 monue-

1872 5345 2015 5387 I‘Uﬂl.

1945 5399 2247 5473 (59)“Vulg.
2304 5398 2438 5473 τινὰ
2486 5396 2602 5452 τῶν
2640 5395 3028 5473 δοκησόςεῳν.
3071 5389 3247 5444 Malim
3304 5387 3439 5473 seri:

1873 5461 1999 5526 bere
2033 5461 2140 5525 τῶν
2189 5461 2581 5542 δοκησισόφων.
2636 5471 2729 5542 Sic
2789 5461 3018 5542 gentiles
3063 5476 3271 5542 vocare.
3305 5461 3441 5511 solet

1877 5545 2163 5608 Eusebius,
2206 5557 2269 5595 ac
2299 5530 2569 5610 praecipue
2623 5530 2991 5610 philosopho§,
3023 5531 3114 5602 qui
3153 5530 3441 5610 _§ibi_l"'?3

1873 5615 2084 5668 caeteris
2132 5598 2321 5677 sapere
2373 5598 2712 5664 videbantur.
2772 5598 3252 5677 ln'Fuk."codice
3286 5598 3443 5677 δοκηο

1877 5683 2111 5752 σισόφων
2143 5671 2356 5754 legitur.
2394 5682 2502 5737 Sed
2545 5683 2702 5736 tertia
2749 5677 2952 5750 syllaba
3000 5673 3198 5728 lineola
3241 5671 3440 5726 subuo-~

1875 5766 2039 5809 tatur.
