3926 6264
460 309 468 344 ς
524 278 661 336 1207

1224 277 1495 336 EUSEBII
1530 279 2002 338 CAESABIENSIS
2038 282 2186 339 OPP.
2223 285 2403 341 PARS
2442 283 2481 340 Ι.
2522 315 2590 324 -
2625 285 3012 343 HISTORICA.

524 396 938 467 interrogaverit
962 396 1086 466 quid
1116 397 1342 453 sentiret
1368 399 1434 453 de
1455 399 1521 454 iis
1563 415 1682 469 qua:
1704 401 1847 457 dicta
1877 414 2072 459 essent.

2180 405 2318 459 αὔτα
2348 405 2452 478 πρὸ
2477 407 2577 478 τῆς
2594 409 2858 479 ’τελευτῆς
2881 412 2992 473 τοῖς
3023 409 3313 480 γνωρίμοις
3329 409 3601 482 ὁμιλήσας,
3628 418 3703 468 αὖ·

521 491 591 544 At
622 489 712 545 ille
745 489 1026 546 verissima
1055 503 1174 546 esse
1192 502 1384 546 cuncta
1422 502 1651 548 testatus
1677 505 1792 560 est;
1819 505 1871 550 et
1891 513 2080 567 quam-

446 613 451 622 -
519 581 602 637 vis
631 581 848 645 invitus,
899 583 1293 652 disputationes
1348 587 1606 640 adversus
1651 587 1942 640 multorum
1983 605 2079 640 nu-

2185 499 2275 562 τὸς
2301 499 2450 570 αὑτῷ
2477 501 2574 572 τὴν
2593 502 2683 554 ἐπὶ
2703 502 2771 555 τὰ
2795 503 3025 576 κρείττω
3045 503 3281 575 πορείαν,
3310 505 3456 558 λείαν
3487 508 3573 558 καί
3597 510 3704 578 ὁμα-

2183 589 2280 660 λὴν
2301 589 2460 660 ἐῴκει
2490 591 2941 663 παρασκευάζειν.

520 679 723 732 minum
751 677 956 732 cultum
999 693 1322 749 magnopere
1343 680 1599 736 laudavit.
1632 679 1945 752 llujusmodi
1977 677 2271 739 conciones
2304 687 2370 740 ad
2422 685 2716 743 familiares
2760 703 2886 742 suos
2941 697 3066 745 ante
3095 701 3318 745 mortem
3373 708 3491 748 cum
3524 691 3711 748 habuis-

517 778 619 834 set,
659 771 796 823 viam
830 769 935 837 sibi
973 770 1087 838 ipse
1137 769 1479 838 complanare
1506 771 1572 824 ad
1603 772 1878 827 meliorem
1911 774 2075 829 vitam
2117 775 2416 830 videbatur.

1097 858 1322 914 CAPUT
1361 860 1491 915 LVI.

517 945 1110 1024 Quomodoadgiellum
1144 952 1414 1008 Persicum
1466 955 1824 1023 proﬁciscens,
1876 958 2078 1024 episco-

584 1035 678 1087 pos
711 1021 813 1102 sibi
841 1021 1104 1090 adjunxit,
1134 1035 1184 1078 et
1210 1021 1486 1078 tentorium
1521 1021 1576 1078 an
1596 1029 1814 1094 speciem
1849 1021 2078 1081 ecclesiae

583 1099 814 1157 paravit.

583 1179 718 1236 Illud
747 1198 963 1254 quoque
998 1187 1309 1256 neutiquam
1344 1185 1774 1254 pmtereundum
1801 1198 1905 1251 est,
1935 1189 2074 1258 quod

513 1270 662 1326 circa
702 1271 819 1328 haec
855 1281 1118 1344 tempora,
1165 1290 1287 1330 cum
1311 1277 1378 1330 de
1414 1286 1561 1331 motu
1606 1277 1966 1332 Barbarorum
2010 1278 2076 1333 ad

513 1363 778 1418 orientem
808 1364 976 1420 solem
1023 1366 1334 1437 degentium
1373 1369 1594 1423 nuntius
1642 1367 1839 1424 allatus
1888 1378 2070 1433 esset,

514 1455 659 1512 hanc
698 1457 878 1511 adhuc
901 1458 964 1512 de
998 1457 1099 1512 illis
1127 1459 1411 1514 victoriam
1437 1475 1722 1528 superesse
1771 1461 1871 1515 sibi
1907 1471 2074 1516 testa-

515 1557 626 1614 tus,
656 1546 837 1603 Persis
862 1549 1060 1605 bellum
1095 1550 1295 1607 inferre
1329 1553 1540 1607 statuit.
1567 1552 1718 1620 Quod
1741 1569 1864 1608 cum
1890 1554 2068 1610 facere

514 1639 867 1706 decrevisset,
928 1640 1193 1695 militares
1241 1643 1425 1710 copias
1465 1644 1701 1713 undique
1749 1646 1966 1709 excivit,
2015 1656 2067 1699 et

512 1746 635 1784 cum
665 1731 936 1800 episcopis
955 1746 1090 1798 quos
1115 1734 1260 1787 circa
1289 1748 1347 1788 se
1373 1734 1627 1803 habebat,
1657 1737 1722 1792 de
1749 1739 2076 1807 profectione

513 1819 798 1875 consilium
856 1823 1316 1886 communicavit,
1371 1825 1592 1892 provida
1650 1839 1830 1882 mente
1862 1831 2073 1898 prospi-

513 1911 686 1977 ciens,
709 1913 856 1967 viros
885 1913 950 1967 ad
981 1913 1223 1968 divinum
1263 1915 1464 1970 cultum
1520 1919 1858 1974 necessarios
1891 1935 2073 1976 secum

513 2003 732 2060 assidue
776 2006 982 2061 versari
1033 2005 1194 2078 555
1245 2017 1512 2077 oportere.
1571 2011 1650 2066 Illi
1709 2027 1839 2068 vero
1885 2013 2074 2069 libenti

513 2096 698 2151 animo
753 2107 1040 2154 secuturos
1094 2115 1153 2154 se
1188 2115 1306 2156 esse
1337 2101 1700 2169 aﬂirmarunt,
1759 2120 1860 2160 nec
1887 2107 1954 2160 ab
1984 2105 2076 2160 illo

513 2186 887 2259 discessuros;
918 2191 1012 2247 sed
1046 2195 1324 2249 continuis
1356 2197 1498 2264 apud
1530 2197 1694 2251 Deum
1728 2197 2075 2268 supplicatio-

513 2280 671 2336 nibus
705 2280 1028 2338 militaturos
1065 2298 1170 2338 una
1194 2299 1313 2339 cum
1345 2285 1437 2339 illo
1471 2294 1524 2341 et
1555 2298 1916 2358 pugnaturos.
1959 2293 2076 2360 Quo

512 2369 600 2424 ille
631 2371 819 2426 nuntio
867 2373 1218 2431 vehementer
1273 2376 1595 2443 delectatus,
1628 2381 1770 2434 viam
1823 2380 1932 2437 illis
1970 2399 2075 2451 qua

513 2461 1010 2530 proﬁciscerentur,
1066 2465 1370 2538 descripsit.
1419 2471 1622 2527 Deinde
1673 2472 2075 2530 tabernaculum

512 2557 564 2608 in
594 2556 828 2625 Speciem
861 2557 1103 2614 ecclesiae
1151 2561 1440 2618 ambitioso
1481 2564 1627 2619 cultu
1660 2567 1724 2620 ad
1772 2566 1929 2635 hujus
1951 2567 2075 2622 belli

511 2664 666 2704 usum
695 2653 1050 2724 preparavit,
1087 2658 1138 2710 in
1175 2672 1282 2727 quo
1310 2672 1500 2727 preces
1543 2662 1608 2715 ad
1638 2662 1802 2716 Deum
1835 2663 2076 2718 victoriae

510 2753 784 2800 auctorem
811 2762 914 2802 una
942 2763 1064 2804 cum
1097 2751 1366 2822 episc0pis
1405 2753 1633 2808 fundere
1668 2754 2001 2810 decreverat.

1089 2841 1316 2898 CAPUT
1343 2842 1498 2898 LVII.

2692 871 3081 928 ΚΕΦΑΛΑΙΟΝ
3115 875 3252 942 Nq'.

2185 979 2373 1046 Ὅπως
2400 980 2497 1033 ἐπὶ
2529 981 2762 1049 Πέρσας
2788 985 3127 1051 στρατεύων
3148 985 3592 1055 συμπαρέλαϐεν
3613 991 3710 1045 ἐπι-

2183 1073 2470 1138 σκόπους,
2508 1075 2603 1127 καὶ
2646 1074 2885 1143 σκηνὴν
2905 1078 2991 1141 είς
3030 1077 3236 1146 σχῆμα
3264 1077 3370 1146 τῆς
3395 1080 3708 1152 ἐκκλησίας.

2247 1185 2480 1242 Κάκεῖνο
2510 1186 2563 1238 δέ
2592 1189 2808 1259 μνήμης
2836 1189 3001 1253 ἄξιον,
3021 1189 3095 1254 ὡς
3117 1191 3255 1261 ἀμφὶ
3277 1191 3590 1264 δηλούμενον
3611 1198 3710 1268 χρό-

2183 1293 2289 1341 νον,
2313 1276 2420 1330 τῶν
2453 1279 2537 1331 ἐπ’
2565 1281 2824 1351 ἀνατολῆς
2857 1282 3141 1354 βαρϐάρων
3175 1288 3438 1355 κινήσεως
3469 1288 3711 1342 ἀκουσθεί-

2184 1385 2302 1438 σης,
2342 1369 2419 1422 ἔτι
2449 1370 2650 1440 ταύτην
2693 1372 2840 1443 αὐτῷ
2873 1375 2970 1445 τὴν
2995 1374 3133 1428 κατά
3158 1375 3322 1429 τῶνδε
3381 1378 3533 1449 νίκην
3557 1378 3709 1433 λείπε-

2183 1463 2304 1517 σθαι
2322 1465 2517 1535 φήσας,
2547 1465 2638 1517 ἐπὶ
2661 1466 2880 1537 Πέρσας,
2893 1469 3205 1536 στρατεύειν
3226 1469 3451 1540 ὡρμᾶτο
3473 1487 3485 1499 ·
3514 1471 3650 1524 τοῦτό
3664 1490 3709 1526 τε

2181 1559 2389 1629 κρίνας,
2423 1559 2587 1612 ἐκίνει
2614 1560 2681 1612 τὰ
2719 1561 3080 1630 στρατιωτικά
3103 1561 3377 1631 τάγματα.
3407 1563 3515 1614 Καὶ
3543 1562 3600 1634 δὴ
3625 1567 3711 1627 τοῖς

2177 1650 2310 1722 ἀμφ’
2324 1651 2480 1706 αὑτὸν
2513 1649 2826 1715 ἐπισκόποις
2851 1651 2978 1723 περὶ
3004 1653 3099 1722 τῆς
3122 1653 3343 1724 πορείας
3373 1652 3589 1714 ἐκοίνου,
3621 1669 3716 1704 σαν-

2177 1744 2312 1795 εῖναι
2351 1742 2498 1813 αὐτῷ
2543 1743 2650 1794 δεῖν
2693 1761 2843 1806 τινας
2881 1743 2988 1796 τῶν
3026 1745 3334 1812 ἀναγκαίων
3383 1745 3440 1795 ἐν
3473 1743 3711 1814 θεοσεϐείᾳ

2176 1833 2638 1905 προμηθούμενος.
2675 1835 2736 1886 Οί
2768 1835 2844 1896 δέ,
2868 1836 2961 1887 καὶ
2993 1835 3132 1904 μάλα
3184 1834 3482 1906 προθύμως
3525 1834 3711 1888 συνέπε-

2179 1925 2298 1978 σθαι
2355 1925 2680 1997 βουλομένῳ,
2728 1927 2848 1997 μηδ’
2895 1928 3190 1998 ἀναχωρεῖν
3234 1926 3460 1992 ἐθέλειν,
3519 1944 3711 1998 συστραο

2174 2018 2350 2070 τεύειν
2397 2017 2442 2070 δ’
2482 2017 2630 2088 αὐτῷ
2675 2018 2769 2071 καὶ
2815 2017 3267 2086 συναγωνίζεσθαι
3305 2022 3431 2081 ταῖς
3471 2019 3595 2090 πρὸς
3640 2020 3709 2073 τὸν

2175 2108 2306 2161 Θεὸν
2334 2109 2634 2180 ἱκετηρίαις
2664 2109 2868 2178 ἔλεγον.
2903 2110 3113 2181 Σφόδρα
3137 2110 3181 2163 δ’
3205 2111 3295 2164 ἐπὶ
3319 2113 3443 2174 ταῖς
3475 2111 3710 2179 ἀγγελίαις

2174 2199 2378 2269 ἡσθεὶς,
2426 2201 2523 2272 τὴν
2562 2202 2784 2273 πορείαν
2834 2202 3013 2266 αὐτοῖς
3048 2201 3297 2256 διετύπου
3344 2202 3492 2273 (40)’
3536 2203 3708 2273 [ἔπειτα

2176 2292 2270 2346 καὶ
2291 2292 2388 2363 τὴν
2417 2294 2618 2364 σκηνὴν
2641 2293 2749 2363 (41)
2782 2294 2858 2363 τῷ
2879 2294 2976 2364 τῆς
3016 2293 3312 2364 ἐκκλησίας
3344 2297 3574 2364 σχήματι

2175 2383 2272 2455 τὴν
2309 2385 2516 2438 ἐκείνου
2549 2385 2640 2439 τοῦ
2672 2385 2908 2456 πολέμου
2947 2385 3248 2457 παράταξιν
3289 2388 3392 2439 σὺν
3418 2386 3572 2456 πολλῇ
3594 2386 3706 2456 φιλο-

2175 2477 2330 2547 τιμίᾳ
2363 2477 2768 2548 κατειργάζετο,
2801 2472 2915 2549 ὲνῇ
2949 2477 3026 2548 τῷ
3059 2477 3196 2548 Θεῷ,
3237 2477 3315 2548 τῷ
3347 2477 3451 2547 τῆς
3486 2477 3622 2547 νίκης
3643 2478 3707 2531 δο-

2175 2569 2326 2639 τῆρι,
2357 2568 2455 2633 τὰς
2495 2569 2768 2639 ἱκετηρίας
2810 2570 2924 2640 ἅμα
2960 2571 3068 2633 τοῖς
3119 2571 3440 2634 ἐπισκόποις
3481 2569 3706 2622 ποιεῖσθαι

2177 2659 2405 2714 ἐπενόει.

2689 2840 3082 2893 ΚΕΦΑΛΑΙΟΝ
3111 2841 3230 2895 ΝΖ’.

545 2927 837 2995 Quomodo,
855 2934 1108 3006 susceptis
1139 2933 1417 3006 Persarum
1435 2936 1637 3006 legatis,
1663 2937 1792 3005 festo
1817 2935 2037 2992 Pascha:

2179 2931 2366 3006 Ὅπως
2407 2931 2665 3006 Nepai»:
2696 2935 3011 3006 πρεονόείας
3043 2933 3395 3006 δεξάμενος,
3443 2933 3510 3006 ἐν
3534 2931 3598 3000 τῇ
3624 2930 3703 2985 τοῦ

914 3004 1000 3056 die
1028 3019 1146 3056 cum
1176 3005 1295 3058 aliis
1329 3004 1672 3074 pernoctavit.

579 3088 785 3146 Interea
819 3090 996 3147 Persae
1025 3106 1148 3146 cum
1202 3095 1589 3163 imperatorem
1640 3094 1833 3148 bellum
1883 3108 2074 3163 parare

507 3183 924 3252 comperissent,
955 3193 1153 3239 etcum
1201 3185 1290 3238 illo
1323 3187 1579 3256 congredi
1611 3187 1961 3241 vehementer
1994 3203 2075 3241 re-

509 3273 887 3343 formidarent,
922 3277 1104 3332 missis
1138 3279 1331 3350 legatis
1358 3293 1545 3350 pacem
1587 3279 1656 3334 ab
1678 3293 1744 3332 eo
1766 3284 2074 3348 postulave-

511 3373 655 3421 runt.
684 3366 870 3436 itaque
902 3368 1200 3438 imperator
1226 3370 1376 3441 pacis
1417 3371 1850 3436 amantissimus,
1882 3370 2073 3428 Persa-

577 3589 692 3674 (ψ)
715 3593 924 3674 At;an
948 3593 1250 3674 διετᾴπου.
1287 3593 1416 3660 Quae
1442 3593 1676 3674 posthaec
1706 3596 2071 3674 sequunturin

507 3661 748 3719 editione
794 3662 1117 3727 Genevensi,
1170 3679 1344 3732 usque
1397 3661 1463 3718 ad
1511 3665 1726 3718 initium
1777 3661 1970 3732 capitis
2006 3665 2073 3718 59

508 3734 730 3804 deerant
759 3743 868 3788 tum
897 3735 948 3788 in
983 3735 1172 3790 codice
1202 3733 1395 3804 Regio,
1421 3743 1534 3789 tum
1579 3735 1632 3788 in
1662 3735 1896 3789 editione
1933 3735 2071 3790 Rob.

507 3803 767 3871 Stephani
795 3815 881 3874 :et
904 3819 932 3858 a
956 3806 1088 3860 viris
1113 3803 1486 3860 doctis’addita
1510 3817 1636 3859 sunt
1655 3819 1718 3859 ex
1739 3807 2073 3874 conjecuira,

509 3883 565 3928 ut
595 3875 806 3942 opinor.
838 3873 972 3928 Nam
1007 3889 1126 3941 quae
1165 3884 1464 3944 sequuntur
1499 3876 1699 3943 capita,
1742 3873 1904 3929 nimis
1949 3876 2074 3929 bre-

505 3944 602 4014 via,
634 3954 781 4007 sunt,
818 3960 918 4000 nec
946 3946 1241 4014 quidquam
1296 3945 1523 4013 amplius
1573 3945 1872 4008 continent,
1909 3961 2072 4013 quam

506 4013 607 4082 ipsi
633 4015 871 4082 capitum
902 4013 1072 4080 tituli;
1096 4013 1111 4014 ί
1132 4016 1276 4084 quod
1313 4016 1528 4084 quidem
1573 4017 1642 4069 ab
1673 4015 1889 4068 Eusebii
1917 4016 2072 4068 insti-

506 4092 621 4154 tﬁuto
651 4099 873 4154 prorsus
916 4085 1197 4140 abhorret.
1257 4085 1436 4150 Quare
1493 4084 1756 4140 credibile
1787 4095 1893 4148 est,
1927 4087 2074 4139 viros

504 4153 694 4225 doctos
727 4169 792 4207 ex
827 4156 996 4209 titulis
1028 4156 1516 4225 capitulorum,qui
1555 4156 1696 4209 libro
1717 4167 1909 4224 quarto
1939 4170 2076 4224 prae-

506 4223 597 4276 ﬁxi
626 4224 898 4294 leguntur.
948 4227 1060 4279 haec
1098 4223 1445 4294 'supplevisse
1474 4241 1592 4293 quae
1623 4223 1775 4280 uncis
1817 4223 2072 4279 conclusa

2245 3003 2459 3071 Πάσχα
2490 3002 2665 3072 ἑορτῇ
2695 3002 3266 3071 συνδιενυκτέρευσε
3291 3004 3420 3070 τοῖς
3449 3003 3649 3068 ἄλλοις.

2257 3094 2344 3148 Ἐν
2375 3094 2548 3165 τούτῳ
2590 3095 2795 3166 Πέρσαι
2835 3095 3125 3166 πυθόμενοι
3172 3095 3299 3166 περὶ¹
3352 3095 3455 3166 τῆς
3487 3093 3703 3164 βασιλέως

2175 3188 2311 3260 πρὸς
2362 3188 2594 3260 πόλεμον
2636 3191 3009 3260 παρασκευῆς,
3064 3190 3156 3243 καὶ
3200 3189 3349 3264 μάχῃ
3411 3190 3538 3262 πρὸς
3575 3187 3704 3242 αὑτὸν

2178 3284 2467 3355 συμϐαλεῖν
2514 3284 2716 3356 σφόδρα
2747 3283 3087 3354 φοϐούμενοι,
3121 3283 3207 3337 διὰ
3245 3283 3535 3356 πρεσϐείας
3576 3279 3702 3336 αὑτὸν

2175 3375 2422 3446 ἠξιοῦντο
2450 3375 2560 3446 (42)
2592 3377 2813 3448 είρήνην
2839 3375 3133 3430 ποιεῖσθαι’
3169 3376 3248 3429 διὸ
3272 3377 3302 3429 ό
3327 3375 3430 3446 μὲν
3459 3371 3702 3446 είρηνικὼ·

2179 3597 2242 3651 iis
2275 3609 2395 3665 quae
2439 3609 2506 3648 ex
2561 3593 2797 3665 Eusebio
2855 3601 3151 3665 mutuatur,
3196 3593 3327 3663 ipsis
3377 3592 3489 3665 fere
3524 3587 3700 3665 Eusebii

2177 3661 2357 3721 verbis
2389 3665 2462 3718 uti
2491 3665 2682 3719 solere.
2713 3664 2901 3733 Itaque
2937 3665 3049 3718 haec
3088 3661 3329 3733 Socratis
3363 3663 3526 3718 verba
3562 3661 3700 3733 Euse-

2177 3738 2458 3792 bianorum
2494 3735 2669 3788 vicem
2697 3731 2945 3803 supplere
2967 3742 3218 3803 possunt.
3243 3731 3383 3787 Nam
3413 3747 3526 3803 qua:
3558 3732 3602 3785 in
3626 3731 3702 3784 hac

2181 3807 2371 3880 lacuna
2398 3804 2664 3880 leguntur,
2698 3819 2841 3874 :egre
2868 3804 3154 3880 admodum
3203 3804 3428 3880 Eusebii
3457 3817 3579 3880 esse
3606 3815 3700 3880 cre-

2179 3876 2428 3930 diderim.
2451 3869 2628 3928 Porro
2646 3869 2773 3944 jam'
2789 3887 2946 3928 antea
2972 3873 3386 3939 Constantinus,
3416 3875 3466 3926 in
3489 3871 3610 3944 bello
3630 3869 3699 3924 Li-

2179 3948 2394 4001 ciniano
2442 3943 2849 3998 tabernaculum
2913 3946 3092 3999 crucis
3143 3953 3297 3998 extra
3356 3950 3526 3996 castra
3571 3943 3700 3994 ﬁxum

2180 4017 2465 4080 habuerat,
2517 4015 2567 4068 in
2621 4029 2728 4083 quo
2763 4013 2985 4082 jejuniis
3027 4023 3083 4069 et
3123 4013 3464 4068 orationibus
3496 4011 3697 4072 vacabat,

2180 4097 2316 4141 teste
2346 4085 2578 4139 Eusebio
2613 4085 2665 4138 in
2701 4085 2839 4138 libro
2865 4101 2922 4138 ιι.
2959 4083 3063 4139 Sed
3101 4085 3151 4137 in
3183 4083 3306 4138 belli
3338 4083 3537 4138 Persici
3566 4094 3698 4147 appa-

2181 4167 2301 4212 ratu
2336 4157 2385 4208 id
2421 4155 2649 4223 amplius
2682 4155 2929 4218 prmstitit
2958 4155 3367 4215 Constantinus,
3403 4149 3698 4223 quod_t_ab_er-

2181 4226 2432 4280 naculum
2487 4218 2540 4277 in
2583 4225 2824 4278 ecclesiae
2870 4223 3097 4278 formam
3155 4218 3482 4279 construxit.
3523 4219 3594 4273 Ab
3621 4218 3697 4271 hoc

504 4289 841 4349 exhibemus.
889 4295 1056 4348 Porro
1106 4289 1451 4349 in'Editione
1492 4289 1794 4350 Cenevensi
1849 4296 2076 4349 delenda
2109 4290 2156 4350 D
2182 4295 2520 4352 Constantini
2551 4294 2801 4348 instituto
2832 4309 3085 4348 manasse
3125 4305 3310 4364 postea
3339 4291 3524 4364 scribit
3564 4289 3694 4342 δοιο-

504 4375 641 4435 sunt
660 4366 773 4419 haec
795 4368 958 4418 verba
989 4383 1003 4418 :
1041 4365 1200 4428 αὐτὸς
1223 4365 1301 4428 δέ,
1325 4381 1442 4432 quae
1465 4366 1714 4435 leguntur
1747 4374 1864 4434 post
1887 4381 2074 4420 vocem

501 4433 778 4506 διετύπου.
835 4436 1050 4506 Etenim
1096 4436 1283 4506 lacuna
1340 4433 1537 4505 incipit
1576 4445 1704 4488 ante
1748 4433 1853 4490 has
1916 4450 2076 4489 voces

503 4505 668 4568 αὐτὸς
690 4505 753 4559 δὲ
780 4505 936 4569 νεών,
961 4516 1065 4560 etc.
1101 4505 1342 4560 Similem
1371 4520 1609 4560 errorem
1657 4520 1816 4574 supra
1864 4506 2072 4560 notavi-

507 4590 649 4630 mus.
687 4574 941 4632 Nostram
980 4592 1143 4642 porro
1170 4577 1236 4630 de
1263 4577 1365 4631 hoc
1389 4574 1761 4644 supplemento
1795 4574 2074 4641 conjectu-

507 4660 620 4716 ram
657 4645 817 4715 plane
861 4647 1146 4701 conﬁrmat
1182 4647 1422 4716 optimus
1447 4647 1616 4699 codex
1644 4645 1778 4698 Fuk.
1814 4648 1904 4713 qui
1951 4660 2074 4698 cum

507 4715 716 4786 reliqua
748 4718 1116 4786 supplementa
1135 4715 1254 4786 quae
1283 4733 1310 4769 a
1336 4715 1741 4770 Genevensibus
1757 4717 1898 4770 edita
1928 4724 2072 4779 sunt,

508 4785 737 4840 ﬁdeliter
773 4785 1042 4853 exhibeat,
1078 4797 1131 4840 ut
1164 4787 1277 4841 suis
1306 4787 1438 4840 locis
1462 4787 1844 4838 adnotavimus
1865 4826 1878 4847 ,
1919 4787 2075 4851 hujus

507 4855 609 4926 loci
641 4858 1076 4926 supplementum
1106 4873 1209 4911 non
1241 4857 1421 4911 habet.
1457 4855 1562 4910 Sed
1585 4870 1756 4923 neque
1780 4856 1832 4908 iu
1861 4856 2072 4909 Turne-

505 4926 558 4981 bi
601 4925 875 4982 librobnc
923 4927 1297 4996 fragmentum
1327 4927 1620 4993 ascriptum
1668 4937 1771 4989 est,
1816 4941 1936 4979 cum
1970 4941 2075 4979 ca:-

507 5005 622 5050 tera
649 4999 831 5052 omnia
858 4998 924 5052 ad
958 4994 1257 5068 marginem
1283 4994 1400 5066 ejus
1431 4997 1556 5051 libri
1583 4998 1785 5065 scripta
1835 4997 2072 5050 habean-

506 5077 616 5122 tur.

577 5138 689 5208 (41)
725 5140 972 5192 Ἔπειτα
993 5140 1092 5192 καὶ
1128 5140 1240 5208 τὴν
1270 5138 1529 5207 σκηνήν.
1557 5137 1792 5208 ldipsutu
1830 5137 1901 5208 ita
1932 5153 2071 5208 inara—

506 5203 596 5279 rat
627 5203 881 5263 Sbcrates
918 5211 968 5262 in
1001 5211 1092 5265 lib.
1120 5227 1157 5272 ι,
1185 5203 1301 5279 cap.
1336 5203 1403 5263 18
1429 5203 1808 5279 είΤοσοῦτοςᾲδὲ
1831 5203 1896 5277 ἦν
1920 5207 2070 5279 όῖτοῦ

512 5276 789 5352 βασρέως
810 5280 937 5352 περὶ
964 5281 1052 5332 τὸν
1079 5276 1482 5352 χριστίανισμόν
1507 5277 1688 5342 πόθος,
1716 5277 1790 5339 ὡς
1821 5276 1913 5330 καὶ
1938 5278 2076 5352 Περ-

504 5348 658 5401 σικοῦ
709 5348 990 5420 μέλλοντος
1040 5348 1300 5404 κινεῖσθαι
1353 5348 1610 5419 πολέμου.
1662 5349 2074 5420 κατασκευάσας

507 5418 794 5492 σκῃνὴνέκ
821 5421 1066 5489 ποικίλης
1099 5422 1307 5492 ὀθόνης,
1348 5418 1642 5492 ἐκκλησίας
1673 5418 1841 5492 τύπον
1880 5420 2074 5492 ἀποτετ-

503 5485 723 5561 λουσαν,
751 5489 940 5561 ὥσπερ
968 5485 1204 5561 Μωῦσῆς
1229 5485 1285 5543 ἓν
1309 5493 1374 5560 τῇ
1410 5485 1600 5561 ἐρήμῳ
1621 5490 1946 5561 ἐπεποιήκει
1979 5488 2074 5541 κα)⁴

503 5557 706 5642 ταύτην
739 5557 1017 5642 φέρεσθαι,
1061 5557 1301 5642 ἵναξέχοι
1348 5557 2073 5642 κατάποὺςκέρημοτάτους

505 5626 704 5704 τόπους
752 5626 1061 5704 ερκτήριον
1118 5626 1575 5704 ηὐτρεπισμὲνον.
1642 5626 2072 5704 Ωιιεὶίδοςιηιιίδ

508 5699 670 5751 verba
702 5713 767 5753 eo
801 5700 1051 5756 libentius
1085 5699 1304 5770 adduxi,
1337 5699 1477 5772 quod
1506 5703 1668 5758 sciam
1703 5704 1982 5756 Socratem
2018 5699 2073 5756 in

2185 4382 2394 4431 menus,
2445 4376 2503 4418 ut
2553 4364 2750 4432 singuli
2796 4365 3009 4418 numeri
3074 4361 3139 4417 ιη’
3173 4364 3418 4417 exercitu
3479 4361 3694 4432 Romano,

2180 4430 2586 4492 tabernaculum
2639 4430 2792 4487 suum
2840 4435 3097 4489 haberent
3127 4435 3299 4487 instar
3338 4431 3515 4504 sacelli
3547 4430 3697 4504 instra:

2178 4515 2343 4568 ctum,
2384 4515 2437 4558 et
2474 4505 2818 4574 presbyteros
2868 4519 2932 4559 ac
2983 4506 3238 4559 diaconos
3292 4503 3602 4573 peculiares,
3626 4503 3694 4565 qui

2178 4590 2292 4630 rem
2326 4577 2567 4629 divinam
2598 4575 2668 4628 ibi
2697 4587 3036 4645 peragerent.
3131 4643 3138 4645 Α
3225 4644 3233 4645 7
3422 4641 3470 4645 __
3659 4634 3669 4645 ,

2247 4641 3044 4716 (42),Διᾲᾼπρεσϐείαςᾷαὺτὸν
3075 4643 3376 4716 ἠξιοῦῖτο.
3419 4641 3550 4716 Idem
3589 4641 3694 4690 scri-

2175 4713 2451 4774 bit‘Rul‘us
2484 4714 2678 4769 Festus
2722 4715 2774 4768 in
2820 4714 3141 4768 Breriario:
3179 4733 3197 4765 ι
3237 4713 3693 4786 Constantinusre-

2179 4802 2296 4842 rum
2329 4787 2577 4840 dominus
2605 4795 2851 4839 extremo
2882 4787 3003 4839 vitae
3032 4801 3145 4839 suae
3181 4795 3430 4854 tempore
3449 4778 3692 4854 expeditio-

2177 4872 2296 4912 nem
2339 4855 2551 4926 paravit
2597 4857 2650 4908 in
2700 4855 2910 4910 Persas.
2965 4855 3100 4910 Toto
3148 4855 3296 4909 enim
3336 4852 3482 4926 orbe
3528 4852 3691 4926 pacem

2176 4921 2445 4998 gentibus,
2476 4937 2533 4998 et
2567 4928 2771 4998 recenti
2814 4927 2880 4979 de
2916 4926 3116 4998 Gothis
3151 4924 3382 4998 victoria
3423 4921 3687 4998 gloriosior,

2176 4991 2361 5052 militis
2385 4991 2439 5050 in
2472 4995 2666 5051 Persas
2695 4997 3058 5050 descendebat
3079 4995 3408 5065 agminibus.
3451 4991 3552 5065 S_u_b
3571 4991 3690 5065 cuius

2177 5071 2468 5124 adventum
2496 5067 2810 5137 Babylonia:
2841 5067 2893 5119 in
2936 5062 3141 5118 tantum
3178 5080 3342 5134 regna
3373 5062 3684 5137 trepidarunt,

2176 5149 2234 5193 ut
2262 5139 2484 5207 supplex
2525 5138 2590 5191 ad
2613 5133 2735 5192 cum
2760 5138 2957 5206 legatio
2994 5133 3279 5207 Persarum
3289 5203 3303 5207 _
3321 5137 3622 5188 occurreret.
3649 5133 3688 5174 et

2177 5203 2418 5264 facturos
2442 5223 2500 5263 se
2529 5209 2790 5274 imperata
2816 5203 3216 5276 proinitterent.
3259 5203 3370 5258 Nec
3423 5211 3581 5276 tamen
3618 5207 3689 5276 pro

2177 5280 2412 5335 assiduis
2458 5267 2835 5346 eruptionibus
2855 5293 2990 5345 quas
3035 5279 3136 5330 sub
3165 5273 3480 5329 Constantio
3517 5267 3687 5346 Εωξπε

2178 5365 2273 5417 per
2322 5343 2598 5403 Orientem
2653 5343 3020 5408 tentaverant,
3067 5349 3280 5417 veniam
3333 5343 3682 5417 uterne-runtur

2178 5401 2439 5474 Socrates
2456 5433 2584 5472 vero
2613 5418 2711 5472 hoc
2736 5425 2944 5470 tantum
2975 5401 3106 5470 dicit
3130 5434 3142 5467 :
3170 5414 3282 5467 ἀλλ’
3315 5413 3369 5465 οὐ
3391 5406 3577 5480 προέϐη
3594 5401 3688 5480 τᾲξτ

2755 5488 2863 5560 γὰρ
2893 5487 2999 5560 δέει
3051 5485 3145 5560 τοῦ
3208 5470 3461 5554 βασιλέως
3501 5470 3672 5560 ,σϐὲεξίῖέ

2542 5539 2647 5613 Βία
2685 5539 2874 5611 bellum
2905 5559 3123 5610 ulterius
3149 5539 3252 5608 non
3292 5539 3549 5622 processit.
3572 5539 3679 5598 Nec

2175 5649 2287 5702 pra:
2327 5641 2463 5685 metu
2492 5630 2821 5701 imperatoris
2854 5629 3027 5682 statim
3058 5639 3351 5696 repressum
3371 5630 3459 5677 est.
