3926 6264
234 283 383 342 {209

1357 284 1446 340 DE
1484 282 1643 341 VITA
1684 284 2137 343 CONSTANTINI
2172 285 2301 343 LIB.
2339 284 2427 342 IV.

3343 294 3482 352 1210

232 420 401 469 τατος
452 402 701 475 βασιλεὺς
747 404 845 476 τὴν
894 405 1119 477 Περσῶν
1178 406 1472 478 πρεσϐείαν
1508 408 1782 480 δεξάμενος

1931 424 2048 463 rum
2080 407 2356 479 legatione
2399 409 2631 479 benigne
2674 417 2944 479 suscepta,
2982 424 3166 480 pacem
3196 420 3245 466 et
3293 413 3481 469 amici-

232 494 458 563 φιλικὰς
480 486 982 570 δεξιὰς³προθύμως
1008 499 1103 553 σὺν
1123 500 1349 565 ἐκείνοις
1375 500 1661 555 ἐσπείσατο
1677 501 1805 573 (45).

1925 508 2049 553 tiam
2078 516 2199 555 cum
2257 503 2338 555 eis
2382 496 2616 555 libenter
2651 502 2868 571 pepigit.
2901 502 3102 558 Aderat
3142 504 3252 572 jam
3287 519 3477 575 magna

235 586 378 659 ’Πδη
408 588 454 641 δ’
486 590 520 661 ή
553 590 761 660 μεγάλη
802 590 895 642 τοῦ
934 590 1125 661 Πάσχα
1166 592 1326 664 ἑορτὴ
1369 592 1571 665 παρῆν,
1623 595 1681 648 ἐν

1918 594 2187 661 paschalis
2237 590 2357 648 festi
2391 592 2751 648 solemnitas:
2792 595 2843 647 in
2889 610 2994 663 qua
3036 596 3328 664 imperator
3353 607 3477 654 vota

228 679 489 751 βασιλεὺς
529 683 608 753 τῷ
639 682 757 754 Θεῷ
781 683 879 748 τὰς
914 685 1078 757 εὐχὰς
1111 686 1410 752 ἀποδιδοὺς,
1444 688 1807 744 συνδιενυκτέ-

234 787 396 840 ρευσε
425 775 537 837 τοῖς
567 772 766 838 ἄλλοις.

751 866 1146 920 ΚΕΦΑΛΑΙΟΝ
1182 868 1315 924 NH’.

223 948 369 1016 Περὶ
398 949 718 1024 οἰκοδομῆς
744 952 850 1006 τοῦ
872 954 1347 1024 ἐπικαλουμένου
1375 956 1495 1011 τῶν
1519 958 1803 1013 Ἀποστό-

393 1022 520 1073 λων
536 1020 606 1074 ἐν
636 1020 1271 1081 Κωνσταντινουπόλει
1292 1029 1636 1096 μαρτυρίου.

310 1107 436 1163 Ἐπὶ
476 1111 683 1177 τούτοις
717 1114 826 1187 (44)
872 1116 933 1170 τὸ
981 1118 1274 1191 μαρτύριον
1313 1122 1371 1174 ἐν
1420 1124 1484 1193 τῇ
1535 1123 1803 1194 ἐπωνύμῳ

222 1198 380 1252 πόλει
414 1201 508 1254 ἐπὶ
560 1203 744 1277 μνήμῃ
791 1205 898 1259 τῶν
936 1209 1248 1264 ἀποστόλων
1290 1212 1587 1283 οἰκοδομεῖν
1632 1231 1801 1285 παρε-

225 1295 524 1359 σκευάζετο
562 1313 576 1326 ·
612 1298 771 1362 αὐτὸς
811 1299 866 1353 δὲ
898 1301 1033 1357 νεὼν
1078 1304 1289 1358 ἅπαντα
1329 1308 1409 1370 είς
1438 1305 1570 1375 bdo;
1598 1306 1800 1375 ἄφατον

224 1382 460 1454 ἐπάρας,
509 1384 670 1459 λίθων
714 1389 1003 1455 ποικιλίαις
1050 1394 1315 1447 παντοίων
1365 1393 1800 1467 ἐξαστράπτοντα

224 1475 422 1540 ἐποίει,
456 1478 535 1541 είς
565 1479 726 1532 αὑτὸν
756 1480 951 1552 ὄροφον
978 1484 1037 1549 ἐξ
1072 1485 1298 1554 ἐδάφους
1338 1486 1626 1551 πλακώσας
1649 1506 1662 1519 ⁸
1686 1490 1800 1543 δια-

223 1565 404 1621 λαϐὼν
437 1568 493 1622 δέ
523 1568 738 1634 λεπτοῖς
768 1573 1086 1645 φατνώμασι
1117 1576 1214 1647 τὴν
1250 1576 1465 1646 στέγην,
1493 1578 1676 1650 χρυσῴ
1699 1579 1796 1651 τὴν

225 1660 406 1713 πᾶσαν
457 1661 788 1716 ἐκάλυπτεν·
839 1664 950 1718 ἄνω
991 1667 1185 1737 χαλκὸς
1222 1670 1318 1740 μὲν
1348 1669 1458 1740 (45)
1489 1670 1607 1723 ἀντὶ
1629 1672 1794 1743 κερά-

1919 683 2032 738 Deo
2054 684 2389 754 persolvens,
2424 699 2528 738 una
2557 700 2677 739 cum
2716 684 2926 739 caeteris
2951 687 3299 756 pernoctavit.

2469 859 2696 916 CAPUT
2727 858 2901 914 LVIII.

2109 952 2185 1007 De
2219 955 2608 1022 constructione
2637 952 2878 1022 martyrii
2906 951 3266 1021 Apostolorum

2453 1020 2924 1090 Constantinopoli.

1980 1115 2226 1171 Posthac
2273 1115 2323 1169 in
2388 1116 2703 1170 memoriam
2739 1116 3106 1185 apostolorum
3154 1117 3467 1186 martyrium

1907 1206 2180 1262 aedificare
2208 1207 2370 1274 cmpit
2402 1209 2455 1260 in
2512 1206 2644 1261 urbe
2690 1207 2792 1262 sibi
2839 1208 3181 1278 cognomine.
3226 1206 3469 1277 Cumque

1910 1300 2167 1370 templum
2203 1316 2363 1355 omne
2399 1301 2452 1354 iu
2499 1302 2819 1357 immensam
2872 1301 3209 1357 altitudinem
3243 1301 3467 1356 extulis-

1907 1401 2011 1454 set,
2038 1391 2189 1447 vario
2233 1391 2467 1462 lapidum
2533 1408 2729 1463 genere
2764 1393 3106 1463 Splendidum
3138 1394 3387 1458 reddidit,
3433 1409 3464 1448 a

1904 1483 2019 1539 solo
2040 1484 2106 1539 ad
2129 1499 2399 1539 cameram
2431 1499 2604 1554 usque
2627 1485 2947 1539 marmoreis
2975 1486 3172 1540 crustis
3190 1485 3318 1540 illud
3347 1499 3470 1556 ope-

1905 1576 2067 1627 riens.
2092 1573 2261 1628 Porro
2287 1589 2560 1630 cameram
2594 1574 2945 1649 lacunaribus
2972 1575 3314 1630 minutissimi
3336 1590 3467 1643 ope-

1905 1665 1980 1719 ris
2008 1665 2304 1731 obducens,
2342 1675 2506 1721 totam
2560 1680 2696 1721 auro
2748 1664 3147 1724 imbracteav‘it.
3184 1668 3250 1722 Et
3301 1680 3464 1735 supra

224 1767 351 1823 μου,
394 1752 638 1825 φυλακὴν
664 1755 741 1826 τῷ
768 1755 912 1828 ἔργῳ
951 1759 1085 1831 πρὸς
1127 1760 1295 1813 ὑετῶν
1328 1760 1623 1830 ἀσφάλειαν
1664 1781 1782 1836 παρ

1904 1754 2122 1823 quidem
2172 1769 2245 1809 tes
2276 1755 2577 1825 tegularum
2606 1757 2727 1810 loco
2758 1756 3087 1827 impositum,
3115 1757 3364 1810 universo
3397 1769 3467 1809 te—

222 1845 373 1914 εῖχε’
423 1846 518 1899 καὶ
542 1845 729 1900 τοῦτον
770 1848 827 1901 δὲ
881 1850 1045 1913 πολὺς
1093 1850 1434 1923 περιέλαμπε
1471 1854 1689 1925 χρυσὸς,
1721 1856 1796 1918 ὠς

222 1936 599 2009 μαρμαρυγὰς
642 1942 754 2002 τοῖς
790 1940 1068 2013 πόρρωθεν
1101 1944 1344 2013 ἀφορῶσι
1377 1949 1495 2008 ταῖς
1525 1946 1674 2015 ἡλίου
1696 1948 1795 2000 αὑ-

217 2030 342 2096 γαῖς
374 2029 887 2102 ἀντανακλωμέναις
927 2033 1248 2104 ἐκπέμπειν.
1302 2037 1580 2090 Δικτυωτά
1610 2037 1667 2091 δὲ
1700 2040 1795 2092 πέσ

221 2117 306 2189 ριξ
334 2119 565 2173 ἐκύκλου
594 2122 655 2175 τὸ
700 2121 969 2193 δωμάτιον
1013 2120 1121 2194 (46)
1156 2126 1461 2196 ἀνάγλυφα,
1491 2129 1674 2202 χαλκῷ
1701 2133 1795 2186 καὶ

215 2229 250 2281 χ
257 2212 407 2284 ρυσῷ
439 2217 898 2286 κατειργασμένα.

731 2391 1127 2445 ΚΕΦΑΛΑΙΟΝ
1164 2393 1289 2446 ΝΘΕ

433 2479 759 2549 Ἕκςρρασις
780 2481 865 2535 ἔτι
893 2482 998 2537 τοῦ
1026 2483 1212 2538 αὑτοῦ
1233 2488 1581 2556 μαρτυρίου.

284 2569 399 2622 Καὶ
430 2572 458 2623 ό
482 2572 579 2641 μὲν
607 2571 741 2637 νεὼς
764 2566 866 2628 ὦδε
903 2574 999 2628 σὺν
1029 2575 1194 2649 πολλῇ
1225 2578 1485 2649 βασιλέως
1517 2580 1796 2654 φιλοτιμίᾳ

209 2660 456 2732 σπουδῆς
496 2661 747 2732 ἠξιοῦτοο
792 2665 935 2735 ἀμφὶ
979 2664 1035 2719 δέ
1078 2667 1266 2721 τοῦτον
1312 2669 1521 2741 αἴθριος
1556 2666 1625 2743 ἦν
1656 2671 1793 2744 αὐλὴ

207 2753 600 2826 παμμεγέθης,
641 2758 721 2818 είς
767 2756 905 2829 ἀέρα
953 2757 1191 2831 καθαρὸν
1227 2763 1683 2835 ἀναπεπταμένη’
1735 2766 1792 2818 ἐν

203 2843 601 2917 τετραπλεύρῳ
641 2845 698 2904 δὲ
730 2846 901 2919 ταύτῃ
936 2849 1089 2902 στοαὶ
1119 2849 1411 2923 διέτρεχον,
1449 2853 1610 2924 μέσον
1646 2854 1793 2925 αὐτῷ

206 2936 320 3005 νεῲ
357 2936 419 2988 τὸ
462 2937 670 3010 αἴθριον
709 2939 1190 3011 ἀπολαμϐάνουσαι
1217 2959 1230 2973 ·
1260 2940 1398 2998 οἶκοί
1430 2961 1489 2998 τε
1537 2945 1791 3016 βασίλειοι

204 3031 334 3094 ταῖς
372 3034 571 3097 στοαῖς,
620 3031 819 3104 λουτρά
859 3050 918 3087 τε
964 3036 1056 3088 καὶ
1094 3036 1522 3110 ἀνακαμπτήρια
1566 3039 1793 3113 παρεξε-

1898 1846 2077 1901 diticio
2124 1847 2515 1901 munimentum
2585 1850 2846 1905 adversus
2904 1850 3114 1924 imbres.
3168 1848 3459 1918 praebebat.

1898 1936 2054 2004 Quod
2088 1939 2272 1993 itidem
2306 1954 2438 1993 auro
2471 1940 2705 2010 plurimo
2755 1940 3097 2012 superfusum
3149 1940 3463 2008 resplende-

1896 2031 2022 2098 bat,
2079 2032 2215 2086 adeo
2254 2040 2312 2085 ut
2356 2032 2542 2102 procul
2606 2034 2965 2102 spectantium
3022 2031 3207 2087 oculos
3252 2030 3462 2102 fulgore

1896 2120 2318 2190 praestringeret,
2344 2121 2474 2178 solis
2524 2124 2689 2178 radiis
2714 2124 2839 2178 :eris
2866 2122 3079 2192 objectu
3109 2122 3458 2192 repercussis.

1898 2212 2090 2267 Totum
2140 2228 2270 2268 vero
2315 2214 2572 2269 solarium
2625 2216 2923 2271 reticulatis
2975 2217 3297 2286 quibusdam
3329 2228 3462 2267 ana-

1896 2301 2107 2370 glyphis
2134 2317 2200 2356 ex
2226 2316 2334 2356 tere
2358 2312 2412 2356 et
2432 2319 2565 2357 auro
2585 2302 2897 2359 fabrefactis
2911 2306 3458 2361 eratcircumdatum.

2374 2395 2537 2466 556
2583 2394 2813 2450 CAPUT
2846 2396 2981 2452 th.

2265 2486 2558 2555 Descriptio
2584 2487 2816 2556 ejusdem
2854 2491 3116 2558 martyrii.

1967 2576 2045 2629 At:
2082 2576 2337 2647 templum
2364 2576 2580 2645 quidem
2632 2578 2807 2646 ipsum
2845 2579 3079 2631 tnaximo
3118 2576 3461 2646 imperatoris

1899 2668 2078 2724 studio
2113 2668 2254 2722 hunc
2307 2668 2359 2722 in
2399 2669 2616 2724 modum
2654 2669 3038 2724 exornabatur.
3074 2670 3226 2723 Circa
3285 2672 3456 2739 ipsum

1895 2760 2147 2829 templum
2172 2759 2359 2830 ingens
2381 2768 2499 2815 erat
2520 2774 2671 2829 area,
2698 2760 2869 2816 libero
2891 2774 2955 2815 ac
2982 2770 3198 2829 patente
3231 2761 3459 2829 desuper

1894 2851 2053 2905 uelo.
2084 2850 2247 2918 Cujus
2269 2854 2335 2905 ad
2367 2862 2602 2921 quatuor
2656 2852 2827 2908 latera
2870 2852 3112 2921 porticus
3168 2859 3326 2908 erant
3353 2852 3455 2908 sibi

1893 2941 2124 2995 invicem
2151 2942 2474 3011 conjunctae,
2499 2958 2618 3012 quae
2651 2958 2836 3013 aream
2866 2944 2916 2996 in
2946 2942 3123 2998 medio
3155 2944 3315 2998 sitam
3352 2957 3457 2998 uua

1893 3048 2016 3087 cum
2066 3033 2182 3102 ipso
2218 3032 2418 3100 templo
2451 3034 2977 3102 circumciugehant.
3008 3033 3281 3087 Prmterea
3314 3034 3451 3088 basi-

200 3122 438 3183 τείνετο,
463 3122 596 3177 ἄλλα
622 3142 681 3177 τε
719 3124 945 3179 πλεῖστα
986 3127 1305 3197 καταγώγια
1338 3134 1451 3195 τοῖς
1492 3132 1587 3185 τοῦ
1622 3132 1782 3186 τόπου

1896 3124 2028 3191 licaa,
2067 3124 2305 3190 lavacra,
2348 3126 2644 3180 diversoria
2674 3134 2729 3182 et
2756 3124 2858 3180 alia
2885 3124 3116 3195 plurima
3150 3125 3454 3180 habitacula

205 3217 472 3284 φρουροῖς
502 3216 821 3287 ἐπιτηδείως
844 3219 1197 3290 εἰργασμένα.

741 3400 1136 3455 ΚΕΦΑΛΑΙΟΝ
1182 3404 1257 3457 ε’.

206 3486 336 3542 Ὅτι
377 3488 449 3542 ἐν
490 3490 679 3558 τούτῳ
733 3493 832 3546 καὶ
874 3494 1168 3567 μνημεῖον
1208 3497 1296 3561 είς
1357 3497 1555 3567 ταφὴν
1596 3498 1785 3565 ἐαυτῷ

730 3563 1259 3634 προσῳκοδόμησε.

277 3652 468 3708 Ταῦτα
513 3654 691 3709 πάντα
739 3654 967 3728 ἀφιέρου
1020 3656 1290 3727 βασιλεὺς,
1339 3658 1654 3724 διαιωνίζων
1705 3661 1785 3725 εἰς

201 3744 457 3810 ἅπαντας
477 3745 584 3801 τῶν
609 3747 702 3802 τοῦ
734 3749 983 3819 Σωτῆρος
1010 3750 1168 3820 ἡμῶν
1190 3751 1500 3804 ἀποστόλων
1524 3751 1621 3822 τὴν
1653 3755 1787 3823 μνή-

205 3851 319 3907 μην
339 3854 353 3868 ·
383 3836 648 3908 ᾠκοδόμει
674 3839 720 3893 δ’
740 3840 849 3912 ἀρα
873 3840 967 3893 καὶ
989 3839 1114 3895 ἄλλο
1142 3859 1194 3894 τι
1220 3844 1284 3912 τῇ
1309 3842 1516 3913 διανοίᾳ
1542 3843 1779 3908 σκοπῶν,

196 3927 234 3982 ὃ
263 3928 333 3999 δὴ
365 3927 625 3982 λανθάνον
662 3929 955 4002 ταπρῶτα,
1002 3930 1324 4004 κατάφωρον
1371 3932 1508 4004 πρὸς
1536 3933 1616 4005 τῷ
1643 3936 1782 3989 τέλει

198 4020 319 4080 τοῖς
364 4019 527 4072 πᾶσιν
576 4019 838 4089 ἐγίγνετο.
887 4020 1057 4085 Αὐτὸς
1102 4021 1231 4090 γοῦν
1273 4022 1420 4094 αύτῷ
1469 4026 1549 4087 εἰς
1595 4026 1783 4082 δέοντα

202 4108 401 4179 καιρὸν
431 4110 528 4188 τῆς
566 4111 729 4165 αὐτοῦ
763 4112 1041 4184 τελευτῆς,
1072 4114 1161 4167 τὸν
1194 4115 1437 4169 ἐνταυθοῖ
1465 4116 1627 4171 τόπον
1658 4120 1780 4173 ἐτα-

202 4199 443 4271 μιεύετο’
466 4201 564 4270 τῆς
579 4202 686 4255 τῶν
701 4204 1010 4258 ἀποστόλων
1033 4208 1384 4278 προσρήσεως
1407 4209 1657 4263 κοινωνὸν
1672 4210 1780 4283 (47)

274 4311 390 4387 (45)
434 4314 677 4387 Φιλικ-ᾲς
724 4312 927 4387 δεξιὰς
955 4318 1291 4387 προθύμως
1348 4316 1470 4372 σὺν
1528 4318 1781 4387 ἐκεινοις

198 4382 567 4457 ἐονᾳτεζιινιιτο.Δ
596 4384 813 4457 Νυιεώἱε
842 4385 929 4438 hic
954 4382 1370 4457 barbarismum,
1404 4402 1510 4443 non
1537 4382 1774 4457 Eusebii;

1886 3217 1951 3269 ad
1983 3230 2135 3270 usum
2162 3230 2346 3270 eorum
2378 3218 2470 3288 qui
2504 3217 2682 3273 locum
2707 3217 3110 3284 custodiebant,
3160 3217 3459 3286 porticibus

1887 3308 2167 3377 applicita,
2197 3324 2385 3362 earum
2409 3308 2795 3379 longitudinem
2824 3309 3131 3380 aequabant.

2481 3398 2707 3456 CAPUT
2746 3398 2860 3454 LX.

1886 3487 2040 3555 Quod
2063 3491 2221 3545 etiam
2246 3491 2301 3544 in
2324 3507 2384 3546 eo
2417 3492 2605 3561 templo
2657 3490 2951 3563 sepulcrum
2992 3491 3095 3547 sibi
3148 3493 3449 3563 aediﬁcavit.

1954 3647 2080 3703 Haec
2125 3648 2306 3703 omnia
2355 3648 2626 3702 dedicavit
2676 3649 2978 3717 imperator
3008 3664 3072 3705 eo
3110 3650 3361 3720 consilio,
3396 3660 3455 3705 ut

1884 3738 2252 3809 apostolorum
2299 3738 2612 3794 Servatoris
2643 3740 2814 3793 nostri
2871 3742 3188 3796 memoriam
3223 3743 3454 3810 posteris

1885 3830 1937 3884 in
1972 3840 2288 3899 perpetuum
2316 3832 2745 3885 commendaret.
2774 3828 2879 3885 Sed
2908 3841 2965 3886 et
3001 3831 3148 3887 aliud
3178 3835 3451 3905 quidpiam

1884 3921 1937 3974 in
1989 3930 2172 3975 mente
2226 3920 2453 3985 habens,
2489 3921 2657 3975 aedem
2718 3920 2866 3974 illam
2903 3924 3259 3979 construxit:
3308 3926 3451 3993 quod

1883 4010 2038 4065 initio
2061 4011 2278 4080 quidem
2302 4013 2616 4076 obscurum,
2657 4011 2874 4066 tandem
2908 4025 3036 4066 vero
3064 4013 3316 4068 omnibus
3352 4015 3454 4070 sub

1882 4103 2042 4156 linem
2075 4103 2331 4157 innotuit.
2369 4102 2580 4172 Quippe
2607 4102 2722 4169 ipse
2772 4102 2917 4158 hunc
2963 4103 3070 4157 sibi
3123 4103 3302 4159 locum
3330 4116 3451 4175 post

1883 4203 2111 4250 mortem
2147 4196 2569 4264 dosignaverat,
2628 4197 2936 4252 incredibili
2991 4196 3115 4252 fidei
3170 4196 3451 4254 alacritate

1954 4308 2070 4433 (li)
2097 4311 2244 4365 'At'to
2273 4310 2503 4379 χαλκὸς
2518 4310 2653 4380 μέν.
2687 4310 3044 4368 Scribendum
3072 4322 3157 4367 est
3197 4311 3309 4367 ἄνω
3349 4311 3450 4387 μὲν

1956 4396 2019 4433 tot
2053 4399 2098 4433 ς.

1883 4396 2098 4451 χαλκος.

204 4452 451 4534 sed‘ejus
481 4453 568 4534 qui
610 4455 709 4534 hoc
742 4456 1229 4534 caputsupplegit.
1287 4450 1584 4534 DiCendum
1624 4450 1772 4534 enini

1908 4450 1913 4451 ⁷
1951 4451 2186 4534 (μῆ-ζα)
2222 4450 2549 4534 διιιιιάτέονζ
2569 4452 2842 4534 _Eusehius
2892 4466 3052 4534 supra
3093 4454 3147 4534 in
3195 4451 3336 4509 libro
3383 4469 3446 4509 ιιι

197 4531 323 4597 erat
358 4523 493 4594 πρὸς
520 4523 759 4597 ἐκείνους
776 4523 1089 4597 ἐσπείσατο.
1129 4526 1230 4580 Sed
1261 4545 1433 4597 noque
1461 4529 1561 4583 hoc
1587 4531 1769 4586 verisi-

199 4592 336 4666 mile
364 4592 920 4666 eStLCoustantiuum
955 4598 1046 4665 qui
1069 4612 1258 4651 ouums
1292 4592 1498 4666 imperii
1540 4598 1768 4655 Romani

196 4663 697 4736 copias‘adversus
730 4665 926 4719 Persas
974 4663 1378 4732 commovt-rat,'
1418 4684 1603 4736 pacem
1646 4686 1767 4725 cum

195 4733 283 4787 eis
319 4732 534 4789 fecisse.
566 4736 912 4789 Contrarium
943 4748 1091 4792 certe
1114 4738 1345 4791 aiIirmat
1372 4732 1540 4791 Rufus
1575 4739 1770 4796 Festus

199 4802 542 4878 cttjus__verb_a
582 4806 834 4878 superius
865 4807 1168 4874 retulimus,
1197 4818 1251 4861 ιιι
1282 4808 1766 4878 Eutropiusatque

198 4875 285 4946 Au
296 4873 460 4929 relius
478 4872 684 4946 Victor.
712 4874 963 4946 Socrates
993 4872 1171 4932 tamen
1203 4893 1387 4946 pacem
1419 4872 1540 4933 cum
1564 4872 1767 4943 Persis,

200 4944 291 4998 vel
321 4956 472 4998 certe
499 4945 743 4998 inducias
784 4944 957 4999 factas
984 4948 1151 5002 fuisse
1183 4944 1377 5002 innuit.

273 5013 393 5085 (44)
429 5015 560 5068 Ἐπὶ
604 5016 855 5081 τούτοις.
890 5015 1019 5082 Quis
1048 5033 1151 5072 non
1183 5019 1327 5071 videt
1351 5021 1465 5074 haec
1493 5019 1561 5073 ab
1592 5019 1764 5073 aliena

198 5098 369 5156 manu
394 5086 714 5156 concinnata
766 5087 925 5140 esse?
976 5085 1157 5156 Neque
1186 5089 1327 5143 enim
1355 5104 1476 5144 cum
1520 5092 1766 5155 sequenti

193 5155 383 5231 capite
405 5155 715 5231 ullo__modo
763 5155 1133 5231 conveniunt.
1161 5158 1215 5212 In
1265 5159 1365 5213 hoc
1406 5161 1583 5231 capite
1632 5158 1768 5214 Con-

191 5225 473 5300 stantinus
495 5225 705 5300 dicitur
725 5228 958 5300 cmpisse
1000 5228 1271 5284 aediﬁcare
1313 5225 1580 5300 templum
1623 5233 1769 5299 Apo-

194 5294 467 5349 stolorum
500 5305 618 5371 post
659 5296 791 5371 dies
807 5294 1027 5371 Pascha:
1070 5300 1202 5371 auni
1235 5299 1360 5353 557.
1406 5294 1461 5355 In
1519 5294 1765 5371 sequenti

197 5373 382 5419 autem
414 5366 614 5438 capite,
651 5367 885 5438 quodab
923 5368 1154 5423 Eusebio
1190 5371 1449 5438 scriptum
1484 5366 1764 5427 esseicou-

192 5444 329 5511 s_t_a_t,
364 5435 618 5511 templum
645 5437 899 5507 illudjam
919 5440 1227 5511 absolutum
1260 5435 1516 5494 cernitur.
1543 5444 1702 5511 Atqui
1734 5458 1763 5495 a

197 5506 391 5560 diebus
408 5505 630 5581 Pascha:
663 5505 831 5581 usque
867 5509 930 5562 ad
955 5508 1332 5573 Pentecosteu,
1360 5527 1465 5581 qua
1498 5512 1586 5567 die
1618 5505 1762 5565 mor-

198 5584 329 5651 t_uus_
364 5587 450 5630 est
500 5577 1032 5651 Constantinus.‘vix
1072 5580 1265 5651 hu‘mus
1300 5577 1441 5649 egeri
1491 5583 1660 5651 potuit
1699 5585 1764 5635 ad

198 5646 549 5718 fundamenta
594 5648 777 5718 templi
822 5648 1093 5718 jacieuda.
1130 5646 1363 5705 Proinde
1408 5646 1631 5707 necesse
1657 5664 1761 5717 est,

119 5728 136 5770 ι
198 5725 263 5791 t_t_l_
289 5716 698 5791 tetuplumillud
722 5716 989 5791 ‘diu'gaute
1024 5728 1256 5791 coeptum
1288 5721 1447 5777 fuerit
1480 5723 1758 5780 aediﬁcari.

130 5796 149 5839 ·.
206 5783 336 5842 Vide
366 5783 526 5858 caput
556 5786 625 5841 56
647 5787 802 5859 hujus
837 5789 983 5846 libri.

1876 4521 2056 4591 capite
2087 4522 2156 4576 55
2196 4522 2263 4575 τὰ
2318 4523 2475 4587 ἐκτὸς
2522 4521 2746 4592 δώματα
2783 4532 2938 4577 vocat
2960 4521 3248 4578 exteriora
3307 4534 3447 4580 tecta

1872 4594 2129 4649 basilica}.
2159 4594 2344 4660 Itaque
2389 4592 2658 4664 δωμάτιον
2688 4594 2792 4664 hic
2829 4593 3044 4664 videtur
3081 4608 3204 4648 esse
3243 4603 3443 4649 tectum

1874 4666 2039 4719 totius
2066 4664 2325 4727 hasilicm,
2346 4664 2432 4716 vel
2472 4662 2629 4717 certe
2652 4662 2857 4716 altaris.
2902 4662 3179 4731 Ejusmodi
3214 4674 3354 4718 tecta
3388 4665 3443 4719 iu

1869 4736 2017 4789 orbis
2044 4734 2283 4801 speciem
2325 4734 2591 4786 aedificata
2621 4750 2721 4787 nos
2745 4731 2882 4787 Galli
2924 4733 3189 4801 hodieque
3225 4735 3440 4789 domata

1871 4818 2144 4859 vocamus.
2179 4802 2349 4856 Porro
2370 4806 2436 4856 de
2474 4801 2653 4870 templi
2679 4803 3064 4870 Apostolorum
3092 4805 3443 4870 magnificen-

1871 4875 1945 4929 tia
1990 4874 2287 4943 Gregorius
2336 4871 2468 4928 Naz.
2504 4874 2556 4926 in
2597 4874 2842 4927 carmine
2874 4875 2941 4927 de
2987 4872 3256 4929 insomnio
3292 4877 3438 4928 Ana-

1870 4945 2052 4999 stasite
2088 4946 2160 4997 ita
2196 4943 2427 4998 scribit:

1869 5014 1993 5069 Σὺν
2016 5013 2137 5080 τοῖς
2169 5014 2267 5066 καὶ
2299 5010 2686 5082 μεγάλαυχον
2709 5011 2843 5082 ἕδος
2875 5011 3147 5080 Χριστοῖο
3164 5012 3445 5082 μαθητῶν

1943 5083 2230 5153 πλευραῖς
2266 5081 2709 5151 σταυροτύποις
2744 5081 2997 5152 τέτραχα
3039 5081 3420 5153 τεμνόμενον,

1940 5154 1996 5210 Id
2030 5167 2135 5219 est,
2172 5153 2239 5207 Et
2278 5154 2613 5222 magniﬁcum
2639 5155 2885 5221 templum
2931 5153 3130 5207 Christi
3158 5154 3445 5221 discipulo.

1868 5241 2007 5296 rum,
2035 5237 2264 5296 quatuor
2298 5225 2553 5296 lateribus
2571 5225 2880 5296 distinctum
2898 5225 2952 5277 in
2987 5225 3158 5296 crucis
3194 5223 3438 5291 formant.

1871 5294 2184 5364 Hujusiuodi
2213 5294 2386 5349 forma
2426 5295 2555 5349 olint
2582 5294 2828 5350 ecclesia:
2854 5294 3357 5364 construebantur,
3381 5303 3439 5346 ut

1867 5361 2072 5420 notavit
2095 5366 2379 5420 Gretserus
2415 5367 2467 5420 in
2496 5366 2653 5420 libris
2677 5365 2751 5418 De
2783 5381 2959 5429 cruce,
2984 5362 3196 5418 Marcus
3225 5364 3280 5418 in
3322 5361 3440 5418 Vita

1869 5438 2043 5515 εαηξεέ
2072 5433 2382 5515 ferrier“.-

1938 5506 2050 5575 (47)
2071 5502 2326 5574 Τῆςτῶν
2346 5507 2705 5565 ἀποστόλων
2716 5502 3104 5573 προσρήσεως
3126 5502 3436 5575 κοινωνόν.

1865 5573 2067 5631 Alludit
2100 5573 2365 5631 Eusebius
2406 5576 2472 5630 ad
2520 5575 3100 5643 coguomeutumjllud
3146 5573 3439 5628 ίσαποστό-

1864 5649 1979 5707 λου.
2011 5662 2122 5716 quo
2152 5658 2270 5715 post
2303 5657 2531 5701 mortem
2574 5641 2798 5701 allectus
2824 5655 2906 5699 est
2934 5641 3348 5708 Constantinus,
3380 5655 3442 5699 ut

1864 5715 2064 5791 legitur
2101 5717 2153 5770 iu
2183 5715 2399 5772 Menaeis
2440 5717 2774 5791 Graecorum,
2803 5716 2968 5791 _Quod
3011 5724 3434 5791 cognomentum

1866 5784 2051 5845 nescio
2071 5803 2169 5844 cur
2200 5797 2478 5857 tantopere
2500 5787 2546 5843 ei
2591 5784 2844 5843 inviderit
2904 5784 3145 5858 Scaliger
3172 5785 3229 5841 in
3262 5784 3359 5842 lib.
3397 5795 3434 5840 ν
