3926 6264
486 326 632 385 “99
686 326 691 329 ’

1012 436 1242 495 CAPUT
1280 436 1509 493 XLVIII.

483 535 758 602 Quomodo
784 531 1098 588 immodicas
1124 530 1404 599 cujusdam
1452 529 1635 585 laudes
1670 544 1811 600 agre
1851 528 2053 584 tulerit.

556 689 655 746 His
687 688 936 744 omnibus
983 686 1274 753 confectis,
1324 701 1450 744 cum
1493 685 1843 756 imperatoris
1886 684 2061 739 virtus
2101 662 2115 685 ’

482 790 805 837 cunctorum
862 779 1211 835 sermonibus
1248 779 1667 848 praedicaretur,
1717 776 1939 847 quidam
1988 789 2058 830 ex

432 866 435 869 ’
484 885 715 927 numero
748 870 1120 937 sacerdotum,
1154 868 1305 923 illum
1340 883 1529 924 coram
1563 867 1784 921 beatum
1823 882 2060 937 pronun-

484 958 629 1013 tiare
659 973 766 1014 non
802 966 886 1012 est
911 958 1154 1016 veritus:
1199 957 1400 1027 quippe
1439 957 1529 1026 qui
1565 966 1677 1011 tum
1716 956 1768 1010 in
1812 956 1915 1011 hac
1949 957 2058 1010 vita

480 1062 753 1102 summum
799 1048 964 1103 totius
1000 1047 1150 1102 orbis
1198 1046 1428 1102 Romani
1470 1046 1755 1116 imperium
1804 1049 2059 1117 consequi

483 1142 812 1205 meruisset;
851 1151 963 1195 tum
1000 1142 1055 1196 in
1088 1142 1269 1196 futuro
1306 1154 1422 1195 arvo
1465 1154 1572 1194 una
1620 1154 1745 1193 cum
1795 1139 1933 1195 Filio
1967 1141 2059 1195 Dei

482 1240 630 1288 esset
657 1241 1012 1303 regnaturus.
1042 1235 1111 1287 At
1146 1231 1237 1286 ille
1267 1230 1574 1300 huiusmodi
1606 1248 1768 1289 voces
1797 1247 1939 1305 aegre
1965 1233 2061 1287 ad-

486 1328 702 1380 modum
743 1341 955 1395 passus,
1006 1325 1283 1381 hominem
1316 1325 1625 1390 admonuit,
1656 1339 1727 1381 ne
1765 1324 1851 1380 his
1876 1322 2061 1379 verbis

486 1418 561 1471 uti
596 1426 980 1485 praesumeret;
1018 1417 1115 1473 sed
1149 1416 1333 1487 potius
1366 1415 1593 1486 supplex
1636 1416 1749 1472 Deo
1798 1422 1926 1469 vota
1978 1412 2062 1467 fa-

485 1520 658 1573 ceret,
706 1517 765 1564 ut
803 1518 913 1564 tam
956 1509 1010 1564 in
1056 1509 1159 1565 hac
1199 1523 1365 1579 quam
1418 1510 1472 1565 in
1520 1507 1701 1565 futura
1751 1507 1887 1576 vita,
1932 1521 2062 1564 cen-

496 1603 603 1660 seri
639 1603 781 1659 inter
822 1601 1058 1658 famulos
1098 1601 1195 1658 Dei
1231 1612 1556 1659 mereretur.

942 1785 1099 1858 551
1149 1785 1378 1843 CAPUT
1422 1785 1608 1841 XLIX.

708 1879 918 1951 Nuptice
951 1877 1248 1934 Constantii
1284 1878 1538 1946 Cresam,
1571 1878 1688 1949 ejus
1716 1876 1841 1946 filii.

554 1972 815 2029 Absoluto
846 1972 955 2043 iam
1008 1972 1288 2028 tricesimo
1347 1972 1564 2042 imperii
1609 1985 1785 2038 anno,
1837 1968 2063 2024 secundi

486 2063 585 2120 illii
619 2062 841 2132 nuptias
881 2060 1212 2127 celebravit,
1251 2076 1379 2116 cum
1406 2060 1630 2131 majoris
1664 2067 1795 2115 natu
1843 2060 2065 2129 nuptias

486 2156 690 2211 dudum
738 2163 899 2209 antea
933 2152 1341 2209 celebravisset.
1382 2149 1552 2223 Epnla
1590 2151 1753 2219 igitur
1794 2160 1848 2206 et
1876 2152 2065 2206 convi-

485 2248 573 2303 via
606 2247 1024 2318 praebebantur,
1060 2245 1390 2313 imperatore
1434 2244 1554 2314 ipso
1598 2244 1767 2300 lilium
1803 2258 2062 2314 sponsum

486 2338 826 2401 deducente,
873 2346 930 2391 et
974 2336 1265 2408 magniﬁco
1308 2348 1569 2407 apparatu
1618 2352 1863 2393 seorsum
1910 2336 2051 2393 viroo

487 2445 637 2496 rum,
688 2445 938 2486 seorsum
976 2428 1269 2485 mulierum
1320 2440 1522 2485 ctetum
1576 2429 1904 2500 excipiente.
1957 2428 2065 2485 Sed

484 2532 541 2576 et
595 2536 818 2579 munera
874 2521 1320 2593 splendidissima
1367 2523 1686 2579 civitatibus
1731 2538 1797 2580 ac
1852 2523 2065 2593 populis

488 2612 684 2669 divisa.

1101 2792 1333 2849 CAPUT
1381 2792 1447 2851 L.

739 2884 952 2957 chatio
984 2894 1033 2941 et
1080 2900 1299 2939 munera
1336 2886 1401 2939 ab
1436 2884 1590 2941 Indis
1628 2886 1814 2942 missa.

568 2979 773 3034 Eodem
810 2990 1052 3050 tempore
1074 2979 1331 3035 Indorum
1361 2979 1453 3049 qui
1482 2979 1548 3032 ad
1589 2980 1858 3035 orientem
1895 2979 2067 3035 solem

492 3071 753 3133 incolunt,
790 3072 955 3143 lt'gali
992 3074 1289 3137 advenere,
1336 3072 1476 3126 dona
1533 3070 1857 3129 all'erentes:
1891 3073 2068 3129 varias

1192 321 1463 379 EUSEBII
1503 319 1983 379 CESARIENSIS
2021 317 2173 376 OPP.
2212 312 2393 369 PARS
2431 312 2472 367 I.
2514 342 2583 354 -—
2623 305 3012 365 IIISTORICA.

3610 298 3756 353 1200

2680 419 3076 479 ΚΕΦΑΛΑΙΟΝ
3106 419 3247 474 ΜΗ’.

2164 529 2372 592 Ὅπως,
2413 527 2573 587 τινος
2610 521 2774 644 ἀγαὲ
2807 516 3199 596 enati-0233709
3219 555 3235 579 ,
3283 513 3397 566 οὐκ
3452 511 3758 583 ἠνέσχετο

2773 603 3199 644 ωνονταντινος.

2773 603 3199 651 ωνσταντινος.

2229 688 2339 744 Καὶ
2371 687 2434 759 δὴ
2470 686 2674 740 τούτων
2705 684 2960 738 ἁπάντων
2984 680 3096 749 (24)
3145 677 3611 749 συντελουμένων,
3652 675 3759 730 ἀνά

2164 782 2338 853 στόμα
2357 796 2419 833 τε
2445 777 2597 850 παρὰ
2620 779 2750 830 πᾶσι
2780 774 2890 828 τῶν
2916 773 3019 843 τῆς
3039 770 3204 826 αὑτοῦ
3230 770 3374 825 κατά
3391 769 3526 824 Θεὸν
3554 767 3760 839 ἀρὲτης

2165 873 2474 946 βοωμένων,
2502 871 2611 925 τῶν
2653 868 2745 922 τοῦ
2776 866 2913 921 Θεοῦ
2940 863 3273 936 λειτουργῶν
3319 880 3408 929 τις
3442 860 3761 933 ἀποτολμή-

2165 985 2285 1030 σας,
2342 967 2423 1028 είς
2486 963 2651 1019 αὐτοῦ
2714 961 3004 1035 πρόσωπον
3068 959 3335 1032 μακάριον
3390 956 3560 1012 αὐτὸν
3619 953 3761 1009 ἀπέ-

2165 1074 2367 1129 φηνεν,
2423 1056 2507 1109 ὅτι
2559 1054 2623 1125 δὴ
2681 1054 2783 1107 κάν
2839 1050 2917 1123 τῷ
2985 1048 3213 1122 παρόντι
3287 1048 3385 1119 βίῳ
3453 1048 3554 1118 τῆς
3618 1044 3762 1100 κατά

2162 1151 2379 1205 πάντων
2427 1145 2903 1219 αύτοκρατορικῆς
2959 1140 3236 1214 βασιλείας
3289 1139 3595 1210 ἠξιωμένος
3648 1138 3762 1207 εἴη,

2161 1243 2266 1296 κάν
2328 1240 2408 1312 τῷ
2477 1238 2722 1312 μέλλοντι
2781 1233 3199 1308 συμϐασιλεύειν
3267 1232 3451 1305 μέλλοι
3498 1230 3580 1301 τῷ
3640 1228 3762 1299 Υἱῷ

2162 1334 2255 1388 τοῦ
2325 1329 2492 1387 Θεοῦ.
2568 1332 2628 1384 '0
2678 1328 2736 1383 δὲ
2801 1326 3057 1399 ἀπεχθῶς
3111 1327 3212 1398 τῆς
3275 1324 3460 1395 φωνῆς
3519 1320 3765 1376 ἐπακού-

2165 1443 2283 1490 σας,
2342 1422 2418 1496 μὴ
2450 1422 2675 1478 τοιαῦτα
2705 1420 2910 1492 τολμᾷν
2959 1418 3193 1491 παρῄνει
3238 1415 3598 1487 φθέγγεσθαι,
3625 1413 3765 1486 μᾶλ-

2160 1515 2251 1570 λον
2301 1514 2358 1569 δὲ
2406 1514 2472 1568 δι’
2519 1513 2686 1586 εὐχῆς
2726 1510 2993 1565 αἰτεῖσθαι
3033 1509 3204 1581 αὐτῷ,
3258 1510 3360 1563 κάν
3384 1507 3465 1579 τῷ
3500 1505 3757 1580 παρόντι,

2162 1606 2265 1658 κάν
2311 1602 2389 1675 τῷ
2426 1602 2694 1675 μέλλοντι,
2728 1602 2828 1674 τῆς
2865 1599 2959 1655 τού
3001 1600 3135 1655 Θεοῦ
3179 1599 3423 1664 δουλείας
3471 1598 3627 1665 ἀξιον
3661 1615 3761 1669 φα-

2162 1700 2336 1768 νῆναι.

2684 1784 3081 1841 ΚΕΦᾹΛᾹΙΟΝ
3110 1783 3248 1838 ΜΘ’.

2270 1876 2460 1950 Γάμοι
2481 1879 2904 1933 Kcin-Utantur)
2930 1876 3065 1932 υἱοῦ
3094 1876 3301 1940 αὐτοῦ,
3328 1877 3659 1944 Καλσαρος.

2252 1969 2466 2041 Ἐπειδὴ
2491 1969 2548 2023 δὲ
2579 1970 2675 2023 καὶ
2700 1970 2729 2022 ὁ
2751 1969 3174 2040 τριακονταέτης
3193 1966 3345 2038 αὐτῷ
3364 1968 3465 2039 τῆς
3488 1967 3768 2039 βασιλείας

2165 2061 2531 2135 διεπεραίνετο
2577 2062 2788 2134 χρόνος,
2824 2060 2902 2132 τῷ
2939 2062 3176 2135 δευτέρῳ
3212 2062 3323 2116 τῶν
3357 2061 3566 2116 παίδων
3613 2078 3766 2114 συνε-

2165 2154 2310 2207 τέλει
2343 2154 2574 2225 γάμους,
2601 2152 3056 2216 παλαιτάτουςτε
3090 2151 3226 2206 κάπὶ
3258 2151 3354 2205 τοῦ
3382 2151 3763 2224 πρεσϐυτέρου

2167 2245 2279 2317 (25)
2310 2244 2408 2317 τὴν
2441 2243 2661 2317 ἡλικίαν
2688 2242 3142 2316 διαπραξάμενος.
3174 2243 3368 2297 Θαλίαι
3395 2243 3462 2315 δὴ
3494 2244 3594 2301 καὶ
3622 2244 3765 2296 ἐστι·

2167 2338 2319 2403 ἀσεις
2349 2339 2565 2410 ἡγοντο,
2615 2332 3107 2408 νυμφοστολοῦντος
3156 2335 3321 2389 αὑτοῦ
3368 2335 3638 2406 βασιλέως
3672 2334 3765 2388 τδν

2168 2431 2354 2501 παῖδα,
2406 2430 2693 2495 ἑστιῶντός
2728 2446 2787 2484 τε
2831 2428 3100 2501 λαμπρῶς
3139 2429 3234 2482 καὶ
3276 2427 3767 2498 συμποσιάζοντος,

2165 2517 2270 2577 ὧδε
2317 2522 2418 2594 μὲν
2452 2522 2668 2594 ἀνδρῶν
2702 2520 2930 2585 θιάσοις,
2974 2519 3248 2589 γυναικῶν
3280 2519 3326 2572 δ’
3359 2520 3772 2591 ἀφωρισμένοις

2167 2615 2424 2687 ἀλλαχόθι
2452 2617 2634 2687 χοροῖς
2652 2633 2666 2645 ·
2702 2614 2969 2679 διαδόσεις
2997 2630 3059 2666 τε
3096 2610 3352 2665 πλούσιαι
3383 2612 3770 2682 χαρισμάτων,

2167 2708 2361 2780 δήμοις
2382 2709 2498 2780 ἅμα
2526 2710 2620 2763 καὶ
2647 2707 2866 2761 πόλεσιν
2901 2705 3222 2778 ἐδωροῦντο.

2721 2797 3120 2853 ΚΕΦΑΛΑιῐΟΝ
3149 2799 3232 2850 N'.

2557 2889 2755 2944 Ἰνδῶν
2793 2891 3077 2959 πρεσϐεία
3108 2889 3205 2943 καὶ
3231 2888 3409 2959 δῶρα.

2255 2980 2342 3033 Ἐν
2363 2978 2538 3049 τούτῳ
2570 2979 2625 3032 δὲ
2653 2980 2747 3034 καὶ
2776 2981 2953 3035 Ἰνδῶν
2976 2980 3085 3033 τῶν
3119 2981 3254 3052 πρὸς
3275 2982 3566 3054 ἀνίσχοντα
3592 2981 3767 3054 ἥλιον,

2172 3069 2430 3143 πρέσϐεις
2464 3071 2719 3141 ἀπήντων
2751 3069 2899 3142 δῶρα
2932 3070 3263 3142 κομίζοντες·
3292 3072 3424 3143 γένη
3451 3072 3498 3126 δ’
3527 3068 3601 3144 ἦν
3636 3090 3773 3126 παν-

490 3162 750 3217 videlicet
786 3177 1035 3231 gemmas
1060 3161 1318 3232 exquisiti
1352 3160 1579 3230 fulgoris
1613 3176 1678 3217 ac
1706 3160 1892 3231 pretii;
1925 3160 2069 3218 feras

2182 3166 2289 3217 τοῖα
2322 3161 2801 3235 ὲξαστραπτόντων
2840 3160 3146 3215 πολυτελῶν
3183 3160 3366 3224 λίθων,
3413 3162 3530 3226 ζῶα
3558 3180 3620 3216 τε
3662 3164 3771 3216 τῶν

490 3269 709 3325 quoque
754 3255 927 3310 forma
964 3264 1129 3322 atque
1172 3252 1353 3309 indole
1395 3250 1612 3322 penitus
1656 3266 1687 3306 a
1721 3252 1927 3309 nostris
1962 3252 2071 3309 dis-

491 3356 803 3416 crepantes.
847 3345 980 3413 Quae
1020 3344 1206 3400 omnia
1247 3344 1571 3413 imperatori
1616 3343 1947 3411 offerentes,
1998 3355 2074 3402 te-

493 3438 783 3493 stabantur
809 3438 876 3491 ad
917 3436 1096 3506 ipsum
1126 3450 1299 3505 usque
1330 3434 1604 3491 Oceanum
1640 3436 1927 3507 imperium
1955 3436 2074 3508 ejus

493 3531 751 3596 extendi,
796 3530 1080 3601 gentisque
1133 3529 1385 3584 Indorum
1426 3528 1705 3598 principes
1738 3544 1803 3584 ac
1832 3530 2069 3602 regulos,

497 3625 659 3695 pictis
714 3622 913 3679 tabulis
953 3632 1009 3678 et
1071 3622 1268 3678 statuis
1309 3620 1362 3675 in
1393 3621 1657 3676 honorem
1690 3620 1806 3690 eius
1845 3622 2071 3688 erectis,

500 3718 885 3786 imperatorem
937 3728 1004 3769 ac
1046 3727 1229 3782 regem
1277 3725 1338 3766 se
1382 3710 1533 3766 illum
1570 3726 1871 3783 agnoscere
1910 3713 2071 3783 proli-

498 3809 621 3863 teri.
659 3809 738 3863 Ac
780 3808 833 3863 in
874 3808 994 3878 ipso
1018 3807 1239 3876 quidem
1285 3804 1628 3876 principatus
1665 3806 1783 3877 ejus
1825 3807 2072 3871 exordio,

497 3901 657 3973 primi
699 3900 943 3957 omnium
975 3898 1225 3955 Britanni
1272 3898 1340 3953 ad
1376 3897 1768 3953 occidentalem
1809 3913 2072 3954 oceanum

498 3994 686 4063 positi,
734 4008 856 4049 sese
896 3993 1047 4047 illius
1095 3992 1286 4048 ditioni
1344 3989 1723 4060 subiecerunt:
1769 4005 1913 4045 nunc
1946 4005 2073 4047 vero

500 4087 614 4141 Indi
648 4088 718 4142 ad
765 4087 1032 4141 orientem
1084 4085 1253 4140 solem
1294 4083 1638 4150 incolentes,
1685 4082 1830 4138 idem
1866 4082 2071 4140 fecere.

1107 4171 1337 4229 CAPUT
1371 4171 1455 4227 LI.

499 4267 775 4336 Quomodo
811 4265 1216 4329 Constantinus,
1252 4262 1420 4336 diviso
1446 4264 1503 4318 in
1532 4273 1635 4322 tres
1660 4264 1801 4333 ﬁlios
1830 4264 2072 4335 imperio,

573 4357 657 4395 sos
688 4350 737 4393 et
766 4338 1025 4407 regnandi
1060 4343 1175 4389 arte
1208 4344 1256 4387 et
1287 4333 1500 4403 pietatis
1531 4336 1712 4405 ofﬁciis
1748 4333 2001 4391 instituit.

574 4431 712 4487 Cum
765 4429 932 4499 igitur
978 4435 1278 4495 utrumque
1341 4428 1638 4482 terminum
1705 4427 1856 4484 orbis
1907 4436 2077 4483 terra-

2178 3254 2304 3324 παρ’
2332 3254 2462 3324 ἡμῖν
2492 3253 2850 3322 ἐγνωσμένων
2877 3251 3267 3305 ὲναλλάττοντα
3289 3252 3386 3323 τὴν
3412 3251 3579 3321 φύσιν
3597 3270 3611 3283 ·
3645 3253 3683 3307 ἃ.
3704 3253 3768 3326 δὴ

2178 3344 2451 3416 προσῆγον
2478 3343 2556 3415 τῷ
2581 3343 2808 3416 βασιλεῖ,
2826 3344 2925 3417 τὴν
2946 3346 3027 3409 είς
3056 3344 3218 3399 αὑτὸν
3252 3346 3508 3400 Ὠκεανὸν
3531 3345 3647 3417 (26)
3678 3346 3769 3418 δη-

2177 3438 2396 3503 λοῦντες
2418 3437 2581 3491 αὐτοῦ
2607 3437 2894 3510 κράτησιν,
2928 3437 3024 3492 καὶ
3053 3437 3128 3502 ὡς
3156 3439 3205 3492 οἱ
3235 3438 3337 3509 τῆς
3384 3438 3561 3493 Ἰνδῶν
3587 3438 3768 3511 χώρας

2179 3530 2572 3603 καθηγεμόνες,
2608 3530 2829 3585 εἰκόνων
2867 3533 3128 3603 γραφαῖς,
3171 3531 3505 3602 ἀνδριάντων
3533 3534 3581 3586 τ’
3610 3518 3771 3587 αὑτὸν

2179 3623 2490 3694 ἀναθήμασι
2517 3622 2804 3693 τιμῶντες,
2840 3623 3217 3696 αὐτοκράτορα
3250 3625 3345 3677 καὶ
3377 3625 3606 3696 βασιλέα
3632 3644 3772 3695 γνω-

2183 3713 2352 3787 ρίζειν
2383 3715 2712 3785 ὡμολόγουν.
2755 3716 3069 3788 Ἀρχομένῳ
3095 3716 3191 3788 μὲν
3218 3716 3318 3787 τῆς
3353 3718 3636 3789 βασιλείας
3660 3718 3773 3791 (2η

2180 3807 2350 3876 αὐτῷ,
2371 3808 2420 3860 οἱ
2452 3806 2588 3879 πρὸς
2610 3807 2761 3877 ἥλιον
2787 3805 3013 3886 δύνοντα
3044 3808 3268 3880 ὠκεανῷ
3294 3809 3610 3881 Βρεττανοὶ,
3626 3811 3774 3885 πρῶ-

2178 3920 2259 3956 τοι
2288 3900 2774 3964 καθυπετάττοντο,
2822 3900 2917 3954 νῦν
2950 3901 2995 3955 δ’
3053 3903 3231 3957 Ἰνδῶν
3274 3904 3325 3955 οἱ
3381 3904 3483 3978 τὴν
3517 3906 3659 3978 πρὸς
3682 3906 3772 3960 ἀν-

2184 3995 2397 4065 ίσχοντα
2425 3993 2576 4065 ἥλιον
2609 3994 2887 4064 λαχόντες.

2697 4169 3093 4223 ΚΕΦΑΛΑῙΟΝ
3129 4171 3255 4223 ΝΛ’.

2183 4260 2516 4335 Ὅπως-,τοῖς
2535 4261 2732 4335 τρισὶν
2766 4261 2917 4335 υἱοῖς
2940 4264 3394 4335 Κωνσταντῖνος
3416 4264 3643 4319 διελὼν
3663 4264 3773 4335 τὴν

2249 4330 2467 4399 ἀρχὴν,
2504 4330 2577 4385 τὰ
2594 4331 2892 4396 ,ϐασιλικὰ
2912 4334 3043 4402 μετ’
3069 4335 3381 4401 εὐσεϐείας
3408 4335 3694 4404 διηγεῖτο.

2263 4423 2350 4488 Ὡς
2381 4419 2471 4478 οὖν
2499 4425 2774 4495 ἑκατέρων
2803 4426 2912 4479 τῶν
2936 4426 3122 4499 ἄκρων
3147 4428 3245 4500 τῆς
3287 4428 3416 4500 ὅλης
3444 4430 3770 4501 οἰκουμένης

502 4538 623 4579 rum
662 4526 762 4578 sub
809 4530 1130 4591 potestatem
1183 4536 1337 4575 suam
1393 4520 1723 4593 redegisset,
1770 4521 1938 4576 totius
1977 4522 2070 4573 im-

2182 4518 2420 4588 ἐκράτει,
2475 4516 2571 4588 τὴν
2620 4516 2913 4589 σύμπασαν
2959 4519 3060 4590 τῆς
3102 4518 3378 4589 βασιλείας
3424 4520 3605 4593 ἀρχὴν
3627 4524 3772 4593 τρισὶ

498 4614 637 4686 perii
694 4628 958 4670 summam
1036 4613 1185 4668 velut
1233 4621 1518 4683 paternam
1567 4614 1856 4681 quamdam
1908 4612 2078 4667 haere-

576 4858 687 4931 (24)
716 4856 828 4912 Καὶ
858 4854 935 4925 δὴ
962 4856 1186 4931 τούτων
1206 4853 1507 4931 ἁπάντων.
1533 4851 1667 4931 Tota
1694 4851 1807 4931 hac
1826 4851 2078 4931 periodus

506 4920 680 4998 usque
707 4933 773 4983 ad
796 4920 981 4983 vocem
1009 4926 1299 4998 ἀπέφηνεν
1330 4965 1345 4998 ,
1376 4926 1561 4998 deerat
1596 4924 1650 4975 in
1691 4920 1878 4998 codice
1908 4921 2078 4998 Regio

505 5010 564 5054 et
592 4992 667 5054 'in
716 4998 952 5053 editione
1005 4992 1156 5050 Rob.
1196 4992 1508 5065 Stephani:
1560 5006 1725 5065 quam
1778 4992 1881 5045 viri
1933 4992 2077 5046 docti

509 5070 693 5125 nescio
738 5078 921 5122 utrum
971 5082 1037 5121 ex
1090 5062 1476 5133 manuscriptis
1533 5062 1835 5124 codicibus,
1885 5076 1985 5133 an_
2014 5078 2081 5133 ex

508 5140 817 5207 conjectura
848 5138 1253 5207 suppleverunt.
1290 5129 1531 5190 Tandem
1562 5146 1691 5207 vero
1727 5132 1923 5207 codex__
1943 5129 2080 5207 Euk.

511 5202 827 5270 nos'tlocuit,
858 5202 974 5263 haec
1004 5209 1143 5262 bona
1170 5207 1273 5261 [ide
1304 5222 1372 5259 ex
1394 5202 1780 5272 manuscriptis
1808 5202 2084 5257 codicibus

509 5282 676 5335 fuisse
707 5278 978 5347 suppleta.

579 5352 690 5423 (‘25)
729 5341 1149 5423 H'allatrdz'o'ug
1175 5361 1249 5423 te
1300 5344 1444 5423 ξιᾴπὶ
1495 5342 1620 5423 τοῦ.
1652 5341 2079 5423 πρεσϐυτέρου.

510 5412 864 5477 Scribendum
895 5420 1014 5473 sine
1064 5412 1225 5472 dubio
1254 5416 1420 5469 πάλαι
1471 5413 1634 5467 ταύτὸ
1660 5414 1797 5467 κάπὶ
1843 5412 2075 5484 τούπρ.

1444 5554 1800 5633 Scribendum
1867 5552 2080 5633 videtur

509 5623 791 5697 εἰςάὺτῶν
810 5623 1082 5683 ⁷ὠκεανόν.
1110 5627 1168 5680 ιιι
1201 5637 1304 5689 est,
1342 5642 1503 5693 usque
1530 5627 1598 5697 ad
1629 5624 1893 5680 Oceanum
1916 5623 2079 5697 judi-

508 5694 649 5756 cum.
706 5703 872 5755 Porro
921 5702 1080 5765 hujus
1135 5698 1417 5766 legationis
1469 5695 1663 5766 Indicas
1704 5703 1869 5766 caput
1904 5694 2081 5766 luisse

513 5773 725 5829 videtur
754 5763 1090 5828 Metrodorus
1145 5763 1524 5839 philosOphus;
1565 5765 1671 5853 qui
1703 5763 1787 5857 ab
1822 5763 2080 5857 Indorum

2178 4612 2291 4674 τοῖς
2332 4608 2498 4662 αὐτοῦ
2530 4608 2706 4681 διῄρει
2750 4610 2962 4677 παισὶν,
2990 4605 3080 4666 οἷά
3117 4628 3236 4665 τινα
3278 4610 3543 4683 πατρῴαν
3579 4613 3771 4667 οὐσίαν

2186 4868 2308 4926 rege
2330 4855 2588 4926 plurimas
2622 4869 2867 4926 gemmas
2897 4867 2952 4911 et
2982 4857 3211 4914 uniones
3243 4857 3308 4912 ad
3336 4857 3764 4916 Constantinum

2186 4926 2400 4990 detulit,
2459 4926 2733 4993 multoque
2781 4927 2932 4995 plura
2965 4928 3255 4982 allaturum
3281 4944 3339 4983 se
3376 4929 3547 4984 fuisse
3583 4930 3762 4994 tinxit,

2184 4998 2283 5051 nisi
2313 4997 2603 5051 Persarum
2625 5011 2728 5067 rex
2751 4998 2857 5067 sibi
2894 5013 2991 5065 per
3017 5014 3204 5067 agrum
3255 4996 3548 5053 Persarum
3583 5011 3767 5056 trans.

2181 5068 2329 5120 eunti
2364 5081 2427 5121 ea
2458 5066 2797 5123 abstulisset.
2828 5066 2946 5133 Quo
2994 5066 3277 5124 mendacio
3310 5070 3565 5125 inductus
3616 5072 3765 5125 Con-

2183 5137 2485 5208 stantinus,
2527 5138 2655 5189 dum
2688 5147 2837 5208 rapta
2890 5137 3104 5192 avidius
3139 5140 3504 5208 persequitur,
3563 5142 3763 5196 bellum

2182 5206 2462 5260 Persicum
2486 5207 2799 5269 commovit,
2815 5216 2870 5259 ut
2887 5208 3129 5263 scribunt
3145 5206 3420 5263 Cedrcnus
3442 5220 3498 5263 et
3518 5212 3767 5265 Ammia-

2184 5292 2284 5347 nus
2316 5275 2684 5330 Marcellinus.
2737 5275 2842 5331 Sed
2873 5276 3154 5347 Cedrenus
3181 5294 3407 5347 prorsus
3439 5280 3621 5335 alieno
3649 5282 3769 5337 loco

2182 5345 2235 5419 id
2262 5347 2451 5410 refert,
2476 5360 2619 5419 anno
2644 5347 2864 5419 scilicet
2895 5345 3238 5419 Constantini
3293 5349 3470 5419 primo
3503 5365 3568 5404 ac
3620 5353 3769 5406 vice—

2182 5415 2359 5481 simo;
2388 5432 2510 5470 cum
2568 5416 2619 5468 id
2667 5417 2918 5471 conferre
2969 5417 3245 5473 debuisset
3293 5415 3361 5473 'in
3412 5419 3765 5475 Constantini

2183 5501 2385 5539 annum
2424 5489 2657 5553 primum
2728 5502 2791 5539 ac
2844 5488 3197 5542 tricesimum.
3251 5488 3366 5543 Hoc
3417 5491 3564 5544 enim
3624 5506 3773 5546 atina

2184 5565 2341 5624 rupta
2370 5569 2454 5609 est
2479 5570 2579 5623 pax
2611 5557 2750 5608 inter
2784 5556 3057 5612 Romanos
3086 5570 3139 5611 et
3169 5558 3382 5613 Persas.

2254 5625 2362 5695 (27)
2405 5625 2723 5695 Ἀρχομένφ
2741 5626 2858 5695 μὲν
2884 5624 2995 5694 τῆς
3034 5628 3379 5695 βασιλείας.
3405 5628 3589 5685 Codex
3627 5628 3768 5689 Fuk.

2183 5695 2469 5768 ἀρχομένῳ
2491 5696 2589 5768 μέν
2622 5696 2732 5768 γάρ
2756 5697 2857 5767 τῆς
2895 5696 3019 5766 βασ.
3059 5698 3285 5754 Schedte
3331 5709 3517 5756 autem
3554 5709 3773 5758 veteres

2181 5762 2469 5838 ἀρχομένῲ
2493 5762 2605 5837 ’μὲν
2631 5762 2747 5836 οὖν,
2773 5762 2919 5839 quod
2954 5770 3125 5840 magis
3145 5769 3344 5840 placet.
