3926 6264
122 381 249 437 {SOI

1226 384 1314 440 ne
1353 385 1516 441 vt'rA
1555 366 2011 441 CONSTANTIRI
2052 383 2178 442 LIB.
2223 383 2312 441 tv.

3237 382 3375 439 1202

119 501 230 563 τοῖς
258 499 424 552 αὑτοῦ
471 501 804 574 κληροδοτῶν
835 503 1139 572 φιλτάτοις·
1175 501 1271 573 τὴν
1300 504 1395 573 μὲν
1433 499 1526 556 οὖν
1560 519 1691 555 παπ-

1810 503 2034 559 ditatem
2089 500 2586 558 necessitudinibus
2634 501 2748 558 suis
2777 499 3123 572 dispertiens,
3159 499 3215 556 in
3262 511 3372 555 tres

124 591 275 663 πῲαν
314 593 466 664 λῆξιν
506 594 584 665 τῷ
627 595 851 666 μείζονι,
885 596 982 666 τὴν
1022 596 1076 649 δὲ
1112 595 1212 665 τῆς
1255 595 1393 666 ἑῴας
1425 595 1594 667 ἀρχὴν
1622 595 1698 667 τῷ

123 685 377 756 δευτέρῳ,
431 687 530 756 τὴν
572 686 628 740 δὲ
670 688 873 742 τούτων
917 689 1087 759 μέσην
1134 687 1212 758 τῷ
1260 690 1425 759 τρίτῳ
1464 689 1695 760 διένεμε.

121 777 338 847 Κλῆρον
363 777 409 831 δ’
439 778 640 846 ἀγαθὸν
671 781 765 834 καὶ
793 780 970 851 ψυχῆς
995 781 1259 849 σωτήριον
1284 784 1392 845 τοῖς
1418 782 1580 835 αὑτοῦ
1605 801 1702 836 πο-

123 867 422 939 ριζόμενος,
453 869 521 923 τά
549 870 856 936 θεοσεϐείας
883 874 1064 937 αὑτοῖς
1099 874 1226 926 ἐνίει
1253 875 1559 945 σπέρματα,
1587 875 1699 928 θεί-

119 977 198 1023 οις
226 962 326 1030 μὲν
360 963 616 1033 προάγων
655 963 938 1035 μαθήμασι
971 965 1105 1036 (28),
1141 965 1489 1028 διδασκάλους
1530 968 1575 1020 δ’

121 1052 292 1116 ιστὰς,
319 1054 566 1126 εὐσεϐείᾳ
592 1056 1074 1129 δεδοκιμασμένους
1095 1059 1311 1131 ἄνδρας,
1333 1060 1424 1112 καὶ
1447 1059 1552 1112 τῶν
1579 1059 1703 1123 ἔξω·

117 1141 210 1197 θεν
229 1143 290 1196 δὲ
312 1145 484 1214 λόγων
528 1146 846 1220 καθηγητὰς
878 1151 1114 1223 ἑτέρους,
1156 1152 1392 1222 ἥκοντας
1423 1155 1503 1216 εἰς
1534 1153 1701 1224 ἄκρον

117 1233 488 1300 παιδεύσεως⁹
522 1237 670 1292 ἄλλοι
701 1240 1012 1311 πολεμικῶν
1043 1244 1225 1306 αὑτοῖς
1261 1241 1488 1314 ἐξῆρχον
1525 1243 1700 1314 μαθη-

117 1323 326 1393 μάτων,
377 1325 552 1398 ἕτεροι
606 1328 714 1382 τῶν
755 1329 1046 1384 πολιτικῶν
1082 1331 1458 1402 ἐπιγνώμονας
1507 1332 1700 1395 αὐτοὺς

114 1417 412 1483 καθίστων,
451 1421 502 1472 οί
533 1421 590 1474 δὲ
609 1422 788 1492 νόμων
813 1424 1111 1495 ἐμπείρους
1157 1425 1491 1496 εἰργάζοντο.
1533 1425 1699 1477 Βασι-

115 1507 240 1580 λικὴ
270 1510 314 1563 δ’
358 1512 573 1584 ἑκάστῳ
600 1514 708 1566 τῶν
756 1515 961 1568 παίδων
1005 1517 1316 1588 κεκλήρωτο
1350 1518 1695 1589 παρασκευὴ,

114 1599 352 1667 ὁπλῖται,
391 1603 698 1678 δορυφόροι,
757 1607 1236 1678 σωματοφύλακες,
1280 1611 1702 1680 στρατευμάτων

115 1707 174 1742 τε
196 1693 455 1764 τάγματα
493 1700 751 1751 παντοῖα·
800 1701 1002 1754 τούτων
1029 1701 1084 1755 δὲ
1115 1701 1506 1773 καθηγεμόνες,
1545 1702 1703 1772 λοχα-

114 1787 221 1854 γοὶ,
272 1791 589 1859 στρατηγοὶ,
634 1792 936 1864 ταξίαρχοι,
969 1787 1042 1847 ὧν
1084 1794 1178 1864 τῆς
1205 1797 1262 1846 ἐν
1297 1793 1553 1863 πολέμοις
1582 1796 1700 1848 ἐπι-

1808 596 1948 652 ﬁlios
1995 595 2202 653 divisit.
2259 595 2324 650 Et
2371 595 2570 648 avitam
2617 593 2834 662 quidem
2884 601 3085 648 sortem
3133 591 3372 646 maximo

1802 698 1963 752 natu;
2011 687 2171 742 alteri
2201 701 2330 740 vero
2361 683 2600 740 Orientis
2631 685 2938 754 imperium;
2971 682 3201 737 mediam
3232 683 3373 738 inter

1801 779 1901 833 has
1937 780 2242 848 portionem
2285 778 2436 846 regni
2473 776 2634 828 tertio
2684 775 2794 828 ﬁlio
2832 774 3034 828 tribuit.
3089 771 3208 826 .latn
3245 787 3373 830 vero

1801 886 1925 925 cum
1955 871 2215 938 optimam
2247 869 2433 922 liberis
2470 867 2584 922 suis
2623 867 3021 928 haereditatem,
3061 875 3116 917 et
3150 863 3214 918 ad
3260 862 3377 918 ani-

1803 977 1901 1017 ma:
1929 962 2157 1018 salutem
2199 961 2466 1031 imprimis
2510 958 2692 1015 utilem
2728 974 2919 1028 parare
2946 959 3125 1021 vellet,
3157 958 3376 1027 pietatis

1801 1054 2007 1108 semina
2058 1069 2244 1107 eorum
2291 1051 2565 1105 mentibus
2617 1050 2908 1119 inspersit,
2939 1048 3137 1119 partim
3178 1047 3374 1102 divinis

1803 1146 2149 1201 documentis
2198 1145 2315 1212 ipse
2353 1157 2446 1197 eos
2497 1141 2780 1205 imbuens,
2834 1140 3032 1207 partim
3088 1138 3377 1208 magistros

1802 1240 1883 1293 eis
1930 1253 2211 1307 apponens
2255 1245 2550 1304 comperlae
2597 1232 2878 1302 religionis
2933 1232 3095 1286 viros.
3137 1229 3375 1286 Siccula-

1803 1326 1941 1380 rium
2004 1339 2217 1395 quoque
2292 1322 2702 1391 disciplinarum
2793 1320 3157 1400 peritissimos
3210 1319 3373 1392 552

1804 1419 2056 1474 doctores
2088 1418 2277 1472 iisdem
2327 1416 2592 1488 prtefecit.
2641 1413 2746 1468 Alii
2781 1413 2991 1469 bellica:
3023 1415 3162 1468 artis
3198 1416 3377 1468 scien-

1804 1511 1914 1575 tia,
1961 1510 2052 1564 alii
2107 1509 2345 1564 civilium
2400 1525 2582 1564 rerum
2646 1508 2932 1578 praeceptis
2983 1521 3080 1562 eos
3113 1504 3376 1561 informa-

1802 1605 1966 1663 bant;
2003 1603 2094 1657 alii
2144 1603 2382 1672 denique
2412 1603 2554 1672 juris
2594 1602 2904 1671 prudentia.
2938 1599 3110 1654 Porro
3150 1597 3375 1667 singulis

1807 1693 2040 1748 tributus
2074 1701 2191 1748 erat
2223 1694 2414 1762 regalis
2447 1701 2746 1763 apparatus
2789 1711 2800 1744 :
2833 1689 3096 1753 scutarii,
3149 1688 3372 1756 hastati,

1805 1794 2184 1855 protectores,
2225 1798 2278 1840 et
2312 1785 2553 1854 legiones
2595 1801 2659 1839 ae
2695 1785 2902 1840 numeri
2946 1785 3231 1849 militares,
3274 1799 3374 1838 eo-

116 1875 347 1944 στήμης,
390 1877 492 1947 τῆς
533 1897 592 1932 τε
623 1881 757 1952 πρὸς
793 1883 987 1947 αὐτοὺς
1015 1885 1222 1948 εὐνοίας
1253 1887 1282 1937 ὁ
1310 1884 1488 1956 πατὴρ
1516 1903 1691 1957 προει-

1801 1892 2028 1946 rumque
2063 1889 2304 1934 rectores
2347 1894 2358 1929 :
2394 1878 2746 1932 centuriones
2770 1917 2785 1942 ,
2824 1877 3025 1932 tribuni
3076 1891 3141 1930 ac
3182 1876 3373 1942 duces,

111 1963 173 2036 λή
183 1984 269 2035 (ρει
304 1969 404 2040 τὴν
439 1973 649 2043 πεῖραν.

627 2246 1022 2301 ΚΕΦΑΛΑΙΟΝ
1049 2249 1097 2301 Ν
1101 2250 1173 2303 B'.

112 2331 300 2398 Ὅπως
330 2333 740 2403 ἀνδρωθέντας
765 2339 988 2405 αὐτοὺς
1002 2344 1087 2407 εἰς
1108 2343 1419 2399 εὐσέϐειαν
1451 2345 1691 2417 ἤγαγεν.

185 2493 446 2559 Ἀπαλοῖς
494 2496 590 2566 μὲν
619 2495 712 2551 οὖν
741 2498 820 2552 ἔτι
849 2501 946 2571 τὴν
975 2500 1197 2571 ἡλικίαν
1228 2507 1338 2568 τοῖς
1371 2506 1692 2579 Καίσαρσιν,

107 2586 422 2656 ἀναγκαίως
455 2591 502 2642 οἱ
532 2591 975 2662 συμπράττοντες
1010 2596 1244 2665 συνῆσάν
1275 2614 1332 2649 τε
1369 2599 1462 2651 καὶ
1488 2598 1554 2652 τὰ
1583 2617 1696 2653 κοι-

107 2680 169 2734 νά
198 2679 455 2749 διῴκουν,
493 2683 571 2746 εἰς
609 2682 808 2754 ἄνδρας
837 2685 892 2738 δὲ
934 2685 1119 2739 λοιπὸν
1153 2688 1262 2756 (‘29)
1291 2689 1567 2761 προϊοῦσιν
1601 2691 1695 2745 αὑ-

106 2774 231 2834 τοῖς,
283 2774 447 2842 μόνος
492 2773 520 2824 ὁ
569 2774 751 2846 πατὴρ
785 2777 863 2839 εἰς
907 2777 1253 2834 διδασκαλίαν
1289 2784 1541 2854 ἐπήρκει,
1576 2784 1694 2838 τοτὲ

110 2864 204 2933 μὲν
249 2866 550 2937 παρόντας,
585 2867 910 2933 ἰδιαζούσαις
955 2873 1255 2944 ὑποθήκαις
1308 2875 1552 2947 ζηλωτὰς
1600 2878 1695 2931 αὑο

107 2957 226 3018 τοὺς
273 2958 600 3029 παρορμῶν,
639 2961 732 3013 καὶ
785 2963 1027 3034 μιμητάς
1066 2964 1166 3034 τῆς
1200 2966 1360 3018 αὑτοῦ
1391 2967 1696 3034 θεοσεϐείας

104 3048 485 3102 ἀποτελεῖσθαι
520 3049 785 3105 διδάσκων
807 3070 819 3082 °
853 3055 974 3107 τοτὲ
1016 3055 1060 3110 δ’
1094 3057 1292 3110 ἀποῦσι
1334 3057 1401 3112 τά
1443 3059 1694 3128 βασιλικά

106 3141 444 3210 προσφωνῶν
471 3141 607 3215 διῄει
653 3147 1086 3218 παραγγέλματα
1114 3149 1365 3222 γράφων·
1407 3144 1480 3204 ὧν
1504 3152 1564 3205 τὸ
1600 3152 1692 3224 μέν

105 3246 287 3300 γιστον
322 3227 389 3304 ἦν
430 3235 523 3287 καὶ
555 3236 884 3306 πρώτιστον,
916 3239 1015 3310 τὴν
1055 3241 1134 3303 είς
1162 3240 1252 3294 τὸν
1283 3243 1496 3298 πάντων
1537 3243 1692 3315 βασι-

103 3321 192 3377 λέα
212 3325 354 3378 Θεὸν
383 3325 584 3393 γνῶσίν
620 3344 677 3379 τε
697 3329 788 3381 καὶ
821 3330 1123 3395 εὐσέϐειαν,
1170 3333 1276 3404 πρὸ
1307 3336 1507 3398 παντὸς
1541 3335 1704 3390 πλού-

103 3432 188 3470 του
221 3417 325 3470 καί⁵
362 3419 468 3486 πρὸ
508 3419 676 3490 αὑτῆς
711 3419 986 3490 βασιλείας
1031 3424 1314 3494 τιμᾶσθαι.
1356 3426 1494 3498 Ἤδη
1537 3427 1580 3481 δ’
1606 3429 1700 3482 αὑο

101 3511 207 3572 τοῖς
232 3511 337 3564 καὶ
361 3509 455 3563 τοῦ
480 3511 546 3564 δι’
568 3511 749 3566 αὑτῶν
785 3514 1043 3584 πράττειν
1077 3515 1143 3568 τὰ
1167 3517 1412 3589 λυσιτελῆ
1448 3522 1559 3584 τοῖς
1579 3538 1692 3574 κοι-

104 3604 207 3665 νοῖς
251 3601 513 3668 ἐξουσίαν
554 3603 754 3658 ἐδίδου·
787 3606 882 3659 καὶ
910 3607 1008 3678 τὴν
1026 3608 1349 3679 Ἐκκλησίαν
1364 3611 1420 3663 δὲ
1440 3611 1532 3665 τοὺ
1557 3612 1691 3666 Θεοῦ

101 3696 184 3749 διὰ
225 3697 515 3767 φροντίδος
547 3699 723 3767 ἄγειν,
758 3701 816 3754 ὲν
844 3699 1079 3772 πρώτοις
1117 3704 1370 3774 παρῄνει,
1417 3705 1600 3770 αὑτοῖς
1633 3725 1692 3759 τε

101 3787 401 3862 διαρρήδην
432 3791 780 3861 Χριστιανοῖς
803 3787 942 3845 εἶναι
970 3793 1384 3864 παρεκελεύετο.
1413 3797 1521 3848 Καὶ
1540 3799 1567 3850 ὁ
1595 3798 1692 3867 μὲν

104 3880 236 3934 οὕτω
264 3882 402 3944 τοὺς
429 3884 563 3946 υἱεῖς
591 3883 835 3954 προῆγεν
859 3901 872 3914 ·
899 3886 949 3936 οἱ
976 3885 1032 3938 δὲ
1061 3888 1158 3957 οὑχ
1191 3887 1266 3951 ὡς
1298 3887 1363 3940 ὲκ
1390 3890 1696 3960 παραγγέλ-

105 3990 282 4042 ματος,
317 3975 1074 4050 αὑτογνώμονιδὲπροθυμίᾳ,
1093 3979 1189 4042 τὰς
1208 3980 1300 4033 τοῦ
1328 3983 1531 4052 πατρὸς
1557 4001 1692 4053 παρ-

106 4065 330 4130 αινέσεις
393 4067 790 4138 ὑπερέϐαλλον,
847 4072 915 4140 τῇ
962 4069 1096 4141 πρὸς
1130 4071 1220 4124 τὸν
1261 4073 1391 4126 Θεὸν
1429 4074 1550 4144 ὁσία
1592 4074 1692 4145 τήν

108 4173 246 4228 σφων
278 4159 524 4212 διάνοιαν
568 4161 954 4228 συντείνοντες,
985 4163 1111 4228 τούς
1142 4181 1202 4217 τε
1233 4165 1332 4236 τῆς
1367 4165 1692 4238 Ἑκκλησίας

78 4249 332 4322 ,θεσμοὺς
374 4254 432 4304 ὲν
461 4253 643 4317 αὑτοῖς
684 4253 995 4324 βασιλείοις,
1033 4257 1129 4308 σὺν
1155 4259 1266 4321 τοῖς
1295 4256 1514 4322 οἰκείοις
1549 4257 1693 4311 άπα-

108 4358 183 4394 σιν
215 4343 589 4415 άπεπλήρουν.
637 4348 747 4400 Καὶ
774 4346 932 4400 τοῦτο
969 4347 1012 4400 δ’
1033 4347 1194 4418 ἔργον
1229 4349 1326 4420 τῆς
1355 4348 1449 4402 τοῦ
1484 4349 1690 4420 πατρὸς

108 4433 311 4506 ὑπῆρχε
349 4436 714 4507 προμηθείας,
758 4438 820 4490 τὸ
845 4439 970 4501 τοὺς
1000 4438 1544 4505 συνοίκουςᾶπαντας
1571 4441 1689 4495 θεο-

1800 1969 1832 2021 ii
1882 1985 2018 2038 quos
2057 1980 2215 2038 pater
2270 1969 2320 2022 in
2376 1971 2538 2025 rebus
2592 1970 2802 2024 bellicis
2854 1968 3372 2032 exet-citatissimos,

1797 2069 1852 2112 et
1895 2059 2163 2128 praecipua
2195 2072 2322 2128 erga
2357 2058 2498 2113 ﬁlios
2533 2059 2636 2112 ﬁde
2665 2073 2730 2113 ac
2761 2057 3141 2114 benevolentia
3181 2059 3376 2129 praedi-

1803 2161 1888 2205 tos
1921 2164 2041 2204 esse
2074 2163 2428 2220 cognoverat.

2389 2241 2619 2299 CAPUT
2665 2241 2777 2297 LII.

1842 2335 2116 2401 Quomodo
2157 2351 2243 2390 eos
2283 2334 2494 2456 virilen‘t!
2520 2344 2730 2388 (etatem
2767 2336 3048 2405 ingressos,
3086 2345 3329 2405 pietatem

2500 2421 2715 2456 ocueru.

2500 2421 2715 2460 ocueru.

1869 2498 2038 2553 Porro
2067 2501 2193 2554 dum
2231 2500 2448 2554 inﬁrma
2481 2499 2662 2556 adhuc
2691 2510 2851 2555 aetate
2887 2500 3128 2556 Czesares
3165 2511 3374 2566 essent,

1799 2592 2041 2646 ministri
2097 2603 2151 2646 et
2203 2593 2499 2647 consiliarii
2558 2591 2625 2646 iis
2683 2593 2926 2661 adjuncli
2985 2593 3375 2663 rempublicam

1799 2685 2193 2754 gubernabant.
2244 2686 2445 2741 Verum
2489 2686 2578 2741 ubi
2617 2686 2683 2741 ad
2735 2685 2944 2740 virilem
2985 2695 3203 2743 aetatem
3251 2701 3377 2756 per-

1801 2778 2100 2842 venissent,
2150 2777 2318 2833 solius
2365 2779 2540 2848 patris
2583 2778 2960 2848 magisterium
3013 2779 3093 2833 eis
3141 2777 3374 2834 suﬁ‘ccit.

1798 2871 1902 2936 Qui
1953 2884 2100 2924 nunc
2159 2879 2458 2940 praesentes
2513 2869 2743 2939 privatis
2807 2869 3268 2924 admonitionibus
3309 2869 3374 2922 ad

1798 2961 2207 3016 aemulationem
2249 2963 2331 3018 sui
2389 2963 2754 3032 provocabat,
2803 2962 3116 3033 exemplum
3155 2962 3377 3032 pietatis

1800 3071 1910 3110 sum
1953 3056 2020 3111 ad
2067 3055 2391 3110 imitandum
2434 3055 2568 3125 ipsis
2602 3069 2944 3124 proponens:
2995 3069 3139 3110 nunc
3179 3053 3377 3108 absen-

1801 3148 1946 3203 tibus
1993 3147 2352 3218 imperatoria
2399 3155 2668 3216 praecepta
2723 3161 2818 3215 per
2860 3146 3070 3200 litteras
3117 3159 3373 3215 suggere-

1797 3239 1910 3294 bat.
1958 3240 2198 3307 Quorum
2250 3240 2487 3309 primum
2519 3239 2651 3292 illud
2697 3247 2752 3293 et
2788 3238 3086 3291 maximum
3137 3247 3281 3299 erat,
3319 3248 3380 3291 ut

1799 3333 1888 3387 Dei
1943 3333 2140 3388 summi
2205 3314 2449 3387 omnium
2509 3331 2651 3400 regis
2716 3331 2965 3384 notitiam
3021 3328 3374 3399 cultumque,

1797 3424 2003 3479 divitiis
2043 3425 2302 3480 omnibus
2354 3423 2567 3493 ipsique
2628 3421 2792 3476 etiam
2850 3421 3075 3490 imperio
3131 3417 3377 3476 antefer-

1797 3527 1938 3570 rent.
1982 3515 2226 3570 Tandem
2271 3529 2425 3581 vero,
2459 3525 2516 3568 ut
2558 3527 2656 3584 per
2701 3514 2913 3584 seipsos
2957 3528 3076 3582 qua:
3104 3511 3257 3566 utilia
3289 3526 3376 3566 es-

1797 3617 1917 3662 sent
1966 3607 2286 3676 reipublica:
2352 3615 2616 3676 agerent,
2667 3605 2746 3660 eis
2803 3605 3090 3674 permisit:
3149 3611 3205 3659 et
3250 3616 3378 3660 ante

1795 3701 1978 3754 omnia
2011 3700 2064 3754 id
2096 3700 2303 3755 diserte
2331 3699 2612 3768 praecepit,
2658 3705 2714 3752 ut
2757 3697 3016 3754 Ecclesiae
3061 3697 3158 3752 Dei
3186 3711 3374 3752 curam

1796 3801 2074 3863 gererent,
2108 3805 2276 3861 seque
2321 3789 2502 3862 palam
2566 3789 2912 3846 Christianos
2965 3790 3372 3860 proﬁterentur.

1794 3887 1973 3957 Atque
2001 3887 2104 3941 hoc
2135 3885 2356 3956 quidem
2389 3885 2549 3938 modo
2580 3883 2720 3938 lilios
2748 3883 3084 3939 instituebat.
3108 3881 3189 3937 llli
3216 3896 3375 3947 vero,

1796 3996 1905 4036 non
1960 3989 2068 4035 tam
2123 3979 2368 4050 paternis
2405 3978 2650 4044 monitis,
2700 3993 2862 4048 quam
2907 3993 3005 4033 sua
3048 3985 3241 4048 sponte
3287 3976 3374 4030 in-

1795 4074 1973 4137 citati,
2023 4079 2294 4142 praecepta
2345 4071 2591 4142 parentis
2631 4072 2712 4126 sui
2755 4071 3043 4125 alacritate
3085 4068 3253 4124 animi
3284 4083 3378 4123 su-

1796 4175 2088 4234 perarunt;
2138 4167 2335 4234 quippe
2380 4166 2472 4234 qui
2519 4166 2719 4220 divinae
2762 4163 3043 4234 religionis
3080 4162 3374 4218 observan-

1798 4259 1928 4312 tiam
1968 4272 2187 4327 semper
2221 4272 2331 4327 prae
2369 4257 2546 4312 oculis
2593 4259 2886 4322 haberent,
2922 4265 2978 4310 et
3025 4263 3244 4310 sanctos
3271 4252 3375 4308 Ec-

1792 4350 1974 4405 clesiae
2020 4352 2161 4405 ritus
2212 4349 2267 4404 in
2326 4349 2444 4420 ipso
2488 4348 2695 4419 palatio
2724 4363 2847 4403 cum
2882 4347 3158 4422 universis
3189 4346 3374 4400 dome-

1793 4441 1948 4496 sticis
1991 4440 2360 4497 custodirent.
2421 4439 2557 4494 Nam
2623 4449 2677 4496 et
2737 4440 2843 4494 hoc
2897 4448 3136 4509 paternae
3191 4437 3375 4508 provi-

109 4527 274 4592 σεὸεῖς
316 4530 655 4601 παραδοῦναι
691 4534 804 4596 τοῖς
849 4533 1035 4586 παισί·
1081 4533 1173 4586 καὶ
1222 4532 1328 4585 τῶν
1371 4531 1602 4604 πρώτων
1632 4533 1686 4586 δὲ

1797 4535 1994 4591 dentiae
2047 4549 2184 4605 opus
2229 4533 2422 4600 fuerat,
2484 4543 2542 4587 ut
2604 4547 2712 4586 non
2763 4529 2901 4586 alios
2950 4530 3280 4585 domesticos
3320 4536 3376 4582 et

103 4621 396 4691 ταγμάτων
430 4622 542 4693 (50)
585 4623 632 4675 οἳ
659 4624 758 4695 τὴν
791 4623 898 4678 τῶν
939 4624 1133 4679 κοινῶν
1172 4624 1463 4696 ἐτύγχανον
1493 4625 1682 4679 ἀναδε-

103 4710 343 4784 δεγμένοι
379 4714 652 4786 φροντίδα,
683 4715 913 4769 τοιοῦτοί
935 4733 1078 4780 τινες
1103 4717 1350 4788 ὑπῆρχον
1368 4733 1381 4748 °
1409 4719 1520 4780 τοῖς
1554 4717 1682 4786 γοῦν

104 4804 239 4856 κατὰ
260 4805 396 4858 Θεὸν
424 4810 634 4870 πιστοῖς
659 4807 934 4879 ἀνδράσιν,
961 4806 1150 4878 ὥσπερ
1183 4809 1321 4862 τισὶν
1344 4808 1560 4878 ὀχυροῖς
1589 4825 1684 4861 πε-

106 4895 327 4966 ριϐόλοις
356 4899 704 4969 ὴσιραλίζετο.
745 4900 894 4954 Ἐπεὶ
925 4900 981 4954 δὲ
1011 4900 1104 4954 καὶ
1131 4899 1302 4954 ταῦτα
1330 4901 1549 4972 (καλῶς)
1580 4899 1685 4954 διέ-

108 5127 117 5138 _
169 5056 276 5129 (28)
312 5059 600 5138 Προᾴγων
640 5061 971 5132 μαθήμασι.
1004 5061 1272 5138 Eusebius
1299 5060 1351 5114 in
1378 5060 1558 5138 capite
1587 5059 1676 5138 52,

108 5132 293 5202 iterum
327 5132 595 5201 προάγων
649 5143 873 5201 usurpat
920 5135 1110 5188 eodem
1158 5147 1342 5196 sensu,
1387 5133 1481 5185 καὶ
1516 5133 1545 5185 ὁ
1583 5133 1680 5202 μὲν

103 5196 559 5273 οὖτωᾼτοὺςυίεῖς
583 5196 846 5273 προῆγεν,
875 5213 929 5258 et
958 5203 1012 5255 in
1054 5218 1174 5269 cap.
1207 5202 1297 5256 55.

169 5269 280 5341 (29)
314 5270 497 5340 Vulg.,
533 5269 638 5338 Εὶςῖ
677 5269 899 5342 ἄνδρας
924 5291 987 5327 τε
1008 5273 1246 5327 λοιπόν.
1269 5271 1434 5325 Nemo
1463 5272 1676 5340 est,qtti

107 5355 203 5420 non
258 5344 708 5420 pernse_vide_a_t
755 5346 1102 5400 scribendum
1160 5358 1282 5397 esse
1342 5343 1424 5420 εἰς
1482 5342 1679 5412 ἄνδρας

104 5407 173 5468 δέ.
211 5407 316 5464 ειίτ.
351 5411 506 5476 Quod
540 5415 787 5476 equidem
832 5430 934 5469 non
966 5428 1266 5476 monerem,
1299 5415 1405 5466 nisi
1463 5407 1680 5466 vererer

107 5429 173 5468 [ιε.
211 5429 316 5464 etc.
351 5429 506 5476 uuou
540 5429 787 5536 equidem
832 5430 934 5469 non
966 5429 1266 5476 monerent,
1299 5429 1405 5466 mst
1463 5429 1676 5466 vererer

107 5493 166 5530 ne
200 5482 409 5563 quis~icl
445 5498 544 5563 nos
603 5485 781 5552 ugisse
827 5486 1188 5563 existimaret.
1215 5483 1380 5538 Paulo
1403 5493 1545 5553 post,
1575 5499 1676 5538 vox

106 5554 650 5624 παρορμῶννῑιίθιιιιυ
683 5570 801 5608 esse
829 5557 1114 5624 superﬂua.

139 5566 404 5689 αἴορμων
439 5566 650 5631 Vltl_ellll'
683 5570 801 5608 esse
829 5566 1114 5624 superﬂua.

139 5687 150 5699 .
322 5623 434 5676 Καὶ
467 5641 590 5703 ζωῇ
623 5625 972 5703 πρῶτων-δὲ
995 5623 1324 5694 ταγμάτωνι
1366 5623 1468 5703 Sic
1506 5625 1678 5703 Euse-

106 5686 219 5770 bius
244 5686 296 5745 i'n
323 5695 591 5760 superiori
621 5686 1224 5770 capite'ro'typottd'pro
1265 5696 1504 5770 numeris
1532 5697 1676 5748 mili-

109 5762 590 5842 laribusnusurpat,
615 5777 668 5842 et
691 5762 825 5842 alibi
869 5762 1104 5842 paSSim:
1125 5767 1198 5818 lia
1223 5764 1678 5842 -etia_m.§ozome-

105 5843 196 5883 nus
226 5834 278 5886 in
312 5834 407 5888 lib.
441 5851 482 5902 ι,
527 5851 576 5891 c.
619 5839 674 5906 8,
708 5835 768 5902 ἐξ
813 5834 1022 5892 ἐκείνου
1063 5837 1115 5889 δὲ
1152 5836 1246 5889 καὶ
1285 5836 1349 5888 τά
1396 5835 1676 5905 Ῥωμαίων

1791 4625 2213 4684 contubernales
2258 4624 2386 4680 ﬁliis
2439 4625 2591 4692 suis,
2639 4639 2804 4694 quam
2861 4621 3207 4678 Christianos
3263 4629 3376 4674 tra—

1791 4721 1965 4774 deret.
2022 4717 2337 4773 Primorum
2397 4730 2615 4788 quoque
2666 4730 3032 4777 numerorum
3092 4722 3371 4778 rectores,

1788 4813 1986 4882 quibus
2039 4810 2348 4881 reipublicae
2383 4825 2512 4865 cura
2551 4809 2842 4864 commissa
2883 4807 3083 4873 fuerat,
3123 4805 3218 4861 Dei
3263 4807 3377 4861 cul-

1791 4916 1940 4960 tores
1986 4915 2165 4960 erant.
2215 4903 2425 4975 Quippe
2491 4901 2802 4957 hominibus
2861 4901 3022 4955 ﬁdem
3083 4899 3138 4954 in
3201 4898 3372 4954 Deum

1786 5065 2065 5134 τάγματα,
2108 5062 2145 5116 ὃ.
2191 5061 2286 5116 νῦν
2319 5062 2588 5134 ἀριθμοὺς
2637 5059 2912 5123 καλοῦσιν,
2952 5059 3194 5134 Δ’ἑκαστον
3238 5055 3374 5134 ἰδίαν

1791 5130 2000 5206 σκηνὴν
2055 5130 2517 5206 κατεσκευάσατο.
2577 5133 2747 5206 Porro
2784 5134 2893 5206 hic
2951 5131 3099 5206 locus
3149 5130 3406 5206 mutilus

1791 5198 1925 5260 mihi
1955 5198 2199 5265 'videtur,
2235 5204 2675 5273 supplendusque
2704 5203 2755 5258 in
2784 5203 2927 5256 hunc
2959 5203 3184 5273 modum
3210 5213 3221 5248 :
3259 5198 3371 5273 Καὶ

1785 5275 1898 5329 τῶν
1931 5275 2164 5346 πρώτων
2189 5275 2246 5328 δὲ
2271 5268 2568 5346 ταγμάτων
2587 5268 2883 5346 ἢγεμόνες,
2910 5273 3005 5346 καὶ
3041 5271 3092 5324 οἳ
3134 5269 3233 5341 τὴν
3261 5268 3368 5324 τῶν

1789 5344 2006 5411 κοινῶν,
2030 5357 2139 5400 etc.
2167 5347 2254 5398 Ait
2275 5344 2418 5399 enim
2449 5344 2739 5410 Eusebius,
2771 5354 2826 5399 et
2853 5344 3150 5412 primorum
3177 5356 3370 5394 nurne-

1787 5433 1970 5472 rorum
2011 5426 2279 5478 rectores,
2324 5426 2379 5468 et
2434 5431 2530 5470 eos
2568 5417 2768 5485 quibus
2820 5413 3366 5485 reipublicmcuraa

1757 5487 2142 5544 'Constantino
2177 5487 2469 5542 commissa
2498 5481 2694 5546 fuerat,
2726 5481 3051 5540 Christianae
3085 5481 3365 5550 religionis

1785 5559 2025 5613 cultores
2059 5556 2249 5611 fuisse.
2283 5555 2384 5612 Per
2409 5558 2620 5625 priores
2652 5558 2794 5622 illos,
2839 5554 3090 5625 intelligit
3117 5554 3368 5606 tribunos

1785 5638 1838 5683 et
1861 5629 2091 5684 comites
2135 5627 2483 5692 scholarum;
2538 5630 2866 5698 posteriores
2911 5641 3041 5698 vero
3072 5631 3196 5679 sunt
3229 5636 3366 5698 prae:

1787 5701 1908 5752 l'e--ti
1962 5701 2252 5767 prwtorio,
2299 5691 2601 5764 quaesier'es
2657 5699 2796 5751 sacri
2853 5696 3063 5767 palatii,
3124 5691 3367 5762 magistri

1785 5766 2104 5832 otliciorutn,
2158 5778 2215 5823 et
2269 5769 2451 5825 caeleri
2508 5770 2600 5840 qui
2645 5769 2828 5824 civilia
2887 5766 3117 5838 negotia,
3158 5771 3366 5824 tractat-

1787 5843 1937 5895 bant.
