3926 6264
257 294 274 345 1
287 291 392 347 205

1339 290 1426 345 DE
1472 289 1638 346 VITA
1675 284 2130 345 CONSTANTINI
2174 281 2306 338 LIB.
2337 279 2428 336 IV.

3353 269 3372 321 l
3383 267 3486 324 9.06

250 407 392 462 κατὰ
417 408 542 470 τοὺς
561 405 918 479 δηλουμένους
943 407 1163 471 τούτους
1183 407 1404 478 χρόνους
1423 408 1516 461 καὶ
1534 407 1685 461 αὐτοὶ
1700 425 1818 460 κατ-

1931 418 2140 476 quoque
2173 402 2272 472 ipsi
2300 397 2718 469 conspeximus:
2746 388 3050 445 violentiam
3077 385 3283 442 scilicet
3310 389 3478 453 pessi-

251 501 573 570 ενοήσαμεν,
622 500 904 572 ἐπιτριϐὴν
936 499 1225 572 ἁπλήστων
1268 500 1377 569 (54)
1407 499 1500 553 καὶ
1537 499 1821 570 μοχθηρῶν

251 588 462 661 ἀνδρῶν
495 589 602 642 τῶν
644 589 820 642 πάντα
867 589 1273 660 λυμαινομένων
1309 589 1442 659 βίον,
1465 589 1740 660 εἰρωνείαν
1774 590 1820 642 τ’

250 682 472 738 ἄλεκτον
496 683 604 736 τῶν
626 682 723 754 τὴν
739 682 1060 754 Ἐκκλησίαν
1084 682 1477 752 ὑποδυομένων,
1495 683 1590 736 καὶ
1613 681 1674 735 τὸ
1689 683 1822 753 Χρι-

250 776 480 830 στιανῶν
525 775 869 838 ἐπιπλάστως
911 774 1388 846 σχηματιζομένων
1439 774 1624 845 ὄνομα.
1677 774 1748 827 Τὸ
1775 773 1819 826 δ’

249 865 414 920 αὐτοῦ
465 866 839 936 φιλάνθρωπον
883 867 977 920 καὶ
1014 867 1328 935 φιλάγαθον,
1373 866 1436 919 τό
1491 884 1548 920 τε
1598 867 1694 936 τῆς
1732 867 1821 919 πί-

247 974 418 1022 στεως
437 959 742 1031 εἰλικρινὲς,
775 959 868 1012 καὶ
914 959 1008 1012 τοῦ
1029 961 1228 1030 τρόπου
1265 960 1324 1012 τὸ
1353 958 1661 1028 φιλὰληθες,
1696 959 1820 1029 ἐνῆ-

247 1064 339 1117 γεν
365 1049 524 1102 αὐτὸν
560 1048 834 1102 πιστεύειν
860 1051 938 1121 τῷ
967 1051 1200 1120 σχήματι
1235 1050 1343 1102 τῶν
1369 1050 1707 1121 Χριστιανῶν
1744 1044 1820 1102 εῖ-

247 1155 334 1193 ναι
356 1139 744 1210 νομιζομένων,
769 1140 975 1196 εὔνοιαν
998 1143 1043 1194 τ’
1062 1142 1231 1212 ἀληθῆ
1254 1142 1379 1214 περί
1400 1143 1558 1195 αὑτὸν
1581 1141 1820 1194 πεπλασ-

248 1232 386 1304 μένῃ
410 1231 552 1304 ψυχῇ
587 1231 776 1296 σώζειν
796 1235 1270 1305 προσποιουμένων
1290 1251 1302 1263 °
1335 1228 1415 1296 οἷς
1439 1234 1625 1287 ἐαυτὸν
1649 1251 1817 1288 κατα-

245 1317 536 1382 πιστεύων,
566 1320 705 1390 τάχα
728 1321 790 1374 ἄν
828 1339 955 1374 ποτε
987 1323 1078 1374 καὶ
1125 1326 1235 1386 τοῖς
1279 1322 1351 1394 μὴ
1384 1324 1678 1395 πρέπουσιν
1703 1325 1816 1377 ἐνε-

244 1409 464 1481 πείρετο
496 1413 626 1481 (55),
663 1415 853 1485 κηλῖδα
897 1415 1101 1488 ταύτην
1136 1419 1247 1480 τοῖς
1287 1416 1451 1469 αὑτοῦ
1483 1417 1664 1482 καλοῖς
1697 1419 1815 1470 ἐπι-

245 1503 504 1574 φέροντος
529 1505 622 1559 τοῦ
659 1507 870 1576 φθόνου.

750 1781 1144 1836 ΚΕΦᾹΛΛΙΟΝ
1173 1783 1299 1836 ΝΕ’.

245 1869 444 1935 Ὅπως
459 1869 635 1940 μέχρι
653 1872 937 1941 τελευτῆς
954 1873 1334 1944 ἐλογοκβάφει
1352 1875 1818 1942 Κωνσταντῖνος.

325 2026 486 2080 Ἀλλὰ
517 2027 642 2090 τοὺς
673 2027 772 2096 μὲν
807 2028 916 2096 (56)
943 2030 1042 2081 οὐκ
1073 2031 1151 2092 εἰς
1179 2031 1447 2102 μακρὰνὴ
1479 2031 1597 2085 θεία
1626 2034 1824 2104 μετῆρ-

241 2135 368 2190 χετο
395 2120 518 2190 δίκη
535 2137 548 2149 ο
573 2119 730 2182 αὐτὸς
757 2121 812 2173 δὲ
847 2121 1093 2191 βασιλεὺς
1133 2122 1274 2176 οὕτω
1301 2123 1399 2195 τὴν
1429 2123 1603 2196 ψυχὴν
1631 2125 1817 2196 λογικῇ

245 2209 458 2262 συνέσει
500 2212 760 2281 προῆκτο,
813 2212 888 2274 ῶς
930 2213 1023 2265 καὶ
1072 2213 1230 2286 μέχρι
1275 2215 1529 2286 τελευτῆς
1581 2217 1822 2288 συνήθως

247 2302 344 2370 μὲν
365 2301 744 2374 λογογραςρεῖν,
782 2305 1026 2375 συνήθως
1055 2306 1112 2358 δὲ
1139 2306 1236 2370 τὰς
1265 2309 1521 2380 προόδους
1555 2309 1820 2362 ποιεῖσθαι

245 2393 380 2461 (57),
413 2394 505 2446 καὶ
544 2393 642 2457 τὰς
672 2394 992 2466 θεοπρεπεῖς
1015 2399 1124 2460 τοῖς
1156 2400 1448 2469 ἀκροαταῖς
1477 2398 1822 2462 διδασκαλίας

176 2551 184 2563 1
243 2489 528 2558 παρέχειν,
570 2489 878 2560 νομοθετεῖν
927 2491 982 2544 δὲ
1028 2492 1289 2564 συνήθως,
1327 2495 1448 2546 τοτέ
1482 2494 1578 2564 μὲν
1613 2494 1819 2546 πολιτι-

243 2583 382 2641 κοῖς,
431 2581 549 2633 τοτέ
595 2581 651 2633 δέ
703 2586 1135 2653 στρατιωτικοῖς,
1183 2585 1360 2638 πάντα
1395 2602 1455 2637 τε
1499 2585 1822 2656 προσφόρως

242 2669 322 2740 τῷ
357 2670 464 2723 τῶν
489 2671 791 2744 ἀνθρώπιον
839 2675 1071 2726 ἐπινοεῖν
1117 2675 1232 2745 βίῳ.
1271 2675 1655 2746 Μνημονεῦσαι
1688 2675 1731 2728 δ’
1761 2675 1822 2730 ἄ-

243 2760 378 2826 ξιον,
423 2763 499 2826 ὡς
541 2765 676 2835 πρὸς
715 2765 850 2836 αὐτῇ
896 2765 1132 2833 γεγονὼς
1176 2769 1242 2837 τῇ
1290 2765 1384 2818 τοῦ
1424 2766 1538 2836 βίου
1575 2766 1816 2838 τελευτῇ,

242 2855 546 2925 ἐπιτήδειόν
577 2873 699 2910 τινα
722 2857 876 2924 λόγον
907 2859 996 2910 ἐπὶ
1018 2857 1110 2910 τοῦ
1143 2858 1398 2929 συνήθους
1422 2859 1631 2930 διῆλθεν
1654 2861 1790 2931 ἁκρο
1813 2896 1818 2900 ~

243 2948 470 3017 ςτηρίου
493 2965 504 2977 ·
558 2949 766 3020 μακρὸν
815 2950 872 3002 δέ
917 2951 1237 3014 κατατείνας
1260 2951 1456 3020 (58)·ἐν
1485 2952 1657 3022 τούτῳ
1691 2954 1819 3024 περὶ

242 3039 422 3109 ψυχῆς
467 3038 757 3103 ἀθανασίας
789 3040 986 3112 διεξῄει
1025 3042 1242 3113 (λόγον),
1286 3042 1414 3113 περί
1444 3060 1503 3095 τε
1537 3043 1644 3095 τῶν
1667 3045 1822 3096 εὐσεα

1930 510 2136 552 morum
2167 491 2442 549 hominum
2481 497 2534 544 et
2583 482 2870 541 insatiabili
2923 479 3216 550 cupiditate
3244 477 3484 550 ﬂagran-

1929 591 2081 654 tium,
2116 587 2208 656 qui
2235 585 2514 640 universos
2551 578 2662 634 fere
2696 575 2951 632 mortales
2999 571 3323 626 infestabant
3353 609 3368 635 ,
3429 581 3483 625 et

1929 679 2329 734 fraudulentam
2358 670 2758 728 simulationem
2798 679 2983 720 eorum
3035 663 3127 732 qui
3184 661 3374 718 callide
3427 661 3482 715 in

1926 774 2220 830 Ecclesiam
2238 767 2570 838 irrepebant,
2598 773 2648 820 et
2673 760 3104 817 Christianorum
3128 771 3320 811 nomen
3348 753 3482 810 falso

1927 885 1990 925 ac
2017 867 2197 932 specie
2233 875 2391 920 tenus
2420 856 2800 932 praferebant.
2839 854 3032 908 Verum
3064 850 3223 906 insita
3250 848 3480 919 impera-

1928 962 2028 1017 tori
2071 957 2380 1014 humanitas
2414 969 2478 1009 ac
2499 950 2734 1016 bonitas,
2771 958 2825 1002 et
2847 945 2970 1000 fidei
3006 954 3325 1009 morumque
3363 937 3484 993 sin-

1923 1054 2142 1116 ceritas,
2176 1065 2241 1106 eo
2272 1049 2448 1118 ipsum
2483 1042 2729 1107 adduxit,
2757 1049 2816 1094 ut
2841 1037 3086 1095 crederet
3120 1033 3256 1088 fictae
3279 1032 3330 1086 in
3361 1045 3483 1100 spe-

1924 1147 2060 1198 ciem
2089 1140 2273 1214 pietati
2306 1138 2581 1192 hominum
2631 1133 2846 1187 illorum
2882 1129 2972 1199 qui
3026 1143 3121 1199 pro
3158 1122 3486 1180 Christianis

1927 1235 2281 1299 habebantur,
2312 1229 2470 1298 etqui
2508 1228 2780 1281 sinceram
2807 1238 2930 1293 erga
2953 1221 3126 1290 ipsum
3159 1216 3483 1272 benevolen-

1927 1331 2052 1382 tiam
2085 1325 2280 1381 callida
2305 1330 2483 1376 mente
2517 1317 2863 1375 simulabant.
2889 1313 3096 1380 Quibus
3118 1310 3207 1364 ille
3245 1325 3366 1363 cum
3401 1319 3485 1362 se-

1930 1421 2222 1489 metipsum
2260 1414 2598 1474 credidisset,
2627 1409 2893 1464 interdum
2922 1407 3155 1460 fortasse
3190 1404 3242 1457 in
3273 1416 3334 1456 ea
3364 1414 3486 1470 qua:

1925 1525 2109 1581 parum
2135 1509 2327 1561 decora
2355 1515 2554 1564 essent,
2581 1499 2834 1569 impegit,
2867 1496 3084 1564 maligni
3118 1493 3376 1548 dmmonis
3399 1497 3482 1546 in-

1921 1603 2062 1656 vidia
2102 1601 2240 1654 hanc
2290 1597 2438 1650 velut
2499 1592 2759 1648 maculam
2822 1589 3044 1658 reliquis
3084 1587 3201 1658 ejus
3231 1584 3484 1640 laudibus

1924 1699 2262 1762 aspergente.

2413 1776 2574 1848 554
2617 1773 2846 1829 CAPUT
2883 1771 2991 1826 Lv.

1996 1873 2238 1941 Qualiter
2261 1873 2329 1924 ad
2375 1871 2615 1923 ultimum
2649 1884 2808 1949 usque
2834 1868 2952 1919 vita!
2980 1865 3114 1918 diem
3147 1862 3410 1918 orationes

2583 1947 2815 2004 scripsti.

1998 2037 2191 2092 Verum
2219 2037 2339 2090 illos
2371 2033 2551 2087 divina
2583 2031 2788 2099 jnstitia
2822 2043 2925 2082 non
2947 2027 3116 2082 multo
3143 2036 3264 2095 post
3291 2025 3486 2080 merito

1922 2131 2182 2201 supplicio
2219 2128 2416 2184 affecit.
2447 2127 2746 2193 Imperator
2801 2136 2929 2176 vero
2958 2129 3104 2174 tanta
3173 2132 3482 2174 sermonum

1921 2224 2150 2281 scientia
2188 2222 2427 2277 animum
2463 2219 2810 2273 instruxerat,
2849 2219 2904 2265 ut
2934 2213 3000 2265 ad
3026 2210 3274 2264 ultimum
3311 2222 3484 2276 usque

1921 2320 2059 2373 diem
2102 2316 2246 2376 vitae,
2288 2312 2564 2366 orationes
2612 2305 2989 2361 conscriberet
3021 2318 3171 2356 more
3202 2300 3382 2363 solito,
3427 2307 3484 2354 et

1921 2409 2209 2466 conciones
2232 2406 2477 2464 haberet,
2525 2411 2580 2455 et
2613 2400 2794 2453 divina
2852 2397 3175 2450 documenta
3225 2391 3485 2446 auditorio

1919 2505 2022 2559 bus
2048 2499 2388 2554 insinuaret:
2427 2492 2572 2561 leges
2603 2492 2727 2544 item
2761 2490 2929 2543 ferret
2970 2487 3210 2548 assidue,
3240 2499 3383 2538 nunc
3415 2481 3483 2536 de

1919 2593 2170 2649 civilibus
2196 2587 2452 2655 negotiis,
2485 2598 2625 2637 nunc
2657 2584 2724 2636 de
2773 2597 2830 2634 re
2871 2579 3089 2634 militari
3116 2596 3129 2631 :
3158 2585 3351 2630 cuncta
3383 2574 3479 2628 de-

1922 2688 2086 2768 nique
2117 2681 2186 2737 ad
2237 2675 2577 2734 commodum
2612 2686 2774 2743 atque
2804 2672 3090 2726 utilitatem
3140 2667 3360 2722 humani
3397 2680 3484 2732 ge-

1921 2754 2066 2832 neris
2092 2775 2444 2843 excogitaret.
2480 2766 2612 2822 Illud
2641 2780 2772 2820 vero
2821 2763 3234 2833 haudquaquam
3268 2754 3483 2813 silentio

1919 2866 2354 2940 praetereundum
2381 2871 2484 2924 est,
2517 2860 2658 2930 quod
2709 2872 2830 2912 cum
2885 2863 3160 2910 extremus
3191 2852 3315 2905 vitae
3363 2849 3482 2904 dies

1921 2960 2147 3032 ipsijam
2181 2956 2529 3026 impenderet,
2559 2952 2835 3006 funebrem
2867 2945 3158 3016 quamdam
3181 2941 3480 2996 orationem

1920 3054 1972 3108 in
2002 3059 2264 3108 consueto
2300 3047 2568 3101 auditorio
2597 3041 2865 3097 recitavit.
2898 3039 3140 3104 Cumque
3170 3047 3478 3088 sermonem

244 3129 356 3192 ϐὡς
377 3129 702 3199 διηνυκότων
729 3133 828 3203 τὴν
853 3133 1018 3204 ζωὴν,
1043 3133 1151 3186 τῶν
1175 3150 1233 3186 τε
1263 3135 1374 3196 τοῖς
1398 3133 1665 3202 θεοφιλέσι
1694 3137 1818 3205 παρΊ

1927 3143 2132 3214 longius
2155 3139 2518 3212 produxisset,
2557 3138 2608 3190 in
2662 3149 2727 3189 ea
2775 3129 3032 3186 disseruit
3062 3131 3128 3180 de
3174 3128 3482 3182 animorum

244 3221 396 3291 αὐτῷ
441 3221 558 3291 Θεῷ
577 3224 1014 3293 τεταμιευμένων
1047 3224 1299 3293 ἀγαθῶν·
1336 3227 1568 3294 μακραῖς
1599 3223 1644 3277 δ’
1688 3225 1820 3277 ἀπο-

243 3313 462 3376 δείξεσι,
507 3315 600 3367 καὶ
637 3314 698 3366 τὸ
741 3315 849 3367 τῶν
882 3317 1136 3368 ἐναντίων
1177 3316 1361 3386 τάγμα
1402 3315 1586 3367 ὁποίου
1632 3314 1819 3378 τέλους

243 3404 511 3471 τεύξεται,
549 3408 779 3479 φανερὸν
817 3407 1009 3467 ἐποίει,
1046 3409 1155 3460 τῶν
1188 3407 1361 3463 ἀθέων
1396 3408 1494 3478 τὴν
1523 3423 1821 3478 καταστρο-

245 3498 352 3568 φὴν
389 3498 710 3568 παραδιδοὺς
748 3501 810 3568 τῇ
846 3502 1061 3570 γραφῇ·
1107 3499 1134 3552 ὃ
1161 3499 1222 3568 δὴ
1255 3500 1348 3553 καὶ
1389 3499 1660 3570 ἐμϐριθῶς
1682 3516 1821 3570 μαρ-

239 3590 564 3661 τυρόμενος,
609 3590 978 3644 καθάπτεσθαι
1011 3591 1117 3644 τῶν
1148 3591 1282 3661 ἀμφ’
1319 3591 1478 3645 αὐτὸν
1514 3591 1716 3645 ἐδόκειο
1744 3591 1838 3656 ὡς’

244 3682 339 3736 καί
377 3699 500 3736 τινα
534 3682 640 3734 τῶν
683 3682 1052 3759 δοκησισόφων
1093 3683 1199 3753 (59)
1235 3682 1450 3752 ἔρεσθαι
1494 3683 1638 3747 ὅπως
1677 3682 1820 3754 ἔχειν

243 3771 394 3842 αὐτῷ
430 3772 672 3841 φαίνοιτο
717 3772 789 3825 τὰ
825 3772 1089 3842 λεγόμενα
1113 3789 1126 3802 ·
1167 3773 1255 3826 τὸν
1299 3775 1341 3826 δ’
1378 3776 1819 3846 ἐπιμαρτυρῆσαι

242 3869 356 3928 τοῖς
381 3865 556 3932 λόγοις
581 3864 854 3935 ἀλήθειαν,
888 3865 1090 3937 σφόδρα
1112 3883 1192 3927 τε,
1211 3866 1408 3936 καίπερ
1426 3869 1523 3920 οὐκ
1548 3866 1816 3932 ἐθέλοντα,

243 3959 485 4010 ἐπαινεῖν
530 3956 630 4019 τὰς
673 3956 813 4009 κατὰ
844 3956 950 4009 τῶν
986 3956 1256 4010 πολυθέων
1298 3957 1656 4022 διδασκαλίας.
1695 3959 1818 4012 Τοι-

319 4135 435 4204 (54)
455 4133 609 4204 Vulg.
633 4134 1297 4203 ἑπιτριϐῆςάπλήστων.
1316 4136 1820 4204 Amplectoremen-

244 4207 521 4260 dationem
582 4207 867 4258 doctorum
946 4210 1202 4269 virorum,
1249 4223 1366 4275 quae
1415 4207 1465 4259 in
1508 4206 1716 4262 Fuketii
1756 4209 1819 4262 li-

243 4277 344 4348 bro
376 4275 557 4348 etiam
606 4275 1172 4348 legiturtérrttpt6r'w.
1215 4277 1382 4332 Porro
1404 4279 1708 4348 notandum
1737 4287 1824 4333 est

244 4345 340 4400 hic
369 4343 631 4411 judicium
657 4347 871 4400 Eusebii
901 4343 1214 4416 nos't-ri,'qui
1253 4350 1303 4400 in
1334 4347 1642 4416 principatu
1679 4348 1819 4401 Con-

243 4417 471 4470 Stantini
523 4424 776 4484 tanquam
836 4418 888 4469 in
933 4418 1302 4486 pulcherrimo
1356 4420 1591 4486 quodam
1646 4419 1814 4486 vultu,

246 4487 392 4540 hunc
421 4502 631 4558 inevum
661 4488 888 4550 notavit,
917 4489 1058 4552 quod
1106 4489 1371 4558 pessimos
1410 4502 1474 4541 ac
1523 4489 1818 4553 rapacissi-

245 4571 368 4626 mos
419 4557 683 4615 homines,
727 4560 794 4607 nd
839 4557 1130 4611 amicitiam
1185 4574 1359 4620 suam,
1394 4569 1447 4610 et
1488 4558 1554 4612 ad
1605 4559 1816 4626 publica

245 4625 423 4680 ofﬁcia
458 4627 814 4690 adscivisset,
893 4637 946 4680 et
999 4628 1138 4696 quod
1185 4628 1372 4682 fraude
1415 4636 1470 4682 et
1517 4625 1819 4685 calliditate

243 4698 605 4766 quorumdam
664 4697 751 4763 qui
801 4711 861 4748 se
907 4696 1246 4751 Christianos
1293 4712 1412 4752 esse
1464 4698 1815 4766 simulabant,

246 4769 658 4839 circumventus
692 4766 903 4839 fuisset.
947 4766 1111 4839 ldem_
1129 4769 1241 4822 fere
1271 4769 1617 4839 reprehendit
1643 4770 1816 4824 Aure-

248 4837 354 4890 lius
388 4835 574 4889 Victor
607 4837 692 4890 his
725 4838 944 4891 verbis:
994 4855 1014 4889 ι
1073 4835 1628 4892 Ἐίδοιιιθείιιοιοειίιη
1660 4853 1816 4892 sere-

248 4907 365 4961 rius
407 4922 637 4974 pressae,
684 4917 977 4976 cunctaque
1001 4909 1185 4962 divino
1222 4909 1343 4962 ritui
1377 4909 1524 4977 paria
1563 4910 1815 4962 videren-

249 4987 361 5040 tur,
382 4979 434 5030 ni
462 4994 646 5044 parum
671 4978 844 5047 dignis
867 4980 930 5031 ad
964 4980 1178 5048 publica
1208 4980 1410 5033 aditum
1437 4979 1811 5033 concessisset.

249 5049 380 5112 Quae
409 5062 716 5116 quanquam
759 5049 955 5114 mallius
982 5050 1248 5114 accidere,
1302 5060 1480 5103 tamen
1521 5051 1572 5102 in
1601 5065 1814 5103 summu

250 5118 493 5190 ingenio,
525 5130 686 5190 atque
715 5119 930 5186 Optimis
953 5119 1257 5190 reipublicae
1281 5120 1541 5190 moribus,
1569 5123 1816 5188 quamvis

248 5201 416 5259 parva
448 5188 576 5259 vitia
603 5187 816 5241 elucent
849 5187 1045 5259 magis;
1068 5209 1087 5241 ι
1129 5192 1232 5243 Sed
1261 5200 1314 5243 et
1348 5189 1526 5244 Amm.
1551 5187 1817 5245 Marcelli-

250 5272 352 5310 nus
400 5257 453 5309 in
517 5258 650 5310 libro
699 5273 784 5310 xv:
819 5257 1046 5326 idipsum
1096 5270 1409 5315 testaturzc
1447 5259 1582 5314 Nam
1629 5262 1814 5328 proxi-

251 5343 464 5380 morum
517 5328 701 5382 fauces
727 5332 938 5398 aperuit
986 5331 1190 5400 primus
1231 5330 1469 5386 omnium
1503 5331 1816 5386 Constanti-

249 5410 371 5449 ἱιιιε.
413 5416 431 5448 ι

323 5467 437 5536 (55)
473 5467 855 5537 Ἐνεπείρετο.
893 5466 946 5520 lu
979 5470 1134 5524 codd.
1193 5469 1328 5527 Fuk.
1356 5479 1408 5524 et
1451 5469 1639 5526 Savilii
1671 5473 1812 5526 scri-

251 5536 398 5610 bitur
423 5536 754 5610 ἐνεπειρᾶτο.

323 5609 432 5677 (ὄις)
482 5607 656 5663 Ἀλλὰ
697 5609 836 5676 τοὺς
876 5607 1010 5678 μέν.
1062 5609 1346 5669 Ablabium
1401 5611 1540 5664 inter
1587 5622 1813 5666 caateros

253 5677 478 5746 intelligi
521 5690 670 5743 puto,
709 5685 798 5747 qui
847 5677 964 5748 post
996 5678 1332 5733 Constantini
1386 5692 1637 5746 mortem,
1689 5697 1810 5735 cum

256 5764 341 5803 res
373 5764 541 5804 novas
577 5750 754 5805 moliri
785 5753 1122 5819 crederetur,
1150 5751 1303 5822 jussu
1333 5751 1639 5808 Constantii
1675 5752 1810 5807 inte-

1921 3232 2351 3295 immortalitate,
2390 3227 2565 3298 deque
2614 3226 2698 3281 his
2735 3224 2826 3294 qui
2867 3223 3032 3276 vitam
3077 3221 3162 3289 pie
3219 3219 3486 3273 traduxis-

1919 3335 2041 3381 sent
2067 3341 2082 3389 ;
2119 3333 2174 3378 et
2194 3323 2262 3377 de
2287 3320 2441 3375 bonis
2467 3332 2584 3388 qua:
2603 3317 2789 3372 amicis
2810 3316 2901 3369 Dei
2931 3313 3070 3382 apud
3112 3313 3285 3380 ipsum
3316 3311 3480 3365 Deum

1922 3415 2196 3470 recondita
2245 3419 2447 3467 essent.
2494 3408 2692 3464 Contra
2727 3421 2878 3470 vero,
2912 3419 3072 3474 quem
3107 3406 3266 3459 linem
3299 3411 3484 3458 essent

1921 3507 2156 3562 habituri
2187 3505 2259 3558 illi
2293 3503 2384 3573 qui
2418 3501 2746 3558 contrariam
2772 3497 2990 3552 vivendi
3027 3495 3292 3550 rationem
3326 3496 3484 3551 insti-

1923 3597 2183 3660 tuissent,
2218 3595 2400 3648 multis
2443 3591 2744 3646 rationibus
2771 3585 3049 3643 evidenter
3077 3587 3344 3665 astruxit,
3394 3587 3484 3641 in-

1923 3689 2138 3744 teritum
2163 3697 2216 3740 et
2251 3685 2456 3739 cladem
2485 3684 2770 3751 impiorum
2797 3682 3136 3735 describens.
3167 3679 3317 3746 Quod
3362 3681 3487 3749 qui-

1920 3780 2038 3834 dem
2067 3795 2189 3834 cum
2221 3778 2456 3846 graviter
2506 3785 2560 3831 et
2586 3776 2729 3830 serio
2763 3774 3080 3835 afﬁrmaret,
3115 3770 3391 3839 proximos
3431 3779 3486 3823 et

1918 3871 2216 3926 familiares
2267 3885 2393 3925 suos
2441 3868 2803 3938 perstringere
2859 3867 3148 3920 videbatur
3181 3883 3193 3915 :
3229 3865 3367 3916 adeo
3425 3869 3484 3914 ut

1919 3965 2206 4034 quemdam
2242 3978 2308 4017 ex
2343 3963 2452 4017 illis
2509 3976 2646 4014 vana
2677 3959 2955 4032 sapientiae
2992 3957 3246 4028 opinione
3279 3952 3481 4008 inflatis

1921 4149 2161 4208 remptus
2183 4146 2287 4204 est,
2315 4146 2373 4191 ut
2397 4135 2517 4191 fuse
2545 4145 2731 4190 narrat
2756 4133 3025 4204 Eunapius
3053 4133 3106 4185 in
3143 4130 3275 4185 Vitis
3309 4129 3488 4199 sophi-

1919 4219 2142 4264 uarum.

1991 4279 2102 4350 (57)
2130 4276 2410 4350 Σᾷυγήθῳς
2519 4276 2625 4342 τὰς
2658 4271 3284 4350 πρρόδουςᾼπξοις-ῒσθᾳι.
3312 4269 3484 4350 Supra

1921 4351 1974 4404 in
1999 4340 2135 4418 ‘cap.
2164 4347 2232 4401 “2.9
2268 4340 2424 4414 hujus
2448 4348 2571 4418 libri
2601 4340 2875 4418 ’παρόδους
2913 4345 3046 4418 dixit
3075 4343 3365 4418 Eusebius1
3395 4340 3484 4394 ubi

1924 4419 2047 4474 vide
2085 4410 2212 4488 qua:
2242 4410 2516 4488 adnotavi.
2546 4410 2725 4488 Possis
2752 4419 2916 4470 etiam
2937 4416 3140 4488 legere
3154 4410 3482 4488 προσόδους,

1924 4501 1982 4543 ut
2035 4484 2300 4543 ad'oram
2338 4487 2598 4541 editionis
2649 4485 2982 4541 Genevensis
3026 4484 3321 4551 ascriptum
3367 4490 3480 4551 est.

1923 4560 2090 4614 Porro
2130 4560 2392 4625 interpres
2427 4558 2631 4612 erroris
2682 4559 2763 4610 sui
2800 4566 2982 4618 tenax,
3025 4550 3189 4608 etiam
3225 4550 3483 4625 hocloco

1922 4630 2099 4690 vertit,
2129 4622 2434 4697 congressus
2457 4643 2574 4680 cum
2611 4629 2792 4680 amicis
2817 4626 3022 4693 habere,
3059 4639 3182 4678 cum
3211 4622 3483 4697 conciones

1920 4711 2129 4754 vertere
2160 4694 2452 4763 debuisset,
2486 4707 2542 4749 ut
2580 4699 2854 4765 sequentia
2904 4705 3090 4762 aperte
3126 4694 3478 4765 conﬁrmant.

1926 4769 2155 4824 Victoris
2193 4759 2448 4835 Epitome'
2481 4768 2620 4822 idem
2654 4759 2870 4837 quoque
2922 4759 3054 4819 dicit
3106 4764 3172 4817 de
3210 4759 3483 4837 Constan-

1921 4842 2078 4893 tino:
2117 4857 2135 4890 ι
2178 4832 2868 4905 Gomttiodissitnustamen
2921 4837 3080 4889 rebus
3124 4833 3304 4886 multis
3332 4832 3476 4885 fuit:

1918 4910 2217 4963 calumnias
2241 4910 2432 4963 sedare
2455 4903 2661 4978 legibus
2688 4907 3079 4962 severissimis:
3107 4905 3315 4978 nutrire
3337 4913 3483 4978 artes
3534 4903 3543 4920 ‘

1921 4981 2112 5043 bonas,
2158 4981 2425 5049 praecipue
2473 4973 2652 5032 siudia
2699 4980 3003 5049 lttlct'at‘utlt
3051 4992 3066 5030 :
3113 4975 3300 5049 legere
3344 4973 3481 5042 ipse,

1920 5044 2178 5114 scribere,
2204 5044 2478 5112 meditari;
2510 5068 2528 5100 ι
2568 5049 2656 5104 ubi
2683 5050 2927 5102 meditari
2953 5045 3095 5100 idem
3135 5044 3276 5099 valet
3300 5059 3363 5098 ac
3389 5059 3486 5114 με·

1915 5120 2096 5191 λετᾷν,
2129 5122 2177 5191 id
2197 5131 2281 5174 est
2303 5119 2625 5191 declamare.

1989 5182 2100 5260 (58)
2133 5190 2282 5259 Vulg.
2322 5186 2554 5258 μακρὸν
2591 5187 2659 5240 δὲ
2693 5186 2842 5241 κατά
2883 5205 3068 5260 τινας.
3126 5182 3480 5260 δοιηίὴοιιάιιιιι

1916 5257 2432 5331 εδῐρωουΓόύῡίο
2468 5260 2808 5324 κατατείνας,
2853 5269 2910 5312 ut
2951 5259 3062 5328 jam
3117 5257 3205 5310 alii
3259 5268 3484 5308 monue-

1915 5345 2059 5387 l’lllll.

1987 5401 2100 5472 (59)
2133 5400 2289 5472 Vulg.
2346 5401 2479 5455 τινὰ
2528 5400 2645 5456 τῶν
2695 5401 3071 5469 δοκησόφων.
3113 5397 3289 5450 Malim
3347 5395 3481 5472 seri-

1915 5469 2042 5526 bere
2075 5469 2183 5526 τῶν
2230 5469 2623 5544 δοκησισόφων.
2679 5475 2770 5544 Sie
2832 5472 3059 5540 gentiles
3106 5484 3312 5544 vocare
3347 5469 3483 5520 solet

1919 5545 2205 5610 Eusebius,
2247 5559 2310 5597 ac
2341 5538 2611 5613 praecipue
2665 5538 3033 5613 philosophos,
3066 5539 3156 5608 qui
3195 5538 3482 5613 _'_sibi_pt'a?.

1915 5615 2125 5668 caeteris
2174 5607 2363 5678 sapere
2415 5607 2754 5668 videbantur.
2813 5607 2892 5665 ln—
2917 5609 3052 5665 Fuk.
3085 5607 3293 5663 icodice
3327 5607 3485 5676 δοκη-

1919 5684 2152 5752 σισόφων
2184 5687 2397 5756 legitur.
2435 5685 2543 5740 Sed
2585 5688 2743 5740 tertia
2790 5683 2993 5755 syllaba
3041 5680 3239 5735 lineola
3282 5679 3481 5734 subito--

1916 5766 2080 5810 tatur.
