3926 6264
404 313 412 347 _-
468 281 604 339 4207

1167 279 1438 338 EUSEBII
1473 281 1945 340 CESABIENSIS
1981 284 2130 342 OPP.
2166 286 2346 342 PARS
2385 285 2424 342 I.
2465 317 2533 326 —
2570 286 2955 346 HISTORICA.

3557 294 3685 348 I208

468 399 880 470 interrogaverit
905 399 1029 469 quid
1059 400 1284 456 sentiret
1310 401 1376 456 de
1398 401 1464 456 iis
1506 416 1625 471 quae
1647 403 1790 459 dicta
1819 416 2016 460 essent.

2126 406 2262 461 αὕτα
2291 407 2396 480 πρὸ
2420 409 2520 480 τῆς
2537 411 2800 480 ’τελευτῆς
2823 414 2935 475 τοῖς
2966 411 3260 482 γνωρίμοις
3277 409 3566 482 ὁμιλήσας,
3598 414 3684 466 αὖ·

464 495 534 547 At
565 491 655 548 ille
688 493 970 549 verissima
997 505 1117 548 esse
1134 503 1326 549 cuncta
1365 504 1594 550 testatus
1620 507 1735 562 est;
1761 507 1814 552 et
1835 514 2023 569 quam-

390 615 394 626 -
463 585 545 640 vis
574 585 791 647 invitus,
843 586 1236 655 disputationes
1291 589 1549 643 adversus
1594 590 1886 643 multorum
1925 606 2023 642 nu-

2128 501 2218 564 τὸς
2243 501 2393 572 αὑτῷ
2421 503 2518 573 τὴν
2537 504 2627 556 ἐπὶ
2646 504 2714 556 τὰ
2739 505 2968 577 κρείττω
2988 504 3226 576 πορείαν,
3257 505 3404 558 λεῖαν
3438 506 3533 558 καὶ
3561 507 3686 575 όμαο

2127 591 2224 662 λὴν
2245 591 2404 662 ἐῴκει
2434 593 2884 665 παρασκευάζειν.

463 682 666 735 minum
695 679 898 735 cultum
941 696 1264 752 magnopere
1286 682 1542 738 laudavit.
1574 681 1888 754 IIujusmodi
1920 685 2214 741 conciones
2247 689 2314 742 ad
2365 688 2659 745 familiares
2704 705 2829 744 suos
2884 699 3009 746 ante
3038 702 3264 746 mortem
3319 708 3440 748 cum
3476 691 3690 747 habuis-

460 780 563 836 set,
602 774 740 826 viam
773 771 878 839 sibi
916 772 1031 841 ipse
1080 771 1422 840 complanare
1448 774 1515 827 ad
1546 774 1821 830 meliorem
1853 776 2018 831 vitam
2061 777 2360 832 videbatur.

1041 861 1265 917 CAPUT
1304 862 1434 918 LVI.

460 948 1053 1040 Quomodooadnbellu‘m
1087 955 1356 1040 Persicum
1408 957 1768 1040 proﬁciscens,
1819 960 2020 1040 episco-

527 1038 621 1090 pos
655 1024 756 1146 sit?
784 1024 1047 1093 adjunxit,
1077 1037 1126 1081 et
1153 1024 1428 1082 tentorium
1463 1024 1518 1081 iu
1539 1032 1756 1097 speciem
1791 1024 2020 1083 ecclesiae

527 1108 711 1146 varam
742 1132 757 1146 .

526 1108 757 1160 paravit.

527 1181 661 1239 Illud
690 1201 907 1255 quoque
941 1189 1252 1258 neutiquam
1287 1188 1718 1256 praetereundum
1744 1200 1847 1254 est,
1878 1192 2018 1260 quod

457 1273 605 1328 circa
645 1274 762 1330 haec
798 1283 1062 1346 tempora,
1108 1293 1230 1332 cum
1255 1279 1321 1332 de
1357 1288 1505 1333 motu
1549 1279 1909 1334 Barbarorum
1953 1280 2019 1336 ad

456 1365 721 1420 orientem
751 1366 919 1422 solem
967 1368 1278 1439 degentium
1316 1372 1536 1425 nuntius
1585 1370 1782 1426 allatus
1831 1380 2014 1435 esset,

457 1457 602 1514 hanc
641 1459 821 1513 adhuc
845 1461 908 1514 de
941 1459 1042 1515 illis
1071 1461 1354 1516 victoriam
1379 1477 1665 1531 superesse
1714 1463 1813 1517 sibi
1851 1473 2018 1518 testa-

458 1559 569 1616 tus,
599 1549 780 1606 Persis
805 1551 1003 1608 bellum
1039 1552 1239 1609 inferre
1273 1555 1483 1610 statuit.
1511 1555 1661 1622 Quod
1684 1572 1806 1611 cum
1834 1556 2010 1612 facere

457 1642 810 1708 decrevisset,
872 1643 1136 1698 militares
1185 1645 1368 1713 copias
1408 1646 1644 1716 undique
1691 1647 1909 1712 excivit,
1957 1659 2010 1701 et

455 1749 578 1787 cum
609 1734 878 1804 episcopis
898 1749 1034 1802 quos
1059 1736 1204 1790 circa
1233 1751 1290 1790 se
1317 1737 1570 1806 habebat,
1599 1739 1666 1795 de
1691 1742 2019 1810 profectione

456 1823 742 1878 consilium
799 1825 1259 1888 communicavit,
1315 1827 1536 1896 provida
1593 1841 1772 1884 mente
1805 1833 2016 1900 prospi-

455 1914 629 1980 ciens,
653 1915 799 1970 viros
827 1915 894 1970 ad
924 1916 1166 1971 divinum
1207 1917 1408 1973 cultum
1463 1922 1800 1976 necessarios
1834 1937 2016 1978 secum

457 2006 675 2062 assidue
720 2009 926 2064 versari
976 2007 1136 2080 555
1189 2019 1455 2080 oportere.
1513 2013 1593 2067 Illi
1653 2029 1782 2070 vero
1828 2015 2016 2072 libenti

455 2098 642 2153 animo
696 2110 982 2157 secuturos
1037 2117 1096 2156 se
1131 2117 1249 2159 esse
1280 2102 1644 2172 aﬂirmarunt,
1703 2121 1802 2162 nec
1831 2109 1898 2162 ab
1927 2108 2018 2163 illo

457 2189 830 2261 discessuros;
861 2194 954 2249 sed
989 2197 1267 2251 continuis
1299 2200 1442 2266 apud
1474 2200 1637 2253 Deum
1671 2199 2019 2270 supplicatio-

457 2282 614 2338 nibus
647 2282 970 2341 militaturos
1008 2300 1114 2340 una
1138 2301 1257 2341 cum
1289 2287 1380 2341 illo
1414 2296 1467 2343 et
1499 2301 1859 2361 pugnaturos.
1902 2295 2019 2362 Quo

456 2371 544 2426 ille
574 2374 762 2428 nuntio
810 2376 1161 2433 vehementer
1217 2378 1539 2446 delectatus,
1572 2383 1714 2436 viam
1767 2381 1876 2438 illis
1913 2401 2018 2454 qua

457 2464 952 2532 proﬁciscerentur,
1009 2468 1313 2540 descripsit.
1362 2473 1565 2529 Deinde
1616 2475 2018 2532 tabernaculum

455 2559 508 2610 in
537 2559 771 2628 speciem
804 2559 1046 2616 ecclesiae
1094 2563 1382 2620 ambitioso
1425 2565 1570 2620 cultu
1603 2569 1666 2621 ad
1715 2567 1873 2636 hujus
1894 2569 2019 2624 belli

455 2666 609 2706 usum
638 2656 994 2726 praeparavit,
1029 2659 1082 2712 in
1118 2675 1226 2728 quo
1253 2674 1443 2728 preces
1485 2663 1552 2717 ad
1582 2664 1746 2718 Deum
1779 2665 2020 2720 victoriae

453 2755 728 2802 auctorem
754 2764 857 2803 una
885 2764 1006 2805 cum
1040 2753 1309 2823 episcopis
1349 2754 1576 2810 fundere
1611 2755 1945 2811 decreverat.

1033 2843 1260 2899 CAPUT
1286 2843 1442 2900 LVII.

2636 873 3024 930 ΚΕΦΑΛΑΙΟΝ
3058 877 3196 944 Νςν.

2129 980 2316 1048 Ὅπως
2343 983 2439 1035 ἐπὶ
2473 983 2706 1052 Πέρσας
2732 986 3070 1052 στρατεύων
3091 986 3550 1057 συμπαρέλαϐεν
3573 991 3688 1044 ἐπι·

2126 1075 2413 1140 σκόπους,
2451 1077 2546 1128 καὶ
2589 1076 2828 1144 σκηνὴν
2849 1080 2934 1143 εὶς
2973 1078 3179 1148 σχῆμα
3207 1079 3313 1148 τῆς
3339 1081 3685 1151 ἐκκλησίας.

2191 1187 2422 1244 Κάκεῖνο
2453 1188 2506 1240 δὲ
2535 1191 2751 1260 μνήμης
2779 1191 2944 1255 ἄξιον,
2965 1192 3038 1254 ὡς
3060 1193 3199 1263 ἀμφὶ
3219 1193 3546 1265 δηλούμενον
3569 1198 3688 1268 χρό-

2127 1296 2232 1343 νον,
2256 1278 2363 1332 τῶν
2396 1281 2480 1332 ἐπ’
2509 1283 2768 1353 ἀνατολῆς
2801 1284 3084 1356 βαρϐάρων
3119 1289 3379 1357 κινήσεως
3413 1289 3688 1342 ἀκουσθεί-

2127 1387 2245 1441 σης,
2284 1371 2362 1424 ἔτι
2392 1372 2593 1442 ταύτην
2635 1374 2784 1445 αὑτῷ
2816 1376 2913 1447 τὴν
2939 1375 3077 1430 κατὰ
3103 1377 3264 1431 τῶνδε
3323 1380 3479 1450 νίκην
3508 1379 3687 1434 λείπε-

2126 1465 2248 1520 σθαι
2265 1468 2460 1537 φήσας,
2491 1468 2582 1520 ὲπὶ
2605 1468 2822 1539 Πέρσας
2837 1471 3148 1539 στρατεύειν
3170 1471 3392 1542 ὡρμᾶτο
3415 1489 3427 1501 ν
3459 1471 3615 1525 τοῦτό
3633 1490 3687 1526 τε

2124 1561 2333 1631 κρίνας,
2365 1562 2530 1614 ἐκίνει
2557 1562 2624 1615 τὰ
2662 1563 3024 1631 στρατιωτικὰ
3047 1563 3318 1634 τάγματα.
3349 1564 3459 1616 Καὶ
3491 1564 3556 1635 δὴ
3585 1568 3690 1627 τοῖς

2119 1652 2423 1724 ἀμφάὐτὸν
2455 1652 2770 1716 ἐπισκόποις
2796 1653 2922 1725 περὶ
2947 1655 3043 1725 τῆς
3066 1655 3286 1727 πορείας
3313 1653 3544 1717 ὲκοίνου,
3581 1670 3697 1705 ουν-

2119 1747 2256 1797 εῖναι
2294 1744 2441 1815 αὐτῷ
2486 1745 2592 1797 δεῖν
2637 1763 2786 1808 τινας
2825 1745 2932 1798 τῶν
2969 1746 3278 1814 ἀναγκαίων
3322 1747 3378 1798 ὲν
3414 1744 3691 1815 θεοσεϐείᾳ

2119 1835 2582 1907 προμηθούμενος.
2618 1837 2680 1889 Οί
2711 1837 2788 1899 δὲ,
2812 1838 2905 1889 καὶ
2937 1837 3076 1908 μάλα
3129 1836 3422 1908 προθύμως
3469 1835 3692 1889 συνέπε-

2121 1927 2241 1980 σθαι
2299 1927 2624 2000 βουλομένῳ,
2671 1929 2790 1999 μηδ’
2838 1930 3134 2000 ἀναχωρεῖν
3177 1928 3400 1994 ἐθέλειν,
3461 1946 3691 2000 συστρα-

2117 2021 2294 2072 τεύειν
2341 2019 2385 2072 δ’
2425 2019 2573 2090 αὐτῷ
2620 2020 2712 2073 καὶ
2758 2019 3210 2088 συναγωνίζεσθαι
3249 2024 3369 2085 ταῖς
3411 2020 3551 2094 πρὸς
3605 2021 3691 2075 τὸν

2118 2111 2249 2163 Θεὸν
2278 2111 2578 2183 ἱκετηρίαις
2607 2111 2811 2180 ελεγον.
2847 2112 3056 2183 Σφόδρα
3081 2113 3124 2166 δ’
3148 2113 3238 2166 ἐπὶ
3263 2116 3380 2177 ταῖς
3414 2113 3690 2182 ἀγγελίαις

2117 2202 2322 2272 ἡσθεὶς,
2369 2203 2466 2274 τὴν
2506 2204 2728 2276 πορείαν
2777 2205 2956 2268 αὐτοῖς
2991 2204 3240 2258 διετύπου
3286 2205 3432 2276 (40)’
3481 2205 3690 2275 [ἔπειτα

2119 2295 2214 2348 καὶ
2234 2295 2332 2365 τὴν
2359 2296 2561 2366 σκηνὴν
2585 2296 2692 2366 (41)
2726 2296 2802 2365 τῷ
2823 2296 2918 2366 τῆς
2959 2295 3254 2366 ἐκκλησίας
3285 2298 3527 2366 σχήματι
3557 2297 3688 2367 πρὸς

2118 2385 2215 2458 τὴν
2253 2387 2459 2440 ἐκείνου
2492 2387 2583 2441 τοῦ
2615 2387 2851 2458 πολέμου
2891 2387 3191 2460 παράταξιν
3232 2389 3328 2441 σὺν
3354 2387 3524 2459 πολλῇ
3550 2388 3687 2458 φιλο-

2118 2479 2274 2549 τιμίᾳ
2306 2479 2711 2550 κατειργάζετο,
2743 2473 2858 2551 ὲνῇ
2892 2479 2970 2551 τῷ
3003 2479 3138 2550 Θεῷ,
3179 2479 3256 2550 τῷ
3288 2479 3387 2549 τῆς
3426 2479 3582 2550 νίκης
3609 2480 3688 2534 δο-

2118 2570 2270 2641 τῆρι,
2300 2570 2398 2635 τὰς
2439 2571 2712 2642 ἱκετηρίας
2753 2572 2868 2642 ἅμα
2903 2573 3011 2635 τοῖς
3062 2572 3376 2636 ἐπισκόποις
3422 2571 3688 2626 ποιεῖσθαι

2120 2661 2349 2716 ἐπενόει.

2634 2842 3026 2895 ΚΕΦΑΛΑῙΟΝ
3055 2842 3173 2897 ΝΖ⁹.

489 2929 780 2996 Quomodo,
798 2935 1051 3007 susceptis
1082 2934 1360 3007 Persarum
1378 2937 1580 3007 legatis,
1607 2938 1735 3006 festo
1761 2936 1980 2994 Pascha:

2126 2933 2310 3007 Ὅπως
2351 2933 2609 3007 Nepai»:
2640 2937 2954 3007 πρεσϐείας
2987 2935 3332 3007 δεξάμενος,
3478 2934 3555 3003 τῇ
3587 2933 3685 2989 τοῦ

857 3006 943 3058 die
971 3020 1088 3058 cum
1119 3006 1238 3059 aliis
1273 3006 1616 3076 pernoctavit.

522 3089 728 3148 Interea
763 3091 940 3148 Persae
969 3107 1092 3148 cum
1145 3096 1532 3164 imperatorem
1583 3095 1777 3150 bellum
1827 3110 2018 3165 parare

451 3184 867 3254 comperissent,
898 3194 1096 3240 etcum
1145 3186 1233 3240 illo
1267 3188 1522 3258 congredi
1554 3189 1905 3243 vehementer
1938 3205 2019 3242 re-

452 3275 830 3344 formidarent,
865 3278 1048 3334 missis
1081 3279 1274 3350 legatis
1302 3294 1489 3350 pacem
1531 3281 1600 3335 ab
1622 3294 1688 3334 eo
1709 3284 2019 3349 postulave-

453 3375 598 3422 runt.
627 3367 813 3438 Itaque
845 3369 1144 3439 imperator
1169 3371 1319 3443 pacis
1360 3372 1794 3437 amantissimus,
1827 3371 2018 3429 Persa-

521 3591 635 3664 (40)
658 3594 868 3664 Αὐτοῒς
891 3594 1193 3648 διετύπου.
1231 3594 1360 3661 Quae
1385 3594 1620 3662 posthaec
1650 3604 1947 3664 sequuntur
1965 3597 2015 3650 in

450 3663 692 3720 editione
737 3663 1060 3727 Genevensi,
1114 3680 1287 3733 usque
1340 3667 1406 3719 ad
1456 3665 1670 3719 initium
1721 3663 1914 3733 capitis
1950 3667 2017 3720 59

451 3735 674 3789 deerant
703 3744 811 3788 tum
841 3735 892 3789 in
927 3736 1115 3790 codice
1145 3735 1338 3804 Regio,
1365 3743 1478 3790 tum
1523 3735 1576 3788 in
1607 3736 1840 3790 editione
1877 3736 2015 3791 Rob.

450 3804 710 3872 Stephani
738 3815 824 3859 :et
847 3821 875 3859 a
899 3806 1031 3860 viris
1056 3807 1229 3860 doctis
1253 3807 1430 3860 addita
1455 3817 1580 3859 sunt
1599 3820 1662 3860 ex
1684 3808 2017 3874 conjecmra,

453 3883 508 3928 ut
538 3876 748 3943 opinor.
781 3874 916 3930 Nam
951 3890 1070 3942 quae
1107 3884 1408 3945 sequuntur
1443 3876 1643 3944 capita,
1686 3876 1848 3930 nimis
1893 3877 2018 3930 bre-

448 3945 546 4016 via
577 3955 724 4008 sunt,
760 3960 860 4002 nec
889 3947 1184 4016 quidquam
1239 3945 1467 4014 amplius
1517 3946 1817 4009 continent,
1853 3961 2016 4014 quam

449 4014 551 4084 ipsi
577 4016 815 4084 capitum
845 4014 1016 4082 tituli;
1040 4014 1055 4016 “
1075 4017 1223 4086 quod
1257 4017 1473 4085 quidem
1518 4017 1586 4070 ab
1618 4016 1832 4086 Eusebii
1861 4017 2016 4070 insti-

450 4093 564 4156 tuto
594 4101 816 4156 prorsus
860 4085 1140 4141 abhorret.
1200 4085 1380 4150 Quare
1438 4085 1701 4140 credibile
1732 4095 1837 4149 est,
1872 4088 2019 4140 viros

448 4155 638 4226 doetos
671 4171 735 4210 ex
770 4157 940 4211 titulis
972 4157 1461 4226 capitulorum,qui
1499 4157 1640 4210 libro
1662 4169 1854 4224 quarto
1884 4172 2021 4225 prte-

450 4225 541 4278 Iixi
570 4226 842 4296 leguntur.
891 4229 1004 4281 haec
1042 4225 1389 4296 ’supplevisse
1418 4242 1536 4296 qua:
1568 4229 1720 4280 uncis
1761 4227 2017 4280 conclusa

2189 3005 2403 3073 Πάσχα
2434 3005 2609 3074 ἑορτῇ
2639 3005 3209 3074 συνδιενυκτέρευσε
3234 3005 3356 3072 τοῖς
3387 3005 3618 3073 ἄλλοις.

2201 3095 2287 3149 Ἐν
2319 3095 2493 3168 τούτῳ
2534 3097 2740 3170 Πέρσαι
2778 3097 3069 3168 πυθόμενοι
3116 3097 3242 3169 περὶ
3293 3098 3393 3168 τῆς
3428 3097 3687 3168 βασιλέως

2119 3190 2255 3261 πρὸς
2306 3190 2538 3262 πόλεμον
2580 3193 2952 3262 παρασκευῆς,
3008 3193 3100 3245 καὶ
3143 3191 3290 3266 μάχῃ
3348 3193 3484 3264 πρὸς
3528 3191 3688 3246 αὐτὸν

2122 3285 2411 3356 συμϐαλεῖν
2459 3286 2660 3357 σφόδρα
2691 3285 3032 3356 φοϐούμενοι,
3065 3286 3150 3339 διὰ
3189 3285 3481 3358 πρεσϐείας
3529 3284 3688 3339 αὐτδνυ

2120 3376 2366 3447 ἠξιοῦντο
2394 3376 2505 3448 (42)
2537 3378 2758 3449 εἰρήνην
2783 3377 3077 3431 ποιεῖσθαιο
3113 3377 3192 3431 διὸ
3216 3379 3244 3430 ό
3269 3377 3366 3448 μὲν
3398 3375 3686 3448 εἰρηνικώ-

2123 3597 2187 3652 iis
2219 3611 2339 3666 quae
2383 3611 2451 3650 ex
2505 3595 2741 3650 Eusebio
2799 3603 3096 3659 mutuatur,
3140 3595 3270 3665 ipsis
3316 3593 3430 3652 fere
3469 3592 3686 3666 Eusebii

2121 3665 2302 3723 verbis
2333 3667 2407 3720 uti
2436 3666 2626 3721 solere.
2657 3666 2845 3735 Itaque
2881 3668 2993 3720 haec
3032 3666 3272 3735 Socratis
3303 3666 3471 3719 verba
3521 3665 3687 3721 Euse-

2120 3739 2402 3793 bianorum
2438 3737 2613 3790 vicem
2641 3733 2889 3805 supplere
2911 3744 3162 3805 possunt.
3187 3733 3322 3789 Nam
3350 3750 3471 3805 qua:
3510 3736 3565 3790 in
3592 3737 3688 3790 hac

2126 3809 2315 3862 lacuna
2341 3806 2608 3874 leguntur,
2642 3822 2785 3876 aegre
2812 3806 3098 3860 admodum
3148 3805 3364 3860 Eusebii
3396 3819 3533 3876 esse,
3568 3821 3686 3876 cre-

2124 3878 2372 3931 diderim.
2402 3876 2572 3930 Porro
2590 3874 2713 3946 jam'
2733 3888 2890 3930 antea
2916 3875 3324 3941 Constantinus,
3354 3876 3406 3928 in
3430 3875 3574 3929 bello
3599 3874 3686 3929 Li-

2123 3949 2339 4003 ciniano
2387 3946 2792 4000 tabernaculum
2856 3947 3036 4002 crucis
3087 3955 3241 4000 extra
3297 3953 3472 3998 castra
3526 3946 3687 3998 Iixum

2125 4019 2409 4082 habuerat,
2461 4017 2511 4070 in
2565 4031 2672 4085 quo
2706 4015 2929 4083 jejuniis
2971 4025 3026 4071 et
3067 4015 3405 4085 orationibus
3439 4016 3684 4080 vacabat,

2125 4099 2260 4143 teste
2291 4087 2521 4141 Eusebio
2557 4084 2608 4140 in
2644 4087 2782 4140 libro
2809 4103 2866 4140 ιι.
2903 4086 3006 4141 Sed
3044 4087 3094 4139 in
3127 4085 3249 4140 belli
3281 4084 3487 4139 Persici
3522 4099 3686 4153 appa-

2126 4168 2246 4214 ratu
2280 4159 2330 4210 id
2365 4157 2593 4225 amplius
2625 4157 2873 4220 praestitit
2901 4157 3308 4217 Constantinus,
3342 4155 3496 4225 quod
3513 4155 3688 4225 taber-

2126 4227 2376 4282 naculum
2431 4223 2484 4279 in
2526 4226 2767 4279 ecclesiae
2814 4225 3040 4280 formam
3099 4226 3424 4281 construxit.
3470 4223 3557 4276 Ab
3591 4224 3686 4278 hoc

447 4291 785 4351 exhibemus.
833 4297 1000 4350 Porro
1049 4291 1395 4350 in'editione
1436 4291 1738 4350 Genevcnsi
1794 4297 2021 4350 delenda
2053 4291 2101 4351 D
2127 4297 2464 4353 Constantini
2495 4296 2745 4366 instituto
2776 4311 3029 4350 manasse
3069 4307 3254 4366 postea
3282 4294 3472 4366 scribit
3521 4293 3683 4348 Soza-

449 4377 574 4420 sunt
605 4369 717 4421 haec
739 4370 902 4420 verba
933 4385 947 4420 :
985 4367 1143 4429 αὐτὸς
1166 4366 1244 4429 δέ,
1269 4381 1386 4434 quae
1409 4366 1658 4435 leguntur
1691 4375 1809 4435 post
1833 4381 2019 4420 vocem

445 4435 723 4507 διετύπου.
779 4438 993 4492 Etenim
1039 4437 1227 4507 lacuna
1283 4435 1472 4505 incipit
1520 4446 1648 4488 ante
1700 4438 1797 4490 has
1861 4451 2020 4490 voces

448 4507 612 4570 αὐτὸς
633 4505 698 4560 ἠδὲ
725 4507 880 4570 νεών,
905 4517 1009 4562 etc.
1045 4505 1286 4560 Similem
1315 4520 1552 4575 errorem
1600 4522 1760 4575 supra
1809 4507 2017 4561 notavi-

452 4592 594 4631 mus.
632 4576 885 4632 Nostram
923 4592 1086 4642 porro
1113 4577 1179 4629 de
1205 4577 1308 4631 hoc
1332 4574 1705 4644 supplemento
1738 4575 2019 4642 conjectu-

451 4662 565 4700 ram
602 4647 762 4716 plane
805 4647 1089 4701 continuat
1126 4647 1366 4716 optimus
1391 4647 1560 4700 codex
1587 4646 1722 4699 Fuk.
1758 4649 1848 4714 qui
1895 4662 2018 4699 cum

452 4715 660 4783 reliqua
693 4718 1059 4785 supplementa
1079 4715 1198 4785 quae
1226 4733 1254 4769 a
1279 4715 1685 4771 Genevensibus
1701 4719 1842 4771 edita
1871 4725 2016 4781 sunt,

452 4786 682 4840 ﬁdeliter
718 4788 986 4852 exhibeat,
1023 4797 1075 4839 ut
1107 4787 1220 4841 suis
1249 4786 1382 4840 locis
1405 4788 1822 4848 adnotavimus,
1863 4788 2020 4853 hujus

450 4855 554 4911 loci
585 4858 1019 4925 supplementum
1051 4872 1152 4911 non
1185 4858 1364 4912 habet.
1401 4856 1506 4911 Sed
1529 4871 1700 4924 neque
1724 4857 1776 4909 in
1805 4857 2017 4911 Turne-

449 4926 503 4981 bi
545 4925 682 4981 libro
717 4928 818 5000 huc
855 4928 1564 5000 fragmentumascriptum
1611 4938 1715 5000 est,
1760 4942 1880 5000 cum
1913 4942 2020 4982 cae—

451 5005 567 5051 tera
594 4999 775 5052 omnia
801 4999 868 5053 ad
901 4999 1200 5068 marginem
1227 4997 1343 5066 ejus
1375 4998 1500 5052 libri
1527 4999 1730 5066 scripta
1778 4999 2017 5052 habean-

450 5077 560 5122 tur.

520 5139 633 5210 (41)
668 5141 914 5194 Ἔπειτα
937 5141 1035 5194 καὶ
1071 5141 1184 5210 τὴν
1213 5139 1472 5208 σκηνήν.
1501 5138 1737 5210 Idipsutn
1775 5137 1845 5210 i_l.a
1876 5155 2014 5210 nar-

450 5205 540 5281 rat
569 5205 824 5281 Socrates
860 5213 910 5264 iu
943 5211 1035 5266 lib.
1064 5228 1100 5273 I,
1128 5205 1245 5281 cap.
1280 5205 1347 5264 18
1373 5225 1385 5261 :
1411 5207 1751 5281 TOQQGTOQS‘S
1775 5205 1840 5278 ἦν
1864 5208 2014 5281 oft-:06

455 5277 729 5354 βασιλέως
753 5282 879 5354 περὶ
906 5283 994 5335 τὸν
1021 5277 1426 5354 χριττιανισμρν
1451 5278 1632 5344 πόθος,
1660 5279 1734 5341 ὡς
1765 5277 1857 5331 καὶ
1882 5280 2020 5354 [Iep-

446 5350 600 5404 σικοῦ
651 5350 932 5422 μέλλὸντος
982 5350 1244 5406 κινεῖσθαι
1296 5350 1554 5420 πολέμου.
1605 5351 2018 5422 κατασκευάσας

449 5419 736 5495 σκηνὴνὲκ
762 5423 1008 5492 ποικίλης
1043 5424 1250 5495 ὀθόνης,
1292 5419 1586 5495 ἐκκλησίας
1617 5419 1786 5495 τύπον
1823 5422 2018 5495 ἀποτετ-

445 5489 666 5565 λούσαν,
693 5492 881 5565 ὥσπερ
910 5489 1147 5565 Μωῦσῆς
1172 5489 1228 5546 ἔν
1253 5495 1318 5564 τῇ
1353 5489 1544 5565 ἐρήμῳ
1565 5492 1889 5565 ἐπεποιήκει
1923 5490 2018 5542 καὶ

446 5561 648 5650 ταύτην
682 5561 959 5650 φέρεσθαι,
1003 5561 1244 5650 ἵναζὲχοι
1292 5561 2016 5650 κατὰίτοὺςχὲρημιοτάτους

447 5630 646 5705 τόπους
697 5630 1002 5705 εὐκτήριον
1060 5630 1509 5705 ηὐτρεπισμένον.
1585 5630 1744 5698 Quas
1775 5633 2015 5705 Socratis

451 5703 613 5755 verba
645 5716 710 5756 eo
743 5701 993 5760 libentius
1026 5701 1246 5773 adduxi,
1280 5701 1421 5775 quod
1449 5705 1611 5760 sciam
1647 5705 1926 5759 Socratem
1962 5701 2016 5757 in

2130 4382 2338 4433 menus,
2389 4377 2447 4419 ut
2497 4365 2693 4434 singuli
2739 4367 2953 4420 numeri
3017 4365 3081 4418 in
3117 4366 3358 4420 exercitu
3422 4365 3683 4428 Romano,

2125 4439 2530 4493 tabernaculum
2583 4451 2736 4489 suum
2784 4437 3041 4490 haberent
3071 4437 3243 4489 instar
3281 4434 3463 4489 sacelli
3500 4434 3687 4487 instru-

2123 4515 2288 4569 ctum,
2329 4517 2382 4559 et
2418 4506 2762 4576 presbyteros
2811 4521 2875 4560 ac
2927 4508 3182 4560 diaconos
3235 4505 3569 4574 peculiares,
3599 4503 3685 4574 qui

2123 4591 2236 4632 rem
2270 4578 2511 4630 divinam
2543 4577 2612 4629 ibi
2641 4589 2980 4644 peragerent.

2192 4643 2987 4718 (ﬂldtdgzpso’é’elagabtdr
3018 4645 3318 4718 ἠξιοῦῖτο.
3362 4643 3506 4718 Idem
3553 4643 3684 4698 scri—

2120 4715 2394 4775 bit'RuI'us
2429 4717 2621 4771 Festus
2665 4717 2717 4770 in
2764 4716 3040 4770 Breviario
3069 4732 3086 4767 :
3123 4736 3141 4768 ι
3182 4715 3580 4770 Constantinus
3607 4727 3686 4768 re-

2124 4805 2240 4844 rum
2273 4790 2521 4843 dominus
2549 4797 2795 4842 extremo
2827 4789 2948 4841 vitae
2975 4803 3090 4842 sua:
3125 4798 3364 4852 tempore
3394 4785 3685 4853 expeditio-

2121 4874 2240 4914 nem
2284 4857 2494 4928 paravit
2541 4859 2593 4912 iu
2643 4857 2855 4912 Persas.
2909 4857 3046 4912 Toto
3093 4858 3240 4911 enim
3279 4855 3430 4928 orbe
3481 4855 3684 4928 pacatis

2120 4925 2388 5000 gentibus,
2420 4938 2477 5000 et
2510 4930 2715 5000 recenti
2758 4929 2824 4981 de
2860 4928 3061 5000 Gothis
3096 4926 3326 5000 victoria
3368 4925 3681 5000 gloriosior,

2121 4995 2305 5054 minus
2329 4995 2382 5053 in
2415 4997 2608 5052 Persas
2639 4999 3002 5053 descendebat
3024 4997 3352 5066 agminibus.
3397 4995 3512 5049 Sub
3536 4995 3684 5059 cujus

2121 5073 2412 5125 adventum
2439 5069 2753 5140 Babylouize
2785 5069 2836 5122 in
2880 5079 3086 5140 tantum
3123 5081 3285 5136 regna
3317 5067 3678 5134 trepidaruut,

2121 5151 2178 5194 ut
2206 5141 2427 5208 supplex
2468 5141 2532 5193 ad
2558 5139 2678 5194 eum
2703 5141 2901 5209 legatio
2938 5139 3600 5209 Persarutu_occurreret,
3634 5144 3684 5186 et

2121 5205 2361 5266 facturos
2385 5225 2443 5265 se
2472 5211 2733 5277 imperata
2758 5205 3161 5278 protnitterent.
3203 5205 3314 5260 Nec
3369 5215 3550 5278 tamen
3597 5219 3685 5272 pro

2121 5282 2354 5336 assiduis
2401 5275 2777 5349 eruptionibus
2798 5295 2934 5348 quas
2978 5281 3080 5332 sub
3109 5277 3433 5332 Constantio
3474 5275 3683 5329 Ctrsare

2122 5367 2216 5418 per
2266 5349 2541 5405 Orientem
2595 5359 2964 5411 tentaverant,
3011 5351 3222 5418 veniam
3277 5353 3624 5418 ιιιιινυιινιιηι..Δ
3659 5361 3676 5392 ι

2121 5412 2373 5476 Socrates
2399 5437 2527 5476 vero
2556 5421 2654 5475 hoc
2679 5429 2887 5473 tantum
2919 5420 3050 5473 dicit
3075 5437 3086 5470 :
3115 5416 3226 5470 ἀλλ’
3258 5413 3547 5486 οὺίπροέϐη
3568 5412 3684 5486 τότε

2118 5494 2146 5544 ὁ
2181 5493 2446 5565 πόλεμος·
2497 5489 2646 5565 ἔφθη
2698 5491 2806 5565 γὰρ
2836 5489 2943 5565 δέει
2993 5487 3089 5565 τοῦ
3152 5482 3414 5556 βασιλέως
3459 5482 3675 5565 96:3qu

2119 5580 2226 5626 ναι,
2257 5550 2452 5617 ἱάέεἰι
2486 5550 2590 5616 δέιι
2628 5550 2817 5614 bellum
2848 5561 3067 5614 ulterius
3094 5550 3195 5611 non
3236 5555 3516 5625 processit.
3542 5550 3672 5609 Nati

2119 5651 2230 5704 pra:
2271 5645 2407 5688 metu
2435 5634 2764 5704 imperatoris
2797 5633 2970 5686 statim
3002 5643 3295 5700 repressum
3317 5635 3413 5682 est.
