3926 6264
242 288 386 347 I309

1360 280 1449 336 DE
1486 277 1647 335 VITA
1687 274 2140 335 CONSTANTINI
2176 273 2304 330 LIB.
2342 272 2429 329 IV.

3347 271 3485 329 1310

241 425 405 474 τατος
456 406 705 479 βασιλεὺς
751 405 849 478 τὴν
898 404 1124 477 Περσῶν
1182 402 1477 475 πρεσϐείαν
1513 401 1815 474 δεξάμενος.

1934 414 2053 454 rum
2084 397 2360 468 legatione
2403 395 2635 464 benigne
2678 400 2948 462 suscepta,
2986 404 3171 462 pacem
3201 398 3249 445 et
3297 390 3485 446 amici-

240 499 462 569 φιλικὰς
486 489 988 570 δεξιάς’προθύμως
1014 497 1109 552 σὺν
1128 497 1354 561 ἐκείνοις
1381 494 1665 550 ἐσπείσατο
1682 494 1810 565 (45).

244 591 384 664 ’Πδη
415 591 460 645 δ’
493 594 527 664 ἡ
560 592 768 663 μεγάλη
808 590 901 643 τοῦ
940 589 1131 660 Πάσχα
1173 588 1332 661 ἐορτή
1376 587 1577 660 παρῆν,
1630 589 1687 642 ἐν
1726 580 1815 660 ᾖό

240 684 496 756 βασιλεὺς
536 685 615 756 τῷ
646 684 765 756 Θεῷ
788 683 886 749 τὰς
921 684 1086 755 εὐχὰς
1119 684 1417 748 ἀποδιδοὺς,
1451 683 1814 738 συνδιενυκτέ-

244 792 404 846 ρευσε
433 779 545 841 τοῖς
575 774 774 840 ἄλλοις.

760 866 1155 919 ΚΕΦΑΛΑΙΟΝ
1191 865 1324 921 NH’.

236 953 379 1022 Περὶ
409 952 727 1024 οἰκοδομῆς
753 953 859 1007 τοῦ
882 953 1357 1021 ἐπικαλουμένου
1385 951 1504 1005 τῶν
1528 952 1812 1024 Ἀποστά-

404 1026 530 1077 λων
547 1024 617 1077 ἐν
646 1026 1282 1079 Κωνσταντιγουπόλει
1303 1023 1646 1092 μαρτυρίου.

320 1112 447 1168 Ἐπὶ
488 1114 694 1178 τούτοις
729 1116 837 1188 (44)
884 1116 944 1170 τὸ
993 1115 1285 1189 μαρτύριον
1325 1118 1382 1169 ἐν
1431 1119 1495 1188 τῇ
1546 1115 1814 1186 ἐπωνύμῳ

236 1203 393 1258 πόλει
427 1204 521 1258 ἐπὶ
572 1205 756 1279 μνήμῃ
803 1206 910 1261 τῶν
950 1208 1260 1262 ἀποστόλων
1302 1207 1599 1278 οἰκοδομεῖν
1642 1223 1813 1278 παρε-

240 1299 537 1364 σκευάζετο
576 1316 589 1329 ·
625 1301 784 1363 αὐτὸς
824 1300 879 1353 δὲ
912 1300 1045 1355 νεὼν
1091 1302 1303 1356 ἅπαντα
1342 1304 1421 1365 είς
1450 1300 1582 1370 ὕψος
1611 1299 1812 1369 ἄφατον

240 1388 474 1459 ἐπάρας,
523 1387 684 1463 λίθων
729 1390 1016 1454 ποικιλίαις
1064 1391 1328 1444 παντοίων
1378 1388 1814 1462 ἐξαστράπτοντα

240 1481 436 1545 ἐποίει,
471 1482 549 1544 είς
580 1481 740 1535 αὐτὸν
771 1482 965 1553 ὄροφον
993 1483 1053 1548 ἐξ
1087 1483 1312 1552 ἐδάφους
1352 1481 1641 1545 πλακώσας
1664 1499 1676 1511 ·
1700 1483 1814 1536 δια-

239 1571 420 1627 λαϐὼν
453 1573 508 1625 δὲ
538 1572 753 1636 λεπτοῖς
784 1573 1101 1645 φατνώμασι
1132 1574 1230 1645 τὴν
1266 1572 1481 1642 στέγην,
1509 1571 1691 1644 χρυσῷ
1714 1571 1811 1643 τὴν

242 1666 422 1719 πᾶσαν
474 1664 804 1718 ἐκάλυπτεν
855 1664 966 1718 ἄνω
1007 1666 1201 1736 χαλκὸς
1238 1666 1334 1737 μὲν
1364 1664 1474 1736 (45)
1505 1665 1623 1717 ἀντὶ
1645 1664 1810 1735 κερά-

1930 498 2055 544 nam
2084 505 2204 543 cum
2261 491 2342 543 eis
2387 480 2621 541 libenter
2656 484 2872 555 pepigit.
2905 484 3107 538 Aderat
3147 483 3257 552 jam
3292 497 3483 552 magna

1924 583 2194 651 paschalis
2243 579 2362 634 festi
2397 578 2757 635 solemnitas:
2797 578 2849 630 in
2895 592 3000 645 qua
3041 576 3334 644 imperator
3359 582 3484 631 vota

1926 674 2039 729 Deo
2061 672 2396 743 persolvens,
2430 684 2535 724 una
2564 685 2684 723 cum
2723 666 2933 722 caeteris
2958 665 3306 738 pernoctavit.

2477 843 2704 901 CAPUT
2736 841 2910 896 LVIII.

2118 941 2193 995 De
2228 940 2617 994 constructione
2645 934 2891 1005 martyrii
2915 931 3275 1003 Apostolorum

2463 1004 2934 1073 ConstantinOpoli.

1991 1104 2237 1161 Posthaac
2283 1102 2334 1156 in
2399 1100 2714 1155 memoriam
2750 1097 3117 1168 apostolorum
3164 1094 3477 1164 martyrium

1919 1196 2191 1251 aediﬁcare
2219 1194 2382 1261 coepit
2413 1195 2466 1245 in
2523 1190 2656 1246 urbe
2702 1189 2804 1245 sibi
2850 1188 3193 1259 cognomine.
3238 1185 3481 1254 Cumque

1922 1290 2180 1360 templum
2215 1304 2375 1343 omne
2412 1287 2465 1340 in
2512 1287 2831 1340 immensam
2884 1281 3222 1339 altitudinem
3255 1278 3481 1334 extuliso

1921 1391 2024 1444 sel,
2050 1380 2203 1436 vario
2247 1379 2481 1450 lapidum
2547 1392 2743 1448 genere
2778 1374 3120 1445 splendidum
3152 1371 3400 1436 reddidit,
3448 1386 3477 1424 a

1919 1473 2032 1529 solo
2054 1474 2120 1529 ad
2143 1486 2414 1527 cameram
2445 1484 2618 1540 usque
2642 1467 2962 1523 marmoreis
2989 1465 3186 1520 crustis
3204 1464 3333 1518 illud
3362 1477 3485 1533 ope-

1920 1566 2083 1618 riens.
2105 1562 2275 1617 Porro
2302 1576 2576 1616 cameram
2609 1556 2959 1633 lacunaribus
2987 1554 3330 1609 minutissimi
3351 1567 3482 1621 ope-

1921 1656 1995 1710 ris
2024 1654 2320 1718 obducens,
2358 1662 2522 1707 mtam
2577 1664 2712 1704 auro
2763 1643 3163 1705 imbracteavit.
3200 1648 3266 1701 Et
3317 1656 3480 1713 supra

242 1773 368 1829 μου,
412 1756 655 1828 φυλακὴν
681 1756 758 1828 τῷ
784 1756 929 1829 ἔργῳ
967 1758 1102 1830 πρὸς
1144 1736 1312 1810 ὑετῶν
1344 1755 1639 1825 ἀσφάλειαν
1682 1774 1815 1829 παρ-

1928 1743 2139 1814 quidem
2189 1757 2262 1797 aes
2293 1740 2593 1812 tegularum
2622 1741 2743 1794 loco
2775 1739 3103 1810 impositum,
3131 1736 3381 1790 universo
3414 1746 3483 1785 a3-

241 1852 391 1920 εῖχε·
442 1849 536 1903 καὶ
560 1846 746 1902 τοῦτον
788 1848 844 1902 δὲ
899 1849 1063 1912 πολὺς
1110 1847 1453 1920 περιέλαμπε
1488 1848 1707 1919 χρυσὸς,
1739 1848 1815 1911 ὡς

242 1940 617 2014 μαρμαρυγὰς
661 1944 773 2004 τοῖς
809 1940 1087 2013 πόρρωθεν
1120 1940 1363 2011 ἀφορῶσι
1395 1943 1513 2002 ταῖς
1543 1938 1693 2009 ἡλίου
1714 1940 1813 1993 αὑ-

237 2035 363 2102 γαίς
395 2032 907 2103 ἅντανακλωμέναις
946 2031 1267 2102 ἐκπέμπειν.
1321 2031 1599 2084 Δικτυωτὰ
1629 2030 1686 2084 δέ
1720 2032 1814 2084 πέ-

242 2122 328 2195 ριξ
356 2123 586 2177 ἐκύκλου
614 2123 676 2177 τὸ
720 2123 989 2194 δωμάτιον
1033 2121 1141 2191 (46)
1177 2123 1481 2192 ὰνάγλυφα,
1512 2122 1695 2195 χαλκῷ
1721 2126 1816 2177 καὶ

236 2216 428 2289 χρυσῷ
460 2219 919 2288 κατειργασμένα.

755 2390 1149 2443 ΚΕΦΑΛΑΙΟΝ
1186 2390 1290 2443 ΝΘ¹
1300 2430 1312 2441 .

456 2483 783 2552 "Excepth
803 2482 889 2536 ἔτι
916 2481 1021 2536 τοῦ
1049 2480 1236 2537 αὐτοῦ
1257 2482 1604 2552 μαρτυρίου.

311 2574 422 2628 Καὶ
453 2575 482 2627 ό
506 2575 603 2644 μὲν
631 2573 766 2638 νεὼς
789 2567 891 2628 ὦδε
927 2573 1023 2627 σὺν
1053 2572 1219 2646 πολλῇ
1250 2574 1509 2646 βασιλέως
1541 2573 1820 2646 φιλοτιμίᾳ

242 2665 481 2736 σπουδῆς
521 2664 772 2735 ἠξιοῦτοο
818 2665 960 2736 ἀμφὶ
1005 2663 1061 2717 δέ
1104 2664 1291 2718 τοῦτον
1337 2664 1546 2737 αἴθριος
1581 2660 1650 2736 ἦν
1681 2663 1818 2736 αὐλὴ

241 2756 625 2829 παμμεγέθης,
666 2759 747 2820 είς
793 2757 930 2829 ἀέρα
979 2755 1217 2829 καθαρὸν
1254 2757 1709 2828 ἀναπεπταμένη·
1761 2758 1818 2810 ἐν

239 2847 628 2920 τετραπλεύρῳ
667 2848 726 2906 δὲ
757 2846 928 2919 ταύτῃ
963 2847 1116 2901 στοαὶ
1146 2847 1438 2920 διέτρεχον,
1475 2847 1636 2918 μέσον
1673 2846 1820 2917 αὐτῷ

242 2942 348 3011 νεῷ
385 2940 447 2992 τὸ
490 2940 698 3013 αἴθριον
737 2939 1218 3011 ἀπολαμϐάνουσαι
1244 2956 1258 2970 ·
1288 2936 1425 2993 οἶκοί
1457 2956 1517 2992 τε
1565 2939 1819 3010 βασίλειοι

240 3036 363 3098 ταῖς
400 3037 599 3101 στοαῖς,
648 3034 848 3105 λουτρά
889 3050 947 3086 τε
994 3034 1085 3086 καὶ
1123 3034 1550 3105 ἀνακαμπτήρια
1594 3031 1821 3106 παρεξε-

1917 1836 2095 1891 dillcio
2142 1834 2532 1888 munimentum
2604 1834 2863 1888 adversus
2921 1832 3131 1903 imbres
3186 1824 3476 1896 praebebat.

1917 1927 2073 1994 Quod
2106 1927 2291 1981 itidem
2325 1941 2456 1979 auro
2490 1925 2724 1995 plurimo
2773 1922 3115 1994 superfusum
3167 1916 3480 1986 resplende-

1916 2022 2042 2087 bat,
2098 2020 2234 2074 adeo
2273 2027 2331 2073 ut
2375 2017 2562 2088 procul
2625 2016 2984 2086 spectantium
3041 2010 3225 2067 oculos
3271 2009 3481 2080 fulgore

1916 2109 2338 2179 praestringeret,
2364 2107 2494 2164 solis
2544 2108 2709 2162 radiis
2734 2107 2859 2161 aeris
2886 2103 3099 2173 objectu
3128 2099 3478 2171 repercussis.

1918 2202 2110 2257 Totum
2161 2216 2291 2256 vero
2336 2200 2593 2255 solarium
2645 2199 2944 2254 reticulatis
2995 2195 3317 2267 quibusdam
3349 2206 3484 2244 ana-

1918 2290 2128 2360 glyphis
2156 2305 2222 2344 ex
2248 2303 2355 2344 tere
2380 2298 2433 2342 et
2454 2303 2587 2342 auro
2607 2286 2918 2341 fabrefactis
2933 2284 3479 2341 eratcircumdatum.

2397 2381 2560 2451 553
2606 2377 2835 2433 CAPUT
2868 2376 3004 2433 th.

2288 2473 2582 2540 Descriptio
2608 2471 2840 2540 ejusdem
2878 2470 3139 2539 martyrii.

1992 2566 2069 2618 Ac
2106 2564 2361 2634 templum
2388 2561 2604 2631 quidem
2656 2561 2831 2630 ipsutn
2869 2560 3102 2612 maximo
3142 2553 3484 2624 imperatoris

1925 2659 2103 2714 studio
2137 2657 2279 2710 lmuc
2332 2655 2384 2709 in
2424 2654 2641 2709 modum
2680 2651 3063 2706 exornabatur.
3099 2650 3252 2702 Circa
3309 2650 3481 2716 ipsum

1921 2748 2173 2819 templum
2198 2747 2384 2817 ingens
2407 2753 2524 2800 erat
2545 2758 2697 2812 area,
2724 2743 2895 2798 libero
2917 2756 2981 2797 ac
3008 2750 3224 2809 patente
3256 2739 3484 2806 desuper

1920 2841 2080 2894 ctelo.
2110 2837 2273 2907 Cujus
2296 2840 2362 2891 ad
2394 2847 2628 2907 quatuor
2683 2835 2854 2890 latera
2897 2832 3139 2902 porticus
3194 2836 3352 2884 erant
3379 2828 3481 2885 sibi

1921 2931 2151 2985 invicem
2179 2929 2501 2998 conjunctae,
2526 2942 2645 2997 qua:
2678 2941 2863 2995 aream
2894 2925 2944 2977 in
2973 2922 3151 2977 medio
3182 2922 3341 2976 sitam
3379 2934 3484 2975 una

1922 3037 2044 3077 cum
2094 3021 2210 3090 ipso
2247 3019 2445 3086 templo
2479 3016 3005 3084 circumcingebant.
3036 3013 3309 3067 Praeterea
3342 3010 3478 3065 basi-

237 3126 468 3188 τείνετο,
493 3125 625 3181 ἄλλα
651 3143 710 3179 τε
748 3124 974 3179 πλεῖστα
1015 3123 1334 3194 καταγώγια
1368 3128 1480 3188 τοῖς
1522 3125 1616 3178 τοῦ
1651 3124 1815 3179 τόπου

1928 3115 2057 3180 licat,
2096 3113 2334 3177 lavacra,
2378 3109 2673 3165 diversoria
2702 3117 2758 3164 et
2785 3106 2887 3162 alia
2914 3104 3145 3176 pluritna
3179 3101 3482 3158 habitacula

240 3220 502 3289 φρουροῖς
532 3218 851 3289 ἐπιτηδείως
875 3217 1227 3290 είργασμένα.

773 3400 1167 3453 ΚΕΦΑΛΑΙΟΝ
1214 3400 1289 3453 Ξ’.

243 3492 369 3547 Ὀτι
409 3492 481 3546 ἐν
524 3492 712 3560 τούτῳ
765 3493 864 3546 καὶ
907 3492 1200 3562 μνημεῖον
1241 3493 1329 3557 εὶς
1389 3490 1588 3562 ταφὴν
1629 3488 1818 3556 ἐαυτῷ

763 3561 1292 3631 προσῳκοδόμησε.
1322 3620 1323 3623 η

311 3656 503 3712 Ταῦτα
547 3657 724 3711 πάντα
773 3655 1000 3728 ἀφιέρου
1054 3654 1323 3725 βασιλεὺς,
1373 3653 1688 3718 διαιωνίζων
1739 3652 1819 3716 εἰς

241 3749 492 3814 ἅπαντας
512 3748 619 3803 τῶν
644 3749 737 3803 τοῦ
769 3748 1017 3819 Σωτῆρος
1045 3747 1203 3818 ἡμῶν
1225 3745 1534 3799 ἀποστόλων
1558 3744 1656 3815 τὴν
1689 3745 1822 3815 μνή-

245 3857 354 3912 μην
373 3858 388 3873 ’
418 3840 684 3912 ᾠκοδόμει
710 3840 754 3894 δ’
776 3840 885 3912 ἄρα
908 3839 1002 3893 καὶ
1025 3837 1150 3893 ἄλλο
1177 3855 1230 3890 τι
1255 3840 1320 3908 τῇ
1345 3836 1552 3907 διανοίᾳ
1578 3834 1816 3899 σκοπῶν,

237 3933 272 3987 ὃ
301 3932 369 4003 δὴ
401 3930 661 3985 λανθάνον
698 3928 992 4002 ταπρῶτα,
1038 3928 1360 4000 κατάφωρον
1407 3926 1545 3998 πρὸς
1573 3926 1652 3998 τῷ
1679 3927 1819 3980 τέλει

239 4024 356 4086 τοῖς
401 4022 564 4074 πᾶσιν
614 4021 875 4090 ἐγίγνετο.
924 4019 1094 4083 Αὐτὸς
1139 4018 1269 4087 γοῦν
1310 4017 1458 4088 αὐτῷ
1506 4020 1587 4081 εἰς
1633 4018 1821 4073 δέοντα

243 4113 439 4185 καιρὸν
468 4114 566 4191 τῆς
604 4112 767 4166 αὐτοῦ
801 4111 1079 4182 τελευτῆς,
1110 4111 1198 4164 τὸν
1232 4110 1474 4164 ἐνταυθοῖ
1503 4111 1665 4164 τόπον
1696 4113 1820 4165 ἐτα-

246 4204 483 4276 μιεύετο’
505 4204 603 4273 τῆς
618 4203 725 4256 τῶν
740 4203 1049 4257 ἀποστόλων
1072 4204 1423 4274 προσρήσεως
1446 4202 1696 4257 κοινωνὸν
1711 4202 1819 4275 (47)

316 4316 430 4387 (45)
474 4317 716 4387 Φιλικᾴς
763 4313 967 4387 δεξιὰς
996 4315 1332 4387 προθύμως
1388 4311 1510 4366 σὺν
1569 4312 1821 4387 castrat;

244 4381 595 4442 ἐσπείσατο.
636 4385 853 4438 Notabis
883 4385 970 4437 hic
996 4384 1410 4446 barbarismum,
1446 4396 1551 4436 non
1578 4381 1816 4447 Eusebii,

1916 3207 1981 3259 ad
2013 3220 2165 3259 usum
2191 3217 2376 3258 eorum
2408 3203 2500 3273 qui
2534 3201 2712 3256 locum
2737 3198 3140 3263 custodiebant,
3190 3195 3489 3265 porticibus

1918 3296 2198 3367 applicita,
2228 3310 2416 3350 earum
2439 3292 2826 3363 longitudinem
2854 3289 3162 3361 aequabant.

2513 3381 2739 3440 CAPUT
2778 3380 2892 3436 LX.

1919 3477 2072 3544 Quod
2096 3479 2254 3533 etiam
2278 3478 2333 3532 in
2357 3494 2416 3533 eo
2450 3476 2637 3546 templo
2689 3473 2984 3545 sepulcrum
3025 3471 3127 3527 sibi
3181 3470 3482 3541 wdiﬁcavit.

1989 3636 2114 3692 Hzec
2159 3635 2340 3691 omnia
2389 3633 2659 3688 dedicavit
2710 3632 3011 3700 imperator
3041 3644 3106 3685 eo
3143 3628 3394 3697 consilio,
3430 3636 3489 3682 ut

1919 3727 2286 3798 apostolorum
2334 3724 2646 3780 Servatoris
2678 3722 2848 3777 nostri
2905 3722 3223 3777 memoriam
3257 3720 3489 3788 posteris

1921 3820 1973 3873 in
2009 3828 2323 3888 perpetuum
2351 3816 2780 3871 commendaret.
2808 3812 2914 3868 Sed
2943 3822 3000 3868 et
3035 3813 3183 3866 aliud
3212 3813 3486 3882 quidpiam

1921 3910 1974 3964 in
2026 3918 2208 3963 mente
2262 3907 2489 3971 habens,
2525 3905 2694 3959 aadem
2755 3903 2901 3957 illam
2939 3903 3295 3957 construxit:
3345 3902 3488 3971 quod

1921 4000 2075 4054 initio
2099 3999 2315 4068 quidem
2339 4000 2654 4059 obscurum,
2694 3994 2910 4048 tandem
2943 4006 3072 4047 vero
3100 3992 3353 4046 omnibus
3389 3991 3490 4046 sub

1920 4093 2081 4146 linem
2112 4090 2368 4145 innotuit.
2407 4088 2618 4157 Quippe
2645 4087 2760 4153 ipse
2808 4085 2955 4139 hunc
3000 4083 3107 4138 sibi
3160 4082 3340 4138 locum
3369 4090 3489 4152 pust

1923 4192 2151 4239 mortem
2186 4183 2608 4251 designarerat,
2666 4177 2973 4234 incredibili
3029 4176 3154 4232 fidei
3208 4175 3490 4231 alacritate

1995 4297 2110 4422 £43)
2137 4299 2284 4353 "Areo
2313 4295 2542 4366 χαλκός
2557 4294 2693 4364 μέν.
2726 4293 3084 4350 Scribendum
3111 4301 3197 4347 est
3237 4290 3349 4345 ἄνω
3389 4288 3490 4364 μὲν

2015 4387 2060 4422 ,κ
2093 4387 2139 4422 c.

1924 4387 2139 4441 xamog.

249 4430 344 4513 23d
375 4456 491 4525 ejus
522 4456 609 4524 qui
651 4457 751 4509 hoc
783 4464 945 4519 caput
970 4430 1271 4525 supplerit.

1928 4430 1957 4441 η
1993 4430 2113 4524 (:16)—
2129 4439 2227 4525 ll)
2263 4436 2591 4525 δωμάτιον..
2611 4435 2882 4523 Ἐιιςειιίιιε
2933 4446 3101 4525 supra.
3134 4433 3188 4514 in_
3235 4430 3378 4525 libro
3424 4446 3487 4525 tu

243 4537 364 4583 erat
400 4523 549 4598 πρὸς
562 4525 801 4598 ἐκείνους
818 4524 1131 4598 ἐσπείσατο.
1170 4523 1272 4577 Sed
1304 4540 1475 4598 neque
1503 4523 1811 4598 booverisi:

246 4597 377 4652 mile
406 4591 509 4661 est,
550 4596 963 4651 Constantinum
998 4597 1089 4664 qui
1112 4609 1301 4649 omnes
1335 4591 1540 4661 imperii
1585 4591 1811 4645 Romani

243 4668 431 4736 copias
476 4666 740 4721 adversus
774 4666 969 4719 Persas
1020 4672 1658 4736 comeVt‘l‘iIt,_pi!Cenl
1689 4678 1811 4717 cum

244 4732 329 4792 eis
362 4737 579 4792 fecisse.
610 4736 957 4791 Contrarium
987 4746 1135 4790 certe
1158 4734 1389 4788 allirmat
1416 4732 1584 4786 Rufus
1619 4732 1814 4787 Festus

246 4807 403 4875 cujus
426 4806 587 4861 verba
626 4806 879 4875 superius
910 4805 1212 4871 retulimus,
1241 4815 1295 4858 et
1326 4803 1811 4875 Eutropius‘atque

247 4870 505 4933 Aurelius
524 4870 730 4931 Victor.
758 4874 1008 4930 Socrates
1038 4870 1216 4929 tamen
1248 4889 1433 4942 pacem
1464 4870 1587 4927 cum
1609 4870 1813 4935 Persis,

248 4948 337 5002 vel
366 4959 518 5002 certe
545 4945 790 5001 inducias
830 4944 1002 4998 factas
1030 4946 1196 5000 fuisse
1229 4946 1424 4998 innuit.

320 5017 439 5088 (44)
475 5017 607 5071 Ἐπὶ
651 5016 902 5080 τούτοις.
936 5015 1065 5088 Quis
1095 5031 1198 5069 non
1229 5016 1373 5088 videt
1398 5016 1512 5068 haec
1540 5012 1608 5066 ab
1639 5011 1811 5088 aliena

250 5083 762 5143 manu'concinnata
814 5086 972 5140 esse?
1023 5083 1204 5154 Neque
1233 5085 1375 5139 enim
1403 5099 1523 5139 cum
1566 5083 1813 5154 sequenti

246 5158 429 5230 capite
453 5157 764 5230 ullomodo
812 5150 1185 5230 conveniunt:
1209 5154 1263 5208 In
1313 5155 1413 5208 hoc
1455 5154 1631 5230 capite
1681 5150 1816 5230 Con-

244 5225 521 5283 stantinus
544 5228 745 5281 dicitur
775 5227 1006 5294 cmpisse
1049 5225 1319 5280 aediﬁcare
1374 5226 1629 5294 templum
1672 5225 1818 5291 Apo-

248 5298 516 5354 stolorum
550 5307 668 5366 post
709 5297 823 5351 dies
856 5295 1075 5350 Pascha:
1128 5296 1252 5350 anni
1285 5294 1410 5349 357.
1456 5294 1510 5349 In
1568 5295 1815 5364 sequenti

251 5378 432 5424 autem
464 5368 664 5438 capite,
702 5367 934 5438 quodab
973 5367 1203 5438 Eusebio
1239 5366 1499 5438 scriptum
1533 5379 1814 5438 essecon-

247 5449 380 5506 stat,
414 5436 669 5509 templum
696 5438 822 5491 illud
839 5437 949 5506 jam
970 5437 1278 5509 absolutum
1311 5436 1752 5509 ceruilur._Atqui
1785 5449 1814 5487 ιι

252 5505 443 5564 diebus
460 5505 682 5564 Paschte
714 5505 883 5577 usque
918 5508 981 5560 ad
1006 5506 1383 5569 Pentecosten,
1411 5521 1517 5577 qua
1550 5505 1638 5560 die
1669 5519 1814 5577 mor-

254 5589 377 5633 tuus
417 5590 503 5633 est
552 5575 961 5639 Constaniinus,
996 5578 1083 5630 vix
1124 5577 1317 5630 humus
1352 5576 1494 5645 egeri
1544 5575 1713 5645 potuit
1750 5577 1816 5627 ad

254 5650 602 5704 fundamenta
649 5648 830 5717 templi
875 5647 1146 5717 jacienda.
1183 5645 1416 5701 Proinde
1461 5661 1683 5717 necesse
1710 5655 1813 5717 est,

178 5733 195 5777 ξ
255 5729 315 5771 ut
344 5720 598 5787 templum
625 5716 885 5788 llludldiu
914 5729 1043 5772 ante
1077 5725 1309 5788 carptum
1341 5717 1501 5773 fuerit
1534 5716 1811 5773 mdiﬁcari.

188 5802 210 5843 ³.
264 5788 391 5846 Vide
420 5799 581 5860 caput
611 5787 678 5842 56
701 5787 856 5859 hujus
890 5788 1036 5844 libri.

1918 4503 2098 4581 capite
2129 4509 2197 4563 ’55
2238 4509 2306 4562 τὰ
2342 4503 2516 4581 ’ἐκτὸς
2564 4505 2796 4581 δώματα
2824 4513 2980 4581 vocat
3008 4503 3291 4559 exteriora
3349 4510 3489 4556 tecta

1915 4575 2172 4639 basilicae.
2201 4582 2386 4647 Itaque
2431 4575 2700 4649 δωμάτιον
2730 4577 2847 4649 Ahic
2872 4575 3086 4649 videtur
3123 4587 3246 4649 esse
3285 4581 3485 4649 tectum

1918 4656 2082 4709 totius
2109 4642 2368 4713 basilicae,
2389 4649 2475 4702 vel
2513 4642 2671 4702 'certe
2696 4645 2901 4713 altaris.
2944 4642 3222 4712 Ejusmodi
3256 4652 3397 4696 tecta
3430 4642 3486 4695 iu

1914 4725 2061 4779 orbis
2089 4722 2326 4789 speciem
2356 4712 2635 4772 aedificata
2665 4733 2764 4789 nos
2789 4712 2943 4789 Galli
2967 4713 3233 4781 hodieque
3269 4714 3483 4789 domata

1916 4783 2189 4847 vocamus.
2223 4789 2392 4844 Porro
2415 4792 2480 4842 de
2518 4786 2697 4854 templi
2723 4783 3108 4854 Apostolorum
3136 4783 3488 4848 magniﬁcen-

1916 4864 1990 4918 tia
2036 4857 2514 4930 Gregoriuswl‘iaz.
2548 4859 2601 4911 in
2631 4852 2886 4910 carmine
2918 4857 2985 4908 de
3032 4852 3301 4907 insonmio
3337 4854 3483 4906 Ana-

1916 4933 2098 4988 stasiae
2133 4929 2206 4985 ita
2242 4929 2472 4984 scribit:

1915 5004 2040 5058 Σὺν
2062 5001 2185 5067 τοῖς
2215 5001 2313 5053 καὶ
2345 4996 2732 5068 μεγάλαυχον
2755 4994 2888 5068 ἕδος
2921 4990 3192 5061 Χριστοῖο
3211 4988 3491 5068 μαθητῶν

1991 5063 2276 5141 πλευραῖς
2313 5063 2755 5141 οῖταυροτύποις
2791 5064 3043 5141 τέτραχα
3085 5063 3467 5141 “properam

1956 5160 1959 5163 '
1988 5143 2045 5199 Id
2078 5130 2184 5207 est,
2220 5130 2287 5193 Et
2326 5130 2662 5207 magniﬁcum
2687 5130 2932 5203 templum
2964 5130 3177 5207 Christi
3206 5130 3493 5207 discipulo.

1917 5230 2056 5280 rum,
2083 5201 2313 5284 qudtuqr
2346 5201 2601 5284 lateribus
2620 5201 2928 5284 distinctum
2946 5207 3000 5258 in
3035 5204 3205 5284 crucis
3243 5201 3487 5270 formant.

1921 5273 2233 5353 Hujusinodi
2262 5281 2435 5334 forma
2466 5279 2604 5353 olim
2631 5277 2877 5353 ecclesia:
2903 5273 3488 5353 construebantut-Lut

1917 5338 2122 5409 not'avit
2145 5354 2429 5408 Gretserus
2464 5352 2517 5405 in
2547 5350 2702 5404 Iibrls
2726 5346 2801 5400 De
2833 5362 3008 5409 cruce,
3033 5342 3247 5397 Marcus
3275 5342 3330 5396 in
3371 5338 3489 5394 Vita

1920 5426 2093 5502 “vel?
2123 5421 2433 5502 ρρτρίιμνίίς

1988 5494 2101 5565 (47)
2122 5478 2377 5565 Τῆςτῶν
2397 5491 2756 5565 ἀποστόλων
2768 5482 3154 5565 προσρήσεως
3176 5478 3487 5565 κοινωνός.

1916 5548 2119 5622 Alludit
2152 5548 2417 5619 Eusebius
2458 5560 2525 5615 ad
2572 5548 3151 5627 cegnotneututnjllud
3197 5548 3491 5627 ίσαποστό-

1916 5621 2031 5697 λου,
2063 5651 2175 5705 quo
2205 5645 2323 5705 post
2356 5642 2585 5705 mortem
2626 5621 2851 5684 a'tl‘ectus
2875 5636 2959 5705 est
2986 5621 3399 5705 (gonstantinus,
3433 5631 3494 5705 ut

1917 5697 2117 5778 legitur
2154 5697 2452 5759 ἱιῖΜοηεείε
2494 5701 2827 5778 Gnecorum:
2856 5697 3021 5778 _ngd
3064 5701 3487 5778 cognomentum

1919 5761 2104 5834 nescio
2125 5791 2223 5832 cur
2254 5785 2533 5842 tantopere
2554 5772 2601 5827 ei
2645 5761 2910 5825 inviderit
2957 5761 3198 5837 Scaliger
3225 5764 3283 5821 in
3315 5761 3412 5819 lib.
3451 5773 3488 5817 ν
