3926 6264
389 298 523 356 ιειι

1089 294 1364 352 EUSEBll
1393 292 1945 366 cmsammsxso

2049 335 2059 350 .
2099 292 2290 350 PARS
2316 293 2360 350 Ι.
2397 321 2470 334 -ο
2504 290 2894 348 HlSTORlCA.

3480 289 3626 344 HF}.

390 419 748 491 prospiciens,
764 424 835 472 ut
859 429 1058 488 corpus
1094 431 1250 472 suum
1279 427 1620 472 communem
1655 433 1775 474 cum
1821 431 1945 490 apo;

2049 417 2110 472 τὸ
2161 415 2352 471 ἑαυτοῦ
2408 414 2604 487 σκῆνος
2661 411 2796 484 μετά
2867 409 3094 464 θάνατον
3160 407 3406 480 προνοῶν
3455 407 3628 480 ὑπερ-

391 511 552 568 stolis
613 511 1024 582 appellationem
1077 519 1197 578 post
1229 511 1434 564 obitum
1465 513 1794 565 sortiretur:
1845 526 1953 580 quo

391 605 601 660 scilicet
627 603 1003 677 precationnm
1031 617 1149 672 quae
1184 603 1238 658 in
1260 603 1536 659 'honorem
1576 604 1950 672 apostolorum

391 695 466 751 ihi
487 694 820 752 celebrandae
839 705 1016 760 erant,
1039 696 1202 751 etiam
1223 708 1465 752 mortuus
1487 697 1753 766 particeps
1776 697 1948 754 ﬁeret.

390 789 524 845 Cum
555 788 718 858 igitur
733 787 1016 842 duodecim
1045 785 1156 841 illic
1173 802 1385 858 capsas,
1408 789 1559 858 quasi
1589 803 1771 844 sacras
1791 803 1952 858 quas-

391 879 514 932 dam
548 876 830 932 columnas
856 878 908 931 in
937 879 1197 935 honorem
1231 893 1296 934 ac
1322 879 1638 935 memoriam
1668 879 1948 947 apostolici

390 971 600 1044 collegii
635 972 917 1036 erexisset,
953 989 1106 1028 suam
1134 974 1301 1044 ipsius
1331 989 1513 1028 arcam
1545 973 1596 1026 in
1627 973 1802 1026 medio
1820 987 1950 1026 con-

389 1065 586 1129 stituit,
614 1078 732 1133 qua:
767 1070 927 1120 senas
957 1066 1210 1136 utrinque
1239 1064 1606 1134 apostolorum
1621 1080 1809 1134 capsas
1837 1064 1950 1120 dis-

391 1155 590 1226 positas
627 1155 878 1210 habebat.
939 1155 1114 1224 Atque
1162 1156 1212 1209 id
1246 1157 1298 1209 in
1341 1172 1406 1211 eo
1455 1155 1574 1211 loco
1608 1155 1696 1209 ubi
1753 1171 1950 1225 corpus

388 1247 560 1314 ipsius
593 1257 714 1316 post
769 1258 996 1302 mortem
1055 1248 1316 1302 decenter
1359 1247 1732 1318 deponendum
1765 1257 1946 1312 esset,

387 1339 736 1394 solertissime
759 1339 1014 1409 providit.
1037 1339 1244 1394 llisille
1263 1338 1352 1393 diu
1380 1349 1538 1393 antea
1560 1339 1740 1409 sagaci
1771 1349 1949 1392 mente

391 1428 688 1498 dispositis,
731 1429 899 1484 aedem
949 1429 1206 1498 apostolis
1235 1429 1622 1494 consecravit,
1657 1443 1754 1498 pro
1798 1437 1947 1484 certo

386 1519 487 1575 sibi
516 1520 868 1588 persuadens,
913 1520 1104 1574 horum
1131 1520 1446 1574 memoriam
1476 1535 1580 1573 non
1612 1535 1802 1590 parum
1837 1521 1947 1574 uti-

385 1611 560 1666 litatis
595 1612 788 1667 anitnae
813 1627 923 1666 sua;
954 1627 1076 1668 esse
1115 1611 1428 1666 allaturam.
1485 1610 1596 1667 Nec
1631 1626 1758 1666 vero
1810 1611 1948 1668 Deus

385 1720 508 1760 eum
551 1713 676 1759 voto
731 1713 891 1774 atque
945 1703 1351 1773 exspectatione
1379 1718 1476 1758 sua
1509 1702 1807 1758 frustratus
1839 1713 1942 1760 est.

2054 509 2320 582 ϐαλλούσῃ
2348 507 2580 570 πίστεως
2608 504 2884 578 προθυμίᾳ
2907 497 3250 574 γεγενῆσθαι,
3292 501 3368 565 ὡς
3419 499 3484 554 ἂν
3527 501 3625 553 xa‘t

2056 602 2194 674 μετά
2232 600 2500 672 τελευτὴν·
2531 597 2726 670 ἁξιῷτο
2763 596 2871 651 τῶν
2904 595 3146 649 ἐνταυθοί
3175 591 3483 666 μελλουσῶν
3528 591 3627 644 ἐπὶ

2049 697 2182 767 τιμῇ
2236 693 2344 748 τῶν
2385 692 2691 748 ἀποστόλων
2741 687 3105 743 συντελεῖσθαι
3156 687 3353 760 εὐχῶν.
3402 683 3626 738 Δώδεκα

2049 785 2094 840 δ’
2123 781 2214 840 οῦν
2247 782 2436 838 αὐτόθι
2463 783 2633 854 θήκας
2655 823 2670 847 ,
2697 780 2898 834 ὡσανεὶ
2931 779 3128 852 στήλας
3152 777 3331 848 ἱερὰς,
3367 777 3460 830 ἐπὶ
3486 776 3623 845 τιμῇ

2051 876 2146 930 καὶ
2181 877 2370 948 μνήμῃ
2399 875 2492 928 τοῦ
2521 875 2630 928 τῶν
2655 870 2964 928 ἀποστόλων
2987 871 3205 941 ἐγείρας
3227 865 3414 940 χοροῦ,
3449 867 3617 938 μέσην

2051 969 2214 1022 ἐτίθει
2244 969 2343 1040 τὴν
2372 965 2564 1022 ἑαυτοῦ
2589 966 2750 1031 αὐτὸς
2782 965 3026 1038 λάρνακα
3061 960 3202 1032 (48),
3238 957 3308 1033 ἧς
3339 957 3615 1029 ἑκατέρωι

2051 1059 2140 1114 θεν
2161 1060 2268 1115 τῶν
2293 1059 2602 1114 ἀποστόλων
2627 1059 2728 1112 ἀνὰ
2754 1057 2814 1122 ἒξ
2837 1057 3115 1110 διέκειντο.
3154 1054 3262 1106 Καὶ
3284 1052 3446 1106 τοῦτο
3467 1049 3622 1119 γοῦν,

2049 1153 2308 1225 ὼςέφην,
2349 1151 2583 1224 σώφρονι
2621 1149 2862 1220 λογισμῷ
2887 1189 2902 1213 ,
2948 1147 3074 1201 ἔνθα
3121 1144 3269 1216 αὐτῷ
3310 1144 3374 1197 τὺ
3423 1143 3624 1213 σκῆνος

2049 1244 2429 1316 τελευτήσαντι
2470 1243 2560 1297 τὸν
2606 1243 2714 1314 βίον
2763 1239 3052 1312 εὐπρεπῶς
3092 1237 3275 1308 μέλλοι
3319 1233 3626 1288 διαναπαύ-

2049 1335 2226 1402 εσθαι,
2255 1337 2494 1390 ἐσκόπει.
2535 1335 2671 1388 Ἀλλ’
2692 1337 2721 1388 ὁ
2748 1335 2865 1405 μὲν,
2891 1333 2955 1386 ἐκ
2987 1328 3197 1402 μακροῦ
3218 1329 3313 1382 καὶ
3339 1325 3624 1398 πρόπαλαι

2047 1427 2126 1498 τῷ
2173 1426 2417 1500 λογισμῷ
2465 1427 2638 1482 ταῦτα
2688 1423 3172 1498 πρυτανευόμενος,
3226 1419 3456 1491 ἀφιέρου
3504 1419 3624 1480 τοῖς

2049 1521 2364 1585 ἀποστόλοις
2407 1519 2498 1574 τὸν
2545 1519 2701 1585 νεὼν,
2753 1516 3020 1588 ὠφέλειαν
3065 1514 3242 1585 ψυχῆς
3295 1510 3624 1582 ὀνησιφόρον

2049 1614 2145 1686 τὴν
2188 1612 2354 1667 τῶνδε
2399 1613 2617 1684 μνήμην
2655 1609 2924 1664 ποιεῖσθαι
2955 1605 3102 1676 αὐτῷ
3139 1602 3448 1658 πιστεύωνο
3484 1600 3625 1664 Θεὸς

2049 1703 2106 1756 δὲ
2156 1703 2315 1757 αὐτὸν
2354 1703 2448 1756 καὶ
2494 1701 2604 1756 τῶν
2650 1702 2768 1755 κατ’
2803 1699 2966 1771 εὐχὰς
3000 1694 3476 1770 προσδοκηθέντων
3520 1693 3626 1746 οὐκ

387 1794 520 1850 Nam
538 1811 658 1851 cum
682 1796 886 1864 primas
903 1793 1173 1865 paschalis
1200 1794 1318 1848 festi
1349 1793 1766 1849 exercitationes
1783 1795 1945 1849 oblis-

2049 1795 2296 1867 ἀπηξίου.
2333 1795 2420 1858 Ὧς
2444 1793 2552 1865 γὰρ
2579 1793 2676 1858 τὰς
2709 1791 2929 1864 πρώτας
2959 1791 3058 1860 τῆς
3088 1789 3180 1843 τοῦ
3204 1787 3398 1857 Πάσχα
3423 1785 3652 1858 ἐορτῆς’

385 1897 494 1954 set,
517 1888 800 1958 ipsumque
829 1887 1135 1941 Servatoris
1167 1886 1338 1940 nostri
1361 1885 1528 1952 diem,
1559 1897 1672 1941 tum
1701 1887 1801 1942 sibi
1833 1897 1944 1942 tum

385 1979 506 2034 aliis
543 1979 794 2034 omnibus
825 1977 1006 2032 laetum
1039 1985 1202 2046 atque
1233 1975 1458 2032 hilarem
1477 1977 1798 2033 reddidisset
1818 2018 1834 2045 ,
1863 1979 1948 2035 his

384 2072 534 2128 illum
573 2072 736 2126 rebus
769 2070 1056 2136 intentum,
1102 2079 1155 2125 et
1215 2073 1266 2124 in
1323 2069 1628 2140 huiusmodi
1693 2071 1948 2141 operibus

385 2170 708 2231 perstantem
743 2175 913 2231 usque
957 2162 1022 2215 ad
1052 2161 1254 2214 exitum
1310 2161 1456 2228 vitze,
1489 2161 1630 2218 Deus
1661 2164 1812 2234 cujus
1851 2178 1949 2218 au-

383 2251 512 2305 xilio
545 2260 739 2305 cuncta
801 2250 1046 2320 gerebat,
1101 2259 1408 2320 opportune
1463 2253 1675 2306 tandem
1721 2267 1846 2308 eum
1879 2255 1946 2309 ad

384 2343 660 2396 meliorem
693 2350 893 2397 sortem
929 2343 1230 2396 transferre
1253 2343 1504 2413 dignatus
1528 2353 1631 2399 est.

870 2433 1028 2505 557
1061 2434 1290 2509 CAPUT
1319 2434 1452 2489 LXI.

451 2525 795 2596 Imperatori:t
818 2527 1108 2598 tamunde.
1127 2597 1133 2598 ί
1150 2537 1196 2578 et
1233 2528 1498 2598 orationes
1543 2526 1872 2598 Helenopoli.

801 2596 934 2650 Item
984 2597 1048 2649 de
1089 2597 1200 2664 ejus
1243 2597 1520 2667 baptismo.

451 2687 724 2758 Principio
745 2690 962 2757 quidem
986 2689 1266 2758 inaequalis
1327 2688 1574 2759 corporis
1621 2692 1942 2762 tetnperies;

380 2759 616 2848 posthaec
651 2781 874 2836 morbus
907 2795 1029 2835 eum
1077 2783 1295 2836 invasit.
1330 2781 1510 2851 Itaque
1543 2782 1609 2836 ad
1648 2759 1819 2853 aquas
1853 2799 1946 2838 ca-

379 2869 522 2925 lidas
559 2871 798 2927 civitatis
845 2888 958 2926 sua:
1017 2887 1357 2943 progressus,
1413 2875 1534 2928 inde
1577 2872 1942 2942 Helenopolim

381 2965 594 3020 delatus
614 2978 718 3029 est,
749 2966 936 3020 urbem
979 2967 1168 3020 matris
1196 2981 1308 3020 sua;
1346 2967 1562 3021 nomine
1583 2965 1898 3036 appellatam
1925 2985 1940 3021 :

379 3057 564 3126 ibique
592 3057 646 3111 in
680 3055 875 3124 templo
924 3069 1216 3126 martyrum
1249 3057 1338 3111 diu
1373 3069 1757 3123 commoratus,
1815 3073 1944 3126 snp-

379 3147 702 3220 plicationes
721 3155 776 3199 et
798 3161 986 3216 preces
1015 3146 1206 3200 obtulit
1231 3148 1359 3200 Deo.
1383 3145 1626 3214 Cntnque
1642 3159 1940 3201 extremum

379 3242 506 3295 vitae
536 3241 675 3294 diem
711 3241 812 3294 sibi
839 3239 950 3309 jam
979 3239 1262 3293 imminere
1298 3241 1546 3306 sentiret,
1582 3251 1789 3308 tempus
1825 3253 1941 3297 tan.

382 3331 505 3385 dem
535 3330 723 3384 adesse
755 3329 1102 3396 existimavit,
1131 3345 1238 3398 quo
1268 3330 1430 3384 totius
1466 3331 1590 3385 vita:
1627 3332 1819 3386 delicta
1849 3348 1943 3386 ex-

385 3421 594 3490 piaret,
632 3419 940 3474 ﬁrmissime
971 3419 1196 3472 credens
1217 3459 1232 3483 ,
1265 3434 1603 3490 quzccunque
1635 3421 1946 3479 humanitus

379 3515 738 3584 peccavisset,
784 3526 1109 3568 arcanorum
1141 3512 1429 3567 verborum
1475 3514 1710 3569 elIicacia
1751 3527 1807 3570 et
1851 3533 1942 3570 sa-

381 3605 548 3660 lutari
587 3605 804 3661 lavacro
829 3605 1048 3676 penitus
1076 3621 1194 3660 esse
1228 3605 1474 3661 delenda.
1504 3605 1627 3661 Hac
1654 3623 1773 3660 cum
1803 3608 1942 3684 apud

379 3713 440 3755 8e
462 3705 786 3768 reputasset,
821 3713 956 3768 genu
980 3698 1116 3755 ﬂexo
1145 3699 1290 3762 humi
1327 3697 1708 3768 procumbens,
1734 3701 1943 3754 veniam

382 3848 458 3901 De
497 3850 856 3904 emendatione
881 3862 1193 3918 temporum,
1218 3860 1277 3905 ut
1301 3851 1446 3906 dicat
1477 3852 1702 3905 multum
1735 3853 1942 3908 detrahi

384 3920 630 3990 delattde
667 3931 723 3974 et
759 3921 930 3990 gloria
972 3923 1359 3988 apostolorum.
1389 3938 1510 3976 cum
1555 3938 1740 3976 eorum
1786 3938 1944 3976 voca-

382 3989 564 4042 bulum
593 3987 950 4044 Constantino
987 3987 1264 4046 tribuitur.
1300 3995 1457 4046 Certe
1489 3993 1737 4060 quisquis
1783 4007 1946 4047 acm-

381 4070 496 4132 rate
527 4059 820 4132 inspexerit
853 4078 973 4130 qua:
999 4077 1028 4113 a
1059 4062 1412 4132 Constantino
1437 4059 1517 4116 ad,
1541 4067 1944 4132 propagandam

378 4127 576 4186 Christi
607 4127 958 4203 lidemrges'tai
975 4144 1120 4192 sunt,
1145 4130 1400 4203 fatebitur
1425 4127 1658 4203 omnino
1683 4127 1739 4184 id
1752 4150 1948 4203 cogno-

378 4213 502 4253 men
550 4201 741 4258 merito
775 4201 848 4254 illt
878 4202 1318 4255 delatuml’uisse.
1353 4202 1505 4266 Quod
1552 4204 1596 4257 si
1649 4201 1847 4257 Thecla
1892 4205 1945 4258 id

379 4279 800 4338 cognomentum
837 4271 1036 4323 mereri
1071 4273 1262 4336 potuit,
1295 4286 1454 4338 quam
1487 4272 1716 4327 Basilius
1755 4274 1946 4328 Selen-

380 4335 583 4413 cie'nsis
627 4335 840 4413 aliique
882 4335 1230 4413 ίσαπὸστολον
1280 4335 1682 4407 cognominant,
1741 4357 1969 4413 quanto-

383 4411 576 4482 potiori
619 4407 742 4475 jure
791 4411 857 4482 id
892 4411 1248 4482 Gottstantino
1304 4413 1590 4478 tribuetur,
1640 4407 1940 4482 per-quem

383 4463 584 4530 iactum
605 4463 792 4538 (istaut
821 4463 1112 4533 Christiani
1157 4497 1297 4533 nunc
1320 4463 1736 4538 ortiImsSitrtits!
1976 4463 2018 4517 D

383 4547 650 4620 Eusebius
697 4551 883 4620 iisdem
933 4565 1116 4602 rursus
1154 4552 1335 4604 verbis
1384 4553 1554 4605 utitur
1596 4554 1646 4604 in
1693 4569 1814 4620 cap.
1853 4554 1942 4618 7|,

382 4619 542 4692 intra.
574 4619 774 4692 Auctor
808 4619 1058 4692 Synodici
1102 4621 1324 4688 loquens
1362 4621 1433 4692 de
1464 4626 1668 4692 synodo
1707 4619 1939 4686 Niczpna,

379 4688 805 4762 ξςωνσταντῖνος,
835 4691 864 4742 ὁ
897 4693 954 4744 ἐν
985 4691 1327 4762 Χριστιανοῖς
1351 4688 1656 4762 βασιλεῦσιν
1691 4693 1945 4748 Ἀπόστο-

381 4755 492 4820 λος.
520 4757 694 4822 Atque
725 4762 796 4812 ita
827 4755 1118 4815 dicitttr'in
1157 4755 1686 4819 cilicio'Grtccorum
1740 4767 1826 4821 die
1873 4767 1938 4820 21

380 4827 842 4902 Μεμ-ἰέιυιγιςτςζίιιιι-
872 4833 922 4902 in
958 4831 1149 4902 Typico
1180 4834 1238 4886 ὃ.
1274 4833 1450 4886 Sabte.

425 4881 562 4972 flia)
597 4881 829 4966 mgni?
863 4881 1235 4968 ἐξίὸὲἶὲἦῖ
1257 4881 1474 4956 an};
1519 4904 1810 4972 λάρνακα.
1875 4909 1947 4962 At

379 4969 819 5038 Cbrysostomus,
851 4972 1068 5026 humilia
1091 4973 1164 5026 26
1237 4973 1291 5025 in
1341 4973 1511 5039 Epist.
1565 4969 1610 5033 ll
1649 4977 1718 5029 ad
1751 4975 1944 5031 Corin-

381 5041 544 5111 thios,
593 5053 712 5110 pag.
747 5041 876 5103 741,
914 5043 990 5094 ait
1037 5043 1450 5098 Constantinum
1482 5047 1744 5111 st-pultum
1781 5048 1945 5102 fuisse

381 5109 433 5162 in
464 5109 725 5185 vestibulo
759 5115 890 5170 redis
917 5111 1322 5180 Apostolorum,
1353 5117 1517 5185 quasi
1535 5109 1721 5168 eorum
1744 5117 1946 5185 ianito-

381 5181 734 5254 remaidqne
776 5194 1064 5250 exaggerat
1119 5199 1218 5238 suo
1272 5198 1439 5238 more.
1479 5183 1604 5238 llazc
1657 5181 1820 5254 igitur
1871 5189 1943 5242 ita

380 5251 672 5306 conciliare
707 5263 940 5320 oportet,
977 5263 1033 5306 nt
1065 5255 1452 5308 Constantinus
1507 5251 1722 5323 quidem
1778 5259 1944 5310 cada-

384 5335 478 5392 ver
511 5337 667 5374 suum
713 5323 763 5374 in
799 5325 974 5377 medio
1009 5325 1388 5392 Apostolorum
1427 5327 1638 5379 humari
1669 5326 1898 5380 voluerit
1927 5347 1942 5382 :

381 5389 730 5464 gon~ta_ntius
758 5407 905 5458 vero,
936 5409 1029 5447 SPII
1058 5389 1181 5464 uuis
1229 5394 1392 5453 alius.
1424 5395 1474 5448 id
1507 5395 1630 5448 alibi
1665 5395 1943 5454 locaverit.

381 5457 540 5514 Certe
567 5461 807 5517 Zonaras
853 5457 1472 5531 seribit,'Constantium
1523 5465 1690 5532 patris
1719 5469 1798 5521 sui
1865 5469 1948 5520 fu.-

385 5543 484 5583 aus
512 5533 830 5606 deposuisse
879 5539 930 5588 in
967 5535 1164 5605 templo
1195 5534 1572 5604 Apostolorum
1607 5535 1657 5589 in
1684 5539 1944 5606 peculiari

384 5604 817 5673 porticutquam
845 5606 910 5658 ad
950 5604 1179 5673 idipSum
1213 5615 1582 5660 exstruxerant.

453 5669 566 5740 (49)
604 5672 754 5742 Vulg.
791 5673 861 5728 ἐν
909 5669 1097 5742 τούτῳ
1143 5673 1339 5739 τέλος.
1376 5674 1433 5730 1n
1478 5677 1616 5730 libro
1666 5677 1842 5732 Morari
1881 5679 1948 5734 le-

384 5740 528 5806 gitur
552 5740 758 5808 τέλους,
791 5755 846 5801 et
895 5755 1018 5799 ante
1052 5740 1210 5811 illam,
1234 5758 1420 5801 vocem
1471 5749 1764 5806 asteriscus
1787 5753 1941 5820 pouiu

1968 3120 2010 3175 C

2050 1886 2380 1959 συνεπλήρου
2402 1886 2682 1953 ἀσκήσεις,
2709 1885 2804 1956 τήν
2829 1901 2888 1937 τε
2911 1883 3174 1954 σωτήριον
3202 1879 3460 1950 διήγαγεν
3480 1875 3625 1948 ἡμέ-

2049 1997 2166 2051 ραν,
2201 1977 2456 2050 λαμπράν
2487 1975 2635 2047 αὐτῷ
2657 1993 2717 2029 τε
2746 1977 2838 2029 καὶ
2871 1977 2982 2039 τοῖς
3017 1975 3149 2028 πᾶσι
3181 1973 3278 2043 τὴν
3303 1969 3497 2043 ἑορτὴν
3523 1986 3628 2022 κα-

2045 2071 2432 2143 ταφαιδρύνας,
2469 2070 2526 2122 ὲν
2569 2069 2740 2138 τούτῳ
2793 2067 2952 2139 μέχρι
2985 2066 3170 2129 τέλους
3203 2063 3314 2135 (49)
3342 2060 3440 2134 τὴν
3472 2059 3625 2132 ζωὴν
3717 2127 3728 2134 .

2046 2165 2330 2220 διανύοντα
2359 2163 2452 2217 καὶ
2481 2163 2538 2216 ὲν
2570 2160 2778 2223 τούτοις
2800 2160 2949 2224 ὂντα,
2977 2159 3109 2221 Θεὸς
3134 2146 3178 2224 ᾧ
3199 2153 3374 2210 ταῦτα
3403 2153 3626 2216 συνεξε-

2045 2259 2206 2324 τέλει,
2235 2257 2378 2312 κατά
2398 2255 2588 2329 καιρὸν
2609 2255 2860 2327 εὔκαιρον
2877 2253 2977 2324 τῆς
3011 2252 3161 2315 θείας
3176 2247 3267 2304 ἐπὶ
3283 2249 3346 2303 τὸ
3371 2251 3629 2320 κρεῖττον

2050 2351 2396 2424 μεταϐάσεως
2425 2349 2582 2404 αὐτὸν
2615 2349 2787 2419 ἠξίου.

2551 2439 2944 2495 ΚΕΦΑΛΛΙΟΝ
2978 2436 3098 2493 EA’.

2057 2534 2378 2604 Ἀνωμαλία
2400 2533 2670 2604 σώματος
2695 2533 2764 2585 ἐν
2784 2530 3196 2604 illisa-036.18“
3231 2527 3330 2583 καὶ
3360 2539 3629 2596 προσευ-

2393 2605 2514 2671 χαὶ,
2539 2602 2636 2657 καὶ
2667 2603 2798 2671 περὶ
2823 2602 3261 2669 βαπτίσματος.

2114 2694 2324 2750 Γίνεται
2349 2695 2392 2746 δ’
2418 2695 2563 2765 αὐτῷ
2589 2693 2776 2766 πρώτη
2802 2712 2886 2758 τις
2909 2691 3190 2764 ἀνωμαλία
3214 2689 3308 2744 τοῦ
3341 2686 3622 2758 σώματοςο

2045 2781 2156 2840 Εἶτ’
2185 2781 2278 2840 οῦν
2325 2787 2566 2850 κάκωσις
2613 2785 2704 2837 ἐπὶ
2745 2784 2805 2838 τὸ
2841 2783 2972 2838 αὐτὸ
3007 2781 3327 2856 συμϐαίνει·
3381 2779 3626 2834 κᾶπειτα.

2041 2879 2141 2948 τῆς
2185 2876 2349 2931 αὐτοῦ
2387 2877 2593 2941 πόλεως
2637 2878 2730 2931 ἐπὶ
2772 2875 2971 2948 λουτρά
3000 2874 3217 2946 θερμῶν
3249 2871 3458 2926 ὑδάτων
3486 2869 3628 2942 πρό-

2043 2983 2201 3032 εισιν,
2247 2967 2397 3020 ἐνθεν
2434 2984 2495 3020 τε
2529 2966 2628 3036 τῆς
2655 2965 2818 3022 αὐτοῦ
2849 2964 3052 3037 μητρὸς
3087 2963 3180 3016 ἐπὶ
3203 2962 3302 3033 τὴν
3329 2957 3626 3028 ἐπώνυμον

2043 3059 2347 3127 ἀφικνεῖται
2369 3057 2540 3113 πόλιν.
2567 3055 2861 3110 Κάνταῦθα
2883 3055 2961 3126 τῷ
2980 3054 3087 3108 τῶν
3113 3053 3405 3125 μαρτύρων
3429 3051 3628 3121 εὐκτη-

2047 3149 2146 3220 ρίῳ
2173 3149 2516 3222 ὲνδιατρίψας
2541 3147 2694 3220 οἴκῳ,
2727 3147 3032 3220 ίκετηρίους
3061 3145 3224 3216 εὐχάς
3253 3160 3312 3196 τε
3343 3145 3441 3196 καὶ
3471 3141 3599 3196 λιτα

2044 3241 2189 3305 νείας
2216 3241 2496 3314 ἀνέπεμπε
2535 3240 2613 3312 τῷ
2638 3239 2777 3312 Θεῷ.
2819 3239 3033 3311 Ἐπειδὴ
3066 3239 3122 3292 δὲ
3151 3241 3230 3300 εἰς
3261 3237 3473 3292 ἔννοιαν
3494 3235 3625 3305 ἥκει

2041 3335 2139 3404 τῆς
2165 3321 2259 3387 τοῦ
2295 3333 2408 3402 βίου
2449 3323 2705 3403 τελευτῆς
2724 3373 2739 3396 ,
2773 3332 3088 3403 καθάρσεως
3117 3329 3302 3383 τοῦτον
3328 3322 3468 3382 εἶναι
3494 3343 3623 3378 και-η

2045 3425 2137 3499 ρδν
2163 3425 2271 3480 τῶν
2295 3442 2423 3478 ποτε
2451 3423 2598 3494 αύτῷ
2625 3423 2988 3495 πεπλημμελη
2998 3421 3171 3492 μένων
3193 3421 3302 3474 δεῖν
3324 3419 3464 3490 ᾤετο
3483 3419 3622 3489 (50),

2042 3520 2140 3572 ὅσα
2173 3511 2262 3570 οἷα
2293 3515 2472 3586 θνητῷ
2498 3516 2814 3588 διαμαρτεῖν
2847 3514 3046 3586 ἐπῆλθε
3067 3555 3081 3580 ,
3111 3511 3260 3566 ταῦτ’
3295 3510 3626 3582 ἀπορρύψα-

2045 3608 2168 3663 σθαι
2194 3609 2291 3680 τῆς
2317 3607 2516 3679 ψυχῆς,
2543 3607 2713 3676 λόγων
2737 3607 3061 3678 ἀπορρήτων
3084 3605 3330 3675 δυνάμει,
3367 3603 3626 3672 σωτηρίῳ

2043 3719 2107 3772 γε
2145 3701 2286 3773 λόγῳ
2314 3699 2537 3772 λουτροῦ
2565 3699 2675 3773 (51)
2698 3739 2712 3764 ,
2749 3699 3066 3764 πιστεύσας.
3097 3697 3268 3752 Τοῦτό
3294 3715 3375 3751 τοι
3405 3697 3624 3767 διανοη-

2047 3869 2154 3930 tnr;
2207 3859 2328 3930 lego
2378 3858 2548 3930 igitur
2602 3859 2659 3930 ἐν
2703 3858 2877 3930 τούτῳ
2941 3858 3099 3930 μέχρι
3126 3857 3314 3930 τέλους
3341 3857 3443 3930 τὴν
3477 3855 3624 3926 ζωὴν

2045 3929 2346 3985 διανύοντα.
2375 3929 2544 3984 Porro
2570 3929 2658 3984 hic
2691 3929 2984 3985 asteriscns
3012 3929 3169 3984 tidem
3204 3929 3332 3982 facit
3370 3929 3620 3981 lacunam

2048 4000 2190 4054 hanc
2214 4016 2276 4054 ex
2308 4000 2494 4068 aliquo
2515 4001 2698 4055 codice
2732 4001 3104 4068 manuscripto
3131 3999 3436 4068 suppletam
3464 4011 3609 4050 esse.

2046 4067 2413 4124 Nihilominus
2439 4081 2615 4124 tamen
2655 4071 2812 4125 valde
2841 4067 3052 4131 dubito,
3100 4086 3166 4125 ne
3205 4085 3269 4122 ex
3301 4067 3620 4135 conjectura

2046 4139 2343 4209 cujuspiam
2373 4139 2471 4193 viri
2507 4141 2648 4194 docti
2675 4142 2788 4196 haec
2811 4143 2973 4194 etiam
3001 4141 3238 4206 profecta
3269 4139 3400 4194 sint.
3437 4137 3624 4209 Neque

2045 4205 2406 4262 enim—oratio
2454 4210 2583 4263 mihi
2637 4213 2852 4264 videtur
2905 4205 3037 4262 satis
3095 4210 3309 4272 Graeca,
3347 4209 3410 4261 ὲν
3443 4205 3622 4275 τούτῳ

2049 4279 2150 4350 τὴν
2173 4279 2316 4350 ζωὴν
2363 4278 2644 4334 διανύοντα
2691 4282 2786 4334 καὶ
2835 4283 2890 4334 ὲν
2923 4280 3131 4344 τούτοις
3162 4279 3311 4342 ὄντα,
3346 4280 3626 4350 cum‘ha’c

2048 4347 2232 4421 inepta
2273 4347 2364 4403 ‘sit
2411 4353 2678 4421 repetitio.
2733 4351 3052 4418 Mallemqne
3087 4351 3310 4403 omnino
3372 4347 3622 4421 scribere

2047 4418 2389 4490 διανύσαντα.
2423 4418 2526 4475 Séd
2556 4423 2719 4475 verba
2749 4438 2866 4490 (inae
2899 4424 3144 4488 leguntur
3171 4421 3222 4473 in
3253 4421 3360 4472 line
3391 4419 3620 4490 lacuna!)

2047 4488 2202 4560 longe
2242 4491 2496 4556 majorem
2537 4487 2895 4560 suspicionem
2931 4487 3147 4544 movent
3178 4510 3191 4542 :
3224 4488 3507 4560 κάνταῦθα
3537 4487 3618 4557 τῷ

2042 4559 2151 4634 τῶν
2187 4561 2478 4634 μαρτύρων
2507 4559 2788 4634 μαρτυρίῳ
2814 4559 3348 4634 ἐνδιατρίψαςμοῖκῳ.
3379 4559 3623 4611 Primum

2043 4629 2401 4704 enim,inepta
2458 4629 2656 4686 locutio
2692 4629 2775 4686 est
2821 4629 3098 4704 μαρτυρίῳ
3129 4629 3446 4704 οῖκῳίριιιι
3476 4643 3626 4704 sem-

2043 4714 2140 4774 per
2194 4703 2246 4774 in
2301 4712 2492 4757 neutro
2547 4717 2746 4774 genere
2804 4700 3102 4774 μαρτύριον
3151 4700 3296 4754 dicat
3329 4700 3622 4774 Eusebius.

2047 4771 2247 4844 Deinde
2279 4789 2376 4826 cur
2406 4771 2697 4844 μαρτύρων
2730 4774 2782 4827 in
2809 4771 3035 4844 plurali
3061 4787 3287 4825 numero
3320 4771 3504 4824 dixit?
3533 4771 3617 4844 At!

2043 4839 2461 4914 pluribus‘simul
2487 4839 2889 4914 inartyribus‘ea
2911 4843 3129 4914 basilica
3146 4851 3462 4914 consecrata
3481 4839 3627 4914 erat?

2045 4911 2174 4984 Erat
2209 4911 2521 4984 Helenopoli
2569 4909 2794 4984 ittsignis
2847 4914 3068 4968 basilica
3106 4911 3360 4984 Luciano
3387 4909 3618 4978 martyri

2046 4983 2244 5052 dicata.
2277 4983 2331 5036 In
2365 4985 2464 5036 hac
2509 4982 2694 5052 igitur
2729 4984 3114 5040 Constantinus
3163 4997 3286 5036 cum
3317 4982 3386 5034 ah
3418 4985 3624 5052 Aquis-

2045 5051 2247 5122 tjalidis
2275 5054 2496 5122 rediret,
2520 5051 2783 5109 orationis
2805 5054 2976 5122 gratia
3006 5054 3314 5108 diversatus
3342 5062 3446 5122 est.
3472 5051 3620 5114 Qua—

2051 5137 2106 5198 re
2132 5121 2224 5175 τοῦ
2255 5121 2529 5198 μάρτυρος
2561 5121 2845 5198 dicendum
2874 5134 3013 5186 erat,
3042 5139 3146 5175 non
3175 5137 3306 5177 vero
3334 5121 3444 5174 τῶν
3463 5135 3623 5198 μαρ-

2045 5189 2405 5263 τύρωνίηαιο
2433 5189 2556 5249 cum
2588 5197 2954 5263 scripsissem,
2988 5202 3178 5246 nactus
3207 5207 3326 5246 sum
3375 5189 3623 5263 codiceni

2047 5260 2426 5333 Fttkfliallum,
2456 5266 2546 5333 qui
2585 5260 2769 5318 veram
2801 5263 2958 5331 hujus
3007 5263 3107 5318 loci
3137 5263 3460 5333 scripturam
3495 5260 3628 5333 reti-

2047 5332 2180 5414 nnit.
2215 5334 2308 5414 Sic
2344 5329 2488 5414 enim
2536 5335 2716 5414 habet,
2752 5333 2830 5404 τῷ
2867 5329 3300 5414 τῶν-μαρτύρων
3347 5329 3628 5414 εὐκτηρίῳ

2045 5400 2387 5474 ἐνδιατρίψας
2421 5404 2574 5474 οἴκῳ.
2623 5405 2677 5458 In
2724 5400 2911 5458 eodem
2959 5400 3100 5474 libro
3136 5400 3331 5474 legitur
3356 5403 3420 5474 έν

2045 5467 2240 5536 τέλους
2262 5467 2381 5528 sine
2411 5467 2596 5528 lacuna
2628 5493 2642 5529 ε
2677 5475 2802 5528 item
2831 5473 2964 5539 Θεὸς
2991 5467 3036 5541 ᾧ
3059 5467 3232 5526 ταῦτᾶ
3267 5467 3624 5536 ξυνεξετέλειτ

2117 5543 2229 5614 (50)
2261 5543 2396 5598 Δεῖν
2424 5541 2589 5608 ᾤετο.
2625 5545 2979 5600 Scribendum
3009 5547 3220 5598 videtur
3249 5544 3527 5596 διενοεῖτο.

2118 5548 2206 5614 (50
2261 5548 2396 5598 Δεῖν
2424 5548 2589 5608 ᾤετο.
2625 5548 2979 5600 Scribendum
3009 5548 3220 5598 videtur
3249 5548 3527 5596 διενοεῖτο.

2118 5548 2232 5685 (5ίί
2265 5615 2434 5685 Λόγῳ
2457 5615 2736 5684 λουτροῦ.
2768 5617 3126 5685 Scribendum
3181 5624 3310 5685 puto
3363 5609 3625 5685 σωτηρίῳ

2046 5699 2106 5736 τε
2130 5681 2372 5756 λουτρῷ.
2406 5681 2558 5750 Quid.
2573 5681 2718 5741 enim
2747 5686 2988 5756 sibivult
3013 5684 3168 5752 λόγος
3194 5681 3443 5756 λουτροῦ,

2049 5755 2232 5809 sertim
2261 5751 2382 5811 cuin
2411 5767 2568 5811 antea
2587 5756 2784 5813 dixerit
2807 5753 2980 5825 λόγων
3005 5751 3336 5827 ἀπορρήτων
3365 5751 3628 5824 δυνάμειῗ
