3926 6264
395 294 536 352 12ὶό

1502 295 1594 350 DE
1630 295 1792 349 VITA
1830 295 2285 352 CONSTANTINI
2321 297 2447 353 LIB.
2487 296 2576 353 Ν.

3497 299 3631 356 ΙΞΗ

393 414 506 478 θεὶς
529 454 540 476 ,
584 413 712 484 γόνυ
747 413 932 477 κλίνας
962 414 1048 465 ἐπ’
1076 412 1337 482 ἐδάφους,
1392 415 1574 486 ἱκέτης
1606 415 1848 484 ἐγίγνετο
1881 416 1968 469 τοῦ

2081 434 2109 471 a
2145 419 2254 474 Deo
2304 418 2530 488 supplex
2572 417 2835 487 poposcit,
2894 426 3115 489 peccata
3149 400 3243 473 sua
3275 418 3538 476 conﬁtens
3582 422 3633 476 in

393 507 561 570 Θεοῦ,
590 508 647 560 ὲν
688 505 835 576 αὐτῷ
872 504 949 575 τῷ
980 505 1262 578 μαρτυρίῳ
1288 505 1768 578 ἐξομολογούμενος
1790 548 1804 571 ,
1839 508 1965 562 ἔνθα

392 601 457 672 δὴ
498 601 593 655 καὶ
630 599 844 672 πρῶτον
874 597 981 671 (52)
1013 598 1121 652 τῶν
1159 599 1245 652 διὰ
1278 600 1613 671 χειροθεσίας
1656 601 1826 673 εὐχῶν
1854 603 1963 669 (55)

392 694 641 767 ἡξιοῦτο’
681 691 919 764 μεταϐὰς
957 692 1003 746 δ’
1035 692 1187 748 ἔνθεν
1210 734 1225 758 ,
1275 694 1367 745 ἐπὶ
1399 695 1715 768 προάστειον
1746 698 1845 767 τῆς
1872 697 1967 747 Νι-

392 786 674 859 κομηδέων
708 785 1013 853 ἀφικνεῖται
1052 786 1291 849 πόλεως,
1325 785 1602 839 κάνταῦθα
1630 787 1965 856 συγκαλέσας

392 881 518 943 τοὺς
548 877 900 942 ἐπισκόπους,
934 871 1037 931 ὧδέ
1072 895 1147 947 πη
1180 879 1363 942 αὐτοῖς
1394 878 1683 943 διελέξατο.

908 1016 1307 1073 ΚΕΦΑΛΑΙΟΝ
1337 1016 1454 1068 ΞΒ”.

394 1106 849 1161 Κωνσταντίνου
873 1105 1022 1175 πρὸς
1043 1106 1413 1170 ἐπισκόπους
1434 1105 1564 1171 περὶ
1589 1101 1966 1173 μεταδόσεως

762 1176 870 1229 τοῦ
902 1176 1160 1245 λουτροῦ
1193 1175 1594 1244 παράκλησις.

467 1306 487 1341 t
513 1281 683 1352 Οὗτος
725 1283 793 1359 ἦν
826 1288 988 1351 αὐτὸς
1028 1290 1056 1341 ὁ
1096 1287 1263 1342 πάλαι
1304 1304 1396 1359 μοι
1430 1286 1649 1357 διψῶντι
1685 1288 1778 1340 καὶ
1815 1286 1966 1355 εὐχο-

396 1378 540 1451 μένῳ
568 1382 667 1449 τῆς
704 1382 761 1432 ὲν
792 1378 910 1449 Θεῷ
941 1382 1121 1449 τυχεῖν
1166 1379 1439 1449 σωτηρίας
1462 1418 1476 1441 ,
1520 1378 1709 1448 καιρὸς
1753 1376 1967 1439 ἐλπιζὸ-

396 1485 585 1542 μενοςο
624 1468 741 1541 ὥρα
775 1470 869 1523 καὶ
901 1471 1046 1540 ἡμᾶς
1086 1468 1391 1523 ἀπολαῦσαι
1436 1471 1532 1540 τῆς
1575 1466 1963 1522 ἁθανατοποιοῧ

391 1646 448 1720 in
479 1644 757 1720 veteribus
785 1645 997 1701 schedis
1046 1644 1244 1720 legitur
1266 1646 1522 1717 σωτηρίῳ
1550 1646 1786 1720 λουτρῷ,
1822 1647 1961 1717 quod

391 1717 550 1788 plane
572 1717 1314 1788 confirmaremendationem
1345 1728 1606 1788 nostram.

2073 513 2190 580 ipso
2222 511 2485 582 martyrio
2513 529 2527 565 :
2556 525 2664 579 quo
2697 510 2747 563 in
2789 509 2910 564 loco
2951 525 3202 563 manuum
3242 511 3631 579 impositionem

2072 619 2195 657 cum
2228 602 2457 658 solemni
2492 604 2806 671 precatione
2839 602 3071 670 primum
3116 603 3313 656 meruit
3362 602 3629 673 accipere-

2070 694 2210 751 Hinc
2250 698 2316 751 ad
2363 695 2679 750 suburbana
2732 693 3058 749 Nicomediae
3089 694 3391 764 digressus,
3435 707 3636 750 convo-

2071 790 2208 846 catis
2260 790 2552 861 episcopis,
2575 788 2654 844 sic
2685 789 2751 842 ad
2783 802 2877 845 eos
2902 786 3249 843 verba-fecit.

2631 998 2859 1067 CAPUT
2911 1009 3071 1064 Lxu.

2079 1104 2279 1169 Quibus
2313 1105 2480 1158 verbis
2532 1105 2912 1157 Constantinus
2954 1104 3230 1171 postularit
3277 1105 3340 1157 ab
3382 1102 3633 1174 episcopis

2387 1186 2440 1227 ut
2476 1176 2789 1243 baptismum
2842 1175 2942 1227 sibi
2997 1174 3312 1241 conferrent.

2146 1304 2164 1337 ι
2194 1284 2305 1341 Hoc
2321 1294 2440 1341 erat
2461 1296 2670 1356 tempus
2689 1287 2828 1356 quod
2850 1288 3163 1356 jamdudum
3189 1290 3493 1356 sperabam,
3512 1303 3631 1343 cum

2072 1377 2375 1431 incredibili
2424 1379 2722 1446 cupiditate
2779 1380 3057 1443 arderem,
3096 1383 3346 1449 votisque
3382 1380 3634 1435 omnibus

2070 1469 2439 1525 desiderarem
2470 1470 2699 1525 salutem
2733 1471 2784 1525 in
2816 1471 2927 1526 Deo
2957 1473 3241 1541 consequi.
3270 1471 3389 1527 1am
3428 1482 3636 1542 tempus

2066 1649 2193 1718 Quis
2241 1648 2429 1703 credat
2452 1648 2832 1717 imperatorem
2860 1650 3267 1706 Constantinum
3294 1651 3361 1703 ad
3386 1650 3437 1703 id
3462 1663 3637 1717 usque

2076 1719 2336 1786 temporis
2359 1719 2799 1774 catechumenum
2824 1737 2927 1777 non
2955 1720 3148 1784 fuisse,
3196 1734 3313 1773 cum
3341 1732 3395 1774 et
3422 1719 3637 1774 Nicaeno

464 1786 577 1859 (52)
611 1786 793 1859 Ἔνβα
847 1785 921 1859 δὴ
966 1785 1066 1859 arcti
1117 1786 1381 1859 πρῶτονῖ
1403 1786 1502 1859 Hic
1532 1787 1680 1859 locus
1710 1797 1968 1843 attentam

2074 1785 2306 1843 concilio
2338 1788 2671 1852 interfuerit,
2719 1801 2775 1844 et
2822 1800 2901 1845 tot
2948 1790 3091 1859 leges
3132 1804 3196 1843 ac
3245 1790 3505 1857 rescripta
3538 1804 3637 1857 pro

317 1853 328 1862 ’
393 1857 450 1912 in
473 1853 679 1927 primis
713 1853 933 1927 lectoris
964 1853 1300 1927 diligentiam
1350 1855 1573 1927 flagitat.
1603 1858 1679 1911 Ex
1727 1874 1792 1912 eo
1823 1861 1964 1913 enim

396 1941 590 1995 magna
629 1925 719 1978 illa
749 1926 816 1979 de
859 1925 1196 1981 Constantini
1227 1926 1493 1993 baptismo
1516 1929 1744 1996 quaestio
1766 1928 1961 1996 dijudi-

394 1999 507 2051 cari
540 1995 698 2049 facile
724 2005 918 2063 potest.
946 1998 1038 2049 Ait
1061 1998 1225 2066 igitur
1260 1995 1964 2053 EusebiusConstantinum

394 2069 774 2134 imperatorem
827 2077 955 2119 tunc
992 2067 1225 2134 primum
1257 2082 1516 2120 manuum
1568 2068 1964 2136 impositionem

394 2150 519 2191 cum
567 2136 792 2190 solemni
829 2137 1144 2204 precatione
1189 2138 1239 2188 in
1267 2136 1495 2190 ecclesia
1540 2140 1880 2206 suscepisse;
1914 2141 1966 2192 id

393 2216 475 2261 est
503 2221 611 2259 uno
660 2206 849 2268 verbo;
876 2216 1003 2259 tunc
1050 2206 1284 2273 primum
1331 2207 1533 2260 factum
1560 2222 1683 2262 esse
1714 2212 1965 2263 catechu—

393 2291 636 2348 menum.
671 2274 815 2348 Nam
842 2278 1215 2330 catecbmneni
1269 2289 1367 2344 per
1415 2290 1607 2331 manus
1663 2279 1967 2348 impositio-

392 2362 518 2402 nem
549 2346 747 2399 ﬁebant
773 2346 839 2399 ab
869 2348 1144 2414 episeopo,
1182 2354 1238 2398 ut
1272 2348 1428 2400 docet
1460 2362 1632 2402 canon
1661 2364 1712 2401 v1
1742 2346 1965 2403 concilii

391 2416 728 2470 Arelatensis
758 2432 773 2469 :
809 2432 829 2466 ι
860 2416 932 2469 De
954 2418 1035 2469 bis
1071 2415 1161 2483 qui
1193 2416 1245 2468 iu
1279 2416 1591 2472 inﬁrmitate
1617 2420 1844 2473 credere
1876 2433 1969 2470 vo-

391 2484 533 2544 lunt.
562 2485 766 2553 placuit
796 2486 878 2541 eis
909 2486 1107 2539 debere
1138 2501 1352 2539 manum
1386 2487 1645 2555 imponi.»
1675 2488 1814 2541 Idem
1842 2502 1969 2541 san-

391 2557 559 2610 citum
587 2564 671 2609 est
692 2569 813 2624 cap.
845 2556 915 2611 59
955 2555 1171 2610 concilii
1222 2555 1535 2610 Eliberitani
1565 2574 1580 2610 τ
1613 2576 1630 2608 ι
1650 2555 1891 2612 Gentiles
1921 2559 1967 2612 si

392 2627 448 2679 in
487 2625 803 2680 inﬁrmitate
833 2626 1262 2680 desideraverint
1311 2625 1413 2679 sibi
1464 2642 1686 2681 manum
1728 2630 1965 2693 imponi;

394 2698 441 2751 si
481 2695 645 2749 fuerit
677 2710 865 2750 eorum
894 2710 961 2766 ex
1000 2696 1179 2763 aliqua
1210 2704 1365 2766 parte
1409 2696 1518 2749 vita
1572 2698 1817 2762 honesta,
1849 2697 1965 2766 pla-

392 2765 608 2821 cuiteis
635 2780 855 2819 manum
893 2765 1118 2833 imponi,
1163 2774 1221 2819 et
1272 2765 1387 2819 ﬁeri
1437 2766 1791 2821 Christianos.
1817 2765 1965 2833 »ραι

392 2837 611 2904 quidem
641 2850 813 2889 canon
846 2833 1226 2898 Eliberitanus,
1267 2845 1328 2888 ut
1382 2836 1436 2889 id
1467 2838 1643 2891 obiter
1696 2852 1964 2902 moneam,

391 2905 528 2961 nihil
585 2905 729 2959 aliud
784 2919 903 2960 esse
954 2906 1165 2958 videtur
1216 2920 1378 2974 quam
1417 2908 1687 2975 expositio
1740 2908 1967 2962 canonis

394 2976 771 3031 Arelatensis:
801 2975 944 3043 quod
984 2984 1038 3029 et
1086 2975 1138 3028 in
1170 2976 1290 3029 aliis
1319 2976 1436 3042 ejus
1462 2978 1676 3031 concilii
1714 2978 1967 3045 capitulis

393 3060 624 3116 cernere
648 3045 795 3099 licet.
832 3045 904 3099 De
924 3046 1112 3099 eodem
1126 3046 1245 3116 ritu
1284 3046 1533 3100 locusest
1562 3047 1787 3101 illustris
1820 3049 1959 3116 apud

2071 1859 2396 1926 Christianis
2435 1860 2682 1923 ediderit,
2718 1869 2796 1914 tot
2831 1863 3089 1914 ecclesias
3122 1861 3473 1927 exstruit-erit,
3504 1874 3637 1927 gen—

2072 1928 2196 1983 tiles
2221 1933 2286 1982 ad
2318 1929 2715 1997 suscipiendam
2750 1932 2905 1984 fidem
2948 1930 3147 1985 Christi
3177 1926 3427 1984 omnibus
3462 1926 3636 1983 modis

2068 1999 2400 2061 incitaverit,
2445 2008 2500 2052 et
2556 2000 2840 2053 haereticos
2871 2016 2935 2053 ac
2983 2000 3361 2054 schismaticos
3399 1997 3638 2052 basilicis

2069 2069 2182 2125 suis
2210 2067 2563 2136 spoliaverit?
2597 2068 2756 2123 Certe
2801 2071 3054 2124 omnibus
3081 2069 3369 2123 Christiani
3405 2068 3638 2122 hominis

2068 2137 2257 2194 ofﬁciis
2302 2153 2423 2193 eum
2459 2138 2799 2207 perfunctum
2836 2138 3001 2194 fuisse
3059 2150 3285 2193 testatur
3339 2138 3625 2195 Eusebius.

2071 2208 2204 2263 Nam
2266 2217 2318 2261 et
2370 2208 2592 2277 jejuniis
2648 2218 2808 2278 atque
2851 2211 3184 2264 orationibus
3238 2224 3381 2278 eum,
3415 2222 3637 2262 vacasse

2071 2279 2284 2350 scribit,
2319 2286 2373 2331 et
2405 2278 2711 2334 Dominicos
2762 2281 2875 2333 dics
2916 2295 2978 2333 ac
3026 2290 3322 2350 martyrum
3365 2277 3629 2350 festaicc-

2072 2348 2344 2414 lebrasse;
2379 2360 2724 2416 pernoctasse
2745 2350 2905 2402 etiam
2937 2350 2989 2402 in
3022 2346 3217 2416 vigiliis
3243 2348 3481 2401 Pascbae.
3511 2346 3632 2400 Haec

2068 2418 2248 2472 omnia
2303 2428 2356 2472 et
2405 2417 2571 2471 multo
2627 2420 2799 2472 adhuc
2829 2419 2980 2487 plura
3012 2434 3128 2485 qua:
3160 2417 3341 2471 afferri
3373 2427 3622 2485 possent,

2070 2488 2482 2543 Constantinum
2511 2489 2762 2556 gentilem
2796 2505 2902 2542 non
2931 2488 3095 2542 fuisse
3125 2489 3489 2550 convincunt;
3535 2488 3631 2540 sed

2070 2559 2320 2612 eumdem
2351 2555 2796 2612 catechumenum
2839 2558 3006 2613 fuisse
3050 2575 3156 2613 non
3192 2566 3442 2626 arguunt.
3472 2555 3634 2609 Certe

2071 2630 2123 2682 in
2161 2628 2246 2683 his
2298 2637 2529 2697 quatuor
2564 2628 2780 2681 Eusebii
2829 2629 3003 2692 libris,
3057 2628 3251 2696 quibus
3278 2626 3634 2697 Constantini

2070 2700 2244 2768 pietas
2292 2695 2345 2753 et
2395 2697 2582 2766 religio
2609 2698 2937 2765 celebratur,
2966 2695 3232 2767 nusquam
3276 2695 3474 2768 legitur
3499 2695 3638 2768 Con—

2072 2765 2370 2823 stantinum
2401 2769 2454 2819 in
2504 2765 2734 2821 ecclesia
2787 2784 2911 2822 cum
2962 2765 3181 2837 reliquis
3229 2765 3637 2820 catechumenis

2071 2853 2263 2904 preces
2299 2838 2518 2901 fecisse,
2550 2853 2652 2891 nec
2695 2848 3092 2891 sacramentum
3123 2838 3635 2891 catecltumeuorum

2070 2903 2389 2976 percepisse.
2420 2907 2661 2974 Cumque
2684 2908 2748 2961 de
2784 2908 2984 2961 llelena
3029 2911 3270 2975 Augusta
3302 2916 3472 2959 matre
3498 2903 3634 2973 imp.

2069 2975 2407 3032 Constantini
2450 2978 2501 3033 id
2530 2980 2728 3031 diserte
2787 2977 3015 3030 afﬁrmet
3070 2977 3356 3040 Eusebius,
3411 2989 3531 3029 eam
3582 2975 3635 3029 in

2072 3048 2301 3101 ecclesia
2324 3063 2446 3101 cum
2482 3048 2705 3111 reliquis
2736 3048 3048 3101 mulieribus
3105 3046 3440 3111 constitisse;
3501 3060 3636 3097 nun-

396 3115 990 3198 Sulpiciuinﬁeverupt
1024 3118 1076 3169 in
1097 3115 1336 3198 Pin/oga
1366 3132 1403 3169 ιι
1437 3116 1514 3170 De
1536 3118 1811 3198 miraculis
1842 3113 1968 3198 son-
1996 3140 2038 3196 ε
2072 3128 2449 3198 quam-tamen
2492 3117 2958 3198 tie-Constantino
2992 3118 3132 3170 idetn
3156 3116 3236 3198 ab
3288 3116 3378 3198 illo
3406 3113 3633 3198 .dictuni

394 3188 467 3241 αἱ
497 3185 740 3250 Martini,
784 3200 909 3255 cap.
935 3186 969 3241 5
1001 3203 1016 3241 :
1052 3203 1070 3236 t
1097 3185 1380 3240 Postremo
1432 3189 1608 3240 cuncti
1641 3188 1962 3241 catervatim

395 3257 464 3310 ad
494 3270 666 3323 genua
692 3255 835 3311 beati
867 3256 968 3309 viri
996 3269 1152 3326 ruere
1181 3266 1484 3325 cmperunt,
1520 3257 1752 3311 fideliter
1778 3267 1963 3326 postu-

395 3327 592 3391 lantes,
631 3335 690 3380 ut
724 3341 818 3380 eos
870 3326 1072 3381 faceret
1119 3324 1487 3381 Christianos.
1516 3327 1627 3380 Nec
1659 3324 1962 3393 cunctatus,

395 3397 452 3452 in
476 3398 677 3463 medio,
705 3406 766 3451 ut
790 3406 932 3461 erat,
960 3411 1173 3460 campo,
1204 3409 1431 3450 cunctos
1460 3397 1710 3465 imposita
1750 3398 1965 3450 univcr-

393 3468 472 3522 sis
525 3482 686 3521 tnanu
725 3468 1144 3521 catechumenos
1191 3467 1338 3520 fecit.
1366 3486 1384 3518 ι
1421 3467 1561 3520 Idem
1629 3468 1679 3520 in
1714 3467 1850 3523 libro
1891 3484 1904 3519 I
1941 3483 1956 3519 :

400 3555 422 3588 ι
447 3536 614 3591 Nemo
642 3538 775 3601 fere,
805 3537 1000 3606 inquit,
1030 3552 1094 3590 ex
1125 3538 1345 3590 immani
1377 3537 1465 3590 illa
1490 3537 1833 3591 multitudine
1864 3536 1966 3590 fuit

395 3608 701 3677 gentilium,
727 3607 823 3677 qui
861 3623 988 3671 non,
1020 3608 1366 3676 impositione
1401 3621 1591 3661 manus
1634 3607 1961 3674 desiderata,

398 3675 453 3732 in
487 3675 768 3731 Dominum
797 3675 978 3730 Jesum
1021 3678 1209 3730 relicto
1251 3677 1541 3745 impietatis
1566 3692 1754 3730 errore
1784 3677 1963 3729 credi-

397 3748 605 3802 derit.)
640 3748 1174 3817 Augustinusctiatn
1208 3747 1259 3799 in
1300 3748 1393 3801 lib.
1450 3762 1488 3800 tt
1528 3746 1601 3799 De
1636 3756 1965 3817 peccatorum

397 3814 750 3880 remissione;
767 3832 886 3888 cap.
934 3815 1006 3869 26
1037 3833 1051 3888 ς
1093 3835 1110 3867 ι
1136 3815 1252 3869 Νοιι
1285 3818 1590 3869 uniusmodi
1618 3814 1698 3869 est
1725 3814 1968 3868 sanctiﬁ-

396 3888 559 3941 catio.
593 3888 726 3941 Nam
775 3897 831 3940 et.
882 3887 1300 3941 catechumenos
1328 3888 1622 3939 secundum
1679 3888 1965 3954 quemdam

399 3959 620 4040 modum
648 3973 802 4039 suum
849 3972 946 4040 per
983 3958 1194 4025 signum
1227 3958 1481 4040 crﬂtteiset
1520 3956 1818 4040 ora-tionem
1852 3970 1968 4027 nta-

398 4044 503 4082 nus
532 4024 898 4097 impositionis
934 4024 1440 4097 putosanctilicari.
1465 4044 1483 4075 ι
1526 4026 1630 4097 Sed
1672 4024 1967 4097 et__l‘etrtts

399 4095 770 4168 Cbrysologus
794 4095 945 4152 idem
967 4096 1157 4168 scribit
1188 4098 1238 4148 in
1271 4111 1522 4168 sermone
1545 4096 1651 4149 ωε
1686 4113 1704 4145 ι
1728 4095 1862 4148 lliuc
1884 4105 1966 4148 est

400 4166 543 4237 quod
577 4166 800 4222 veniens
847 4184 914 4222 ex
966 4167 1234 4236 gentibus,
1270 4166 1615 4235 itupositione
1665 4180 1858 4237 manus
1914 4175 1969 4219 et

400 4235 723 4293 exorcistnis
747 4249 870 4291 ante
900 4254 929 4291 a
964 4235 1206 4290 daemone
1235 4247 1491 4306 purgatur
1511 4254 1525 4293 :
1544 4244 1599 4290 et
1633 4235 1966 4304 apertimtem

402 4310 616 4362 aurium
648 4310 898 4377 percipit,
945 4318 1001 4361 ιιι
1052 4308 1173 4359 fidei
1211 4322 1405 4375 capere
1437 4308 1608 4376 possit
1648 4306 1910 4359 auditum.
1943 4323 1962 4356 ι

403 4381 498 4435 Sic
526 4376 687 4433 etiam
729 4380 781 4431 in
811 4394 1059 4432 sermone
1089 4377 1189 4431 105
1217 4393 1229 4428 :
1274 4396 1291 4427 ι
1318 4377 1560 4446 Namque
1609 4386 1668 4429 ut
1717 4376 1969 4446 incurvus

400 4451 644 4519 peccatis
668 4450 885 4517 gentilis
915 4448 1160 4516 erigatur
1189 4448 1255 4500 ad
1287 4447 1509 4510 coelum,
1542 4447 1692 4515 prius
1726 4461 1754 4498 a
1783 4445 1969 4519 gentili

402 4514 501 4588 per
530 4514 930 4589 itttpositiottettt
961 4514 1216 4571 manuum
1254 4533 1484 4589 nequam
1514 4514 1737 4587 spiritus
1778 4514 1977 4584 effuga-

406 4586 512 4645 iur.
542 4608 562 4642 ›
603 4586 697 4644 His
743 4588 1112 4658 adjuugendns
1159 4599 1240 4641 est
1264 4586 1517 4658 Symeon
1544 4586 1972 4658 ’Mctapltrastes,

401 4663 495 4730 qui
532 4662 584 4714 iit
616 4662 767 4714 Actis
807 4657 1120 4730 Sanctorum
1173 4671 1473 4730 martyrum
1502 4657 1646 4713 ludis
1675 4666 1729 4711 et
1757 4657 1976 4710 Domine

403 4728 477 4785 ita
495 4732 688 4785 scribit
714 4732 779 4785 de
805 4730 1007 4800 Cyrillo
1030 4728 1327 4800 episcOpoi
1346 4748 1364 4779 (
1393 4728 1485 4781 llle
1505 4739 1684 4782 autem
1710 4742 1833 4781 cum
1863 4742 1977 4780 mo-

404 4804 594 4857 derate
623 4803 832 4856 divinas
856 4799 1235 4854 tsi-cecinisset
1265 4799 1593 4868 Scripturas,
1626 4809 1681 4852 et
1711 4812 1975 4851 veneran-

404 4875 470 4926 da
503 4872 705 4927 Christi
733 4886 893 4925 cruce
918 4885 1036 4924 eam
1071 4870 1431 4937 obsignasset,
1464 4879 1591 4923 tunc
1609 4869 1822 4938 quidem
1854 4882 1974 4920 eam

404 4942 537 4998 fecit
576 4943 1052 4997 catecltumenam.
1078 4957 1097 4990 ι
1138 4939 1379 5007 Denique
1407 4940 1617 4994 Marcus
1651 4941 1703 4992 in
1735 4939 1872 4991 libro
1903 4939 1977 4989 De

404 5016 512 5068 vita
546 5013 830 5081 Porphyrii
861 5010 1183 5065 Gazettstum
1231 5011 1458 5077 episcopi
1488 5026 1508 5064 :
1543 5028 1561 5060 ι
1593 5009 1687 5063 Die
1729 5009 1975 5081 sequenti

404 5078 667 5154 parentes
683 5078 929 5154 mulieris
949 5092 1002 5135 et
1032 5082 1248 5154 cognati
1277 5092 1469 5134 euntes
1492 5082 1558 5133 ad
1595 5080 1809 5134 beatum
1828 5078 1972 5154 iforu

406 5148 678 5227 phyriunt,
701 5152 1056 5227 prociderunt
1084 5148 1151 5204 ad
1176 5156 1292 5218 ejus
1320 5154 1508 5220 pedes,
1534 5161 1786 5227 petentes
1818 5148 1979 5227 Chrif

407 5222 863 5296 sti'signaculum.
898 5222 1096 5277 Beatus
1140 5235 1426 5296 vet-ecum
1470 5237 1566 5296 eos
1602 5222 1887 5288 signasset,
1925 5226 1980 5296 et

409 5290 627 5351 fecisset
652 5294 1095 5356 catechumenos,
1123 5292 1329 5345 dimisit
1358 5292 1476 5345 illos
1522 5294 1572 5345 in
1604 5306 1755 5360 pace,
1788 5290 1976 5358 praeci-

406 5369 561 5436 piens
590 5367 669 5421 eis
723 5374 781 5417 ut
832 5373 1098 5436 vacarent
1135 5374 1348 5436 sanctae
1391 5361 1650 5436 ecclesias.
1716 5361 1780 5436 Et
1814 5363 1975 5436 paulo

408 5429 525 5506 post
554 5453 675 5490 cum
707 5451 800 5490 eos
828 5434 1101 5489 catechesi
1133 5434 1475 5506 instituisset,
1505 5434 1818 5506 baptizavit.
1850 5450 1868 5481 ι
1900 5429 1976 5482 Ex

409 5504 493 5562 bis
525 5518 670 5577 patet
695 5511 1118 5577 catechumenos
1153 5505 1769 5577 fit)“biiletZQItatlbpef
1801 5504 1973 5577 impo-

405 5572 655 5632 sitionem
690 5592 882 5630 manus
908 5576 1035 5628 olim
1071 5575 1123 5626 in
1161 5572 1400 5627 Ecclesia
1435 5572 1606 5626 factos
1642 5575 1824 5627 fuisse.
1846 5572 1977 5624 Cum

409 5650 573 5717 igitur
606 5647 991 5701 Constantinus
1023 5653 1153 5717 tunc
1186 5646 1422 5717 primum
1467 5659 1662 5698 manus
1689 5642 1982 5712 impositio-

408 5715 529 5772 nem
568 5721 621 5772 in
658 5717 889 5771 ecclesia
915 5715 1190 5785 accepisse
1224 5716 1456 5780 dicatur,
1488 5725 1697 5769 constat
1729 5729 1853 5785 eum
1885 5727 1981 5785 ca-

413 5790 796 5844 techumcuuut
830 5783 1089 5853 ,uondunt
1142 5784 1328 5842 fuisse.
1377 5786 1484 5841 Sed
1535 5787 1678 5843 dicet
1733 5783 1976 5853 aliquis:

2074 3183 2335 3242 invenias.
2371 3188 2522 3253 Quod
2541 3189 2584 3242 si
2615 3188 2860 3256 objicias,
2891 3186 3301 3241 Constantinum
3325 3183 3637 3252 llelenopoii

2072 3257 2122 3310 in
2156 3268 2452 3327 martyrum
2499 3259 2697 3326 templo
2732 3259 3061 3310 diversatum
3092 3259 3292 3327 fuisse,
3335 3265 3388 3309 et
3443 3267 3635 3327 preces

2072 3328 2140 3381 ad
2178 3323 2342 3380 Deum
2379 3327 2579 3381 fudisse
2600 3323 2624 3389 ,⁷
2648 3329 2879 3396 primum
2908 3326 3205 3394 respondeo
3234 3326 3411 3379 litecin
3437 3323 3637 3396 nostris

2070 3398 2349 3452 codicibus
2374 3414 2477 3451 non
2507 3398 2629 3467 legi,
2649 3393 2720 3451 ἰιι
2747 3398 2903 3465 paulo
2920 3409 3074 3450 antea
3103 3396 3409 3450 observavi.
3434 3393 3636 3448 Deinde

2071 3468 2335 3522 ecclesias
2358 3468 2563 3535 ingredi
2600 3468 2796 3522 licebat
2842 3469 3006 3522 etiam
3060 3467 3370 3533 gentilibus,
3408 3471 3636 3530 excepto

2071 3539 2363 3591 missarum
2388 3544 2884 3607 tetnporezquanto
2916 3538 3085 3602 magis
3116 3537 3169 3590 id
3202 3537 3354 3607 licuit
3403 3535 3636 3607 impera-

2073 3607 2194 3670 tori,
2221 3608 2311 3674 qui
2341 3622 2398 3661 sc
2434 3604 2788 3662 christianum
2844 3608 3217 3675 profitebatur.
3271 3606 3406 3660 Cum
3469 3604 3636 3671 igitur

2074 3677 2337 3730 Eusebius
2369 3678 2455 3730 hic
2477 3687 2661 3745 aperte
2691 3674 2902 3741 doceat,
2943 3676 3378 3745 Constantinum
3399 3674 3632 3742 primum

2074 3745 2383 3814 lielenopoli
2411 3742 3012 3815 mamisimpositionem
3038 3759 3068 3797 a
3100 3742 3466 3798 sacerdotibus
3482 3756 3639 3796 acce-

2072 3819 2236 3886 pisse,
2267 3818 2421 3884 plane
2455 3814 2709 3877 ellicitur,
2748 3816 2895 3868 illum
2939 3823 3063 3886 ante
3096 3815 3219 3886 hoc
3254 3823 3463 3886 tempus
3492 3823 3639 3886 eate-

2073 3880 2401 3940 chunteitum
2466 3902 2571 3939 non
2620 3886 2805 3939 fuisse.
2850 3886 2975 3938 Scio
3020 3884 3373 3937 Athanasium
3419 3883 3472 3935 in
3511 3880 3636 3935 Vita

2073 3956 2246 4009 sancti
2267 3955 2506 4020 Antonii,
2542 3955 2631 4007 ubi
2660 3957 2725 4009 tle
2756 3955 2948 4008 litteris
2973 3969 3001 4006 a
3025 3954 3379 4007 Constantino
3406 3953 3471 4008 ad
3520 3952 3634 4004 An-

2058 4027 2277 4080 .tonium
2306 4027 2522 4094 scriptis
2552 4025 2806 4093 loquitur,
2849 4032 2903 4078 et
2935 4027 3290 4092 Augustinum
3327 4022 3380 4075 in
3408 4022 3636 4094 epistola

2075 4094 2178 4149 16?.
2208 4106 2263 4149 et
2297 4091 2430 4156 εδδ(
2450 4091 2860 4150 Constantinum
2884 4091 3177 4149 Christiani
3202 4093 3457 4163 principis
3481 4091 3637 4163 titulo

2076 4166 2337 4220 affecisse.
2370 4167 2474 4219 Sed
2506 4166 2816 4232 responderi
2854 4175 3047 4232 potest,
3084 4180 3178 4219 eos
3219 4166 3319 4218 hac
3355 4165 3409 4216 in
3437 4178 3495 4216 re
3524 4162 3640 4215 vul-

2075 4246 2257 4306 gatam
2293 4237 2533 4306 omnium
2567 4235 2875 4306 opinionem
2913 4249 2977 4289 ac
3007 4236 3200 4288 fatuam
3232 4244 3446 4306 secutos
3470 4247 3591 4286 esse
3617 4248 3632 4284 :

2074 4297 2123 4356 Et
2156 4304 2569 4357 Consutntinunt
2606 4297 2781 4369 palam
2811 4300 3181 4351 Christianum
3215 4297 3508 4364 principem
3542 4312 3636 4369 ap-

2074 4375 2335 4444 pellasse,
2353 4390 2455 4426 non
2482 4368 2622 4439 quod
2649 4372 2973 4444 Christiana:
3002 4369 3126 4444 fidei
3152 4369 3506 4444 sacramentis
3539 4368 3636 4444 ad-

2077 4438 2181 4497 huc
2227 4442 2469 4497 initiatus
2501 4438 2670 4505 esset,
2702 4444 2792 4495 sed
2828 4442 2951 4508 quia
3002 4439 3322 4492 Christianae
3360 4438 3634 4506 religionis

2004 4499 2051 4559 Ι)
2074 4516 2278 4570 Cultum
2305 4524 2487 4583 aperte
2514 4499 2881 4581 profitebatur.
2912 4510 3028 4562 Alia
3063 4524 3280 4577 quoqttc
3308 4499 3630 4583 longe'gra:

2073 4586 2191 4639 vior
2240 4575 2471 4652 objectio
2514 4575 2779 4636 adversus
2818 4590 3054 4652 uestram
3080 4575 3412 4652 Sententiam
3445 4575 3631 4652 afferri

2073 4664 2254 4725 potest
2278 4647 2341 4708 ei;
2368 4670 2486 4721 cap.
2517 4654 2583 4705 59.
2609 4654 2698 4706 lib.
2728 4670 2763 4708 ι,
2799 4651 2954 4718 cujus
2983 4649 3376 4725 liicesttitulus
3406 4647 3632 4725 ξξρπως

2073 4717 2400 4796 ἆιατηχηοεὶς
2440 4717 3009 4796 Koivs:1v'civo;,__elc.
3059 4720 3131 4771 Ex
3167 4733 3290 4796 ,ιιυο
3338 4717 3630 4796 colligitur,

2071 4786 2485 4851 Constantinum
2512 4795 2691 4845 statim
2718 4801 2837 4859 post
2860 4790 3002 4843 illam
3032 4789 3211 4842 crucis
3236 4788 3287 4839 in
3312 4788 3450 4841 caalo
3477 4786 3636 4859 visio-

2080 4882 2199 4921 nem
2232 4869 2432 4920 factum
2492 4880 2614 4920 esse
2666 4855 3134 4916 catechmnennm.
3184 4861 3288 4912 Sed
3347 4855 3642 4925 respondeo

2079 4938 2270 4990 titulos
2298 4937 2430 4990 istos
2462 4951 2564 4989 non
2600 4935 2667 4987 ab
2700 4934 2933 4987 Eusebio
2965 4930 3292 4999 compositos
3328 4923 3512 4987 fuisse,
3545 4923 3643 4978 sed

2079 5009 2148 5062 ab
2181 5010 2480 5061 recentiore
2511 5006 2710 5071 aliquo,
2758 5014 2813 5055 ut
2860 5017 3020 5070 supra
3054 5002 3488 5071 demonstratum
3511 5002 3638 5071 ‘cst.

2082 5079 2283 5131 Deinde
2332 5063 2661 5147 κατηχηθέίς
2697 5063 2785 5127 ibi
2833 5063 3063 5147 sun-titur
3096 5086 3214 5147 _pro
3239 5063 3640 5147 ιμαθητευθείς.

2079 5149 2239 5202 Certe
2264 5139 2546 5201 Eusebi-ns
2578 5150 2628 5199 in
2683 5154 2794 5198 toto
2846 5143 2936 5197 illo
2990 5142 3181 5212 capite,
3231 5139 3641 5212 Constantinum

2083 5221 2527 5272 catechumenum
2558 5218 2756 5269 factum
2791 5229 2910 5269 esse
2944 5210 3243 5287 nondicit,
3298 5210 3391 5287 sed
3422 5215 3641 5287 tantum

2084 5292 2364 5359 episcopos
2398 5289 2461 5342 ab
2491 5288 2581 5342 illo
2615 5296 2885 5359 evocatos,
2926 5285 3187 5336 rationem
3231 5275 3469 5359 caelestis
3499 5275 3643 5359 illius

2085 5349 2308 5415 visionis
2334 5361 2380 5413 ei
2433 5359 2754 5427 aperuisse:
2807 5358 2976 5425 ipsum
3026 5369 3152 5427 vero
3182 5352 3377 5405 exinde
3428 5349 3644 5402 lectioni

2083 5446 2358 5485 sacrorum
2394 5425 2723 5482 voluminum
2750 5441 2967 5499 operam
3002 5425 3232 5499 «fodisse.
3262 5490 3311 5499 ἡ.
3394 5492 3406 5499 _
3487 5488 3517 5499 η

2155 5501 2263 5566 (ὺὸ)
2309 5499 2431 5552 Τῶν
2458 5499 2554 5552 διὰ
2594 5487 2965 5568 χειροθὲσίας
3000 5492 3222 5568 sextos;
3259 5490 3449 5568 Sic‘in
3486 5487 3645 5568 lib._l

2087 5557 2337 5625 Historia:
2373 5557 2784 5636 Ecclesiastti'w,
2815 5557 3050 5636 capflﬁ,
3079 5557 3242 5635 ἔὺχάς
3277 5580 3337 5617 τε
3356 5562 3444 5618 διὰ
3466 5557 3647 5632 χειρὸς

2081 5641 2281 5698 λαϐών.
2319 5645 2397 5696 Ad
2431 5657 2593 5713 quem
2622 5642 2794 5695 locum
2834 5641 2953 5693 vide
2984 5653 3104 5707 qua:
3151 5636 3427 5713 adnotavi.
3471 5637 3649 5713 Augu-

2083 5718 2258 5768 stinus
2286 5714 2337 5766 in
2373 5700 2464 5768 lib:
2499 5727 2537 5768 tt
2574 5711 2645 5766 De
2677 5700 3019 5782 peccatoruni
3041 5709 3376 5782 remissione,
3404 5719 3524 5774 cap.
3551 5700 3644 5763 35a

2084 5796 2240 5843 vocat
2272 5786 2570 5840 orationem
2605 5780 2792 5839 manus
2824 5780 3204 5851 intpositiouis.
