3926 6264
442 275 584 333 1247

1532 278 1618 332 DF.
1665 277 1820 330 VITA
1859 276 2315 335 CONSTANTINI
2356 280 2482 337 LIB.
2527 281 2620 338 IV.

3560 297 3697 356 1218

441 393 633 467 (avoc,
669 395 928 466 ἠγάλλετο
969 397 1046 466 τῷ
1081 395 1349 466 πνεύματι
1384 395 1493 468 (6|)
1521 435 1534 459 ,
1584 395 1926 448 ἅνεκαινοῦτό
1956 413 1986 447 τ

2122 397 2324 452 riorum
2355 400 2675 468 participem
2696 417 2816 457 eum
2837 403 3038 461 fecere.
3064 404 3222 463 Solus
3243 407 3408 478 igitur
3423 426 3487 465 ex
3516 417 3698 469 omni-

439 485 532 539 καὶ
567 486 743 554 φωτὸς
785 486 1152 557 ἐνεπίμπλατο
1195 487 1364 549 θείου,
1400 487 1606 557 χαίρων
1649 489 1746 556 μὲν
1775 488 1839 556 τῇ
1868 485 2012 556 ψυχῇ

435 574 503 630 δι’
529 576 832 649 ὑπερϐολὴν
864 578 1114 640 πίστεως,
1151 577 1211 630 τὸ
1245 577 1288 629 δ’
1316 578 1544 648 ἐναργὲς
1579 576 2016 647 καταπεπληγὼς

435 668 536 739 τῆς
577 668 759 723 ἐνθέου
801 669 1098 740 δυνάμεως.
1138 670 1231 733 Ὣς
1273 670 1316 722 δ’
1351 668 1650 739 ἐπληροῦτο
1693 668 1761 722 τὰ
1807 669 2012 729 δέοντα,

436 758 709 831 λαμπροῖς
753 761 846 813 καὶ
900 760 1195 829 βασιλικοῖς
1242 760 1592 832 ἀμφιάσμασι
1641 759 1786 832 (62),
1838 762 2015 831 φωτὸς

435 852 774 922 ἐκλάμπουσι
832 853 1049 924 τρόπον,
1100 853 1519 925 περιεϐάλλετο,
1573 855 1663 908 ἐπὶ
1714 854 2014 928 λευκοτὰτῃ

433 962 494 1000 τε
545 947 798 1017 στρωμνῇ
848 945 1230 1009 διανεπαύετο,
1275 947 1373 999 οὐκ
1423 945 1499 998 ἔθ’
1535 947 1847 1018 ἁλουργίδος
1893 949 2012 1000 ἐπι-

431 1037 638 1108 ψαῦσαι
667 1038 917 1110 Θελήσας.

2120 489 2218 542 bus
2231 490 2320 557 qui
2344 506 2581 559 unquam
2603 490 2824 546 fuerunt
2842 494 3262 564 imperatoribus
3279 498 3692 570 Constantinus,

2119 581 2173 634 in
2201 581 2402 638 Christi
2437 584 2716 654 martyriis
2759 597 2980 642 renatus
3027 597 3084 643 et
3118 602 3525 650 consummatus
3557 606 3641 651 est
3675 617 3692 654 .-

2118 683 2171 726 et
2207 675 2394 731 divino
2415 675 2650 731 donatus
2689 678 2986 746 signaculo,
3013 682 3302 739 exsultavit
3351 685 3694 754 spiritus,re-

2121 777 2455 836 novatusque
2479 777 2584 835 est,
2616 783 2679 823 ac
2713 769 2896 824 divina
2926 772 3046 827 luce
3083 775 3340 842 repletus.
3392 778 3459 832 Et
3509 781 3692 838 animo

2119 858 2333 926 quidem
2365 860 2655 914 maximam
2690 863 2936 930 capiebat
2968 865 3296 934 voluptatem
3325 870 3393 924 ob
3438 869 3562 925 ﬁdei
3595 887 3691 927 ex-

2117 951 2465 1016 cellentiam;
2495 953 2956 1010 evidentissimam
2999 967 3174 1012 autem
3211 959 3407 1015 divinae
3432 965 3690 1031 potentias

2117 1043 2542 1107 magnitudinem
2621 1047 2886 1102 attonitus
2963 1049 3287 1105 mirabatur.
3396 1053 3688 1124 Postquam

432 1136 616 1189 omnia
645 1135 747 1190 rite
777 1135 993 1204 impleta
1028 1145 1174 1196 sunt,
1208 1135 1459 1190 candidis
1508 1150 1572 1190 ac
1629 1137 1789 1206 regiis
1821 1138 2059 1194 vestibus
2119 1139 2260 1194 lucis
2309 1138 2483 1194 instar
2517 1141 2852 1198 radiantibus
2900 1152 2984 1200 est
3034 1145 3284 1214 amictus,
3315 1156 3370 1203 et
3416 1141 3713 1208 candidis?

432 1229 570 1284 simo
619 1229 671 1283 in
719 1229 860 1283 lecto
891 1229 1172 1293 recubuit,
1199 1245 1299 1284 nec
1326 1245 1623 1299 purpuram
1657 1233 1972 1300 contingere
2001 1235 2231 1304 amplius
2257 1233 2453 1289 voluit.

945 1324 1342 1377 ΚΕΦΑΛΑΙΟΝ
1377 1321 1458 1377 ΞΓ
1461 1331 1494 1378 ’.

505 1414 574 1468 Τὸ
607 1413 866 1481 λουτρὸν
899 1414 1118 1479 λαϐὼν,
1151 1414 1308 1480 ὅπως
1341 1417 1591 1484 ἀνύμνει
1622 1415 1729 1468 τὸν
1763 1418 1929 1471 Θεόν.

498 1515 748 1569 Κᾶπειτα
771 1513 866 1582 τὴν
896 1513 1075 1585 φωνὴν
1105 1512 1412 1583 ὰνυψώσας,
1440 1515 1851 1586 εὐχαριστήριον
1879 1515 2002 1568 ἀνέ-

424 1623 616 1678 πεμπε
666 1605 743 1675 τῷ
771 1604 890 1675 Θεῴ
929 1606 1240 1676 προσευχήν
1267 1620 1280 1632 ⁸
1330 1604 1449 1675 μεθ’
1479 1606 1544 1676 ἢν
1581 1607 1755 1676 ἐπῆγε
1789 1607 1960 1675 λέγων
1987 1624 1998 1636 ⁸

428 1717 448 1750 ι
477 1697 595 1752 Νῦν
633 1698 822 1770 ἀληθεῖ
848 1698 992 1768 λόγῳ
1025 1685 1292 1769 μακάριον
1331 1693 1427 1751 οἷδ’
1455 1699 1724 1769 ἐμαυτὸν,
1760 1699 1854 1751 νῦν
1901 1700 2000 1769 τῆς

2674 1328 2903 1386 CAPUT
2941 1328 3117 1384 LXIII.

2255 1420 2534 1486 Quomodo
2579 1429 2693 1488 post
2734 1422 3045 1489 baptismum
3083 1422 3252 1477 Deum
3289 1424 3542 1479 laudavit.

2181 1512 2426 1566 Posthaec
2457 1511 2664 1566 sublata
2694 1513 2856 1567 altius
2880 1529 3033 1578 voce,
3065 1516 3453 1582 precabundus
3479 1517 3685 1588 gratias

2110 1604 2222 1672 cgit
2271 1602 2400 1669 Deo,
2437 1613 2492 1657 et
2525 1603 2677 1657 ﬁnita
2712 1606 3023 1672 precatione
3060 1608 3171 1662 hate
3208 1606 3507 1676 subjecitzt
3533 1609 3686 1665 Nunc

2122 1709 2205 1750 me
2235 1708 2421 1749 revera
2454 1693 2673 1748 beatum
2705 1708 2825 1748 esse
2851 1733 2866 1758 ,
2924 1711 3066 1750 nunc
3109 1697 3404 1752 immortali
3463 1698 3573 1751 vita
3603 1698 3686 1754 di-

421 1791 690 1846 ἀθανάτου
716 1790 860 1860 ζωῆς
894 1789 1165 1860 πεφάνθαι
1196 1790 1474 1856 ᾶξιον,νῦν
1505 1790 1600 1845 τοῦ
1642 1791 1783 1844 θείου
1821 1809 1991 1863 μετει·

2112 1800 2316 1856 gnum,
2370 1799 2516 1840 nunc
2546 1784 2742 1840 divinae
2781 1796 3084 1855 compotem
3135 1786 3269 1843 lucis
3316 1788 3517 1844 factum
3561 1803 3686 1846 esse

421 1883 650 1955 ληφὲναι
678 1883 852 1953 φωτὸς
873 1882 1209 1936 πεπίστευκα
1234 1883 1366 1955 (65).
1396 1901 1414 1934 ι
1461 1883 1619 1936 Ἀλλὰ
1645 1883 1740 1938 καὶ
1770 1883 2003 1948 τάλανας

429 2015 873 2091 τελείωσιςνθιίτ.
909 2016 1117 2091 Quibus
1138 2019 1198 2091 in
1240 2019 1373 2091 locis
1414 2019 1485 2091 P._
1517 2018 1762 2091 Nannius
1791 2035 2004 2091 semper

423 2090 591 2158 vertit
635 2089 1009 2142 initiationem.
1043 2087 1146 2158 sed
1174 2098 1228 2142 et
1261 2088 1557 2158 Gregorius
1584 2088 1718 2143 Naz.
1778 2092 1830 2145 in
1872 2087 1999 2146 ora-

423 2157 573 2212 tione
619 2159 792 2228 prima
837 2169 1016 2210 contra
1063 2156 1396 2223 Julianumf
1422 2159 1751 2229 baptismum
1809 2163 1997 2216 eodem

422 2229 685 2303 vocabulo
724 2229 954 2303 appellat
983 2245 996 2283 :
1030 2229 1232 2303 Ai’patt
1254 2229 1356 2303 BEV
1380 2229 1483 2303 οὐχ
1505 2229 1643 2303 octo)
1685 2231 1752 2303 ab
1775 2230 1999 2303 λουτρὸν

416 2298 847 2370 ἀπορῤῦπτεται,
894 2297 958 2370 τῇ
994 2299 1306 2370 καβίὴμνᾶς
1340 2297 1628 2352 τελειώσει
1648 2300 1746 2370 τὴν
1781 2297 1999 2356 τελείω-

419 2387 506 2422 σιν
530 2368 622 2421 τοῦ
656 2369 858 2439 μύσους
885 2368 1193 2439 ἀντιτιθείς.
1227 2369 1463 2439 Denique
1489 2368 1737 2425 Clemens
1763 2373 1993 2425 Alexan-

418 2438 750 2500 drinus,’in
811 2438 944 2510 libro
991 2454 1015 2510 At
1079 2438 1391 2510 Pwdagogi,
1451 2442 1774 2510 baptismum
1829 2444 1996 2498 variis

420 2511 728 2583 nominibus
747 2507 1002 2583 appellari
1019 2509 1218 2583 scribit
1236 2526 1247 2561 :
1267 2507 1701 2583 interdumenim
1724 2511 1994 2583 χάρισμα,

417 2579 690 2651 interdum
719 2577 972 2648 φώτισμα
1000 2579 1102 2633 dici
1121 2621 1138 2647 ,
1174 2579 1334 2651 modo
1361 2579 1604 2651 λουτρόν.
1642 2577 1839 2634 Deinde
1862 2577 1996 2636 can;

420 2662 538 2704 5am
573 2649 846 2718 subiungit
877 2663 975 2701 cur
1002 2661 1222 2704 vocetur
1265 2649 1504 2704 τέλειονλ
1541 2651 1763 2713 τέλειον,
1798 2653 1992 2718 inquit,

420 2720 653 2791 dicimus
689 2721 738 2773 id
779 2720 863 2774 cui
893 2719 1023 2772 nihil
1060 2721 1230 2775 deest.
1268 2721 1406 2787 Quid
1440 2736 1601 2788 porro
1626 2725 1780 2776 deest
1808 2723 1879 2775 illi
1905 2726 1992 2791 qui

418 2790 587 2860 Deum
635 2791 802 2854 novit,
836 2799 890 2844 et
932 2791 1021 2856 qui
1077 2792 1308 2860 gratiam
1359 2791 1454 2846 Dei
1499 2793 1758 2860 possidet,
1807 2803 1860 2846 et
1886 2795 1993 2847 vita

420 2807 587 2844 ueum
635 2807 802 2854 novnt,
836 2807 890 2844 et
932 2807 1020 2856 qui
1113 2807 1308 2844 ranam
1359 2807 1454 2846 uel
1499 2807 1758 2860 possuiet,
1807 2807 1860 2846 et
1886 2807 1992 2847 vita

411 2859 530 2926 jam
568 2859 763 2913 fruitur
796 2860 1036 2913 acterna?
1183 2877 1290 2928 quo
1320 2862 1389 2915 ita
1422 2861 1692 2916 concludit
1723 2862 1992 2926 Clemens,

417 2943 610 2984 omnes
643 2931 734 2998 qui
766 2931 817 2984 in
853 2929 1132 2984 Christum
1169 2931 1538 2990 crediderunt,
1579 2940 1631 2983 et
1659 2946 1817 2985 sacro
1851 2933 1996 2986 lava--

419 3013 513 3053 cro
543 3002 695 3054 tincti
726 3010 871 3059 sunt,
902 2998 1006 3064 iam
1033 3001 1305 3068 perfectos
1331 3016 1451 3055 esse
1475 3017 1488 3054 :
1518 3000 1673 3054 Οὕτω
1695 3001 1754 3053 τὸ
1775 3004 1994 3056 πιστεῦ-

417 3084 505 3145 σαι
537 3070 696 3145 μόνον
729 3071 822 3124 καὶ
837 3070 1284 3145 ἀναγεννηοῆνσιι,
1308 3071 1830 3145 τελείωσίςέστιν-ἐν
1857 3072 1988 3145 ζωῇ.

2105 1890 2395 1948 cognosco.
2427 1896 2446 1930 ι
2473 1875 2702 1933 Miseros
2731 1891 2948 1947 quoque
2977 1888 3033 1936 et
3051 1877 3294 1935 infelices
3327 1894 3451 1936 esse
3479 1880 3682 1949 aiebat,

2102 2012 2272 2088 vitate
2304 2009 2662 2068 concluditur.
2701 2014 2762 2068 Et
2795 2015 2912 2068 ideo
2959 2015 3119 2069 hodie
3153 2018 3547 2088 neopbytorum
3573 2013 3682 2073 ‘ha-

2103 2082 2248 2154 bitus
2279 2091 2662 2154 commutatur
2691 2103 2703 2137 :
2735 2088 2806 2139 ita
2843 2096 3020 2138 tamen
3059 2095 3114 2136 nt
3145 2082 3348 2141 candor
3373 2087 3463 2154 qui
3493 2088 3560 2142 de
3585 2088 3683 2143 ha-

2101 2151 2214 2205 bitu
2260 2152 2570 2223 deponitur,
2624 2169 2837 2223 semper
2882 2157 2934 2208 in
2989 2156 3152 2210 corde
3181 2151 3447 2211 teneatur.
3481 2176 3500 2208 ι
3533 2156 3678 2214 Idem

2102 2217 2343 2296 testatur
2358 2217 2589 2296 Beda__in
2621 2217 2758 2296 libro
2787 2224 2861 2278 De
2901 2225 3098 2294 ofﬁciis.
3133 2243 3151 2276 ι
3189 2227 3622 2296 Septuagesima,
3650 2251 3671 2281 ο

2102 2291 2294 2359 inquit,
2331 2292 2551 2363 «tendit
2583 2295 2652 2347 ad
2692 2291 2972 2348 sabbatum
3015 2305 3140 2348 ante
3181 2291 3676 2363 oct'avas'Paschte,

2099 2363 2318 2434 quando
2372 2362 2425 2415 hi
2459 2361 2551 2434 qui
2584 2363 2634 2416 in
2667 2365 2847 2433 vigilia
2876 2363 3109 2434 Paschae
3135 2365 3498 2434 baptizantur,
3556 2361 3675 2423 alba

2099 2432 2432 2505 vestimenta
2473 2432 2764 2499 deponunt.
2803 2453 2822 2485 ι
2861 2433 2989 2498 Quae
3023 2436 3184 2487 verba
3206 2432 3471 2505 leguntur
3508 2441 3671 2492 etiam

2099 2500 2153 2554 in
2173 2502 2372 2559 Ordine
2399 2499 2663 2556 Romano.
2693 2505 2746 2556 In
2777 2514 2962 2558 vetere
2993 2505 3132 2558 libro
3164 2499 3469 2560 Pontiﬁcali
3500 2507 3675 2562 Seno-

2099 2573 2285 2625 nensis
2333 2571 2591 2647 Ecclesiae
2649 2583 2770 2627 ante
2806 2586 3322 2647 sexcentosganuos
3376 2576 3676 2647 descripto,

2099 2651 2276 2695 exstat
2321 2642 2580 2715 solemnis
2615 2645 2854 2711 precatio
2901 2659 3061 2714 quam
3113 2643 3346 2715 faciebat
3388 2642 3675 2715 episcopus

2098 2726 2262 2786 super
2287 2711 2587 2786 neopbytis,
2620 2721 2747 2767 tunc
2775 2730 2897 2767 cum
2919 2711 3082 2768 'albas
3105 2711 3456 2784 deponerent,
3509 2711 3672 2786 quam

2101 2781 2187 2834 hic
2223 2781 2497 2836 ascribere
2527 2798 2703 2852 Operm
2731 2787 2961 2852 pretium
2993 2786 3194 2850 putavi.

2096 2866 2416 2905 BENEDICTIO
2472 2867 2525 2905 ΙΝ
2590 2869 2822 2908 SABBATO
2883 2869 3091 2917 QUANDO
3149 2869 3312 2908 ALBAS
3369 2871 3671 2916 DEPONUN'I‘.

2167 2921 2332 2984 Deus,
2359 2923 2448 2990 qui
2482 2923 2696 2977 calcatis
2725 2925 2924 2991 inferni
2951 2925 3149 2990 legibus
3181 2926 3539 2990 captivitatem
3570 2945 3670 2983 na-

2095 3002 2262 3064 stram
2289 2993 2520 3064 resoluta
2553 3001 2882 3064 catenarum
2911 3011 3156 3064 compage
3211 2995 3456 3062 dignatus
3505 3014 3558 3051 es
3599 3000 3669 3052 ad

2097 3063 2351 3116 libertatis
2376 3063 2596 3130 prtemiu
2625 3080 2881 3124 revocare,
2908 3063 3175 3132 ipsevobis
3205 3071 3412 3131 privstet
3435 3068 3510 3121 ita
3530 3067 3668 3122 hanc

413 3122 571 3208 apta
603 3122 826 3220 Lais...
851 3122 1101 3220 ,ρυδρηιέ
1127 3122 1711 3208 patrata“aequata
1728 3122 1991 3220 eiectat;

2101 3133 2279 3212 vitant.
2306 3122 2622 3220 transigere,
2667 3143 2723 3185 ut
2756 3122 3010 3220 inmittam
3049 3122 3349 3220 perpetuam
3393 3137 3669 3220 ipsonduce

417 3219 529 3274 tur,
581 3212 673 3279 qni
720 3212 1046 3278 baptismum
1095 3221 1470 3280 susceperant,
1538 3213 1755 3265 tametsi
1801 3229 1990 3267 manus

422 3280 823 3350 impositionem
876 3281 943 3331 ab
978 3281 1232 3348 episcopo
1284 3298 1389 3336 non
1429 3283 1786 3351 accepissent.
1825 3282 1992 3337 Vetus

415 3361 612 3404 auctor
659 3351 732 3403 De
787 3350 1060 3421 haereticis
1114 3366 1220 3405 non
1272 3350 1673 3421 rebaptizandis
1725 3363 1790 3404 τι
1838 3352 1990 3419 Quod

416 3421 682 3476 hodierna
714 3435 932 3490 quoque
964 3420 1052 3474 die
1082 3436 1184 3474 non
1219 3432 1393 3490 potest
1432 3422 1669 3477 dubitari
1713 3436 1834 3477 esse
1880 3425 1990 3478 usi-

414 3501 606 3562 tatum,
643 3500 697 3547 et
720 3491 938 3562 evenire
964 3491 1179 3545 solitum
1217 3502 1272 3562 ut
1303 3491 1543 3562 plerique
1577 3502 1694 3561 post
1725 3493 1990 3560 baptisma

412 3561 531 3612 sine
559 3561 902 3631 impositione
931 3576 1124 3615 manus
1152 3560 1386 3630 episcopi
1441 3560 1506 3614 de
1539 3560 1736 3616 saeculo
1763 3575 1988 3627 exeant;

412 3639 467 3682 et
496 3639 672 3685 tamen
707 3647 806 3700 pro
833 3631 1088 3698 perfectis
1122 3631 1369 3686 ﬁdelibus
1402 3635 1690 3686 habentur.
1736 3651 1754 3685 ι
1794 3635 1861 3686 Et
1900 3633 1994 3686 ite-

415 3716 532 3772 rum
575 3702 722 3755 infra
755 3716 877 3772 pag.
919 3701 1020 3754 I55
1091 3701 1348 3772 editionis
1406 3702 1648 3769 Itigaltii,
1691 3701 1988 3771 perfectum

409 3767 785 3842 Christianum
817 3767 970 3842 ponit
993 3786 1100 3842 pro
1120 3769 1262 3842 ﬁdeli
1294 3787 1308 3824 :
1343 3767 1711 3841 imperfectum
1739 3787 1864 3826 vero
1892 3788 1991 3842 pro

413 3841 808 3895 catechumeno
845 3860 857 3894 :
893 3859 911 3892 ι
956 3841 1019 3892 Et
1053 3840 1176 3910 ideo
1228 3840 1494 3910 integrum
1537 3856 1600 3894 ac
1631 3840 1909 3895 sincerum
1938 3855 1990 3895 et

411 3911 902 3964 incontaminatum
928 3920 983 3962 et
1009 3907 1324 3962 inviolatum
1347 3907 1642 3979 utrumque
1675 3913 1833 3964 debet
1857 3927 1989 3966 cou-

412 3980 607 4049 sistere
647 3979 1137 4044 conlitenti,.nullo
1179 3979 1385 4034 delectu
1439 3981 1622 4034 habito
1651 3981 1821 4049 ipsius
1859 3998 1988 4035 con-

412 4047 658 4121 fessoris,
696 4053 809 4105 sive
841 4051 929 4105 ille
956 4052 1157 4120 justus,
1202 4051 1316 4104 sive
1355 4060 1630 4117 peccator;
1671 4047 1990 4118 perfectus-

407 4134 518 4188 ,que
563 4120 908 4186 christianus,
947 4137 1014 4175 an
1058 4136 1186 4175 vero
1233 4121 1395 4174 etiam
1428 4135 1570 4173 nunc
1615 4121 1986 4188 imperfectus,

409 4190 504 4256 qui
538 4205 748 4244 summo
785 4192 1094 4246 discrimine
1123 4205 1223 4260 sup
1266 4190 1550 4244 Dominum
1582 4191 1828 4245 conﬁteri
1879 4208 1988 4246 non

413 4261 612 4316 timuit.
657 4281 675 4312 ι

484 4329 593 4398 (61)
635 4329 960 4401 Ἦγάλλετο
990 4331 1071 4397 τῷ
1097 4333 1406 4400 πνεύματι.
1451 4329 1602 4395 Quod
1630 4329 1903 4401 plerisque
1933 4331 1985 4385 in

411 4397 545 4452 locis
574 4397 734 4470 hujus
762 4401 941 4468 Operis
971 4397 1368 4470 accidisse'jam
1404 4401 1606 4462 monui.
1631 4397 1688 4452 Ῑη
1717 4397 1983 4469 Ιιοίίίῖυο·

2095 3202 2307 3267 possitis
2339 3204 2556 3255 intrare.
2588 3203 2770 3257 Amen.
2807 3203 3034 3256 Tantum
3067 3206 3291 3270 prwbeat
3323 3204 3464 3258 vobis
3495 3207 3669 3273 feri-o-

2098 3288 2203 3324 rem
2258 3273 2529 3326 catholica:
2571 3275 2730 3341 ﬁdei,
2775 3285 2830 3326 ut
2873 3275 3041 3327 sancti
3082 3274 3331 3328 adventus
3367 3276 3510 3328 illius
3553 3279 3669 3331 sitis

2095 3345 2478 3408 exspectatione
2503 3345 2692 3396 securi.
2726 3345 2911 3396 Amen.
2944 3341 3009 3395 Ut
3037 3345 3326 3412 quicunque
3353 3345 3436 3397 hic
3460 3362 3670 3400 merue-

2096 3414 2466 3481 iuutipurgari
2512 3414 2652 3465 unda
2687 3413 2948 3479 baptismi,
3001 3414 3073 3466 ibi
3119 3415 3431 3481 praesentari
3460 3416 3668 3473 valeant

2094 3484 2178 3548 pio
2201 3480 2384 3535 Judici
2412 3483 2706 3540 candidati.
2734 3485 2918 3538 Amen.

2164 3551 2338 3607 Porro
2370 3553 2625 3622 neopbyti
2654 3565 2777 3622 octo
2806 3553 2926 3608 illos
2956 3568 2984 3605 a
3016 3553 3284 3622 baptismo
3308 3554 3424 3610 dies
3452 3571 3667 3613 summa

2094 3636 2217 3696 cum
2249 3622 2506 3692 religione
2534 3621 2886 3696 celebrabant
2915 3638 2925 3674 :
2971 3624 3043 3696 ita
3073 3632 3251 3696 utper
3281 3639 3373 3678 eos
3406 3625 3542 3696 dies,
3571 3629 3666 3696 qui

2094 3693 2258 3744 etiam
2289 3691 2496 3764 octavae
2527 3692 2871 3764 dicebantur,
2895 3692 3050 3764 nefas
3072 3692 3335 3764 baberent
3358 3691 3502 3749 nudo
3526 3691 3664 3764 pede

2098 3771 2293 3833 terram
2325 3761 2659 3833 contingere,
2684 3773 2743 3833 u_t
2769 3763 2960 3816 scribit
2986 3762 3316 3833 Augustinus
3350 3764 3403 3816 in
3439 3761 3664 3833 epistola

2095 3830 2197 3904 119
2225 3832 2290 3904 ad
2322 3829 2658 3904 Januarium.
2696 3831 2885 3904 Sedet
2919 3846 3135 3904 pereas
3157 3832 3450 3904 diesnudo
3470 3829 3666 3904 capite

2095 3901 2346 3954 incedere
2375 3900 2644 3964 solebant,
2676 3901 2820 3968 quod
2850 3910 2968 3953 erat
2993 3900 3202 3970 signum
3236 3901 3523 3958 libertatis.
3555 3900 3667 3959 Au-

2091 3972 2340 4038 gustinus
2360 3984 2609 4024 sermone
2631 3970 2664 4023 4
2682 3973 2732 4024 in
2754 3971 3030 4025 [)ominica
3065 3981 3377 4024 octavarum
3399 3971 3659 4032 Pasehae:

2097 4058 2115 4089 ι
2155 4039 2328 4093 Hodie
2353 4050 2557 4094 octava:
2581 4039 2834 4094 dicuntur
2863 4039 3145 4094 infantium
3185 4057 3197 4092 :
3230 4041 3511 4096 revelanda
3538 4055 3664 4100 sunt

2090 4111 2264 4176 capita
2294 4125 2500 4174 eorum,
2544 4111 2687 4179 quod
2729 4120 2812 4165 est
2858 4109 3112 4164 indicium
3160 4109 3446 4166 libertatis.
3487 4113 3661 4170 Habet

2091 4181 2232 4232 enim
2263 4180 2565 4234 libertatem
2597 4182 2698 4234 ista
2728 4181 2985 4248 spiritalis
3021 4181 3294 4243 nativitas,
3331 4199 3347 4232 ι
3381 4191 3486 4237 etc.
3520 4185 3663 4238 Con-

2095 4261 2171 4302 tra
2199 4250 2572 4304 catechumeni
2605 4251 2760 4304 tectis
2791 4250 3058 4318 capitibus
3092 4265 3186 4316 per
3207 4251 3477 4318 publicum
3509 4253 3660 4309 ince-

2091 4321 2309 4384 debant,
2366 4329 2711 4389 cum_typum
2759 4330 3011 4388 gererent
3052 4320 3180 4373 Adae
3217 4336 3246 4372 a
3279 4322 3532 4388 paradiso
3567 4338 3659 4378 ex-

2093 4390 2254 4456 pulsi,
2289 4399 2348 4443 ut
2393 4392 2469 4462 ait
2501 4387 2731 4443 Junilius
2760 4387 2827 4462 in
2849 4390 3034 4462 lib._n,
3060 4403 3181 4462 cap.
3224 4387 3310 4462 16.
3360 4390 3514 4456 Quod
3535 4397 3657 4462 qui-

411 4484 518 4540 que
551 4458 845 4525 atlmissuin
873 4470 1036 4525 fuisse
1074 4458 1336 4540 suspicor,
1383 4482 1436 4523 ut
1464 4458 1628 4540 verba
1657 4458 1984 4540 transposita

2101 4462 2210 4511 Llem
2237 4461 2302 4540 de
2331 4460 2460 4514 solis
2484 4458 3343 4540 competentibusintelligendum
3362 4474 3533 4540 ‘puto,
3551 4458 3655 4534 ‘qui

411 4537 636 4593 fuerint.
669 4544 758 4593 Sic
788 4541 946 4608 igitur
975 4537 1251 4610 legendum
1278 4556 1394 4595 esse
1419 4539 1981 4610 οχὶδιὶιιιοεὴγὰλλετο,

408 4610 761 4663 ἀνεκαινοῦτό
801 4627 859 4662 τε
884 4609 961 4681 τῷ
993 4609 1283 4680 πνεύματι.
1315 4610 1519 4681 Alludit
1551 4611 1694 4663 enim
1723 4609 1789 4662 ad
1837 4611 1983 4664 illum

409 4692 628 4732 versum
674 4680 940 4736 notissimi
980 4682 1168 4750 psalmi
1211 4697 1290 4750 L‘:
1331 4680 1434 4733 Cor
1474 4682 1725 4732 mundum
1755 4695 1876 4732 crea
1929 4683 1984 4732 in

409 4765 531 4812 me,
559 4750 722 4816 Deus,
766 4762 810 4802 et
837 4743 1078 4818 spirit-um
1124 4743 1319 4802 rectu'm
1370 4752 1556 4802 innova
1605 4752 1660 4801 in
1702 4749 1984 4802 visceribus

412 4821 565 4872 meis.
616 4819 784 4874 Porro
818 4836 878 4874 ex
932 4823 1034 4875 hoc
1076 4821 1292 4874 Eusebii
1350 4819 1465 4873 loco
1529 4819 1796 4888 colligitur
1843 4820 1985 4873 Con-

414 4891 712 4943 stantinum
751 4906 853 4945 non
883 4890 936 4944 in
971 4891 1110 4944 lecto
1139 4888 1440 4960 perfusum,
1477 4899 1536 4960 ut
1557 4905 1682 4958 aegri
1714 4889 1979 4960 solebant,

414 4962 508 5014 sed
566 4961 615 5011 in
665 4961 889 5014 ecclesia
947 4959 1273 5028 baptismum
1327 4959 1646 5027 percepisse.
1708 4959 1798 5028 Ait
1836 4962 1981 5013 enim

413 5029 694 5102 Eusebius,
739 5033 848 5091 τοῖς
893 5026 1127 5102 Χριστοῦ
1159 5026 1978 5102 μαρτυρίοιςἁναγεννὼμενος.

413 5099 534 5152 Mox
571 5102 750 5154 scribo
783 5116 846 5154 ex
897 5099 1081 5155 codice
1114 5099 1318 5154 Fuketii
1364 5111 1416 5154 et
1462 5104 1732 5153 veteribus
1766 5103 1981 5153 schedia

411 5171 586 5240 φωτὸς
616 5171 1000 5240 ἐνεπίμπλατο.

483 5240 592 5312 (62)
623 5239 990 5310 Λαμπροῖς...
1019 5239 1419 5311 ἀμφιάσμασι.
1465 5239 1662 5312 Notum
1693 5247 1783 5312 est
1814 5239 1980 5293 moris

409 5309 538 5364 olim
568 5309 757 5374 fuisse,
790 5320 846 5364 ut
877 5309 1124 5382 nc0pbyti
1155 5309 1400 5365 candidis
1423 5310 1663 5382 vestibus
1691 5309 1980 5382 indueren-

412 5389 520 5440 tur,
557 5397 690 5449 quas
719 5392 910 5435 octavo
955 5377 1171 5437 demum
1207 5382 1291 5435 die
1319 5379 1682 5449 deponebant.
1711 5378 1856 5432 Zeno
1880 5377 1980 5432 Ve-

416 5447 667 5505 ronensis
693 5455 743 5504 in
774 5467 1022 5508 sermone
1049 5454 1080 5506 5
1107 5452 1172 5505 ad
1204 5447 1502 5522 neopb’ytos
1533 5467 1546 5503 :
1587 5466 1605 5499 ι
1639 5447 1853 5522 Primus
1882 5463 1979 5522 vos

411 5521 502 5588 qui
529 5522 583 5574 in
616 5537 673 5574 se
700 5524 1004 5576 credentem
1039 5521 1288 5590 reprobat
1317 5521 1540 5584 nullum,
1570 5535 1674 5574 non
1715 5521 1855 5590 aries
1885 5521 1976 5578 sed

412 5607 585 5659 agnus
609 5593 817 5658 excepit
855 5610 867 5644 :
903 5595 991 5661 qui
1034 5589 1265 5646 veStram
1305 5591 1603 5661 nuditatem
1651 5589 1865 5644 velleris
1894 5591 1974 5642 sui

413 5665 571 5715 niveo
597 5666 832 5715 candore
861 5660 1090 5716 vestivit.
1114 5681 1132 5713 ι
1164 5660 1492 5730 Augustinus
1515 5663 1568 5714 in
1600 5675 1851 5714 sermone
1875 5661 1973 5713 157

416 5730 483 5787 dc
515 5741 754 5802 tempore
789 5751 801 5786 :
843 5750 860 5783 ι
893 5732 1167 5790 Paschalis
1193 5732 1504 5790 solemnitas
1539 5731 1793 5788 hodierna
1824 5730 1973 5786 chti-

2091 4543 2196 4582 non
2227 4531 2399 4583 solum
2425 4539 2602 4598 caput,
2637 4545 2820 4581 verum
2861 4529 3022 4582 etiam
3063 4530 3265 4582 vultum
3295 4529 3655 4594 velahantfut

2088 4601 2243 4653 docet
2289 4598 2518 4668 Cyrillus
2567 4599 2833 4654 Hierosol.
2877 4601 2929 4650 in
2979 4602 3151 4666 prima
3198 4601 3488 4655 catechesi.
3537 4600 3654 4658 Hoc

2087 4679 2267 4723 autem
2304 4669 2544 4723 velamen
2588 4670 2718 4737 ipsis
2762 4668 3105 4722 auferebatur
3151 4669 3206 4738 in
3239 4669 3528 4738 baptismo,
3568 4673 3652 4728 vel

2085 4749 2236 4792 certe
2265 4750 2457 4793 octavo
2499 4749 2618 4805 post
2650 4741 2976 4808 baptismum
3015 4740 3120 4792 die.
3154 4737 3267 4792 Hoc
3299 4737 3442 4794 enim
3472 4744 3651 4808 potius

2086 4809 2315 4862 innuunt
2346 4809 2632 4877 Augustini
2677 4811 2838 4863 verba
2884 4808 3040 4874 paulo
3074 4817 3197 4862 ante
3237 4824 3268 4862 a
3319 4810 3474 4864 nobis
3503 4825 3652 4865 com-

2086 4890 2401 4935 memorata.
2433 4882 2575 4932 Idem
2607 4894 2820 4948 quoque
2846 4877 3134 4948 conﬁrmat
3163 4877 3480 4934 Theodorus
3505 4881 3649 4936 Can-

2087 4951 2372 5003 tuariensis
2422 4950 2704 5017 episcopus
2735 4947 2817 5002 ’in
2867 4949 3004 5002 libro
3054 4947 3421 5002 Paenitentiali
3465 4963 3487 5002 :
3533 4970 3551 5002 ι
3589 4949 3650 5006 ιιι

2083 5021 2469 5073 monachorum
2498 5020 2840 5073 ordinatione
2875 5019 3042 5072 abbas
3070 5020 3230 5072 debet
3272 5021 3490 5073 missam
3517 5036 3648 5075 can-

2085 5099 2220 5153 tare,
2247 5100 2300 5142 et
2337 5099 2447 5142 tres
2483 5089 2757 5144 orationes
2804 5088 3076 5156 complere
3116 5102 3278 5157 super
3306 5098 3466 5157 caput
3493 5094 3644 5158 ejus,

2081 5166 2134 5228 et
2164 5169 2367 5228 septem
2403 5159 2515 5212 dies
2542 5159 2683 5212 velet
2705 5169 2866 5227 caput
2888 5173 3040 5224 eius;
3070 5161 3298 5224 septimo
3325 5159 3413 5212 die
3445 5160 3647 5216 abstol-

2081 5227 2155 5300 lat
2186 5227 2446 5300 velamen.
2494 5228 2644 5300 Sicut
2680 5231 2730 5282 in
2779 5233 3049 5300 baptismo
3094 5229 3375 5300 presbyter
3411 5232 3646 5300 septimo

2082 5299 2171 5350 die.
2212 5299 2456 5353 velamen
2507 5297 2770 5352 infantum
2814 5299 2954 5353 tollit
2988 5314 3002 5352 :
3039 5298 3113 5351 ita
3168 5306 3220 5349 et
3259 5297 3432 5350 abbas
3471 5297 3645 5354 debet

2080 5371 2368 5435 monacho,
2404 5369 2529 5436 quia
2561 5373 2833 5424 secundus
2861 5370 3157 5436 baptismus
3185 5376 3268 5421 est
3311 5367 3467 5434 juxta
3490 5371 3642 5436 judi-

2079 5439 2219 5496 cium
2263 5439 2516 5506 Patrum;
2569 5450 2624 5493 et
2651 5441 2829 5495 oumia
2861 5448 3082 5508 peccata
3121 5437 3470 5493 dimittuntur
3505 5440 3645 5494 sicut

2078 5509 2130 5561 in
2158 5511 2442 5577 baptismo.
2474 5526 2493 5558 ι

2148 5582 2262 5651 (65)
2324 5577 2883 5648 Πεςσάνθαιᾶξιον...
2925 5577 3335 5651 πεπίστευκα.
3383 5577 3643 5634 Ultlmam

2077 5649 2267 5712 vocem
2300 5652 2624 5719 addiderunt
2664 5649 2979 5719 typograpbi
3005 5649 3348 5704 Genevenses
3374 5665 3442 5705 ex
3485 5652 3639 5704 libris

2079 5723 2343 5794 Scaligeri
2365 5731 2417 5776 et
2454 5718 2768 5790 Bongarsii;
2801 5718 2964 5790 quam
2993 5719 3157 5777 etiam
3197 5723 3250 5776 in
3288 5719 3469 5776 Mortei
3497 5720 3640 5775 libro
