  <div class='ocr_page' id='page_1' title='image "/cluster/home/n/w/nwhite01/storage/ocr_20150623/20/mdp.39015008802764/622.png"; bbox 0 0 3926 6264; ppageno 0'>
   <div class='ocr_carea' id='block_1_1' title="bbox 301 296 434 355">
    <p class='ocr_par' dir='ltr' id='par_1_1' title="bbox 301 296 434 355">
     <span class='ocr_line' id='line_1_1' title="bbox 301 296 434 355; baseline -0.015 0"><span class='ocrx_word' id='word_1_1' title='bbox 301 296 434 355; x_wconf 65' lang='grc'><strong>1221</strong></span> 
     </span>
    </p>
   </div>
   <div class='ocr_carea' id='block_1_2' title="bbox 1382 299 2456 359">
    <p class='ocr_par' dir='ltr' id='par_1_2' title="bbox 1382 299 2456 359">
     <span class='ocr_line' id='line_1_2' title="bbox 1382 299 2456 359; baseline 0.001 -3"><span class='ocrx_word' id='word_1_2' title='bbox 1382 301 1471 357; x_wconf 89' lang='lat' dir='ltr'><strong>DE</strong></span> <span class='ocrx_word' id='word_1_3' title='bbox 1507 301 1667 356; x_wconf 79' lang='lat' dir='ltr'><strong>Vl&#39;l‘A</strong></span> <span class='ocrx_word' id='word_1_4' title='bbox 1704 299 2160 359; x_wconf 50' lang='lat' dir='ltr'><strong>CONSTA‘NTINI</strong></span> <span class='ocrx_word' id='word_1_5' title='bbox 2197 301 2325 356; x_wconf 84' lang='lat' dir='ltr'><strong>LIB.</strong></span> <span class='ocrx_word' id='word_1_6' title='bbox 2365 300 2456 357; x_wconf 85' lang='lat' dir='ltr'><strong>IV.</strong></span> 
     </span>
    </p>
   </div>
   <div class='ocr_carea' id='block_1_3' title="bbox 3394 302 3533 359">
    <p class='ocr_par' dir='ltr' id='par_1_3' title="bbox 3394 302 3533 359">
     <span class='ocr_line' id='line_1_3' title="bbox 3394 302 3533 359; baseline 0.036 -5"><span class='ocrx_word' id='word_1_7' title='bbox 3394 302 3533 359; x_wconf 56' lang='lat'><strong>12‘2&quot;!</strong></span> 
     </span>
    </p>
   </div>
   <div class='ocr_carea' id='block_1_4' title="bbox 299 419 1854 494">
    <p class='ocr_par' dir='ltr' id='par_1_4' title="bbox 299 420 1854 493">
     <span class='ocr_line' id='line_1_4' title="bbox 299 420 1854 493; baseline 0.001 -15"><span class='ocrx_word' id='word_1_8' title='bbox 299 420 458 478; x_wconf 66' lang='grc' dir='ltr'><strong>ι’)τόν</strong></span> <span class='ocrx_word' id='word_1_9' title='bbox 485 437 546 475; x_wconf 88' lang='grc' dir='ltr'><strong>τε</strong></span> <span class='ocrx_word' id='word_1_10' title='bbox 576 421 885 487; x_wconf 79' lang='grc' dir='ltr'><strong>κόπτοντος,</strong></span> <span class='ocrx_word' id='word_1_11' title='bbox 909 422 1106 477; x_wconf 69' lang='grc' dir='ltr'>ὡσανεὶ</span> <span class='ocrx_word' id='word_1_12' title='bbox 1130 425 1222 479; x_wconf 78' lang='grc' dir='ltr'>τοῦ</span> <span class='ocrx_word' id='word_1_13' title='bbox 1248 424 1425 481; x_wconf 80' lang='grc' dir='ltr'>κοινοῦ</span> <span class='ocrx_word' id='word_1_14' title='bbox 1454 426 1705 480; x_wconf 85' lang='grc' dir='ltr'>ἁπάντων</span> <span class='ocrx_word' id='word_1_15' title='bbox 1732 426 1854 493; x_wconf 86' lang='grc' dir='ltr'><strong>ἁγα-</strong></span> 
     </span>
    </p>
   </div>
   <div class='ocr_carea' id='block_1_5' title="bbox 1963 419 3530 494">
    <p class='ocr_par' dir='ltr' id='par_1_5' title="bbox 1963 419 3530 494">
     <span class='ocr_line' id='line_1_5' title="bbox 1963 419 3530 494; baseline -0.004 -17"><span class='ocrx_word' id='word_1_16' title='bbox 1963 424 2325 481; x_wconf 88' lang='lat' dir='ltr'><strong>calamitatem</strong></span> <span class='ocrx_word' id='word_1_17' title='bbox 2352 424 2747 494; x_wconf 86' lang='lat' dir='ltr'><strong>reputantibus,</strong></span> <span class='ocrx_word' id='word_1_18' title='bbox 2775 434 2943 491; x_wconf 94' lang='lat' dir='ltr'><strong>seque</strong></span> <span class='ocrx_word' id='word_1_19' title='bbox 2966 420 3110 490; x_wconf 91' lang='lat' dir='ltr'><strong>ipsos</strong></span> <span class='ocrx_word' id='word_1_20' title='bbox 3128 419 3530 488; x_wconf 80' lang='lat' dir='ltr'><strong>plangentibus,</strong></span> 
     </span>
    </p>
   </div>
   <div class='ocr_carea' id='block_1_6' title="bbox 299 512 1369 593">
    <p class='ocr_par' dir='ltr' id='par_1_6' title="bbox 299 512 1369 593">
     <span class='ocr_line' id='line_1_6' title="bbox 299 512 1369 593; baseline 0.001 -22"><span class='ocrx_word' id='word_1_21' title='bbox 299 512 392 571; x_wconf 81' lang='grc' dir='ltr'><strong>θοῦ</strong></span> <span class='ocrx_word' id='word_1_22' title='bbox 418 514 517 586; x_wconf 81' lang='grc' dir='ltr'>τῆς</span> <span class='ocrx_word' id='word_1_23' title='bbox 544 517 722 571; x_wconf 83' lang='grc' dir='ltr'>αὐτῶν</span> <span class='ocrx_word' id='word_1_24' title='bbox 753 518 1105 593; x_wconf 80' lang='grc' dir='ltr'><strong>ἀφῃρημένου</strong></span> <span class='ocrx_word' id='word_1_25' title='bbox 1138 519 1300 590; x_wconf 81' lang='grc' dir='ltr'>ζωῆς.</span> <span class='ocrx_word' id='word_1_26' title='bbox 1360 533 1369 543; x_wconf 89' lang='grc'><strong>·</strong></span> 
     </span>
    </p>
   </div>
   <div class='ocr_carea' id='block_1_7' title="bbox 787 628 1360 696">
    <p class='ocr_par' dir='ltr' id='par_1_7' title="bbox 787 628 1360 696">
     <span class='ocr_line' id='line_1_7' title="bbox 787 628 1360 696; baseline -0.002 -14"><span class='ocrx_word' id='word_1_27' title='bbox 787 631 1181 685; x_wconf 79' lang='grc' dir='ltr'><strong>ΚΕΦΑΛΑΙΟΝ</strong></span> <span class='ocrx_word' id='word_1_28' title='bbox 1230 628 1360 696; x_wconf 73' lang='lat' dir='ltr'><strong>sq&#39;.</strong></span> 
     </span>
    </p>
   </div>
   <div class='ocr_carea' id='block_1_8' title="bbox 325 690 1895 789">
    <p class='ocr_par' dir='ltr' id='par_1_8' title="bbox 325 690 1895 789">
     <span class='ocr_line' id='line_1_8' title="bbox 325 690 1895 789; baseline 0 -15"><span class='ocrx_word' id='word_1_29' title='bbox 325 719 702 789; x_wconf 76' lang='grc' dir='ltr'>Μετακομιδὴ</span> <span class='ocrx_word' id='word_1_30' title='bbox 740 721 845 774; x_wconf 85' lang='grc' dir='ltr'>τοῦ</span> <span class='ocrx_word' id='word_1_31' title='bbox 882 720 1152 788; x_wconf 78' lang='grc' dir='ltr'><em>σκήνους</em></span> <span class='ocrx_word' id='word_1_32' title='bbox 1186 690 1720 789; x_wconf 43' lang='grc' dir='ltr'>ἀπὸ-Νικομηδείας</span> <span class='ocrx_word' id='word_1_33' title='bbox 1755 719 1825 774; x_wconf 84' lang='grc' dir='ltr'><strong>ἐν</strong></span> <span class='ocrx_word' id='word_1_34' title='bbox 1890 690 1895 695; x_wconf 30' lang='grc' dir='ltr'><strong>Ι</strong></span> 
     </span>
    </p>
   </div>
   <div class='ocr_carea' id='block_1_9' title="bbox 557 791 1603 859">
    <p class='ocr_par' dir='ltr' id='par_1_9' title="bbox 557 791 1603 859">
     <span class='ocr_line' id='line_1_9' title="bbox 557 791 1603 859; baseline 0 -14"><span class='ocrx_word' id='word_1_35' title='bbox 557 793 1180 845; x_wconf 75' lang='grc' dir='ltr'>Κωνσταντινουπόλει</span> <span class='ocrx_word' id='word_1_36' title='bbox 1214 792 1283 843; x_wconf 76' lang='grc' dir='ltr'><strong>ὲν</strong></span> <span class='ocrx_word' id='word_1_37' title='bbox 1319 791 1603 859; x_wconf 79' lang='grc' dir='ltr'>παλατίῳ.</span> 
     </span>
    </p>
   </div>
   <div class='ocr_carea' id='block_1_10' title="bbox 366 902 1856 975">
    <p class='ocr_par' dir='ltr' id='par_1_10' title="bbox 366 902 1856 975">
     <span class='ocr_line' id='line_1_10' title="bbox 366 902 1856 975; baseline 0.001 -21"><span class='ocrx_word' id='word_1_38' title='bbox 366 902 629 974; x_wconf 72' lang='grc' dir='ltr'><strong>ΙἌραντες</strong></span> <span class='ocrx_word' id='word_1_39' title='bbox 658 902 701 955; x_wconf 86' lang='grc' dir='ltr'><strong>δ’</strong></span> <span class='ocrx_word' id='word_1_40' title='bbox 717 904 764 955; x_wconf 80' lang='grc' dir='ltr'>οἱ</span> <span class='ocrx_word' id='word_1_41' title='bbox 793 903 1165 975; x_wconf 76' lang='grc' dir='ltr'>στρατιωτικοὶ</span> <span class='ocrx_word' id='word_1_42' title='bbox 1186 902 1247 955; x_wconf 86' lang='grc' dir='ltr'><strong>τὸ</strong></span> <span class='ocrx_word' id='word_1_43' title='bbox 1278 902 1489 973; x_wconf 83' lang='grc' dir='ltr'>σκῆνος,</span> <span class='ocrx_word' id='word_1_44' title='bbox 1520 905 1690 974; x_wconf 83' lang='grc' dir='ltr'>χρυσῇ</span> <span class='ocrx_word' id='word_1_45' title='bbox 1724 920 1856 956; x_wconf 86' lang='grc' dir='ltr'>κατ-</span> 
     </span>
    </p>
   </div>
   <div class='ocr_carea' id='block_1_11' title="bbox 295 992 1858 1066">
    <p class='ocr_par' dir='ltr' id='par_1_11' title="bbox 295 992 1858 1066">
     <span class='ocr_line' id='line_1_11' title="bbox 295 992 1858 1066; baseline 0.001 -20"><span class='ocrx_word' id='word_1_46' title='bbox 295 992 528 1047; x_wconf 68' lang='grc' dir='ltr'>ετίθεντο</span> <span class='ocrx_word' id='word_1_47' title='bbox 567 994 812 1063; x_wconf 73' lang='grc' dir='ltr'>λάρνακι.</span> <span class='ocrx_word' id='word_1_48' title='bbox 880 994 1094 1064; x_wconf 79' lang='grc' dir='ltr'><strong>Ταύτην</strong></span> <span class='ocrx_word' id='word_1_49' title='bbox 1138 994 1185 1046; x_wconf 88' lang='grc' dir='ltr'>θ’</span> <span class='ocrx_word' id='word_1_50' title='bbox 1241 993 1535 1065; x_wconf 80' lang='grc' dir='ltr'>ἁλουργικῇ</span> <span class='ocrx_word' id='word_1_51' title='bbox 1585 994 1858 1066; x_wconf 78' lang='grc' dir='ltr'><strong>ἁλουργίδι</strong></span> 
     </span>
    </p>
   </div>
   <div class='ocr_carea' id='block_1_12' title="bbox 299 1083 1860 1157">
    <p class='ocr_par' dir='ltr' id='par_1_12' title="bbox 299 1083 1860 1157">
     <span class='ocr_line' id='line_1_12' title="bbox 299 1083 1860 1157; baseline -0.002 -18"><span class='ocrx_word' id='word_1_52' title='bbox 299 1083 408 1155; x_wconf 86' lang='grc'>(67)</span> <span class='ocrx_word' id='word_1_53' title='bbox 438 1086 807 1157; x_wconf 75' lang='grc' dir='ltr'>περιέϐαλλον,</span> <span class='ocrx_word' id='word_1_54' title='bbox 845 1086 1096 1157; x_wconf 74' lang='grc' dir='ltr'>ἐκόμιζον</span> <span class='ocrx_word' id='word_1_55' title='bbox 1124 1088 1170 1139; x_wconf 87' lang='grc' dir='ltr'>τ’</span> <span class='ocrx_word' id='word_1_56' title='bbox 1199 1087 1278 1149; x_wconf 80' lang='grc' dir='ltr'><strong>εἰς</strong></span> <span class='ocrx_word' id='word_1_57' title='bbox 1306 1085 1402 1157; x_wconf 82' lang='grc' dir='ltr'>τὴν</span> <span class='ocrx_word' id='word_1_58' title='bbox 1429 1084 1690 1155; x_wconf 81' lang='grc' dir='ltr'>βασιλέως</span> <span class='ocrx_word' id='word_1_59' title='bbox 1717 1086 1860 1138; x_wconf 78' lang='grc' dir='ltr'>ἐπώ-</span> 
     </span>
    </p>
   </div>
   <div class='ocr_carea' id='block_1_13' title="bbox 298 1177 1856 1250">
    <p class='ocr_par' dir='ltr' id='par_1_13' title="bbox 298 1177 1856 1250">
     <span class='ocr_line' id='line_1_13' title="bbox 298 1177 1856 1250; baseline 0 -20"><span class='ocrx_word' id='word_1_60' title='bbox 298 1192 463 1248; x_wconf 85' lang='grc' dir='ltr'>νυμον</span> <span class='ocrx_word' id='word_1_61' title='bbox 511 1177 692 1231; x_wconf 88' lang='grc' dir='ltr'>πόλιν·</span> <span class='ocrx_word' id='word_1_62' title='bbox 751 1179 962 1232; x_wconf 77' lang='grc' dir='ltr'>κᾶπειτ’</span> <span class='ocrx_word' id='word_1_63' title='bbox 1000 1180 1057 1231; x_wconf 81' lang='grc' dir='ltr'>ὲν</span> <span class='ocrx_word' id='word_1_64' title='bbox 1097 1177 1244 1249; x_wconf 77' lang='grc' dir='ltr'>αὐτῷ</span> <span class='ocrx_word' id='word_1_65' title='bbox 1283 1177 1358 1249; x_wconf 85' lang='grc' dir='ltr'><strong>τῷ</strong></span> <span class='ocrx_word' id='word_1_66' title='bbox 1401 1178 1614 1232; x_wconf 84' lang='grc' dir='ltr'>πάντων</span> <span class='ocrx_word' id='word_1_67' title='bbox 1653 1178 1856 1250; x_wconf 73' lang='grc' dir='ltr'>προφέ-</span> 
     </span>
    </p>
   </div>
   <div class='ocr_carea' id='block_1_14' title="bbox 301 1270 1858 1343">
    <p class='ocr_par' dir='ltr' id='par_1_14' title="bbox 301 1270 1858 1343">
     <span class='ocr_line' id='line_1_14' title="bbox 301 1270 1858 1343; baseline 0.001 -19"><span class='ocrx_word' id='word_1_68' title='bbox 301 1287 441 1341; x_wconf 88' lang='grc' dir='ltr'>ροντι</span> <span class='ocrx_word' id='word_1_69' title='bbox 477 1270 584 1339; x_wconf 88' lang='lat'>(68)</span> <span class='ocrx_word' id='word_1_70' title='bbox 620 1271 725 1324; x_wconf 88' lang='grc' dir='ltr'><strong>τῶν</strong></span> <span class='ocrx_word' id='word_1_71' title='bbox 757 1271 1038 1342; x_wconf 85' lang='grc' dir='ltr'>βασιλείων</span> <span class='ocrx_word' id='word_1_72' title='bbox 1066 1271 1218 1342; x_wconf 72' lang='grc' dir='ltr'>οἴκῳ,</span> <span class='ocrx_word' id='word_1_73' title='bbox 1267 1271 1479 1342; x_wconf 81' lang='grc' dir='ltr'>βάθρων</span> <span class='ocrx_word' id='word_1_74' title='bbox 1529 1272 1613 1340; x_wconf 72' lang='grc' dir='ltr'><strong>ἐφ’</strong></span> <span class='ocrx_word' id='word_1_75' title='bbox 1642 1271 1858 1343; x_wconf 68' lang='grc' dir='ltr'>ὑψηλῶν</span> 
     </span>
    </p>
   </div>
   <div class='ocr_carea' id='block_1_15' title="bbox 297 1360 1856 1432">
    <p class='ocr_par' dir='ltr' id='par_1_15' title="bbox 297 1360 1856 1432">
     <span class='ocr_line' id='line_1_15' title="bbox 297 1360 1856 1432; baseline -0.001 -19"><span class='ocrx_word' id='word_1_76' title='bbox 297 1360 667 1413; x_wconf 74' lang='grc' dir='ltr'><strong>κατετίθεντο⁹</strong></span> <span class='ocrx_word' id='word_1_77' title='bbox 707 1361 858 1430; x_wconf 80' lang='grc' dir='ltr'>φῶτά</span> <span class='ocrx_word' id='word_1_78' title='bbox 893 1361 939 1414; x_wconf 89' lang='grc' dir='ltr'>τ’</span> <span class='ocrx_word' id='word_1_79' title='bbox 975 1360 1276 1431; x_wconf 76' lang='grc' dir='ltr'>ὲφάψαντες</span> <span class='ocrx_word' id='word_1_80' title='bbox 1311 1360 1493 1432; x_wconf 78' lang='grc' dir='ltr'>κύκλῳ</span> <span class='ocrx_word' id='word_1_81' title='bbox 1525 1361 1614 1414; x_wconf 70' lang='grc' dir='ltr'>ἐπὶ</span> <span class='ocrx_word' id='word_1_82' title='bbox 1650 1361 1856 1413; x_wconf 80' lang='grc' dir='ltr'>σκευῶν</span> 
     </span>
    </p>
   </div>
   <div class='ocr_carea' id='block_1_16' title="bbox 295 1448 1856 1525">
    <p class='ocr_par' dir='ltr' id='par_1_16' title="bbox 295 1448 1856 1525">
     <span class='ocr_line' id='line_1_16' title="bbox 295 1448 1856 1525; baseline 0.001 -21"><span class='ocrx_word' id='word_1_83' title='bbox 295 1451 529 1523; x_wconf 80' lang='grc' dir='ltr'><strong>χρυσῶν,</strong></span> <span class='ocrx_word' id='word_1_84' title='bbox 562 1453 866 1523; x_wconf 82' lang='grc' dir='ltr'>θαυμαστὸν</span> <span class='ocrx_word' id='word_1_85' title='bbox 894 1452 1074 1524; x_wconf 89' lang='grc' dir='ltr'>θέαμα</span> <span class='ocrx_word' id='word_1_86' title='bbox 1104 1456 1210 1516; x_wconf 83' lang='grc' dir='ltr'>τοῖς</span> <span class='ocrx_word' id='word_1_87' title='bbox 1241 1452 1407 1525; x_wconf 84' lang='grc' dir='ltr'>ὁρῶσι</span> <span class='ocrx_word' id='word_1_88' title='bbox 1443 1456 1720 1525; x_wconf 85' lang='grc' dir='ltr'>παρεῖχον,</span> <span class='ocrx_word' id='word_1_89' title='bbox 1748 1448 1856 1505; x_wconf 75' lang='grc' dir='ltr'>οἷον</span> 
     </span>
    </p>
   </div>
   <div class='ocr_carea' id='block_1_17' title="bbox 295 1543 1857 1615">
    <p class='ocr_par' dir='ltr' id='par_1_17' title="bbox 295 1543 1857 1615">
     <span class='ocr_line' id='line_1_17' title="bbox 295 1543 1857 1615; baseline 0 -19"><span class='ocrx_word' id='word_1_90' title='bbox 295 1546 378 1597; x_wconf 76' lang='grc' dir='ltr'><strong>ἐπ’</strong></span> <span class='ocrx_word' id='word_1_91' title='bbox 429 1544 641 1608; x_wconf 76' lang='grc' dir='ltr'>οὐδενὸς</span> <span class='ocrx_word' id='word_1_92' title='bbox 694 1543 897 1599; x_wconf 81' lang='grc' dir='ltr'>πώποτ’</span> <span class='ocrx_word' id='word_1_93' title='bbox 941 1547 1025 1614; x_wconf 76' lang='grc' dir='ltr'><strong>ἐφ’</strong></span> <span class='ocrx_word' id='word_1_94' title='bbox 1071 1545 1220 1615; x_wconf 79' lang='grc' dir='ltr'>ἡλίου</span> <span class='ocrx_word' id='word_1_95' title='bbox 1271 1546 1465 1612; x_wconf 82' lang='grc' dir='ltr'>αὐγαῖς</span> <span class='ocrx_word' id='word_1_96' title='bbox 1522 1548 1585 1598; x_wconf 81' lang='grc' dir='ltr'><strong>ἐκ</strong></span> <span class='ocrx_word' id='word_1_97' title='bbox 1636 1543 1857 1615; x_wconf 78' lang='grc' dir='ltr'><strong>πρώτης</strong></span> 
     </span>
    </p>
   </div>
   <div class='ocr_carea' id='block_1_18' title="bbox 292 1632 1857 1705">
    <p class='ocr_par' dir='ltr' id='par_1_18' title="bbox 292 1632 1857 1705">
     <span class='ocr_line' id='line_1_18' title="bbox 292 1632 1857 1705; baseline 0 -18"><span class='ocrx_word' id='word_1_98' title='bbox 292 1633 485 1697; x_wconf 83' lang='grc' dir='ltr'>αἰῶνος</span> <span class='ocrx_word' id='word_1_99' title='bbox 514 1633 821 1698; x_wconf 75' lang='grc' dir='ltr'><strong>συστάσεως</strong></span> <span class='ocrx_word' id='word_1_100' title='bbox 851 1635 941 1688; x_wconf 70' lang='grc' dir='ltr'>ἐπὶ</span> <span class='ocrx_word' id='word_1_101' title='bbox 972 1637 1075 1705; x_wconf 85' lang='grc' dir='ltr'><strong>γῆς</strong></span> <span class='ocrx_word' id='word_1_102' title='bbox 1113 1632 1286 1705; x_wconf 61' lang='grc' dir='ltr'>ὤφθη.</span> <span class='ocrx_word' id='word_1_103' title='bbox 1323 1634 1510 1687; x_wconf 85' lang='grc' dir='ltr'>Ἔνδον</span> <span class='ocrx_word' id='word_1_104' title='bbox 1548 1633 1655 1705; x_wconf 81' lang='grc' dir='ltr'><strong>γάρ</strong></span> <span class='ocrx_word' id='word_1_105' title='bbox 1686 1651 1771 1687; x_wconf 87' lang='grc' dir='ltr'><strong>τοι</strong></span> <span class='ocrx_word' id='word_1_106' title='bbox 1798 1633 1857 1687; x_wconf 80' lang='grc' dir='ltr'>ὲν</span> 
     </span>
    </p>
   </div>
   <div class='ocr_carea' id='block_1_19' title="bbox 292 1724 1852 1798">
    <p class='ocr_par' dir='ltr' id='par_1_19' title="bbox 292 1724 1852 1798">
     <span class='ocr_line' id='line_1_19' title="bbox 292 1724 1852 1798; baseline 0 -20"><span class='ocrx_word' id='word_1_107' title='bbox 292 1724 437 1795; x_wconf 79' lang='grc' dir='ltr'>αὐτῷ</span> <span class='ocrx_word' id='word_1_108' title='bbox 471 1725 714 1797; x_wconf 86' lang='grc' dir='ltr'>παλατίῳ</span> <span class='ocrx_word' id='word_1_109' title='bbox 751 1725 891 1779; x_wconf 80' lang='grc' dir='ltr'>κατὰ</span> <span class='ocrx_word' id='word_1_110' title='bbox 937 1726 998 1779; x_wconf 80' lang='grc' dir='ltr'><strong>τὸ</strong></span> <span class='ocrx_word' id='word_1_111' title='bbox 1044 1726 1362 1798; x_wconf 82' lang='grc' dir='ltr'>μεσαίτατον</span> <span class='ocrx_word' id='word_1_112' title='bbox 1406 1728 1514 1780; x_wconf 86' lang='grc' dir='ltr'><strong>τῶν</strong></span> <span class='ocrx_word' id='word_1_113' title='bbox 1549 1726 1852 1796; x_wconf 82' lang='grc' dir='ltr'>βασιλείων,</span> 
     </span>
    </p>
   </div>
   <div class='ocr_carea' id='block_1_20' title="bbox 291 1816 1854 1890">
    <p class='ocr_par' dir='ltr' id='par_1_20' title="bbox 291 1816 1854 1890">
     <span class='ocr_line' id='line_1_20' title="bbox 291 1816 1854 1890; baseline 0.003 -19"><span class='ocrx_word' id='word_1_114' title='bbox 291 1818 373 1886; x_wconf 66' lang='grc' dir='ltr'><strong>ἐφ’</strong></span> <span class='ocrx_word' id='word_1_115' title='bbox 399 1816 610 1887; x_wconf 70' lang='grc' dir='ltr'>ὑψηλῆς</span> <span class='ocrx_word' id='word_1_116' title='bbox 650 1818 896 1888; x_wconf 86' lang='grc' dir='ltr'>κείμενον</span> <span class='ocrx_word' id='word_1_117' title='bbox 939 1818 1143 1890; x_wconf 82' lang='grc' dir='ltr'>χρυσῆς</span> <span class='ocrx_word' id='word_1_118' title='bbox 1186 1817 1450 1890; x_wconf 82' lang='grc' dir='ltr'>λάρνακος</span> <span class='ocrx_word' id='word_1_119' title='bbox 1490 1819 1550 1873; x_wconf 85' lang='grc' dir='ltr'><strong>τὸ</strong></span> <span class='ocrx_word' id='word_1_120' title='bbox 1593 1818 1854 1890; x_wconf 85' lang='grc' dir='ltr'>βασιλέως</span> 
     </span>
    </p>
   </div>
   <div class='ocr_carea' id='block_1_21' title="bbox 293 1906 1854 1982">
    <p class='ocr_par' dir='ltr' id='par_1_21' title="bbox 293 1906 1854 1982">
     <span class='ocr_line' id='line_1_21' title="bbox 293 1906 1854 1982; baseline 0.003 -20"><span class='ocrx_word' id='word_1_121' title='bbox 293 1907 508 1978; x_wconf 78' lang='grc' dir='ltr'>σκῇνος,</span> <span class='ocrx_word' id='word_1_122' title='bbox 546 1906 837 1977; x_wconf 85' lang='grc' dir='ltr'>βασιλικοῖς</span> <span class='ocrx_word' id='word_1_123' title='bbox 867 1926 925 1960; x_wconf 88' lang='grc' dir='ltr'><strong>τε</strong></span> <span class='ocrx_word' id='word_1_124' title='bbox 953 1908 1196 1979; x_wconf 77' lang='grc' dir='ltr'>κόσμοις,</span> <span class='ocrx_word' id='word_1_125' title='bbox 1233 1910 1485 1982; x_wconf 62' lang='grc' dir='ltr'>πορφύρᾳ</span> <span class='ocrx_word' id='word_1_126' title='bbox 1528 1928 1585 1963; x_wconf 84' lang='grc' dir='ltr'><strong>τε</strong></span> <span class='ocrx_word' id='word_1_127' title='bbox 1615 1912 1706 1966; x_wconf 74' lang='grc' dir='ltr'><strong>καὶ</strong></span> <span class='ocrx_word' id='word_1_128' title='bbox 1738 1913 1854 1967; x_wconf 90' lang='grc' dir='ltr'>δια-</span> 
     </span>
    </p>
   </div>
   <div class='ocr_carea' id='block_1_22' title="bbox 288 1997 1852 2074">
    <p class='ocr_par' dir='ltr' id='par_1_22' title="bbox 288 1997 1852 2074">
     <span class='ocr_line' id='line_1_22' title="bbox 288 1997 1852 2074; baseline 0.003 -23"><span class='ocrx_word' id='word_1_129' title='bbox 288 1997 492 2068; x_wconf 79' lang='grc' dir='ltr'>δήματι</span> <span class='ocrx_word' id='word_1_130' title='bbox 555 1998 945 2068; x_wconf 78' lang='grc' dir='ltr'><strong>τετιμημένον,</strong></span> <span class='ocrx_word' id='word_1_131' title='bbox 1010 1998 1248 2052; x_wconf 83' lang='grc' dir='ltr'>πλεῖστοι</span> <span class='ocrx_word' id='word_1_132' title='bbox 1307 2003 1852 2074; x_wconf 82' lang='grc' dir='ltr'>περιστοιχισάμενοι,</span> 
     </span>
    </p>
   </div>
   <div class='ocr_carea' id='block_1_23' title="bbox 289 2086 1691 2163">
    <p class='ocr_par' dir='ltr' id='par_1_23' title="bbox 289 2086 1691 2163">
     <span class='ocr_line' id='line_1_23' title="bbox 289 2086 1691 2163; baseline 0.002 -22"><span class='ocrx_word' id='word_1_133' title='bbox 289 2086 653 2159; x_wconf 76' lang='grc' dir='ltr'>ἐπαγρύπνως</span> <span class='ocrx_word' id='word_1_134' title='bbox 684 2087 749 2140; x_wconf 89' lang='grc' dir='ltr'>δι’</span> <span class='ocrx_word' id='word_1_135' title='bbox 777 2089 991 2160; x_wconf 80' lang='grc' dir='ltr'>ἡμέρας</span> <span class='ocrx_word' id='word_1_136' title='bbox 1022 2089 1118 2142; x_wconf 73' lang='grc' dir='ltr'>καὶ</span> <span class='ocrx_word' id='word_1_137' title='bbox 1148 2090 1339 2152; x_wconf 81' lang='grc' dir='ltr'>νυκτὸς</span> <span class='ocrx_word' id='word_1_138' title='bbox 1372 2090 1691 2163; x_wconf 77' lang='grc' dir='ltr'>ἐφρούρουν.</span> 
     </span>
    </p>
   </div>
   <div class='ocr_carea' id='block_1_24' title="bbox 801 2198 1340 2255">
    <p class='ocr_par' dir='ltr' id='par_1_24' title="bbox 801 2198 1340 2255">
     <span class='ocr_line' id='line_1_24' title="bbox 801 2198 1340 2255; baseline -0.006 0"><span class='ocrx_word' id='word_1_139' title='bbox 801 2201 1193 2255; x_wconf 76' lang='grc' dir='ltr'><strong>ΚΕΦΑΛΑΙΟΝ</strong></span> <span class='ocrx_word' id='word_1_140' title='bbox 1227 2198 1340 2252; x_wconf 81' lang='grc' dir='ltr'><strong>ΞΖ’.</strong></span> 
     </span>
    </p>
   </div>
   <div class='ocr_carea' id='block_1_25' title="bbox 292 2291 1858 2364">
    <p class='ocr_par' dir='ltr' id='par_1_25' title="bbox 292 2291 1858 2364">
     <span class='ocr_line' id='line_1_25' title="bbox 292 2291 1858 2364; baseline 0.001 -15"><span class='ocrx_word' id='word_1_141' title='bbox 292 2295 484 2362; x_wconf 78' lang='grc' dir='ltr'>Ὅπως</span> <span class='ocrx_word' id='word_1_142' title='bbox 521 2292 620 2348; x_wconf 76' lang='grc' dir='ltr'>καὶ</span> <span class='ocrx_word' id='word_1_143' title='bbox 652 2294 801 2364; x_wconf 80' lang='grc' dir='ltr'>μετὰ</span> <span class='ocrx_word' id='word_1_144' title='bbox 831 2294 1088 2347; x_wconf 72' lang='grc' dir='ltr'>θάνατον</span> <span class='ocrx_word' id='word_1_145' title='bbox 1123 2291 1552 2364; x_wconf 25' lang='grc' dir='ltr'>ὑπὸμκομήτων</span> <span class='ocrx_word' id='word_1_146' title='bbox 1597 2296 1692 2350; x_wconf 73' lang='grc' dir='ltr'>καὶ</span> <span class='ocrx_word' id='word_1_147' title='bbox 1734 2299 1858 2350; x_wconf 82' lang='grc' dir='ltr'>λοι-</span> 
     </span>
    </p>
   </div>
   <div class='ocr_carea' id='block_1_26' title="bbox 487 2361 1658 2434">
    <p class='ocr_par' dir='ltr' id='par_1_26' title="bbox 487 2361 1658 2434">
     <span class='ocr_line' id='line_1_26' title="bbox 487 2361 1658 2434; baseline 0.003 -17"><span class='ocrx_word' id='word_1_148' title='bbox 487 2361 861 2429; x_wconf 44' lang='grc' dir='ltr'>πῶνίκαθὼς</span> <span class='ocrx_word' id='word_1_149' title='bbox 893 2364 989 2417; x_wconf 82' lang='grc' dir='ltr'>καὶ</span> <span class='ocrx_word' id='word_1_150' title='bbox 1024 2365 1093 2418; x_wconf 81' lang='grc' dir='ltr'><strong>ἐν</strong></span> <span class='ocrx_word' id='word_1_151' title='bbox 1125 2362 1203 2429; x_wconf 79' lang='grc' dir='ltr'>τῷ</span> <span class='ocrx_word' id='word_1_152' title='bbox 1239 2361 1364 2432; x_wconf 71' lang='grc' dir='ltr'><strong>ζῇν,</strong></span> <span class='ocrx_word' id='word_1_153' title='bbox 1401 2364 1658 2434; x_wconf 82' lang='grc' dir='ltr'>ἐτιμᾶτο.</span> 
     </span>
    </p>
   </div>
   <div class='ocr_carea' id='block_1_27' title="bbox 360 2476 1848 2552">
    <p class='ocr_par' dir='ltr' id='par_1_27' title="bbox 360 2476 1848 2552">
     <span class='ocr_line' id='line_1_27' title="bbox 360 2476 1848 2552; baseline 0.001 -20"><span class='ocrx_word' id='word_1_154' title='bbox 360 2478 426 2532; x_wconf 78' lang='lat' dir='ltr'><strong>Oi</strong></span> <span class='ocrx_word' id='word_1_155' title='bbox 458 2477 514 2531; x_wconf 87' lang='grc' dir='ltr'>δέ</span> <span class='ocrx_word' id='word_1_156' title='bbox 554 2494 616 2545; x_wconf 83' lang='grc' dir='ltr'>γε</span> <span class='ocrx_word' id='word_1_157' title='bbox 645 2477 736 2531; x_wconf 77' lang='grc' dir='ltr'>τοῦ</span> <span class='ocrx_word' id='word_1_158' title='bbox 769 2477 965 2541; x_wconf 85' lang='grc' dir='ltr'>παντὸς</span> <span class='ocrx_word' id='word_1_159' title='bbox 997 2476 1225 2548; x_wconf 68' lang='grc' dir='ltr'>στρατοῦ</span> <span class='ocrx_word' id='word_1_160' title='bbox 1256 2477 1644 2550; x_wconf 79' lang='grc' dir='ltr'>καθηγεμόνες,</span> <span class='ocrx_word' id='word_1_161' title='bbox 1681 2479 1848 2552; x_wconf 80' lang='grc' dir='ltr'>κόμη-</span> 
     </span>
    </p>
   </div>
   <div class='ocr_carea' id='block_1_28' title="bbox 287 2554 1858 2642">
    <p class='ocr_par' dir='ltr' id='par_1_28' title="bbox 287 2554 1858 2642">
     <span class='ocr_line' id='line_1_28' title="bbox 287 2554 1858 2642; baseline 0.001 -18"><span class='ocrx_word' id='word_1_162' title='bbox 287 2569 382 2635; x_wconf 88' lang='grc' dir='ltr'><strong>τές</strong></span> <span class='ocrx_word' id='word_1_163' title='bbox 404 2588 463 2624; x_wconf 88' lang='grc' dir='ltr'><strong>τε</strong></span> <span class='ocrx_word' id='word_1_164' title='bbox 497 2554 591 2623; x_wconf 75' lang='grc' dir='ltr'>καὶ</span> <span class='ocrx_word' id='word_1_165' title='bbox 620 2573 724 2623; x_wconf 86' lang='grc' dir='ltr'>πᾶν</span> <span class='ocrx_word' id='word_1_166' title='bbox 756 2571 815 2622; x_wconf 75' lang='grc' dir='ltr'>τὸ</span> <span class='ocrx_word' id='word_1_167' title='bbox 841 2568 949 2622; x_wconf 90' lang='grc' dir='ltr'><strong>τῶν</strong></span> <span class='ocrx_word' id='word_1_168' title='bbox 983 2569 1254 2640; x_wconf 80' lang='grc' dir='ltr'>ἀρχόντων</span> <span class='ocrx_word' id='word_1_169' title='bbox 1279 2571 1485 2640; x_wconf 81' lang='grc' dir='ltr'>τάγμα,</span> <span class='ocrx_word' id='word_1_170' title='bbox 1520 2564 1601 2633; x_wconf 77' lang='grc' dir='ltr'>οἷς</span> <span class='ocrx_word' id='word_1_171' title='bbox 1635 2572 1725 2624; x_wconf 74' lang='grc' dir='ltr'><strong>τὸν</strong></span> <span class='ocrx_word' id='word_1_172' title='bbox 1763 2570 1858 2642; x_wconf 89' lang='grc' dir='ltr'>βα-</span> 
     </span>
    </p>
   </div>
   <div class='ocr_carea' id='block_1_29' title="bbox 294 2658 1854 2735">
    <p class='ocr_par' dir='ltr' id='par_1_29' title="bbox 294 2658 1854 2735">
     <span class='ocr_line' id='line_1_29' title="bbox 294 2658 1854 2735; baseline 0.001 -19"><span class='ocrx_word' id='word_1_173' title='bbox 294 2663 446 2717; x_wconf 86' lang='grc' dir='ltr'>σιλέα</span> <span class='ocrx_word' id='word_1_174' title='bbox 479 2664 572 2716; x_wconf 79' lang='grc' dir='ltr'><strong>καὶ</strong></span> <span class='ocrx_word' id='word_1_175' title='bbox 612 2663 773 2733; x_wconf 78' lang='grc' dir='ltr'>νόμος</span> <span class='ocrx_word' id='word_1_176' title='bbox 802 2663 1063 2734; x_wconf 81' lang='grc' dir='ltr'>πρότερον</span> <span class='ocrx_word' id='word_1_177' title='bbox 1086 2658 1153 2733; x_wconf 81' lang='grc' dir='ltr'>ἦν</span> <span class='ocrx_word' id='word_1_178' title='bbox 1194 2667 1539 2732; x_wconf 83' lang='grc' dir='ltr'>προσκυνεῖν,</span> <span class='ocrx_word' id='word_1_179' title='bbox 1574 2664 1738 2735; x_wconf 79' lang='grc' dir='ltr'>μηδὲν</span> <span class='ocrx_word' id='word_1_180' title='bbox 1761 2664 1854 2717; x_wconf 77' lang='grc' dir='ltr'>τοῦ</span> 
     </span>
    </p>
   </div>
   <div class='ocr_carea' id='block_1_30' title="bbox 295 2746 1856 2826">
    <p class='ocr_par' dir='ltr' id='par_1_30' title="bbox 295 2746 1856 2826">
     <span class='ocr_line' id='line_1_30' title="bbox 295 2746 1856 2826; baseline 0 -19"><span class='ocrx_word' id='word_1_181' title='bbox 295 2753 556 2824; x_wconf 80' lang='grc' dir='ltr'>συνήθους</span> <span class='ocrx_word' id='word_1_182' title='bbox 589 2753 1020 2823; x_wconf 80' lang='grc' dir='ltr'>ὑπαλλαξάμενοι</span> <span class='ocrx_word' id='word_1_183' title='bbox 1052 2753 1274 2823; x_wconf 75' lang='grc' dir='ltr'>τρόπον,</span> <span class='ocrx_word' id='word_1_184' title='bbox 1307 2757 1419 2816; x_wconf 88' lang='grc' dir='ltr'>τοῖς</span> <span class='ocrx_word' id='word_1_185' title='bbox 1440 2754 1615 2808; x_wconf 79' lang='grc' dir='ltr'>δέουσι</span> <span class='ocrx_word' id='word_1_186' title='bbox 1648 2746 1856 2826; x_wconf 84' lang='grc' dir='ltr'>καιροῖς</span> 
     </span>
    </p>
   </div>
   <div class='ocr_carea' id='block_1_31' title="bbox 294 2838 1858 2915">
    <p class='ocr_par' dir='ltr' id='par_1_31' title="bbox 294 2838 1858 2915">
     <span class='ocr_line' id='line_1_31' title="bbox 294 2838 1858 2915; baseline -0.001 -18"><span class='ocrx_word' id='word_1_187' title='bbox 294 2843 427 2897; x_wconf 79' lang='grc' dir='ltr'>εἵσω</span> <span class='ocrx_word' id='word_1_188' title='bbox 452 2843 737 2915; x_wconf 76' lang='grc' dir='ltr'>παριόντες</span> <span class='ocrx_word' id='word_1_189' title='bbox 760 2882 773 2905; x_wconf 91' lang='grc'><strong>,</strong></span> <span class='ocrx_word' id='word_1_190' title='bbox 810 2843 898 2895; x_wconf 73' lang='grc' dir='ltr'><strong>τὸν</strong></span> <span class='ocrx_word' id='word_1_191' title='bbox 930 2843 1020 2894; x_wconf 81' lang='grc' dir='ltr'><strong>ἐπὶ</strong></span> <span class='ocrx_word' id='word_1_192' title='bbox 1048 2843 1146 2912; x_wconf 83' lang='grc' dir='ltr'>τῆς</span> <span class='ocrx_word' id='word_1_193' title='bbox 1181 2842 1447 2914; x_wconf 86' lang='grc' dir='ltr'>λάρνακος</span> <span class='ocrx_word' id='word_1_194' title='bbox 1480 2843 1699 2912; x_wconf 78' lang='grc' dir='ltr'>βασιλέα</span> <span class='ocrx_word' id='word_1_195' title='bbox 1720 2883 1734 2908; x_wconf 90' lang='grc'><strong>,</strong></span> <span class='ocrx_word' id='word_1_196' title='bbox 1770 2838 1858 2896; x_wconf 67' lang='grc' dir='ltr'>οἷά</span> 
     </span>
    </p>
   </div>
   <div class='ocr_carea' id='block_1_32' title="bbox 294 2932 1852 3007">
    <p class='ocr_par' dir='ltr' id='par_1_32' title="bbox 294 2932 1852 3007">
     <span class='ocr_line' id='line_1_32' title="bbox 294 2932 1852 3007; baseline -0.001 -19"><span class='ocrx_word' id='word_1_197' title='bbox 294 2949 400 3007; x_wconf 66' lang='lat' dir='ltr'><strong>nep</strong></span> <span class='ocrx_word' id='word_1_198' title='bbox 427 2933 602 2999; x_wconf 77' lang='grc' dir='ltr'>ζῶντα</span> <span class='ocrx_word' id='word_1_199' title='bbox 626 2935 717 2987; x_wconf 76' lang='grc' dir='ltr'><strong>καὶ</strong></span> <span class='ocrx_word' id='word_1_200' title='bbox 744 2932 881 2999; x_wconf 86' lang='grc' dir='ltr'>μετὰ</span> <span class='ocrx_word' id='word_1_201' title='bbox 904 2933 1151 2995; x_wconf 82' lang='grc' dir='ltr'>θάνατον,</span> <span class='ocrx_word' id='word_1_202' title='bbox 1178 2933 1508 3004; x_wconf 85' lang='grc' dir='ltr'>γονυκλινεῖς</span> <span class='ocrx_word' id='word_1_203' title='bbox 1529 2933 1852 3003; x_wconf 73' lang='grc' dir='ltr'>ἠσπάζοντο·</span> 
     </span>
    </p>
   </div>
   <div class='ocr_carea' id='block_1_33' title="bbox 295 3022 1861 3097">
    <p class='ocr_par' dir='ltr' id='par_1_33' title="bbox 295 3022 1861 3097">
     <span class='ocr_line' id='line_1_33' title="bbox 295 3022 1861 3097; baseline -0.002 -19"><span class='ocrx_word' id='word_1_204' title='bbox 295 3024 438 3097; x_wconf 84' lang='grc' dir='ltr'>μετὰ</span> <span class='ocrx_word' id='word_1_205' title='bbox 466 3023 523 3077; x_wconf 83' lang='grc' dir='ltr'><strong>δὲ</strong></span> <span class='ocrx_word' id='word_1_206' title='bbox 556 3024 679 3088; x_wconf 82' lang='grc' dir='ltr'>τοὺς</span> <span class='ocrx_word' id='word_1_207' title='bbox 710 3022 954 3095; x_wconf 78' lang='grc' dir='ltr'>πρώτους</span> <span class='ocrx_word' id='word_1_208' title='bbox 980 3022 1130 3076; x_wconf 80' lang='grc' dir='ltr'>ταῦτ’</span> <span class='ocrx_word' id='word_1_209' title='bbox 1164 3022 1428 3094; x_wconf 78' lang='grc' dir='ltr'>ἔπραττον</span> <span class='ocrx_word' id='word_1_210' title='bbox 1454 3023 1738 3093; x_wconf 83' lang='grc' dir='ltr'>παριόντες</span> <span class='ocrx_word' id='word_1_211' title='bbox 1762 3063 1776 3085; x_wconf 90' lang='grc'><strong>,</strong></span> <span class='ocrx_word' id='word_1_212' title='bbox 1806 3023 1861 3075; x_wconf 79' lang='grc' dir='ltr'><strong>οἴ</strong></span> 
     </span>
    </p>
   </div>
   <div class='ocr_carea' id='block_1_34' title="bbox 1962 510 3531 584">
    <p class='ocr_par' dir='ltr' id='par_1_34' title="bbox 1962 510 3531 584">
     <span class='ocr_line' id='line_1_34' title="bbox 1962 510 3531 584; baseline -0.002 -16"><span class='ocrx_word' id='word_1_213' title='bbox 1962 525 2144 584; x_wconf 88' lang='lat' dir='ltr'><strong>utpote</strong></span> <span class='ocrx_word' id='word_1_214' title='bbox 2179 517 2452 571; x_wconf 79' lang='lat' dir='ltr'><strong>ceuimuni</strong></span> <span class='ocrx_word' id='word_1_215' title='bbox 2485 517 2722 569; x_wconf 90' lang='lat' dir='ltr'><strong>omnium</strong></span> <span class='ocrx_word' id='word_1_216' title='bbox 2756 515 2896 568; x_wconf 92' lang='lat' dir='ltr'><strong>bono</strong></span> <span class='ocrx_word' id='word_1_217' title='bbox 2922 527 2988 567; x_wconf 83' lang='lat' dir='ltr'><strong>ex</strong></span> <span class='ocrx_word' id='word_1_218' title='bbox 3022 513 3124 567; x_wconf 90' lang='lat' dir='ltr'><strong>bac</strong></span> <span class='ocrx_word' id='word_1_219' title='bbox 3156 512 3265 565; x_wconf 88' lang='lat' dir='ltr'><strong>vita</strong></span> <span class='ocrx_word' id='word_1_220' title='bbox 3297 510 3531 565; x_wconf 88' lang='lat' dir='ltr'><strong>sublato.</strong></span> 
     </span>
    </p>
   </div>
   <div class='ocr_carea' id='block_1_35' title="bbox 2518 621 2961 682">
    <p class='ocr_par' dir='ltr' id='par_1_35' title="bbox 2518 621 2961 682">
     <span class='ocr_line' id='line_1_35' title="bbox 2518 621 2961 682; baseline -0.009 -3"><span class='ocrx_word' id='word_1_221' title='bbox 2518 624 2746 682; x_wconf 83' lang='lat' dir='ltr'><strong>CAPUT</strong></span> <span class='ocrx_word' id='word_1_222' title='bbox 2798 621 2961 677; x_wconf 82' lang='lat' dir='ltr'><strong>LXVI</strong></span> 
     </span>
    </p>
   </div>
   <div class='ocr_carea' id='block_1_36' title="bbox 2049 712 3436 784">
    <p class='ocr_par' dir='ltr' id='par_1_36' title="bbox 2049 712 3436 784">
     <span class='ocr_line' id='line_1_36' title="bbox 2049 712 3436 784; baseline -0.001 -17"><span class='ocrx_word' id='word_1_223' title='bbox 2049 713 2319 779; x_wconf 85' lang='lat' dir='ltr'><strong>Quomodo</strong></span> <span class='ocrx_word' id='word_1_224' title='bbox 2361 716 2522 784; x_wconf 73' lang='lat' dir='ltr'><strong>[unus</strong></span> <span class='ocrx_word' id='word_1_225' title='bbox 2572 715 2885 770; x_wconf 74' lang='lat' dir='ltr'><strong>Nicomedia</strong></span> <span class='ocrx_word' id='word_1_226' title='bbox 2933 712 3436 784; x_wconf 76' lang='lat' dir='ltr'><strong>Constantinopolim</strong></span> 
     </span>
    </p>
   </div>
   <div class='ocr_carea' id='block_1_37' title="bbox 2346 783 3147 849">
    <p class='ocr_par' dir='ltr' id='par_1_37' title="bbox 2346 783 3147 849">
     <span class='ocr_line' id='line_1_37' title="bbox 2346 783 3147 849; baseline -0.004 -9"><span class='ocrx_word' id='word_1_227' title='bbox 2346 783 2623 840; x_wconf 83' lang='lat' dir='ltr'><strong>deductth</strong></span> <span class='ocrx_word' id='word_1_228' title='bbox 2666 794 2743 839; x_wconf 78' lang='lat' dir='ltr'><strong>est</strong></span> <span class='ocrx_word' id='word_1_229' title='bbox 2782 791 2836 837; x_wconf 88' lang='lat' dir='ltr'><strong>iu</strong></span> <span class='ocrx_word' id='word_1_230' title='bbox 2865 783 3147 849; x_wconf 83' lang='lat' dir='ltr'><strong>palatium.</strong></span> 
     </span>
    </p>
   </div>
   <div class='ocr_carea' id='block_1_38' title="bbox 2032 893 3531 963">
    <p class='ocr_par' dir='ltr' id='par_1_38' title="bbox 2032 893 3531 963">
     <span class='ocr_line' id='line_1_38' title="bbox 2032 893 3531 963; baseline 0.001 -15"><span class='ocrx_word' id='word_1_231' title='bbox 2032 894 2278 949; x_wconf 69' lang='lat' dir='ltr'><strong>Posmtec</strong></span> <span class='ocrx_word' id='word_1_232' title='bbox 2308 895 2510 950; x_wconf 86' lang='lat' dir='ltr'><strong>milites</strong></span> <span class='ocrx_word' id='word_1_233' title='bbox 2533 894 2802 950; x_wconf 88' lang='lat' dir='ltr'><strong>sublatum</strong></span> <span class='ocrx_word' id='word_1_234' title='bbox 2844 909 2875 947; x_wconf 87' lang='lat' dir='ltr'><strong>e</strong></span> <span class='ocrx_word' id='word_1_235' title='bbox 2922 897 3061 947; x_wconf 89' lang='lat' dir='ltr'><strong>lecto</strong></span> <span class='ocrx_word' id='word_1_236' title='bbox 3096 908 3294 963; x_wconf 89' lang='lat' dir='ltr'><strong>corpus</strong></span> <span class='ocrx_word' id='word_1_237' title='bbox 3320 893 3371 946; x_wconf 93' lang='lat' dir='ltr'><strong>in</strong></span> <span class='ocrx_word' id='word_1_238' title='bbox 3403 909 3531 950; x_wconf 88' lang='lat' dir='ltr'><strong>arca</strong></span> 
     </span>
    </p>
   </div>
   <div class='ocr_carea' id='block_1_39' title="bbox 1961 987 3530 1056">
    <p class='ocr_par' dir='ltr' id='par_1_39' title="bbox 1961 987 3530 1056">
     <span class='ocr_line' id='line_1_39' title="bbox 1961 987 3530 1056; baseline -0.002 -15"><span class='ocrx_word' id='word_1_239' title='bbox 1961 1002 2122 1041; x_wconf 87' lang='lat' dir='ltr'><strong>aurea</strong></span> <span class='ocrx_word' id='word_1_240' title='bbox 2177 988 2575 1054; x_wconf 82' lang='lat' dir='ltr'><strong>deposuerunt,</strong></span> <span class='ocrx_word' id='word_1_241' title='bbox 2630 1000 2859 1056; x_wconf 86' lang='lat' dir='ltr'><strong>eamque</strong></span> <span class='ocrx_word' id='word_1_242' title='bbox 2935 1000 3203 1055; x_wconf 87' lang='lat' dir='ltr'><strong>purpurea</strong></span> <span class='ocrx_word' id='word_1_243' title='bbox 3265 987 3530 1040; x_wconf 88' lang='lat' dir='ltr'><strong>obtectam</strong></span> 
     </span>
    </p>
   </div>
   <div class='ocr_carea' id='block_1_40' title="bbox 1959 1079 3534 1149">
    <p class='ocr_par' dir='ltr' id='par_1_40' title="bbox 1959 1079 3534 1149">
     <span class='ocr_line' id='line_1_40' title="bbox 1959 1079 3534 1149; baseline 0 -17"><span class='ocrx_word' id='word_1_244' title='bbox 1959 1090 2110 1135; x_wconf 78' lang='lat' dir='ltr'><strong>veSIe</strong></span> <span class='ocrx_word' id='word_1_245' title='bbox 2160 1079 2683 1149; x_wconf 75' lang='lat' dir='ltr'><strong>Constantinopolim</strong></span> <span class='ocrx_word' id='word_1_246' title='bbox 2710 1080 3088 1148; x_wconf 77' lang='lat' dir='ltr'><strong>deportarunt,</strong></span> <span class='ocrx_word' id='word_1_247' title='bbox 3131 1080 3368 1148; x_wconf 86' lang='lat' dir='ltr'><strong>atquein</strong></span> <span class='ocrx_word' id='word_1_248' title='bbox 3394 1094 3534 1149; x_wconf 73' lang='lat' dir='ltr'><strong>prae-</strong></span> 
     </span>
    </p>
   </div>
   <div class='ocr_carea' id='block_1_41' title="bbox 1959 1171 3533 1241">
    <p class='ocr_par' dir='ltr' id='par_1_41' title="bbox 1959 1171 3533 1241">
     <span class='ocr_line' id='line_1_41' title="bbox 1959 1171 3533 1241; baseline 0.001 -19"><span class='ocrx_word' id='word_1_249' title='bbox 1959 1172 2120 1240; x_wconf 82' lang='lat' dir='ltr'><strong>cipuo</strong></span> <span class='ocrx_word' id='word_1_250' title='bbox 2144 1171 2441 1241; x_wconf 89' lang='lat' dir='ltr'><strong>imperialis</strong></span> <span class='ocrx_word' id='word_1_251' title='bbox 2481 1171 2664 1240; x_wconf 76' lang='lat' dir='ltr'><strong>palatii</strong></span> <span class='ocrx_word' id='word_1_252' title='bbox 2704 1171 2954 1224; x_wconf 89' lang='lat' dir='ltr'><strong>cubiculo</strong></span> <span class='ocrx_word' id='word_1_253' title='bbox 2977 1172 3262 1224; x_wconf 79' lang='lat' dir='ltr'><strong>sublimem</strong></span> <span class='ocrx_word' id='word_1_254' title='bbox 3293 1172 3533 1226; x_wconf 87' lang='lat' dir='ltr'><strong>colloca-</strong></span> 
     </span>
    </p>
   </div>
   <div class='ocr_carea' id='block_1_42' title="bbox 1959 1263 3536 1333">
    <p class='ocr_par' dir='ltr' id='par_1_42' title="bbox 1959 1263 3536 1333">
     <span class='ocr_line' id='line_1_42' title="bbox 1959 1263 3536 1333; baseline 0.003 -19"><span class='ocrx_word' id='word_1_255' title='bbox 1959 1271 2168 1317; x_wconf 85' lang='lat' dir='ltr'><strong>verunt.</strong></span> <span class='ocrx_word' id='word_1_256' title='bbox 2203 1265 2403 1319; x_wconf 85' lang='lat' dir='ltr'><strong>Dehinc</strong></span> <span class='ocrx_word' id='word_1_257' title='bbox 2442 1280 2606 1319; x_wconf 86' lang='lat' dir='ltr'><strong>aurea</strong></span> <span class='ocrx_word' id='word_1_258' title='bbox 2639 1279 2800 1333; x_wconf 81' lang='lat' dir='ltr'><strong>super</strong></span> <span class='ocrx_word' id='word_1_259' title='bbox 2854 1263 3175 1318; x_wconf 85' lang='lat' dir='ltr'><strong>candelabra</strong></span> <span class='ocrx_word' id='word_1_260' title='bbox 3235 1264 3536 1319; x_wconf 69' lang='lat' dir='ltr'><strong>luminibus</strong></span> 
     </span>
    </p>
   </div>
   <div class='ocr_carea' id='block_1_43' title="bbox 1960 1355 3534 1424">
    <p class='ocr_par' dir='ltr' id='par_1_43' title="bbox 1960 1355 3534 1424">
     <span class='ocr_line' id='line_1_43' title="bbox 1960 1355 3534 1424; baseline 0.001 -16"><span class='ocrx_word' id='word_1_261' title='bbox 1960 1356 2196 1424; x_wconf 77' lang='lat' dir='ltr'><strong>undique</strong></span> <span class='ocrx_word' id='word_1_262' title='bbox 2224 1359 2489 1423; x_wconf 83' lang='lat' dir='ltr'><strong>accensis,</strong></span> <span class='ocrx_word' id='word_1_263' title='bbox 2532 1355 2850 1411; x_wconf 82' lang='lat' dir='ltr'><strong>admirabile</strong></span> <span class='ocrx_word' id='word_1_264' title='bbox 2899 1356 3265 1424; x_wconf 86' lang='lat' dir='ltr'><strong>spectaculum</strong></span> <span class='ocrx_word' id='word_1_265' title='bbox 3314 1356 3534 1411; x_wconf 86' lang='lat' dir='ltr'><strong>intuen-</strong></span> 
     </span>
    </p>
   </div>
   <div class='ocr_carea' id='block_1_44' title="bbox 1961 1447 3532 1519">
    <p class='ocr_par' dir='ltr' id='par_1_44' title="bbox 1961 1447 3532 1519">
     <span class='ocr_line' id='line_1_44' title="bbox 1961 1447 3532 1519; baseline 0.002 -20"><span class='ocrx_word' id='word_1_266' title='bbox 1961 1447 2104 1501; x_wconf 85' lang='lat' dir='ltr'><strong>tibus</strong></span> <span class='ocrx_word' id='word_1_267' title='bbox 2128 1451 2490 1516; x_wconf 72' lang='lat' dir='ltr'><strong>prtebebatur,</strong></span> <span class='ocrx_word' id='word_1_268' title='bbox 2519 1458 2572 1502; x_wconf 94' lang='lat' dir='ltr'><strong>et</strong></span> <span class='ocrx_word' id='word_1_269' title='bbox 2597 1449 2759 1519; x_wconf 79' lang='lat' dir='ltr'><strong>quale</strong></span> <span class='ocrx_word' id='word_1_270' title='bbox 2792 1449 2845 1502; x_wconf 91' lang='lat' dir='ltr'><strong>in</strong></span> <span class='ocrx_word' id='word_1_271' title='bbox 2887 1447 3031 1503; x_wconf 88' lang='lat' dir='ltr'><strong>nullo</strong></span> <span class='ocrx_word' id='word_1_272' title='bbox 3055 1464 3291 1517; x_wconf 88' lang='lat' dir='ltr'><strong>unquam</strong></span> <span class='ocrx_word' id='word_1_273' title='bbox 3324 1458 3532 1503; x_wconf 84' lang='lat' dir='ltr'><strong>morta-</strong></span> 
     </span>
    </p>
   </div>
   <div class='ocr_carea' id='block_1_45' title="bbox 1958 1538 3532 1608">
    <p class='ocr_par' dir='ltr' id='par_1_45' title="bbox 1958 1538 3532 1608">
     <span class='ocr_line' id='line_1_45' title="bbox 1958 1538 3532 1608; baseline 0.004 -19"><span class='ocrx_word' id='word_1_274' title='bbox 1958 1538 2086 1590; x_wconf 87' lang='lat' dir='ltr'><strong>lium</strong></span> <span class='ocrx_word' id='word_1_275' title='bbox 2114 1541 2182 1593; x_wconf 92' lang='lat' dir='ltr'><strong>ab</strong></span> <span class='ocrx_word' id='word_1_276' title='bbox 2212 1542 2328 1608; x_wconf 91' lang='lat' dir='ltr'><strong>ipso</strong></span> <span class='ocrx_word' id='word_1_277' title='bbox 2380 1542 2529 1593; x_wconf 87' lang='lat' dir='ltr'><strong>orbis</strong></span> <span class='ocrx_word' id='word_1_278' title='bbox 2557 1541 2776 1595; x_wconf 90' lang='lat' dir='ltr'><strong>conditu</strong></span> <span class='ocrx_word' id='word_1_279' title='bbox 2810 1541 2985 1595; x_wconf 90' lang='lat' dir='ltr'><strong>visum</strong></span> <span class='ocrx_word' id='word_1_280' title='bbox 3033 1541 3084 1594; x_wconf 91' lang='lat' dir='ltr'><strong>in</strong></span> <span class='ocrx_word' id='word_1_281' title='bbox 3143 1541 3300 1595; x_wconf 90' lang='lat' dir='ltr'><strong>terris</strong></span> <span class='ocrx_word' id='word_1_282' title='bbox 3333 1543 3532 1596; x_wconf 82' lang='lat' dir='ltr'><strong>fuerat.</strong></span> 
     </span>
    </p>
   </div>
   <div class='ocr_carea' id='block_1_46' title="bbox 1959 1629 3582 1703">
    <p class='ocr_par' dir='ltr' id='par_1_46' title="bbox 1959 1629 3582 1703">
     <span class='ocr_line' id='line_1_46' title="bbox 1959 1629 3582 1703; baseline 0.004 -21"><span class='ocrx_word' id='word_1_283' title='bbox 1959 1629 2163 1699; x_wconf 84' lang='lat' dir='ltr'><strong>Quippe</strong></span> <span class='ocrx_word' id='word_1_284' title='bbox 2195 1632 2248 1684; x_wconf 91' lang='lat' dir='ltr'><strong>in</strong></span> <span class='ocrx_word' id='word_1_285' title='bbox 2292 1633 2467 1685; x_wconf 73' lang='lat' dir='ltr'><strong>medio</strong></span> <span class='ocrx_word' id='word_1_286' title='bbox 2496 1633 2736 1687; x_wconf 78' lang='lat' dir='ltr'><strong>conclavi</strong></span> <span class='ocrx_word' id='word_1_287' title='bbox 2774 1633 2973 1703; x_wconf 82' lang='lat' dir='ltr'><strong>regalis</strong></span> <span class='ocrx_word' id='word_1_288' title='bbox 3004 1632 3217 1702; x_wconf 86' lang='lat' dir='ltr'><strong>palatii,</strong></span> <span class='ocrx_word' id='word_1_289' title='bbox 3254 1633 3414 1686; x_wconf 79' lang='lat' dir='ltr'><strong>funus</strong></span> <span class='ocrx_word' id='word_1_290' title='bbox 3440 1633 3538 1686; x_wconf 90' lang='lat' dir='ltr'><strong>im-</strong></span> <span class='ocrx_word' id='word_1_291' title='bbox 3577 1683 3582 1688; x_wconf 95' lang='lat'><strong>.</strong></span> 
     </span>
    </p>
   </div>
   <div class='ocr_carea' id='block_1_47' title="bbox 1960 1723 3531 1792">
    <p class='ocr_par' dir='ltr' id='par_1_47' title="bbox 1960 1723 3531 1792">
     <span class='ocr_line' id='line_1_47' title="bbox 1960 1723 3531 1792; baseline 0 -15"><span class='ocrx_word' id='word_1_292' title='bbox 1960 1724 2227 1791; x_wconf 86' lang='lat' dir='ltr'><strong>peratoris</strong></span> <span class='ocrx_word' id='word_1_293' title='bbox 2260 1723 2312 1777; x_wconf 92' lang='lat' dir='ltr'><strong>in</strong></span> <span class='ocrx_word' id='word_1_294' title='bbox 2349 1740 2473 1778; x_wconf 84' lang='lat' dir='ltr'><strong>arca</strong></span> <span class='ocrx_word' id='word_1_295' title='bbox 2516 1740 2683 1778; x_wconf 89' lang='lat' dir='ltr'><strong>aurea</strong></span> <span class='ocrx_word' id='word_1_296' title='bbox 2718 1724 2949 1779; x_wconf 85' lang='lat' dir='ltr'><strong>sublime</strong></span> <span class='ocrx_word' id='word_1_297' title='bbox 2992 1724 3203 1792; x_wconf 84' lang='lat' dir='ltr'><strong>jacens,</strong></span> <span class='ocrx_word' id='word_1_298' title='bbox 3260 1725 3424 1790; x_wconf 82' lang='lat' dir='ltr'><strong>regiis</strong></span> <span class='ocrx_word' id='word_1_299' title='bbox 3448 1724 3531 1777; x_wconf 90' lang='lat' dir='ltr'><strong>in-</strong></span> 
     </span>
    </p>
   </div>
   <div class='ocr_carea' id='block_1_48' title="bbox 1958 1815 3531 1883">
    <p class='ocr_par' dir='ltr' id='par_1_48' title="bbox 1958 1815 3531 1883">
     <span class='ocr_line' id='line_1_48' title="bbox 1958 1815 3531 1883; baseline -0.001 -14"><span class='ocrx_word' id='word_1_300' title='bbox 1958 1815 2223 1883; x_wconf 78' lang='lat' dir='ltr'><strong>signibus,</strong></span> <span class='ocrx_word' id='word_1_301' title='bbox 2258 1831 2492 1883; x_wconf 88' lang='lat' dir='ltr'><strong>purpura</strong></span> <span class='ocrx_word' id='word_1_302' title='bbox 2522 1816 2729 1871; x_wconf 85' lang='lat' dir='ltr'><strong>scilicet</strong></span> <span class='ocrx_word' id='word_1_303' title='bbox 2756 1831 2820 1870; x_wconf 86' lang='lat' dir='ltr'><strong>ac</strong></span> <span class='ocrx_word' id='word_1_304' title='bbox 2850 1816 3159 1869; x_wconf 85' lang='lat' dir='ltr'><strong>diademate</strong></span> <span class='ocrx_word' id='word_1_305' title='bbox 3188 1824 3531 1881; x_wconf 80' lang='lat' dir='ltr'><strong>exornatum,</strong></span> 
     </span>
    </p>
   </div>
   <div class='ocr_carea' id='block_1_49' title="bbox 1958 1905 3532 1977">
    <p class='ocr_par' dir='ltr' id='par_1_49' title="bbox 1958 1905 3532 1977">
     <span class='ocr_line' id='line_1_49' title="bbox 1958 1905 3532 1977; baseline 0 -17"><span class='ocrx_word' id='word_1_306' title='bbox 1958 1907 2110 1961; x_wconf 88' lang='lat' dir='ltr'><strong>multi</strong></span> <span class='ocrx_word' id='word_1_307' title='bbox 2154 1908 2557 1962; x_wconf 89' lang='lat' dir='ltr'><strong>circumdantes</strong></span> <span class='ocrx_word' id='word_1_308' title='bbox 2606 1917 2766 1963; x_wconf 89' lang='lat' dir='ltr'><strong>noctu</strong></span> <span class='ocrx_word' id='word_1_309' title='bbox 2842 1916 3004 1977; x_wconf 85' lang='lat' dir='ltr'><strong>atque</strong></span> <span class='ocrx_word' id='word_1_310' title='bbox 3058 1908 3290 1962; x_wconf 77' lang='lat' dir='ltr'><strong>interdiu</strong></span> <span class='ocrx_word' id='word_1_311' title='bbox 3345 1905 3532 1977; x_wconf 79' lang='lat' dir='ltr'><strong>vigiles</strong></span> 
     </span>
    </p>
   </div>
   <div class='ocr_carea' id='block_1_50' title="bbox 1956 1997 2353 2055">
    <p class='ocr_par' dir='ltr' id='par_1_50' title="bbox 1956 1997 2353 2055">
     <span class='ocr_line' id='line_1_50' title="bbox 1956 1997 2353 2055; baseline -0.005 -1"><span class='ocrx_word' id='word_1_312' title='bbox 1956 1997 2353 2055; x_wconf 84' lang='lat' dir='ltr'><strong>custodiebant.</strong></span> 
     </span>
    </p>
   </div>
   <div class='ocr_carea' id='block_1_51' title="bbox 2406 2203 3059 2277">
    <p class='ocr_par' dir='ltr' id='par_1_51' title="bbox 2406 2203 3059 2277">
     <span class='ocr_line' id='line_1_51' title="bbox 2406 2203 3059 2277; baseline 0.002 -17"><span class='ocrx_word' id='word_1_313' title='bbox 2406 2203 2570 2277; x_wconf 73' lang='lat'><strong>560</strong></span> <span class='ocrx_word' id='word_1_314' title='bbox 2597 2203 2821 2260; x_wconf 82' lang='lat' dir='ltr'><strong>CAPUT</strong></span> <span class='ocrx_word' id='word_1_315' title='bbox 2849 2203 3059 2261; x_wconf 78' lang='lat' dir='ltr'><strong>vau.</strong></span> 
     </span>
    </p>
   </div>
   <div class='ocr_carea' id='block_1_52' title="bbox 1959 2295 3533 2366">
    <p class='ocr_par' dir='ltr' id='par_1_52' title="bbox 1959 2295 3533 2366">
     <span class='ocr_line' id='line_1_52' title="bbox 1959 2295 3533 2366; baseline -0.001 -16"><span class='ocrx_word' id='word_1_316' title='bbox 1959 2295 2230 2363; x_wconf 82' lang='lat' dir='ltr'><strong>Quomodo</strong></span> <span class='ocrx_word' id='word_1_317' title='bbox 2253 2298 2413 2352; x_wconf 86' lang='lat' dir='ltr'><strong>etiam</strong></span> <span class='ocrx_word' id='word_1_318' title='bbox 2453 2307 2569 2366; x_wconf 76' lang='lat' dir='ltr'><strong>post</strong></span> <span class='ocrx_word' id='word_1_319' title='bbox 2599 2308 2817 2351; x_wconf 83' lang='lat' dir='ltr'><strong>mortem</strong></span> <span class='ocrx_word' id='word_1_320' title='bbox 2845 2315 2875 2349; x_wconf 82' lang='grc' dir='ltr'><strong>α</strong></span> <span class='ocrx_word' id='word_1_321' title='bbox 2901 2297 3183 2351; x_wconf 78' lang='lat' dir='ltr'><strong>comitibus</strong></span> <span class='ocrx_word' id='word_1_322' title='bbox 3215 2305 3260 2349; x_wconf 85' lang='lat' dir='ltr'><strong>et</strong></span> <span class='ocrx_word' id='word_1_323' title='bbox 3297 2295 3533 2366; x_wconf 75' lang='lat' dir='ltr'><strong>reliquis,</strong></span> 
     </span>
    </p>
   </div>
   <div class='ocr_carea' id='block_1_53' title="bbox 2269 2369 3217 2435">
    <p class='ocr_par' dir='ltr' id='par_1_53' title="bbox 2269 2369 3217 2435">
     <span class='ocr_line' id='line_1_53' title="bbox 2269 2369 3217 2435; baseline -0.001 -14"><span class='ocrx_word' id='word_1_324' title='bbox 2269 2370 2482 2435; x_wconf 85' lang='lat' dir='ltr'><strong>perinde</strong></span> <span class='ocrx_word' id='word_1_325' title='bbox 2504 2385 2564 2421; x_wconf 87' lang='lat' dir='ltr'><strong>ac</strong></span> <span class='ocrx_word' id='word_1_326' title='bbox 2599 2369 2767 2431; x_wconf 85' lang='lat' dir='ltr'><strong>vivus,</strong></span> <span class='ocrx_word' id='word_1_327' title='bbox 2806 2370 3092 2421; x_wconf 77' lang='lat' dir='ltr'><strong>honoratus</strong></span> <span class='ocrx_word' id='word_1_328' title='bbox 3119 2376 3217 2420; x_wconf 81' lang='lat' dir='ltr'><strong>est.</strong></span> 
     </span>
    </p>
   </div>
   <div class='ocr_carea' id='block_1_54' title="bbox 2025 2480 3534 2551">
    <p class='ocr_par' dir='ltr' id='par_1_54' title="bbox 2025 2480 3534 2551">
     <span class='ocr_line' id='line_1_54' title="bbox 2025 2480 3534 2551; baseline -0.002 -15"><span class='ocrx_word' id='word_1_329' title='bbox 2025 2480 2291 2536; x_wconf 67' lang='lat' dir='ltr'><strong>Cmterum</strong></span> <span class='ocrx_word' id='word_1_330' title='bbox 2335 2485 2500 2535; x_wconf 87' lang='lat' dir='ltr'><strong>totius</strong></span> <span class='ocrx_word' id='word_1_331' title='bbox 2522 2480 2796 2534; x_wconf 77' lang='lat' dir='ltr'><strong>exercitus</strong></span> <span class='ocrx_word' id='word_1_332' title='bbox 2840 2480 3029 2547; x_wconf 89' lang='lat' dir='ltr'><strong>duces,</strong></span> <span class='ocrx_word' id='word_1_333' title='bbox 3060 2482 3289 2535; x_wconf 78' lang='lat' dir='ltr'><strong>comites</strong></span> <span class='ocrx_word' id='word_1_334' title='bbox 3318 2494 3534 2551; x_wconf 82' lang='lat' dir='ltr'><strong>quoque</strong></span> 
     </span>
    </p>
   </div>
   <div class='ocr_carea' id='block_1_55' title="bbox 1957 2570 3532 2641">
    <p class='ocr_par' dir='ltr' id='par_1_55' title="bbox 1957 2570 3532 2641">
     <span class='ocr_line' id='line_1_55' title="bbox 1957 2570 3532 2641; baseline -0.001 -16"><span class='ocrx_word' id='word_1_335' title='bbox 1957 2581 2012 2625; x_wconf 87' lang='lat' dir='ltr'><strong>et</strong></span> <span class='ocrx_word' id='word_1_336' title='bbox 2046 2571 2239 2640; x_wconf 85' lang='lat' dir='ltr'><strong>reliqui</strong></span> <span class='ocrx_word' id='word_1_337' title='bbox 2278 2570 2494 2639; x_wconf 89' lang='lat' dir='ltr'><strong>judices</strong></span> <span class='ocrx_word' id='word_1_338' title='bbox 2532 2586 2595 2625; x_wconf 90' lang='lat' dir='ltr'><strong>ac</strong></span> <span class='ocrx_word' id='word_1_339' title='bbox 2629 2571 2999 2641; x_wconf 82' lang='lat' dir='ltr'><strong>magistratus,</strong></span> <span class='ocrx_word' id='word_1_340' title='bbox 3034 2572 3123 2640; x_wconf 91' lang='lat' dir='ltr'><strong>qui</strong></span> <span class='ocrx_word' id='word_1_341' title='bbox 3166 2575 3329 2625; x_wconf 84' lang='lat' dir='ltr'><strong>etiam</strong></span> <span class='ocrx_word' id='word_1_342' title='bbox 3370 2582 3532 2625; x_wconf 87' lang='lat' dir='ltr'><strong>antea</strong></span> 
     </span>
    </p>
   </div>
   <div class='ocr_carea' id='block_1_56' title="bbox 1958 2662 3537 2732">
    <p class='ocr_par' dir='ltr' id='par_1_56' title="bbox 1958 2662 3537 2732">
     <span class='ocr_line' id='line_1_56' title="bbox 1958 2662 3537 2732; baseline 0.001 -17"><span class='ocrx_word' id='word_1_343' title='bbox 1958 2663 2334 2732; x_wconf 88' lang='lat' dir='ltr'><strong>imperatorem</strong></span> <span class='ocrx_word' id='word_1_344' title='bbox 2375 2666 2607 2718; x_wconf 90' lang='lat' dir='ltr'><strong>adorare</strong></span> <span class='ocrx_word' id='word_1_345' title='bbox 2658 2662 2805 2717; x_wconf 89' lang='lat' dir='ltr'><strong>soliti</strong></span> <span class='ocrx_word' id='word_1_346' title='bbox 2848 2672 3026 2727; x_wconf 85' lang='lat' dir='ltr'><strong>erant,</strong></span> <span class='ocrx_word' id='word_1_347' title='bbox 3100 2662 3313 2732; x_wconf 76' lang='lat' dir='ltr'><strong>priStini</strong></span> <span class='ocrx_word' id='word_1_348' title='bbox 3369 2662 3537 2717; x_wconf 81' lang='lat' dir='ltr'><strong>moris</strong></span> 
     </span>
    </p>
   </div>
   <div class='ocr_carea' id='block_1_57' title="bbox 1956 2754 3535 2815">
    <p class='ocr_par' dir='ltr' id='par_1_57' title="bbox 1956 2754 3535 2815">
     <span class='ocr_line' id='line_1_57' title="bbox 1956 2754 3535 2815; baseline 0 -6"><span class='ocrx_word' id='word_1_349' title='bbox 1956 2756 2350 2809; x_wconf 88' lang='lat' dir='ltr'><strong>observantiam</strong></span> <span class='ocrx_word' id='word_1_350' title='bbox 2391 2754 2698 2809; x_wconf 83' lang='lat' dir='ltr'><strong>nullatenus</strong></span> <span class='ocrx_word' id='word_1_351' title='bbox 2742 2765 3038 2815; x_wconf 88' lang='lat' dir='ltr'><strong>mutantes,</strong></span> <span class='ocrx_word' id='word_1_352' title='bbox 3064 2755 3226 2808; x_wconf 80' lang='lat' dir='ltr'><strong>Statis</strong></span> <span class='ocrx_word' id='word_1_353' title='bbox 3269 2754 3419 2810; x_wconf 88' lang='lat' dir='ltr'><strong>boris</strong></span> <span class='ocrx_word' id='word_1_354' title='bbox 3451 2758 3535 2809; x_wconf 83' lang='lat' dir='ltr'><strong>in-</strong></span> 
     </span>
    </p>
   </div>
   <div class='ocr_carea' id='block_1_58' title="bbox 1956 2848 3533 2919">
    <p class='ocr_par' dir='ltr' id='par_1_58' title="bbox 1956 2848 3533 2919">
     <span class='ocr_line' id='line_1_58' title="bbox 1956 2848 3533 2919; baseline 0 -18"><span class='ocrx_word' id='word_1_355' title='bbox 1956 2848 2376 2917; x_wconf 86' lang='lat' dir='ltr'><strong>grediebantur;</strong></span> <span class='ocrx_word' id='word_1_356' title='bbox 2426 2859 2479 2903; x_wconf 92' lang='lat' dir='ltr'><strong>et</strong></span> <span class='ocrx_word' id='word_1_357' title='bbox 2526 2851 2907 2919; x_wconf 87' lang='lat' dir='ltr'><strong>imperatorem</strong></span> <span class='ocrx_word' id='word_1_358' title='bbox 2950 2851 3002 2901; x_wconf 92' lang='lat' dir='ltr'><strong>in</strong></span> <span class='ocrx_word' id='word_1_359' title='bbox 3050 2863 3174 2901; x_wconf 89' lang='lat' dir='ltr'><strong>arca</strong></span> <span class='ocrx_word' id='word_1_360' title='bbox 3205 2848 3533 2917; x_wconf 87' lang='lat' dir='ltr'><strong>depositum,</strong></span> 
     </span>
    </p>
   </div>
   <div class='ocr_carea' id='block_1_59' title="bbox 1956 2940 3533 3031">
    <p class='ocr_par' dir='ltr' id='par_1_59' title="bbox 1956 2940 3533 3031">
     <span class='ocr_line' id='line_1_59' title="bbox 1956 2940 3533 3031; baseline 0 -36"><span class='ocrx_word' id='word_1_361' title='bbox 1956 2943 2178 3010; x_wconf 89' lang='lat' dir='ltr'><strong>perinde</strong></span> <span class='ocrx_word' id='word_1_362' title='bbox 2195 2957 2259 2996; x_wconf 88' lang='lat' dir='ltr'><strong>ac</strong></span> <span class='ocrx_word' id='word_1_363' title='bbox 2281 2945 2456 2998; x_wconf 85' lang='lat' dir='ltr'><strong>vivum</strong></span> <span class='ocrx_word' id='word_1_364' title='bbox 2474 2953 2531 2998; x_wconf 90' lang='lat' dir='ltr'><strong>et</strong></span> <span class='ocrx_word' id='word_1_365' title='bbox 2550 2945 2865 3031; x_wconf 82' lang='lat' dir='ltr'><strong>spirantem,</strong></span> <span class='ocrx_word' id='word_1_366' title='bbox 2889 2957 3024 3013; x_wconf 84' lang='lat' dir='ltr'><strong>genu</strong></span> <span class='ocrx_word' id='word_1_367' title='bbox 3040 2940 3176 2996; x_wconf 74' lang='lat' dir='ltr'><strong>ﬂexo</strong></span> <span class='ocrx_word' id='word_1_368' title='bbox 3196 2951 3315 3010; x_wconf 87' lang='lat' dir='ltr'><strong>post</strong></span> <span class='ocrx_word' id='word_1_369' title='bbox 3330 2941 3533 2996; x_wconf 85' lang='lat' dir='ltr'><strong>obit-um</strong></span> 
     </span>
    </p>
   </div>
   <div class='ocr_carea' id='block_1_60' title="bbox 1958 3030 3537 3103">
    <p class='ocr_par' dir='ltr' id='par_1_60' title="bbox 1958 3030 3537 3103">
     <span class='ocr_line' id='line_1_60' title="bbox 1958 3030 3537 3103; baseline 0 -19"><span class='ocrx_word' id='word_1_370' title='bbox 1958 3030 2284 3087; x_wconf 78' lang='lat' dir='ltr'><strong>salutabant.</strong></span> <span class='ocrx_word' id='word_1_371' title='bbox 2324 3033 2452 3087; x_wconf 90' lang='lat' dir='ltr'><strong>Post</strong></span> <span class='ocrx_word' id='word_1_372' title='bbox 2487 3030 2754 3103; x_wconf 87' lang='lat' dir='ltr'><strong>primores</strong></span> <span class='ocrx_word' id='word_1_373' title='bbox 2784 3043 2964 3086; x_wconf 88' lang='lat' dir='ltr'><strong>autem</strong></span> <span class='ocrx_word' id='word_1_374' title='bbox 3012 3032 3153 3097; x_wconf 85' lang='lat' dir='ltr'><strong>illos,</strong></span> <span class='ocrx_word' id='word_1_375' title='bbox 3197 3033 3339 3086; x_wconf 88' lang='lat' dir='ltr'><strong>idem</strong></span> <span class='ocrx_word' id='word_1_376' title='bbox 3379 3032 3537 3085; x_wconf 54' lang='lat' dir='ltr'><strong>dein.</strong></span> 
     </span>
    </p>
   </div>
   <div class='ocr_carea' id='block_1_61' title="bbox 291 3113 1854 3193">
    <p class='ocr_par' dir='ltr' id='par_1_61' title="bbox 291 3113 1854 3186">
     <span class='ocr_line' id='line_1_61' title="bbox 291 3113 1854 3186; baseline -0.002 -15"><span class='ocrx_word' id='word_1_377' title='bbox 291 3118 339 3171; x_wconf 82' lang='grc' dir='ltr'>τ’</span> <span class='ocrx_word' id='word_1_378' title='bbox 364 3117 425 3184; x_wconf 83' lang='grc' dir='ltr'>ἐξ</span> <span class='ocrx_word' id='word_1_379' title='bbox 466 3116 634 3186; x_wconf 77' lang='grc' dir='ltr'>αὐτῆς</span> <span class='ocrx_word' id='word_1_380' title='bbox 675 3115 977 3186; x_wconf 83' lang='grc' dir='ltr'>συγκλήτου</span> <span class='ocrx_word' id='word_1_381' title='bbox 1010 3114 1199 3185; x_wconf 81' lang='grc' dir='ltr'>βουλῆς</span> <span class='ocrx_word' id='word_1_382' title='bbox 1219 3153 1234 3177; x_wconf 93' lang='grc'><strong>,</strong></span> <span class='ocrx_word' id='word_1_383' title='bbox 1282 3115 1335 3167; x_wconf 88' lang='grc' dir='ltr'><strong>οἵ</strong></span> <span class='ocrx_word' id='word_1_384' title='bbox 1363 3116 1410 3167; x_wconf 84' lang='grc' dir='ltr'>τ’</span> <span class='ocrx_word' id='word_1_385' title='bbox 1440 3115 1532 3167; x_wconf 77' lang='grc' dir='ltr'>ἐπὶ</span> <span class='ocrx_word' id='word_1_386' title='bbox 1560 3113 1712 3180; x_wconf 78' lang='grc' dir='ltr'>ἀξίας</span> <span class='ocrx_word' id='word_1_387' title='bbox 1748 3113 1854 3186; x_wconf 81' lang='grc'>(69)</span> 
     </span>
    </p>
   </div>
   <div class='ocr_carea' id='block_1_62' title="bbox 1963 3113 3539 3193">
    <p class='ocr_par' dir='ltr' id='par_1_62' title="bbox 1963 3126 3539 3193">
     <span class='ocr_line' id='line_1_62' title="bbox 1963 3126 3539 3193; baseline 0.003 -16"><span class='ocrx_word' id='word_1_388' title='bbox 1963 3140 2087 3193; x_wconf 86' lang='lat' dir='ltr'><strong>ceps</strong></span> <span class='ocrx_word' id='word_1_389' title='bbox 2139 3135 2193 3180; x_wconf 90' lang='lat' dir='ltr'><strong>et</strong></span> <span class='ocrx_word' id='word_1_390' title='bbox 2234 3136 2511 3181; x_wconf 85' lang='lat' dir='ltr'><strong>senatores</strong></span> <span class='ocrx_word' id='word_1_391' title='bbox 2564 3136 2619 3180; x_wconf 80' lang='lat' dir='ltr'><strong>et</strong></span> <span class='ocrx_word' id='word_1_392' title='bbox 2669 3126 2916 3179; x_wconf 89' lang='lat' dir='ltr'><strong>honorati</strong></span> <span class='ocrx_word' id='word_1_393' title='bbox 2952 3140 3141 3180; x_wconf 90' lang='lat' dir='ltr'><strong>omnes</strong></span> <span class='ocrx_word' id='word_1_394' title='bbox 3197 3128 3539 3181; x_wconf 68' lang='lat' dir='ltr'><strong>introeuntee</strong></span> 
     </span>
    </p>
   </div>
   <div class='ocr_carea' id='block_1_63' title="bbox 291 3204 1853 3278">
    <p class='ocr_par' dir='ltr' id='par_1_63' title="bbox 291 3204 1853 3278">
     <span class='ocr_line' id='line_1_63' title="bbox 291 3204 1853 3278; baseline -0.006 -15"><span class='ocrx_word' id='word_1_395' title='bbox 291 3209 524 3272; x_wconf 74' lang='grc' dir='ltr'>πάντεςο</span> <span class='ocrx_word' id='word_1_396' title='bbox 578 3206 692 3278; x_wconf 83' lang='grc' dir='ltr'>μεθ’</span> <span class='ocrx_word' id='word_1_397' title='bbox 718 3205 810 3269; x_wconf 82' lang='grc' dir='ltr'><strong>οὓς</strong></span> <span class='ocrx_word' id='word_1_398' title='bbox 847 3204 991 3275; x_wconf 76' lang='grc' dir='ltr'>ὄχλοι</span> <span class='ocrx_word' id='word_1_399' title='bbox 1041 3204 1304 3258; x_wconf 80' lang='grc' dir='ltr'>παντοίων</span> <span class='ocrx_word' id='word_1_400' title='bbox 1346 3204 1563 3276; x_wconf 80' lang='grc' dir='ltr'>δήμων,</span> <span class='ocrx_word' id='word_1_401' title='bbox 1613 3204 1853 3273; x_wconf 75' lang='grc' dir='ltr'>γυναιξὶν</span> 
     </span>
    </p>
   </div>
   <div class='ocr_carea' id='block_1_64' title="bbox 292 3298 1853 3372">
    <p class='ocr_par' dir='ltr' id='par_1_64' title="bbox 292 3298 1853 3372">
     <span class='ocr_line' id='line_1_64' title="bbox 292 3298 1853 3372; baseline -0.002 -17"><span class='ocrx_word' id='word_1_402' title='bbox 292 3300 410 3372; x_wconf 76' lang='grc' dir='ltr'><strong>ἅμα</strong></span> <span class='ocrx_word' id='word_1_403' title='bbox 443 3300 537 3353; x_wconf 76' lang='grc' dir='ltr'>καὶ</span> <span class='ocrx_word' id='word_1_404' title='bbox 563 3298 748 3352; x_wconf 75' lang='grc' dir='ltr'>παισὶν</span> <span class='ocrx_word' id='word_1_405' title='bbox 779 3298 870 3350; x_wconf 76' lang='grc' dir='ltr'><strong>ἐπὶ</strong></span> <span class='ocrx_word' id='word_1_406' title='bbox 899 3299 996 3370; x_wconf 81' lang='grc' dir='ltr'>τὴν</span> <span class='ocrx_word' id='word_1_407' title='bbox 1029 3298 1155 3351; x_wconf 87' lang='grc' dir='ltr'>θέαν</span> <span class='ocrx_word' id='word_1_408' title='bbox 1185 3298 1482 3370; x_wconf 83' lang='grc' dir='ltr'>παρῄεσαν.</span> <span class='ocrx_word' id='word_1_409' title='bbox 1516 3298 1853 3352; x_wconf 82' lang='grc' dir='ltr'>Συνετελεῖτο</span> 
     </span>
    </p>
   </div>
   <div class='ocr_carea' id='block_1_65' title="bbox 290 3389 1854 3462">
    <p class='ocr_par' dir='ltr' id='par_1_65' title="bbox 290 3389 1854 3462">
     <span class='ocr_line' id='line_1_65' title="bbox 290 3389 1854 3462; baseline -0.001 -15"><span class='ocrx_word' id='word_1_410' title='bbox 290 3392 349 3447; x_wconf 76' lang='grc' dir='ltr'><strong>δὲ</strong></span> <span class='ocrx_word' id='word_1_411' title='bbox 370 3393 540 3445; x_wconf 77' lang='grc' dir='ltr'>ταῦτα</span> <span class='ocrx_word' id='word_1_412' title='bbox 560 3390 701 3444; x_wconf 74' lang='grc' dir='ltr'>οὓτω</span> <span class='ocrx_word' id='word_1_413' title='bbox 719 3391 896 3461; x_wconf 84' lang='grc' dir='ltr'>χρόνῳ</span> <span class='ocrx_word' id='word_1_414' title='bbox 924 3389 1136 3462; x_wconf 83' lang='grc' dir='ltr'>μακρῷ,</span> <span class='ocrx_word' id='word_1_415' title='bbox 1162 3391 1270 3444; x_wconf 90' lang='grc' dir='ltr'><strong>τῶν</strong></span> <span class='ocrx_word' id='word_1_416' title='bbox 1292 3390 1691 3462; x_wconf 85' lang='grc' dir='ltr'>στρατιωτικῶν</span> <span class='ocrx_word' id='word_1_417' title='bbox 1712 3390 1854 3445; x_wconf 78' lang='grc' dir='ltr'>οὕτω</span> 
     </span>
    </p>
   </div>
   <div class='ocr_carea' id='block_1_66' title="bbox 295 3482 1851 3555">
    <p class='ocr_par' dir='ltr' id='par_1_66' title="bbox 295 3482 1851 3555">
     <span class='ocr_line' id='line_1_66' title="bbox 295 3482 1851 3555; baseline -0.001 -18"><span class='ocrx_word' id='word_1_418' title='bbox 295 3484 474 3555; x_wconf 83' lang='grc' dir='ltr'>μένειν</span> <span class='ocrx_word' id='word_1_419' title='bbox 516 3487 578 3537; x_wconf 88' lang='grc' dir='ltr'>τὸ</span> <span class='ocrx_word' id='word_1_420' title='bbox 616 3483 809 3555; x_wconf 84' lang='grc' dir='ltr'>σκῆνος</span> <span class='ocrx_word' id='word_1_421' title='bbox 849 3482 941 3538; x_wconf 74' lang='grc' dir='ltr'>καὶ</span> <span class='ocrx_word' id='word_1_422' title='bbox 987 3482 1345 3552; x_wconf 85' lang='grc' dir='ltr'>φυλάττεσθαι</span> <span class='ocrx_word' id='word_1_423' title='bbox 1389 3482 1851 3553; x_wconf 77' lang='grc' dir='ltr'>βουλευσαμένων,</span> 
     </span>
    </p>
   </div>
   <div class='ocr_carea' id='block_1_67' title="bbox 290 3574 1854 3645">
    <p class='ocr_par' dir='ltr' id='par_1_67' title="bbox 290 3574 1854 3645">
     <span class='ocr_line' id='line_1_67' title="bbox 290 3574 1854 3645; baseline -0.002 -16"><span class='ocrx_word' id='word_1_424' title='bbox 290 3574 403 3629; x_wconf 72' lang='grc' dir='ltr'>ἐστ’</span> <span class='ocrx_word' id='word_1_425' title='bbox 436 3576 501 3629; x_wconf 85' lang='grc' dir='ltr'><strong>ἂν</strong></span> <span class='ocrx_word' id='word_1_426' title='bbox 540 3578 588 3628; x_wconf 77' lang='grc' dir='ltr'><strong>οἱ</strong></span> <span class='ocrx_word' id='word_1_427' title='bbox 629 3575 791 3629; x_wconf 78' lang='grc' dir='ltr'>αὐτοῦ</span> <span class='ocrx_word' id='word_1_428' title='bbox 834 3574 1019 3638; x_wconf 83' lang='grc' dir='ltr'>παῖδες</span> <span class='ocrx_word' id='word_1_429' title='bbox 1051 3574 1399 3645; x_wconf 83' lang='grc' dir='ltr'>ἀφικόμενοι,</span> <span class='ocrx_word' id='word_1_430' title='bbox 1437 3576 1502 3645; x_wconf 85' lang='grc' dir='ltr'>τῇ</span> <span class='ocrx_word' id='word_1_431' title='bbox 1548 3575 1614 3626; x_wconf 87' lang='grc' dir='ltr'><strong>δι’</strong></span> <span class='ocrx_word' id='word_1_432' title='bbox 1648 3574 1854 3627; x_wconf 83' lang='grc' dir='ltr'>ἑαυτῶν</span> 
     </span>
    </p>
   </div>
   <div class='ocr_carea' id='block_1_68' title="bbox 291 3665 1853 3740">
    <p class='ocr_par' dir='ltr' id='par_1_68' title="bbox 291 3665 1853 3740">
     <span class='ocr_line' id='line_1_68' title="bbox 291 3665 1853 3740; baseline -0.003 -18"><span class='ocrx_word' id='word_1_433' title='bbox 291 3668 486 3740; x_wconf 80' lang='grc' dir='ltr'>κομιδῇ</span> <span class='ocrx_word' id='word_1_434' title='bbox 529 3668 618 3722; x_wconf 84' lang='grc' dir='ltr'>τὸν</span> <span class='ocrx_word' id='word_1_435' title='bbox 666 3669 875 3739; x_wconf 83' lang='grc' dir='ltr'>πατέρα</span> <span class='ocrx_word' id='word_1_436' title='bbox 917 3668 1223 3739; x_wconf 83' lang='grc' dir='ltr'>τιμήσειαν.</span> <span class='ocrx_word' id='word_1_437' title='bbox 1270 3666 1575 3719; x_wconf 81' lang='grc' dir='ltr'>Ἐϐασίλευε</span> <span class='ocrx_word' id='word_1_438' title='bbox 1614 3665 1671 3718; x_wconf 83' lang='grc' dir='ltr'><strong>δὲ</strong></span> <span class='ocrx_word' id='word_1_439' title='bbox 1717 3666 1853 3737; x_wconf 79' lang='grc' dir='ltr'>μετὰ</span> 
     </span>
    </p>
   </div>
   <div class='ocr_carea' id='block_1_69' title="bbox 291 3757 1854 3833">
    <p class='ocr_par' dir='ltr' id='par_1_69' title="bbox 291 3757 1854 3833">
     <span class='ocr_line' id='line_1_69' title="bbox 291 3757 1854 3833; baseline -0.003 -18"><span class='ocrx_word' id='word_1_440' title='bbox 291 3760 519 3815; x_wconf 80' lang='grc' dir='ltr'>θάνατον</span> <span class='ocrx_word' id='word_1_441' title='bbox 555 3761 710 3832; x_wconf 88' lang='grc' dir='ltr'>μόνος</span> <span class='ocrx_word' id='word_1_442' title='bbox 741 3760 850 3833; x_wconf 88' lang='grc'>(70)</span> <span class='ocrx_word' id='word_1_443' title='bbox 896 3760 1084 3830; x_wconf 83' lang='grc' dir='ltr'>θνητὸς</span> <span class='ocrx_word' id='word_1_444' title='bbox 1131 3760 1159 3812; x_wconf 84' lang='grc' dir='ltr'>ὁ</span> <span class='ocrx_word' id='word_1_445' title='bbox 1201 3759 1467 3830; x_wconf 85' lang='grc' dir='ltr'>μακάριος</span> <span class='ocrx_word' id='word_1_446' title='bbox 1490 3798 1505 3822; x_wconf 93' lang='grc'><strong>,</strong></span> <span class='ocrx_word' id='word_1_447' title='bbox 1557 3757 1854 3829; x_wconf 79' lang='grc' dir='ltr'>ἐπράττετό</span> 
     </span>
    </p>
   </div>
   <div class='ocr_carea' id='block_1_70' title="bbox 288 3849 1855 3924">
    <p class='ocr_par' dir='ltr' id='par_1_70' title="bbox 288 3849 1855 3924">
     <span class='ocr_line' id='line_1_70' title="bbox 288 3849 1855 3924; baseline -0.004 -17"><span class='ocrx_word' id='word_1_448' title='bbox 288 3870 352 3907; x_wconf 83' lang='grc' dir='ltr'><strong>τε</strong></span> <span class='ocrx_word' id='word_1_449' title='bbox 377 3852 446 3906; x_wconf 78' lang='grc' dir='ltr'><strong>τά</strong></span> <span class='ocrx_word' id='word_1_450' title='bbox 474 3852 696 3924; x_wconf 83' lang='grc' dir='ltr'>συνήθη,</span> <span class='ocrx_word' id='word_1_451' title='bbox 726 3853 922 3906; x_wconf 70' lang='grc' dir='ltr'>ὡσανεὶ</span> <span class='ocrx_word' id='word_1_452' title='bbox 950 3852 1042 3905; x_wconf 79' lang='grc' dir='ltr'><strong>καὶ</strong></span> <span class='ocrx_word' id='word_1_453' title='bbox 1064 3850 1261 3915; x_wconf 79' lang='grc' dir='ltr'>ζῶντος</span> <span class='ocrx_word' id='word_1_454' title='bbox 1282 3850 1465 3911; x_wconf 79' lang='grc' dir='ltr'>αὐτοῦ,</span> <span class='ocrx_word' id='word_1_455' title='bbox 1500 3849 1658 3902; x_wconf 76' lang='grc' dir='ltr'>τοῦτο</span> <span class='ocrx_word' id='word_1_456' title='bbox 1686 3867 1855 3919; x_wconf 90' lang='grc' dir='ltr'>μονω-</span> 
     </span>
    </p>
   </div>
   <div class='ocr_carea' id='block_1_71' title="bbox 289 3941 1853 4016">
    <p class='ocr_par' dir='ltr' id='par_1_71' title="bbox 289 3941 1853 4016">
     <span class='ocr_line' id='line_1_71' title="bbox 289 3941 1853 4016; baseline -0.003 -18"><span class='ocrx_word' id='word_1_457' title='bbox 289 3946 438 4016; x_wconf 84' lang='grc' dir='ltr'>τάτῳ</span> <span class='ocrx_word' id='word_1_458' title='bbox 471 3944 615 4016; x_wconf 79' lang='grc' dir='ltr'>αὐτῷ</span> <span class='ocrx_word' id='word_1_459' title='bbox 653 3946 745 3998; x_wconf 86' lang='grc' dir='ltr'><strong>ἀπ’</strong></span> <span class='ocrx_word' id='word_1_460' title='bbox 772 3944 965 4007; x_wconf 82' lang='grc' dir='ltr'>αἰῶνος</span> <span class='ocrx_word' id='word_1_461' title='bbox 996 3941 1088 3996; x_wconf 77' lang='grc' dir='ltr'>τοῦ</span> <span class='ocrx_word' id='word_1_462' title='bbox 1121 3941 1253 3995; x_wconf 84' lang='grc' dir='ltr'><strong>Θεοῦ</strong></span> <span class='ocrx_word' id='word_1_463' title='bbox 1294 3941 1688 4013; x_wconf 86' lang='grc' dir='ltr'>δεδωρημένου.</span> <span class='ocrx_word' id='word_1_464' title='bbox 1738 3941 1853 3994; x_wconf 79' lang='grc' dir='ltr'><strong>Μό-</strong></span> 
     </span>
    </p>
   </div>
   <div class='ocr_carea' id='block_1_72' title="bbox 290 4031 1857 4106">
    <p class='ocr_par' dir='ltr' id='par_1_72' title="bbox 290 4031 1857 4106">
     <span class='ocr_line' id='line_1_72' title="bbox 290 4031 1857 4106; baseline -0.004 -15"><span class='ocrx_word' id='word_1_465' title='bbox 290 4053 383 4100; x_wconf 81' lang='grc' dir='ltr'><strong>νος</strong></span> <span class='ocrx_word' id='word_1_466' title='bbox 412 4036 562 4106; x_wconf 80' lang='grc' dir='ltr'>γοῦν,</span> <span class='ocrx_word' id='word_1_467' title='bbox 592 4037 668 4100; x_wconf 86' lang='grc' dir='ltr'>ὡς</span> <span class='ocrx_word' id='word_1_468' title='bbox 705 4036 810 4090; x_wconf 79' lang='grc' dir='ltr'>οὐδ’</span> <span class='ocrx_word' id='word_1_469' title='bbox 834 4034 997 4098; x_wconf 77' lang='grc' dir='ltr'>ἄλλος</span> <span class='ocrx_word' id='word_1_470' title='bbox 1018 4033 1426 4105; x_wconf 80' lang='grc' dir='ltr'>αὐτοκρατόρων</span> <span class='ocrx_word' id='word_1_471' title='bbox 1458 4033 1548 4086; x_wconf 81' lang='grc' dir='ltr'><strong>τὸν</strong></span> <span class='ocrx_word' id='word_1_472' title='bbox 1580 4031 1857 4103; x_wconf 75' lang='grc' dir='ltr'>παμϐασι-</span> 
     </span>
    </p>
   </div>
   <div class='ocr_carea' id='block_1_73' title="bbox 300 4275 1857 4342">
    <p class='ocr_par' dir='ltr' id='par_1_73' title="bbox 300 4275 1857 4342">
     <span class='ocr_line' id='line_1_73' title="bbox 300 4275 1857 4342; baseline 0 -10"><span class='ocrx_word' id='word_1_473' title='bbox 300 4298 319 4332; x_wconf 75' lang='grc' dir='ltr'><strong>ι</strong></span> <span class='ocrx_word' id='word_1_474' title='bbox 352 4278 535 4333; x_wconf 85' lang='lat' dir='ltr'><strong>Funus</strong></span> <span class='ocrx_word' id='word_1_475' title='bbox 566 4278 788 4332; x_wconf 89' lang='lat' dir='ltr'><strong>relatum</strong></span> <span class='ocrx_word' id='word_1_476' title='bbox 829 4278 878 4331; x_wconf 93' lang='lat' dir='ltr'><strong>in</strong></span> <span class='ocrx_word' id='word_1_477' title='bbox 909 4277 1093 4331; x_wconf 90' lang='lat' dir='ltr'><strong>urbem</strong></span> <span class='ocrx_word' id='word_1_478' title='bbox 1126 4277 1205 4329; x_wconf 87' lang='lat' dir='ltr'><strong>sui</strong></span> <span class='ocrx_word' id='word_1_479' title='bbox 1243 4276 1498 4329; x_wconf 74' lang='lat' dir='ltr'><strong>nominis.</strong></span> <span class='ocrx_word' id='word_1_480' title='bbox 1547 4275 1700 4342; x_wconf 73' lang='lat' dir='ltr'><strong>Quod</strong></span> <span class='ocrx_word' id='word_1_481' title='bbox 1725 4291 1857 4332; x_wconf 88' lang='lat' dir='ltr'><strong>sane</strong></span> 
     </span>
    </p>
   </div>
   <div class='ocr_carea' id='block_1_74' title="bbox 297 4346 1854 4419">
    <p class='ocr_par' dir='ltr' id='par_1_74' title="bbox 297 4346 1854 4419">
     <span class='ocr_line' id='line_1_74' title="bbox 297 4346 1854 4419; baseline -0.001 -17"><span class='ocrx_word' id='word_1_482' title='bbox 297 4350 522 4419; x_wconf 76' lang='lat' dir='ltr'><strong>populus</strong></span> <span class='ocrx_word' id='word_1_483' title='bbox 549 4348 704 4401; x_wconf 77' lang='lat' dir='ltr'><strong>Rom.</strong></span> <span class='ocrx_word' id='word_1_484' title='bbox 743 4349 1019 4415; x_wconf 75' lang='lat' dir='ltr'><strong>aegerrime</strong></span> <span class='ocrx_word' id='word_1_485' title='bbox 1045 4346 1163 4399; x_wconf 88' lang='lat' dir='ltr'><strong>tttlit</strong></span> <span class='ocrx_word' id='word_1_486' title='bbox 1193 4363 1208 4398; x_wconf 88' lang='lat'><strong>:</strong></span> <span class='ocrx_word' id='word_1_487' title='bbox 1236 4350 1451 4419; x_wconf 85' lang='lat' dir='ltr'><strong>quippe,</strong></span> <span class='ocrx_word' id='word_1_488' title='bbox 1485 4347 1638 4412; x_wconf 88' lang='lat' dir='ltr'><strong>cujus</strong></span> <span class='ocrx_word' id='word_1_489' title='bbox 1665 4347 1854 4419; x_wconf 81' lang='lat' dir='ltr'><strong>armis,</strong></span> 
     </span>
    </p>
   </div>
   <div class='ocr_carea' id='block_1_75' title="bbox 298 4417 1853 4488">
    <p class='ocr_par' dir='ltr' id='par_1_75' title="bbox 298 4417 1853 4488">
     <span class='ocr_line' id='line_1_75' title="bbox 298 4417 1853 4488; baseline -0.003 -15"><span class='ocrx_word' id='word_1_490' title='bbox 298 4417 523 4488; x_wconf 76' lang='lat' dir='ltr'><strong>legibus,</strong></span> <span class='ocrx_word' id='word_1_491' title='bbox 571 4418 820 4473; x_wconf 86' lang='lat' dir='ltr'><strong>clementi</strong></span> <span class='ocrx_word' id='word_1_492' title='bbox 874 4418 1121 4488; x_wconf 73' lang='lat' dir='ltr'><strong>imperio,</strong></span> <span class='ocrx_word' id='word_1_493' title='bbox 1178 4417 1331 4485; x_wconf 87' lang='lat' dir='ltr'><strong>quasi</strong></span> <span class='ocrx_word' id='word_1_494' title='bbox 1361 4426 1634 4488; x_wconf 70' lang='lat' dir='ltr'><strong>novatam</strong></span> <span class='ocrx_word' id='word_1_495' title='bbox 1666 4417 1853 4488; x_wconf 79' lang='lat' dir='ltr'><strong>urbem</strong></span> 
     </span>
    </p>
   </div>
   <div class='ocr_carea' id='block_1_76' title="bbox 1962 3215 3530 3286">
    <p class='ocr_par' dir='ltr' id='par_1_76' title="bbox 1962 3215 3530 3286">
     <span class='ocr_line' id='line_1_76' title="bbox 1962 3215 3530 3286; baseline 0.002 -18"><span class='ocrx_word' id='word_1_496' title='bbox 1962 3215 2159 3272; x_wconf 81' lang='lat' dir='ltr'><strong>fecere.</strong></span> <span class='ocrx_word' id='word_1_497' title='bbox 2199 3215 2616 3272; x_wconf 89' lang='lat' dir='ltr'><strong>Innumerabilis</strong></span> <span class='ocrx_word' id='word_1_498' title='bbox 2645 3217 2841 3273; x_wconf 83' lang='lat' dir='ltr'><strong>deinde</strong></span> <span class='ocrx_word' id='word_1_499' title='bbox 2876 3217 3018 3286; x_wconf 81' lang='lat' dir='ltr'><strong>vulgi</strong></span> <span class='ocrx_word' id='word_1_500' title='bbox 3074 3217 3365 3272; x_wconf 88' lang='lat' dir='ltr'><strong>multitudo</strong></span> <span class='ocrx_word' id='word_1_501' title='bbox 3406 3234 3530 3271; x_wconf 85' lang='lat' dir='ltr'><strong>cum</strong></span> 
     </span>
    </p>
   </div>
   <div class='ocr_carea' id='block_1_77' title="bbox 1960 3309 3537 3379">
    <p class='ocr_par' dir='ltr' id='par_1_77' title="bbox 1960 3309 3537 3379">
     <span class='ocr_line' id='line_1_77' title="bbox 1960 3309 3537 3379; baseline 0.001 -17"><span class='ocrx_word' id='word_1_502' title='bbox 1960 3309 2141 3378; x_wconf 90' lang='lat' dir='ltr'><strong>pueris</strong></span> <span class='ocrx_word' id='word_1_503' title='bbox 2174 3324 2241 3364; x_wconf 88' lang='lat' dir='ltr'><strong>ac</strong></span> <span class='ocrx_word' id='word_1_504' title='bbox 2278 3309 2597 3364; x_wconf 78' lang='lat' dir='ltr'><strong>mulieribus</strong></span> <span class='ocrx_word' id='word_1_505' title='bbox 2632 3311 2700 3364; x_wconf 90' lang='lat' dir='ltr'><strong>ad</strong></span> <span class='ocrx_word' id='word_1_506' title='bbox 2738 3309 2899 3378; x_wconf 81' lang='lat' dir='ltr'><strong>hujus</strong></span> <span class='ocrx_word' id='word_1_507' title='bbox 2928 3311 3005 3364; x_wconf 88' lang='lat' dir='ltr'><strong>rei</strong></span> <span class='ocrx_word' id='word_1_508' title='bbox 3044 3310 3414 3379; x_wconf 86' lang='lat' dir='ltr'><strong>spectaculum</strong></span> <span class='ocrx_word' id='word_1_509' title='bbox 3442 3324 3537 3364; x_wconf 82' lang='lat' dir='ltr'><strong>ac-</strong></span> 
     </span>
    </p>
   </div>
   <div class='ocr_carea' id='block_1_78' title="bbox 1960 3401 3539 3472">
    <p class='ocr_par' dir='ltr' id='par_1_78' title="bbox 1960 3401 3539 3472">
     <span class='ocr_line' id='line_1_78' title="bbox 1960 3401 3539 3472; baseline 0.001 -18"><span class='ocrx_word' id='word_1_510' title='bbox 1960 3401 2144 3455; x_wconf 91' lang='lat' dir='ltr'><strong>cessit.</strong></span> <span class='ocrx_word' id='word_1_511' title='bbox 2211 3401 2387 3472; x_wconf 81' lang='lat' dir='ltr'><strong>Atque</strong></span> <span class='ocrx_word' id='word_1_512' title='bbox 2421 3402 2536 3456; x_wconf 72' lang='lat' dir='ltr'><strong>baac</strong></span> <span class='ocrx_word' id='word_1_513' title='bbox 2572 3402 2715 3472; x_wconf 92' lang='lat' dir='ltr'><strong>longi</strong></span> <span class='ocrx_word' id='word_1_514' title='bbox 2770 3402 3029 3472; x_wconf 84' lang='lat' dir='ltr'><strong>temporis</strong></span> <span class='ocrx_word' id='word_1_515' title='bbox 3085 3401 3261 3471; x_wconf 89' lang='lat' dir='ltr'><strong>spatio</strong></span> <span class='ocrx_word' id='word_1_516' title='bbox 3315 3401 3539 3456; x_wconf 80' lang='lat' dir='ltr'><strong>assidue</strong></span> 
     </span>
    </p>
   </div>
   <div class='ocr_carea' id='block_1_79' title="bbox 1960 3493 3535 3560">
    <p class='ocr_par' dir='ltr' id='par_1_79' title="bbox 1960 3493 3535 3560">
     <span class='ocr_line' id='line_1_79' title="bbox 1960 3493 3535 3560; baseline 0 -16"><span class='ocrx_word' id='word_1_517' title='bbox 1960 3500 2107 3560; x_wconf 81' lang='lat' dir='ltr'><strong>gesta</strong></span> <span class='ocrx_word' id='word_1_518' title='bbox 2144 3503 2306 3557; x_wconf 89' lang='lat' dir='ltr'><strong>sunt,</strong></span> <span class='ocrx_word' id='word_1_519' title='bbox 2352 3510 2473 3547; x_wconf 88' lang='lat' dir='ltr'><strong>cum</strong></span> <span class='ocrx_word' id='word_1_520' title='bbox 2508 3493 2771 3549; x_wconf 87' lang='lat' dir='ltr'><strong>militares</strong></span> <span class='ocrx_word' id='word_1_521' title='bbox 2821 3494 2983 3548; x_wconf 83' lang='lat' dir='ltr'><strong>funus</strong></span> <span class='ocrx_word' id='word_1_522' title='bbox 3029 3495 3273 3548; x_wconf 88' lang='lat' dir='ltr'><strong>adhunc</strong></span> <span class='ocrx_word' id='word_1_523' title='bbox 3316 3493 3535 3547; x_wconf 73' lang='lat' dir='ltr'><strong>modum</strong></span> 
     </span>
    </p>
   </div>
   <div class='ocr_carea' id='block_1_80' title="bbox 1954 3581 3538 3652">
    <p class='ocr_par' dir='ltr' id='par_1_80' title="bbox 1954 3581 3538 3652">
     <span class='ocr_line' id='line_1_80' title="bbox 1954 3581 3538 3652; baseline -0.001 -16"><span class='ocrx_word' id='word_1_524' title='bbox 1954 3585 2139 3652; x_wconf 84' lang='lat' dir='ltr'><strong>jacere</strong></span> <span class='ocrx_word' id='word_1_525' title='bbox 2161 3593 2215 3636; x_wconf 88' lang='lat' dir='ltr'><strong>et</strong></span> <span class='ocrx_word' id='word_1_526' title='bbox 2254 3582 2516 3638; x_wconf 88' lang='lat' dir='ltr'><strong>custodiri</strong></span> <span class='ocrx_word' id='word_1_527' title='bbox 2545 3584 2934 3650; x_wconf 88' lang='lat' dir='ltr'><strong>decrevissent,</strong></span> <span class='ocrx_word' id='word_1_528' title='bbox 2980 3583 3155 3637; x_wconf 88' lang='lat' dir='ltr'><strong>donec</strong></span> <span class='ocrx_word' id='word_1_529' title='bbox 3195 3581 3538 3651; x_wconf 85' lang='lat' dir='ltr'><strong>imperatoris</strong></span> 
     </span>
    </p>
   </div>
   <div class='ocr_carea' id='block_1_81' title="bbox 1960 3668 3537 3740">
    <p class='ocr_par' dir='ltr' id='par_1_81' title="bbox 1960 3668 3537 3740">
     <span class='ocr_line' id='line_1_81' title="bbox 1960 3668 3537 3740; baseline -0.001 -15"><span class='ocrx_word' id='word_1_530' title='bbox 1960 3671 2052 3725; x_wconf 85' lang='lat' dir='ltr'><strong>lilii</strong></span> <span class='ocrx_word' id='word_1_531' title='bbox 2093 3687 2158 3726; x_wconf 86' lang='lat' dir='ltr'><strong>eo</strong></span> <span class='ocrx_word' id='word_1_532' title='bbox 2187 3672 2559 3737; x_wconf 81' lang='lat' dir='ltr'><strong>advenientes,</strong></span> <span class='ocrx_word' id='word_1_533' title='bbox 2617 3670 2721 3739; x_wconf 86' lang='lat' dir='ltr'><strong>ipsi</strong></span> <span class='ocrx_word' id='word_1_534' title='bbox 2765 3679 3053 3740; x_wconf 88' lang='lat' dir='ltr'><strong>paternum</strong></span> <span class='ocrx_word' id='word_1_535' title='bbox 3097 3669 3261 3722; x_wconf 83' lang='lat' dir='ltr'><strong>funus</strong></span> <span class='ocrx_word' id='word_1_536' title='bbox 3309 3668 3537 3723; x_wconf 84' lang='lat' dir='ltr'><strong>honoris</strong></span> 
     </span>
    </p>
   </div>
   <div class='ocr_carea' id='block_1_82' title="bbox 1960 3760 3537 3841">
    <p class='ocr_par' dir='ltr' id='par_1_82' title="bbox 1960 3760 3537 3841">
     <span class='ocr_line' id='line_1_82' title="bbox 1960 3760 3537 3841; baseline -0.003 -25"><span class='ocrx_word' id='word_1_537' title='bbox 1960 3778 2123 3816; x_wconf 89' lang='lat' dir='ltr'><strong>causa</strong></span> <span class='ocrx_word' id='word_1_538' title='bbox 2183 3774 2660 3841; x_wconf 75' lang='lat' dir='ltr'><strong>prosequerentur.</strong></span> <span class='ocrx_word' id='word_1_539' title='bbox 2704 3760 2865 3815; x_wconf 90' lang='lat' dir='ltr'><strong>Solus</strong></span> <span class='ocrx_word' id='word_1_540' title='bbox 2917 3761 3149 3829; x_wconf 88' lang='lat' dir='ltr'><strong>denique</strong></span> <span class='ocrx_word' id='word_1_541' title='bbox 3197 3760 3360 3813; x_wconf 87' lang='lat' dir='ltr'><strong>etiam</strong></span> <span class='ocrx_word' id='word_1_542' title='bbox 3415 3771 3537 3828; x_wconf 87' lang='lat' dir='ltr'><strong>post</strong></span> 
     </span>
    </p>
   </div>
   <div class='ocr_carea' id='block_1_83' title="bbox 1962 3851 3536 3923">
    <p class='ocr_par' dir='ltr' id='par_1_83' title="bbox 1962 3851 3536 3923">
     <span class='ocr_line' id='line_1_83' title="bbox 1962 3851 3536 3923; baseline -0.003 -16"><span class='ocrx_word' id='word_1_543' title='bbox 1962 3865 2187 3909; x_wconf 91' lang='lat' dir='ltr'><strong>mortem</strong></span> <span class='ocrx_word' id='word_1_544' title='bbox 2223 3853 2509 3923; x_wconf 85' lang='lat' dir='ltr'><strong>imperavit</strong></span> <span class='ocrx_word' id='word_1_545' title='bbox 2538 3852 2791 3922; x_wconf 86' lang='lat' dir='ltr'><strong>princeps</strong></span> <span class='ocrx_word' id='word_1_546' title='bbox 2816 3851 3166 3906; x_wconf 87' lang='lat' dir='ltr'><strong>beatissimus</strong></span> <span class='ocrx_word' id='word_1_547' title='bbox 3190 3890 3205 3915; x_wconf 93' lang='lat'><strong>,</strong></span> <span class='ocrx_word' id='word_1_548' title='bbox 3235 3858 3536 3918; x_wconf 86' lang='lat' dir='ltr'><strong>cunctaque</strong></span> 
     </span>
    </p>
   </div>
   <div class='ocr_carea' id='block_1_84' title="bbox 1963 3940 3535 4012">
    <p class='ocr_par' dir='ltr' id='par_1_84' title="bbox 1963 3940 3535 4012">
     <span class='ocr_line' id='line_1_84' title="bbox 1963 3940 3535 4012; baseline -0.003 -13"><span class='ocrx_word' id='word_1_549' title='bbox 1963 3960 2109 4000; x_wconf 89' lang='lat' dir='ltr'><strong>more</strong></span> <span class='ocrx_word' id='word_1_550' title='bbox 2138 3945 2293 3999; x_wconf 90' lang='lat' dir='ltr'><strong>solito</strong></span> <span class='ocrx_word' id='word_1_551' title='bbox 2325 3945 2698 3999; x_wconf 86' lang='lat' dir='ltr'><strong>administrata</strong></span> <span class='ocrx_word' id='word_1_552' title='bbox 2726 3952 2877 4009; x_wconf 92' lang='lat' dir='ltr'><strong>sunt,</strong></span> <span class='ocrx_word' id='word_1_553' title='bbox 2911 3943 3064 4012; x_wconf 87' lang='lat' dir='ltr'><strong>quasi</strong></span> <span class='ocrx_word' id='word_1_554' title='bbox 3096 3941 3273 3996; x_wconf 87' lang='lat' dir='ltr'><strong>adhuc</strong></span> <span class='ocrx_word' id='word_1_555' title='bbox 3304 3941 3356 3995; x_wconf 93' lang='lat' dir='ltr'><strong>in</strong></span> <span class='ocrx_word' id='word_1_556' title='bbox 3398 3940 3535 3995; x_wconf 76' lang='lat' dir='ltr'><strong>vivis</strong></span> 
     </span>
    </p>
   </div>
   <div class='ocr_carea' id='block_1_85' title="bbox 1961 4032 3531 4105">
    <p class='ocr_par' dir='ltr' id='par_1_85' title="bbox 1961 4032 3531 4105">
     <span class='ocr_line' id='line_1_85' title="bbox 1961 4032 3531 4105; baseline -0.002 -15"><span class='ocrx_word' id='word_1_557' title='bbox 1961 4047 2124 4092; x_wconf 89' lang='lat' dir='ltr'><strong>esset.</strong></span> <span class='ocrx_word' id='word_1_558' title='bbox 2162 4037 2264 4104; x_wconf 79' lang='lat' dir='ltr'><strong>Qui</strong></span> <span class='ocrx_word' id='word_1_559' title='bbox 2297 4037 2474 4091; x_wconf 90' lang='lat' dir='ltr'><strong>bonos</strong></span> <span class='ocrx_word' id='word_1_560' title='bbox 2503 4036 2598 4090; x_wconf 91' lang='lat' dir='ltr'><strong>uni</strong></span> <span class='ocrx_word' id='word_1_561' title='bbox 2630 4037 2703 4090; x_wconf 89' lang='lat' dir='ltr'><strong>illi</strong></span> <span class='ocrx_word' id='word_1_562' title='bbox 2741 4044 2862 4105; x_wconf 87' lang='lat' dir='ltr'><strong>post</strong></span> <span class='ocrx_word' id='word_1_563' title='bbox 2903 4034 3180 4090; x_wconf 87' lang='lat' dir='ltr'><strong>hominum</strong></span> <span class='ocrx_word' id='word_1_564' title='bbox 3211 4032 3531 4088; x_wconf 86' lang='lat' dir='ltr'><strong>memoriam</strong></span> 
     </span>
    </p>
   </div>
   <div class='ocr_carea' id='block_1_86' title="bbox 1960 4277 3533 4347">
    <p class='ocr_par' dir='ltr' id='par_1_86' title="bbox 1960 4277 3533 4347">
     <span class='ocr_line' id='line_1_86' title="bbox 1960 4277 3533 4347; baseline 0.001 -16"><span class='ocrx_word' id='word_1_565' title='bbox 1960 4277 2230 4333; x_wconf 83' lang='lat' dir='ltr'><strong>vocabant</strong></span> <span class='ocrx_word' id='word_1_566' title='bbox 2268 4292 2362 4333; x_wconf 89' lang='lat' dir='ltr'><strong>eos</strong></span> <span class='ocrx_word' id='word_1_567' title='bbox 2405 4279 2497 4347; x_wconf 88' lang='lat' dir='ltr'><strong>qui</strong></span> <span class='ocrx_word' id='word_1_568' title='bbox 2538 4278 2769 4333; x_wconf 90' lang='lat' dir='ltr'><strong>honores</strong></span> <span class='ocrx_word' id='word_1_569' title='bbox 2822 4287 3131 4345; x_wconf 73' lang='lat' dir='ltr'><strong>gesserant,</strong></span> <span class='ocrx_word' id='word_1_570' title='bbox 3175 4288 3231 4331; x_wconf 86' lang='lat' dir='ltr'><strong>ut</strong></span> <span class='ocrx_word' id='word_1_571' title='bbox 3270 4279 3391 4333; x_wconf 78' lang='lat' dir='ltr'><strong>fuse</strong></span> <span class='ocrx_word' id='word_1_572' title='bbox 3431 4293 3533 4333; x_wconf 89' lang='lat' dir='ltr'><strong>no-</strong></span> 
     </span>
    </p>
   </div>
   <div class='ocr_carea' id='block_1_87' title="bbox 1965 4348 3531 4415">
    <p class='ocr_par' dir='ltr' id='par_1_87' title="bbox 1965 4348 3531 4415">
     <span class='ocr_line' id='line_1_87' title="bbox 1965 4348 3531 4415; baseline 0 -14"><span class='ocrx_word' id='word_1_573' title='bbox 1965 4349 2073 4402; x_wconf 88' lang='lat' dir='ltr'><strong>tavi</strong></span> <span class='ocrx_word' id='word_1_574' title='bbox 2108 4351 2174 4402; x_wconf 89' lang='lat' dir='ltr'><strong>ad</strong></span> <span class='ocrx_word' id='word_1_575' title='bbox 2212 4350 2405 4403; x_wconf 84' lang='lat' dir='ltr'><strong>librum</strong></span> <span class='ocrx_word' id='word_1_576' title='bbox 2438 4365 2527 4403; x_wconf 76' lang='lat' dir='ltr'><strong>xw</strong></span> <span class='ocrx_word' id='word_1_577' title='bbox 2568 4350 2742 4402; x_wconf 84' lang='lat' dir='ltr'><strong>Amm.</strong></span> <span class='ocrx_word' id='word_1_578' title='bbox 2786 4349 3106 4403; x_wconf 61' lang='lat' dir='ltr'><strong>Marcellini.</strong></span> <span class='ocrx_word' id='word_1_579' title='bbox 3147 4348 3352 4415; x_wconf 80' lang='lat' dir='ltr'><strong>Quibus</strong></span> <span class='ocrx_word' id='word_1_580' title='bbox 3393 4351 3531 4403; x_wconf 88' lang='lat' dir='ltr'><strong>adde</strong></span> 
     </span>
    </p>
   </div>
   <div class='ocr_carea' id='block_1_88' title="bbox 1964 4418 3526 4488">
    <p class='ocr_par' dir='ltr' id='par_1_88' title="bbox 1964 4418 3526 4488">
     <span class='ocr_line' id='line_1_88' title="bbox 1964 4418 3526 4488; baseline 0.001 -18"><span class='ocrx_word' id='word_1_581' title='bbox 1964 4420 2140 4472; x_wconf 85' lang='lat' dir='ltr'><strong>locum</strong></span> <span class='ocrx_word' id='word_1_582' title='bbox 2178 4419 2463 4474; x_wconf 85' lang='lat' dir='ltr'><strong>Gaudentii</strong></span> <span class='ocrx_word' id='word_1_583' title='bbox 2494 4418 2791 4473; x_wconf 81' lang='lat' dir='ltr'><strong>Brixiensis</strong></span> <span class='ocrx_word' id='word_1_584' title='bbox 2830 4421 3066 4488; x_wconf 82' lang='lat' dir='ltr'><strong>episcopi</strong></span> <span class='ocrx_word' id='word_1_585' title='bbox 3114 4422 3164 4471; x_wconf 91' lang='lat' dir='ltr'><strong>in</strong></span> <span class='ocrx_word' id='word_1_586' title='bbox 3195 4420 3422 4486; x_wconf 88' lang='lat' dir='ltr'><strong>epistola</strong></span> <span class='ocrx_word' id='word_1_587' title='bbox 3460 4422 3526 4471; x_wconf 89' lang='lat' dir='ltr'><strong>ad</strong></span> 
     </span>
    </p>
   </div>
   <div class='ocr_carea' id='block_1_89' title="bbox 299 4486 3531 4554">
    <p class='ocr_par' dir='ltr' id='par_1_89' title="bbox 299 4486 3531 4554">
     <span class='ocr_line' id='line_1_89' title="bbox 299 4486 3531 4554; baseline -0.001 -11"><span class='ocrx_word' id='word_1_588' title='bbox 299 4486 593 4543; x_wconf 72' lang='lat' dir='ltr'><strong>Hoinanam</strong></span> <span class='ocrx_word' id='word_1_589' title='bbox 620 4490 993 4542; x_wconf 82' lang='lat' dir='ltr'><strong>arbitraretur.</strong></span> <span class='ocrx_word' id='word_1_590' title='bbox 1032 4507 1051 4539; x_wconf 73' lang='grc' dir='ltr'><strong>ι</strong></span> <span class='ocrx_word' id='word_1_591' title='bbox 1091 4487 1216 4541; x_wconf 85' lang='lat' dir='ltr'><strong>Scio</strong></span> <span class='ocrx_word' id='word_1_592' title='bbox 1249 4486 1462 4554; x_wconf 79' lang='lat' dir='ltr'><strong>quidem</strong></span> <span class='ocrx_word' id='word_1_593' title='bbox 1497 4488 1612 4539; x_wconf 65' lang='lat' dir='ltr'><strong>haec</strong></span> <span class='ocrx_word' id='word_1_594' title='bbox 1655 4487 1852 4540; x_wconf 87' lang='lat' dir='ltr'><strong>Aurelii</strong></span> <span class='ocrx_word' id='word_1_595' title='bbox 1888 4487 1930 4540; x_wconf 92' lang='lat' dir='ltr'><strong>D</strong></span> <span class='ocrx_word' id='word_1_596' title='bbox 1960 4489 2287 4543; x_wconf 65' lang='lat' dir='ltr'><strong>Benei’olum</strong></span> <span class='ocrx_word' id='word_1_597' title='bbox 2328 4506 2342 4542; x_wconf 90' lang='lat'><strong>:</strong></span> <span class='ocrx_word' id='word_1_598' title='bbox 2378 4508 2396 4540; x_wconf 78' lang='grc' dir='ltr'><strong>ι</strong></span> <span class='ocrx_word' id='word_1_599' title='bbox 2432 4491 2563 4543; x_wconf 79' lang='lat' dir='ltr'><strong>Nam</strong></span> <span class='ocrx_word' id='word_1_600' title='bbox 2605 4490 2744 4542; x_wconf 86' lang='lat' dir='ltr'><strong>sicut</strong></span> <span class='ocrx_word' id='word_1_601' title='bbox 2787 4486 3171 4542; x_wconf 71' lang='lat' dir='ltr'><strong>honoratnrmn</strong></span> <span class='ocrx_word' id='word_1_602' title='bbox 3213 4500 3409 4542; x_wconf 66' lang='lat' dir='ltr'><strong>nostra!</strong></span> <span class='ocrx_word' id='word_1_603' title='bbox 3439 4504 3531 4542; x_wconf 76' lang='lat' dir='ltr'><strong>ur-</strong></span> 
     </span>
    </p>
   </div>
   <div class='ocr_carea' id='block_1_90' title="bbox 297 4555 1847 4626">
    <p class='ocr_par' dir='ltr' id='par_1_90' title="bbox 297 4555 1847 4626">
     <span class='ocr_line' id='line_1_90' title="bbox 297 4555 1847 4626; baseline -0.004 -10"><span class='ocrx_word' id='word_1_604' title='bbox 297 4560 534 4617; x_wconf 78' lang='lat' dir='ltr'><strong>Victoris</strong></span> <span class='ocrx_word' id='word_1_605' title='bbox 561 4560 721 4613; x_wconf 82' lang='lat' dir='ltr'><strong>verba</strong></span> <span class='ocrx_word' id='word_1_606' title='bbox 772 4558 987 4626; x_wconf 90' lang='lat' dir='ltr'><strong>intelligi</strong></span> <span class='ocrx_word' id='word_1_607' title='bbox 1024 4572 1178 4625; x_wconf 88' lang='lat' dir='ltr'><strong>posse</strong></span> <span class='ocrx_word' id='word_1_608' title='bbox 1222 4558 1287 4610; x_wconf 86' lang='lat' dir='ltr'><strong>de</strong></span> <span class='ocrx_word' id='word_1_609' title='bbox 1320 4557 1524 4609; x_wconf 88' lang='lat' dir='ltr'><strong>civibus</strong></span> <span class='ocrx_word' id='word_1_610' title='bbox 1567 4555 1847 4626; x_wconf 83' lang='lat' dir='ltr'><strong>Romanis,</strong></span> 
     </span>
    </p>
   </div>
   <div class='ocr_carea' id='block_1_91' title="bbox 295 4625 1851 4702">
    <p class='ocr_par' dir='ltr' id='par_1_91' title="bbox 295 4625 1851 4702">
     <span class='ocr_line' id='line_1_91' title="bbox 295 4625 1851 4702; baseline -0.003 -19"><span class='ocrx_word' id='word_1_611' title='bbox 295 4635 386 4702; x_wconf 85' lang='lat' dir='ltr'><strong>qui</strong></span> <span class='ocrx_word' id='word_1_612' title='bbox 419 4645 560 4699; x_wconf 79' lang='lat' dir='ltr'><strong>a-gre</strong></span> <span class='ocrx_word' id='word_1_613' title='bbox 606 4629 844 4702; x_wconf 78' lang='lat' dir='ltr'><strong>tulerint,</strong></span> <span class='ocrx_word' id='word_1_614' title='bbox 879 4625 1018 4696; x_wconf 78' lang='lat' dir='ltr'><strong>quod</strong></span> <span class='ocrx_word' id='word_1_615' title='bbox 1064 4627 1402 4702; x_wconf 66' lang='lat' dir='ltr'><strong>Constantini</strong></span> <span class='ocrx_word' id='word_1_616' title='bbox 1433 4628 1664 4702; x_wconf 74' lang='lat' dir='ltr'><strong>cadaver</strong></span> <span class='ocrx_word' id='word_1_617' title='bbox 1699 4625 1851 4702; x_wconf 85' lang='lat' dir='ltr'><strong>_Con-</strong></span> 
     </span>
    </p>
   </div>
   <div class='ocr_carea' id='block_1_92' title="bbox 294 4697 1847 4767">
    <p class='ocr_par' dir='ltr' id='par_1_92' title="bbox 294 4697 1847 4767">
     <span class='ocr_line' id='line_1_92' title="bbox 294 4697 1847 4767; baseline -0.003 -12"><span class='ocrx_word' id='word_1_618' title='bbox 294 4697 645 4767; x_wconf 66' lang='lat' dir='ltr'><strong>stantiimpoli</strong></span> <span class='ocrx_word' id='word_1_619' title='bbox 696 4700 872 4766; x_wconf 88' lang='lat' dir='ltr'><strong>potius</strong></span> <span class='ocrx_word' id='word_1_620' title='bbox 917 4712 1074 4765; x_wconf 87' lang='lat' dir='ltr'><strong>quam</strong></span> <span class='ocrx_word' id='word_1_621' title='bbox 1108 4697 1291 4751; x_wconf 81' lang='lat' dir='ltr'><strong>Romae</strong></span> <span class='ocrx_word' id='word_1_622' title='bbox 1332 4697 1606 4749; x_wconf 88' lang='lat' dir='ltr'><strong>lutmatum</strong></span> <span class='ocrx_word' id='word_1_623' title='bbox 1638 4697 1847 4750; x_wconf 84' lang='lat' dir='ltr'><strong>luisset.</strong></span> 
     </span>
    </p>
   </div>
   <div class='ocr_carea' id='block_1_93' title="bbox 295 4768 1851 4831">
    <p class='ocr_par' dir='ltr' id='par_1_93' title="bbox 295 4768 1851 4831">
     <span class='ocr_line' id='line_1_93' title="bbox 295 4768 1851 4831; baseline -0.003 -7"><span class='ocrx_word' id='word_1_624' title='bbox 295 4773 402 4824; x_wconf 87' lang='lat' dir='ltr'><strong>Sed</strong></span> <span class='ocrx_word' id='word_1_625' title='bbox 432 4780 607 4822; x_wconf 86' lang='lat' dir='ltr'><strong>tamen</strong></span> <span class='ocrx_word' id='word_1_626' title='bbox 632 4768 896 4823; x_wconf 81' lang='lat' dir='ltr'><strong>Victorem</strong></span> <span class='ocrx_word' id='word_1_627' title='bbox 923 4768 1063 4821; x_wconf 87' lang='lat' dir='ltr'><strong>aliud</strong></span> <span class='ocrx_word' id='word_1_628' title='bbox 1096 4769 1328 4821; x_wconf 82' lang='lat' dir='ltr'><strong>sensisse</strong></span> <span class='ocrx_word' id='word_1_629' title='bbox 1350 4768 1601 4822; x_wconf 80' lang='lat' dir='ltr'><strong>existimo</strong></span> <span class='ocrx_word' id='word_1_630' title='bbox 1622 4807 1636 4831; x_wconf 93' lang='lat'><strong>,</strong></span> <span class='ocrx_word' id='word_1_631' title='bbox 1662 4781 1851 4820; x_wconf 87' lang='lat' dir='ltr'><strong>omnes</strong></span> 
     </span>
    </p>
   </div>
   <div class='ocr_carea' id='block_1_94' title="bbox 292 4837 1853 4896">
    <p class='ocr_par' dir='ltr' id='par_1_94' title="bbox 292 4837 1853 4896">
     <span class='ocr_line' id='line_1_94' title="bbox 292 4837 1853 4896; baseline -0.004 0"><span class='ocrx_word' id='word_1_632' title='bbox 292 4841 507 4896; x_wconf 82' lang='lat' dir='ltr'><strong>scilicet</strong></span> <span class='ocrx_word' id='word_1_633' title='bbox 551 4839 775 4892; x_wconf 78' lang='lat' dir='ltr'><strong>Romani</strong></span> <span class='ocrx_word' id='word_1_634' title='bbox 824 4839 969 4891; x_wconf 86' lang='lat' dir='ltr'><strong>orbis</strong></span> <span class='ocrx_word' id='word_1_635' title='bbox 1024 4838 1223 4892; x_wconf 89' lang='lat' dir='ltr'><strong>incolas</strong></span> <span class='ocrx_word' id='word_1_636' title='bbox 1274 4837 1477 4891; x_wconf 88' lang='lat' dir='ltr'><strong>obitum</strong></span> <span class='ocrx_word' id='word_1_637' title='bbox 1516 4837 1853 4891; x_wconf 75' lang='lat' dir='ltr'><strong>Constantini</strong></span> 
     </span>
    </p>
   </div>
   <div class='ocr_carea' id='block_1_95' title="bbox 293 4907 1853 4975">
    <p class='ocr_par' dir='ltr' id='par_1_95' title="bbox 293 4907 1853 4975">
     <span class='ocr_line' id='line_1_95' title="bbox 293 4907 1853 4975; baseline -0.003 -11"><span class='ocrx_word' id='word_1_638' title='bbox 293 4911 648 4965; x_wconf 85' lang='lat' dir='ltr'><strong>acerbissime</strong></span> <span class='ocrx_word' id='word_1_639' title='bbox 699 4908 901 4961; x_wconf 88' lang='lat' dir='ltr'><strong>tulisse.</strong></span> <span class='ocrx_word' id='word_1_640' title='bbox 953 4908 1053 4973; x_wconf 88' lang='lat' dir='ltr'><strong>Qui</strong></span> <span class='ocrx_word' id='word_1_641' title='bbox 1099 4923 1286 4962; x_wconf 90' lang='lat' dir='ltr'><strong>sensus</strong></span> <span class='ocrx_word' id='word_1_642' title='bbox 1319 4907 1473 4975; x_wconf 91' lang='lat' dir='ltr'><strong>plane</strong></span> <span class='ocrx_word' id='word_1_643' title='bbox 1502 4908 1853 4959; x_wconf 84' lang='lat' dir='ltr'><strong>continuatur</strong></span> 
     </span>
    </p>
   </div>
   <div class='ocr_carea' id='block_1_96' title="bbox 293 4976 1850 5049">
    <p class='ocr_par' dir='ltr' id='par_1_96' title="bbox 293 4976 1850 5049">
     <span class='ocr_line' id='line_1_96' title="bbox 293 4976 1850 5049; baseline -0.004 -13"><span class='ocrx_word' id='word_1_644' title='bbox 293 4979 645 5049; x_wconf 82' lang='lat' dir='ltr'><strong>sequentibus</strong></span> <span class='ocrx_word' id='word_1_645' title='bbox 669 4979 843 5032; x_wconf 86' lang='lat' dir='ltr'><strong>verbis</strong></span> <span class='ocrx_word' id='word_1_646' title='bbox 878 4994 890 5029; x_wconf 95' lang='lat'><strong>:</strong></span> <span class='ocrx_word' id='word_1_647' title='bbox 925 4995 943 5030; x_wconf 81' lang='grc' dir='ltr'><strong>ι</strong></span> <span class='ocrx_word' id='word_1_648' title='bbox 987 4978 1192 5047; x_wconf 82' lang='lat' dir='ltr'><strong>Quippe</strong></span> <span class='ocrx_word' id='word_1_649' title='bbox 1222 4978 1594 5049; x_wconf 67' lang='lat' dir='ltr'><strong>cujusartuis.</strong></span> <span class='ocrx_word' id='word_1_650' title='bbox 1628 4976 1850 5046; x_wconf 82' lang='lat' dir='ltr'><strong>legibus,</strong></span> 
     </span>
    </p>
   </div>
   <div class='ocr_carea' id='block_1_97' title="bbox 291 5046 1853 5117">
    <p class='ocr_par' dir='ltr' id='par_1_97' title="bbox 291 5046 1853 5117">
     <span class='ocr_line' id='line_1_97' title="bbox 291 5046 1853 5117; baseline -0.003 -14"><span class='ocrx_word' id='word_1_651' title='bbox 291 5046 550 5105; x_wconf 75' lang='lat' dir='ltr'><strong>clementi</strong></span> <span class='ocrx_word' id='word_1_652' title='bbox 583 5049 806 5117; x_wconf 90' lang='lat' dir='ltr'><strong>imperio</strong></span> <span class='ocrx_word' id='word_1_653' title='bbox 840 5049 990 5117; x_wconf 88' lang='lat' dir='ltr'><strong>quasi</strong></span> <span class='ocrx_word' id='word_1_654' title='bbox 1019 5046 1271 5101; x_wconf 87' lang='lat' dir='ltr'><strong>novatum</strong></span> <span class='ocrx_word' id='word_1_655' title='bbox 1313 5046 1497 5102; x_wconf 86' lang='lat' dir='ltr'><strong>orbem</strong></span> <span class='ocrx_word' id='word_1_656' title='bbox 1550 5046 1853 5100; x_wconf 74' lang='lat' dir='ltr'><strong>Romanum</strong></span> 
     </span>
    </p>
   </div>
   <div class='ocr_carea' id='block_1_98' title="bbox 295 5117 1854 5187">
    <p class='ocr_par' dir='ltr' id='par_1_98' title="bbox 295 5117 1854 5187">
     <span class='ocr_line' id='line_1_98' title="bbox 295 5117 1854 5187; baseline -0.004 -12"><span class='ocrx_word' id='word_1_657' title='bbox 295 5123 677 5175; x_wconf 88' lang='lat' dir='ltr'><strong>arbitraretur.</strong></span> <span class='ocrx_word' id='word_1_658' title='bbox 719 5137 738 5170; x_wconf 71' lang='grc' dir='ltr'><strong>ι</strong></span> <span class='ocrx_word' id='word_1_659' title='bbox 774 5120 865 5173; x_wconf 88' lang='lat' dir='ltr'><strong>Sic</strong></span> <span class='ocrx_word' id='word_1_660' title='bbox 894 5118 1038 5172; x_wconf 87' lang='lat' dir='ltr'><strong>enim</strong></span> <span class='ocrx_word' id='word_1_661' title='bbox 1064 5117 1347 5187; x_wconf 77' lang='lat' dir='ltr'><strong>legendum</strong></span> <span class='ocrx_word' id='word_1_662' title='bbox 1378 5127 1483 5181; x_wconf 83' lang='lat' dir='ltr'><strong>est,</strong></span> <span class='ocrx_word' id='word_1_663' title='bbox 1535 5126 1854 5185; x_wconf 33' lang='lat' dir='ltr'><strong>non-autem</strong></span> 
     </span>
    </p>
   </div>
   <div class='ocr_carea' id='block_1_99' title="bbox 299 5190 951 5245">
    <p class='ocr_par' dir='ltr' id='par_1_99' title="bbox 299 5190 951 5245">
     <span class='ocr_line' id='line_1_99' title="bbox 299 5190 951 5245; baseline -0.005 -2"><span class='ocrx_word' id='word_1_664' title='bbox 299 5208 321 5243; x_wconf 73' lang='grc' dir='ltr'><strong>ι</strong></span> <span class='ocrx_word' id='word_1_665' title='bbox 354 5192 542 5245; x_wconf 87' lang='lat' dir='ltr'><strong>urbem</strong></span> <span class='ocrx_word' id='word_1_666' title='bbox 572 5190 889 5243; x_wconf 77' lang='lat' dir='ltr'><strong>Romanam.</strong></span> <span class='ocrx_word' id='word_1_667' title='bbox 932 5206 951 5240; x_wconf 73' lang='grc' dir='ltr'><strong>ι</strong></span> 
     </span>
    </p>
   </div>
   <div class='ocr_carea' id='block_1_100' title="bbox 369 5256 1857 5331">
    <p class='ocr_par' dir='ltr' id='par_1_100' title="bbox 369 5256 1857 5331">
     <span class='ocr_line' id='line_1_100' title="bbox 369 5256 1857 5331; baseline -0.005 -17"><span class='ocrx_word' id='word_1_668' title='bbox 369 5258 480 5331; x_wconf 84' lang='grc'>(67)</span> <span class='ocrx_word' id='word_1_669' title='bbox 520 5258 859 5331; x_wconf 69' lang='grc' dir='ltr'>Ἀλουργικῇ</span> <span class='ocrx_word' id='word_1_670' title='bbox 884 5256 1206 5331; x_wconf 76' lang='grc' dir='ltr'>ᾀλουργίδι.</span> <span class='ocrx_word' id='word_1_671' title='bbox 1240 5256 1509 5331; x_wconf 80' lang='lat' dir='ltr'><strong>Alterutra</strong></span> <span class='ocrx_word' id='word_1_672' title='bbox 1533 5270 1639 5309; x_wconf 80' lang='lat' dir='ltr'><strong>vox</strong></span> <span class='ocrx_word' id='word_1_673' title='bbox 1668 5268 1857 5322; x_wconf 91' lang='lat' dir='ltr'><strong>super-</strong></span> 
     </span>
    </p>
   </div>
   <div class='ocr_carea' id='block_1_101' title="bbox 295 5327 1856 5397">
    <p class='ocr_par' dir='ltr' id='par_1_101' title="bbox 295 5327 1856 5397">
     <span class='ocr_line' id='line_1_101' title="bbox 295 5327 1856 5397; baseline -0.006 -11"><span class='ocrx_word' id='word_1_674' title='bbox 295 5327 405 5386; x_wconf 81' lang='lat' dir='ltr'><strong>ﬂua</strong></span> <span class='ocrx_word' id='word_1_675' title='bbox 455 5327 556 5383; x_wconf 76' lang='lat' dir='ltr'><strong>est.</strong></span> <span class='ocrx_word' id='word_1_676' title='bbox 604 5327 761 5383; x_wconf 79' lang='lat' dir='ltr'><strong>Certe</strong></span> <span class='ocrx_word' id='word_1_677' title='bbox 814 5327 948 5382; x_wconf 84' lang='lat' dir='ltr'><strong>Fuk.</strong></span> <span class='ocrx_word' id='word_1_678' title='bbox 1005 5327 1171 5381; x_wconf 79' lang='lat' dir='ltr'><strong>codex</strong></span> <span class='ocrx_word' id='word_1_679' title='bbox 1241 5329 1594 5397; x_wconf 90' lang='lat' dir='ltr'><strong>posteriorem</strong></span> <span class='ocrx_word' id='word_1_680' title='bbox 1651 5334 1856 5379; x_wconf 86' lang='lat' dir='ltr'><strong>tantum</strong></span> 
     </span>
    </p>
   </div>
   <div class='ocr_carea' id='block_1_102' title="bbox 299 5397 1384 5463">
    <p class='ocr_par' dir='ltr' id='par_1_102' title="bbox 299 5397 1384 5463">
     <span class='ocr_line' id='line_1_102' title="bbox 299 5397 1384 5463; baseline -0.005 -7"><span class='ocrx_word' id='word_1_681' title='bbox 299 5402 488 5463; x_wconf 78' lang='lat' dir='ltr'><strong>habet,</strong></span> <span class='ocrx_word' id='word_1_682' title='bbox 525 5401 609 5452; x_wconf 87' lang='lat' dir='ltr'><strong>cui</strong></span> <span class='ocrx_word' id='word_1_683' title='bbox 641 5400 932 5453; x_wconf 86' lang='lat' dir='ltr'><strong>subscribit</strong></span> <span class='ocrx_word' id='word_1_684' title='bbox 960 5397 1096 5451; x_wconf 89' lang='lat' dir='ltr'><strong>liber</strong></span> <span class='ocrx_word' id='word_1_685' title='bbox 1124 5397 1384 5453; x_wconf 84' lang='lat' dir='ltr'><strong>Turnebi.</strong></span> 
     </span>
    </p>
   </div>
   <div class='ocr_carea' id='block_1_103' title="bbox 368 5461 1857 5543">
    <p class='ocr_par' dir='ltr' id='par_1_103' title="bbox 368 5461 1857 5543">
     <span class='ocr_line' id='line_1_103' title="bbox 368 5461 1857 5543; baseline -0.003 -20"><span class='ocrx_word' id='word_1_686' title='bbox 368 5461 483 5543; x_wconf 10' lang='lat'><strong>((578)</strong></span> <span class='ocrx_word' id='word_1_687' title='bbox 502 5468 652 5543; x_wconf 47' lang='grc' dir='ltr'>ξομε.</span> <span class='ocrx_word' id='word_1_688' title='bbox 673 5467 1056 5543; x_wconf 56' lang='grc' dir='ltr'><strong>ἐνέιὺτῷτοῇ</strong></span> <span class='ocrx_word' id='word_1_689' title='bbox 1079 5467 1303 5543; x_wconf 64' lang='grc' dir='ltr'>παντρς</span> <span class='ocrx_word' id='word_1_690' title='bbox 1325 5465 1697 5543; x_wconf 44' lang='grc' dir='ltr'>προφέρογτα</span> <span class='ocrx_word' id='word_1_691' title='bbox 1718 5461 1857 5543; x_wconf 79' lang='lat' dir='ltr'><strong>Rec-</strong></span> 
     </span>
    </p>
   </div>
   <div class='ocr_carea' id='block_1_104' title="bbox 300 5532 1858 5608">
    <p class='ocr_par' dir='ltr' id='par_1_104' title="bbox 300 5532 1858 5608">
     <span class='ocr_line' id='line_1_104' title="bbox 300 5532 1858 5608; baseline -0.003 -14"><span class='ocrx_word' id='word_1_692' title='bbox 300 5532 473 5594; x_wconf 60' lang='lat' dir='ltr'><strong>tiu&#39;siti</strong></span> <span class='ocrx_word' id='word_1_693' title='bbox 500 5532 633 5594; x_wconf 49' lang='lat' dir='ltr'><strong>Fuk&#39;.</strong></span> <span class='ocrx_word' id='word_1_694' title='bbox 660 5555 722 5593; x_wconf 88' lang='lat' dir='ltr'><strong>ac</strong></span> <span class='ocrx_word' id='word_1_695' title='bbox 747 5532 979 5608; x_wconf 79' lang='lat' dir='ltr'><strong>Turnebi</strong></span> <span class='ocrx_word' id='word_1_696' title='bbox 1003 5532 1608 5608; x_wconf 12' lang='lat' dir='ltr'><strong>librorlegiiur&#39;év&#39;aiirqi</strong></span> <span class='ocrx_word' id='word_1_697' title='bbox 1626 5532 1703 5605; x_wconf 79' lang='grc' dir='ltr'>τῷ</span> <span class='ocrx_word' id='word_1_698' title='bbox 1721 5535 1858 5590; x_wconf 84' lang='grc' dir='ltr'>πάν-</span> 
     </span>
    </p>
   </div>
   <div class='ocr_carea' id='block_1_105' title="bbox 297 5607 1859 5681">
    <p class='ocr_par' dir='ltr' id='par_1_105' title="bbox 297 5607 1859 5681">
     <span class='ocr_line' id='line_1_105' title="bbox 297 5607 1859 5681; baseline -0.004 -15"><span class='ocrx_word' id='word_1_699' title='bbox 297 5627 407 5666; x_wconf 85' lang='grc' dir='ltr'><strong>των</strong></span> <span class='ocrx_word' id='word_1_700' title='bbox 438 5609 756 5681; x_wconf 84' lang='grc' dir='ltr'>προφέροντι</span> <span class='ocrx_word' id='word_1_701' title='bbox 797 5608 903 5681; x_wconf 88' lang='grc' dir='ltr'><strong>τῶν</strong></span> <span class='ocrx_word' id='word_1_702' title='bbox 956 5607 1245 5681; x_wconf 73' lang='grc' dir='ltr'>βασιλείων</span> <span class='ocrx_word' id='word_1_703' title='bbox 1265 5608 1447 5681; x_wconf 81' lang='grc' dir='ltr'>οἴκων.</span> <span class='ocrx_word' id='word_1_704' title='bbox 1496 5607 1600 5663; x_wconf 86' lang='lat' dir='ltr'><strong>Sed</strong></span> <span class='ocrx_word' id='word_1_705' title='bbox 1639 5610 1859 5681; x_wconf 74' lang='lat' dir='ltr'><strong>omnino</strong></span> 
     </span>
    </p>
   </div>
   <div class='ocr_carea' id='block_1_106' title="bbox 299 5678 1795 5748">
    <p class='ocr_par' dir='ltr' id='par_1_106' title="bbox 299 5678 1795 5748">
     <span class='ocr_line' id='line_1_106' title="bbox 299 5678 1795 5748; baseline -0.005 -11"><span class='ocrx_word' id='word_1_706' title='bbox 299 5678 640 5737; x_wconf 79' lang='lat' dir='ltr'><strong>scribendum</strong></span> <span class='ocrx_word' id='word_1_707' title='bbox 667 5689 749 5733; x_wconf 91' lang='lat' dir='ltr'><strong>est</strong></span> <span class='ocrx_word' id='word_1_708' title='bbox 778 5680 931 5748; x_wconf 74' lang='grc' dir='ltr'>οἴκῳ,</span> <span class='ocrx_word' id='word_1_709' title='bbox 960 5678 1020 5731; x_wconf 86' lang='lat' dir='ltr'><strong>ut</strong></span> <span class='ocrx_word' id='word_1_710' title='bbox 1041 5693 1203 5745; x_wconf 87' lang='lat' dir='ltr'><strong>supra</strong></span> <span class='ocrx_word' id='word_1_711' title='bbox 1234 5679 1287 5730; x_wconf 91' lang='lat' dir='ltr'><strong>in</strong></span> <span class='ocrx_word' id='word_1_712' title='bbox 1319 5680 1410 5731; x_wconf 92' lang='lat' dir='ltr'><strong>lib.</strong></span> <span class='ocrx_word' id='word_1_713' title='bbox 1446 5693 1525 5744; x_wconf 90' lang='lat' dir='ltr'><strong>ut,</strong></span> <span class='ocrx_word' id='word_1_714' title='bbox 1559 5678 1795 5748; x_wconf 72' lang='lat' dir='ltr'><strong>cap._10.</strong></span> 
     </span>
    </p>
   </div>
   <div class='ocr_carea' id='block_1_107' title="bbox 370 5745 1858 5821">
    <p class='ocr_par' dir='ltr' id='par_1_107' title="bbox 370 5745 1858 5821">
     <span class='ocr_line' id='line_1_107' title="bbox 370 5745 1858 5821; baseline -0.002 -18"><span class='ocrx_word' id='word_1_715' title='bbox 370 5749 484 5821; x_wconf 78' lang='lat'><strong>(69)</strong></span> <span class='ocrx_word' id='word_1_716' title='bbox 522 5748 642 5804; x_wconf 77' lang='grc' dir='ltr'><strong>Εἶτ’</strong></span> <span class='ocrx_word' id='word_1_717' title='bbox 667 5749 759 5802; x_wconf 78' lang='grc' dir='ltr'><strong>ἐπ’</strong></span> <span class='ocrx_word' id='word_1_718' title='bbox 803 5745 996 5815; x_wconf 74' lang='grc' dir='ltr'>άξῖας,</span> <span class='ocrx_word' id='word_1_719' title='bbox 1030 5748 1082 5802; x_wconf 83' lang='lat' dir='ltr'><strong>id</strong></span> <span class='ocrx_word' id='word_1_720' title='bbox 1116 5758 1200 5802; x_wconf 90' lang='lat' dir='ltr'><strong>est</strong></span> <span class='ocrx_word' id='word_1_721' title='bbox 1228 5749 1500 5804; x_wconf 76' lang='lat' dir='ltr'><strong>honorari.</strong></span> <span class='ocrx_word' id='word_1_722' title='bbox 1545 5748 1635 5801; x_wconf 87' lang='lat' dir='ltr'><strong>Sic</strong></span> <span class='ocrx_word' id='word_1_723' title='bbox 1680 5745 1858 5800; x_wconf 84' lang='lat' dir='ltr'><strong>Latini</strong></span> 
     </span>
    </p>
   </div>
   <div class='ocr_carea' id='block_1_108' title="bbox 1958 4559 3535 4628">
    <p class='ocr_par' dir='ltr' id='par_1_108' title="bbox 1958 4559 3535 4628">
     <span class='ocr_line' id='line_1_108' title="bbox 1958 4559 3535 4628; baseline 0.001 -17"><span class='ocrx_word' id='word_1_724' title='bbox 1958 4561 2057 4623; x_wconf 87' lang='lat' dir='ltr'><strong>bis,</strong></span> <span class='ocrx_word' id='word_1_725' title='bbox 2089 4562 2161 4612; x_wconf 88' lang='lat' dir='ltr'><strong>ita</strong></span> <span class='ocrx_word' id='word_1_726' title='bbox 2194 4562 2357 4613; x_wconf 83' lang='lat' dir='ltr'><strong>etiam</strong></span> <span class='ocrx_word' id='word_1_727' title='bbox 2406 4560 2701 4614; x_wconf 73' lang='lat' dir='ltr'><strong>Dominica:</strong></span> <span class='ocrx_word' id='word_1_728' title='bbox 2748 4560 2939 4628; x_wconf 90' lang='lat' dir='ltr'><strong>plebis,</strong></span> <span class='ocrx_word' id='word_1_729' title='bbox 2978 4559 3200 4613; x_wconf 83' lang='lat' dir='ltr'><strong>Domino</strong></span> <span class='ocrx_word' id='word_1_730' title='bbox 3232 4572 3535 4626; x_wconf 79' lang='lat' dir='ltr'><strong>annuente,</strong></span> 
     </span>
    </p>
   </div>
   <div class='ocr_carea' id='block_1_109' title="bbox 1955 4630 2654 4698">
    <p class='ocr_par' dir='ltr' id='par_1_109' title="bbox 1955 4630 2654 4698">
     <span class='ocr_line' id='line_1_109' title="bbox 1955 4630 2654 4698; baseline 0 -16"><span class='ocrx_word' id='word_1_731' title='bbox 1955 4630 2328 4698; x_wconf 84' lang='lat' dir='ltr'><strong>dignissimum</strong></span> <span class='ocrx_word' id='word_1_732' title='bbox 2350 4639 2512 4696; x_wconf 88' lang='lat' dir='ltr'><strong>caput</strong></span> <span class='ocrx_word' id='word_1_733' title='bbox 2532 4644 2607 4683; x_wconf 87' lang='lat' dir='ltr'><strong>es.</strong></span> <span class='ocrx_word' id='word_1_734' title='bbox 2636 4649 2654 4682; x_wconf 76' lang='grc' dir='ltr'><strong>ι</strong></span> 
     </span>
    </p>
   </div>
   <div class='ocr_carea' id='block_1_110' title="bbox 2028 4697 3531 4771">
    <p class='ocr_par' dir='ltr' id='par_1_110' title="bbox 2028 4697 3531 4771">
     <span class='ocr_line' id='line_1_110' title="bbox 2028 4697 3531 4771; baseline 0.001 -21"><span class='ocrx_word' id='word_1_735' title='bbox 2028 4698 2140 4771; x_wconf 81' lang='grc'>(70)</span> <span class='ocrx_word' id='word_1_736' title='bbox 2193 4700 2534 4771; x_wconf 62' lang='grc' dir='ltr'>’βὸασίλευε</span> <span class='ocrx_word' id='word_1_737' title='bbox 2566 4699 2634 4753; x_wconf 84' lang='grc' dir='ltr'><strong>δὲ</strong></span> <span class='ocrx_word' id='word_1_738' title='bbox 2664 4698 2814 4769; x_wconf 81' lang='grc' dir='ltr'>μετὰ</span> <span class='ocrx_word' id='word_1_739' title='bbox 2853 4697 3113 4752; x_wconf 75' lang='grc' dir='ltr'>θάνατον</span> <span class='ocrx_word' id='word_1_740' title='bbox 3155 4699 3365 4771; x_wconf 66' lang='grc' dir='ltr'>μόνος.</span> <span class='ocrx_word' id='word_1_741' title='bbox 3403 4697 3531 4771; x_wconf 84' lang='lat' dir='ltr'><strong>Post</strong></span> 
     </span>
    </p>
   </div>
   <div class='ocr_carea' id='block_1_111' title="bbox 1955 4768 3526 4838">
    <p class='ocr_par' dir='ltr' id='par_1_111' title="bbox 1955 4768 3526 4838">
     <span class='ocr_line' id='line_1_111' title="bbox 1955 4768 3526 4838; baseline -0.002 -15"><span class='ocrx_word' id='word_1_742' title='bbox 1955 4768 2158 4823; x_wconf 83' lang='lat' dir='ltr'><strong>obitum</strong></span> <span class='ocrx_word' id='word_1_743' title='bbox 2191 4768 2558 4832; x_wconf 77' lang='lat' dir='ltr'><strong>Constantini,</strong></span> <span class='ocrx_word' id='word_1_744' title='bbox 2597 4768 2963 4838; x_wconf 77' lang='lat' dir='ltr'><strong>interregnum</strong></span> <span class='ocrx_word' id='word_1_745' title='bbox 3000 4771 3121 4831; x_wconf 88' lang='lat' dir='ltr'><strong>luit,</strong></span> <span class='ocrx_word' id='word_1_746' title='bbox 3155 4783 3250 4822; x_wconf 87' lang='lat' dir='ltr'><strong>nec</strong></span> <span class='ocrx_word' id='word_1_747' title='bbox 3297 4769 3437 4822; x_wconf 91' lang='lat' dir='ltr'><strong>ullus</strong></span> <span class='ocrx_word' id='word_1_748' title='bbox 3472 4770 3526 4821; x_wconf 86' lang='lat' dir='ltr'><strong>in</strong></span> 
     </span>
    </p>
   </div>
   <div class='ocr_carea' id='block_1_112' title="bbox 1953 4839 3527 4910">
    <p class='ocr_par' dir='ltr' id='par_1_112' title="bbox 1953 4839 3527 4910">
     <span class='ocr_line' id='line_1_112' title="bbox 1953 4839 3527 4910; baseline -0.003 -17"><span class='ocrx_word' id='word_1_749' title='bbox 1953 4842 2083 4893; x_wconf 87' lang='lat' dir='ltr'><strong>Orbe</strong></span> <span class='ocrx_word' id='word_1_750' title='bbox 2133 4841 2370 4893; x_wconf 70' lang='lat' dir='ltr'><strong>liontano</strong></span> <span class='ocrx_word' id='word_1_751' title='bbox 2434 4843 2710 4910; x_wconf 88' lang='lat' dir='ltr'><strong>Augustus</strong></span> <span class='ocrx_word' id='word_1_752' title='bbox 2757 4841 3076 4910; x_wconf 46' lang='lat' dir='ltr'><strong>imperavit.</strong></span> <span class='ocrx_word' id='word_1_753' title='bbox 3105 4840 3258 4904; x_wconf 78' lang='lat' dir='ltr'><strong>Quod</strong></span> <span class='ocrx_word' id='word_1_754' title='bbox 3311 4839 3527 4907; x_wconf 83' lang='lat' dir='ltr'><strong>quidem</strong></span> 
     </span>
    </p>
   </div>
   <div class='ocr_carea' id='block_1_113' title="bbox 1957 4909 3531 4979">
    <p class='ocr_par' dir='ltr' id='par_1_113' title="bbox 1957 4909 3531 4979">
     <span class='ocr_line' id='line_1_113' title="bbox 1957 4909 3531 4979; baseline -0.001 -17"><span class='ocrx_word' id='word_1_755' title='bbox 1957 4912 2324 4979; x_wconf 85' lang='lat' dir='ltr'><strong>interregnum</strong></span> <span class='ocrx_word' id='word_1_756' title='bbox 2376 4926 2479 4964; x_wconf 91' lang='lat' dir='ltr'><strong>nou</strong></span> <span class='ocrx_word' id='word_1_757' title='bbox 2528 4909 2688 4963; x_wconf 85' lang='lat' dir='ltr'><strong>inodo</strong></span> <span class='ocrx_word' id='word_1_758' title='bbox 2720 4924 2891 4976; x_wconf 88' lang='lat' dir='ltr'><strong>usque</strong></span> <span class='ocrx_word' id='word_1_759' title='bbox 2941 4910 3005 4961; x_wconf 83' lang='lat' dir='ltr'><strong>ad</strong></span> <span class='ocrx_word' id='word_1_760' title='bbox 3047 4909 3390 4963; x_wconf 82' lang='lat' dir='ltr'><strong>Constantini</strong></span> <span class='ocrx_word' id='word_1_761' title='bbox 3441 4924 3531 4962; x_wconf 81' lang='lat' dir='ltr'><strong>se-</strong></span> 
     </span>
    </p>
   </div>
   <div class='ocr_carea' id='block_1_114' title="bbox 1954 4979 3533 5048">
    <p class='ocr_par' dir='ltr' id='par_1_114' title="bbox 1954 4979 3533 5048">
     <span class='ocr_line' id='line_1_114' title="bbox 1954 4979 3533 5048; baseline 0 -17"><span class='ocrx_word' id='word_1_762' title='bbox 1954 4982 2223 5047; x_wconf 87' lang='lat' dir='ltr'><strong>pulturam</strong></span> <span class='ocrx_word' id='word_1_763' title='bbox 2284 4982 2614 5048; x_wconf 89' lang='lat' dir='ltr'><strong>permansit,</strong></span> <span class='ocrx_word' id='word_1_764' title='bbox 2666 4982 2759 5034; x_wconf 86' lang='lat' dir='ltr'><strong>sed</strong></span> <span class='ocrx_word' id='word_1_765' title='bbox 2803 4995 2972 5047; x_wconf 84' lang='lat' dir='ltr'><strong>usque</strong></span> <span class='ocrx_word' id='word_1_766' title='bbox 3021 4980 3088 5048; x_wconf 85' lang='lat' dir='ltr'><strong>ad</strong></span> <span class='ocrx_word' id='word_1_767' title='bbox 3139 4981 3277 5032; x_wconf 83' lang='lat' dir='ltr'><strong>diem</strong></span> <span class='ocrx_word' id='word_1_768' title='bbox 3323 4995 3352 5031; x_wconf 93' lang='lat' dir='ltr'><strong>v</strong></span> <span class='ocrx_word' id='word_1_769' title='bbox 3410 4979 3533 5031; x_wconf 82' lang='lat' dir='ltr'><strong>idus</strong></span> 
     </span>
    </p>
   </div>
   <div class='ocr_carea' id='block_1_115' title="bbox 1959 5047 3534 5118">
    <p class='ocr_par' dir='ltr' id='par_1_115' title="bbox 1959 5047 3534 5118">
     <span class='ocr_line' id='line_1_115' title="bbox 1959 5047 3534 5118; baseline 0 -16"><span class='ocrx_word' id='word_1_770' title='bbox 1959 5047 2312 5118; x_wconf 84' lang='lat' dir='ltr'><strong>Septembris,</strong></span> <span class='ocrx_word' id='word_1_771' title='bbox 2346 5060 2402 5104; x_wconf 92' lang='lat' dir='ltr'><strong>nt</strong></span> <span class='ocrx_word' id='word_1_772' title='bbox 2447 5061 2674 5104; x_wconf 87' lang='lat' dir='ltr'><strong>testatur</strong></span> <span class='ocrx_word' id='word_1_773' title='bbox 2703 5050 2903 5102; x_wconf 87' lang='lat' dir='ltr'><strong>ldatius</strong></span> <span class='ocrx_word' id='word_1_774' title='bbox 2936 5050 2986 5102; x_wconf 92' lang='lat' dir='ltr'><strong>iu</strong></span> <span class='ocrx_word' id='word_1_775' title='bbox 3014 5047 3216 5102; x_wconf 75' lang='lat' dir='ltr'><strong>Fastis.</strong></span> <span class='ocrx_word' id='word_1_776' title='bbox 3248 5050 3323 5101; x_wconf 86' lang='lat' dir='ltr'><strong>lta</strong></span> <span class='ocrx_word' id='word_1_777' title='bbox 3358 5049 3534 5102; x_wconf 78' lang='lat' dir='ltr'><strong>tribus</strong></span> 
     </span>
    </p>
   </div>
   <div class='ocr_carea' id='block_1_116' title="bbox 1958 5118 3532 5186">
    <p class='ocr_par' dir='ltr' id='par_1_116' title="bbox 1958 5118 3532 5186">
     <span class='ocr_line' id='line_1_116' title="bbox 1958 5118 3532 5186; baseline -0.001 -15"><span class='ocrx_word' id='word_1_778' title='bbox 1958 5122 2235 5174; x_wconf 85' lang='lat' dir='ltr'><strong>mensibus</strong></span> <span class='ocrx_word' id='word_1_779' title='bbox 2263 5136 2328 5175; x_wconf 88' lang='lat' dir='ltr'><strong>ac</strong></span> <span class='ocrx_word' id='word_1_780' title='bbox 2361 5121 2604 5186; x_wconf 88' lang='lat' dir='ltr'><strong>dimidio,</strong></span> <span class='ocrx_word' id='word_1_781' title='bbox 2651 5124 2799 5174; x_wconf 76' lang='lat' dir='ltr'><strong>orbis</strong></span> <span class='ocrx_word' id='word_1_782' title='bbox 2834 5118 3112 5173; x_wconf 78' lang='lat' dir='ltr'><strong>Romanus</strong></span> <span class='ocrx_word' id='word_1_783' title='bbox 3145 5121 3262 5171; x_wconf 87' lang='lat' dir='ltr'><strong>sine</strong></span> <span class='ocrx_word' id='word_1_784' title='bbox 3287 5121 3532 5185; x_wconf 83' lang='lat' dir='ltr'><strong>Augusto</strong></span> 
     </span>
    </p>
   </div>
   <div class='ocr_carea' id='block_1_117' title="bbox 1958 5190 3527 5259">
    <p class='ocr_par' dir='ltr' id='par_1_117' title="bbox 1958 5190 3527 5259">
     <span class='ocr_line' id='line_1_117' title="bbox 1958 5190 3527 5259; baseline -0.001 -20"><span class='ocrx_word' id='word_1_785' title='bbox 1958 5190 2182 5259; x_wconf 79' lang='lat' dir='ltr'><strong>imperio</strong></span> <span class='ocrx_word' id='word_1_786' title='bbox 2219 5193 2336 5244; x_wconf 78' lang='lat' dir='ltr'><strong>luit.</strong></span> <span class='ocrx_word' id='word_1_787' title='bbox 2390 5190 2596 5259; x_wconf 84' lang='lat' dir='ltr'><strong>Quippe</strong></span> <span class='ocrx_word' id='word_1_788' title='bbox 2628 5201 2739 5245; x_wconf 90' lang='lat' dir='ltr'><strong>toto</strong></span> <span class='ocrx_word' id='word_1_789' title='bbox 2768 5190 2860 5242; x_wconf 88' lang='lat' dir='ltr'><strong>illo</strong></span> <span class='ocrx_word' id='word_1_790' title='bbox 2895 5199 3135 5258; x_wconf 89' lang='lat' dir='ltr'><strong>tempore</strong></span> <span class='ocrx_word' id='word_1_791' title='bbox 3164 5190 3307 5257; x_wconf 83' lang='lat' dir='ltr'><strong>quod</strong></span> <span class='ocrx_word' id='word_1_792' title='bbox 3355 5193 3422 5240; x_wconf 84' lang='lat' dir='ltr'><strong>ab</strong></span> <span class='ocrx_word' id='word_1_793' title='bbox 3449 5201 3527 5259; x_wconf 77' lang='lat' dir='ltr'><strong>_Xt</strong></span> 
     </span>
    </p>
   </div>
   <div class='ocr_carea' id='block_1_118' title="bbox 1957 5256 3531 5329">
    <p class='ocr_par' dir='ltr' id='par_1_118' title="bbox 1957 5256 3531 5329">
     <span class='ocr_line' id='line_1_118' title="bbox 1957 5256 3531 5329; baseline -0.001 -19"><span class='ocrx_word' id='word_1_794' title='bbox 1957 5258 2075 5310; x_wconf 79' lang='lat' dir='ltr'><strong>Kal.</strong></span> <span class='ocrx_word' id='word_1_795' title='bbox 2105 5258 2295 5313; x_wconf 87' lang='lat' dir='ltr'><strong>Juuias</strong></span> <span class='ocrx_word' id='word_1_796' title='bbox 2324 5256 2509 5329; x_wconf 68' lang='lat' dir='ltr'><strong>usque</strong></span> <span class='ocrx_word' id='word_1_797' title='bbox 2535 5256 2600 5314; x_wconf 80' lang='lat' dir='ltr'><strong>ad</strong></span> <span class='ocrx_word' id='word_1_798' title='bbox 2635 5277 2663 5313; x_wconf 92' lang='lat' dir='ltr'><strong>v</strong></span> <span class='ocrx_word' id='word_1_799' title='bbox 2689 5260 2814 5313; x_wconf 85' lang='lat' dir='ltr'><strong>ldus</strong></span> <span class='ocrx_word' id='word_1_800' title='bbox 2847 5256 3531 5329; x_wconf 69' lang='lat' dir='ltr'><strong>Septembrisintercedit,</strong></span> 
     </span>
    </p>
   </div>
   <div class='ocr_carea' id='block_1_119' title="bbox 1958 5326 3532 5396">
    <p class='ocr_par' dir='ltr' id='par_1_119' title="bbox 1958 5326 3532 5396">
     <span class='ocr_line' id='line_1_119' title="bbox 1958 5326 3532 5396; baseline -0.003 -15"><span class='ocrx_word' id='word_1_801' title='bbox 1958 5328 2049 5381; x_wconf 86' lang='lat' dir='ltr'><strong>lilii</strong></span> <span class='ocrx_word' id='word_1_802' title='bbox 2082 5332 2196 5396; x_wconf 85' lang='lat' dir='ltr'><strong>ejus</strong></span> <span class='ocrx_word' id='word_1_803' title='bbox 2244 5326 2487 5384; x_wconf 57' lang='lat' dir='ltr'><strong>Caesares</strong></span> <span class='ocrx_word' id='word_1_804' title='bbox 2536 5341 2745 5384; x_wconf 87' lang='lat' dir='ltr'><strong>tantum</strong></span> <span class='ocrx_word' id='word_1_805' title='bbox 2795 5326 3136 5383; x_wconf 85' lang='lat' dir='ltr'><strong>dicebantur.</strong></span> <span class='ocrx_word' id='word_1_806' title='bbox 3177 5328 3338 5383; x_wconf 87' lang='lat' dir='ltr'><strong>Certe</strong></span> <span class='ocrx_word' id='word_1_807' title='bbox 3384 5326 3532 5381; x_wconf 57' lang='lat' dir='ltr'><strong>Con.</strong></span> 
     </span>
    </p>
   </div>
   <div class='ocr_carea' id='block_1_120' title="bbox 1957 5398 3532 5470">
    <p class='ocr_par' dir='ltr' id='par_1_120' title="bbox 1957 5398 3532 5470">
     <span class='ocr_line' id='line_1_120' title="bbox 1957 5398 3532 5470; baseline -0.002 -19"><span class='ocrx_word' id='word_1_808' title='bbox 1957 5402 2228 5454; x_wconf 88' lang='lat' dir='ltr'><strong>stantinus</strong></span> <span class='ocrx_word' id='word_1_809' title='bbox 2270 5401 2461 5455; x_wconf 86' lang='lat' dir='ltr'><strong>.Iunior</strong></span> <span class='ocrx_word' id='word_1_810' title='bbox 2503 5402 2553 5454; x_wconf 91' lang='lat' dir='ltr'><strong>in</strong></span> <span class='ocrx_word' id='word_1_811' title='bbox 2584 5401 2811 5470; x_wconf 84' lang='lat' dir='ltr'><strong>epistola</strong></span> <span class='ocrx_word' id='word_1_812' title='bbox 2861 5402 2929 5470; x_wconf 64' lang='lat' dir='ltr'><strong>at!</strong></span> <span class='ocrx_word' id='word_1_813' title='bbox 2966 5398 3371 5470; x_wconf 67' lang='lat' dir='ltr'><strong>Alexandrinos</strong></span> <span class='ocrx_word' id='word_1_814' title='bbox 3405 5408 3532 5470; x_wconf 67' lang='lat' dir='ltr'><strong>quae</strong></span> 
     </span>
    </p>
   </div>
   <div class='ocr_carea' id='block_1_121' title="bbox 1960 5465 3531 5540">
    <p class='ocr_par' dir='ltr' id='par_1_121' title="bbox 1960 5465 3531 5540">
     <span class='ocr_line' id='line_1_121' title="bbox 1960 5465 3531 5540; baseline 0 -20"><span class='ocrx_word' id='word_1_815' title='bbox 1960 5472 2082 5521; x_wconf 88' lang='lat' dir='ltr'><strong>data</strong></span> <span class='ocrx_word' id='word_1_816' title='bbox 2116 5481 2201 5523; x_wconf 64' lang='lat' dir='ltr'><strong>est</strong></span> <span class='ocrx_word' id='word_1_817' title='bbox 2238 5481 2356 5539; x_wconf 83' lang='lat' dir='ltr'><strong>post</strong></span> <span class='ocrx_word' id='word_1_818' title='bbox 2399 5465 2829 5540; x_wconf 59' lang='lat' dir='ltr'><strong>obitum&#39;patris,</strong></span> <span class='ocrx_word' id='word_1_819' title='bbox 2889 5465 3163 5523; x_wconf 88' lang='lat' dir='ltr'><strong>Feliciano</strong></span> <span class='ocrx_word' id='word_1_820' title='bbox 3210 5478 3284 5540; x_wconf 13' lang='lat' dir='ltr'><strong>et,</strong></span> <span class='ocrx_word' id='word_1_821' title='bbox 3314 5465 3531 5540; x_wconf 70' lang='lat' dir='ltr'><strong>Titiano</strong></span> 
     </span>
    </p>
   </div>
   <div class='ocr_carea' id='block_1_122' title="bbox 1961 5536 3532 5606">
    <p class='ocr_par' dir='ltr' id='par_1_122' title="bbox 1961 5536 3532 5606">
     <span class='ocr_line' id='line_1_122' title="bbox 1961 5536 3532 5606; baseline -0.002 -14"><span class='ocrx_word' id='word_1_822' title='bbox 1961 5553 2124 5601; x_wconf 87' lang='lat' dir='ltr'><strong>coss.,</strong></span> <span class='ocrx_word' id='word_1_823' title='bbox 2156 5536 2333 5595; x_wconf 42' lang='lat' dir='ltr'><strong>die—15</strong></span> <span class='ocrx_word' id='word_1_824' title='bbox 2361 5540 2477 5595; x_wconf 81' lang='lat' dir='ltr'><strong>Kal.</strong></span> <span class='ocrx_word' id='word_1_825' title='bbox 2504 5536 2702 5606; x_wconf 82' lang='lat' dir='ltr'><strong>Julias,</strong></span> <span class='ocrx_word' id='word_1_826' title='bbox 2742 5540 2926 5595; x_wconf 73' lang='lat' dir='ltr'><strong>Caesar</strong></span> <span class='ocrx_word' id='word_1_827' title='bbox 2975 5540 3235 5593; x_wconf 80' lang='lat' dir='ltr'><strong>duntaxat</strong></span> <span class='ocrx_word' id='word_1_828' title='bbox 3275 5536 3532 5591; x_wconf 84' lang='lat' dir='ltr'><strong>inscribi-</strong></span> 
     </span>
    </p>
   </div>
   <div class='ocr_carea' id='block_1_123' title="bbox 1960 5607 3530 5736">
    <p class='ocr_par' dir='ltr' id='par_1_123' title="bbox 1960 5607 3530 5736">
     <span class='ocr_line' id='line_1_123' title="bbox 1960 5607 3530 5736; baseline -0.002 -72"><span class='ocrx_word' id='word_1_829' title='bbox 1960 5620 2067 5664; x_wconf 91' lang='lat' dir='ltr'><strong>tur.</strong></span> <span class='ocrx_word' id='word_1_830' title='bbox 2098 5609 2290 5736; x_wconf 49' lang='lat' dir='ltr'><strong>tixztat</strong></span> <span class='ocrx_word' id='word_1_831' title='bbox 2316 5613 2427 5667; x_wconf 70' lang='lat' dir='ltr'><strong>[me</strong></span> <span class='ocrx_word' id='word_1_832' title='bbox 2458 5613 2684 5681; x_wconf 85' lang='lat' dir='ltr'><strong>cpistola</strong></span> <span class='ocrx_word' id='word_1_833' title='bbox 2716 5613 2855 5681; x_wconf 85' lang='lat' dir='ltr'><strong>apud</strong></span> <span class='ocrx_word' id='word_1_834' title='bbox 2891 5611 3249 5665; x_wconf 86' lang='lat' dir='ltr'><strong>Athanasium</strong></span> <span class='ocrx_word' id='word_1_835' title='bbox 3273 5607 3530 5678; x_wconf 77' lang='lat' dir='ltr'><strong>Apologia</strong></span> 
     </span>
     <span class='ocr_line' id='line_1_124' title="bbox 1963 5695 2368 5736; baseline 0 0"><span class='ocrx_word' id='word_1_836' title='bbox 1963 5696 2022 5736; x_wconf 80' lang='lat' dir='ltr'><strong>II.</strong></span> <span class='ocrx_word' id='word_1_837' title='bbox 2052 5695 2116 5736; x_wconf 89' lang='lat' dir='ltr'><strong>su</strong></span> <span class='ocrx_word' id='word_1_838' title='bbox 2223 5700 2368 5736; x_wconf 81' lang='lat' dir='ltr'><strong>nem.</strong></span> 
     </span>
    </p>
   </div>
   <div class='ocr_carea' id='block_1_124' title="bbox 1963 5686 2368 5744">
    <p class='ocr_par' dir='ltr' id='par_1_124' title="bbox 1963 5686 2368 5744">
     <span class='ocr_line' id='line_1_125' title="bbox 1963 5686 2368 5744; baseline 0.01 -8"><span class='ocrx_word' id='word_1_839' title='bbox 1963 5696 2022 5744; x_wconf 84' lang='grc' dir='ltr'><strong>ιι,</strong></span> <span class='ocrx_word' id='word_1_840' title='bbox 2052 5686 2153 5737; x_wconf 91' lang='lat' dir='ltr'><strong>sub</strong></span> <span class='ocrx_word' id='word_1_841' title='bbox 2184 5686 2368 5740; x_wconf 84' lang='lat' dir='ltr'><strong>tinem.</strong></span> 
     </span>
    </p>
   </div>
  </div>
