3926 6264
537 278 681 338 1223

1239 277 1509 335 EUSEBII
1546 278 2027 336 CESARIENSIS
2065 278 2217 336 OPP.
2256 279 2435 336 PARS
2472 279 2515 336 l.
2554 312 2627 323 —
2660 280 3048 337 HISTORICA.

3597 292 3711 345 1224

536 414 566 453 a
597 400 703 453 Deo
731 411 1024 454 concessus
1051 404 1155 454 est.
1215 396 1425 469 Quippe
1476 386 1599 454 cum
1652 399 1799 481 solus
1852 399 1943 454 ille
1995 415 2073 482 pr:

2175 453 2176 457 η
2204 399 2300 454 λέα
2330 400 2461 455 Θεὸν
2479 442 2494 467 ,
2539 400 2631 454 καὶ
2659 400 2746 453 τὸν
2770 400 3005 468 Χριστὸν
3036 399 3199 454 αὐτοῦ
3228 401 3492 468 παντοίαις
3512 408 3710 479 τιμήσας

533 490 747 544 carteris
797 489 1237 558 imperatoribus,
1276 489 1441 544 Deum
1472 490 1715 545 omnium
1742 505 1915 559 regem
1945 489 2102 544 Chri-

2201 490 2481 562 πράξεσιν,
2512 490 2731 554 εἰκότως
2755 490 2957 545 τούτων
2984 490 3139 562 ἔλαχε
3172 492 3346 562 μόνος,
3373 494 3535 547 καὶτὸ
3552 496 3712 568 θνητὸν

532 588 781 648 stumque
801 577 916 645 ejus
946 577 1113 631 ﬁlium
1155 578 1322 634 variis
1354 578 1614 648 cujusque
1646 581 1862 647 generis
1889 579 2067 633 aetibu

2198 579 2358 634 αὐτοῦ
2396 580 2695 650 βασιλεύειν
2742 582 2798 633 ἐν
2840 579 3142 652 ἀνθρώποις
3182 584 3210 634 ὁ
3241 583 3331 635 ἐπὶ
3358 583 3554 638 πάντων
3587 586 3711 655 ἠξίου

532 668 871 733 bonorasset,
897 666 1022 736 .jure
1051 669 1245 724 merito
1273 669 1358 724 his
1380 668 1679 725 honoribus
1705 669 1851 725 solus
1875 667 2067 725 affectu

2197 673 2350 737 Θεὸς,
2380 666 2470 727 ὧδ’
2495 672 2803 735 ἐπιδεικνὺς
2828 670 2924 742 τὴν
2953 672 3144 744 ἀγήρω
3170 672 3261 725 καὶ
3284 673 3609 746 ἀτελεύτητον
3631 680 3709 751 τῆς

530 766 612 811 est
668 772 683 809 :
744 756 906 838 idque
964 758 1036 811 illi
1094 760 1333 815 tribuere
1395 761 1650 830 dignatus
1706 770 1789 815 est
1852 776 2073 816 summu:

2199 765 2377 835 ψυχῆς
2431 763 2702 835 βασιλείαν
2753 766 2865 828 τοῖς
2923 764 2995 835 μὴ
3044 764 3135 816 τὸν
3187 763 3307 817 νοῦν
3361 763 3707 838 λελιθωμένοις.

527 836 957 913 οιηηίυιπῡειιε,
1021 860 1078 904 ut
1105 853 1339 906 cadaver
1379 850 1497 920 ejus
1523 853 1575 905 in
1607 852 1765 906 terris
1813 852 2094 920 imperium

2214 852 2371 905 Ἀλλὰ
2397 851 2570 906 ταῦτα
2600 851 2698 922 μὲν
2724 845 2826 906 ὧδέ
2856 869 2931 923 πη
2968 852 3313 907 συνετελεῖτο.

524 940 812 996 obtineret.
862 940 978 1008 Quo
1031 945 1247 1014 quidem
1301 946 1499 1003 indicio
1550 946 1615 1000 iis
1664 947 1753 1015 qui
1795 962 1900 1001 non
1951 948 2109 1016 plane
2144 947 2338 1016 stupidi
2389 957 2550 1016 atque
2598 948 2819 1003 hebetes
2871 956 3073 1015 essent,
3110 951 3388 1019 perspicue
3434 951 3711 1022 signiﬁcavit

525 1031 687 1099 Deus,
716 1035 953 1088 animam
983 1036 1125 1091 illius
1164 1046 1424 1107 perpetuo
1452 1047 1508 1092 et
1540 1039 1833 1095 immortali
1864 1040 2093 1108 imperio
2123 1038 2249 1093 frui.
2305 1041 2369 1095 Et
2411 1040 2526 1095 haec.
2557 1040 2771 1109 quidem
2801 1054 2954 1111 geSIa
2995 1051 3119 1095 sunt
3164 1042 3214 1095 iu
3242 1042 3382 1096 hunc
3410 1045 3621 1102 modum.

1058 1127 1286 1186 CAPUT
1325 1128 1555 1184 LXVIII.

526 1218 799 1285 Quomodo
828 1222 1085 1276 exercitus
1130 1222 1359 1292 judicio,
1407 1222 1507 1288 ﬁlii
1557 1222 1671 1292 ejus
1707 1222 1927 1293 Augusti
1971 1232 2091 1277 sunt

1163 1294 1464 1361 nuncupati.

591 1382 799 1438 Interea
839 1384 1039 1439 tribuni
1094 1383 1266 1440 lectos
1316 1385 1577 1454 quosdam
1652 1398 1719 1438 ex
1771 1384 2090 1439 militaribus

522 1476 783 1544 numeris,
805 1479 895 1546 qui
930 1478 1052 1532 fidei
1078 1492 1142 1532 ac
1171 1477 1558 1533 benevolentiae
1584 1492 1747 1533 causa
1777 1477 1904 1531 olim
1931 1477 2082 1546 prin-

519 1572 624 1639 eipi
670 1572 880 1639 accepti
923 1570 1173 1632 fuissent.
1206 1570 1272 1624 ad
1318 1569 1564 1626 Caesares
1602 1571 1842 1634 mittunt,
1887 1579 2080 1625 cuncta

2704 1134 3095 1188 ΚΕΦΑΛΔΙΟΝ
3129 1133 3253 1188 ΞΗἎ

2247 1224 2436 1291 Ὅπως
2469 1226 2848 1300 Αὺγορσζους
2890 1222 3040 1300 εἶναι
3094 1226 3312 1300 λοιπόν
3347 1227 3483 1294 τοὺς
3516 1232 3662 1300 υἱοὺς

2470 1294 2654 1349 αὐτοῦ
2686 1295 2751 1349 τὸ
2787 1294 3192 1363 στρατόπεδον
3218 1296 3467 1364 ἔκρινεν.

2260 1386 2379 1440 Τῶν
2408 1387 2464 1441 δὲ
2487 1387 2887 1460 στρατιωτικῶν
2910 1387 3204 1458 ταγμάτων
3227 1388 3503 1458 ἐκκρίτους
3523 1391 3704 1463 ἄνδρας,

2191 1477 2367 1532 πίστει
2400 1481 2490 1533 καὶ
2521 1480 2702 1552 εὐνοίᾳ
2733 1481 2900 1534 πάλαι
2946 1479 3155 1551 βασιλεῖ
3186 1481 3516 1551 γνωρίμους,
3557 1486 3600 1535 ol
3631 1501 3705 1538 τα-

2186 1568 2391 1640 ξίαρχοι
2418 1571 2795 1644 διεπέμποντο,
2819 1572 2888 1625 τὰ
2913 1573 3276 1644 πεπραγμένα
3306 1576 3416 1635 τοῖς
3445 1573 3704 1644 Καίσαρσιν

517 1662 598 1716 eis
631 1677 749 1731 qua
781 1672 930 1732 gesta
960 1671 1116 1717 erant
1146 1662 1506 1717 nuntiaturos.
1527 1662 1593 1716 Et
1613 1662 1726 1716 haec
1758 1661 1970 1731 quidem
2006 1661 2073 1715 illi

2184 1660 2382 1733 ἔκδηλα
2422 1661 2803 1726 καθιστῶντες.
2853 1664 2963 1717 Καὶ
3006 1662 3112 1716 οἵδε
3162 1660 3260 1734 μὲν
3305 1663 3417 1716 τάδ’
3451 1662 3702 1735 ἔπραττονο

518 1766 649 1809 tunc
699 1762 945 1824 egerunt.
993 1752 1194 1809 Omnes
1243 1767 1377 1808 vero
1428 1753 1733 1823 ubicunque
1772 1752 2077 1818 exercitus,

514 1844 668 1914 quasi
700 1845 886 1899 divino
913 1845 1148 1913 quodam
1210 1844 1404 1912 spiritu
1462 1844 1691 1911 incitati,
1718 1843 1878 1899 simul
1920 1852 2080 1913 atque

514 1938 585 1993 de
616 1937 964 2007 imperatoris
1002 1946 1176 1991 morte
1208 1938 1513 1991 nuntiatum
1552 1943 1656 2000 est,
1685 1951 1792 1992 uno
1815 1951 2080 1992 consensu

515 2028 909 2092 decreverunt,
977 2041 1202 2097 prorsus
1250 2028 1402 2097 quasi
1468 2027 1738 2082 maximus
1791 2028 2083 2097 imperator

514 2118 693 2174 adhuc
722 2127 1049 2188 superesset,
1092 2118 1364 2174 nemiuem
1398 2132 1461 2173 se
1507 2130 1704 2188 praeter
1734 2118 1851 2189 ejus
1881 2118 2080 2173 liberos

512 2210 722 2279 imperii
773 2209 1001 2266 Romani
1063 2211 1357 2281 principem
1411 2210 1567 2283 561
1626 2211 1923 2267 habituros.
1970 2211 2082 2268 Nec

513 2301 685 2357 multo
718 2311 860 2374 post,
896 2302 1111 2358 eosdem
1144 2318 1250 2356 non
1298 2301 1543 2357 Caesares
1603 2301 1855 2371 appellari
1905 2302 2082 2358 volue-

511 2403 658 2459 rttnt,
700 2395 795 2450 sed
834 2394 1138 2464 Augustos;
1180 2395 1322 2463 quod
1374 2409 1569 2449 nomen
1616 2393 1811 2450 summi
1869 2394 2078 2465 imperii

513 2487 661 2540 velut.
717 2487 983 2555 quoddam
1041 2487 1253 2556 insigne
1299 2497 1404 2541 est.
1438 2485 1504 2540 Et
1545 2486 1816 2541 exercitus
1864 2486 2076 2557 quidem

509 2577 762 2648 suffragia
823 2592 925 2633 sua
970 2585 1131 2647 atque
1171 2577 1589 2632 acclamationes
1626 2576 1728 2631 sibi
1758 2570 1947 2632 mutuo
1984 2591 2081 2647 per

511 2667 718 2723 litteras
748 2668 1124 2738 significarunt
1177 2686 1189 2720 :
1225 2677 1276 2724 et
1322 2668 1598 2722 unanimis
1649 2668 1919 2738 legionum
1950 2683 2079 2725 con-

507 2774 721 2824 sensus,
772 2774 878 2814 uno
911 2760 1212 2829 eodemque
1252 2760 1509 2829 temporis
1544 2769 1816 2815 momento
1868 2763 2079 2816 cunctis

508 2849 832 2919 ubicumque
865 2852 1150 2919 agentibus
1181 2853 1435 2905 innotuit.

1050 2940 1278 2997 CAPUT
1318 2941 1505 2997 LXIX.

510 3033 690 3089 Roma:
731 3033 900 3088 luctus
916 3035 989 3106 el:
1024 3043 1243 3126 morleJm
1274 3027 1628 3126 Constantini,
1658 3047 1705 3090 et
1737 3036 1991 3107 imagines
2023 3038 2070 3092 ei
2100 3069 2141 3126 ο

1170 3105 1405 3159 decretae.

574 3196 645 3250 At
677 3196 730 3249 in
761 3195 894 3250 urbe
928 3195 1100 3266 regia,
1147 3204 1370 3251 senatus
1416 3199 1756 3268 populusque
1800 3198 2072 3255 Romanus

505 3296 780 3356 comperta
830 3286 1176 3356 imperatoris
1230 3297 1428 3354 morte,
1488 3290 1871 3359 gravissimum
1930 3293 2071 3345 hunc

505 3382 750 3433 nuntium
805 3386 860 3431 et
912 3377 1107 3448 quavis
1158 3378 1476 3434 calamitate
1553 3382 1888 3436 acerbiorem
1940 3381 2069 3444 rati,

506 3470 710 3524 uullunt
773 3470 943 3525 luctui
992 3471 1210 3524 modum
1262 3470 1459 3527 fecere.
1504 3472 1714 3542 Quippe
1768 3472 1963 3527 balnea
2014 3482 2070 3528 et

504 3561 621 3615 fora
652 3576 832 3616 rerum
870 3561 1137 3615 venalium
1171 3561 1354 3616 clausa
1383 3577 1398 3615 :
1433 3562 1648 3632 publica
1678 3563 1804 3616 item
1861 3574 2071 3631 Specta-

503 3652 646 3717 cula,
680 3663 735 3708 et
770 3668 1110 3722 quaecunque
1168 3654 1272 3707 alia
1307 3655 1427 3708 vita:
1465 3653 1859 3710 oblectamenta
1898 3655 2069 3709 homi-

508 3761 603 3800 nes
631 3747 683 3799 in
718 3745 830 3800 otio
859 3746 1115 3817 degentes
1146 3746 1450 3800 consectari
1506 3745 1701 3809 solent,
1739 3755 1970 3800 remota.
2004 3744 2070 3798 Et

504 3840 598 3908 qui
627 3841 775 3908 prius
811 3838 1021 3893 deliciis
1047 3837 1412 3900 dillluxeraut,
1447 3839 1628 3892 moesti
1671 3849 1797 3893 tunc
1828 3854 1924 3908 per
1952 3839 2068 3894 vias

507 3932 856 3986 incedebant.
888 3927 1097 3985 Omnes
1135 3930 1517 3999 imperatorem
1549 3934 1768 3984 beatum
1790 3970 1807 3996 ,
1845 3930 1953 3984 Deo
1979 3944 2067 3985 ca-

508 4038 651 4089 rum,
679 4031 735 4076 et
760 4037 984 4091 prorsus
1014 4021 1242 4090 imperio
1272 4022 1645 4092 dignissimum
1681 4023 2064 4089 praedicabant.

508 4115 693 4185 Neque
742 4116 858 4169 haec
904 4128 1042 4169 voce
1089 4122 1301 4167 tantum
1341 4115 1480 4167 nuda
1531 4114 1920 4170 declarabant:
1972 4115 2066 4170 sed

504 4206 838 4279 imaginibus
892 4203 1160 4259 dedicatis
1199 4213 1472 4259 mortuum
1525 4207 1749 4273 perinde
1779 4221 1841 4260 ac
1879 4220 2069 4274 super-

503 4300 687 4353 stitem
729 4296 1093 4352 honorabant.
1120 4296 1180 4351 In
1205 4297 1401 4367 quibus
1427 4312 1550 4353 cum
1587 4297 1707 4352 coeli
1749 4298 2068 4352 similitudi-

2183 1751 2370 1824 ὥσπερ
2393 1753 2437 1807 δ’
2463 1753 2522 1818 ἐξ
2544 1754 2825 1817 ἐπιπνοίας
2849 1754 3175 1827 κρείττονος,
3200 1754 3268 1808 τὰ
3294 1753 3554 1824 πανταχοῦ
3576 1772 3704 1826 στρα-

2181 1846 2380 1900 τόπεδα
2403 1846 2494 1900 τὸν
2527 1846 2791 1917 βασιλέως
2820 1845 3099 1916 πυθόμενα
3138 1845 3387 1912 θάνατον,
3429 1848 3548 1917 μιᾶς
3571 1847 3702 1917 ἐκρά-

2179 1954 2265 1991 τει
2293 1936 2535 2008 γνώμης,
2566 1937 2765 1990 ὡσανεὶ
2804 1936 3006 2002 ζῶντος
3047 1937 3228 2001 αὐτοῖς
3260 1934 3352 1990 τοῦ
3388 1936 3601 2007 μεγάλου
3629 1937 3704 2006 βα-

2183 2026 2391 2090 σιλέως,
2428 2026 2627 2097 μηδένα
2660 2026 2946 2097 γνωρίζειν
2975 2026 3182 2098 ἕτερον,
3215 2027 3248 2098 ἢ
3284 2027 3470 2097 μόνους
3494 2027 3605 2090 τοὺς
3628 2027 3703 2079 αὺ-

2178 2118 2273 2172 τοῦ
2306 2118 2498 2181 παῖδας
2527 2117 2812 2188 Ῥωμαίων
2841 2116 3269 2188 αὐτοκράτορας.
3301 2117 3412 2170 Οὐκ
3433 2118 3507 2177 εἰς
3532 2116 3701 2188 μακρὸν

2179 2209 2222 2262 δ’
2246 2206 2448 2279 ἠξίουν,
2487 2206 2561 2278 μὴ
2595 2207 2907 2277 Καίσαρας,
2948 2204 3194 2260 ἐντεῦθεν
3221 2206 3265 2257 δ’
3296 2205 3393 2276 ἥδη
3426 2206 3540 2269 τοὺς
3565 2205 3702 2259 ἄπαν-

2178 2318 2278 2365 τας
2309 2299 2664 2372 χρηματίζειν
2689 2297 3059 2367 Αὐγούστους·
3094 2296 3123 2350 ὅ
3155 2297 3218 2369 δὴ
3252 2296 3347 2351 καὶ
3379 2296 3604 2367 μέγιστον
3625 2297 3701 2367 τῆς

2178 2394 2435 2449 ἀνωτάτω
2467 2391 2741 2463 βασιλείας
2769 2390 2990 2461 γίγνοιτ’
3018 2389 3084 2443 ἂν
3119 2388 3404 2461 σύμϐολον.
3435 2390 3494 2443 OE
3525 2388 3609 2461 μὲν
3629 2385 3699 2443 ὦν

2176 2483 2326 2537 ταῦτ’
2357 2482 2658 2554 ἔπραττον,
2704 2480 2802 2543 τὰς
2838 2478 3042 2541 οἰκείας
3071 2477 3287 2549 ψήφους
3330 2493 3389 2530 τε
3434 2477 3520 2530 καὶ
3554 2474 3700 2545 φωνὰς

2176 2576 2263 2631 διά
2309 2574 2526 2646 γραφῆς
2568 2572 2817 2645 ἀλλήλοις
2863 2568 3301 2641 διαγγέλλοντες’
3354 2567 3456 2621 ὑπὸ
3502 2566 3612 2638 μίαν
3652 2582 3699 2619 τε

2178 2668 2369 2742 καιροῦ
2417 2667 2587 2740 ῥοπὴν
2630 2668 2741 2729 τοῖς
2789 2661 3102 2734 ἁπανταχοῦ
3147 2662 3315 2715 πᾶσιν
3359 2657 3700 2731 ὲγνωρίζετοή

2176 2760 2284 2815 τῶν
2318 2759 2689 2832 στρατοπέδων
2723 2774 2784 2811 συ
2794 2755 3029 2829 μφωνία.

2684 2928 3082 2985 ΚΕΦΑΛΑΙΟΝ
3121 2924 3241 2982 ΞΘ’.

2188 3026 2415 3100 Ῥώμης
2446 3027 2544 3079 ἐπὶ
2582 3026 3015 3100 Κωνσταντινῳ
3054 3023 3295 3100 πένθος,
3333 3021 3429 3076 καὶ
3473 3018 3562 3074 διὰ
3607 3014 3700 3073 τῶν

2496 3099 2747 3151 εἰκόνων
2779 3095 2916 3165 τιμὴ
2952 3094 3103 3164 μετὰ
3141 3094 3420 3149 θάνατον.

2242 3190 2302 3242 υί
2324 3188 2497 3259 δὲτὴν
2534 3185 2782 3257 βασιλίδα
2805 3185 2957 3240 πόλιν
2983 3184 3278 3248 οἰκοῦντες,
3308 3183 3439 3253 αὐτῇ
3463 3179 3700 3263 συγκλήτιρ

2173 3282 2267 3334 καὶ
2298 3281 2451 3351 δήμῳ
2481 3278 2765 3349 Ῥωμαίων
2792 3317 2807 3341 ,
2844 3275 2919 3340 ὡς
2967 3275 3064 3348 τὴν
3116 3274 3384 3345 βασιλέως
3431 3271 3698 3339 ἐπέγνωσαν

2172 3372 2442 3442 τελευτὴν,
2477 3368 2652 3441 δεινὴν
2694 3370 2787 3421 καὶ
2819 3366 2999 3438 πάσης
3032 3367 3317 3437 συμφορᾶς
3352 3363 3588 3418 ἐπέκεινα
3621 3358 3697 3429 τὴν

2173 3465 2337 3536 ἀκοὴν
2362 3463 2596 3533 θέμενοι,
2632 3461 2822 3525 πένθος
2847 3446 3070 3530 ἄσχετον
3106 3457 3389 3511 ἐποιοῦντο
3412 3474 3425 3486 ’
3453 3453 3628 3524 λουτρὰ
3648 3451 3697 3520 δὴ

2172 3557 2485 3612 ἀπεκλείετο
2508 3556 2603 3609 καὶ
2630 3555 2859 3626 ἀγοραὶ,
2895 3552 3065 3624 πάνδη
3076 3551 3162 3622 μοί
3199 3567 3261 3603 τε
3294 3549 3431 3613 θέαι,
3460 3546 3547 3600 καὶ
3573 3541 3697 3598 πάνθ’

2171 3651 2249 3703 δσ’
2278 3650 2372 3703 ἐπὶ
2406 3646 2652 3720 ῥᾳστώνῃ
2690 3646 2804 3716 βίου
2850 3648 2963 3708 τοῖς
3013 3641 3436 3714 εὐθυμουμένοις
3485 3637 3698 3708 πράττειν

2171 3742 2291 3806 ἔθος
2321 3737 2410 3812 ἦν.
2443 3742 2721 3810 Κατηφεῖς
2754 3738 2798 3790 δ’
2831 3740 2880 3791 οἱ
2914 3736 3080 3790 πάλαι
3107 3733 3407 3806 τρυφηλοὶ,
3449 3730 3537 3794 τὰς
3568 3725 3698 3799 προό-

2170 3835 2295 3897 δους
2318 3832 2594 3888 ἐποιοῦντο
2610 3847 2623 3860 '
2657 3828 2791 3901 ὁμοῦ
2813 3829 2856 3882 δ’
2882 3831 2931 3881 οἱ
2962 3828 3161 3889 πάντες
3180 3825 3272 3878 τὸν
3301 3823 3553 3896 μακάριον
3575 3821 3698 3872 ἀνευ-

2173 3928 2385 3999 φήμουν
2406 3967 2421 3991 ,
2454 3925 2545 3979 τὸν
2574 3922 2828 3992 θεοφιλῆ,
2866 3919 2956 3973 τὸν
2995 3919 3069 3983 ὡς
3099 3916 3317 3986 ἀληθῶς
3343 3914 3441 3986 τῆς
3469 3909 3697 3983 βασιλείας

2172 4018 2391 4085 ἐπάξιον
2414 4034 2428 4048 ’
2481 4016 2577 4070 καὶ
2613 4016 2674 4068 οὐ
2723 4014 2897 4069 ταῦτα
2946 4012 3096 4084 βοαῖς
3136 4009 3379 4078 ἐφώνουν
3426 4007 3599 4079 μόνον,
3634 4004 3698 4065 είς

2171 4111 2306 4183 ἔργα
2324 4112 2380 4165 δὲ
2401 4108 2720 4182 χωροῦντες,
2745 4106 2950 4169 εἰκόνος
2966 4103 3308 4174 ἀναθήμασιν
3329 4094 3417 4153 οἷά
3436 4115 3533 4167 περ
3556 4094 3698 4160 ζῶντα

2173 4206 2265 4257 καὶ
2294 4202 2597 4274 τεθνηκότα
2643 4199 2804 4253 αὐτὸν
2854 4197 3085 4267 ἐτίμων,
3133 4191 3364 4265 οὐρανοῦ
3414 4191 3504 4261 μὲν
3546 4185 3697 4255 σχῆμα

2170 4293 2601 4355 διατυπώσαντες
2643 4293 2700 4346 ἐν
2740 4287 3043 4362 χρωμάτων
3089 4287 3275 4357 γραφῇ
3298 4324 3313 4347 ,
3358 4282 3491 4353 ὑπὲρ
3531 4275 3697 4345 ἀψίδων

509 4405 631 4443 nem
662 4386 1060 4458 expressissent
1092 4389 1146 4440 in
1170 4385 1372 4454 tabula,
1413 4388 1587 4457 ipsum
1617 4404 1777 4458 supra
1818 4390 2068 4445 caelestes

2175 4388 2435 4461 οὐρανίων
2470 4387 2527 4438 ἐν
2557 4383 2783 4454 αἰθερίῳ
2814 4379 3060 4452 διατριϐῇ
3089 4374 3543 4468 διαναπαυόμενον
3567 4363 3696 4468 αὑτδγ

508 4477 769 4541 fornices,
803 4477 856 4530 in
898 4477 1134 4531 :etbereo
1164 4477 1436 4533 domicilio
1476 4479 1906 4546 requiescentem
1943 4478 2066 4548 pin-

511 4584 658 4624 xere.
692 4568 831 4635 Quin
856 4568 1019 4622 etiam
1052 4569 1157 4638 ipsi
1187 4569 1391 4624 liberos
1429 4567 1565 4636 ejus,
1595 4571 1953 4640 imperatores
1981 4580 2066 4624 at-

504 4676 612 4729 que
637 4662 908 4731 Augustos
954 4660 1101 4716 solos
1150 4661 1270 4716 sine
1321 4661 1637 4731 cujusquam
1673 4661 1902 4717 alterius
1928 4676 2063 4716 con-

504 4752 675 4809 sortio
705 4753 1088 4821 nuncupabant
1115 4771 1128 4807 :
1166 4753 1488 4823 magnisque
1515 4753 1844 4809 clamoribus
1874 4766 2066 4824 postu-

504 4844 714 4909 la‘bant,
745 4852 805 4897 ut
832 4842 1177 4913 imperatoris
1208 4844 1290 4898 sui
1318 4841 1484 4897 funus
1528 4843 1667 4912 apud
1695 4856 1755 4896 se
1786 4843 2066 4908 haberent,

504 4950 560 4994 et
588 4939 644 4994 in
672 4938 823 5010 regia
853 4938 991 4994 urbe
1024 4940 1375 5007 deponerent.

1076 5029 1305 5085 CAPUT
1345 5028 1509 5083 LXX.

577 5122 850 5190 Quomodo
874 5122 1037 5193 {unus
1068 5119 1528 5247 Cténstantinepoli
1551 5119 1840 5186 depositum
1870 5120 1940 5173 sit
1961 5136 1993 5173 α

1162 5204 1448 5247 onstantw.

1162 5204 1448 5247 onstantw.

575 5285 731 5340 Hunc
780 5284 1008 5355 principi
1056 5300 1089 5343 a
1138 5284 1250 5339 Deo
1296 5285 1581 5347 honorato,
1630 5281 1793 5335 etiam
1835 5274 2063 5336 Romani

504 5379 765 5435 honorem
805 5379 1190 5437 exhibuerunt.
1220 5378 1292 5432 At
1318 5377 1595 5433 secundus
1616 5388 1683 5429 ex
1714 5373 1837 5428 [iliis
1874 5374 1940 5427 ad
1970 5388 2064 5443 pa-

576 5514 687 5585 (71)
729 5514 800 5569 Τὸ
841 5511 1068 5585 σκῆνξος
1101 5513 1207 5571 τοῦ
1235 5510 1751 5585 σφωνβασάέως.
1790 5510 1937 5585 Idem
1983 5517 2061 5562 te-

507 5578 681 5640 statur
707 5578 955 5640 Aurelius
988 5578 1171 5640 Victor
1200 5578 1296 5640 bis
1313 5584 1494 5637 verbis
1520 5623 1535 5637 .
1569 5600 1588 5633 ι
1619 5580 1801 5637 Funus
1832 5578 2057 5633 relatum

510 5656 563 5708 in
595 5654 778 5709 urbem
804 5656 886 5709 sui
914 5656 1162 5710 nominis.
1186 5654 1339 5722 Quod
1371 5667 1502 5708 sane
1527 5651 1757 5722 populus
1784 5650 2057 5722 Romanus

509 5723 787 5793 aegerrime
818 5723 936 5779 tulit
969 5744 981 5779 :
1020 5719 1230 5796 quippe
1252 5723 1408 5791 cujus
1444 5719 1634 5791 armis,
1677 5720 1906 5791 legibus,
1944 5719 2056 5775 ele-

2172 4454 2253 4551 τῇ.
2279 4481 2460 4552 γραφῇ
2503 4475 2919 4547 παραδιδόντες·
2962 4472 3087 4534 τοὺς
3128 4469 3172 4523 δ’
3211 4466 3380 4522 αὐτοῦ
3422 4462 3595 4524 παῖδας
3622 4454 3696 4511 καὶ

2171 4567 2313 4626 οὗτοι
2363 4571 2551 4642 μόνους
2579 4569 2672 4622 καὶ
2702 4566 2810 4620 οὐδ’
2839 4564 3048 4628 ἄλλους,
3081 4561 3482 4631 αὐτοκράτορας
3514 4552 3696 4642 καὶᾼΣεο

2174 4640 2402 4724 ϐαστοῦς
2448 4659 2739 4714 ἀνεκάλουν
2762 4697 2776 4721 ,
2834 4655 2982 4726 βοαῖς
3032 4654 3081 4705 τ’
3133 4650 3374 4723 ἐχρῶντο
3425 4640 3692 4713 ἱκετηρίαις,

2172 4756 2232 4809 τὸ
2268 4755 2461 4825 σκῆνος
2500 4752 2592 4806 τοῦ
2626 4767 2772 4819 σφων
2811 4747 3070 4816 βασιλέως
3110 4744 3223 4817 (7i)
3265 4741 3395 4812 παρ’
3423 4739 3589 4797 αὐτοῖς
3621 4748 3692 4784 κο-

2175 4845 2456 4918 μίξαντες,
2502 4845 2595 4898 καὶ
2642 4845 2706 4914 τῇ
2742 4838 2963 4913 βασιλίδι
3005 4836 3152 4891 πόλει
3193 4827 3565 4888 κατατίθεσθαι
3590 4838 3694 4876 ποτ-

2172 4938 2445 5010 νιώμενοι.

2703 5019 3092 5076 ΚΕΦΑΔᾹΙΟΝ
3124 5019 3199 5072 0'.

2171 5118 2500 5183 Κατάθεσις
2554 5114 2661 5169 τοῦ
2717 5112 3104 5181 σηκώματος
3154 5107 3271 5162 ὑπὸ
3316 5099 3692 5183 ἔζων-παντων

2457 5179 2667 5251 παιδὸς
2692 5185 2762 5238 ἐν
2800 5179 3448 5241 Κωκσταντινουπόλει.

2250 5279 2410 5334 Ἀλλὰ
2437 5279 2535 5333 καὶ
2575 5276 2681 5330 οἶδε
2726 5272 2900 5343 ταύτῃ
2947 5273 3037 5325 τὸν
3080 5268 3230 5341 παρὰ
3270 5265 3391 5336 Θεῷ
3427 5257 3690 5348 τιμώμενοξ

2168 5370 2431 5441 ἐκόσμουν
2456 5385 2470 5398 ’
2515 5368 2543 5420 ό
2574 5365 2633 5419 δὲ
2675 5361 2782 5417 τῶν
2827 5360 3031 5415 παίδων
3072 5359 3323 5427 δεύτερος
3368 5351 3476 5419 (72)
3513 5346 3582 5418 τῷ
3613 5346 3689 5394 τοῦ

2168 5507 2331 5562 menti
2362 5503 2590 5569 imperio
2620 5500 2775 5570 quasi
2809 5507 3054 5554 novatam
3092 5497 3275 5551 urbem
3308 5494 3589 5547 Romanam
3616 5492 3688 5533 ar-

2166 5578 2481 5632 bitraretur.
2517 5591 2536 5623 ι
3392 5628 3418 5632 _
3602 5619 3628 5632 ..

2235 5628 2362 5717 (72)
2395 5642 2451 5697 Ὁ
2486 5642 2555 5697 δὲ
2599 5640 2716 5696 τῶν
2769 5638 3000 5717 παίδων
3038 5638 3332 5717 δεύςεροςξ
3379 5628 3686 5717 Geganii?

2162 5694 2362 5783 Caers—a—r,
2402 5694 2560 5785 quem
2593 5694 2743 5784 pater
2775 5709 2981 5767 Orienti
3025 5694 3367 5781 praefecerat,
3411 5694 3576 5755 audita
3605 5700 3683 5760 pa-
