3926 6264
243 231 382 287 1295

1333 232 1420 286 DE
1460 233 1621 286 VITA
1659 229 2123 286 CONSTANTINI
2161 230 2289 284 LIB.
2331 227 2424 286 Ν.

3358 233 3495 286 ίὲἲὲϐ

243 349 446 420 πατρὸς
482 349 708 412 ἐπιστὰς
751 347 954 418 σκήνει,
991 349 1056 418 τῇ
1109 346 1260 400 πόλει
1301 346 1458 401 τοῦτο
1491 346 1819 418 προσεκόμι-

1933 345 2020 399 tris
2049 345 2211 400 fimus
2257 362 2382 401 cum
2434 345 2772 410 advenisset,
2808 347 2860 400 in
2898 349 3084 402 urbem
3118 350 3261 418 patri
3291 366 3494 420 cogno-

245 441 336 502 ξεν
380 439 517 511 (75),
571 439 732 502 αὐτὸς
757 440 1000 510 ἐξάρχων
1043 439 1141 510 τῆς
1181 440 1506 512 ἐκκομιδῆς·
1542 443 1727 512 ἡγεῖτο
1765 441 1821 493 δὲ

251 532 394 587 κατὰ
442 532 628 599 στίφος
677 530 744 584 τὰ
792 530 1156 604 στρατιωτικὰ
1212 533 1486 602 τάγματα,
1531 533 1717 586 εἵπετό
1761 550 1822 584 τε

245 623 455 694 πληθὺς
510 623 858 694 μυρίανδρος,
907 622 1223 695 λογχοφόροι
1270 641 1328 676 τε
1372 625 1465 677 καὶ
1511 625 1725 678 ὁπλῖται
1763 624 1823 676 τὸ

245 716 510 786 βασιλέως
563 720 843 788 περιεῖπον
880 715 1057 787 σῶμα.
1094 718 1184 780 Ὡς
1210 717 1267 770 δὲ
1302 719 1396 770 ἐπὶ
1427 718 1516 770 τὸν
1548 718 1655 770 τῶν
1686 719 1821 771 ἁπο-

245 807 447 860 στόλων
499 807 592 860 τοῦ
644 807 893 879 Σωτῆρος
943 806 1080 861 νεὼν
1120 809 1393 880 παρῆσαν,
1429 809 1676 862 ἐνταυθοῖ
1722 809 1819 880 τὴν

242 898 488 969 λάρνακα
508 898 852 952 διανέπαυον.
875 900 986 952 Καὶ
1005 899 1257 969 βασιλεὺς
1283 901 1380 971 μὲν
1404 901 1520 964 νέος
1542 901 1820 954 Κωνστάν-

242 1006 353 1051 τιος
383 983 485 1042 ὧδέ
532 1007 606 1060 πη
651 990 871 1060 κοσμῶν
913 991 1004 1043 τὸν
1041 991 1272 1062 πατέρα,
1310 993 1376 1062 τῇ
1421 1008 1478 1044 τε
1527 993 1819 1062 παρουσία,

244 1082 468 1144 καὶτοῖς
485 1083 564 1144 είς
595 1077 757 1134 αὑτὸν
781 1081 1101 1153 καθήκουσι,
1122 1083 1189 1136 τὰ
1212 1084 1310 1153 τῆς
1333 1083 1645 1153 πρεπούσης
1672 1085 1822 1146 ὁσίας

243 1172 348 1225 ἀπε
357 1172 461 1241 πλή
473 1189 584 1242 ρου.

752 1377 1147 1432 ΚΕΦΑΛΑΙΟΝ
1179 1381 1298 1431 OA'.

244 1465 448 1531 Σύναξ
452 1485 505 1532 ις
529 1467 599 1519 ἐν
622 1465 703 1540 τῷ
730 1469 1082 1540 κιξῑουμένῳ
1101 1474 1404 1539 μαρτυρίᾳ)
1424 1470 1544 1525 τῶν
1572 1473 1826 1526 ἀποστό-

463 1541 588 1592 λων
613 1539 712 1591 ἐπὶ
741 1537 818 1607 τῇ
841 1537 1307 1595 Κώνσταιιτίνού
1333 1543 1605 1612 τελευτῇ.

323 1631 480 1684 Ἐπεὶ
534 1630 580 1683 δ’
616 1629 888 1702 ὑπεχώρει
941 1631 1053 1702 (74)
1113 1634 1209 1686 σὺν
1247 1637 1362 1698 τοῖς
1415 1638 1824 1706 στρατιωτικοῖς

1923 436 2123 490 minem
2176 436 2304 490 illud
2364 436 2618 501 devexit,
2676 437 2791 506 ipse
2837 439 3130 508 exsequias
3157 444 3490 510 praecedens.

1922 526 2193 582 Prteibant
2240 542 2338 594 per
2373 539 2625 582 catervas
2657 538 2712 583 et
2736 530 2951 599 agmina
2980 533 3226 601 dispositi
3282 538 3491 589 numeri

1925 617 2205 672 militares.
2241 619 2386 674 Pone
2409 619 2744 688 sequebatur
2771 622 3190 679 innumerabilis
3213 627 3492 682 hominum

1926 709 2234 764 multitudo.
2284 710 2492 765 llastati
2538 724 2667 766 vero
2699 722 2754 766 et
2787 716 3010 768 scutarii
3047 717 3222 784 ipsum
3261 717 3492 784 impera-

1926 799 2062 854 toris
2093 815 2292 870 corpus
2335 801 2497 855 medii
2529 801 2844 872 cingebant.
2878 805 3172 874 Pestquam
3223 807 3289 860 ad
3336 807 3496 880 562

1924 893 2292 962 apostolorum
2319 893 2632 949 Servate-ris
2667 897 2837 950 nostri
2864 897 3148 952 ecclesiam
3175 911 3494 968 perventum

1924 995 2029 1050 est,
2058 1000 2240 1040 arcam
2278 984 2390 1039 illic
2425 987 2821 1056 deposuerunt.
2868 989 3024 1044 Hunc
3055 990 3108 1044 in
3141 991 3356 1046 modum
3398 1007 3497 1045 no-

1924 1094 2025 1133 vus
2051 1079 2348 1146 imperator
2382 1079 2762 1141 Constantius,
2820 1091 2934 1132 tmn
2963 1083 3197 1136 adventu
3229 1099 3348 1147 suo,
3385 1095 3496 1137 tum

1924 1171 2149 1240 reliquis
2172 1172 2365 1228 olﬁciis
2382 1174 2522 1242 patri
2545 1174 2804 1228 honorem
2837 1175 3128 1241 exhibens,
3149 1177 3294 1246 justa
3319 1188 3376 1232 ut
3404 1193 3502 1247 par

1919 1270 2042 1314 erat
2075 1262 2355 1331 persolvit.

2492 1374 2721 1431 CAPUT
2760 1374 2947 1431 LXXI.

1927 1465 2092 1520 Missa
2111 1469 2165 1521 in
2194 1467 2828 1591 apostolorumcmartyrio
2860 1469 3126 1550 celebrata
3162 1470 3216 1522 in
3243 1472 3501 1538 exsequiis

2585 1548 2892 1591 onstanttm.

2585 1548 2892 1592 onstantini.

1997 1628 2098 1684 Ubi
2125 1644 2255 1684 vero
2289 1629 2378 1684 ille
2409 1646 2530 1685 cum
2567 1631 2894 1685 militaribus
2946 1631 3191 1686 numeris
3237 1633 3503 1696 abcessit,

244 1721 507 1792 τάγμασι,
546 1723 704 1793 μέσοι
736 1723 799 1796 δὴ
828 1725 1111 1796 παρῄεσαν
1147 1727 1198 1778 οἱ
1227 1725 1321 1778 τοῦ
1343 1726 1478 1780 Θεοῦ
1499 1727 1822 1799 λειτουργοὶ,

1933 1720 2167 1775 ministri
2209 1720 2304 1774 Dei
2335 1736 2456 1774 cum
2492 1720 2667 1776 turbis
2698 1730 2754 1774 et
2787 1730 2901 1775 tota
2959 1721 3196 1777 ﬁdelium
3229 1721 3408 1792 plebe,
3449 1727 3501 1778 in

246 1814 343 1866 σὺν
363 1814 550 1878 αὐτοῖς
576 1814 826 1886 πλήθεσι,
862 1817 1129 1888 πανδήμῳ
1161 1836 1220 1871 τε
1255 1817 1561 1883 θεοσεϐείας
1595 1820 1727 1890 λαῷ,
1760 1820 1827 1873 τὰ

242 1923 303 1958 τε
333 1905 434 1975 τῆς
465 1906 646 1960 ἐνθέου
677 1908 937 1979 λατρείας
965 1910 1031 1963 δι’
1063 1909 1237 1981 εὐχῶν
1265 1911 1624 1983 ἀνεπλήρουν.
1660 1912 1828 1966 Ἔνθα

243 1997 358 2067 δὴό
391 1999 489 2068 μὲν
515 2000 782 2072 μακάριος
807 2001 917 2055 ἄνω
951 2002 1198 2072 κείμενος
1225 2004 1308 2074 ἐφ’
1332 2003 1542 2076 ὑψηλῆς
1569 2005 1830 2075 κρητᾶδος

204 2147 206 2154 τ
245 2089 545 2154 ἐδοξάζετο,
567 2091 702 2156 λεὼς
734 2092 790 2145 δὲ
822 2095 1155 2166 παμπληθὴς
1176 2096 1271 2149 σὺν
1299 2097 1410 2160 τοῖς
1427 2095 1506 2167 τῷ
1525 2096 1645 2166 Θεῷ
1673 2098 1831 2167 ἱερω-

251 2183 453 2252 μένοις,
490 2185 550 2236 οὐ
585 2185 834 2257 δακρύων
869 2186 1044 2251 ἐκτὸς,
1082 2189 1179 2241 σὺν
1211 2188 1474 2260 κλαυθμῷ
1505 2189 1562 2242 δὲ
1600 2190 1826 2254 πλείονι,

247 2273 344 2336 τὰς
377 2275 542 2343 εὐχὰς
578 2275 716 2345 ὑπὲρ
750 2274 849 2345 τῆς
885 2275 1151 2344 βασιλέως
1189 2276 1370 2348 ψυχῆς
1399 2279 1721 2332 ἀπεδίδοσαν
1752 2280 1829 2351 τῷ

243 2364 387 2435 Θεῷ,
423 2365 490 2418 τὰ
543 2366 857 2436 καταθύμια
901 2366 980 2436 τῷ
1019 2367 1262 2436 θεοφιλεῖ
1307 2368 1674 2441 πληροῦντες·
1726 2373 1827 2426 κάν

247 2459 423 2529 τούτῳ
452 2459 546 2511 τοῦ
571 2459 704 2512 Θεοῦ
729 2459 864 2530 πρὸς
896 2459 986 2513 τὸν
1016 2461 1179 2513 αὐτοῦ
1215 2461 1520 2532 θεράποντα
1546 2463 1831 2534 εὐμένειαν

249 2549 647 2621 ἐνδειξαμένου,
696 2551 775 2604 ὅτι
812 2551 876 2622 δὴ
923 2554 1015 2604 καὶ
1050 2551 1265 2625 [μετὰ]
1315 2553 1466 2618 τέλος
1509 2556 1672 2610 αὑτοῦ
1721 2559 1832 2621 τοῖς

246 2645 553 2716 ἀγαπητοῖς
586 2645 680 2697 καὶ
713 2643 954 2715 γνησίοις
982 2647 1116 2709 υἱοῖς
1143 2646 1403 2716 διαδόχοις
1429 2647 1525 2718 τὴν
1556 2648 1832 2719 βασιλείαν

248 2737 501 2804 ἐδωρεῖτο
533 2736 668 2806 (75),
713 2737 809 2790 καὶ
838 2733 980 2790 κατὰ
1008 2737 1076 2790 τὰ
1108 2738 1510 2793 σπουδασθέντα
1539 2740 1686 2812 αὐτῷ
1721 2741 1830 2813 (76)

253 2827 350 2879 σὺν
402 2829 467 2898 τῇ
516 2826 622 2879 τῶν
672 2827 986 2881 ἀποστόλων
1033 2829 1358 2902 κατηξιοῦτο
1406 2832 1595 2906 μνήμῃ
1645 2832 1704 2891 τὺ
1736 2834 1834 2905 τῆς

250 2921 656 2992 τρισμακαρίας
706 2921 886 2992 ψυχῆς
940 2921 1160 2993 σκῆνος,
1223 2923 1300 2994 τῷ
1355 2924 1464 2976 τῶν
1520 2926 1832 2980 ἀποστόλων

253 3013 601 3082 προσρήματι
643 3012 1116 3084 σ·.›νδοξαζόμενον,
1157 3015 1249 3068 καὶ
1287 3015 1366 3086 τῷ
1406 3013 1499 3068 τοῦ
1539 3016 1671 3071 Θεοῦ
1719 3017 1833 3089 λαῷ

253 3103 773 3174 συναγελαζόμενον,
823 3103 1040 3174 θεσμῶν
1082 3122 1139 3158 τε
1193 3105 1352 3159 θείων
1408 3107 1502 3161 καὶ
1562 3109 1830 3177 μυστικῆς

249 3193 591 3264 λειτουργίας
617 3195 950 3265 ἀξιούμενον.
973 3194 1066 3246 καὶ
1092 3197 1372 3260 κοινωνίας
1388 3197 1549 3250 ὁσίων
1568 3197 1833 3250 ἀπολαῦον

252 3460 357 3513 tris
388 3460 695 3512 valetudine
728 3461 829 3515 iter
859 3461 1188 3528 arripuerat.
1241 3470 1296 3512 ut
1342 3470 1623 3530 parentem
1672 3477 1828 3515 suum

254 3540 382 3583 ante
414 3531 620 3583 obitum
651 3531 878 3583 videret.
907 3532 1010 3584 Sed
1044 3531 1212 3584 morbi
1249 3533 1329 3583 vis
1370 3531 1693 3586 desiderium
1739 3533 1829 3585 ﬁlii

251 3599 516 3652 frustrata
559 3609 661 3653 est.
699 3602 828 3653 Nam
862 3618 983 3653 eum
1031 3599 1398 3655 Nicomediam
1430 3602 1703 3670 venisset,
1741 3619 1834 3670 pa-

258 3681 395 3722 trem
424 3669 536 3735 jam
568 3669 878 3724 defunctum
919 3673 1136 3739 reperit,
1178 3681 1237 3739 ut
1267 3671 1458 3724 scribit
1501 3667 1752 3724 Julianus
1780 3673 1831 3724 in

253 3739 516 3794 Oratione
545 3741 714 3807 prima
770 3741 842 3793 De
883 3738 1133 3794 tortilibus
1167 3738 1542 3802 Constantini,
1586 3756 1705 3808 pag.
1739 3741 1830 3794 29.

253 3810 391 3862 Cum
448 3809 662 3863 Juliano
707 3813 1054 3863 consentiunt
1121 3811 1284 3862 etiam
1343 3812 1521 3864 caeteri
1592 3811 1833 3864 historia:

257 3882 573 3948 scriptores.
632 3880 788 3934 Solus
846 3879 1090 3933 Zonaras
1126 3879 1506 3934 Constantium
1561 3880 1832 3934 Caesarem

255 3951 350 4018 qui
398 3961 525 4004 tunc
560 3961 675 4004 erat
713 3953 1038 4016 Antiochiai,
1087 3951 1300 4003 vivente
1329 3952 1504 4003 adhuc
1543 3960 1697 4018 patre
1748 3966 1838 4004 su-

256 4023 572 4089 perveniSse
602 4021 810 4085 scribit,
837 4024 998 4091 eique
1032 4031 1245 4073 mortuo
1291 4020 1451 4074 funus
1481 4021 1835 4090 magniﬁcen-

258 4091 528 4142 tiSsimum
560 4092 801 4144 duxisse.

331 4162 446 4231 (73)
491 4160 569 4228 Τῇ
607 4161 778 4214 πόλει
822 4160 996 4214 τοῦτο
1030 4158 1476 4229 προσεκόμιζεν.
1528 4160 1832 4216 Penultima

258 4247 363 4284 vox
413 4233 595 4285 addita
641 4241 722 4283 est
765 4247 794 4284 a
841 4235 972 4286 viris
1027 4234 1230 4295 doctis,
1275 4247 1340 4284 ex
1381 4231 1714 4301 conjectura,
1775 4242 1845 4287 nL

255 4304 476 4370 opinor.
522 4302 749 4355 Videtur
789 4311 966 4354 tamen
1012 4301 1214 4368 aliquid
1267 4302 1498 4367 amplius
1531 4303 1739 4360 deesse,
1771 4319 1834 4358 ac

262 4375 500 4445 fortasse
518 4373 588 4445 itu
609 4372 1187 4445 Ascripseratmiiusebius
1213 4373 1307 4445 ιτῇ
1329 4371 1540 4445 ἐκείνου
1561 4373 1834 4445 ἐπωνύμῳ

259 4443 435 4496 πόλει.
466 4441 536 4495 Ex
569 4443 650 4494 his
692 4452 856 4509 patet,
891 4442 1231 4495 Constantini
1265 4447 1496 4496 cadaver
1531 4441 1827 4499 honoriﬁco

259 4515 408 4568 cultu
461 4522 736 4565 servatum
779 4527 899 4566 esse
943 4512 1298 4570 Nicomediae.
1351 4528 1518 4581 usque
1565 4515 1631 4566 ad
1682 4515 1828 4567 Con-

260 4583 445 4637 stantii
488 4581 721 4636 Cmsaris
753 4584 1060 4635 adventum.
1092 4582 1188 4647 Qui
1234 4597 1354 4635 cum
1406 4583 1641 4636 venisset
1673 4583 1832 4636 Nico-

261 4655 528 4718 mediam,
577 4654 743 4720 patris
790 4652 951 4705 fitnus
1002 4653 1221 4721 deduxit
1285 4652 1826 4721 Constantinopolim.

261 4726 447 4790 Quare
498 4723 698 4776 fallitur
751 4733 940 4794 auctor
1004 4720 1688 4794 ChroniciiAlexandrini.
1737 4726 1826 4794 qui

257 4794 638 4848 Constantium
669 4804 811 4846 recta
844 4792 1368 4864 Constantinopolim
1407 4794 1640 4861 venisse,
1668 4792 1830 4864 atque
1879 4854 1884 4860 ,

260 4866 330 4919 ibi
372 4875 627 4929 paternas
658 4863 942 4929 exsequias
978 4862 1282 4916 celebrasse
1313 4864 1520 4916 scribit.

332 4935 448 5006 (74)
500 4933 657 5006 Ἐξπεξ
685 4933 735 4985 δ’
753 4931 1062 5006 ὑπεχώρει.
1092 4932 1289 5006 Horum
1321 4934 1604 5006 verborum
1633 4935 1831 5002 duplex

261 5004 456 5058 sensus
483 5004 659 5057 atferri
696 5013 890 5068 potest.
917 5004 1022 5055 Aut
1061 5005 1203 5057 enim
1246 5004 1512 5070 signiﬁcat
1544 5005 1828 5069 Eusebius,

259 5076 642 5128 Constantium
679 5073 970 5133 Cmsarem,
1021 5089 1142 5126 cum
1195 5075 1361 5143 patris
1406 5089 1583 5129 arcam
1633 5077 1683 5128 in
1736 5091 1830 5130 ec-

261 5146 428 5199 clesia
463 5145 813 5212 deposuisset.
845 5145 1026 5197 statim
1060 5158 1183 5196 cum
1222 5143 1481 5212 militibus
1503 5161 1567 5200 ex
1603 5146 1828 5199 ecclesia

262 5211 608 5276 discessisse;
642 5225 735 5266 aut
774 5215 823 5267 id
863 5223 1067 5265 tantum
1100 5211 1642 5278 vult,Coustantiutn,
1679 5231 1740 5269 ea
1775 5233 1831 5268 re

261 5297 507 5352 peracta,
536 5286 825 5339 secessisse
852 5299 917 5336 ex
955 5284 1128 5336 medio
1179 5285 1441 5349 ecclesiae,
1475 5297 1532 5338 ut
1579 5287 1833 5340 sacerdo-

264 5360 410 5406 tt'bus
448 5356 621 5408 lorum
663 5356 836 5408 daret.
877 5352 1048 5418 Quam
1098 5354 1314 5422 quidem
1365 5357 1688 5409 sententiam
1740 5371 1833 5408 ve-

264 5427 468 5487 riorem
511 5441 656 5492 puto.
705 5424 834 5476 Nam
873 5423 1224 5478 Constantius
1265 5424 1388 5478 licet
1420 5427 1656 5478 nondum
1689 5427 1833 5479 salu-

261 5499 364 5548 tari
421 5498 636 5547 lavacro
669 5498 869 5547 tinctus
899 5504 1074 5554 esset,
1105 5502 1222 5546 erat
1269 5503 1444 5546 tamen
1487 5498 1832 5549 catechumeo

264 5583 385 5626 nus,
430 5579 492 5618 ut
532 5568 686 5618 docet
731 5564 997 5633 Sulpicius
1038 5561 1273 5616 Severus
1314 5565 1368 5617 in
1411 5564 1551 5619 libro
1595 5569 1832 5621 secundo

264 5634 542 5688 HiaIOi'ia’.

332 5707 445 5778 (75)
473 5704 797 5759 Βασιλείαν
828 5702 1114 5771 ἐδωρεῖτο.
1145 5702 1469 5774 Interpretcs
1501 5705 1613 5761 haec
1635 5706 1696 5762 de
1725 5706 1832 5760 Deo

583 5798 851 5860 Parnm.
895 5797 1009 5857 (ἶιι.
1057 5795 1193 5856 XX.

1930 1814 2165 1868 medium
2206 1814 2480 1882 prodiere,
2506 1823 2559 1868 et
2589 1813 2755 1867 divini
2794 1813 2974 1868 cultus
3001 1815 3358 1874 caeremonias
3383 1832 3504 1883 pre-

1930 1907 2237 1961 cationibus
2271 1915 2619 1976 peregerunt.
2654 1907 2734 1960 Ac
2763 1905 2959 1961 beatus
2985 1908 3204 1976 quidem
3246 1909 3505 1978 princeps

1931 1999 2042 2054 alt-0
2071 1999 2122 2053 in
2154 2009 2410 2069 suggestu
2433 1997 2650 2066 jacens,
2674 1997 2928 2054 laudibus
2963 2009 3074 2053 tum
3099 1999 3504 2057 celebrabatur.

1895 2091 2349 2146 “innumerabilis
2399 2098 2580 2146 autem
2638 2090 2872 2159 populus
2897 2107 3003 2145 una
3038 2107 3164 2146 cum
3198 2094 3507 2148 sacerdoti-

1931 2184 2032 2239 bus
2063 2183 2180 2248 Dei,
2215 2198 2320 2237 non
2360 2183 2479 2237 sine
2519 2183 2720 2252 gemitu
2755 2198 2818 2237 ac
2853 2182 3132 2253 lacrymis,
3177 2199 3278 2253 pro
3331 2187 3507 2257 impe-

1935 2274 2131 2328 ratoris
2157 2275 2338 2329 anima
2372 2291 2567 2344 preces
2605 2273 2908 2330 offerebant
2949 2276 3076 2340 Deo,
3128 2277 3504 2347 gratissimum

1930 2365 2022 2434 pio
2075 2366 2304 2435 principi
2359 2365 2590 2420 oilicium
2665 2368 3010 2422 exhibentes.
3062 2369 3231 2424 Porro
3282 2369 3337 2424 in
3406 2370 3509 2424 hoe

1931 2458 2099 2514 etiam
2129 2458 2268 2512 Deus
2291 2458 2717 2531 prolixam—erga
2761 2460 3022 2515 famulum
3075 2476 3232 2516 suum
3275 2462 3512 2518 benevo-

1935 2550 2154 2604 lentiam
2191 2550 2487 2605 declaravit
2523 2568 2537 2603 :
2572 2551 2772 2622 quippe
2801 2553 2892 2623 qui
2920 2553 3260 2608 charissimis
3291 2569 3355 2609 ac
3386 2571 3510 2626 ger-

1935 2643 2114 2696 manis
2142 2643 2258 2710 ejus
2290 2642 2418 2698 ﬁliis
2447 2645 2657 2714 paterni
2693 2645 2908 2713 imperii
2954 2645 3360 2700 successionem
3406 2646 3508 2697 tri-

1933 2733 2144 2797 buerit;
2181 2741 2256 2799 et,
2307 2735 2451 2801 quod
2499 2734 2735 2789 maxime
2785 2729 3304 2798 ambierat,'locum
3355 2735 3507 2803 juxta

1936 2825 2306 2895 apostolorum
2339 2828 2659 2882 memoriam
2699 2828 2748 2883 ei
2782 2831 3160 2893 concesserit;
3204 2838 3263 2882 ut.
3297 2829 3509 2883 scilicet

1935 2917 2268 2973 beatissima:
2309 2918 2458 2974 illius
2492 2920 2686 2974 animae
2735 2920 3150 2974 tabernaculum
3227 2921 3506 2990 apostolici

1939 3011 2174 3066 nominis
2212 3018 2376 3080 atque
2407 3012 2631 3066 honoris
2665 3012 2944 3066 consortio
2977 3011 3276 3078 frueretur,
3315 3021 3372 3066 et
3413 3028 3511 3082 po—

1933 3101 2062 3170 pulo
2103 3101 2193 3156 Dei
2231 3102 2283 3155 in
2312 3102 2544 3157 ecclesia
2591 3103 2937 3168 sociaretur;
2987 3102 3293 3172 divinisque
3337 3119 3509 3159 caere—

1937 3193 2132 3247 moniis
2169 3209 2232 3248 ac
2263 3196 2492 3264 mystico
2524 3195 2814 3256 sacriﬁcio.
2843 3203 2901 3248 et
2931 3191 3244 3249 sanctarum
3287 3210 3508 3264 precum

1936 3459 2040 3514 dici
2072 3459 2441 3521 crediderunt,
2478 3457 2569 3527 qui
2620 3457 2903 3522 imperium
2941 3455 3284 3512 Constantini
3325 3455 3512 3510 liberis

1937 3531 2180 3583 donavit.
2227 3529 2337 3598 Ego
2368 3526 2518 3591 vero,
2554 3543 2612 3580 re
2631 3529 2894 3582 attentius
2922 3528 3258 3598 exatninata,
3289 3526 3356 3580 de
3397 3528 3512 3594 ipso

1931 3595 2295 3653 Constantino
2342 3599 2444 3651 dici
2497 3613 2715 3662 censeo,
2759 3599 2847 3664 qui
2896 3611 3116 3664 regnum
3168 3595 3292 3649 ﬁliis
3347 3600 3510 3650 etiam

1939 3679 2181 3722 mortuus
2211 3668 2448 3721 tradidit.
2478 3667 2640 3735 quue
2672 3668 2996 3718 conﬁrmant
3026 3667 3328 3735 sequentia.

1891 3788 1927 3808 _,
2009 3738 2119 3808 (76)
2149 3737 2305 3806 Vulg.
2338 3737 2434 3808 καὶ
2462 3737 2534 3790 τὰ
2555 3733 3027 3808 ’σπουδασρὲντᾳ
3049 3733 3230 3808 αὐτῷ.
3258 3734 3513 3808 _SCr_iben-

1938 3803 2061 3862 dum
2087 3803 2295 3862 ridetur
2325 3807 2416 3859 καὶ
2442 3807 2584 3861 κατὰ
2615 3809 2682 3859 τὰ
2715 3805 3115 3859 σπουδασθέντα
3146 3803 3314 3874 αὐτῷ.
3344 3803 3511 3868 Opta-

1936 3878 2518 3948 veratConstantinus,
2539 3886 2600 3929 ut
2626 3886 2744 3945 post
2768 3878 2972 3929 obitum
3003 3890 3135 3948 non,
3161 3875 3301 3928 sicut
3321 3874 3508 3948 reliqui

1935 3944 2229 4018 principes,
2267 3944 2697 4018 consecraretur
2715 3955 2875 4014 atque
2893 3948 3050 4018 inter
3079 3945 3234 4018 divos
3269 3944 3507 4018 referre-

1939 4014 2024 4072 iur
2049 4037 2063 4072 :
2091 4014 2181 4072 sed
2213 4027 2292 4084 ut,
2315 4032 2435 4070 cum
2474 4015 2732 4085 apostolis
2757 4016 3017 4084 Sepultus,
3047 4015 3317 4083 particeps
3352 4014 3507 4085 ﬁeret

1935 4089 2238 4141 orationum
2279 4082 2405 4157 quia
2449 4082 3087 4157 in’eorumrhongretu7a
3127 4085 3372 4157 ﬁdelibus
3405 4082 3514 4157 [ξι-η

1937 4159 2118 4212 oil‘erri
2155 4153 2352 4224 solent,
2397 4167 2456 4211 ut
2488 4172 2646 4226 supra
2697 4156 2836 4209 dixit
2877 4155 3140 4211 Eusebius
3183 4155 3238 4226 in
3273 4169 3398 4224 cap.
3421 4153 3510 4206 60.

1939 4230 2014 4283 Ex
2046 4243 2153 4298 quo
2182 4236 2426 4298 apparet,
2457 4224 2565 4284 hic
2585 4227 2932 4298 scribendum
2957 4241 3082 4298 esse
3097 4224 3423 4298 κατάζιιοη,
3459 4236 3515 4273 ut

1940 4301 1991 4353 in
2027 4294 2164 4352 libro
2196 4294 2374 4356 nam
2421 4307 2476 4351 et
2509 4299 2573 4349 ad
2623 4297 2920 4365 marginem
2953 4296 3211 4349 editionis
3240 4294 3516 4350 Geneven-

1939 4370 2034 4433 sis,
2069 4369 2158 4422 διὰ
2198 4369 2268 4422 τὰ
2311 4367 2735 4421 σπουδασθέντα.
2769 4367 2879 4420 Nec
2911 4368 2991 4420 sic
3023 4378 3199 4420 tamen
3251 4365 3402 4418 iocus
3433 4365 3515 4415 in-

1866 4419 1913 4476 D
1939 4419 2091 4505 tutior
2121 4440 2301 4502 fuerit,
2332 4437 2432 4491 nisi
2460 4441 2571 4494 haec
2604 4441 2763 4490 verba
2795 4437 3166 4506 suppleautur,
3195 4433 3306 4506 τῶν
3332 4437 3516 4506 ἐπρε-

1935 4504 2208 4580 λουμένων
2247 4508 2420 4579 εὐχῶν
2465 4504 3031 4580 σὺντῇηειοέριιοᾴ
3078 4505 3367 4559 coaﬁrmat
3414 4504 3516 4558 Eu-

1937 4576 2119 4636 sebius
2169 4581 2220 4632 in
2273 4576 2416 4634 dioto
2466 4576 2766 4646 capite—60.
2825 4576 3118 4630 Delendum
3168 4589 3384 4646 quoque
3431 4583 3516 4646 est

1936 4659 2197 4720 punctum
2226 4650 2367 4720 quod
2408 4644 2567 4720 paulo
2615 4656 2734 4715 post
2766 4648 3082 4720 “apponitur
3114 4655 3224 4720 tum
3261 4645 3313 4720 in
3347 4644 3515 4710 Regio

1937 4716 2143 4785 codice,
2177 4716 2289 4774 tuin
2333 4722 2385 4773 in
2411 4716 2664 4788 'vulgatis
2713 4717 3075 4788 coitionibus,
3121 4716 3514 4788 legendumque

1939 4807 2047 4845 uno
2067 4784 2230 4862 ductu
2250 4810 2262 4844 :
2284 4790 2380 4843 σὺν
2407 4793 2472 4862 τῇ
2499 4784 2606 4862 τῶν
2627 4786 2942 4862 ᾲποῌστόλων
2973 4784 3294 4862 κατηξιοῦτο
3327 4784 3514 4855 μνήμῃ

1937 4862 1997 4915 τὸ
2039 4861 2136 4936 τῆς
2173 4855 2578 4936 τρισμακαρίας
2611 4858 2790 4929 ψυχῆς
2838 4859 3056 4936 σκήνος,
3084 4855 3188 4911 etc.
3228 4855 3348 4936 Quo
3383 4867 3517 4936 mnu

1938 4923 2159 4996 certius,
2211 4923 2272 4985 ut
2302 4923 2494 4984 "mirer
2544 4923 2892 4996 interpretem
2930 4923 3003 4981 'id
3044 4941 3149 4980 non
3189 4925 3413 4996 vidisse.
3461 4923 3514 4975 lu

1939 5005 2126 5056 codice
2147 4994 2288 5057 Fuk.
2317 5002 2407 5055 hic
2441 5002 2590 5054 locus
2619 4994 2699 5053 ita
2725 4999 2917 5067 legitur
2945 5016 2958 5067 ι
2989 4997 3098 5050 Καὶ
3128 4995 3215 5049 διὰ
3246 4994 3315 5048 τὰ
3349 5011 3518 5067 σπου-

1936 5072 2199 5127 δασθέντα
2237 5067 2407 5143 αὐτῷ,
2447 5071 2612 5143 τόπου
2663 5065 2856 5143 σίρν
2880 5065 3007 5143 τῷν
3056 5065 3518 5143 ἀπε-κατηξιοῦτο

2446 5141 2612 5194 εἰσέτι
2645 5123 2866 5215 καὶ-νῦν
2892 5138 2974 5215 τό,
3000 5147 3106 5215 etc.
3151 5123 3335 5215 Neque
3352 5123 3517 5215 aliter
3541 5185 3545 5191 .

1941 5206 1990 5268 in
2033 5206 2186 5268 iib'i'is
2237 5206 2474 5265 Tui-held
2525 5226 2589 5265 ac
2641 5210 2871 5264 Savilii:
2925 5211 3027 5261 nisi
3088 5209 3228 5277 quod
3281 5206 3516 5259 Savilius

1940 5285 2101 5338 habet
2144 5285 2308 5336 τόπου
2359 5282 2452 5335 ἐπὶ
2500 5283 2566 5351 τῇ
2618 5278 2726 5333 τῶν
2774 5280 2898 5339 ἀπ..
2944 5289 3052 5351 etc.
3091 5286 3159 5351 ,ιιι
3202 5278 3252 5329 in
3299 5279 3545 5330 schedia-

1941 5354 2122 5419 llegiis
2158 5356 2296 5408 hunc
2329 5353 2504 5419 lorum
2539 5349 2614 5404 ita
2647 5351 2912 5418 scriptum
2958 5349 3160 5419 inveni,
3205 5361 3512 5419 κατασπου-

1938 5416 2201 5479 δασθέντα
2249 5418 2433 5495 αὐτοῦ,
2467 5421 2643 5475 ’τόπου
2711 5416 2808 5475 σῦν
2842 5423 2908 5490 τῇ
2943 5418 3051 5472 τῶν
3084 5419 3207 5495 ora,
3237 5424 3345 5472 etc.
3390 5416 3516 5495 Quae

1941 5497 2100 5549 lectio
2129 5497 2194 5548 ad
2235 5494 2670 5547 emendationem
2720 5497 2963 5544 nostram
3014 5491 3236 5558 propius
3284 5490 3516 5542 accedit.

1940 5565 2109 5620 Porro
2135 5579 2294 5618 voces
2325 5564 2426 5616 illa:
2453 5563 2529 5634 ὡς
2553 5563 2686 5634 ὀρᾷν
2723 5561 2893 5616 εἰσέτι
2928 5562 3021 5634 καὶ
3051 5558 3166 5623 νῦν,
3195 5572 3291 5634 per
3322 5572 3516 5634 paren-

1943 5635 2135 5690 thesim
2188 5635 2463 5687 dicuntur.
2506 5625 2672 5701 quue
2727 5635 2906 5686 innuit
2958 5633 3044 5685 illa
3104 5631 3308 5683 codicis
3349 5625 3517 5681 Fulse-

1943 5707 2076 5761 tiaui
2108 5705 2488 5774 iutcrpunclio,
2519 5719 2678 5773 quam
2706 5719 2868 5772 supra
2896 5702 3142 5757 exhibui.

3131 5790 3329 5881 aa,
