3926 6264
431 276 572 334 I22?
605 290 610 295 ‘

429 400 812 458 communione
864 399 1027 470 potiri
1079 409 1388 456 mereretur
1431 417 1447 456 :

1143 273 1416 334 EUSEBII
1451 271 1934 331 CESARIENSIS
2007 272 2159 331 OPP.
2202 272 2384 330 PARS
2423 273 2464 332 I.
2504 303 2576 319 -—
2612 273 3006 334 HISTORICA.

3554 279 3690 334 £928

1498 400 1617 472 ipse
1663 415 1794 457 vero
1835 400 1982 456 etiatt

2107 398 2282 471 εὐχῶν
2301 416 2317 430 °
2348 400 2510 464 αὐτὸς
2540 399 2597 453 δὲ
2625 400 2725 471 τῆς
2755 399 3032 470 βασιλείας
3065 398 3180 470 (77)
3207 397 3302 452 καὶ
3355 397 3496 470 μετὰ
3530 398 3692 454 θάνα-

426 506 551 564 post
605 502 836 549 mortem
890 491 1181 563 imperium
1217 493 1486 560 retinens,
1527 493 1686 562 quasi
1726 492 1982 547 redivivu:

2111 509 2204 547 τον
2255 492 2675 565 ἐπειλημμένος,
2722 492 2912 565 ὥσπερ
2949 487 3042 546 οῦν
3083 491 3143 559 ἐξ
3193 490 3546 555 ἀναϐιώσεως
3592 492 3690 563 τὴν

425 587 742 642 universum
775 583 965 639 orbem
997 582 1330 651 gubernans,
1360 583 1555 639 Victor
1593 583 1864 638 Maximus
1894 583 2005 636 Au-

425 685 643 746 gustus,
674 688 772 730 suo
812 673 992 729 adhuc
1027 673 1251 729 nomine
1287 675 1681 746 rempublicam
1714 687 1949 746 regeret.

905 852 1184 909 CAPUT
1246 853 1512 910 LXXII.

967 946 1042 1002 De
1081 947 1309 1016 phoenice
1345 965 1456 1003 ave.

492 1039 610 1095 Non
669 1039 1132 1110 quemadmodum
1202 1042 1319 1098 avis
1397 1041 1490 1096 illa
1544 1039 1832 1110 Egyptia,
1880 1053 2002 1109 qua:

421 1147 545 1186 cum
591 1132 708 1203 ejus
739 1135 960 1200 generis
995 1135 1154 1188 unica
1203 1135 1297 1200 sit,
1346 1148 1513 1204 super
1560 1141 1868 1188 aromatum
1904 1147 1999 1186 cu-

421 1227 570 1281 mulo
595 1226 770 1282 emori
802 1228 1281 1298 dicitttr,seipsam
1317 1228 1474 1297 quasi
1504 1226 1787 1281 victimam
1813 1226 2000 1279 immo-

419 1319 578 1374 lans:
609 1334 846 1388 moxque
878 1334 943 1372 ex
981 1318 1113 1389 ipsis
1150 1309 1352 1374 favillis
1403 1317 1641 1382 renasci,
1698 1327 1754 1370 et
1801 1314 1996 1385 pennis

419 1411 473 1466 itt
513 1411 680 1466 altum
715 1416 1000 1479 subvecta,
1037 1413 1225 1468 eadem
1266 1427 1372 1482 qua
1403 1411 1553 1482 prius
1583 1409 1766 1480 specie
1796 1409 1944 1463 cerni
1978 1425 1993 1461 :

416 1505 512 1559 sed
552 1505 731 1574 potius
759 1504 1009 1574 exemplo
1038 1504 1346 1559 Servatoris
1379 1505 1487 1568 sui,
1546 1503 1640 1572 qui
1687 1504 1861 1556 instar
1891 1501 1995 1556 tri-

420 1596 513 1651 tici
544 1597 672 1661 sati,
703 1611 768 1650 ex
801 1611 910 1651 uno
940 1597 1150 1651 semine
1203 1596 1255 1650 in
1289 1595 1463 1649 multa
1503 1610 1623 1649 sese
1659 1590 1992 1658 dilIundens,

415 1702 520 1758 ope
569 1702 634 1744 ac
687 1689 1070 1744 benedictione
1113 1689 1206 1743 Dei
1255 1689 1467 1758 spicam
1497 1686 1749 1756 protulit,
1785 1686 1993 1741 etuni—

2113 582 2408 654 σύμπασαν
2435 584 2610 656 ἀρχὴν
2637 585 2876 650 διοικῶν,
2901 584 3167 654 Νικητὴς,
3193 585 3490 652 Μέγιστος,
3518 582 3686 636 Σεϐαο

2113 676 2234 740 στὸς
2265 676 2378 749 (78)
2412 677 2561 750 αὐτῷ
2586 683 2936 750 προσρήματι
2956 679 3053 750 τῆς
3085 678 3370 747 Ῥωμαίων
3393 676 3688 748 ἡγεμονίας

2109 771 2332 842 ἐκράτει
2351 771 2487 842 (79).

2616 865 3011 919 ΚΕΦΛΛΑΙΟΝ
3049 862 3168 918 οΒ¹.
3220 903 3234 912 .

2540 959 2676 1027 Περὶ
2707 959 2979 1027 φοίνικος
3009 958 3242 1027 ὀρνέου.

2176 1052 2250 1106 Οὐ
2288 1050 2430 1105 κατὰ
2458 1050 2549 1105 τὸν
2579 1050 2857 1120 Αἰγύπτου
2879 1051 3047 1122 ὄρνιν,
3074 1051 3134 1104 ὃν
3160 1051 3224 1122 δή
3251 1065 3382 1120 φασι
3421 1048 3680 1119 μονογενῆ

2104 1141 2232 1195 ὄντα
2259 1143 2357 1214 τὴν
2387 1142 2569 1212 φύσιν,
2593 1141 2846 1213 θνήσκειν
2884 1141 2984 1213 μὲν
3009 1142 3096 1194 ἐπ’
3129 1141 3438 1213 ἀρωμάτων
3459 1179 3474 1203 ,
3523 1141 3681 1193 αὐτὸν

2105 1235 2254 1306 αὐτῷ
2295 1235 2395 1306 τὴν
2437 1233 2692 1306 τελευτὴν
2728 1231 3511 1306 θυηπολοῦντα,ἀνα6ιὼσκειν
3551 1231 3596 1284 δ’
3623 1233 3682 1296 ἐξ

2103 1327 2272 1396 αὐτῆς
2328 1324 2551 1388 σποδιάς
2584 1367 2600 1388 ,
2654 1324 2745 1378 καὶ
2799 1324 3116 1377 ἁναπτάντα
3152 1317 3388 1375 τοιοῦτον
3433 1317 3546 1385 οἷος
3589 1322 3681 1375 καὶ

2103 1417 2366 1488 πρότερον
2404 1412 2473 1489 ἦν
2514 1417 2678 1486 φῦναι
2700 1434 2714 1448 ο
2741 1416 2883 1470 κατὰ
2913 1417 2970 1470 δὲ
3002 1416 3095 1469 τὸν
3129 1415 3292 1468 αὑτοῦ
3327 1415 3590 1486 Σωτῆρα,
3624 1416 3682 1480 ὃς

2100 1509 2178 1580 τῷ
2224 1508 2319 1562 τοῦ
2362 1507 2538 1582 πυροῦ
2566 1509 2751 1581 σπόρῳ
2788 1507 3184 1580 παραπλησίως
3207 1506 3323 1560 ἀνθ’
3358 1507 3477 1570 ἐνὸς
3518 1506 3681 1561 πολυ-

2102 1603 2548 1674 πλασιαζὸμενος,
2581 1603 2678 1656 σὺν
2698 1601 2916 1672 εὐλογίᾳ
2937 1599 3072 1653 Θεοῦ
3093 1602 3321 1671 παρεῖχε
3345 1598 3438 1652 τὸν
3455 1600 3678 1671 στάχυν,

2100 1693 2196 1746 καὶ
2240 1691 2341 1764 τὴν
2395 1692 2687 1764 σύμπασαν
2741 1691 3066 1762 οἰκουμένην
3103 1690 3211 1745 τῶν
3265 1689 3432 1744 αὐτοῦ
3488 1709 3682 1746 κατεν-

414 1794 635 1834 versum
692 1787 968 1834 terrarum
1025 1779 1213 1834 orbem
1252 1777 1524 1832 fructibus
1564 1778 1677 1832 suis
1727 1775 1971 1846 implevit

2099 1783 2342 1855 επίμπλα
2360 1783 2612 1856 καρπῶνο
2641 1783 2815 1854 τούτῳ
2833 1779 2924 1836 οὖν
2941 1783 3195 1855 ἐμφερῶς
3209 1783 3237 1836 ὁ
3257 1785 3678 1856 τρισμακάριος,

414 1872 483 1926 ad
525 1871 674 1926 hunc
719 1871 939 1925 modum
985 1871 1332 1926 beatissimus
1380 1868 1542 1940 563
1595 1869 1847 1938 princeps
1897 1882 1982 1937 pet

2099 1874 2456 1939 πολυπλάσιος
2487 1874 2598 1947 (80)
2643 1874 2732 1929 διὰ
2774 1876 2874 1946 τῆς
2913 1874 3021 1929 τῶν
3049 1875 3250 1929 παίδων
3275 1875 3532 1947 διαδοχῆς
3563 1876 3679 1930 ἀνθ’

414 1963 819 2018 successionem
868 1961 1169 2016 liberorum
1226 1960 1506 2028 multiplex
1569 1960 1747 2015 lactus
1788 1969 1876 2015 est
1925 1975 1982 2014 ex

2099 1969 2210 2032 ἐνὸς
2259 1968 2526 2037 ἐγίγνετο,
2574 1967 2651 2031 ὡς
2707 1968 2802 2022 καὶ⁹
2855 1967 3080 2021 εἰκόνων
3139 1968 3472 2022 άναστάσεσι
3526 1969 3678 2040 παρὰ

414 2066 563 2106 nuo:
597 2051 732 2106 adeo
764 2059 821 2104 ut
847 2051 1050 2121 passim
1085 2051 1138 2104 itt
1177 2051 1434 2106 omnibus
1471 2050 1770 2120 provinciis
1800 2049 1992 2120 imagi-

411 2157 513 2196 nes
548 2142 598 2196 ei
625 2142 788 2198 simul
822 2157 944 2196 cum
1012 2141 1139 2197 ﬁliis
1185 2142 1410 2197 honoris
1450 2157 1617 2196 causa
1663 2150 1990 2205 statuantur,

411 2245 472 2290 et
521 2234 792 2290 familiam
837 2249 1036 2289 nomen
1089 2233 1440 2290 Constantini
1496 2234 1662 2288 etiam
1707 2242 1832 2305 post
1873 2233 1994 2304 ejus

409 2323 620 2379 obitum
654 2333 974 2393 usurpetur.

937 2413 1169 2472 CAPUT
1207 2413 1441 2472 LXXIII.

413 2507 688 2574 Quomodo
733 2509 790 2564 in
831 2510 1058 2564 nummis
1116 2509 1530 2564 Constantinum
1573 2509 1712 2564 velut
1775 2509 1834 2564 in
1888 2525 1992 2565 cce-

729 2579 837 2634 Ium
879 2581 1242 2635 ascendentem
1285 2581 1658 2647 expresserim.

478 2670 785 2739 Quinetiam
810 2673 1014 2726 numnti
1040 2671 1349 2742 huiusmodi
1381 2671 1558 2727 forma
1590 2671 1794 2745 signati
1825 2680 1988 2726 sunt:

407 2765 686 2820 anteriore
714 2765 934 2835 quidem
969 2777 1122 2834 parte
1160 2765 1378 2819 beatum
1413 2764 1717 2844 principem
1772 2762 1990 2819 obtecto

408 2857 588 2928 capite
617 2858 972 2929 praeferentes
997 2873 1014 2922 ;
1048 2857 1217 2911 altera
1246 2872 1377 2912 vero
1403 2867 1558 2928 parte
1580 2857 1634 2911 in
1664 2855 1990 2927 quadriiugo

409 2965 574 3003 curru
627 2949 831 3019 auriga:
881 2950 1055 3005 instar
1105 2951 1412 3018 sedentem,
1467 2959 1522 3006 et
1576 2957 1828 3021 porrecta
1883 2948 1988 3020 ipsi

410 3041 626 3099 ctelitus
659 3041 853 3097 dextra
882 3043 951 3097 ad
982 3057 1208 3112 superos
1237 3050 1598 3112 assumptum.

953 3224 1188 3282 CAPUT
1222 3222 1462 3281 LXXIV.

480 3322 633 3390 Quod
662 3339 782 3379 cum
817 3321 983 3377 Deum
1015 3323 1285 3388 coluisset,
1316 3323 1504 3376 merito
1546 3321 1704 3376 etiam
1736 3337 1768 3373 ο
1807 3319 1914 3374 Deo

990 3399 1280 3448 honoratus
1312 3403 1408 3448 est.

479 3485 606 3541 Ilzec
659 3485 924 3540 miracula
967 3501 1216 3540 summus
1255 3484 1497 3539 omnium
1553 3483 1695 3537 Deus
1736 3481 1790 3536 itt
1838 3480 1984 3536 Con-

406 3578 670 3644 stantino,
703 3577 796 3648 qui
820 3579 968 3634 solus
999 3593 1066 3633 ex
1093 3577 1350 3633 omnibus
1379 3586 1528 3630 retro
1561 3573 1987 3644 imperatoribus

403 3661 773 3725 Christianum
821 3683 883 3724 se
947 3667 1131 3739 palam
1201 3665 1482 3738 professus
1527 3665 1727 3732 fuerat,
1781 3663 1986 3720 nostris

475 3843 590 3915 (77)
604 3844 760 3913 Vulg.
783 3844 966 3909 αὐτὸς
979 3843 1047 3897 δὲ
1070 3842 1180 3913 τῆς
1192 3841 1516 3915 ,βασιλείας
1533 3837 1684 3915 μετᾲ
1703 3838 1982 3915 θάγατοις.

405 3909 597 3970 Scribit
619 3909 779 3980 αὐτὸς
808 3916 864 3968 δὲ
892 3916 992 3986 τῆς
1095 3909 1188 3968 καὶ
1223 3914 1361 3986 μετὰ
1386 3909 1614 3986 θάνατον
1649 3909 1986 3986 ἐπειλημμέ-

403 4003 515 4050 νος,
553 3988 694 4054 quod
716 3982 1044 4040 conﬁrmant
1064 3982 1363 4054 sequentia.
1399 3986 1577 4054 Atque
1603 3983 1677 4036 ita
1709 3982 1763 4036 in
1797 3984 1985 4036 codice

406 4055 541 4111 Fnk.
586 4057 787 4109 diserte
825 4058 1086 4126 scriptum
1117 4057 1320 4110 inveni.

476 4126 588 4196 (78)
626 4125 910 4192 Νικητὴς,
939 4120 1278 4194 Μέγιστος,
1305 4123 1621 4196 Σεϐαστός.
1663 4120 1982 4196 Huiusmodi

403 4194 522 4250 erat
555 4194 857 4264 inscriptio,
886 4197 1095 4262 legibus
1117 4207 1172 4250 et
1199 4197 1442 4264 epistolis
1472 4194 1984 4264 ϐοιιδιιιιιιιιιίρνω-

405 4267 494 4333 ligi
532 4265 686 4320 solita
709 4261 741 4328 ,“
766 4275 823 4317 ιιι
876 4261 1078 4334 passim
1139 4261 1372 4319 testatur
1438 4265 1698 4317 Eusebius
1739 4261 1985 4334 :__Victor

403 4330 784 4390 consimilium
823 4330 1049 4404 Magnus
1090 4338 1378 4404 Augustus.
1411 4335 1715 4388 Pronotnen
1748 4330 1984 4404 Victoris

404 4405 637 4474 sumpsit
683 4401 1225 4474 Constantinuspost
1268 4415 1491 4474 pariant
1509 4405 1575 4455 de
1624 4401 1982 4474 tyratmis__vi-_

2093 2060 2258 2113 πᾶσιν
2312 2058 2522 2112 ἔθνεσιν
2573 2057 2691 2130 ἆμα
2745 2060 2860 2120 τοῖς
2910 2056 3077 2111 αὐτοῦ
3128 2057 3390 2128 τιμᾶσθαι
3447 2060 3673 2120 παισὶν,

2091 2149 2290 2203 οἰκείόν
2335 2167 2395 2202 τε
2433 2148 2671 2221 τοῦνομα
2699 2150 3131 2214 Κωνσταντίνου,
3161 2151 3256 2204 καὶ
3287 2151 3428 2223 μετὰ
3452 2152 3556 2223 τὴν
3583 2151 3675 2204 τοῦ

2093 2243 2210 2315 βίου
2245 2241 2772 2317 παραλαμϐάνεσθαι
2800 2242 3079 2315 τελευτήν.

2605 2418 3003 2473 ΚΕΦΑΛΑΙΟΝ
3041 2419 3158 2472 Ol".

2095 2512 2285 2578 Ὅπως
2316 2510 2388 2565 ἐν
2419 2510 2815 2581 νομίσμασιν,
2854 2509 2936 2581 ὡς
2981 2512 3084 2581 sic;
3116 2507 3376 2575 οὐρανὸν
3425 2508 3674 2564 ἀνιόντα

2411 2579 2870 2638 Κώνσταντῖνον
2907 2579 3344 2649 ὲνεχάρασσον.

2165 2675 2302 2747 Ἤδη
2354 2673 2410 2728 δὲ
2458 2674 2552 2728 καὶ
2603 2673 2932 2744 νομίσμασιν
2988 2671 3411 2743 ὲνεχαράττοντο
3485 2671 3668 2738 τύποι,

2091 2767 2326 2840 πρόσθεν
2363 2767 2462 2837 μὲν
2485 2765 2844 2828 ὲντυποῦντες
2871 2765 2961 2818 τὸν
2992 2765 3279 2836 μακάριον,
3323 2765 3671 2835 ὲγκεκαλυμ·

2094 2860 2254 2932 μένον
2281 2860 2382 2932 τὴν
2413 2859 2657 2930 κεφαλὴν
2689 2859 2928 2928 σχήματι
2969 2856 3103 2929 (81),
3141 2856 3369 2929 θατέρου
3392 2857 3449 2910 δὲ
3475 2857 3669 2929 μέρους

2091 2954 2409 3024 ἐφ’ἆρματι
2453 2951 2739 3025 τεθρίππῳ
2791 2951 3010 3022 ἡνιόχου
3065 2951 3296 3022 τρόπον,
3354 2950 3460 3004 ὑπὸ
3491 2950 3666 3018 δεξιᾶς

2091 3039 2298 3096 ἄνωθεν
2351 3040 2732 3112 ὲκτεινομένης
2786 3039 2937 3112 αὐτῷ
2981 3039 3164 3111 χειρὸς
3218 3039 3665 3112 ἀναλαμϐανόμε-

2011 3123 2057 3184 C
2089 3150 2198 3188 νον.

2547 3213 2550 3218 ’
2602 3224 3000 3278 ΚΕΦΑΛΑΙΟΝ
3041 3226 3156 3278 ost.

2127 3319 2246 3373 Ὅτι
2281 3321 2315 3374 ό
2347 3316 2610 3390 τιμηθείς
2633 3317 2736 3390 ὑπ’
2759 3316 2948 3390 αὐτοῦ
2983 3316 3127 3382 Θεὸς
3167 3315 3415 3383 δικαίως
3451 3317 3637 3372 αὐτόν

2684 3388 3064 3456 ἀντετίμησε.

2159 3480 2327 3537 Ταῦθ’
2347 3481 2480 3554 ⁴ἡμῖν
2507 3478 2689 3542 αὐτοῖς
2720 3477 2898 3542 δείξας
2919 3477 3236 3549 ὀφθαλμοῖς,
3265 3479 3360 3532 ἐπὶ
3395 3479 3546 3550 μόνῳ
3563 3478 3663 3532 τῶν

2104 3575 2327 3629 πώποτε
2399 3569 2711 3644 Χριστιανῷ
2781 3568 3057 3639 διαφανῶς
3118 3569 3230 3641 (82)
3293 3571 3664 3641 ἀποδειχθέντι

2089 3665 2488 3738 Κωνσταντίνῳ
2528 3667 2558 3719 ὁ
2597 3663 2689 3718 ἐπὶ
2729 3663 2946 3717 πάντων
2989 3661 3142 3727 Θεὸς,
3195 3663 3393 3717 ὁπόσον
3439 3659 3512 3736 ἦν
3559 3665 3662 3737 ἄρα

2158 3845 2271 3918 (80)
2311 3844 2474 3918 vulg.
2504 3843 2959 3918 πολυπλασίως.
2993 3841 3230 3918 S_a_vilius
3261 3842 3329 3918 ad
3355 3857 3512 3897 oram
3540 3841 3658 3918 libri

2086 3913 2177 3972 sui
2199 3913 2345 3971 notat
2379 3913 2663 3980 legendum
2694 3929 2818 3969 esse
2837 3913 3221 3976 πολυπλάσιος,
3241 3913 3326 3967 cui
3352 3914 3660 3975 assentior;

2086 3988 2303 4042 mallem
2343 3996 2519 4039 tamen
2550 3982 2954 4037 πολυπλασίων.

2155 4057 2266 4128 (8|)
2315 4052 2868 4128 Ἐτνιεκαλυμμέιῖρν
2897 4052 3026 4128 ,τὴν
3059 4051 3335 4121 κεφαλὴν
3377 4051 3659 4128 σχήματι·

2085 4124 2283 4182 υΙιίιιιίι
2308 4124 2410 4179 vox
2439 4124 2664 4178 delenda
2694 4124 2822 4177 tnilti
2859 4124 3090 4186 videtur,
3119 4139 3277 4193 quam
3322 4137 3392 4176 ex
3419 4125 3662 4191 margine

2087 4198 2140 4252 in
2175 4208 2378 4251 textum
2403 4195 2689 4264 irrepsisse
2715 4194 2976 4248 credibile
3005 4203 3107 4248 est.
3141 4195 3454 4264 Ascriptum
3482 4203 3658 4264 autem

2084 4278 2202 4338 erat
2225 4267 2277 4319 itt
2303 4267 2547 4338 margine
2578 4263 2834 4338 ὀχήματι,
2859 4264 2924 4317 ad
2953 4263 3369 4338 explicatio-nem
3413 4263 3659 4338 vocabuli

2084 4331 2364 4405 sequentis
2393 4331 2800 4406 ἅρματιῖοιιῴ
2827 4349 2963 4406 vero
2987 4335 3053 4388 ad
3087 4331 3382 4406 marginem
3409 4333 3659 4406 editionis

2085 4402 2648 4474 Genevensis'l'egitur
2691 4402 3000 4474 διαδήματι,
3049 4419 3168 4458 meo
3207 4403 3426 4469 quidem
3454 4402 3659 4469 judicio

403 4470 653 4527 ctoriam.
688 4476 792 4528 Sed
807 4483 860 4526 et
877 4473 967 4544 lilii
992 4470 1327 4542 ipsiusquasi
1343 4471 1464 4538 jure
1479 4470 1976 4544 literedi_tario_illud
2013 4470 2057 4524 D
2088 4475 2482 4543 ineptissimum
2506 4470 2622 4536 est,
2657 4470 3032 4544 neqtte'Ci-aeei
3059 4474 3326 4544 sermonis
3353 4475 3658 4540 proprietas

405 4543 777 4605 retinuerunt,
808 4553 866 4595 ut
896 4537 1090 4596 docent
1131 4537 1444 4595 eo'rutndetn
1496 4541 1754 4606 epistulae.
1810 4537 1978 4591 Porro

402 4627 468 4666 ex
503 4614 606 4668 hoc
629 4612 747 4664 loco
799 4622 1044 4680 apparet,
1094 4621 1216 4680 post
1249 4611 1452 4664 obitum
1493 4609 1832 4663 Constantini
1865 4608 1978 4680 Ma:

393 4684 556 4745 ximi,
597 4682 774 4736 tribus
801 4678 1018 4736 circiter
1040 4678 1340 4746 tnettsibus,
1362 4681 1411 4735 id
1439 4691 1521 4733 est
1553 4690 1663 4732 toto
1688 4678 1977 4746 interregni

402 4753 748 4821 spatio,leges
764 4767 952 4813 omnes
967 4763 1128 4823 atque
1146 4750 1977 4823 edicta,Constantini,t_anquatn

401 4819 739 4891 superstitis,
760 4823 977 4876 nomine
1000 4819 1255 4891 inscripta
1288 4820 1469 4883 fuisse,
1491 4835 1611 4873 cunt
1642 4820 1816 4872 nullus
1842 4819 1979 4891 alius

401 4889 676 4961 Angustus
701 4903 845 4949 esset
877 4893 928 4946 itt
949 4896 1082 4948 orbe
1113 4889 1380 4956 limitatio,
1401 4902 1459 4944 ut
1482 4905 1644 4961 supra
1669 4889 1978 4961 observavi.

401 4958 587 5034 Potest
616 4961 776 5016 etiam
808 4963 1030 5034 intelligi
1064 4965 1150 5019 hic
1192 4963 1344 5016 locus
1377 4964 1445 5016 de
1491 4960 1689 5034 liberis,
1712 4958 1980 5011 Consulti-

350 5077 355 5083 .
406 5031 506 5102 tini
533 5031 704 5096 Magni
728 5031 1023 5102 qttieodetn
1061 5035 1214 5088 titulo
1243 5043 1298 5086 et
1340 5035 1556 5086 nomine
1586 5031 1897 5102 utebantur,
1922 5039 1978 5082 ct

403 5101 456 5154 in
485 5105 684 5170 quibus
730 5099 886 5173 pater
922 5107 1246 5160 reviviscere
1272 5103 1574 5158 videbatur.
1595 5099 1768 5166 Quam
1806 5100 1976 5153 inter-

401 5173 756 5242 pretationem
801 5176 1124 5229 conﬁrmant
1149 5175 1450 5242 seauentia.

471 5243 586 5314 (79)
627 5243 780 5314 Vulg.
813 5246 1132 5313 ἡγεμονίας
1159 5241 1417 5312 κρατεῖν.
1444 5239 1635 5297 Scribe
1662 5237 1901 5314 ἐκράτει,
1921 5250 1978 5290 ιιι

400 5311 796 5384 ιοευοιιιίθιιιὶθὶ
815 5311 979 5370 verbo
995 5319 1137 5384 quod
1161 5311 1325 5368 multo
1348 5325 1472 5367 ante
1512 5311 1975 5384 pt'tecessit,xa_t1-

398 5380 641 5454 ηξιοῦτο.
669 5386 856 5454 κΡοιτο
889 5387 942 5439 in
979 5380 1163 5439 codice
1193 5385 1358 5454 Regio
1382 5385 1448 5436 ad
1475 5382 1775 5454 marginem
1819 5380 1976 5448 hujus

398 5449 610 5523 capitis,
650 5453 874 5510 Cra-cus
901 5456 1220 5511 scholiastes
1256 5449 1369 5506 lianc
1413 5452 1577 5508 verba
1611 5453 1682 5523 in‘
1718 5449 1974 5523 honorent

397 5517 738 5593 Constantini
764 5527 1092 5593 ascripserat
1117 5544 1130 5580 :
1164 5525 1258 5588 Εἰς
1273 5523 1486 5576 αἰώνιον
1503 5539 1607 5593 μνη
1617 5517 1842 5593 μόσυνρν
1860 5519 1976 5593 ἐστι

395 5591 460 5644 τὸ
508 5594 678 5666 ὄνομά
739 5613 869 5660 σου,
905 5589 1216 5649 ἆποστόλων
1273 5589 1711 5666 τρισκαιδέκατε.
1765 5589 1871 5642 Sed
1922 5604 1978 5666 et

399 5663 680 5735 passitn’in
720 5668 820 5720 hoc
859 5682 1022 5735 opere
1057 5663 1394 5719 laudihus‘ac
1418 5667 1556 5718 votis
1583 5678 1703 5717 cuttt
1739 5663 1978 5735 aspergit

401 5733 541 5788 idem
572 5735 667 5794 ille
693 5730 976 5792 scriballn
1007 5735 1142 5792 [ουκ.
1167 5738 1351 5791 codice
1388 5735 1647 5792 scribitur
1680 5730 1890 5801 κρατεῖ.

2081 4561 2201 4598 eant
2233 4545 2559 4598 locutionem
2591 4543 2845 4597 admittit.
2877 4543 3046 4598 Porro
3090 4543 3142 4596 in
3185 4543 3460 4610 plerisque
3505 4557 3655 4596 num-

2082 4615 2184 4668 niis
2227 4614 2615 4670 Constantinus
2637 4613 2814 4682 capite
2839 4614 3047 4682 galeato
3080 4613 3431 4678 conspicitur.

2153 4685 2266 4753 (8:2)
2284 4683 2443 4750 Vulg.
2460 4679 2826 4753 Χριστιαιρῷν
2844 4679 3168 4752 διαφανῶς.
3189 4682 3554 4736 Scribendum
3575 4691 3656 4753 est

2083 4751 2199 4835 sine
2220 4755 2384 4835 dubio
2410 4752 2738 4835 ξριστιανῷ.
2769 4751 3128 4835 Scribendtttn
3148 4767 3365 4835 quoque
3399 4751 3655 4835 estnuovei

2079 4824 2186 4879 τῶν
2204 4823 2419 4877 πώποτε
2437 4822 2721 4894 βασιλέων,
2737 4835 2828 4877 :tttt
2845 4833 2991 4876 certe
3006 4823 3456 4894 subaudiendum.
3482 4822 3652 4877 Caue-

2080 4911 2198 4950 runt
2219 4891 2479 4948 Eusebius
2507 4895 2780 4947 netniuetn
2807 4894 3008 4960 excipit
3026 4907 3092 4947 ex
3122 4907 3346 4946 numero
3370 4891 3656 4960 imperato-

2081 4980 2198 5018 rum
2229 4964 2616 5029 liomanorutn,
2635 4964 2759 5016 dunt
2790 4964 2866 5017 ait
2892 4966 3124 5032 primum
3154 4977 3220 5016 ex
3244 4963 3504 5016 omnibus
3529 4964 3652 5018 Con-

2079 5037 2374 5089 stantinum
2408 5033 2583 5101 palam
2605 5044 2659 5085 et
2687 5044 2873 5101 aperte
2895 5033 3260 5086 Christianum
3295 5032 3482 5085 fuisse.
3505 5035 3650 5099 Quod

2081 5115 2228 5159 certe
2255 5105 2592 5158 verissimum
2628 5113 2730 5157 est.
2751 5103 2859 5157 Etsi
2886 5103 3030 5157 enini
3058 5101 3336 5170 Philippus
3364 5103 3651 5170 imperator

2079 5175 2426 5229 CltriSIianus
2461 5172 2631 5226 fuisse
2663 5190 2692 5226 a
2739 5173 3012 5226 nonnullis
3037 5174 3302 5242 proditur,
3340 5188 3447 5225 non
3482 5184 3646 5226 tamen

2077 5244 2442 5299 Christianam
2476 5243 2787 5312 religionem
2815 5284 2830 5306 ,
2867 5244 3090 5311 perinde
3132 5257 3194 5296 ac
3228 5245 3647 5303 Constantinus,

2078 5316 2256 5385 palam
2284 5315 2684 5385 professusest.
2711 5313 2830 5385 Alio
2850 5329 3013 5385 sensu
3039 5312 3275 5385 Orosius
3302 5313 3352 5364 itt
3389 5312 3530 5365 libro
3559 5327 3644 5374 vn,

2078 5382 2144 5440 de
2177 5382 2532 5439 Constantino
2562 5384 2636 5438 ita
2657 5383 2849 5437 scribit
2878 5405 2890 5438 :
2935 5401 2954 5433 ι
2987 5382 3200 5435 Primus
3265 5383 3642 5449 imperatorum

2077 5456 2453 5518 Christianus,
2483 5464 2709 5523 excepto
2743 5453 3011 5522 Philippo,
3037 5452 3129 5520 qui
3158 5451 3505 5506 Christianus
3553 5466 3642 5516 ap-

2079 5528 2164 5580 nis
2214 5525 2504 5580 admodum
2558 5525 2743 5592 paucis
2796 5525 2863 5577 ad
2913 5526 3018 5576 hoc
3066 5533 3277 5592 tantum
3327 5523 3641 5575 consdtutus

2079 5597 2247 5650 fuisse
2288 5595 2418 5648 tnihi
2469 5591 2618 5647 visus
2649 5603 2762 5656 est,
2799 5604 2855 5646 ttt
2901 5592 3220 5646 tnillesimns
3262 5591 3448 5645 Romae
3479 5605 3642 5646 anuus

2077 5665 2298 5723 Christo
2329 5666 2508 5736 potius
2538 5678 2701 5735 quam
2725 5663 2882 5719 idolis
2905 5663 3269 5718 dedicaretur.
3306 5680 3328 5714 ο
