3926 6264
409 382 546 438 19.35

1119 378 1388 436 EUSEBll
1423 377 1903 437 CAESARIENSIS
1941 377 2091 434 OPP.
2132 375 2313 432 PARS
2350 375 2390 430 Ι.
2430 405 2500 418 --
2536 375 2931 434 HISTORICA.

3506 373 3638 429 1236

405 517 528 558 cum
557 509 747 556 natura
776 506 896 569 apte
925 498 1300 568 consentiens;
1321 499 1546 554 invaluit
1575 509 1754 555 autem
1783 509 1969 570 postea

2084 499 2131 554 rb
2166 496 2274 569 (89)
2329 496 2561 569 μετρίως
2600 495 2802 570 ἃπαρά
2815 496 2996 568 φύσιν,
3024 495 3116 551 τδν
3132 496 3240 551 τῶν
3269 494 3487 552 πάντων
3514 495 3640 549 Θεδν

408 596 459 650 id
492 594 632 665 quod
677 605 898 662 prorsus
931 599 1139 645 natura!
1178 591 1512 645 contrarium
1555 599 1674 656 εει,
1704 601 1762 645 ut
1809 592 1974 645 Deum

406 687 648 741 omnium
676 692 952 739 auctorem
984 695 1143 737 nemo
1164 696 1408 752 congruo
1431 681 1581 744 cultu
1604 691 1973 748 veneraretur,

408 787 712 846 cunctaque
742 791 848 830 non
878 776 1046 830 divini
1070 775 1318 830 Numinis
1344 775 1708 847 providentia,
1731 776 1824 831 sed
1847 791 1976 831 casu

407 865 639 934 quodam
693 879 758 917 ac
808 873 1010 918 temere
1059 865 1170 934 geri
1225 875 1567 935 putarentur.
1620 865 1688 920 Et
1729 868 1977 937 quamvis

407 956 677 1024 prophetae
708 955 900 1011 divino
943 956 1146 1024 Spiritu
1182 957 1344 1011 alllati
1378 957 1610 1028 idipsum
1643 959 1849 1015 diserte
1880 975 1978 1014 an-

405 1047 743 1113 nuntiat-ent,
776 1064 1006 1117 quorum
1044 1047 1391 1104 sermonibus
1433 1049 1568 1105 tides
1596 1050 1846 1107 adhiberi
1878 1051 1976 1106 de-

403 1137 593 1192 buerat
615 1178 632 1201 ,
665 1149 844 1194 tamen
882 1139 1066 1211 iniqua
1096 1139 1348 1209 impietas
1382 1143 1559 1198 modis
1598 1144 1854 1199 omnibus
1887 1160 1976 1202 re-

402 1231 680 1299 pugnabat
709 1249 723 1285 :
758 1230 930 1300 ipsam
968 1231 1186 1302 quidem
1213 1233 1464 1309 veritatis
1493 1233 1665 1289 lucem
1699 1235 1822 1291 odio
1853 1252 1977 1306 pro-

402 1337 675 1391 sequens,
727 1323 1169 1393 impenetrabiles
1219 1333 1399 1390 autem
1461 1327 1712 1384 tenebras
1771 1329 1976 1386 erroris

401 1413 757 1486 amplectens.
781 1414 967 1486 Neque
991 1430 1120 1470 vero
1148 1415 1229 1471 vis
1251 1432 1315 1472 ac
1344 1417 1551 1473 smvitia
1591 1419 1763 1475 abfuit
1784 1461 1800 1486 ,
1833 1435 1976 1491 prte-

402 1508 589 1567 sertim
617 1522 740 1566 cum
784 1509 1136 1565 temerarium
1170 1511 1426 1582 impetum
1481 1511 1623 1580 vulgi
1671 1512 1973 1580 principum

403 1599 703 1654 auctoritas
730 1599 1050 1668 adiuvaret,
1095 1611 1206 1670 aut,
1236 1612 1294 1659 ut
1334 1605 1517 1658 verius
1544 1603 1716 1659 dicam
1736 1643 1752 1670 ,
1786 1603 1887 1673 ipsi
1917 1617 1977 1658 se

403 1688 698 1760 importuni
731 1687 932 1759 furoris
981 1691 1146 1747 duces
1177 1693 1499 1763 praeberent.
1529 1691 1718 1763 Itaque
1747 1693 1862 1760 haec
1890 1693 1974 1752 vi-

405 1780 558 1836 vendi
610 1781 751 1839 ratio
785 1781 1023 1852 plurium
1076 1795 1294 1843 aetatum
1335 1802 1435 1842 usu
1475 1786 1822 1850 conﬁrmata,
1853 1785 1974 1840 illo-

2078 588 2338 656 καταξίαν
2361 589 2536 643 σέϐειν
2555 587 3103 661 μηδένα,νομίζεσθαί
3119 607 3176 642 τε
3193 587 3266 660 μὴ
3285 589 3350 642 ἐκ
3365 586 3637 659 προνοίας,

2077 680 2191 735 ἀλλ’
2221 680 2296 742 ὼς
2342 679 2549 752 ἔτυχεν,
2579 680 2828 744 ἀτάκτως
2840 698 2899 734 τε
2916 680 3008 734 καὶ
3051 679 3384 750 πλημμελῶς
3408 679 3479 733 τά
3514 679 3642 732 πάν-

2077 790 2146 826 τα
2177 772 2512 828 συνεστάναι.
2552 771 2659 826 Καὶ
2688 771 2860 826 ταῦτα
2887 772 3312 844 ἐξαγγελλούσης
3330 770 3642 826 καθέκαστα

2078 865 2224 929 Θείας
2257 866 2541 929 ἐπιπνοίας
2571 864 2658 919 διά
2705 866 3026 935 προφητῶν,
3070 859 3151 928 οἷς
3182 864 3285 917 ἔδει
3322 862 3602 918 πείθεσθαι
3625 903 3640 927 ,

2076 955 2360 1010 ἀνθίστατο
2388 956 2664 1020 παντοίαις
2695 957 2960 1028 μηχαναῖς
2992 955 3174 1009 ἀδικία
3206 954 3492 1024 δυσσεϐὴς,
3524 954 3640 1006 δια-

2079 1047 2386 1120 ϐεϐλημένη
2424 1048 2520 1120 μὲν
2557 1048 2691 1121 πρὸς
2715 1048 2776 1101 τὸ
2800 1048 2897 1119 τῆς
2929 1047 3183 1117 ἀληθείας
3219 1046 3362 1116 φῶς,
3405 1045 3644 1108 ἀσπαζο-

2080 1139 2212 1214 μένη
2245 1140 2302 1194 δὲ
2323 1140 2384 1194 τὸ
2413 1140 2762 1210 δυσέλεγκτον
2792 1140 2887 1195 τοῦ
2923 1141 3164 1203 σκύτους.
3195 1138 3331 1191 Ἀλλ’
3345 1138 3465 1191 οὐδέ
3489 1136 3643 1191 τοῦτο

2077 1235 2244 1304 χωρὶς
2301 1232 2421 1304 βίας
2473 1233 2564 1285 καὶ
2609 1233 2922 1305 ὠμότητος.
2979 1230 3271 1304 ἐξαιρέτως
3322 1230 3504 1300 ὅτιτῇ
3537 1229 3644 1282 τῶν

2077 1324 2307 1395 χυδαίων
2339 1325 2526 1397 δήμων
2571 1325 2864 1398 ἀπροόπτῳ
2896 1327 3037 1398 φορᾷ
3069 1327 3100 1396 ή
3141 1323 3248 1377 τῶν
3291 1322 3643 1377 δυναστευόν-

2075 1433 2182 1470 των
2213 1415 2406 1486 γνώμη
2462 1415 2866 1486 συνελάμὸανε,
2918 1415 3114 1486 μᾶλλον
3158 1415 3216 1469 δὲ
3264 1415 3361 1484 τῆς
3414 1412 3644 1484 ἀκαίρου
3689 1431 3696 1442 ·

2080 1509 2274 1580 μανίας
2319 1507 2455 1581 αῦτη
2501 1508 2809 1579 καθηγεῖτο.
2855 1508 2948 1561 Διὸ
2987 1509 3051 1581 δὴ
3093 1507 3312 1569 πολλαῖς
3355 1507 3571 1576 γενεαῖς
3618 1507 3646 1559 ὀ

2075 1603 2310 1668 τοιοῦτος
2335 1603 2447 1674 βίος
2474 1603 2817 1676 κρατυνθεὶς,
2855 1601 3124 1674 μεγίστων
3153 1601 3343 1670 γέγονε
3374 1603 3488 1665 τοῖς
3527 1600 3645 1652 τότε

2077 1693 2263 1748 κακῶν
2302 1693 2492 1758 αἴτιος.
2543 1693 2955 1764 Ἐπιλαμψάσης
2983 1691 3042 1745 δὲ
3070 1692 3383 1764 παραυτίκα
3410 1693 3512 1763 τῆς
3550 1689 3643 1745 τοῦ

2076 1785 2326 1858 Σωτῆρος
2357 1786 2699 1855 ἐπιφανείας,
2721 1786 2844 1857 δίκη
2896 1771 2992 1853 μὲν
3035 1781 3094 1849 ἐξ
3121 1784 3317 1838 ἀδίκων
3350 1784 3551 1856 ἔργων,
3583 1785 3648 1837 ὲκ

405 1887 524 1926 rum
553 1879 854 1942 temporum
884 1873 1200 1932 hominibus
1225 1878 1488 1946 plurimas
1518 1879 1722 1934 invexit
1747 1880 1974 1935 calami-

2084 1879 2132 1933 se
2158 1877 2496 1934 παντοδαποῦ
2520 1878 2786 1942 κλύδωνος
2805 1877 3011 1949 γαλήνη
3042 1877 3344 1941 συνίστατο,
3369 1877 3465 1930 καὶ
3487 1873 3646 1930 πάνθ’

404 1973 564 2028 tates.
593 1964 794 2023 Verum
826 1967 916 2024 ubi
945 1970 1182 2040 primum
1207 1970 1516 2028 Servatoris
1535 1973 1709 2028 nostri
1737 1987 1976 2043 praesen-

403 2059 476 2112 tia
510 2057 712 2126 illuxit,
734 2061 916 2116 statim
947 2078 1046 2132 pro
1071 2061 1332 2133 iniustitia
1362 2064 1611 2134 aequitas,
1631 2080 1730 2136 pro
1762 2066 1977 2137 gravis-
2016 2114 2018 2117 ,

402 2149 536 2204 sima
568 2160 883 2222 tempestate
909 2153 1075 2226 568
1097 2154 1364 2210 serenitas
1385 2155 1574 2211 oborta
1598 2168 1682 2212 est
1706 2173 1722 2224 ;
1752 2167 1808 2212 et
1832 2172 1978 2228 quat-

402 2257 620 2312 cunque
665 2259 694 2298 a
730 2246 1012 2315 prophetis
1038 2247 1292 2317 praedicta
1315 2247 1552 2315 fuerant,
1584 2249 1806 2319 impleta
1827 2258 1974 2306 sunt.

400 2331 694 2406 Postquam
719 2337 865 2392 enim
909 2338 1050 2394 idem
1092 2339 1182 2396 ille
1212 2338 1474 2396 Servator
1497 2350 1681 2397 noster
1705 2343 1771 2397 ad
1797 2342 1977 2400 Patris

401 2429 484 2483 sui
508 2428 754 2485 sublatus
777 2439 861 2485 est
882 2430 1210 2487 domicilium
1231 2473 1247 2500 ,
1275 2444 1387 2489 toto
1409 2444 1676 2491 terrarum
1699 2435 1833 2490 orbe
1849 2451 1978 2491 cou-

403 2521 648 2577 tincutiaa
690 2537 758 2578 ac
805 2523 1087 2580 modestia:
1125 2525 1291 2582 radiis
1337 2527 1632 2592 illustrato,
1675 2527 1974 2584 Ecclesiam

399 2627 556 2667 suam
593 2613 746 2684 quasi
797 2629 1011 2670 sacrum
1049 2617 1318 2686 quoddam
1365 2618 1584 2674 virtutis
1631 2617 1882 2688 templum
1921 2617 1974 2671 in

405 2705 570 2760 terris
591 2705 903 2771 constituit,
925 2705 1087 2776 idque
1104 2717 1365 2763 aeternum
1399 2716 1455 2764 et
1483 2709 1854 2775 incorruptum
1875 2748 1891 2774 ,
1921 2707 1974 2762 in

401 2812 512 2866 quo
547 2806 659 2852 tum
719 2812 934 2853 summo
973 2798 1084 2854 Deo
1134 2814 1199 2855 ac
1237 2798 1382 2854 Patri
1416 2800 1652 2868 debitus,
1700 2797 1818 2854 'tum
1875 2798 1973 2870 ipsi

400 2908 619 2963 quoque
671 2895 1004 2952 conveniens
1057 2895 1236 2952 cultus
1283 2895 1388 2951 rite
1435 2896 1804 2952 exhiberetur.
1869 2895 1976 2950 Sed

401 2985 530 3052 quid
565 2993 689 3052 post
739 2988 854 3042 hzec
900 3000 1100 3042 vesana
1137 2987 1378 3059 gentium
1425 2988 1631 3043 malitia
1664 2988 1975 3044 machinata

399 3077 525 3133 est?
553 3078 754 3135 Christi
790 3081 1054 3137 beneficia
1100 3097 1165 3137 ac
1203 3083 1340 3138 dona
1381 3082 1676 3153 projicere,
1704 3092 1758 3138 et
1786 3080 1976 3137 Eccle-

2076 1971 2176 2025 ὃσα
2207 1971 2292 2026 διὰ
2324 1971 2617 2044 προφητῶν
2657 1971 2968 2044 προείρητο,
3003 1969 3322 2042 ἐπληροῦτο.
3356 1971 3648 2042 Τοιγάρτοι

2080 2065 2366 2136 μετάρσιος
2394 2066 2473 2128 είς
2491 2063 2588 2136 τὴν
2616 2063 2869 2137 πατρῴαν
2899 2062 3082 2116 ἑστίαν
3110 2062 3318 2136 ἀρθεὶς,
3349 2062 3536 2126 αἰδοῦς
3558 2062 3650 2117 καὶ

2077 2155 2430 2229 σωφροσύνης
2461 2157 2795 2228 ἀγλαῖσμασι
2819 2157 2917 2227 τὴν
2939 2157 3257 2228 οἰκουμένην
3284 2156 3646 2227 περιστήσας,

2077 2249 2219 2321 ίερόν
2250 2266 2370 2304 τινα
2399 2248 2536 2303 νεὼν
2564 2249 2784 2321 ἀρετῆς,
2811 2248 2910 2320 τὴν
2954 2248 3277 2320 Ἐκκλησίαν
3307 2249 3400 2302 ἐπὶ
3425 2249 3527 2320 τῆς
3548 2248 3650 2320 γῆς

2076 2342 2348 2414 ἱδρύσατο,
2384 2341 2575 2404 ἀΐδιον,
2615 2340 2912 2413 ἄφθαρτον,
2948 2341 3006 2394 ἐν
3045 2334 3090 2409 ᾧ
3126 2341 3195 2395 τά
3229 2358 3289 2394 τε
3331 2340 3413 2412 τῷ
3453 2341 3650 2411 ἐξοχω-

2074 2433 2221 2505 τάτῳ
2273 2435 2447 2507 Πατρὶ
2496 2434 2614 2505 Θεῷ
2662 2434 2871 2498 δέοντα,
2919 2433 2991 2487 τά
3035 2433 3083 2486 θ’
3109 2433 3288 2504 ἐαυτῷ
3339 2433 3649 2503 καθήκοντα

2076 2524 2309 2579 ἐτελεῖτο
2346 2528 2460 2598 μετ’
2481 2525 2782 2588 εὐσεϐείας.
2819 2525 2884 2578 Τί
2911 2525 2976 2598 δὴ
3025 2525 3164 2598 μετά
3187 2525 3361 2580 ταῦτα
3389 2527 3424 2596 ἡ
3458 2525 3649 2597 ἄφρων

2075 2619 2184 2674 τῶν
2215 2617 2383 2672 ἐθνῶν
2422 2620 2732 2691 ἐμηχανᾶτο
2759 2619 3024 2691 πονηρίας
3061 2618 3398 2690 Ἐπετήδευε,
3428 2615 3532 2679 τὰς
3556 2616 3648 2670 τοῦ

2076 2708 2311 2783 Χριστοῦ
2361 2711 2588 2782 χάριτας
2621 2711 2977 2776 ἐκϐάλλουσα,
3023 2711 3118 2765 καὶ
3142 2711 3241 2782 τὴν
3276 2710 3368 2763 ἐπὶ
3403 2708 3648 2780 σωτηρία

2075 2802 2183 2858 τῶν
2216 2801 2429 2856 πάντων
2462 2803 2816 2858 συσταθεῖσαν
2855 2803 3180 2875 Ἐκκλησίαν
3227 2801 3520 2874 πορθῆσαι,
3559 2803 3650 2856 ἀν-

2077 2893 2273 2966 έτρεπε
2319 2894 2497 2967 δὲτὴν
2535 2895 2739 2950 οἰκείαν
2765 2895 3198 2967 δεισιδαιμονίαν.
3248 2894 3485 2957 Ἀνόσιος
3538 2891 3648 2964 (90)

2076 2983 2232 3052 αὖθις
2259 2987 2465 3052 στάσις,
2489 2987 2734 3058 πόλεμοι,
2768 2988 2958 3059 μάχαι,
2988 2986 3352 3060 δυστραπελία
3387 2985 3650 3057 (91),βίου

2079 3079 2422 3152 παρασκευὴ,
2457 3079 2751 3151 χρημάτων
2784 3079 2921 3150 ἔρως
2941 3095 2954 3110 ο
2988 3078 3017 3132 ὃ
3039 3079 3134 3132 καὶ
3153 3078 3215 3131 οὐ
3251 3076 3497 3147 φυσικῶς
3525 3075 3651 3131 [διον

400 3170 539 3224 siam
569 3170 666 3227 Dei
697 3173 764 3227 ad
799 3172 1032 3243 salutem
1071 3174 1312 3230 omnium
1345 3175 1696 3230 constitutam
1727 3185 1974 3231 evertere

2084 3173 2362 3248 πονηρίας,
2398 3173 2528 3226 ποτὲ
2553 3173 2648 3244 μὲν
2669 3159 2847 3226 ἐλπίσι
2873 3171 3411 3243 κεκαλλωπισμέναις
3435 3169 3615 3239 θέλγοι
3631 3209 3648 3235 ,

397 3261 632 3327 studuit,
659 3277 726 3319 ac
751 3279 904 3319 suam
927 3265 1368 3336 superstitionem
1398 3265 1451 3321 in
1483 3265 1603 3337 ejus
1627 3265 1805 3322 locum
1843 3266 1973 3322 sub-

2084 3264 2210 3320 ποτὲ
2236 3265 2292 3321 δὲ
2316 3265 2464 3336 φόϐῳ
2479 3265 2861 3336 καταπλήττοι.
2893 3263 3180 3335 Ἀλλἀῦτη
3214 3264 3312 3334 μὲν
3342 3263 3457 3334 (92)
3479 3263 3653 3334 χαμαὶ

401 3353 647 3409 stituere.
675 3353 876 3411 lterum
920 3357 1249 3424 seditiones;
1281 3358 1476 3414 iterum
1501 3373 1692 3430 pugna:
1717 3366 1773 3414 et
1793 3357 1928 3412 bella
1954 3375 1972 3424 ;

401 3447 598 3500 iterum
635 3449 925 3504 morositas
967 3457 1022 3504 et
1078 3449 1370 3504 uxuriosus
1401 3449 1525 3504 vita:
1557 3458 1879 3519 apparatus,
1918 3459 1973 3503 et

401 3537 672 3607 cupiditas
703 3539 1016 3595 divitiarum
1050 3558 1063 3595 :
1093 3556 1214 3611 quae
1245 3542 1466 3612 quidem
1495 3551 1696 3613 praeter
1723 3547 1972 3596 naturam

2080 3356 2302 3423 κείσθω,
2331 3356 2626 3429 ήττηθεῖσα
2651 3358 2740 3411 ὑπ’
2771 3357 2993 3429 ἀρετῆς,
3093 3357 3278 3428 θέμις,
3321 3356 3651 3428 διαρρηγνυ-

2083 3448 2240 3522 μένη,
2291 3449 2705 3522 σπαραττομένη
2749 3467 2808 3502 τε
2842 3449 2946 3504 ὑπὸ
2986 3449 3362 3520 μεταμελείας.
3403 3441 3653 3519 Ἦμῖνδὲ

2079 3539 2175 3594 νῦν
2197 3540 2265 3595 τὰ
2289 3542 2635 3613 προσήκοντα
2665 3539 2744 3612 τῷ
2776 3541 2903 3614 θείῳ
2928 3541 3072 3613 λόγῳ
3101 3541 3292 3612 ῥητέον
3311 3541 3446 3611 (95).

401 3631 455 3693 in
476 3629 790 3687 hominibus
825 3633 1093 3690 exsistens
1118 3633 1280 3706 (quod
1324 3635 1605 3705 proprium
1632 3641 1716 3690 est
1741 3632 2130 3704 malitim)nunc
2157 3650 2252 3706 spe
2287 3634 2467 3691 fucata
2508 3634 2766 3701 oblectat,
2815 3649 2958 3688 nunc
3000 3634 3194 3689 timore
3239 3633 3504 3702 percellit.
3547 3631 3652 3688 Sed

401 3727 519 3795 hinc
549 3729 786 3799 quidem,
815 3739 873 3783 ut
903 3731 1129 3799 aequitas
1151 3730 1405 3800 postulat,
1427 3730 1576 3786 humi
1613 3731 1814 3802 jaceat,
1871 3745 1904 3785 a
1945 3730 2142 3786 virtute
2178 3731 2412 3796 devicta,
2437 3741 2495 3786 et
2538 3745 2649 3801 prae
2695 3730 3013 3801 poenitentia
3047 3731 3278 3799 seipsam
3313 3729 3652 3800 disrumpens

399 3830 565 3890 atque
591 3821 915 3878 dilacerans.
935 3820 1103 3879 Nobis
1131 3838 1263 3880 vero
1299 3837 1364 3879 ea
1391 3837 1512 3893 quae
1534 3822 1730 3878 divinae
1749 3822 2009 3879 doctrinae
2026 3823 2377 3892 conveniunt,
2405 3823 2892 3895 impraesentiarum
2921 3821 3148 3878 dicenda
3179 3829 3326 3878 sunt.

407 4042 474 4064 ε-
523 4020 833 4096 Lectionem
895 4026 929 4095 ἡ
979 4023 1122 4079 κατά
1177 4023 1338 4096 φῦσιν
1393 4023 1505 4096 ζωή
1575 4021 1732 4096 unice
1794 4037 1977 4096 feram

403 4109 545 4158 esse,
572 4095 799 4166 docent
838 4093 1118 4163 sequentia
1151 4135 1166 4160 ,
1191 4093 1199 4094 “
1225 4094 1270 4166 ει
1321 4093 1730 4166 παράίφιξσιν.
1767 4093 1978 4166 iNcque

405 4164 673 4233 perspicio
713 4179 808 4218 cur
864 4173 1147 4223 tantonere
1197 4163 1433 4219 offensus
1484 4164 1556 4219 sit
1607 4163 1848 4220 Valesius
1890 4165 1984 4218 illo

405 4237 441 4307 ἠ
467 4234 607 4294 κατά
633 4234 795 4307 φύσιν
833 4235 966 4300 ζωή.
994 4235 1156 4307 Patet
1173 4236 1322 4307 enim
1355 4234 1767 4307 Constantinum
1801 4234 1985 4307 ludere

407 4305 460 4360 in
505 4320 638 4359 voce
669 4305 831 4374 φύσις
865 4305 1127 4374 (ιυοιῌῄε
1155 4306 1369 4360 diverso
1397 4319 1556 4360 sensu
1589 4306 1819 4371 positum
1846 4305 1988 4360 hanc

407 4371 922 4449 sententia'nnalfert
953 4392 966 4429 :
1002 4371 1655 4449 Ornamentumnaturae,
1693 4376 1862 4449 idest
1893 4377 1987 4428 ho-

405 4449 614 4502 minum
662 4461 690 4497 a
742 4446 850 4499 Deo
895 4455 1225 4510 creatorum,
1259 4444 1481 4500 estvita
1528 4457 1733 4500 natura:
1755 4444 1986 4500 consen-

410 4517 571 4572 tiens.
615 4514 936 4570 llntutcuss.
1917 4565 1921 4570 ,

481 4585 593 4655 (89)
639 4586 792 4653 Vulg.
837 4585 1266 4657 ἑπικεκράτηκε
1306 4585 1437 4657 γάρ.
1483 4585 1990 4657 Ξετίὒεηιιιιιηέπι-

408 4658 730 4728 xsxpét'qtts
748 4657 805 4710 δὲ
851 4657 913 4710 οὐ
942 4656 1175 4727 μετρίως
1198 4657 1258 4710 ὃν
1291 4656 1440 4728 παρά
1477 4657 1658 4727 φύσιν,
1692 4656 1991 4728 etc._Cerle

411 4728 465 4780 in
489 4724 608 4799 cod.
638 4724 771 4799 Fuk.
795 4724 1628 4799 εετίὺίιιιιέἐπικεκράτηκεδόὐ
1660 4726 1893 4799 μετρίως
1922 4724 1990 4779 τὰ

411 4797 565 4868 παρά
595 4797 778 4866 φύσιν,
809 4799 901 4851 τὸν
932 4797 1040 4853 τῶν
1059 4797 1318 4852 ἁπάντων
1345 4797 1496 4861 Θεὸν,
1524 4809 1628 4852 etc.

485 4867 593 4938 (90)
634 4869 789 4937 Vulg.
834 4869 1304 4938 δεισιδαιμονίαν
1329 4868 1398 4922 δὲ
1425 4870 1692 4936 ἀνόσιος.
1726 4869 1780 4924 In
1807 4867 1992 4938 codice

412 4938 584 5005 Regio
609 4940 806 4996 desunt
821 4942 939 4993 dum
953 4937 1237 5005 postremae
1251 4954 1427 5002 voces.
1443 4951 1497 4994 et
1512 4954 1741 4994 vacuum
1757 4937 1988 5006 spatium

415 5009 662 5064 relictum
689 5019 793 5074 εει,
827 5009 991 5064 unius
1027 5009 1271 5064 vocabuli
1295 5025 1487 5077 capax.
1517 5009 1629 5079 Ego
1658 5025 1762 5062 non
1803 5007 1992 5060 dubito

414 5080 546 5151 quin
578 5079 862 5147 legendum
881 5081 970 5142 sit,
990 5079 1088 5151 τὴν
1119 5081 1326 5134 οἰκείαν
1345 5079 1762 5150 δεισιδαιμονίαν
1792 5079 1993 5151 ἀντεισ-

409 5147 604 5223 άγεινὶ
633 5160 902 5219 expuncto
924 5147 1110 5223 Δνει-ἱκ)
1141 5147 1732 5223 ἱΙΙοῌάνέτρεπείᾳλυοιΙ
1771 5147 1992 5223 ninniuo

411 5216 739 5290 superﬂuunt
769 5232 874 5276 est.
923 5220 976 5274 ltt
1014 5223 1200 5275 codice
1232 5220 1368 5278 Fuk.
1393 5216 1462 5275 i'ta
1507 5219 1766 5274 scribitur
1788 5218 1877 5272 hic
1911 5216 1991 5290 lo-

410 5288 506 5364 cus
527 5290 899 5364 :fExxlqoiav
926 5291 1226 5364 πορθῆααν.
1247 5291 1537 5364 Ἀνετρεπέ
1561 5308 1630 5364 1s
1645 5290 1744 5364 τὴν
1785 5288 1991 5342 οἰκείαν

410 5359 853 5433 δεισιδαιμονίαν,
883 5359 1056 5426 νότιος
1087 5359 1277 5433 αὖθις,
1309 5359 1417 5416 etc.
1454 5363 1518 5433 In,
1557 5359 1769 5433 schedis
1801 5367 1988 5433 autem

414 5433 597 5503 Regiis
619 5429 878 5502 scriptum
909 5444 993 5487 est
1007 5435 1161 5496 νόσος
1181 5429 1357 5496 αὖθις,
1375 5431 1728 5503 ειε.διινίίὶιιε
1745 5431 1822 5503 ad
1839 5443 1989 5503 oram

413 5499 536 5574 libri
587 5503 669 5557 sui
700 5499 1028 5566 emendavit,
1057 5504 1321 5574 ἀνέτρεπε
1356 5503 1413 5556 δὲ
1441 5502 1538 5574 τὴν
1563 5500 1768 5574 οἰκείαν
1801 5499 1987 5574 δεισιδ.

413 5573 547 5639 Ego,
579 5589 638 5626 re
668 5576 931 5627 attentius
948 5571 1259 5627 examinata
1280 5613 1295 5635 ,
1325 5574 1466 5627 hunc
1498 5571 1695 5625 'Iocum
1727 5572 1800 5624 ita
1835 5571 1991 5639 resti-

418 5637 673 5714 tuendum
703 5659 823 5714 esse
865 5644 1154 5697 existimo:
1194 5643 1515 5714 Ἐκκλησίαν
1540 5639 1827 5714 πορθῆσαι,
1876 5637 1992 5693 ἀνέ-

415 5728 584 5781 τρεπε
622 5712 678 5784 δέ
705 5712 805 5784 τὴν
835 5714 1041 5766 οἰκείαν
1074 5709 1448 5784 εὐδαιμονίαν.
1474 5709 1646 5774 Νόσος
1673 5709 1847 5774 αὖθις,
1882 5720 1987 5763 etv.

419 5783 471 5842 id
505 5793 608 5841 est.
634 5781 861 5834 Gentiles
881 5799 1001 5836 cum
1039 5781 1328 5837 Ecclesium
1375 5784 1570 5836 Christi
1601 5793 1805 5834 vastare
1835 5789 1990 5847 atque

419 5866 644 5920 evertere
673 5853 1041 5919 instituissent,
1073 5871 1221 5908 suam
1265 5855 1495 5919 ipsorum
1520 5852 1824 5923 felicitatem
1863 5852 1989 5905 sub-

2083 4032 2364 4080 uerterant.
2386 4020 2561 4077 ﬂorbi
2578 4019 2765 4074 iterum
2780 4036 2842 4073 ac
2854 4019 3154 4084 seditiones,
3177 4019 3480 4077 etc.Potest
3493 4021 3654 4078 etiam

2088 4095 2304 4149 retineri
2337 4109 2440 4147 vox
2471 4089 2909 4161 δεισιδαιμονίαν,
2947 4099 3006 4143 ιιι
3044 4105 3236 4146 sensus
3293 4098 3397 4156 sit,
3431 4093 3654 4162 gentiles

2087 4166 2212 4219 dum
2246 4163 2540 4218 Ecclesiam
2575 4169 3059 4231 persequerentur,
3093 4175 3244 4215 suam
3294 4163 3538 4228 ipsorum
3570 4177 3656 4215 re-

2089 4234 2346 4305 ligionem
2371 4229 2840 4305 pessumdedisse._
2867 4229 3075 4297 Quippe
3116 4232 3357 4287 Ecclesia
3403 4233 3496 4305 Dei
3531 4246 3654 4300 per-

2089 4301 2458 4359 sécutinnilius
2483 4301 2787 4373 rgentilium
2829 4301 3145 4373 impugnata
3164 4341 3196 4373 ,ᾗ
3215 4303 3649 4373 superstitionem

2088 4375 2402 4442 cultumque
2428 4370 2682 4426 falsorum
2723 4370 3006 4442 numinum
3029 4371 3245 4426 devicit.

2160 4443 2272 4516 (91)
2309 4441 3061 4516 Δυστραπελίαττυτῃείωε-
3105 4441 3172 4495 ad
3214 4457 3387 4516 ιιι-ειη.
3411 4443 3540 4516 libri
3578 4444 3661 4500 sui

2093 4509 2397 4585 emendavit
2424 4509 2829 4585 δυστραπελίαξ
2868 4509 3027 4585 certe
3049 4511 3099 4564 in
3129 4513 3318 4585 codice
3349 4512 3485 4569 Fuk.
3523 4517 3658 4569 scri-

2022 4568 2062 4622 D
2095 4568 2672 4656 Ι’›ἱιιιέδυστραπελ’ίας.
2707 4581 2987 4656 IuRegiis
3007 4590 3184 4636 autem
3219 4568 3438 4638 schedis
3469 4568 3660 4656 legitur

2089 4655 2476 4726 δυστράπελος,
2498 4655 2693 4709 deinde
2714 4654 2918 4722 aliquot
2958 4654 3112 4726 lineas
3156 4663 3282 4726 sunt
3313 4654 3554 4726 omissze.
3583 4658 3659 4710 Ac

2091 4721 2322 4780 fortasse
2345 4725 2686 4797 scribendum
2706 4735 2786 4786 est
2808 4721 2942 4797 ’uno‘
2967 4723 3126 4776 ductu
3159 4721 3532 4797 δυστράπελος
3547 4726 3660 4797 βίου

2091 4796 2434 4867 παρασκευή,
2455 4795 2506 4849 id
2534 4805 2617 4848 est
2644 4810 2879 4847 morosus
2896 4793 3014 4846 vitae
3040 4793 3344 4861 apparatus.
3373 4795 3488 4850 Nisi
3520 4793 3660 4850 enim

2093 4867 2163 4919 ita
2225 4868 2500 4933 legamus,
2534 4865 2663 4933 quid
2711 4867 2814 4918 erit
2843 4864 2984 4930 quod
3031 4863 3273 4930 sequitur
3311 4863 3427 4933 βίου
3489 4884 3663 4933 παρα-

2094 4878 2163 4919 ita
2225 4878 2500 4936 legamus,
2534 4878 2663 4934 quia
2711 4878 2814 4918 erit
2843 4878 2984 4930 quou
3031 4878 3273 4930 sequitur
3311 4878 3427 4933 ριου
3489 4884 3660 4938 παρα-

2093 4939 2474 5008 σκευήῖηιιεηι-
2491 4937 2631 5008 inter
2647 4949 2754 5008 res
2779 4935 2946 5008 malas
2969 4943 3220 5008 numerat
3250 4933 3660 5008 Constantinus.

2093 5002 2363 5062 Musculus
2387 5006 2623 5076 quidem?
2647 5005 2851 5076 legisse
2893 5004 3104 5057 videtur
3133 5002 3305 5073 βίαιος
3335 5004 3454 5074 βίου
3487 5023 3666 5076 παρα·-

2094 5072 2487 5149 σκευήί-νειῖιίι
2539 5072 2718 5149 enim;
2748 5072 2974 5149 violenta
3027 5072 3192 5149 victus
3218 5072 3502 5149 astructio.
3543 5072 3662 5149 Mox

2093 5141 2262 5202 rndei
2294 5146 2429 5201 Fuk.
2467 5145 2645 5211 habet,
2673 5145 2703 5198 ὅ
2723 5143 2818 5198 καὶ
2843 5143 2913 5196 οὐ
2936 5141 3200 5213 φυσικῶς,
3244 5143 3375 5197 ίδιον
3396 5147 3668 5218 πονηρίας

2092 5218 2470 5358 ὃνξθὲἶέλὲὲῗ
2514 5285 2648 5356 μέν.
2696 5286 2750 5341 In
2798 5286 2938 5340 lihro
2986 5287 3162 5342 Mortei
3212 5285 3582 5358 perintle‘aci
3612 5287 3662 5358 in

2091 5354 2323 5416 editione
2338 5354 2634 5429 Genevensi
2663 5358 2729 5411 ad
2753 5359 3047 5429 marginem
3064 5354 3510 5429 emendaturle
3528 5357 3661 5429 αὐτῇ

2094 5431 2214 5502 μὲν,
2241 5441 2347 5502 etc.
2379 5428 2613 5498 Optime,
2642 5437 2701 5502 ut
2747 5426 2942 5502 norunt
2985 5428 3190 5502 lingu?
3229 5426 3436 5484 Graecae
3485 5426 3660 5502 periti.

2092 5495 2626 5584 Subauditur-autem
2702 5498 2961 5584 πονηρία.
2983 5499 3039 5555 lu
3059 5495 3249 5555 codice
3277 5510 3497 5566 quoque
3524 5495 3660 5551 Fuk.

2091 5585 2154 5626 ac
2176 5569 2415 5642 r'l-‘urnebi
2451 5569 2644 5637 legitur
2665 5567 2778 5642 ἀλλ’
2808 5567 2967 5642 αῦτη.

2163 5640 2274 5710 (95)
2295 5639 2464 5718 “vulg:
2491 5635 2803 5718 τηρητέον.
2835 5635 3002 5718 liuius
3027 5635 3483 5718 loci.emendatio
3511 5635 3664 5718 debe-

2058 5746 2060 5748 τ
2091 5707 2180 5767 tur
2208 5707 2379 5765 cedici
2415 5708 2550 5765 Fuk.
2588 5709 2641 5762 in
2669 5724 2776 5779 quo
2815 5709 3016 5764 diserte
3056 5707 3255 5776 legitur
3293 5707 3508 5778 ῥητέον.
3549 5708 3660 5774 Qua

2092 5783 2308 5854 quidem
2344 5781 2722 5836 emendatione
2753 5779 2888 5835 nihil
2919 5779 3139 5835 certius.
