3926 6264
293 285 431 341 1237

818 407 1216 461 ΚΕΦΑΛΑΙΟΝ
1255 408 1330 462 B'.

292 495 733 569 Προσφάηθῃσις
770 497 847 567 τῇ
896 499 1225 567 Ἐκκλησία
1259 501 1357 554 καὶ
1393 500 1516 567 τοῖς
1549 501 1868 569 ἀκροαταῖς

346 566 789 637 συγγινώσκειν
815 566 914 625 καὶ
946 566 1327 639 διορθοῦσθαι
1357 571 1428 625 τὰ
1456 566 1818 641 πταίσματα.

370 661 565 713 Ἀκουε
593 659 795 725 τοίνυν,
829 662 1048 729 ἁγνείας
1074 663 1369 735 παρθενίας
1407 664 1453 717 τ’
1482 664 1715 735 ἐπήϐολε
1744 665 1871 719 ναύ-

292 751 463 822 κληρε
489 752 621 823 (94),
670 752 967 825 Ἐκκλησία
988 772 1047 808 τε
1082 754 1262 827 ἀώρου
1292 756 1392 810 καὶ
1414 756 1613 821 ἀδαοῦς
1657 757 1869 829 ἡλικίας

292 842 505 914 τιθήνη,
590 843 737 914 μέλει
763 845 861 916 μὲν
886 845 1161 917 ἀληθείας,
1183 847 1333 917 μέλει
1354 847 1410 900 δὲ
1430 847 1835 922 φιλανθρωπίας
1853 889 1868 913 ,

292 932 353 999 ἐξ
379 930 447 1005 ἦς
466 935 689 989 ἀεννάου
726 935 911 1006 πηγῆς
942 937 1238 1002 ἀποστάζει
1271 940 1540 1010 σωτήριον
1560 942 1709 1012 νᾶμα
1732 941 1866 1011 (95).

305 1024 577 1079 Ἀκούοιτε
602 1025 646 1077 δ’
681 1026 746 1079 ἂν
778 1027 871 1081 καὶ
902 1028 1059 1099 ὑμεῖς
1083 1029 1364 1099 εὐφήμως,
1400 1032 1449 1083 οἱ
1470 1032 1561 1085 τὸν
1580 1031 1711 1086 Θεὸν
1738 1032 1869 1086 είλι-

293 1116 497 1187 κρινῶς
526 1117 791 1181 σέϐοντεςο
822 1119 901 1172 διὸ
928 1119 1024 1174 καὶ
1058 1121 1364 1193 μεμέλησθε
1387 1122 1553 1193 αὐτῷ’
1579 1122 1873 1194 προσέχον-

290 1220 383 1266 τες
410 1204 501 1256 τὸν
535 1204 680 1270 νοῦν,
726 1206 801 1278 μὴ
843 1209 908 1278 τῇ
941 1208 1138 1280 φράσει
1172 1210 1389 1281 μᾶλλον,
1427 1210 1461 1282 ἢ
1490 1214 1553 1283 τῇ
1585 1211 1693 1264 τῶν
1719 1210 1872 1281 λεγο-

295 1293 472 1363 μένων
522 1294 768 1367 ἀληθείᾳ,
813 1297 931 1367 μηδ’
971 1301 1095 1369 ἐμοὶ
1124 1298 1201 1371 τῷ
1248 1300 1478 1370 λέγοντι,
1509 1301 1645 1356 ἀλλά
1677 1305 1743 1373 τῇ
1771 1304 1870 1374 τῆς

293 1383 673 1450 καθοσιώσεως
698 1389 969 1461 εὐσεϐείᾳ.
1002 1391 1097 1455 Τίς
1129 1394 1237 1464 γὰρ
1268 1392 1334 1446 ἂν
1364 1394 1449 1465 είη
1485 1394 1660 1462 λόγων
1689 1395 1867 1466 χάρις,

292 1474 649 1540 ἁνεξετάστου
687 1480 1156 1555 καταλειπομένης
1198 1484 1296 1555 τῆς
1334 1483 1429 1538 τοῦ
1457 1484 1706 1555 λέγοντος
1753 1486 1870 1540 δια-

291 1565 527 1633 θέσεως;
562 1570 757 1641 Τολμῶ
794 1573 839 1626 δ’
866 1569 958 1627 οὖν
1001 1575 1129 1639 ἴσως
1174 1577 1405 1647 μεγάλα,
1450 1579 1548 1649 τῆς
1575 1578 1633 1632 δὲ
1666 1579 1871 1651 τόλμης

288 1658 390 1730 τὴν
424 1660 561 1732 πρὸς
587 1662 645 1715 τὸ
690 1662 843 1717 Θεῖον
875 1667 1110 1739 στοργὴν
1139 1667 1379 1739 ἔμφυτον
1410 1670 1695 1740 αἰτιῶμαι.
1720 1669 1868 1742 Αὕτη

1062 286 1525 345 CONSTANTINI
1556 289 1814 346 ORATIO
1853 289 1944 346 AD
1984 290 2407 349 SANCTORUM
2446 290 2739 349 C(ETUM.

1894 417 1942 474 A

3402 296 3537 351 1258

2587 407 2815 464 CAPUT
2854 407 2918 465 11.

1974 503 2237 558 Altocutio
2272 503 2340 556 ad
2365 502 2656 555 Ecclesium
2695 512 2740 573 et
2777 504 3063 573 auditores.
3101 512 3156 555 nt
3181 504 3459 573 ignoscant
3489 510 3539 560 ei
3586 512 3594 522 ‘

2190 575 2483 637 emendem,
2506 573 2553 625 si
2578 571 2705 641 quid
2737 571 2907 625 minus
2933 580 3069 625 recte
3094 571 3310 628 dixerit.

2039 666 2174 720 Audi
2216 679 2366 735 ergo,
2400 665 2668 719 castitatis
2693 678 2755 718 ac
2791 662 3120 733 virginitatis
3151 680 3372 734 compos
3403 680 3538 718 nau-

1970 759 2140 823 elere;
2172 767 2340 826 tuque
2365 756 2591 810 infirmae
2618 770 2680 808 ac
2708 754 2859 809 rudis
2875 754 3053 809 artatis
3074 754 3254 808 nutrix
3273 754 3537 819 Ecclesia,

1971 849 2058 902 cui
2082 850 2282 903 veritas
2303 858 2357 902 et
2390 846 2679 901 clementia
2706 860 2853 899 curae
2882 854 2995 899 est:
3025 858 3091 899 ex
3119 845 3273 914 cujus
3306 847 3533 915 perenni

1972 943 2120 996 fonte
2142 941 2399 996 salutaris
2422 937 2607 995 deﬂuit
2641 942 2808 994 rivus.
2834 936 2943 992 Vos
2969 952 3185 1007 quoque
3211 938 3299 1007 qui
3322 939 3541 993 sincere

1974 1032 2138 1088 Deum
2192 1032 2393 1097 colitis,
2427 1046 2657 1101 eamque
2701 1033 2771 1087 ob
2803 1044 3022 1086 causam
3072 1030 3149 1084 illi
3198 1045 3343 1085 cura:
3385 1031 3542 1095 estis,

1973 1125 2213 1179 faventes
2240 1124 2453 1183 audite,
2498 1138 2598 1181 nec
2635 1135 2740 1177 tam
2782 1124 2850 1178 ad
2880 1123 3044 1177 verba
3097 1122 3232 1191 ipsa,
3265 1137 3427 1191 quam
3475 1122 3541 1176 ad

1975 1231 2152 1270 rerum
2182 1230 2304 1284 qua:
2331 1215 2588 1269 dicuntur
2617 1217 2928 1283 veritatem,
2959 1215 3205 1270 animum
3242 1214 3542 1277 intendite;

1972 1322 2069 1361 nec
2101 1322 2188 1360 me
2212 1307 2500 1371 dicentem,
2520 1308 2614 1362 sed
2638 1308 2941 1363 devotionis
2967 1307 3279 1378 religiosum
3310 1304 3544 1360 cilicium

1970 1404 2233 1466 spectate.
2265 1396 2395 1462 Quae
2424 1397 2568 1450 enim
2602 1396 2775 1464 gratia
2809 1406 2864 1451 et
2893 1398 3099 1453 utilitas
3140 1397 3301 1453 fuerit
3333 1396 3541 1451 oratio-

1973 1488 2077 1551 nis,
2113 1487 2214 1542 nisi
2248 1489 2477 1543 dicentis
2524 1489 2739 1543 animus
2790 1500 2952 1544 antea
2994 1490 3159 1546 fuerit
3186 1488 3545 1559 exploratus?

1974 1578 2163 1649 Magna
2218 1580 2438 1648 quidem
2490 1579 2723 1635 fortasse
2772 1596 3064 1651 praesumo.
3097 1582 3297 1636 Verum
3350 1582 3546 1636 insitus

1972 1671 2100 1725 mihi
2150 1686 2277 1741 erga
2323 1671 2488 1725 Deum
2521 1687 2694 1735 amor,
2725 1673 2968 1728 audacize
3004 1688 3167 1729 causa
3203 1682 3317 1739 est;
3345 1674 3546 1745 quippe

290 1750 400 1821 γάρ
422 1752 513 1805 καὶ
540 1753 638 1825 τὴν
669 1754 804 1808 αίδῶ
834 1755 1097 1826 βιάζεται.
1122 1758 1213 1812 Διὸ
1245 1759 1481 1830 μάλιστα
1507 1760 1632 1825 τοὺς
1655 1760 1865 1832 ἐπιστή-

1978 1763 2061 1832 qui
2116 1763 2223 1816 vim
2269 1762 2428 1817 atl‘ert
2464 1764 2674 1831 pudori.
2711 1764 2946 1821 Proinde
2976 1781 3073 1821 vos
3112 1766 3205 1835 qui
3241 1767 3546 1821 divinorum

293 1859 462 1913 μονας
494 1843 602 1898 τῶν
654 1845 815 1901 θείων
848 1851 1193 1921 μυστηρίων,
1232 1850 1462 1923 βοηθοὺς
1490 1852 1709 1923 ἐμαυτῷ
1742 1870 1869 1906 συν-

290 1935 469 1999 άπτω,
511 1936 577 1990 ἵν’
614 1937 708 1991 ἐάν
726 1956 778 1992 τι
802 1942 1051 2010 πταῖσμα
1074 1940 1346 2015 συμϐαίνῃ
1369 1942 1497 2015 περὶ
1514 1944 1637 2006 τοὺς
1661 1943 1867 2011 λόγους,

292 2030 887 2102 συμπαρομαρτοῦντες
908 2032 1252 2104 διορθοῦσθε,
1292 2035 1390 2106 τὴν
1421 2034 1522 2106 μὲν
1542 2036 1717 2107 ἄκραν
1747 2051 1872 2089 παι·

242 2120 247 2123 ’
288 2118 437 2173 δείαν
464 2121 537 2193 μὴ
563 2122 969 2189 ἐπιποθοῦντες,
992 2126 1052 2180 τὸ
1067 2127 1124 2195 δέ
1147 2126 1337 2181 πιστὸν
1356 2127 1455 2198 τῆς
1478 2127 1871 2199 ἐπιχειρήσεως

287 2208 697 2281 ἀποδεχόμενοι.
752 2214 1037 2268 Ἐπίπνοια
1088 2216 1133 2269 δ’
1167 2218 1299 2289 ἡμῖν
1349 2217 1582 2289 μεγίστη
1633 2217 1727 2271 τοῦ
1761 2219 1871 2272 Πα-

288 2300 418 2369 τρὸς
467 2301 662 2367 Παιδός
713 2321 772 2357 τε
829 2307 950 2359 κατ’
1003 2306 1166 2379 ἔργου
1215 2307 1454 2379 παρείη,
1517 2308 1871 2380 φθεγγομένῳ

288 2388 485 2454 ταῦτα,
514 2392 657 2465 ἅπερ
689 2394 755 2450 ἂν
788 2396 923 2468 αὑτὴ
955 2398 1153 2469 φράσει
1190 2398 1301 2470 (96)
1344 2401 1438 2454 καὶ
1467 2399 1674 2471 διανοίᾳ
1706 2417 1871 2471 προσ-

290 2478 438 2549 ἀψοι.
474 2482 537 2537 Εἰ
571 2484 680 2557 γάρ
705 2503 789 2551 τις
817 2488 943 2542 ἀνευ
972 2490 1104 2544 Θεοῦ
1146 2493 1459 2566 ῥητορικὴν,
1487 2493 1521 2565 ἢ
1547 2494 1712 2566 ἀλλην
1749 2494 1871 2549 τινὰ

216 2580 221 2585 ’
292 2575 494 2645 μετιὼν
532 2579 861 2654 ἐπιστήμην,
892 2584 1156 2656 ἀκριϐοῦν
1189 2587 1249 2641 τὸ
1278 2587 1437 2661 ἔργον
1484 2588 1682 2652 ἱκανῶς
1717 2589 1871 2643 ὑπεί-

288 2662 481 2737 ληφεν,
516 2670 711 2746 ἀτελὴς
738 2676 898 2741 αὐτός
928 2696 989 2731 τε
1032 2681 1127 2733 καὶ
1166 2680 1227 2733 τὸ
1269 2680 1701 2753 σπουδαζόμενον
1731 2682 1870 2751 ἐφω-

293 2757 455 2832 ράθη.
519 2764 595 2817 Οὐ
650 2767 755 2838 μὴν
802 2772 1160 2842 κατοκνητέον
1182 2814 1196 2838 ,
1253 2774 1364 2829 οὐδ’
1405 2774 1704 2846 ἀμελητέον
1759 2777 1871 2839 τοῖς

290 2854 625 2926 εὐτυχήσασι
664 2861 762 2931 τῆς
798 2862 946 2928 θείας
992 2865 1277 2932 ἐπιπνοίας
1299 2884 1312 2898 ·
1358 2867 1438 2922 διὸ
1473 2868 1567 2921 καὶ
1611 2869 1773 2939 ἡμεῖς
1810 2867 1872 2922 τὸ

296 2948 472 3020 μῆκος
494 2950 591 3022 τῆς
610 2952 877 3027 ἀναθολῆς
904 2961 1370 3034 παραιτησάμενοι
1395 2960 1528 3033 (97),
1554 2961 1871 3036 πειρώμεθα

291 3040 390 3094 τοῦ
427 3042 634 3097 σκοποῦ
659 3045 842 3121 (πρὸς)
864 3049 924 3105 τὸ
943 3050 1169 3111 τέλειον.

1974 1855 2360 1927 mysteriorum
2398 1856 2626 1910 scientia
2675 1871 2785 1925 pra:
2841 1858 3055 1913 caneris
3084 1857 3333 1913 instructi
3391 1858 3549 1925 estis,

1972 1947 2177 2001 auxilio
2200 1948 2332 2002 mihi
2386 1948 2580 2005 adesse
2607 1949 2811 2014 velim;
2847 1958 2905 2005 ut
2946 1951 2990 2005 si
3022 1951 3152 2021 quid
3186 1949 3329 2006 forte
3371 1950 3424 2007 in
3461 1950 3547 2005 di-

1971 2040 2143 2094 cendo
2170 2054 2398 2111 peccare
2421 2041 2732 2110 contigerit,
2752 2042 2851 2110 ipsi
2881 2058 2998 2097 mea
3018 2050 3288 2099 sectantes
3315 2041 3547 2112 vestigia

1972 2132 2285 2203 eorrigatis,
2331 2147 2430 2186 nec
2464 2142 2894 2188 consummatam
2926 2134 3216 2204 quamdam
3240 2133 3545 2190 doctrinam

1972 2241 2000 2279 a
2032 2239 2117 2279 me
2145 2224 2493 2296 exspectetis,
2529 2225 2624 2280 sed
2658 2226 2837 2295 potius
2869 2226 2988 2282 ﬁdei
3016 2242 3147 2281 mea:
3173 2235 3428 2282 conatum
3451 2226 3547 2281 be-

1974 2319 2133 2389 nigne
2161 2318 2493 2387 approbetis.
2516 2318 2781 2373 Caeterum
2812 2319 2987 2374 Patris
3015 2319 3178 2392 569
3201 2337 3263 2376 ac
3287 2320 3409 2374 Filii
3431 2321 3547 2375 siu-

1972 2411 2159 2481 gnlare
2193 2410 2458 2465 auxilium
2491 2410 2646 2465 nobis
2674 2412 2727 2466 in
2760 2411 3050 2481 praesentia
3081 2412 3343 2479 adspiret,
3371 2427 3433 2466 ea
3457 2412 3546 2467 di—

1972 2502 2220 2557 centihus
2248 2516 2366 2571 quae
2386 2502 2610 2573 jusserit
2644 2517 2707 2555 ac
2751 2504 2915 2556 menti
2957 2512 3156 2557 nostra:
3187 2503 3545 2575 suggesserit.

1974 2593 2031 2648 Si
2052 2594 2174 2664 quis
2198 2594 2341 2649 enim
2367 2603 2460 2649 aut
2484 2595 2817 2650 rhetoricam
2847 2606 2940 2649 aut
2964 2595 3120 2650 aliam
3170 2612 3547 2667 quamcunque

1974 2695 2145 2741 artem
2179 2686 2477 2757 professus,
2497 2696 2676 2756 sperat
2702 2702 2759 2741 se
2794 2688 2997 2755 absque
3027 2701 3128 2757 ope
3154 2689 3320 2742 divini
3349 2687 3547 2743 Nuntia

1974 2779 2057 2833 nis
2089 2793 2227 2848 opus
2255 2792 2411 2832 suum
2444 2777 2717 2832 cumulate
2748 2793 2908 2846 posse
2934 2778 3219 2848 perlicere,
3246 2778 3292 2833 is
3321 2794 3443 2834 eum
3481 2794 3548 2835 eo

1972 2872 2115 2943 quod
2155 2871 2390 2940 suscepit
2426 2885 2591 2940 opere
2620 2870 2765 2924 rudis
2789 2881 2949 2943 atque
2972 2873 3321 2943 imperfectus
3345 2874 3557 2941 depre-:

1973 2964 2248 3019 henditnr.
2279 2961 2485 3029 Quibus
2518 2978 2646 3017 vero
2679 2963 2843 3017 divini
2874 2964 3122 3019 Numinis
3153 2964 3322 3018 semel
3352 2963 3543 3033 adspi-

1976 3057 2115 3110 ravit
2138 3055 2423 3121 auxilium,
2463 3056 2499 3110 ii
2532 3057 2848 3125 neutiquam
2884 3071 3103 3111 cessare
3127 3071 3189 3110 ac
3211 3067 3427 3126 torpere
3453 3057 3548 3111 de-

293 3134 443 3188 bent.
500 3133 734 3194 Proinde
782 3141 1041 3212 longioris
1090 3145 1339 3215 prooemii
1375 3143 1587 3203 veniam
1619 3146 1662 3210 la
1705 3146 1862 3203 vobis
1895 3146 2191 3217 deprecati,
2230 3157 2392 3218 caput
2430 3162 2493 3203 ac
2534 3163 2799 3204 summam
2839 3149 3071 3204 instituti
3120 3150 3289 3204 nostri
3325 3148 3546 3221 aggredi

293 3225 649 3284 tentabimus.

819 3372 1216 3430 ΚΕΦΑΛΛΙΟΝ
1254 3375 1326 3441 Ρ.

295 3462 425 3538 Ὀτι
448 3463 669 3538 καὶ-τοῦ
685 3466 878 3534 Λόγου
894 3466 1096 3538 Πατὴρ
1119 3471 1151 3522 ὀ
1174 3469 1337 3535 Θεὸς,
1360 3469 1459 3527 καὶ
1485 3467 1594 3537 τῆς
1620 3472 1872 3538 κτίσεως

364 3536 397 3586 ό
425 3534 607 3607 utitor;
627 3534 1016 3607 δημιουργόςρ
1050 3534 1160 3607 ﬁxa!
1182 3534 1303 3607 οὐκί
1323 3534 1401 3594 ἂν
1426 3534 1688 3607 naniam
1722 3534 1870 3595 συνὲ

360 3602 610 3658 εστάναι
631 3602 942 3668 τάίόντιιζεὶ
972 3606 1224 3677 διάφορα
1259 3605 1335 3679 ἦν
1349 3602 1547 3664 αὐτῶν
1563 3613 1635 3665 τὰ
1661 3612 1838 3665 αἴτια.

376 3695 602 3764 Ἀγαθὸν
628 3689 688 3750 οὗ
721 3696 901 3751 πάντα
930 3698 1164 3768 ἐφίεται,
1188 3700 1216 3752 ό
1237 3700 1378 3772 ὑπὲρ
1405 3701 1506 3771 τὴν
1538 3701 1726 3755 οὐσίαν
1760 3700 1869 3771 (98)

289 3789 426 3853 Θεὸς
464 3788 540 3842 ὢν
568 3789 677 3854 ἀεὶ,
722 3790 936 3858 γένεσιν
981 3791 1080 3844 οὐκ
1121 3792 1256 3862 ἔχει,
1306 3793 1501 3847 οὐκοῦν
1532 3793 1639 3847 οὐδ’
1671 3794 1867 3865 ἀρχὴν,

288 3883 398 3936 τῶν
448 3882 493 3936 δ’
521 3884 579 3934 ἐν
622 3882 830 3951 γενέσει
882 3882 1099 3937 πάντων
1148 3884 1312 3948 αὐτὸς
1386 3885 1550 3956 ἀρχή.
1611 3885 1667 3939 '0
1711 3886 1768 3938 δὲ
1809 3884 1868 3952 ἐξ

288 3970 501 4028 ἐκείνου
557 3971 695 4043 ἔχων
744 3974 843 4045 τὴν
894 3974 1210 4047 ἀναφορὰν,
1258 3977 1340 4039 είς
1391 3978 1595 4031 ἐκεῖνον
1654 3974 1868 4030 ἑνοῦται

362 4171 475 4244 (94)
511 4173 844 4241 Ναύκληρε.
879 4171 971 4227 Sic
996 4172 1306 4243 episcopum
1358 4182 1515 4228 vocat
1546 4170 1862 4228 Constanti-

288 4260 413 4305 nus,
462 4244 821 4298 translatione
874 4259 980 4297 non
1028 4244 1203 4298 minus
1238 4244 1506 4312 eleganti,
1540 4259 1700 4311 quam
1740 4259 1862 4298 cum

289 4322 538 4382 pastores
561 4313 834 4368 dicuntur.
860 4312 1104 4380 Cumque
1133 4313 1369 4368 Ecclesia
1408 4314 1529 4366 navi
1550 4314 1861 4381 comparari

287 4384 481 4445 soleat,
527 4395 670 4436 recte
700 4383 1015 4437 navienlarii
1045 4382 1297 4436 dicuntur
1336 4383 1575 4452 episc0pi
1615 4385 1706 4451 qui
1740 4399 1860 4438 eam

292 4461 489 4521 regunt
511 4496 525 4518 ,
549 4462 605 4505 et
640 4454 731 4519 qui
758 4453 1128 4521 apostolorum
1162 4468 1509 4507 successores
1545 4461 1702 4516 sunt,
1725 4469 1859 4521 quos

288 4522 537 4590 Christus
552 4537 616 4575 ex
639 4524 995 4589 piscatoribus
1022 4523 1413 4590 gubernatores
1436 4522 1689 4577 Ecclesia;
1709 4522 1857 4578 fecit.

2580 3373 2810 3429 CAPUT
2851 3373 2935 3429 Ill.

1976 3468 2128 3535 Quod
2154 3468 2292 3523 Deut
2322 3465 2482 3521 Pater
2497 3475 2574 3520 est
2612 3465 2781 3527 Verbi,
2802 3477 2847 3519 et
2867 3466 3100 3521 omnium
3125 3484 3300 3522 rerum
3327 3468 3507 3535 Opifex
3529 3484 3549 3524 :

2045 3551 2092 3594 et
2133 3540 2273 3608 quod
2305 3537 2451 3590 nullo
2478 3540 2630 3589 modo
2673 3552 2753 3587 res
2779 3548 2982 3600 possent
3029 3540 3341 3603 consistere,
3377 3538 3426 3591 si
3461 3538 3558 3615 di-I

2044 3626 2201 3663 verm
2215 3617 2385 3662 essent
2399 3622 2579 3660 earum
2597 3619 2790 3657 causw.

2045 3702 2255 3756 Bonum
2304 3700 2430 3753 illud
2481 3697 2622 3767 quod
2656 3696 2837 3751 omnia
2887 3707 3163 3765 appetunt.
3202 3712 3324 3751 cum
3359 3705 3551 3765 suapte

1974 3802 2166 3847 natura
2186 3803 2399 3859 semper
2424 3788 2567 3843 Deus
2591 3787 2682 3849 sit,
2706 3794 2881 3839 ortum
2909 3802 3014 3840 non
3041 3787 3215 3848 habet,
3237 3802 3299 3841 ac
3324 3787 3551 3856 proinde

1978 3898 2080 3938 nec
2114 3882 2463 3953 principium.
2502 3879 2620 3948 Ipse
2643 3894 2773 3932 vero
2804 3879 3043 3932 omnium
3078 3893 3198 3946 quze
3229 3878 3548 3947 gignuntur,

1976 3974 2311 4046 principium
2339 3983 2446 4028 est.
2475 3971 2576 4040 Qui
2606 3980 2788 4025 autem
2813 3985 2877 4024 ex
2906 3970 3022 4040 ipso
3048 3970 3336 4039 processit,
3362 3984 3550 4025 rursus

1976 4173 2209 4227 Excnsat
2254 4171 2397 4227 enim
2441 4185 2499 4226 se
2545 4169 2952 4233 Constantinus,
2994 4168 3134 4235 quod
3161 4167 3389 4237 longiori
3418 4184 3550 4224 usus

1972 4244 2044 4297 sit
2077 4243 2362 4312 prommio.
2407 4240 2681 4312 ’AvaGOX-r'j
2715 4240 2948 4312 proprie
2983 4250 3068 4312 est
3108 4240 3391 4312 exordium
3422 4256 3548 4291 can-

1978 4307 2238 4382 tici'quod
2277 4313 2477 4382 chorus
2526 4307 2825 4382 praecinere
2872 4309 3112 4382 solebat.
3156 4307 3550 4382 Ar_istopl_mnes

1971 4383 2025 4436 in
2066 4375 2239 4449 liene,
2280 4397 2402 4451 pag.
2452 4375 2577 4445 685,
2618 4384 2683 4433 de
2732 4378 3180 4449 dithyrambicis,
3210 4375 3549 4451 Ξυνελόγοντ’

1968 4447 2235 4516 ἀναϐολὰς
2258 4447 2571 4522 πετόμεναι,
2592 4451 2678 4503 ubi
2697 4447 3014 4522 scholiastes
3039 4457 3189 4522 notat
3207 4467 3227 4522 _:
3248 4447 3346 4509 τὰς
3377 4448 3552 4518 ἀρχὰς

1968 4524 2078 4593 τῶν
2117 4518 2407 4593 ᾀσμάτων,
2431 4532 2486 4574 et
2517 4534 2730 4593 versum
2774 4519 3001 4593 Homeri
3021 4518 3177 4593 citat.
3207 4518 3471 4593 Isocrates
3498 4523 3549 4572 in

291 4585 460 4670 Porro
489 4585 741 4671 castitate
767 4608 832 4671 ac
854 4585 1165 4671 virginitate
1204 4592 1484 4671 praeditum
1514 4604 1671 4671 vocat
1690 4632 1707 4658 ,
1728 4594 1860 4671 quia

1978 4585 2365 4671 Pqna'thenaico
2390 4609 2404 4645 :
2427 4592 2495 4671 [Α
2530 4592 2626 4671 Et}?
2654 4585 3190 4671 o§v_ﬁ6oukh0nvxat
3220 4588 3553 4671 peﬂfpap-

289 4661 553 4733 ejusmodi
575 4673 731 4716 erant.
760 4657 1559 4731 Christianorumsacerdotes,
1594 4657 1865 4733 ἀγνοὶ’κα).

1978 4663 2085 4728 τοῦ,
2119 4662 2214 4715 καὶ
2243 4660 2501 4733 περὶτῶν
2528 4657 2710 4733 ξᾶλλων
2741 4657 2929 4733 (bene?
2966 4657 3126 4729 χορὸς
3144 4657 3250 4733 πρὸ
3278 4657 3371 4710 τοῦ
3402 4657 3551 4733 ἀγῶ-

288 4730 599 4784 παρθενίαι.

384 4801 475 4869 95)
513 4800 814 4871 Σωτήρων
842 4801 1021 4871 νᾶμα.
1051 4801 1229 4857 Codex
1260 4803 1397 4859 Fnk.
1433 4813 1488 4860 et
1524 4804 1733 4860 schedm
1760 4802 1869 4857 Re-

289 4870 393 4940 gia:
426 4887 547 4924 cum
581 4870 816 4925 Turnehi
847 4870 984 4926 libro
1016 4874 1278 4942 scriptum
1313 4875 1515 4930 habent
1543 4875 1715 4943 πόμα.
1747 4874 1865 4927 Mox

290 4941 381 4994 ubi
417 4940 608 4994 legitur
632 4941 992 4994 ποοσέγοντες
1016 4942 1108 4994 τὸν
1132 4943 1276 4994 νοῦν.
1312 4947 1480 4994 caudex
1510 4945 1643 4994 Fuk.
1677 4946 1865 4994 scribit

290 4945 381 4994 ubi
417 4945 608 5007 legitur
632 4945 992 5013 προσέχοντες
1016 4945 1108 4996 τὸν
1132 4945 1276 5011 νοῦν,
1312 4947 1481 5001 codex
1510 4945 1644 5000 Fuk.
1677 4946 1870 4999 scribit

288 5011 616 5083 προσέχεται
645 5012 840 5083 τοίνυν.
868 5081 887 5083 _
1091 5081 1111 5083 Α,

363 5082 478 5149 (96)
506 5080 662 5150 Vulg.
683 5082 832 5149 ἅπερ
859 5081 937 5135 ἂν
960 5081 1119 5148 αὐτῷ
1141 5083 1375 5152 φράσει.
1399 5082 1753 5140 Scribendum
1782 5092 1868 5138 est

288 5151 658 5227 uitemsttpple
687 5154 719 5222 ή
752 5152 1006 5206 ἐπίπνοια
1032 5153 1125 5206 τοῦ
1150 5151 1862 5227 Πατρός,ψιθριιιὼιιοᾴιιιιι

290 5224 421 5291 legit
446 5222 969 5291 Cill‘iSlOphOl‘SOlllls
996 5239 1009 5287 ;
1041 5234 1189 5278 certe
1218 5222 1281 5278 in'
1304 5222 1489 5279 codice
1508 5223 1643 5278 Fult.
1663 5225 1863 5278 scribi-

287 5302 399 5413 ἔην,
431 5290 817 5430 φθεγγομέξζοις
866 5292 1072 5361 ταῦτα,
1103 5293 1246 5366 άπερ
1262 5295 1327 5349 ἂν
1360 5294 1496 5366 αὐτὴ
1529 5295 1744 5367 φράσοι,
1774 5294 1867 5347 καὶ

321 5378 438 5415 ιανο
462 5378 497 5430 ᾳ
529 5379 669 5430 προσ
748 5380 817 5417 οι.

321 5378 497 5417 ιανοια
529 5378 817 5417 προσαψοι.

362 5378 497 5432 ινοια
529 5379 571 5413 π
638 5378 817 5430 σαψοι.

362 5431 481 5503 (97),
510 5379 799 5501 Τιξῗιῆκος
846 5430 955 5500 τῆς
991 5431 1293 5502 ἀναϐολῆς
1342 5433 1863 5504 παραιτησάμενοι.

290 5499 525 5555 ΕΗιαιιο
552 5499 614 5555 et
654 5499 1044 5574 praecedentem
1101 5499 1379 5572 periodum
1420 5499 1864 5574 'pcssiine'inter-

292 5580 539 5637 pretatns
575 5583 661 5626 est
706 5572 1252 5640 Christopborsonus.
1299 5572 1517 5628 Putavit
1561 5575 1705 5628 enim
1736 5577 1865 5629 ἀνα-

289 5641 455 5714 ϐολήν
501 5640 590 5714 hic
627 5641 933 5714 signiﬁcare
981 5660 1185 5698 moram
1233 5661 1297 5698 ac
1342 5646 1647 5699 dilationem
1685 5686 1700 5709 ,
1741 5660 1863 5699 cum

291 5712 473 5767 tamen
527 5712 762 5783 ἀναϐολὴ
821 5712 925 5769 hoc
981 5714 1097 5769 loco
1157 5715 1483 5787 significaret
1535 5717 1860 5785 prommium.

1972 4750 2062 4797 νος
2104 4729 2644 4804 προαναϐἀλλεσθαι,
2680 4730 2855 4784 ταῦτά
2899 4729 3079 4804 ἐστιν.
3127 4732 3170 4783 Α
3231 4729 3551 4804 cantoribus

1974 4798 2239 4871 igitur'ad
2267 4812 2510 4871 oratores
2542 4811 2725 4863 postea
2763 4800 3083 4855 translatum
3109 4807 3192 4851 est
3230 4798 3283 4851 id
3314 4798 3551 4871 voeabu-

1973 4867 2083 4927 lnin
2114 4892 2129 4935 ;
2160 4882 2213 4924 et
2241 4870 2634 4925 ἀναϐάλλεσθαι
2651 4872 2903 4924 dixerunt
2948 4885 3048 4938 pro
3076 4867 3550 4940 προοιμιάζεσθαι,

1973 4954 2032 4995 ιιι
2085 4952 2312 4998 testatur
2345 4941 2661 5011 Hesychius.
2707 4941 2965 5009 Ulpianus
3005 4940 3065 5011 in
3108 4941 3406 5011 orationem
3439 4940 3548 5011 De.-

1974 5013 2270 5065 mosthenis
2301 5014 2366 5063 de
2389 5007 2727 5065 Chersoneso
2764 5007 2787 5065 :7
2805 5008 3311 5079 Ἀναϐαλόμενοςδέ
3330 5008 3409 5061 δι”
3432 5007 3552 5079 ἐνὸς

1970 5083 2202 5153 λάμϐδα,
2232 5082 2351 5134 ἀντὶ
2393 5081 3029 5153 τοῦπνροοιμιασάμενος
3057 5078 3080 5111 ’⁷
3118 5080 3212 5134 καὶ
3259 5078 3549 5153 ἀναϐολάς,

1973 5149 2375 5224 προοίμια,νὸἱο
2429 5149 2817 5224 AristOphanes
2870 5149 2921 5204 in
2965 5150 3146 5213 lrene,
3192 5149 3547 5224 ωεξηελ-717,

1973 5220 2417 5295 προαναϐἀὶιηται
2439 5232 2491 5275 ct
2509 5220 2778 5274 ἀναϐαλοῦ
2804 5224 3004 5295 eodem
3020 5236 3182 5295 sensu
3206 5221 3361 5295 dixit:
3381 5220 3550 5295 Porro

1972 5290 2037 5347 ei
2071 5294 2170 5345 hoc
2201 5290 2321 5346 loco
2348 5301 2589 5361 apparet,
2631 5294 2955 5361 prommium
2993 5292 3150 5361 hujus
3184 5290 3450 5353 orationis
3482 5292 3549 5344 ad

1975 5364 2086 5417 haec
2121 5376 2288 5430 usque
2320 5364 2479 5430 verba
2508 5364 2778 5430 pretendi.

2044 5433 2157 5501 (98)
2177 5427 2336 5501 Vulg.
2362 5427 2547 5502 οὗπερ
2573 5430 2689 5497 τὴν
2717 5432 2953 5485 οὐσίαν.
2981 5429 3551 5502 Ιλιιεεηίίφνιιιοόὺπὲρ

1970 5500 2068 5574 τὴν
2092 5502 2276 5555 οὐσίαν
2294 5500 2451 5565 Θεός.
2495 5500 2631 5574 Nam
2682 5518 2951 5574 summum
2983 5503 3178 5556 bonum
3222 5501 3355 5559 nihil
3391 5500 3551 5574 aliud

1970 5569 2054 5627 est
2089 5587 2248 5641 quam
2273 5586 2518 5641 summus
2544 5572 2702 5627 Deus.
2723 5571 2814 5641 Sic
2839 5572 2996 5633 infra,
3014 5574 3193 5640 capite
3212 5585 3373 5637 nono,
3390 5569 3550 5641 Πρῶ-

1970 5661 2064 5697 τον
2107 5628 2209 5713 μὲν
2248 5640 2381 5695 Θεὸν
2414 5640 2856 5725 ὑφηγῄσατοσὸν
2901 5628 3042 5713 ὺπέρ
3073 5628 3172 5712 τὴν
3221 5628 3458 5697 enatam.
3494 5641 3552 5698 lu

1972 5716 2130 5769 codd.
2165 5711 2299 5769 Fuk.
2329 5719 2384 5769 et
2416 5712 2607 5768 Sauht
2647 5714 2911 5769 scribitur
2931 5712 3067 5783 ὅπερ
3102 5713 3267 5769 male.
