3926 6264
281 348 413 405 (ΞΗ

1027 340 1491 398 CONSTANTINI
1527 341 1784 399 ORATIO
1824 342 1914 396 AD
1951 339 2375 399 SANCTORUM
2414 337 2705 394 (IUSTUM.

3394 339 3461 393 12
3475 344 3532 393 e2

283 470 497 529 στάσις,
527 464 621 517 καὶ
643 461 865 524 ὄνειδος,
899 461 972 523 ὡς
1005 459 1079 531 μὴ
1117 459 1572 531 ίδιοπραγούντων
1605 460 1726 531 μηδ’
1757 461 1848 532 ἀρ-

1960 457 2403 514 conviciaturus?
2453 460 2625 524 Quem
2666 470 2795 510 vero
2842 455 3230 510 obsecraturus
3275 470 3395 510 smn
3422 498 3437 521 ,
3473 470 3530 511 nt

280 557 563 628 κουμένων
609 557 722 617 τοῖς
777 551 1125 606 ἐπιϐάλλουσι
1172 551 1259 604 διὰ
1293 551 1625 619 πλεονεξίαν,
1669 553 1764 606 καὶ
1799 553 1861 605 τὸ

278 648 586 701 τελευταῖον
618 647 651 715 ἡ
684 644 901 696 πάντων
925 642 1184 712 σύγχυσις
1208 642 1646 715 ἐπηκολούθησεν
1678 644 1762 698 ἄν·
1798 643 1860 697 Τί

280 737 371 792 οὖν
402 738 471 791 τὰ
498 737 633 808 μετά
655 735 828 789 ταῦτα
853 752 867 799 ;
892 735 1058 804 Δῆλον
1079 734 1154 797 ὡς
1185 737 1217 806 ή
1245 735 1352 788 τῶν
1379 735 1643 806 οὐρανίων
1673 736 1861 800 στάσις

280 835 350 888 τὰ
396 833 501 886 ὑπὸ
543 833 632 884 τὸν
676 830 900 902 οὐρανὸν
954 829 1045 884 καὶ
1086 828 1153 882 τὰ
1201 828 1419 897 ἐπίγεια
1471 828 1857 900 διελυμήνατο,

276 924 673 995 ἀφανισθείσης
708 923 805 994 μὲν
839 922 935 991 τῆς
962 920 1069 974 τῶν
1103 921 1258 991 ὡρῶν
1289 920 1615 988 διατάξεως,
1654 920 1859 993 καιρῶν

280 1034 340 1069 τε
367 1013 691 1087 μεταϐολῆς,
725 1012 936 1082 καὶτῆς
960 1010 1102 1064 κατά
1126 1013 1251 1075 τοὺς
1274 1012 1498 1082 καιροὺς
1522 1011 1629 1064 τῶν
1656 1012 1859 1082 φυομέ-

282 1126 389 1162 νων
431 1104 659 1177 καρπῶν
710 1104 1083 1168 ἀπολαύσεως,
1123 1102 1514 1174 ἀφανισθείσης
1552 1103 1608 1156 δὲ
1649 1102 1859 1174 ἡμέρας

280 1200 376 1253 καὶ
408 1200 505 1268 τῆς
525 1197 907 1268 διαδεχομένης
938 1197 1107 1265 αὐτὴν
1130 1196 1448 1267 νυκτερινῆς
1474 1195 1854 1260 ἀναπαύσεως.

281 1289 391 1343 Καὶ
425 1289 628 1342 τούτων
668 1288 765 1359 μὲν
787 1287 934 1351 ἀλιςο
966 1287 1126 1340 πάλιν
1160 1287 1203 1340 δ’
1226 1289 1319 1340 ἐπὶ
1349 1285 1440 1340 τὸν
1472 1285 1857 1353 ἀνεξέλεγκτον

1962 551 2096 605 mihi
2124 549 2455 604 calamitatis
2482 562 2700 602 causam
2731 549 2965 616 aperiat,
2997 561 3195 616 meque
3211 562 3271 601 ea
3298 548 3529 605 liberet?

1962 644 2233 699 Ponamus
2265 655 2363 711 per
2392 639 2612 695 oracula
2638 654 2701 693 ac
2727 639 2985 695 vaticinia
3009 640 3167 693 nobis
3194 642 3375 694 datum
3406 657 3529 697 esse

1962 748 2280 804 responsum
2312 749 2327 787 :
2359 732 2475 787 haec
2501 747 2633 785 vero
2661 746 2768 785 non
2804 746 2928 786 esse
2955 731 3060 784 sita
3090 730 3143 784 in
3179 732 3417 799 ipsorum
3443 749 3532 801 po-

1961 834 2177 887 testate,
2206 824 2299 878 sed
2336 824 2401 877 ad
2450 822 2613 876 alium
2656 823 2816 876 deum
2872 822 3166 891 pertinere.
3200 823 3328 889 Quae
3367 824 3533 890 igitur

1963 918 2357 987 misericordia,
2395 931 2515 986 qua:
2551 915 2642 970 Dei
2680 930 2808 984 erga
2843 916 3119 969 hominem
3159 916 3532 984 providentia?

1952 1008 2073 1086 .Nisi
2104 1008 2249 1065 forte
2280 1008 2479 1078 aliquis
2508 1023 2574 1062 ex
2609 1008 2715 1062 illis
2747 1008 2911 1078 paulo
2940 1008 3252 1073 humanior,
3272 1009 3535 1063 adversus

1960 1103 2187 1156 alterum
2213 1104 2307 1173 qui
2328 1103 2472 1157 nulla
2489 1117 2616 1173 erga
2643 1103 2894 1157 homines
2912 1101 3287 1156 benevolentia
3309 1099 3536 1156 affectus

1960 1204 2064 1258 est,
2093 1196 2382 1251 violentius
2413 1207 2717 1252 commotus
2752 1211 2906 1265 opem
2938 1195 3143 1249 tulerit.
3174 1194 3271 1247 lrre
3298 1210 3458 1264 porro
3481 1204 3535 1249 et

1962 1287 2263 1343 simultates
2290 1298 2344 1342 et
2372 1289 2615 1342 convicia
2638 1330 2652 1354 ,
2673 1289 2914 1342 omnium
2950 1289 3180 1357 denique
3202 1302 3383 1342 rerum
3411 1301 3535 1355 per-

279 1382 625 1452 ἐπανήκομεν
647 1380 824 1447 λόγον.

1966 1380 2318 1441 turbatio,“
2366 1395 2431 1436 eo
2483 1391 2843 1448 sequerentur
2892 1400 2904 1435 :
2945 1381 3069 1434 dunt
3133 1395 3260 1434 anas
3305 1380 3543 1449 quisque

280 1483 460 1541 partes
512 1470 732 1524 minime
779 1478 979 1539 ageret,
1020 1479 1074 1524 et
1130 1483 1239 1539 pra:
1290 1468 1585 1537 cupiditate
1630 1468 1743 1522 suis
1793 1468 1952 1521 rebus
1997 1484 2103 1521 non
2135 1479 2444 1535 contentus,
2492 1470 2697 1525 alienas
2750 1470 3051 1524 invaderet.
3118 1469 3253 1536 Quid
3308 1466 3543 1539 postea?

278 1565 438 1619 Certe
492 1567 610 1621 haec.
650 1567 947 1622 caelestium
986 1565 1255 1620 discordia
1302 1563 1651 1619 inferioribus
1717 1579 1782 1651 ac
1835 1564 2066 1619 terrenis
2121 1566 2284 1620 rebus
2320 1565 2613 1635 perniciem
2675 1566 2903 1620 allatura
2940 1577 3120 1633 esset,
3156 1575 3533 1635 tempestatum

275 1654 467 1714 ordine
517 1676 581 1715 ac
621 1662 1017 1727 vicissitudine,
1057 1671 1113 1715 et
1169 1662 1439 1714 fructuum
1479 1661 1569 1730 qui
1608 1659 1836 1729 singulis
1884 1660 2012 1716 anni
2044 1662 2378 1732 temporibus
2436 1663 2725 1731 provenire
2776 1665 2976 1727 solent,
3042 1663 3279 1716 utilitate
3318 1662 3533 1731 penitus

273 1754 517 1813 sublata.
567 1756 780 1810 sublata
826 1757 988 1811 etiam
1040 1756 1149 1823 die,
1196 1765 1251 1811 et
1296 1771 1418 1824 quae
1475 1755 1617 1809 dietn
1661 1754 1867 1823 excipit
1903 1763 2167 1809 nocturna
2216 1755 2417 1826 quiete.
2465 1754 2571 1809 Sed
2608 1756 2675 1809 de
2713 1755 2797 1808 his
2859 1754 3016 1810 satis.
3056 1753 3356 1810 Redeamus
3393 1770 3534 1809 nunc

271 1850 339 1902 ad
364 1863 455 1903 eas
486 1848 721 1905 rationes
745 1866 862 1920 qua:
899 1850 1122 1905 refutari
1164 1850 1472 1906 nullatenus
1504 1857 1750 1919 possunt.

804 1994 1199 2047 ΚΕΦΑΛΛῐυΝ
1249 1998 1322 2048 Δ’.

507 2083 646 2152 Περί
682 2082 792 2151 τῆς
828 2085 979 2139 κατὰ
1009 2084 1081 2138 τὰ
1113 2085 1333 2139 εἴδωλα
1364 2086 1621 2153 πλάνης.

342 2175 459 2228 Πᾶν
509 2177 570 2228 τὸ
621 2177 795 2249 ἀρχὴν
845 2176 995 2247 ἔχον,
1055 2179 1150 2230 καὶ
1183 2177 1335 2241 τέλος
1368 2178 1517 2248 ἔχει·
1555 2183 1587 2250 ὴ
1626 2181 1681 2233 δέ
1716 2183 1855 2235 κατά

268 2268 463 2339 χρόνον
504 2266 665 2338 ἀρχὴ,
698 2268 911 2336 γένεσις
954 2267 1227 2321 καλεῖται’
1271 2269 1342 2322 τὰ
1386 2269 1430 2321 δ’
1463 2271 1526 2323 ἐκ
1566 2271 1853 2338 γενέσεως,

271 2360 489 2431 φθαρτά
523 2360 732 2413 πάνταο
772 2359 983 2432 μορφὴν
1015 2361 1070 2415 δὲ
1100 2362 1290 2432 χρόνος
1317 2363 1573 2435 ἀμαυροῖ.
1611 2364 1734 2426 Πῶς
1763 2362 1855 2417 οὖν

270 2451 339 2505 ἂν
367 2452 417 2503 οί
450 2453 513 2504 ἐκ
541 2450 807 2519 γενέσεως
845 2450 1112 2523 φθαρτῆς,
1145 2447 1255 2505 εἷεν
1296 2453 1579 2517 ἀθάνατοις
1620 2455 1755 2520 Δόξα
1796 2454 1855 2507 δὲ

268 2544 381 2597 τῶν
410 2543 705 2613 ἀλογίστων
738 2544 922 2614 δήμων
948 2546 1173 2618 τοιαύτη
1204 2563 1288 2609 τις
1314 2546 1748 2617 διαπεφοίτηκεν,
1779 2547 1854 2611 ὼς

271 2632 425 2704 παρά
452 2636 563 2696 τοῖς
591 2632 732 2697 θεοῖς
757 2634 946 2703 γάμοι,
980 2635 1360 2708 παιδοσπορίαι
1387 2654 1445 2689 τε
1470 2636 1850 2709 ἐνομίσθησαν.

271 2726 336 2777 Εἰ
369 2724 413 2776 δ’
440 2726 693 2778 ἀθάνατοι
716 2728 763 2777 oi
786 2725 1132 2794 γεννώμενοι,
1159 2728 1451 2796 γεννῶνται
1472 2730 1516 2783 δ’
1542 2730 1651 2795 ἀεὶ,
1674 2730 1779 2802 πλη
1790 2749 1855 2802 μ-

274 2820 467 2887 μυρεῖν
488 2818 698 2888 ἀνάγκη
718 2817 947 2890 [αὐτῶν]
965 2820 1024 2873 τὸ
1042 2819 1197 2886 γένος
1212 2820 1310 2891 (6).
1332 2821 1656 2894 Προσθήκης
1671 2823 1714 2875 δ’
1733 2825 1853 2875 ἐπι-

272 2907 594 2978 γενομένης,
633 2910 717 2972 τίς
748 2906 841 2961 οὖν
876 2909 1103 2980 οὐρανὸς
1128 2911 1226 2982 (7;,
1253 2913 1380 2966 ποία
1408 2913 1464 2966 δὲ
1488 2914 1582 2984 γῆ,
1602 2914 1853 2967 τοσοῦτον

271 2998 476 3068 σμῆνος
510 2999 922 3069 ἐπιγιγνόμενον
963 3000 1099 3055 θεῶν
1130 3002 1411 3074 ἐχώρησε;
1446 3005 1509 3057 Τί
1543 3005 1585 3057 δ’
1617 3004 1682 3059 ἂν
1711 3007 1853 3059 εἰποι

266 3104 351 3150 τις
388 3089 516 3158 περὶ
549 3088 780 3160 ἀνδρῶν,
812 3090 1095 3161 οὐρανίους
1127 3092 1388 3163 ἀδελφοὺς
1419 3096 1498 3159 εἰς
1531 3096 1707 3166 γάμου
1743 3114 1855 3150 κοι-

266 3184 465 3236 νωνίαν
489 3184 886 3248 συναπτόντων,
914 3186 1157 3255 μοιχείας
1178 3204 1236 3240 τε
1266 3190 1356 3241 καὶ
1376 3189 1671 3253 ἀκολασίας
1688 3192 1854 3260 ἐγκα-

267 3276 535 3340 λούντων;
578 3276 823 3347 Λέγομεν
854 3276 917 3347 δὴ
948 3278 1384 3350 τεθαρρηκότως,
1422 3283 1518 3334 καὶ
1559 3282 1659 3344 τὰς
1686 3282 1854 3352 τιμὰς

269 3367 458 3430 αὐτάς,
486 3368 554 3420 τά
581 3384 639 3419 τε
668 3369 796 3439 παρ’
826 3367 1124 3440 ἀνθρώπων
1150 3372 1228 3434 εἰς
1252 3371 1445 3436 αὐτοὺς
1471 3374 1628 3445 γέρα,
1663 3373 1851 3444 ὕϐρεσι

268 3462 362 3513 καὶ
394 3457 699 3527 ἀσελγείαις
751 3459 1032 3530 μεμίχθαι.
1089 3461 1226 3532 Ἤδη
1279 3464 1385 3535 γάρ
1432 3481 1515 3528 τις
1550 3465 1622 3536 (8)
1660 3468 1717 3519 ἐν
1769 3466 1852 3521 λό-

265 3571 384 3621 γοις
414 3552 741 3617 ἐξετασθείς,
778 3552 1213 3623 ἀγαλματοποιός
1240 3574 1300 3609 τε
1337 3561 1550 3631 μορφήν
1585 3578 1705 3614 τινα
1737 3560 1852 3614 δια-

265 3647 386 3716 νοίᾳ
421 3644 764 3717 προσλαϐὼν,
801 3645 1044 3718 ἔντεχνον
1067 3647 1423 3721 τεκμαίρεται
1452 3650 1692 3704 παιδείαν
1711 3669 1725 3682 ·
1758 3653 1851 3705 καὶ

271 3737 473 3809 μεταξὺ
520 3732 605 3790 οἷα
646 3737 709 3809 δὴ
753 3738 922 3809 λήθης
970 3741 1335 3815 ἐμπεσούσης,
1371 3745 1431 3797 τὸ
1464 3746 1592 3799 ἴδιον
1627 3746 1850 3818 πλάσμα

269 3830 579 3895 κολακεύει,
612 3831 784 3884 σέϐων
807 3832 881 3891 ὡς
906 3832 1025 3885 θεὸν
1045 3834 1329 3896 ἀθάνατον,
1359 3836 1632 3906 ὁμολογῶν
1658 3841 1848 3893 ἐαυτδν

266 3925 357 3977 τὸν
390 3925 601 3996 πατέρα
635 3924 709 3995 (9)
752 3926 845 3978 καὶ
874 3926 1200 3998 δημιουργὸν
1230 3928 1325 3980 τοῦ
1359 3930 1674 4002 ἀγάλματος
1724 3933 1849 4005 θνη-

266 4017 357 4071 τὸν
396 4014 556 4071 εἶναι.
606 4018 725 4071 Τῶν
769 4018 812 4071 δ’
849 4019 1140 4089 ἀφθάρτων
1172 4021 1395 4075 ἐκείνων
1423 4024 1625 4093 τάφους
1651 4043 1711 4078 τε
1757 4028 1849 4080 καὶ

266 4107 441 4177 θήκας
471 4107 897 4160 ἐπιδεικνύουσιν
930 4109 1101 4173 αὐτοὶ,
1136 4113 1554 4182 κατοιχομένους
1579 4132 1638 4167 τε
1662 4120 1849 4187 τιμαῖς

263 4197 557 4259 ἀθανάτοις
590 4198 936 4268 γεραίρουσιν
958 4238 972 4262 ,
998 4199 1318 4266 ἀγνοοῦντες
1346 4202 1407 4255 τὸ
1436 4202 1652 4274 ἀληθῶς
1674 4206 1851 4276 μακά-

266 4306 382 4359 ριον
418 4289 510 4341 καὶ
539 4288 812 4360 ἄφθαρτον
832 4329 846 4353 ,
881 4290 1123 4354 ἀνενδεὲς
1157 4291 1399 4362 ὑπάρχον
1428 4293 1527 4363 τῆς
1561 4292 1713 4365 παρὰ
1744 4294 1849 4349 τῶν

264 4376 523 4450 φθαρτῶν
562 4380 861 4450 ἐπιτιμίας.
896 4380 986 4451 Τῷ
1019 4382 1126 4454 γάρ
1153 4399 1235 4435 τοι
1264 4383 1339 4452 νῷ
1377 4383 1588 4448 θεατὸν,
1623 4387 1718 4439 καὶ
1740 4387 1851 4440 δια-

263 4471 383 4543 νοίᾳ
412 4471 766 4543 περιληπτὸν,
802 4471 926 4525 οὔτε
973 4475 1184 4546 μορφὴν
1218 4474 1469 4528 ἐπιποθεί
1498 4477 1567 4529 δι’
1604 4473 1673 4549 ἧς
1707 4496 1848 4547 γνω-

268 4562 502 4634 ρισθείη,
535 4562 659 4615 οὕτε
714 4565 993 4634 σχήματος
1027 4565 1296 4635 ἀνέχεται,
1345 4564 1422 4629 ὡς
1459 4566 1526 4620 ἂν
1564 4569 1771 4632 εἰκόνος
1814 4570 1871 4639 ῆν

263 4654 455 4707 τύπου.
492 4654 674 4707 Ταῦτα
712 4655 771 4707 δὲ
822 4656 997 4710 πάντα
1042 4655 1286 4725 γίγνεται
1348 4657 1484 4729 πρὸς
1529 4658 1687 4730 χάριν
1742 4660 1848 4713 τῶν

262 4749 666 4818 κατοιχομένων
686 4766 699 4777 ·
732 4748 1009 4821 ἄνθρωποι
1042 4748 1149 4822 γάρ
1182 4746 1320 4822 ἦσαν
1354 4752 1514 4822 ἡνίκα
1548 4752 1705 4817 ἔζων,
1739 4752 1843 4807 σώ-

267 4855 435 4909 ματος
469 4839 684 4910 μέτοχοι
718 4839 889 4904 ὄντες.

2569 1989 2797 2045 CAPUT
2840 1989 2927 2043 IV.

2111 2083 2185 2137 De
2206 2099 2385 2138 errore
2410 2100 2588 2137 eorum
2620 2084 2712 2152 qui
2736 2082 3023 2136 simulacra
3048 2094 3381 2136 venerantur.

2028 2172 2301 2240 Quidquid
2330 2171 2657 2240 principium
2680 2171 2895 2235 habuit,
2916 2171 3078 2225 finem
3099 2187 3313 2242 quoque
3340 2173 3535 2227 haheat

1956 2278 2173 2317 necesse
2202 2272 2305 2318 est.
2334 2262 2504 2318 Porro
2538 2264 2833 2333 temporale
2868 2259 3193 2335 principium
3250 2265 3533 2335 generatio

1958 2356 2279 2425 appellatur.
2311 2354 2441 2422 Quae
2469 2372 2596 2410 vero
2619 2371 2689 2410 ex
2718 2358 3073 2426 generatione
3102 2358 3375 2422 oriuntur,
3410 2374 3531 2411 om-

1957 2450 2043 2503 nia
2072 2456 2199 2503 sunt
2228 2448 2563 2516 corruptioni
2594 2450 2850 2503 obnoxia.
2873 2450 2953 2503 Ad
2982 2451 3091 2503 haec
3111 2448 3337 2503 fortnam
3362 2449 3534 2518 ipsam

1955 2556 2018 2596 ac
2062 2542 2298 2611 speciem
2350 2542 2492 2597 delet
2537 2544 2800 2612 temporis
2846 2542 3231 2612 longinquitas.
3284 2543 3530 2610 Quonam
3594 2534 3599 2535 ί

1957 2635 2123 2701 igitur
2167 2632 2326 2688 modo
2377 2635 2469 2704 qui
2528 2649 2593 2688 ex
2634 2635 2976 2703 corruptibili
3024 2635 3371 2702 generatione
3424 2635 3530 2688 orti

1957 2737 2103 2792 sunt,
2137 2726 2473 2781 immortales
2505 2740 2626 2780 esse
2658 2729 2915 2794 possent?
2937 2727 3201 2781 Caeterum
3227 2726 3531 2795 hujusmodi

1956 2820 2206 2891 qntedttm
2238 2818 2504 2889 imperitae
2523 2820 2886 2876 multitudinis
2904 2821 3086 2890 Opinio
3119 2820 3367 2883 invaluit,
3391 2821 3532 2887 apud

1954 2928 2185 2983 superos
2228 2913 2442 2982 nuptias
2479 2913 2595 2967 ﬁeri
2643 2916 2839 2977 solere,
2892 2924 2945 2967 et
2992 2913 3193 2967 liberos
3233 2917 3530 2981 procreari.

1954 3005 2106 3072 Quod
2146 3007 2189 3061 si
2241 3008 2333 3076 qni
2380 3007 2698 3079 gignuntur,
2728 3006 3061 3060 immortales
3108 3016 3256 3068 sunt,
3291 3020 3537 3074 semper-

1955 3113 2059 3167 que
2089 3099 2386 3168 gignuntnr
2417 3099 2566 3166 novi,
2614 3114 2784 3168 genus
2832 3099 2962 3152 illud
3018 3100 3276 3153 exuberet
3312 3113 3531 3153 necesse

1955 3200 2055 3244 est.
2094 3190 2205 3246 llac
2236 3203 2418 3245 autem
2454 3191 2773 3246 accessione
2802 3190 2967 3255 facta,
3001 3192 3143 3260 quod
3173 3190 3386 3244 tandem
3416 3206 3529 3247 σαι-

1957 3280 2099 3347 Ιιιιη,
2134 3298 2255 3351 qua:
2286 3292 2453 3348 terra,
2493 3293 2702 3337 tantum
2749 3283 2976 3337 deorum
3016 3298 3242 3337 examen
3276 3298 3531 3351 superve-

1878 3361 1921 3418 C
1958 3376 2112 3426 niens
2143 3388 2338 3443 capere
2374 3376 2584 3444 possit?
2613 3375 2751 3443 Quid
2778 3385 2957 3429 autem
2984 3375 3226 3429 dicemus
3253 3375 3317 3428 de
3346 3374 3411 3428 iis
3435 3374 3533 3427 ho-

1955 3464 2192 3517 minibus
2232 3467 2323 3532 qui
2353 3464 2551 3519 fratres
2588 3468 2717 3520 deos
2740 3481 2861 3519 cum
2894 3464 3172 3519 sororibus
3199 3464 3399 3517 deabus
3423 3475 3533 3513 nta-

1956 3558 2195 3611 trimonii
2228 3557 2434 3611 foedere
2456 3557 2816 3626 conjungunt,
2846 3567 2899 3609 et
2927 3556 3193 3609 adulteria
3228 3567 3392 3624 atque
3432 3554 3533 3608 ob.

1951 3650 2243 3703 scenitates
2281 3650 2467 3702 iisdem
2517 3648 2821 3717 objiciunt?
2862 3647 2993 3701 Illud
3039 3665 3253 3718 quoque
3301 3649 3530 3702 ﬁdenter

1952 3739 2109 3809 571
2145 3740 2464 3803 asserimus,
2491 3742 2727 3794 honores
2750 3748 2801 3792 et
2824 3733 3025 3794 cultum
3062 3742 3149 3809 qui
3180 3740 3311 3810 ipsis
3336 3742 3402 3793 ab
3431 3741 3529 3793 ho-

1951 3831 2189 3885 minibus
2233 3833 2516 3896 tribuitur,
2568 3833 2906 3902 impudicitia
2942 3849 3004 3886 ac
3046 3833 3267 3886 libidine
3309 3833 3524 3901 plenum

1950 3938 2089 3977 esse.
2155 3923 2442 3978 Enimvero
2499 3924 2866 3993 peritissimus
2956 3924 3151 3992 aliquis
3200 3926 3523 3989 statuarius,

1952 4027 2235 4085 postquam
2292 4016 2524 4069 formam
2569 4014 2737 4069 futuri
2769 4018 2952 4084 operis
2983 4016 3131 4084 prius
3170 4026 3346 4070 mente
3380 4030 3529 4069 com-

1952 4108 2139 4175 plexus
2185 4116 2287 4171 est,
2326 4122 2461 4175 opus
2515 4122 2580 4161 ex
2632 4110 2915 4177 praeceptis
2965 4108 3101 4162 artis
3150 4108 3414 4161 uendit:
3465 4120 3530 4161 ac

1950 4199 2110 4269 paulo
2139 4208 2283 4269 post,
2306 4199 2455 4253 velut
2490 4201 2573 4254 sui
2620 4200 2841 4267 oblitus,
2885 4203 3104 4271 proprio
3133 4199 3283 4265 operi
3322 4199 3529 4253 blandi-

1952 4300 2061 4359 tur,
2107 4292 2269 4360 idque
2317 4306 2417 4360 pro
2470 4291 2769 4346 immortali
2820 4293 2922 4347 deo
2961 4292 3093 4347 colit
3129 4310 3142 4345 :
3173 4308 3294 4345 ctnn
3348 4300 3527 4343 tamen

1952 4387 2068 4455 ipse
2095 4397 2288 4442 statuae
2316 4388 2462 4443 illius
2492 4404 2690 4459 parens
2719 4400 2884 4458 atque
2907 4389 3127 4451 artifex,
3156 4404 3216 4445 se
3245 4389 3525 4442 mortalem

1952 4494 2069 4533 esse
2092 4478 2352 4536 fateatur.
2388 4481 2608 4536 Illorum
2642 4496 2805 4552 porro
2850 4484 3238 4537 immortalium
3282 4481 3529 4550 sepulcra

1952 4581 2006 4624 et
2036 4587 2194 4627 arras
2222 4572 2442 4643 ipsimet
2488 4577 2803 4639 ostendunt,
2832 4586 2886 4630 et
2931 4588 3172 4631 mortuos
3206 4576 3403 4631 divinis
3430 4576 3527 4629 lto-

1956 4665 2173 4721 noribus
2209 4665 2453 4722 alliciunt
2488 4685 2502 4721 :
2534 4669 2849 4739 ignorantes
2890 4668 3127 4734 scilicet,
3164 4670 3214 4723 id
3263 4669 3406 4738 quod
3442 4684 3527 4723 re-

1951 4770 2078 4810 vera
2116 4756 2332 4812 beatum
2385 4768 2441 4813 et
2495 4740 2805 4815 immortale
2839 4770 2945 4825 est,
2980 4760 3045 4814 iis
3085 4775 3221 4829 quos
3267 4758 3527 4814 mortales

1958 4851 2203 4906 tribuunt
2246 4852 2546 4908 honoribus
2611 4868 2713 4907 non
2760 4853 3022 4924 indigere.
3065 4851 3198 4906 Nam
3248 4853 3387 4923 quod
3413 4852 3529 4905 sola

265 4933 621 5001 intelligentia
658 4937 806 4990 cerni
851 4944 903 4990 et
954 4938 1283 5007 cogitatione
1320 4940 1703 5010 comprehendi
1738 4950 1934 5011 potest,
1965 4961 2062 4999 nec
2112 4944 2345 5003 formam
2398 4964 2504 5019 qua
2550 4950 2902 5017 dignoscatur
2953 4949 3201 5018 requirit,
3246 4964 3344 5002 nec
3384 4946 3519 5017 ﬁgu-

263 5041 381 5079 ram
419 5030 651 5083 admittit
698 5041 951 5101 tanquam
986 5034 1272 5102 imaginem
1310 5043 1362 5089 et
1400 5035 1828 5093 similitudinem.
1877 5040 2075 5095 Verum
2122 5044 2237 5099 haec
2299 5048 2481 5101 omnia
2529 5056 2865 5102 mortuorum
2897 5061 3079 5100 causa.
3114 5046 3270 5099 ﬁunt.
3311 5045 3521 5099 Revera

260 5123 406 5175 enim
453 5123 696 5179 homines
729 5125 942 5181 fuerunt
969 5130 1286 5199 corporibus
1320 5130 1533 5200 praediti
1572 5132 1698 5186 dum
1729 5133 1995 5190 viverent.

335 5392 409 5464 (6)
454 5392 709 5473 Ἀνάγκη
732 5391 799 5445 τὸ
826 5393 1018 5464 γένος.
1051 5396 1107 5473 ln
1146 5398 1334 5453 codice
1369 5399 1511 5473 Fnk.
1565 5414 1682 5471 post
1735 5405 1844 5473 pri-

264 5478 607 5545 tnantvocetn
647 5466 834 5545 lac-uita
860 5480 943 5545 est
975 5471 1399 5545 tttt'tnsvncahttli
1420 5466 1609 5539 capas.
1644 5466 1841 5530 Scriho

264 5534 427 5602 igttnr
466 5532 815 5603 πλημμυρεῖν
848 5537 1063 5607 ἀνάγκη
1087 5538 1352 5592 αὐτῶν’τὸ
1377 5532 1551 5608 γένος.

336 5601 412 5673 (7)
463 5604 556 5667 Τίς
616 5602 728 5657 οὖν
772 5608 1045 5673 οὐρανός.
1095 5610 1450 5663 Scribendum
1503 5622 1587 5667 est
1641 5615 1725 5673 τίς
1770 5614 1805 5669 ἂ

336 5624 412 5673 μ)
464 5624 556 5667 ut:
616 5624 728 5657 ουν
772 5624 1045 5674 ουρανος.
1095 5624 1450 5663 δςτιυειιαυιιι
1503 5624 1587 5667 est
1641 5624 1725 5679 τίς
1770 5624 1835 5669 ἂν

265 5673 517 5755 οὐρανός,
557 5686 612 5755 ut
646 5677 695 5755 in
733 5675 1196 5755 libro__Mor_:ei_ad
1229 5682 1525 5755 tttargincnt
1569 5689 1830 5739 emenda-

269 5758 381 5826 tum
421 5746 619 5825 inveni.
668 5746 723 5797 In
760 5750 970 5825 .codicc
1027 5748 1214 5803 Frkel.
1249 5746 1446 5821 legi—tur
1476 5752 1557 5818 τίς
1606 5757 1831 5826 οὐρανός

268 5819 476 5883 absque
503 5819 900 5885 cettjttnctioue.

2024 5405 2099 5481 (8)
2135 5407 2275 5475 Ἤδη
2306 5407 2410 5477 γάρ
2435 5426 2541 5474 τις.
2574 5408 2746 5461 Malim
2776 5408 2953 5481 legere
2982 5411 3078 5481 ἤδη
3110 5408 3237 5481 γοῦν
3267 5426 3379 5481 τις,
3406 5418 3517 5464 etc.

1950 5474 2284 5551 Battlttpust,
2311 5474 2397 5531 ubi
2430 5481 2621 5546 legitur
2656 5474 2867 5549 διανοίᾲ.
2904 5474 3247 5551 πρόσλαόᾠν,
3283 5481 3333 5532 in
3370 5480 3519 5535 libro

1949 5545 2232 5623 Mortuihatl
2264 5545 2558 5623 marginem
2589 5545 2908 5604 etttemlatur
2936 5545 3243 5623 προλαϐών,
3288 5552 3513 5621 perinde

1945 5630 2006 5667 ac
2039 5617 2089 5668 in
2122 5616 2337 5671 Grttteri
2372 5620 2525 5670 libro.

2018 5685 2092 5759 t9)
2151 5687 2305 5755 Vulg.
2359 5688 2575 5741 ἑαυτὸν
2628 5692 2868 5759 πατέρα.
2940 5692 3157 5745 Rectius
3214 5694 3264 5747 in
3324 5693 3514 5747 codice

1940 5753 2080 5877 Ρὲιιί.
2120 5753 2371 5813 ερτῐὺῖιιιγ
2427 5762 2616 5817 ἑαυτὸν
2676 5753 2787 5816 τὸν⁷
2830 5763 3041 5833 πατέρα.
3098 5765 3190 5817 καὶ
3249 5764 3508 5836 δημιουρ-

1940 5840 1975 5877 γ
2009 5844 2055 5877 ν.
2099 5839 2203 5877 etc.

1940 5839 2055 5895 γον,
2099 5839 2203 5883 etc.
