3926 6264
272 355 408 413 ΙΞ45

1042 351 1501 410 CONSTANTINI
1539 351 1797 410 ORATIO
1833 352 1924 408 AD
1962 349 2382 408 SANCTORUM
2419 348 2710 408 C(ETUM.

3388 348 3522 406 1246

265 474 367 544 τὴς
402 470 499 527 καὶ
527 475 630 544 τῆς
673 471 738 527 ἐκ
784 470 894 527 τῶν
934 472 1195 529 κινδύνων
1227 475 1500 547 σωτηρίας
1537 476 1738 547 φυσική
1772 494 1843 539 τις

1956 476 2089 532 mite
2139 475 2411 545 ingenium
2437 484 2493 531 et
2512 474 2818 544 obsequens
2846 470 3052 527 homini
3081 488 3096 526 :
3128 471 3181 527 in
3234 470 3365 527 feris
3393 488 3523 528 vero

270 564 515 636 πρόνοια.
548 565 661 619 Καὶ
690 564 909 619 πάντων
957 566 1055 637 μὲν
1098 566 1320 638 ἡμέρων
1360 567 1685 638 κηδεμονίαν
1726 566 1848 620 τινὰ

267 660 381 721 τοῖς
395 656 703 729 ἀνθρώποις
754 656 984 722 ἐπέταξε
1006 698 1021 722 ,
1063 659 1199 730 πρὸς
1225 659 1281 712 δὲ
1317 657 1388 712 τὰ
1419 657 1584 731 ἄγρια
1617 658 1849 731 ἆμιλλάν

266 767 389 803 τινα
422 750 788 822 νομοθετήσας
807 766 821 781 ο
856 750 994 822 μετὰ
1029 748 1087 803 δέ
1113 750 1287 805 ταῦτα
1317 752 1417 821 τὴν
1454 750 1563 804 τῶν
1590 750 1848 805 πετεινῶν

265 842 460 912 γενεὰν
510 844 875 914 συνεστήσατο
896 883 911 908 ,
946 841 1145 914 πολλὴν
1183 843 1281 914 μὲν
1313 843 1553 916 ἀριθμῷ,
1597 843 1758 914 φύσει
1785 844 1844 898 δὲ

266 933 366 986 καὶ
410 932 557 986 ἔθεσι
601 932 877 1007 διάφορον,
913 932 1164 1004 ἐκπρεπῆ
1199 934 1297 1005 μὲν
1329 935 1635 1007 χρωμάτων
1670 953 1847 993 ποικι-

266 1024 380 1095 λίᾳ,
435 1025 702 1095 μουσικῆς
740 1025 783 1077 δ’
840 1024 1103 1102 ἁρμονίας
1140 1024 1379 1097 ἐμφύτου
1435 1028 1659 1099 μέτοχον
1694 1027 1840 1098 (15)’

262 1114 408 1170 ἄλλα
463 1133 524 1169 τε
588 1117 763 1170 πάντα
814 1117 915 1170 ὅσα
977 1117 1183 1187 κόσμος
1241 1118 1550 1190 περιλαϐὼν
1612 1120 1843 1191 συνέχει,

264 1205 804 1278 διευκρινησάμενος,
836 1208 930 1260 καὶ
960 1207 1169 1270 τούτοις
1197 1209 1362 1262 πᾶσιν
1393 1210 1725 1282 εἱμαρμένον
1753 1210 1847 1275 τοῦ

1951 567 2120 622 robur
2148 582 2211 621 ac
2245 565 2521 630 velocitas,
2554 574 2611 621 et
2649 562 2917 618 naturalis
2959 563 3203 631 quaedam
3236 563 3520 633 providen-

1952 661 2027 715 tia
2052 675 2157 729 qua
2195 672 2255 713 se
2297 672 2364 712 ex
2409 656 2663 726 periculis
2704 657 2958 726 eripiant.
2995 658 3075 711 Ac
3113 665 3520 710 mansnetorum

1953 751 2171 820 quidem
2198 748 2512 803 animalium
2544 748 2790 802 omnium
2819 762 3006 802 curam
3038 762 3104 802 ac
3126 746 3348 801 tutelam
3380 744 3521 800 Deus

1954 840 2264 895 hominibus
2298 840 2548 894 attribuit
2592 855 2607 894 :
2640 834 2902 893 adversus
2938 839 3080 893 feras
3128 837 3296 892 veluti
3341 849 3520 891 certa-

1952 949 2075 988 men
2104 933 2377 1003 quoddam
2430 932 2682 987 instituit.
2720 930 2967 986 Posthaec
3009 931 3191 984 avium
3218 945 3389 1001 genus
3413 929 3525 985 for-

1953 1028 2122 1081 mavit
2148 1067 2163 1090 ,
2202 1040 2427 1080 numero
2468 1024 2684 1095 quidem
2725 1025 3027 1094 copiosum.
3059 1032 3252 1077 natura
3284 1037 3415 1077 vero
3459 1036 3525 1076 ac

1952 1117 2132 1186 specie
2189 1115 2510 1186 multiplex,
2570 1114 2765 1184 insigni
2816 1115 3059 1169 colorum
3120 1113 3416 1177 varietate,
3470 1120 3527 1170 et

1955 1208 2186 1262 naturali
2226 1209 2462 1278 quadam
2524 1208 2747 1262 musica:
2803 1206 3030 1261 scientia
3062 1206 3368 1275 praeditum.
3405 1203 3524 1258 Cas--

269 1297 388 1368 βίου
423 1298 623 1370 θεσμὸν
652 1300 860 1370 ὁρίσας,
901 1298 1001 1369 τὴν
1028 1299 1372 1372 τελειοτάτην
1406 1302 1513 1357 τῶν
1544 1302 1680 1356 ὅλων
1714 1318 1843 1373 συμμ-

1956 1310 2068 1356 tera
2096 1300 2224 1354 item
2250 1314 2367 1368 quae
2392 1300 2556 1354 totius
2577 1299 2762 1354 mundi
2790 1300 2995 1359 ambitu
3021 1298 3387 1362 continentur,
3402 1312 3523 1350 cum

270 1389 552 1461 πλήρωσιν
579 1391 1007 1463 κατεκόσμησεν.

1956 1392 2315 1463 pulcherrime
2352 1391 2731 1456 distinxisset,
2761 1391 3079 1462 cunctisque
3134 1389 3357 1445 fatalem
3403 1391 3526 1445 vita

272 1489 562 1545 terminum
610 1488 933 1558 deliniisset,
962 1491 1204 1548 universi
1268 1490 1533 1549 fabricam
1590 1493 1843 1549 omnibus
1895 1492 2246 1548 ornamentis
2284 1492 2594 1548 decoratam
2620 1489 2869 1546 absolvit.

791 1647 1188 1704 ΚΕΦΑΛΑΙΟΝ
1236 1652 1327 1718 q'.

2571 1652 2801 1709 CAPUT
2836 1652 2925 1710 Vl.

269 1734 419 1823 Περί
441 1733 549 1805 τῆς
575 1739 970 1823 figapyérnc:
1011 1740 1101 1795 ὅτι
1133 1742 1367 1823 ψερδὴς
1411 1743 1632 1823 ό-ςντεςιρίΔ
1661 1742 1843 1823 αὐτῆς

1954 1745 2197 1823 Defato,
2244 1755 2289 1800 et
2337 1745 2476 1823 quod
2514 1742 2653 1813 falsa
2703 1753 2975 1823 suntquae
3026 1743 3101 1823 de
3135 1759 3193 1797 eo
3236 1743 3525 1823 dicuntur:

339 1808 524 1882 λόγος
566 1807 896 1882 deterruma,
937 1810 1009 1882 ἐκ
1064 1807 1279 1882 τετῶν
1317 1807 1482 1882 παρὰ

339 1879 542 1947 νόμων
586 1878 835 1933 καὶτῶν
876 1881 1024 1936 κατὰ
1071 1881 1188 1947 τὴν
1235 1878 1468 1938 mimi“
1516 1878 1689 1939 ᾶτιιὲα
1735 1878 1847 1939 οὐκ

341 1946 645 2030 ἀτάκτως)
685 1950 849 2036 (ξλλρ
880 1954 1037 2036 κατξι
1060 1946 1257 2036 ,τάξιν
1287 1954 1536 2036 προεῖταιἒ
1552 1994 1566 2015 ,
1593 1954 1698 2036 τρῦ
1740 1958 1848 2036 Δη-
1881 1979 1923 2036 Β

333 2019 626 2089 μιουρτοῧ
658 2018 765 2073 τὸν
813 2019 953 2090 ὅρον
986 2022 1084 2076 διὰ
1114 2021 1223 2092 τῆς
1261 2023 1485 2092 τάξεως
1511 2018 1846 2080 ἐπιδεικνύ-

333 2104 510 2157 μενοι.

340 2203 403 2257 Οἱ
436 2202 493 2256 δέ
519 2202 759 2257 πλεῖστοι
796 2203 904 2257 τῶν
941 2202 1242 2277 ἀνθρώπων
1271 2205 1505 2279 ἄφρονες
1536 2204 1717 2271 ὄντες,
1747 2205 1848 2276 τῆς

266 2295 379 2349 τῶν
409 2295 628 2350 πάντων
671 2297 1086 2369 διακοσμήσεως
1124 2297 1223 2369 τὴν
1256 2299 1417 2369 φύσιν
1450 2298 1749 2353 αἰτιῶνται·
1796 2300 1846 2352 οἱ

265 2386 329 2440 δέ
348 2404 492 2451 τινες
525 2386 703 2441 αὐτῶν
730 2387 828 2459 τὴν
851 2387 1213 2460 εἱμαρμένην,
1243 2389 1277 2461 ἢ
1305 2389 1367 2443 τὸ
1395 2390 1719 2462 αὐτόματον,
1748 2389 1847 2462 τὴν

266 2475 475 2529 τούτων
497 2475 746 2541 ἐξουσίαν
768 2477 877 2549 (16)
901 2479 964 2549 τῇ
992 2479 1302 2550 εἱμαρμένῃ
1327 2480 1684 2551 λογιζόμενοι.
1714 2481 1846 2534 Οὐδὲ

270 2572 517 2625 συνιᾶσιν
580 2570 707 2624 ὅταν
774 2570 872 2643 τῆν
925 2572 1268 2644 εἱμαρμένην
1328 2572 1843 2645 προσαγορεύουσιν,

264 2662 444 2735 ὄνομα
494 2663 596 2734 μέν
638 2663 1026 2735 φθεγγόμενοι,
1070 2664 1268 2737 πρᾶξιν
1311 2665 1367 2720 δὲ
1413 2667 1688 2739 οὐδεμίαν,
1737 2667 1845 2722 οὐδ’

269 2756 638 2828 ὑποκειμένην
666 2755 791 2810 τινὰ
824 2754 1107 2827 δηλοῦντες
1141 2756 1349 2811 οὐσίαν.
1384 2758 1481 2822 Τίς
1523 2758 1631 2831 γὰρ
1662 2758 1728 2812 ἂν
1759 2757 1845 2830 εἴη

268 2848 411 2920 αὐτὴ
442 2844 576 2903 ’καθ’
610 2848 809 2921 ἐαυτὴν
845 2849 879 2918 ἡ
920 2847 1247 2921 εἱμαρμένη,
1281 2848 1381 2919 τῆς
1410 2849 1625 2919 φύσεως
1656 2866 1847 2921 γεννησ-

268 2940 447 3012 σάσης
472 2940 543 2994 τὰ
572 2942 778 3008 nivea;
822 2941 894 2994 Ἤ
920 2941 974 2995 τί
1015 2941 1080 2994 ἂν
1130 2941 1164 3012 ἡ
1199 2939 1360 3011 φύσις
1399 2940 1508 3011 (l7)
1550 2938 1843 3012 νομίζοιτο,

268 3033 430 3104 εἴπερ
476 3035 505 3086 ό
542 3035 641 3104 τῆς
670 3032 1011 3106 εἱμαρμένης
1046 3032 1246 3104 θεσμὸς
1278 3032 1630 3104 ἀπαράϐατος
1672 3033 1847 3106 ὑπάρ-

264 3140 387 3196 χει;
445 3123 607 3177 Ἀλλὰ
648 3124 743 3179 καὶ
786 3124 848 3178 τὸ
878 3123 1057 3192 λέγειν
1094 3123 1427 3196 εἱμαρμένον
1472 3124 1595 3179 τινὰ
1643 3123 1845 3195 θεσμὸν

269 3213 431 3279 εἶναι,
464 3216 615 3288 δηλοῖ
644 3216 727 3271 ὅτι
758 3214 957 3286 θεσμὸς
989 3217 1095 3279 πᾶς
1126 3215 1286 3287 ἔργον
1314 3216 1430 3272 ἐστὶ
1457 3215 1552 3270 τοῦ
1588 3216 1845 3288 θεσμοθε-

268 3308 555 3377 τήσαντος.
585 3307 649 3360 Ei
677 3305 856 3361 τοίνυν
881 3307 915 3378 ἡ
939 3307 1270 3379 εἱμαρμένη,
1296 3305 1454 3379 εἴπερ
1482 3307 1599 3361 ἐστὶ
1621 3306 1840 3379 θεσμὸς.
1870 3334 1911 3392 c

266 3401 405 3455 Θεοῦ
458 3401 525 3455 ἂν
567 3400 777 3473 εὕρεμα
814 3400 935 3471 εἴη·
992 3401 1150 3457 πάντ’
1201 3402 1309 3474 ἄρα
1356 3401 1718 3457 ὑποτέτακται
1767 3400 1844 3474 τῷ

269 3493 411 3566 Θεῷ,
457 3494 550 3547 καὶ⁵
580 3494 731 3549 οὐδὲν
767 3492 995 3566 ἄμοιρον
1022 3494 1121 3565 τῆς
1154 3493 1361 3547 ἐκείνου
1399 3493 1699 3565 δυνάμεως.
1732 3494 1845 3547 Καὶ

264 3585 367 3656 τήν
394 3587 446 3655 γ’
469 3585 808 3657 εἱμαρμένην
840 3584 973 3638 Θεοῦ
1004 3581 1142 3640 εἶναι
1174 3586 1269 3639 καὶ
1300 3584 1617 3657 νομίζεσθαι
1652 3585 1843 3659 προαί·

271 3696 442 3751 ρεσιν,
478 3676 854 3750 ἀποδεχόμεθα
876 3694 890 3710 ο
921 3676 1060 3733 ἀλλὰ
1100 3677 1218 3742 πῶς
1259 3680 1293 3750 ὴ
1323 3678 1636 3751 δικαιοσύνη
1682 3680 1776 3732 καὶ
1809 3679 1843 3749 ἡ

270 3768 596 3841 σωφροσύνη
629 3770 725 3823 καὶ
763 3770 822 3823 αἱ
858 3768 1045 3826 λοιπαὶ
1075 3769 1268 3841 ἀρεταὶ
1308 3769 1427 3823 καθ’
1470 3769 1841 3841 εἱμαρμένην;

270 3860 443 3915 Πόθεν
476 3861 533 3913 δέ
564 3861 753 3925 αὑταῖς
787 3861 1025 3926 ἐναντία,
1058 3862 1093 3932 ἦ
1125 3879 1188 3914 τε
1229 3861 1411 3916 ἀδικία
1449 3861 1541 3915 καὶ
1574 3863 1608 3934 ή
1646 3861 1843 3914 ἀκολα-

269 3952 393 4020 σία;
438 3953 513 4007 Ἦ
554 3970 615 4006 τε
661 3953 770 4026 γὰρ
809 3954 1044 4027 πονηρία
1074 3954 1187 4025 (l8)
1220 3956 1286 4011 ἐκ
1331 3953 1547 4023 φύσεως
1592 3953 1706 4007 ἀλλ’
1746 3954 1843 4027 οὐχ

266 4046 683 4119 είμαρμὲνης,ἧ
711 4065 773 4100 τε
800 4048 989 4121 ἀρετὴ,
1016 4047 1180 4119 ἤθους
1203 4048 1297 4102 καὶ
1321 4046 1537 4120 τρόπων
1566 4047 1684 4100 ἐστὶ
1708 4064 1844 4101 κατ..

264 4138 580 4213 ορθώματα.
630 4138 711 4193 Τὰ
751 4139 808 4192 δέ
850 4139 951 4210 τῆς
990 4138 1197 4211 ἀγαθῆς
1246 4139 1341 4193 καὶ
1373 4138 1540 4212 ὀρθῆς
1588 4141 1846 4213 προαιρέ-

269 4249 409 4295 σεως
456 4232 573 4302 ἦτοι
624 4232 971 4303 πταίσματα,
1016 4231 1049 4303 ἢ
1090 4226 1156 4286 αὖ
1210 4230 1371 4285 πάλιν
1420 4231 1840 4304 κατορθώματα,

267 4323 459 4378 ἄλλοτε
507 4323 681 4387 ἄλλως
726 4323 1109 4389 ἀποϐαίνοντα,
1155 4321 1188 4394 ἢ
1232 4322 1373 4377 κατὰ
1402 4322 1594 4395 τύχην,
1634 4324 1668 4396 ἢ
1703 4325 1843 4379 κατὰ

267 4414 639 4487 εἱμαρμένην,
681 4414 790 4468 πᾶν
820 4412 883 4467 τὸ
913 4412 1118 4465 δίκαιον
1155 4410 1265 4483 (19)
1296 4412 1391 4466 καὶ
1420 4411 1480 4465 τὸ
1521 4412 1641 4465 κατ’
1686 4411 1842 4481 ἀξίαν

342 4610 456 4682 (l5)
480 4609 639 4680 Vulg.
697 4611 986 4682 ἁρμονίας
1020 4612 1290 4682 ἐμφύτου
1333 4610 1587 4680 μετοχῇ.
1649 4608 1841 4665 Scriho

1520 1814 1850 1882 ἀνθρώποις

2023 1814 2180 1886 idque
2226 1816 2520 1870 ostenditur
2570 1825 2680 1866 tum
2728 1829 2792 1865 ex
2836 1814 3033 1881 legibus
3083 1815 3370 1886 nummis,
3416 1825 3527 1866 tum

2023 1884 2100 1942 exi
2121 1890 2273 1940 rebus
2303 1886 2518 1947 creatis,
2544 1900 2662 1953 quae
2708 1900 2809 1935 non
2846 1892 3035 1936 temere
3068 1888 3154 1936 sed
3190 1884 3372 1937 ordine
3415 1900 3526 1934 mo-

2020 1971 2235 2022 vemur,
2288 1958 2385 2011 hoc
2434 1954 2578 2024 facta
2632 1953 2964 2009 declarantes
3020 1954 3289 2008 Creatoris
3341 1968 3526 2022 prisce-

2018 2038 2185 2099 ptum.

2018 2207 2218 2263 Verum
2251 2205 2496 2277 plerique
2537 2205 2790 2261 homines
2823 2204 3005 2260 minus
3027 2177 3351 2274 prudentes,
3365 2204 3527 2273 hujus

1949 2312 2132 2352 rerum
2165 2296 2408 2352 omnium
2452 2296 2820 2352 distinctionis
2851 2304 3018 2366 atque
3051 2304 3280 2350 ornatus
3306 2311 3524 2351 causam

1948 2398 2156 2443 naturas
2191 2388 2476 2443 tribuunt:
2506 2387 2596 2442 alii
2645 2386 2758 2442 fato
2808 2387 2891 2441 vel
2939 2386 3166 2441 fortuito
3212 2389 3359 2442 casui
3392 2389 3526 2443 assi-

1947 2488 2113 2549 gnant
2130 2520 2146 2546 ,
2162 2479 2469 2549 hujusmodi
2492 2493 2675 2534 rerum
2702 2488 3020 2549 potestatem
3038 2479 3151 2535 fato
3167 2481 3524 2535 ascribentes.

1948 2572 2131 2642 Neque
2156 2572 2459 2643 intelligunt
2491 2586 2549 2627 se
2572 2564 2605 2637 ,’
2624 2586 2745 2626 cum
2783 2570 2950 2625 fatum
2992 2572 3292 2637 nominant,
3333 2587 3525 2629 nomen

1948 2666 2165 2735 quidem
2194 2664 2475 2734 proferre,
2508 2664 2602 2720 sed
2622 2664 2826 2718 nullum
2851 2674 3031 2718 actum
3061 2663 3369 2733 nullamque
3392 2666 3523 2719 sub-

1946 2758 2200 2813 stantiam
2228 2757 2535 2827 designare.
2577 2756 2716 2824 Quid
2755 2758 2898 2812 enim
2926 2759 3100 2827 ipsum
3134 2772 3230 2827 per
3255 2772 3313 2812 se
3354 2756 3522 2812 fatum

1945 2864 2067 2906 esse
2098 2849 2305 2920 possit,
2337 2864 2460 2905 cum
2514 2860 2706 2904 natura
2746 2850 2928 2905 omnia
2972 2849 3396 2920 procreaverit?
3433 2858 3526 2905 aut

1945 2941 2073 3012 quid
2113 2941 2456 2997 censebimus
2489 2955 2609 2997 esse
2651 2950 2923 3004 naturam,
2970 2943 3016 2997 si
3071 2941 3152 2997 lex
3187 2942 3281 2995 fati
3332 2941 3523 2996 violari

1947 3048 2053 3087 non
2083 3032 2298 3104 potest?
2332 3032 2439 3088 Sed
2464 3041 2521 3086 et
2549 3046 2615 3088 ex
2643 3047 2710 3088 eo
2757 3032 2906 3103 quod
2947 3032 3126 3090 fatalis
3169 3034 3255 3089 lex
3284 3049 3407 3090 esse
3449 3035 3525 3088 di-

1945 3124 2085 3180 citur
2112 3166 2129 3193 ,
2161 3138 2283 3179 cum
2307 3125 2488 3180 omnis
2523 3124 2610 3181 lex
2634 3140 2773 3195 opus
2803 3126 2874 3182 sit
2898 3125 3132 3193 alicujus
3172 3126 3522 3195 legislatoris,

1944 3216 2081 3271 satis
2107 3223 2326 3286 apparet
2372 3216 2543 3270 latum
2595 3217 2792 3287 ipsum,
2820 3218 2864 3274 si
2898 3218 3123 3287 quidem
3162 3216 3247 3272 lex
3289 3227 3393 3283 est,
3422 3219 3518 3275 Dei

1944 3319 2079 3374 opus
2109 3315 2271 3375 atque
2309 3305 2584 3359 inventum
2617 3320 2755 3362 esse.
2786 3305 2996 3362 Cuncta
3039 3306 3209 3378 igitur
3255 3306 3368 3362 Deo
3396 3309 3524 3362 sub-

1939 3393 2081 3463 jecta
2107 3403 2234 3450 sunt
2262 3436 2279 3461 ,
2312 3411 2416 3459 nec
2442 3396 2735 3466 quidquam
2758 3408 2843 3452 est
2869 3396 2988 3465 ejus
3010 3399 3268 3466 potentia
3302 3412 3519 3469 expers.

1945 3485 2212 3541 Caeterum
2243 3486 2435 3554 latum,
2472 3488 2565 3543 Dei
2613 3488 2952 3544 voluntatem
2995 3503 3116 3545 esse
3174 3505 3238 3544 ac
3283 3490 3518 3556 censeri,

1946 3578 2167 3632 minime
2222 3578 2609 3648 improbamus.
2647 3579 2754 3634 Sed
2788 3596 3023 3648 quonam
3079 3584 3240 3636 modo
3284 3583 3518 3652 justitia,

1947 3670 2324 3738 temperantia,
2349 3677 2404 3723 et
2436 3669 2654 3739 reliquie
2674 3671 2904 3725 virtutes
2930 3670 3039 3725 fato
3063 3673 3337 3727 exsistunt
3360 3673 3383 3726 ἱ
3404 3671 3520 3729 Un-

1943 3760 2140 3816 denam
2163 3776 2293 3816 vero
2320 3762 2601 3816 contraria
2629 3754 2817 3815 iisdem
2844 3761 2994 3827 vitia,
3013 3761 3279 3829 injustitia
3309 3764 3520 3819 scilicet

1945 3863 2109 3923 atque
2137 3853 2554 3922 intemperantia
2584 3852 2607 3906 ἱ
2634 3851 2769 3906 Nam
2815 3852 3025 3907 malitia
3061 3854 3280 3922 quidem
3310 3870 3379 3909 ex
3419 3870 3517 3909 vo-

1945 3946 2150 4000 luntate
2191 3946 2473 4011 nascitur;
2507 3945 2681 3999 virtus
2710 3959 2837 3999 vero
2878 3945 3009 3999 nihil
3056 3945 3202 4000 aliud
3232 3956 3315 4001 est
3353 3961 3515 4017 quam

1946 4046 2091 4093 recta
2117 4038 2260 4093 actio
2288 4039 2355 4092 ad
2389 4052 2569 4093 mores
2600 4046 2853 4107 spectans
2874 4037 2897 4091 ?
2915 4036 3048 4104 Quae
3066 4047 3247 4091 autem
3276 4051 3344 4091 ex
3372 4037 3517 4092 bono

1945 4130 2111 4185 animi
2142 4130 2417 4200 proposito
2438 4139 2585 4186 recte
2606 4170 2622 4194 ,
2641 4130 2725 4186 vel
2746 4145 2867 4200 quae
2901 4145 3059 4185 secus
3087 4130 3220 4183 tiunt
3239 4171 3254 4197 ,
3277 4130 3324 4183 si
3349 4128 3514 4184 alium

1944 4232 2105 4293 atque
2134 4224 2295 4278 alium
2313 4224 2515 4278 exitum
2536 4224 2857 4290 sortiuntur,
2876 4233 3032 4293 prout
3049 4224 3158 4278 fato
3175 4234 3265 4277 aut
3289 4225 3517 4279 fortunae

1944 4318 2118 4372 visum
2174 4317 2333 4388 573
2374 4327 2499 4384 est;
2535 4318 2623 4388 jus
2673 4332 2851 4381 omne,
2881 4326 2937 4371 et
2981 4333 3137 4372 suum
3188 4318 3383 4388 cuique
3416 4318 3515 4371 tri-

1944 4409 2132 4478 buere,
2157 4411 2427 4481 quomodo
2468 4425 2534 4466 ex
2570 4410 2679 4466 fato
2709 4410 2850 4465 erit?
2877 4408 2995 4465 Jam
3018 4424 3144 4465 vero
3161 4409 3305 4481 leges
3323 4419 3517 4465 etora-

1946 4614 2171 4669 Videtur
2193 4623 2369 4669 tamen
2403 4614 2516 4669 haec
2549 4629 2671 4670 esse
2709 4614 3105 4681 argumentatio
3145 4613 3509 4670 Constantini:

267 4677 521 4803 μέτοχον,
549 4677 610 4736 ut
634 4677 829 4751 legitur
869 4686 921 4736 in
963 4677 1150 4736 codice
1180 4677 1717 4762 Fukfl’aulonante,
1749 4683 1837 4736 ubi
1874 4677 1915 4731 D
1949 4685 2006 4739 Si
2035 4688 2279 4749 virtutes,
2310 4686 2505 4753 inquit,
2535 4690 2661 4740 s'unt
2682 4700 2745 4739 ex
2773 4677 3059 4754 Tato,ergo
3084 4695 3138 4739 et
3167 4686 3315 4738 vitia.
3348 4686 3512 4752 Atqui

289 4765 465 4803 emtur
491 4751 648 4803 φύσει
695 4752 751 4803 δὲ
780 4752 874 4803 καὶ
907 4752 1084 4803 ἔθνεσι
1129 4751 1404 4803 διάφορον.
1456 4763 1656 4803 rectius
1697 4751 1836 4803 Idem
1945 4756 2073 4803 vitia
2106 4770 2209 4803 non
2241 4766 2465 4803 nossunt
2491 4771 2613 4803 esse
2639 4772 2705 4803 ex
2732 4755 2861 4803 fam.
2896 4755 3025 4803 Nam
3082 4756 3288 4803 malitia
3346 4766 3439 4803 aut
3478 4771 3508 4803 a

268 4751 465 4818 legitur
491 4751 648 4822 φύσει
695 4752 751 4805 δὲ
780 4752 874 4806 καὶ
907 4752 1084 4806 ἔθνεσι
1129 4751 1404 4823 διάφορον,
1456 4753 1656 4806 rectius
1697 4751 1836 4805 idem

266 4825 442 4902 codex
471 4823 631 4902 habet
654 4823 749 4902 καί
772 4822 938 4902 ἔθεσι,
969 4827 1237 4892 quomodo
1255 4825 1415 4877 etiam
1451 4822 1505 4877 in
1538 4823 1675 4877 libro
1700 4819 1838 4875 Tur-

269 4893 394 4945 nehi
425 4893 682 4959 scriptum
712 4893 914 4947 inveni.

343 4961 454 5031 (16;
507 4961 625 5030 Τὴν
682 4964 909 5017 τούτων
949 4963 1261 5031 ἐξουσίαν.
1306 4962 1448 5016 Ante
1501 4964 1616 5018 hac
1670 4962 1833 5017 verba

271 5030 547 5103 Musculus
590 5033 992 5088 distinctionem
1020 5035 1287 5103 apposuit.
1323 5033 1414 5089 Sic
1445 5034 1587 5103 enim
1620 5033 1779 5103 vertit
1820 5055 1832 5090 :

271 5101 379 5165 Qui
407 5111 717 5169 potestatem
745 5105 932 5157 horum
959 5101 1072 5171 fato
1092 5101 1360 5169 tribuunt,
1394 5119 1456 5157 ne
1503 5102 1601 5156 hoc
1624 5102 1835 5171 quidem

270 5171 595 5242 intelligunt,
626 5184 733 5229 etc.
764 5174 1060 5229 Musculum
1090 5184 1310 5230 secutus
1337 5185 1421 5229 est
1451 5171 1837 5242 Cbristophor-

275 5256 638 5435 εἶέἳξῖνιιιᾳ.
670 5313 736 5366 Ἡ
760 5313 817 5365 τί
858 5312 988 5399 μὲν,
1014 5314 1109 5382 ειη
1159 5316 1198 5383 ἡ
1218 5314 1447 5449 ἕύσις.
1480 5312 1833 5401 Scribendum

275 5395 322 5433 tn
365 5394 488 5435 etur
515 5383 548 5449 ἢ
573 5383 624 5435 τί
653 5382 719 5436 ἂν
747 5379 885 5437 εἶναι
922 5402 1083 5449 φυσις
1106 5402 1229 5449 νομι
1266 5402 1397 5439 οιτο.
1442 5386 1497 5438 In
1538 5388 1695 5437 codd.
1733 5383 1833 5437 ltu-

267 5379 488 5435 videtur
515 5383 548 5453 ἢ
573 5383 624 5435 τί
653 5382 719 5436 ἂν
747 5379 885 5437 εἴναί
922 5384 1083 5453 φύσις
1098 5379 1415 5455 νομίζοιτο.⁷
1442 5386 1497 5438 In
1538 5388 1695 5437 codd.
1733 5383 1836 5437 Fu-

268 5449 400 5527 lsetii
429 5463 485 5527 et
512 5454 695 5507 Savilii
744 5455 1006 5527 scribitur
1046 5474 1059 5508 :
1113 5455 1145 5525 ἢ
1178 5455 1230 5508 τί
1272 5455 1393 5527 ἂνή
1432 5454 1592 5527 φύσις
1615 5471 1738 5527 νομ.
1778 5456 1832 5527 l_u

271 5472 400 5505 lit‘lll
432 5472 485 5505 ει
512 5472 695 5507 DaVllll
744 5472 1006 5508 SCI‘IDILUI‘
1046 5474 1059 5508 Ξ
1113 5472 1145 5525 η
1178 5472 1230 5508 τι
1272 5472 1393 5527 ανη
1432 5472 1592 5525 φυσις
1615 5472 1738 5525 νομ.
1778 5472 1832 5509 Ill

271 5522 492 5598 si-hedis
528 5532 707 5577 autem
747 5523 930 5594 Regiis
951 5526 1208 5596 scriptum
1239 5528 1416 5583 inveni
1463 5525 1579 5598 ἢτί
1627 5525 1726 5596 μὲν
1758 5521 1837 5578 εί-

266 5585 637 5739 ναὶ¹ἡ8’),8ὶίῗιῖε.
658 5662 767 5739 Ego
800 5682 865 5720 τε
893 5665 1023 5739 γὰρ
1044 5668 1318 5735 πονηρία.
1352 5666 1495 5738 Lego
1525 5667 1572 5721 εί
1594 5668 1703 5739 γὰρ
1733 5667 1831 5739 ἦτε

271 5730 528 5802 πονηρία,
553 5730 681 5808 eic._
702 5730 866 5791 Porro
891 5730 984 5793 hic
1015 5738 1161 5793 locus
1183 5730 1407 5793 inutilus
1430 5730 1541 5799 cst,
1573 5730 1630 5793 ut
1663 5730 1829 5808 appa-

275 5812 399 5866 ret;
436 5818 595 5871 quem
637 5805 840 5875 absque
891 5810 1041 5868 libris
1092 5809 1344 5881 supplere
1392 5808 1602 5865 dillicile
1646 5805 1826 5865 fuerit.

1945 4756 2073 4808 vitia
2106 4770 2209 4809 non
2241 4766 2465 4825 possunt
2491 4771 2613 4809 esse
2639 4772 2706 4810 ex
2732 4755 2861 4808 fato.
2896 4755 3025 4808 Nam
3082 4756 3289 4809 malitia
3346 4766 3439 4808 aut
3478 4771 3509 4808 a

1944 4835 2132 4879 natura
2161 4836 2264 4888 est,
2297 4835 2390 4879 aut
2424 4841 2453 4879 a
2481 4827 2775 4879 voluntate.
2819 4825 2933 4879 Non
2978 4825 3144 4894 igitur
3183 4834 3269 4880 est
3298 4840 3328 4878 a
3370 4827 3505 4879 fato.

1943 4896 2094 4961 Quod
2122 4898 2164 4949 si
2193 4896 2314 4966 quis
2347 4896 2491 4949 dicat
2518 4898 2770 4950 virtutem
2797 4896 3011 4962 quidem
3046 4907 3096 4949 et
3118 4898 3305 4949 vitium
3334 4910 3454 4949 esse
3476 4911 3509 4949 a

1944 4966 2250 5036 voluntate:
2286 4977 2341 5019 ut
2376 4976 2555 5020 autem
2582 4966 2830 5020 voluntas
2862 4975 3007 5020 recte
3041 4976 3164 5036 agat
3196 4966 3277 5019 vel
3324 4981 3501 5024 secus.

1943 5035 1994 5088 id
2024 5051 2090 5089 ex
2125 5036 2234 5089 lato
2261 5051 2380 5090 esse
2409 5052 2423 5087 :
2478 5052 2584 5106 qua
2627 5038 2841 5089 demum
2877 5035 3095 5090 ratione
3120 5037 3351 5103 justitia,
3384 5051 3506 5102 qua:

1943 5106 2077 5159 nihil
2105 5107 2247 5158 aliud
2278 5116 2362 5160 est
2388 5121 2548 5175 quam
2580 5116 2838 5161 constans
2867 5117 2921 5161 et
2966 5118 3224 5174 perpetua
3260 5108 3506 5161 voluntas

1931 5176 2019 5245 jus
2051 5191 2205 5230 suum
2238 5179 2436 5246 cuique
2457 5179 2748 5243 tribuendi,
2776 5192 2844 5231 ex
2875 5178 2983 5229 lato
3016 5192 3138 5230 esse
3168 5177 3390 5246 potest?
3446 5178 3500 5230 lu

1935 5246 2124 5319 codice
2157 5245 2308 5319 Fuk._
2330 5247 2525 5316 legitur
2550 5247 2585 5317 ἢ
2628 5264 2686 5299 τε
2732 5247 2842 5319 γὰρ
2868 5246 3120 5319 πονηρία.
3166 5245 3236 5301 At
3271 5246 3506 5300 Savilius

1934 5316 2000 5369 ad
2051 5331 2202 5370 oram
2256 5315 2402 5370 libri
2432 5318 2512 5372 sui
2574 5315 2752 5379 notat,
2798 5315 2938 5371 forte
2991 5315 3337 5372 scribendum
3384 5332 3506 5372 esse

1934 5386 2046 5439 εἴτε
2098 5386 2229 5459 γάρ,
2254 5398 2386 5452 etc.,
2417 5389 2705 5458 statimque
2742 5390 2995 5443 emendat
3032 5387 3185 5441 ἔσται
3227 5386 3509 5461 κατορθώ-

1976 5474 2098 5511 ατα.

1935 5475 2117 5597 IJ“(1:3)
2153 5525 2305 5595 Vulg.
2329 5526 2525 5581 πάντα
2570 5527 2638 5581 τὸ
2664 5528 2896 5583 δίκαιον
2916 5527 3155 5599 ἔχοντα.
3180 5527 3378 5584 Ultima
3400 5543 3505 5583 vox

1936 5598 2116 5652 addita
2142 5608 2225 5651 est
2268 5614 2297 5651 a
2325 5600 2457 5652 viris
2486 5600 2660 5653 doctis
2703 5615 2768 5655 ex
2811 5598 2955 5654 mss.
2993 5601 3291 5665 codicibus,
3336 5614 3499 5668 quam

1939 5679 2116 5723 tamen
2150 5668 2295 5723 nullo
2323 5671 2480 5721 modo
2532 5671 2761 5738 probare
2791 5684 3029 5734 possunt.
3060 5670 3183 5723 licet
3215 5671 3265 5723 iu
3312 5672 3505 5724 codiro

1937 5738 2072 5794 Fuk.
2109 5739 2333 5806 legatur.
2384 5738 2576 5793 Scribo
2615 5740 2811 5807 igitur:
2840 5742 2949 5794 πᾶν
2977 5742 3036 5795 τδ
3082 5740 3286 5794 δίκαιον
3314 5741 3408 5793 καὶ
3440 5740 3504 5791 τὸ

1940 5809 2056 5862 κατ’
2090 5807 2244 5875 ἀξίαν
2281 5809 2705 5882 ἀπονεμόμενον,
2737 5811 2971 5883 ἑκάστῳ,
3010 5811 3122 5875 πῶς
3162 5811 3282 5865 καθ’
3316 5812 3506 5882 εἱμαρ-
