  <div class='ocr_page' id='page_1' title='image "/cluster/home/n/w/nwhite01/storage/ocr_20150623/20/mdp.39015008802764/635.png"; bbox 0 0 3926 6264; ppageno 0'>
   <div class='ocr_carea' id='block_1_1' title="bbox 445 361 582 416">
    <p class='ocr_par' dir='ltr' id='par_1_1' title="bbox 445 361 582 416">
     <span class='ocr_line' id='line_1_1' title="bbox 445 361 582 416; baseline -0.029 0"><span class='ocrx_word' id='word_1_1' title='bbox 445 361 582 416; x_wconf 68' lang='grc' dir='ltr'><strong>ΗΠ</strong></span> 
     </span>
    </p>
   </div>
   <div class='ocr_carea' id='block_1_2' title="bbox 1145 353 2002 414">
    <p class='ocr_par' dir='ltr' id='par_1_2' title="bbox 1145 356 2002 414">
     <span class='ocr_line' id='line_1_2' title="bbox 1145 356 2002 414; baseline -0.001 0"><span class='ocrx_word' id='word_1_2' title='bbox 1145 356 1413 414; x_wconf 77' lang='lat' dir='ltr'><strong>EL&#39;SEBH</strong></span> <span class='ocrx_word' id='word_1_3' title='bbox 1451 356 1924 413; x_wconf 63' lang='lat' dir='ltr'><strong>CzESARlENSlS</strong></span> <span class='ocrx_word' id='word_1_4' title='bbox 1960 356 2002 413; x_wconf 91' lang='lat'><strong>0</strong></span> 
     </span>
    </p>
   </div>
   <div class='ocr_carea' id='block_1_3' title="bbox 2108 353 2944 414">
    <p class='ocr_par' dir='ltr' id='par_1_3' title="bbox 2108 353 2944 412">
     <span class='ocr_line' id='line_1_3' title="bbox 2108 353 2944 412; baseline 0 0"><span class='ocrx_word' id='word_1_5' title='bbox 2108 397 2112 412; x_wconf 53' lang='lat'><strong>,</strong></span> <span class='ocrx_word' id='word_1_6' title='bbox 2151 353 2330 410; x_wconf 69' lang='lat' dir='ltr'><strong>PARS</strong></span> <span class='ocrx_word' id='word_1_7' title='bbox 2367 354 2409 410; x_wconf 90' lang='grc'>1.</span> <span class='ocrx_word' id='word_1_8' title='bbox 2463 387 2518 396; x_wconf 94' lang='grc'><strong><em>-</em></strong></span> <span class='ocrx_word' id='word_1_9' title='bbox 2552 353 2944 412; x_wconf 71' lang='lat' dir='ltr'><strong>IIISTORICA.</strong></span> 
     </span>
    </p>
   </div>
   <div class='ocr_carea' id='block_1_4' title="bbox 3556 355 3697 411">
    <p class='ocr_par' dir='ltr' id='par_1_4' title="bbox 3556 355 3697 411">
     <span class='ocr_line' id='line_1_4' title="bbox 3556 355 3697 411; baseline 0.021 -3"><span class='ocrx_word' id='word_1_10' title='bbox 3556 355 3578 408; x_wconf 75' lang='grc'>1</span> <span class='ocrx_word' id='word_1_11' title='bbox 3593 355 3697 411; x_wconf 65' lang='grc'><strong>218</strong></span> 
     </span>
    </p>
   </div>
   <div class='ocr_carea' id='block_1_5' title="bbox 444 473 2002 546">
    <p class='ocr_par' dir='ltr' id='par_1_5' title="bbox 444 476 2002 541">
     <span class='ocr_line' id='line_1_5' title="bbox 444 476 2002 541; baseline -0.003 -6"><span class='ocrx_word' id='word_1_12' title='bbox 444 483 620 536; x_wconf 82' lang='lat' dir='ltr'><strong>tiones</strong></span> <span class='ocrx_word' id='word_1_13' title='bbox 640 480 702 534; x_wconf 86' lang='lat' dir='ltr'><strong>ad</strong></span> <span class='ocrx_word' id='word_1_14' title='bbox 730 478 982 532; x_wconf 76' lang='lat' dir='ltr'><strong>vi&#39;ttttettt</strong></span> <span class='ocrx_word' id='word_1_15' title='bbox 1015 476 1300 530; x_wconf 74' lang='lat' dir='ltr'><strong>hortantes</strong></span> <span class='ocrx_word' id='word_1_16' title='bbox 1317 485 1374 530; x_wconf 91' lang='lat' dir='ltr'><strong>et</strong></span> <span class='ocrx_word' id='word_1_17' title='bbox 1402 488 1433 528; x_wconf 89' lang='lat' dir='ltr'><strong>a</strong></span> <span class='ocrx_word' id='word_1_18' title='bbox 1467 476 1613 530; x_wconf 78' lang='lat' dir='ltr'><strong>vitiis</strong></span> <span class='ocrx_word' id='word_1_19' title='bbox 1634 477 1970 531; x_wconf 83' lang='lat' dir='ltr'><strong>deterrentes</strong></span> <span class='ocrx_word' id='word_1_20' title='bbox 1997 517 2002 541; x_wconf 58' lang='grc' dir='ltr'>ε</span> 
     </span>
    </p>
   </div>
   <div class='ocr_carea' id='block_1_6' title="bbox 2108 473 3698 546">
    <p class='ocr_par' dir='ltr' id='par_1_6' title="bbox 2119 473 3698 546">
     <span class='ocr_line' id='line_1_6' title="bbox 2119 473 3698 546; baseline -0.001 -17"><span class='ocrx_word' id='word_1_21' title='bbox 2119 475 2523 546; x_wconf 80' lang='grc' dir='ltr'>ἀπονεμόμενον</span> <span class='ocrx_word' id='word_1_22' title='bbox 2569 476 2802 546; x_wconf 75' lang='grc' dir='ltr'>ἑκάστῳ,</span> <span class='ocrx_word' id='word_1_23' title='bbox 2841 475 2959 539; x_wconf 82' lang='grc' dir='ltr'><strong>πῶς</strong></span> <span class='ocrx_word' id='word_1_24' title='bbox 3007 473 3127 528; x_wconf 80' lang='grc' dir='ltr'>καθ’</span> <span class='ocrx_word' id='word_1_25' title='bbox 3159 475 3546 546; x_wconf 75' lang='grc' dir='ltr'>εἶμαρμένηνς</span> <span class='ocrx_word' id='word_1_26' title='bbox 3591 475 3698 527; x_wconf 76' lang='grc' dir='ltr'><strong>Νό-</strong></span> 
     </span>
    </p>
   </div>
   <div class='ocr_carea' id='block_1_7' title="bbox 445 570 2014 639">
    <p class='ocr_par' dir='ltr' id='par_1_7' title="bbox 445 570 2014 639">
     <span class='ocr_line' id='line_1_7' title="bbox 445 570 2014 639; baseline -0.001 -15"><span class='ocrx_word' id='word_1_27' title='bbox 445 573 563 627; x_wconf 79' lang='lat' dir='ltr'><strong>lans</strong></span> <span class='ocrx_word' id='word_1_28' title='bbox 601 573 724 626; x_wconf 83' lang='lat' dir='ltr'><strong>item</strong></span> <span class='ocrx_word' id='word_1_29' title='bbox 760 585 820 626; x_wconf 90' lang='lat' dir='ltr'><strong>ac</strong></span> <span class='ocrx_word' id='word_1_30' title='bbox 860 571 1219 639; x_wconf 77' lang='lat' dir='ltr'><strong>vituperatio,</strong></span> <span class='ocrx_word' id='word_1_31' title='bbox 1263 570 1521 638; x_wconf 79' lang='lat' dir='ltr'><strong>supplicia</strong></span> <span class='ocrx_word' id='word_1_32' title='bbox 1551 584 1766 638; x_wconf 83' lang='lat' dir='ltr'><strong>quoque</strong></span> <span class='ocrx_word' id='word_1_33' title='bbox 1799 579 1848 624; x_wconf 89' lang='lat' dir='ltr'><strong>et</strong></span> <span class='ocrx_word' id='word_1_34' title='bbox 1882 583 2014 623; x_wconf 88' lang='lat' dir='ltr'><strong>cun-</strong></span> 
     </span>
    </p>
   </div>
   <div class='ocr_carea' id='block_1_8' title="bbox 443 660 2014 729">
    <p class='ocr_par' dir='ltr' id='par_1_8' title="bbox 443 660 2014 729">
     <span class='ocr_line' id='line_1_8' title="bbox 443 660 2014 729; baseline 0 -13"><span class='ocrx_word' id='word_1_35' title='bbox 443 673 530 716; x_wconf 89' lang='lat' dir='ltr'><strong>cta</strong></span> <span class='ocrx_word' id='word_1_36' title='bbox 575 662 771 728; x_wconf 81' lang='lat' dir='ltr'><strong>quibus</strong></span> <span class='ocrx_word' id='word_1_37' title='bbox 822 661 1068 715; x_wconf 86' lang='lat' dir='ltr'><strong>homines</strong></span> <span class='ocrx_word' id='word_1_38' title='bbox 1113 665 1180 714; x_wconf 84' lang='lat' dir='ltr'><strong>ab</strong></span> <span class='ocrx_word' id='word_1_39' title='bbox 1214 660 1557 729; x_wconf 92' lang='lat' dir='ltr'><strong>improbitate</strong></span> <span class='ocrx_word' id='word_1_40' title='bbox 1611 669 1934 715; x_wconf 82' lang='lat' dir='ltr'><strong>revocantur</strong></span> <span class='ocrx_word' id='word_1_41' title='bbox 1959 669 2014 716; x_wconf 78' lang='lat' dir='ltr'><strong>c:</strong></span> 
     </span>
    </p>
   </div>
   <div class='ocr_carea' id='block_1_9' title="bbox 442 752 2009 832">
    <p class='ocr_par' dir='ltr' id='par_1_9' title="bbox 442 752 2009 832">
     <span class='ocr_line' id='line_1_9' title="bbox 442 752 2009 832; baseline 0.001 -26"><span class='ocrx_word' id='word_1_42' title='bbox 442 755 508 806; x_wconf 83' lang='lat' dir='ltr'><strong>ad</strong></span> <span class='ocrx_word' id='word_1_43' title='bbox 545 754 792 806; x_wconf 73' lang='lat' dir='ltr'><strong>virtutem</strong></span> <span class='ocrx_word' id='word_1_44' title='bbox 830 752 1148 832; x_wconf 83' lang='lat' dir='ltr'><strong>incitantur,</strong></span> <span class='ocrx_word' id='word_1_45' title='bbox 1177 753 1444 823; x_wconf 86' lang='lat' dir='ltr'><strong>quomodo</strong></span> <span class='ocrx_word' id='word_1_46' title='bbox 1477 767 1544 807; x_wconf 80' lang='lat' dir='ltr'><strong>ex</strong></span> <span class='ocrx_word' id='word_1_47' title='bbox 1583 752 1796 808; x_wconf 75' lang='lat' dir='ltr'><strong>fortuna</strong></span> <span class='ocrx_word' id='word_1_48' title='bbox 1835 768 1898 808; x_wconf 87' lang='lat' dir='ltr'><strong>ac</strong></span> <span class='ocrx_word' id='word_1_49' title='bbox 1931 762 2009 807; x_wconf 90' lang='lat' dir='ltr'><strong>te-</strong></span> 
     </span>
    </p>
   </div>
   <div class='ocr_carea' id='block_1_10' title="bbox 440 844 2008 917">
    <p class='ocr_par' dir='ltr' id='par_1_10' title="bbox 440 844 2008 917">
     <span class='ocr_line' id='line_1_10' title="bbox 440 844 2008 917; baseline 0.001 -19"><span class='ocrx_word' id='word_1_50' title='bbox 440 844 677 898; x_wconf 77' lang='lat' dir='ltr'><strong>merario</strong></span> <span class='ocrx_word' id='word_1_51' title='bbox 713 859 867 908; x_wconf 84' lang='lat' dir='ltr'><strong>casu,</strong></span> <span class='ocrx_word' id='word_1_52' title='bbox 912 860 976 900; x_wconf 90' lang='lat' dir='ltr'><strong>ac</strong></span> <span class='ocrx_word' id='word_1_53' title='bbox 1037 860 1143 900; x_wconf 92' lang='lat' dir='ltr'><strong>non</strong></span> <span class='ocrx_word' id='word_1_54' title='bbox 1196 846 1374 915; x_wconf 88' lang='lat' dir='ltr'><strong>potius</strong></span> <span class='ocrx_word' id='word_1_55' title='bbox 1422 863 1487 900; x_wconf 86' lang='lat' dir='ltr'><strong>ex</strong></span> <span class='ocrx_word' id='word_1_56' title='bbox 1527 847 1734 916; x_wconf 88' lang='lat' dir='ltr'><strong>justitia</strong></span> <span class='ocrx_word' id='word_1_57' title='bbox 1767 861 1888 917; x_wconf 73' lang='lat' dir='ltr'><strong>quae</strong></span> <span class='ocrx_word' id='word_1_58' title='bbox 1919 847 2008 901; x_wconf 89' lang='lat' dir='ltr'><strong>Dei</strong></span> 
     </span>
    </p>
   </div>
   <div class='ocr_carea' id='block_1_11' title="bbox 437 935 2007 1006">
    <p class='ocr_par' dir='ltr' id='par_1_11' title="bbox 437 935 2007 1006">
     <span class='ocr_line' id='line_1_11' title="bbox 437 935 2007 1006; baseline 0.001 -18"><span class='ocrx_word' id='word_1_59' title='bbox 437 935 775 1004; x_wconf 83' lang='lat' dir='ltr'><strong>providentis</strong></span> <span class='ocrx_word' id='word_1_60' title='bbox 800 936 1015 1006; x_wconf 89' lang='lat' dir='ltr'><strong>propria</strong></span> <span class='ocrx_word' id='word_1_61' title='bbox 1046 946 1147 1000; x_wconf 90' lang='lat' dir='ltr'><strong>est,</strong></span> <span class='ocrx_word' id='word_1_62' title='bbox 1175 935 1447 1006; x_wconf 83' lang='lat' dir='ltr'><strong>proficisci</strong></span> <span class='ocrx_word' id='word_1_63' title='bbox 1473 937 1763 992; x_wconf 82' lang='lat' dir='ltr'><strong>dicantur?</strong></span> <span class='ocrx_word' id='word_1_64' title='bbox 1795 937 2007 992; x_wconf 86' lang='lat' dir='ltr'><strong>Etenim</strong></span> 
     </span>
    </p>
   </div>
   <div class='ocr_carea' id='block_1_12' title="bbox 438 1025 2010 1101">
    <p class='ocr_par' dir='ltr' id='par_1_12' title="bbox 438 1025 2010 1101">
     <span class='ocr_line' id='line_1_12' title="bbox 438 1025 2010 1101; baseline 0.003 -21"><span class='ocrx_word' id='word_1_65' title='bbox 438 1026 528 1081; x_wconf 85' lang='lat' dir='ltr'><strong>ille</strong></span> <span class='ocrx_word' id='word_1_66' title='bbox 567 1025 878 1081; x_wconf 89' lang='lat' dir='ltr'><strong>hominibus</strong></span> <span class='ocrx_word' id='word_1_67' title='bbox 935 1041 998 1081; x_wconf 88' lang='lat' dir='ltr'><strong>ea</strong></span> <span class='ocrx_word' id='word_1_68' title='bbox 1047 1028 1258 1092; x_wconf 87' lang='lat' dir='ltr'><strong>tribuit,</strong></span> <span class='ocrx_word' id='word_1_69' title='bbox 1295 1043 1414 1097; x_wconf 65' lang='lat' dir='ltr'><strong>quae</strong></span> <span class='ocrx_word' id='word_1_70' title='bbox 1466 1040 1746 1084; x_wconf 88' lang='lat' dir='ltr'><strong>merentur</strong></span> <span class='ocrx_word' id='word_1_71' title='bbox 1793 1041 2010 1101; x_wconf 87' lang='lat' dir='ltr'><strong>propter</strong></span> 
     </span>
    </p>
   </div>
   <div class='ocr_carea' id='block_1_13' title="bbox 435 1119 2012 1191">
    <p class='ocr_par' dir='ltr' id='par_1_13' title="bbox 435 1119 2012 1191">
     <span class='ocr_line' id='line_1_13' title="bbox 435 1119 2012 1191; baseline 0.003 -18"><span class='ocrx_word' id='word_1_72' title='bbox 435 1119 578 1174; x_wconf 83' lang='lat' dir='ltr'><strong>hanc</strong></span> <span class='ocrx_word' id='word_1_73' title='bbox 609 1129 705 1172; x_wconf 86' lang='lat' dir='ltr'><strong>aut</strong></span> <span class='ocrx_word' id='word_1_74' title='bbox 748 1119 895 1172; x_wconf 77' lang='lat' dir='ltr'><strong>illam</strong></span> <span class='ocrx_word' id='word_1_75' title='bbox 948 1120 1161 1174; x_wconf 80' lang='lat' dir='ltr'><strong>vivendi</strong></span> <span class='ocrx_word' id='word_1_76' title='bbox 1199 1121 1461 1176; x_wconf 89' lang='lat' dir='ltr'><strong>rationem</strong></span> <span class='ocrx_word' id='word_1_77' title='bbox 1498 1123 1812 1191; x_wconf 77' lang='lat' dir='ltr'><strong>:ingruente</strong></span> <span class='ocrx_word' id='word_1_78' title='bbox 1845 1124 2012 1178; x_wconf 59' lang='lat' dir='ltr'><strong>inter:</strong></span> 
     </span>
    </p>
   </div>
   <div class='ocr_carea' id='block_1_14' title="bbox 437 1211 2008 1281">
    <p class='ocr_par' dir='ltr' id='par_1_14' title="bbox 437 1211 2008 1281">
     <span class='ocr_line' id='line_1_14' title="bbox 437 1211 2008 1281; baseline 0.006 -20"><span class='ocrx_word' id='word_1_79' title='bbox 437 1212 564 1264; x_wconf 81' lang='lat' dir='ltr'><strong>dum</strong></span> <span class='ocrx_word' id='word_1_80' title='bbox 595 1211 945 1281; x_wconf 69' lang='lat' dir='ltr'><strong>ipestilentia,</strong></span> <span class='ocrx_word' id='word_1_81' title='bbox 1000 1213 1300 1277; x_wconf 85' lang='lat' dir='ltr'><strong>seditione,</strong></span> <span class='ocrx_word' id='word_1_82' title='bbox 1352 1214 1678 1279; x_wconf 81' lang='lat' dir='ltr'><strong>sterilitate,</strong></span> <span class='ocrx_word' id='word_1_83' title='bbox 1736 1215 2008 1271; x_wconf 85' lang='lat' dir='ltr'><strong>interdum</strong></span> 
     </span>
    </p>
   </div>
   <div class='ocr_carea' id='block_1_15' title="bbox 435 1302 2008 1376">
    <p class='ocr_par' dir='ltr' id='par_1_15' title="bbox 435 1302 2008 1376">
     <span class='ocr_line' id='line_1_15' title="bbox 435 1302 2008 1376; baseline 0.006 -22"><span class='ocrx_word' id='word_1_84' title='bbox 435 1303 686 1358; x_wconf 82' lang='lat' dir='ltr'><strong>ubertate</strong></span> <span class='ocrx_word' id='word_1_85' title='bbox 741 1302 955 1374; x_wconf 85' lang='lat' dir='ltr'><strong>frugum</strong></span> <span class='ocrx_word' id='word_1_86' title='bbox 1008 1307 1352 1368; x_wconf 90' lang='lat' dir='ltr'><strong>succedente,</strong></span> <span class='ocrx_word' id='word_1_87' title='bbox 1377 1306 1692 1376; x_wconf 86' lang='lat' dir='ltr'><strong>cunctisque</strong></span> <span class='ocrx_word' id='word_1_88' title='bbox 1721 1308 1804 1363; x_wconf 88' lang='lat' dir='ltr'><strong>his</strong></span> <span class='ocrx_word' id='word_1_89' title='bbox 1848 1308 2008 1364; x_wconf 84' lang='lat' dir='ltr'><strong>rebus</strong></span> 
     </span>
    </p>
   </div>
   <div class='ocr_carea' id='block_1_16' title="bbox 435 1395 2007 1466">
    <p class='ocr_par' dir='ltr' id='par_1_16' title="bbox 435 1395 2007 1466">
     <span class='ocr_line' id='line_1_16' title="bbox 435 1395 2007 1466; baseline 0.004 -22"><span class='ocrx_word' id='word_1_90' title='bbox 435 1403 649 1446; x_wconf 82' lang='lat' dir='ltr'><strong>tantum</strong></span> <span class='ocrx_word' id='word_1_91' title='bbox 680 1410 783 1448; x_wconf 92' lang='lat' dir='ltr'><strong>non</strong></span> <span class='ocrx_word' id='word_1_92' title='bbox 820 1395 962 1449; x_wconf 73' lang='lat' dir='ltr'><strong>edita</strong></span> <span class='ocrx_word' id='word_1_93' title='bbox 994 1409 1123 1448; x_wconf 88' lang='lat' dir='ltr'><strong>voce</strong></span> <span class='ocrx_word' id='word_1_94' title='bbox 1168 1395 1373 1449; x_wconf 87' lang='lat' dir='ltr'><strong>diserte</strong></span> <span class='ocrx_word' id='word_1_95' title='bbox 1419 1395 1880 1466; x_wconf 80' lang='lat' dir='ltr'><strong>signiﬁcantibus,</strong></span> <span class='ocrx_word' id='word_1_96' title='bbox 1910 1400 2007 1452; x_wconf 91' lang='lat' dir='ltr'><strong>hu-</strong></span> 
     </span>
    </p>
   </div>
   <div class='ocr_carea' id='block_1_17' title="bbox 430 1481 2008 1558">
    <p class='ocr_par' dir='ltr' id='par_1_17' title="bbox 430 1481 2008 1558">
     <span class='ocr_line' id='line_1_17' title="bbox 430 1481 2008 1558; baseline 0.007 -26"><span class='ocrx_word' id='word_1_97' title='bbox 430 1481 661 1549; x_wconf 85' lang='lat' dir='ltr'><strong>jnsmodi</strong></span> <span class='ocrx_word' id='word_1_98' title='bbox 715 1486 898 1538; x_wconf 89' lang='lat' dir='ltr'><strong>omnia</strong></span> <span class='ocrx_word' id='word_1_99' title='bbox 952 1494 1151 1540; x_wconf 91' lang='lat' dir='ltr'><strong>nostrae</strong></span> <span class='ocrx_word' id='word_1_100' title='bbox 1212 1487 1425 1541; x_wconf 83' lang='lat' dir='ltr'><strong>vivendi</strong></span> <span class='ocrx_word' id='word_1_101' title='bbox 1484 1487 1680 1541; x_wconf 83' lang='lat' dir='ltr'><strong>rationi</strong></span> <span class='ocrx_word' id='word_1_102' title='bbox 1733 1488 2008 1558; x_wconf 85' lang='lat' dir='ltr'><strong>aptissime</strong></span> 
     </span>
    </p>
   </div>
   <div class='ocr_carea' id='block_1_18' title="bbox 433 1577 2009 1650">
    <p class='ocr_par' dir='ltr' id='par_1_18' title="bbox 433 1577 2009 1650">
     <span class='ocr_line' id='line_1_18' title="bbox 433 1577 2009 1650; baseline 0.003 -22"><span class='ocrx_word' id='word_1_103' title='bbox 433 1578 748 1631; x_wconf 77' lang='lat' dir='ltr'><strong>convenire.</strong></span> <span class='ocrx_word' id='word_1_104' title='bbox 785 1577 992 1646; x_wconf 85' lang='lat' dir='ltr'><strong>Quippe</strong></span> <span class='ocrx_word' id='word_1_105' title='bbox 1015 1579 1198 1633; x_wconf 86' lang='lat' dir='ltr'><strong>divina</strong></span> <span class='ocrx_word' id='word_1_106' title='bbox 1232 1580 1535 1634; x_wconf 80' lang='lat' dir='ltr'><strong>substantia</strong></span> <span class='ocrx_word' id='word_1_107' title='bbox 1574 1578 1851 1634; x_wconf 89' lang='lat' dir='ltr'><strong>hominum</strong></span> <span class='ocrx_word' id='word_1_108' title='bbox 1885 1580 2009 1650; x_wconf 84' lang='lat' dir='ltr'><strong>qui-</strong></span> 
     </span>
    </p>
   </div>
   <div class='ocr_carea' id='block_1_19' title="bbox 432 1668 2008 1736">
    <p class='ocr_par' dir='ltr' id='par_1_19' title="bbox 432 1668 2008 1736">
     <span class='ocr_line' id='line_1_19' title="bbox 432 1668 2008 1736; baseline 0.003 -18"><span class='ocrx_word' id='word_1_109' title='bbox 432 1668 558 1719; x_wconf 81' lang='lat' dir='ltr'><strong>dem</strong></span> <span class='ocrx_word' id='word_1_110' title='bbox 600 1668 869 1736; x_wconf 80' lang='lat' dir='ltr'><strong>probitate</strong></span> <span class='ocrx_word' id='word_1_111' title='bbox 900 1668 1233 1730; x_wconf 86' lang='lat' dir='ltr'><strong>delectatur,</strong></span> <span class='ocrx_word' id='word_1_112' title='bbox 1296 1685 1512 1723; x_wconf 92' lang='lat' dir='ltr'><strong>omnem</strong></span> <span class='ocrx_word' id='word_1_113' title='bbox 1553 1685 1682 1723; x_wconf 89' lang='lat' dir='ltr'><strong>vero</strong></span> <span class='ocrx_word' id='word_1_114' title='bbox 1727 1679 2008 1724; x_wconf 88' lang='lat' dir='ltr'><strong>aversatur</strong></span> 
     </span>
    </p>
   </div>
   <div class='ocr_carea' id='block_1_20' title="bbox 433 1758 2006 1826">
    <p class='ocr_par' dir='ltr' id='par_1_20' title="bbox 433 1758 2006 1826">
     <span class='ocr_line' id='line_1_20' title="bbox 433 1758 2006 1826; baseline 0.003 -16"><span class='ocrx_word' id='word_1_115' title='bbox 433 1758 791 1826; x_wconf 84' lang='lat' dir='ltr'><strong>impietatem.</strong></span> <span class='ocrx_word' id='word_1_116' title='bbox 825 1759 889 1812; x_wconf 85' lang='lat' dir='ltr'><strong>Et</strong></span> <span class='ocrx_word' id='word_1_117' title='bbox 912 1760 1051 1814; x_wconf 89' lang='lat' dir='ltr'><strong>sicut</strong></span> <span class='ocrx_word' id='word_1_118' title='bbox 1083 1760 1322 1814; x_wconf 89' lang='lat' dir='ltr'><strong>animum</strong></span> <span class='ocrx_word' id='word_1_119' title='bbox 1360 1763 1427 1815; x_wconf 90' lang='lat' dir='ltr'><strong>de</strong></span> <span class='ocrx_word' id='word_1_120' title='bbox 1449 1776 1508 1816; x_wconf 90' lang='lat' dir='ltr'><strong>se</strong></span> <span class='ocrx_word' id='word_1_121' title='bbox 1537 1761 1745 1815; x_wconf 90' lang='lat' dir='ltr'><strong>modice</strong></span> <span class='ocrx_word' id='word_1_122' title='bbox 1766 1761 2006 1815; x_wconf 84' lang='lat' dir='ltr'><strong>sentien-</strong></span> 
     </span>
    </p>
   </div>
   <div class='ocr_carea' id='block_1_21' title="bbox 2117 566 3696 639">
    <p class='ocr_par' dir='ltr' id='par_1_21' title="bbox 2117 566 3696 639">
     <span class='ocr_line' id='line_1_21' title="bbox 2117 566 3696 639; baseline -0.001 -19"><span class='ocrx_word' id='word_1_123' title='bbox 2117 583 2206 638; x_wconf 82' lang='grc' dir='ltr'><strong>μοι</strong></span> <span class='ocrx_word' id='word_1_124' title='bbox 2242 567 2298 621; x_wconf 78' lang='grc' dir='ltr'>δὲ</span> <span class='ocrx_word' id='word_1_125' title='bbox 2338 567 2431 620; x_wconf 76' lang='grc' dir='ltr'>καὶ</span> <span class='ocrx_word' id='word_1_126' title='bbox 2471 568 2778 639; x_wconf 76' lang='grc' dir='ltr'>προτροπαὶ</span> <span class='ocrx_word' id='word_1_127' title='bbox 2810 568 2904 620; x_wconf 79' lang='grc' dir='ltr'><strong>ἐπὶ</strong></span> <span class='ocrx_word' id='word_1_128' title='bbox 2948 567 3178 638; x_wconf 76' lang='grc' dir='ltr'>ἀρετὴν,</span> <span class='ocrx_word' id='word_1_129' title='bbox 3231 566 3326 619; x_wconf 75' lang='grc' dir='ltr'>καὶ</span> <span class='ocrx_word' id='word_1_130' title='bbox 3378 566 3696 637; x_wconf 75' lang='grc' dir='ltr'>ἀποτροπαὶ</span> 
     </span>
    </p>
   </div>
   <div class='ocr_carea' id='block_1_22' title="bbox 2111 657 3696 731">
    <p class='ocr_par' dir='ltr' id='par_1_22' title="bbox 2111 657 3696 731">
     <span class='ocr_line' id='line_1_22' title="bbox 2111 657 3696 731; baseline -0.001 -19"><span class='ocrx_word' id='word_1_131' title='bbox 2111 658 2218 712; x_wconf 74' lang='grc' dir='ltr'><strong>ἀπὸ</strong></span> <span class='ocrx_word' id='word_1_132' title='bbox 2261 657 2367 712; x_wconf 86' lang='grc' dir='ltr'><strong>τῶν</strong></span> <span class='ocrx_word' id='word_1_133' title='bbox 2413 659 2484 731; x_wconf 80' lang='grc' dir='ltr'>μὴ</span> <span class='ocrx_word' id='word_1_134' title='bbox 2517 659 2766 723; x_wconf 80' lang='grc' dir='ltr'><strong>δεόντων,</strong></span> <span class='ocrx_word' id='word_1_135' title='bbox 2796 659 2888 712; x_wconf 77' lang='grc' dir='ltr'>καὶ</span> <span class='ocrx_word' id='word_1_136' title='bbox 2920 659 3132 712; x_wconf 76' lang='grc' dir='ltr'>ἔπαινοι</span> <span class='ocrx_word' id='word_1_137' title='bbox 3174 658 3271 711; x_wconf 70' lang='grc' dir='ltr'>καὶ</span> <span class='ocrx_word' id='word_1_138' title='bbox 3302 657 3487 728; x_wconf 68' lang='grc' dir='ltr'>ψόγοι,</span> <span class='ocrx_word' id='word_1_139' title='bbox 3522 675 3696 728; x_wconf 82' lang='grc' dir='ltr'>τιμω-</span> 
     </span>
    </p>
   </div>
   <div class='ocr_carea' id='block_1_23' title="bbox 2113 749 3693 822">
    <p class='ocr_par' dir='ltr' id='par_1_23' title="bbox 2113 749 3693 822">
     <span class='ocr_line' id='line_1_23' title="bbox 2113 749 3693 822; baseline 0 -20"><span class='ocrx_word' id='word_1_140' title='bbox 2113 751 2222 822; x_wconf 85' lang='grc' dir='ltr'>ρίαι</span> <span class='ocrx_word' id='word_1_141' title='bbox 2256 767 2316 804; x_wconf 91' lang='grc' dir='ltr'><strong>τε</strong></span> <span class='ocrx_word' id='word_1_142' title='bbox 2361 751 2456 804; x_wconf 76' lang='grc' dir='ltr'>καὶ</span> <span class='ocrx_word' id='word_1_143' title='bbox 2499 750 2658 804; x_wconf 83' lang='grc' dir='ltr'>πάνθ’</span> <span class='ocrx_word' id='word_1_144' title='bbox 2689 752 2790 804; x_wconf 84' lang='grc' dir='ltr'>ὅσα</span> <span class='ocrx_word' id='word_1_145' title='bbox 2835 749 3142 821; x_wconf 85' lang='grc' dir='ltr'>παρακαλεῖ</span> <span class='ocrx_word' id='word_1_146' title='bbox 3185 750 3284 821; x_wconf 87' lang='grc' dir='ltr'>μὲν</span> <span class='ocrx_word' id='word_1_147' title='bbox 3323 750 3418 802; x_wconf 71' lang='grc' dir='ltr'><strong>ἐπὶ</strong></span> <span class='ocrx_word' id='word_1_148' title='bbox 3466 749 3693 822; x_wconf 77' lang='grc' dir='ltr'>ἀρετὴν.</span> 
     </span>
    </p>
   </div>
   <div class='ocr_carea' id='block_1_24' title="bbox 2110 838 3692 911">
    <p class='ocr_par' dir='ltr' id='par_1_24' title="bbox 2110 838 3692 911">
     <span class='ocr_line' id='line_1_24' title="bbox 2110 838 3692 911; baseline -0.001 -17"><span class='ocrx_word' id='word_1_149' title='bbox 2110 840 2312 909; x_wconf 84' lang='grc' dir='ltr'>ἀπάγει</span> <span class='ocrx_word' id='word_1_150' title='bbox 2349 841 2392 892; x_wconf 78' lang='grc' dir='ltr'>δ’</span> <span class='ocrx_word' id='word_1_151' title='bbox 2437 840 2546 894; x_wconf 80' lang='grc' dir='ltr'>ἀπὸ</span> <span class='ocrx_word' id='word_1_152' title='bbox 2590 839 2878 911; x_wconf 80' lang='grc' dir='ltr'><strong>πονηρίας,</strong></span> <span class='ocrx_word' id='word_1_153' title='bbox 2913 838 3029 903; x_wconf 84' lang='grc' dir='ltr'><strong>πῶς</strong></span> <span class='ocrx_word' id='word_1_154' title='bbox 3073 839 3172 892; x_wconf 73' lang='grc' dir='ltr'>οὐκ</span> <span class='ocrx_word' id='word_1_155' title='bbox 3209 841 3273 892; x_wconf 78' lang='grc' dir='ltr'>ὲκ</span> <span class='ocrx_word' id='word_1_156' title='bbox 3315 838 3692 909; x_wconf 76' lang='grc' dir='ltr'><strong>δικαιοσύνης,</strong></span> 
     </span>
    </p>
   </div>
   <div class='ocr_carea' id='block_1_25' title="bbox 2109 929 3696 1003">
    <p class='ocr_par' dir='ltr' id='par_1_25' title="bbox 2109 929 3696 1003">
     <span class='ocr_line' id='line_1_25' title="bbox 2109 929 3696 1003; baseline -0.001 -19"><span class='ocrx_word' id='word_1_157' title='bbox 2109 932 2231 1003; x_wconf 84' lang='grc' dir='ltr'>ἧτις</span> <span class='ocrx_word' id='word_1_158' title='bbox 2276 931 2422 985; x_wconf 71' lang='grc' dir='ltr'>ἐστὶν</span> <span class='ocrx_word' id='word_1_159' title='bbox 2482 930 2586 984; x_wconf 86' lang='grc' dir='ltr'>ίδία</span> <span class='ocrx_word' id='word_1_160' title='bbox 2629 930 2763 984; x_wconf 83' lang='grc' dir='ltr'><strong>Θεοῦ</strong></span> <span class='ocrx_word' id='word_1_161' title='bbox 2797 931 3224 1001; x_wconf 78' lang='grc' dir='ltr'>προνοουμένου,</span> <span class='ocrx_word' id='word_1_162' title='bbox 3261 930 3375 984; x_wconf 88' lang='grc' dir='ltr'>ἀλλ’</span> <span class='ocrx_word' id='word_1_163' title='bbox 3404 931 3474 982; x_wconf 81' lang='grc' dir='ltr'>ὲκ</span> <span class='ocrx_word' id='word_1_164' title='bbox 3521 929 3696 1000; x_wconf 82' lang='grc' dir='ltr'>τύχης</span> 
     </span>
    </p>
   </div>
   <div class='ocr_carea' id='block_1_26' title="bbox 2107 1020 3697 1094">
    <p class='ocr_par' dir='ltr' id='par_1_26' title="bbox 2107 1020 3697 1094">
     <span class='ocr_line' id='line_1_26' title="bbox 2107 1020 3697 1094; baseline -0.001 -19"><span class='ocrx_word' id='word_1_165' title='bbox 2107 1022 2144 1094; x_wconf 77' lang='grc' dir='ltr'><strong>ἢ</strong></span> <span class='ocrx_word' id='word_1_166' title='bbox 2199 1021 2293 1075; x_wconf 89' lang='grc' dir='ltr'><strong>τοῦ</strong></span> <span class='ocrx_word' id='word_1_167' title='bbox 2333 1022 2638 1093; x_wconf 81' lang='grc' dir='ltr'><strong>αὐτομάτου</strong></span> <span class='ocrx_word' id='word_1_168' title='bbox 2698 1022 2958 1094; x_wconf 79' lang='grc' dir='ltr'><strong>συστῆναι</strong></span> <span class='ocrx_word' id='word_1_169' title='bbox 3009 1021 3261 1093; x_wconf 88' lang='grc' dir='ltr'>λέγεται;</span> <span class='ocrx_word' id='word_1_170' title='bbox 3300 1021 3400 1076; x_wconf 85' lang='grc' dir='ltr'>Διά</span> <span class='ocrx_word' id='word_1_171' title='bbox 3445 1020 3560 1093; x_wconf 91' lang='grc' dir='ltr'><strong>γάρ</strong></span> <span class='ocrx_word' id='word_1_172' title='bbox 3598 1021 3697 1074; x_wconf 81' lang='grc' dir='ltr'>τὸν</span> 
     </span>
    </p>
   </div>
   <div class='ocr_carea' id='block_1_27' title="bbox 2111 1113 3695 1188">
    <p class='ocr_par' dir='ltr' id='par_1_27' title="bbox 2111 1113 3695 1188">
     <span class='ocr_line' id='line_1_27' title="bbox 2111 1113 3695 1188; baseline 0.001 -21"><span class='ocrx_word' id='word_1_173' title='bbox 2111 1115 2263 1168; x_wconf 80' lang='grc' dir='ltr'>ποιὸν</span> <span class='ocrx_word' id='word_1_174' title='bbox 2306 1113 2417 1186; x_wconf 79' lang='grc'>(20)</span> <span class='ocrx_word' id='word_1_175' title='bbox 2457 1115 2564 1168; x_wconf 85' lang='grc' dir='ltr'><strong>τῶν</strong></span> <span class='ocrx_word' id='word_1_176' title='bbox 2597 1114 2898 1188; x_wconf 86' lang='grc' dir='ltr'>ἀνθρώπων</span> <span class='ocrx_word' id='word_1_177' title='bbox 2932 1114 3046 1187; x_wconf 85' lang='grc' dir='ltr'>βίον</span> <span class='ocrx_word' id='word_1_178' title='bbox 3071 1155 3085 1179; x_wconf 94' lang='grc'><strong>,</strong></span> <span class='ocrx_word' id='word_1_179' title='bbox 3132 1116 3228 1169; x_wconf 75' lang='grc' dir='ltr'>καὶ</span> <span class='ocrx_word' id='word_1_180' title='bbox 3269 1114 3331 1168; x_wconf 81' lang='grc' dir='ltr'>τὸ</span> <span class='ocrx_word' id='word_1_181' title='bbox 3363 1115 3486 1168; x_wconf 76' lang='grc' dir='ltr'>κατ’</span> <span class='ocrx_word' id='word_1_182' title='bbox 3534 1113 3695 1180; x_wconf 80' lang='grc' dir='ltr'>ἀξίαν</span> 
     </span>
    </p>
   </div>
   <div class='ocr_carea' id='block_1_28' title="bbox 2109 1203 3692 1276">
    <p class='ocr_par' dir='ltr' id='par_1_28' title="bbox 2109 1203 3692 1276">
     <span class='ocr_line' id='line_1_28' title="bbox 2109 1203 3692 1276; baseline -0.001 -20"><span class='ocrx_word' id='word_1_183' title='bbox 2109 1205 2355 1276; x_wconf 77' lang='grc' dir='ltr'>ἅπαντᾷ-</span> <span class='ocrx_word' id='word_1_184' title='bbox 2397 1204 2600 1276; x_wconf 80' lang='grc' dir='ltr'><strong>λοιμῶν</strong></span> <span class='ocrx_word' id='word_1_185' title='bbox 2635 1204 2746 1258; x_wconf 75' lang='grc' dir='ltr'>ἐσθ’</span> <span class='ocrx_word' id='word_1_186' title='bbox 2778 1205 2867 1259; x_wconf 80' lang='grc' dir='ltr'>ὅτε</span> <span class='ocrx_word' id='word_1_187' title='bbox 2914 1207 3008 1259; x_wconf 76' lang='grc' dir='ltr'>καὶ</span> <span class='ocrx_word' id='word_1_188' title='bbox 3054 1205 3314 1270; x_wconf 90' lang='grc' dir='ltr'>στάσεων,</span> <span class='ocrx_word' id='word_1_189' title='bbox 3349 1203 3591 1274; x_wconf 81' lang='grc' dir='ltr'>ἀφορίας</span> <span class='ocrx_word' id='word_1_190' title='bbox 3631 1218 3692 1256; x_wconf 79' lang='grc' dir='ltr'><strong>τε</strong></span> 
     </span>
    </p>
   </div>
   <div class='ocr_carea' id='block_1_29' title="bbox 2108 1293 3695 1368">
    <p class='ocr_par' dir='ltr' id='par_1_29' title="bbox 2108 1293 3695 1368">
     <span class='ocr_line' id='line_1_29' title="bbox 2108 1293 3695 1368; baseline -0.003 -19"><span class='ocrx_word' id='word_1_191' title='bbox 2108 1297 2201 1349; x_wconf 76' lang='grc' dir='ltr'>καὶ</span> <span class='ocrx_word' id='word_1_192' title='bbox 2231 1295 2486 1366; x_wconf 78' lang='grc' dir='ltr'>εύφορίας</span> <span class='ocrx_word' id='word_1_193' title='bbox 2510 1296 3034 1362; x_wconf 74' lang='grc' dir='ltr'>ἐπακολουθούντων,</span> <span class='ocrx_word' id='word_1_194' title='bbox 3062 1296 3310 1368; x_wconf 80' lang='grc' dir='ltr'>φανερῶς</span> <span class='ocrx_word' id='word_1_195' title='bbox 3337 1312 3396 1348; x_wconf 83' lang='grc' dir='ltr'><strong>τε</strong></span> <span class='ocrx_word' id='word_1_196' title='bbox 3417 1295 3516 1347; x_wconf 75' lang='grc' dir='ltr'>καὶ</span> <span class='ocrx_word' id='word_1_197' title='bbox 3539 1293 3695 1365; x_wconf 82' lang='grc' dir='ltr'>διαρ-</span> 
     </span>
    </p>
   </div>
   <div class='ocr_carea' id='block_1_30' title="bbox 2109 1385 3692 1461">
    <p class='ocr_par' dir='ltr' id='par_1_30' title="bbox 2109 1385 3692 1461">
     <span class='ocr_line' id='line_1_30' title="bbox 2109 1385 3692 1461; baseline 0 -23"><span class='ocrx_word' id='word_1_198' title='bbox 2109 1386 2274 1458; x_wconf 75' lang='grc' dir='ltr'>ρήδην</span> <span class='ocrx_word' id='word_1_199' title='bbox 2309 1389 2588 1460; x_wconf 77' lang='grc' dir='ltr'>μονονουχὶ</span> <span class='ocrx_word' id='word_1_200' title='bbox 2622 1389 2802 1461; x_wconf 77' lang='grc' dir='ltr'>φωνὴν</span> <span class='ocrx_word' id='word_1_201' title='bbox 2832 1389 3120 1457; x_wconf 78' lang='grc' dir='ltr'>ἀφιέντων,</span> <span class='ocrx_word' id='word_1_202' title='bbox 3148 1388 3228 1441; x_wconf 87' lang='grc' dir='ltr'>ὅτι</span> <span class='ocrx_word' id='word_1_203' title='bbox 3263 1389 3444 1442; x_wconf 82' lang='grc' dir='ltr'>πάντα</span> <span class='ocrx_word' id='word_1_204' title='bbox 3478 1385 3551 1438; x_wconf 79' lang='grc' dir='ltr'><strong>τὰ</strong></span> <span class='ocrx_word' id='word_1_205' title='bbox 3578 1402 3692 1439; x_wconf 86' lang='grc' dir='ltr'>τοι-</span> 
     </span>
    </p>
   </div>
   <div class='ocr_carea' id='block_1_31' title="bbox 2107 1478 3692 1552">
    <p class='ocr_par' dir='ltr' id='par_1_31' title="bbox 2107 1478 3692 1552">
     <span class='ocr_line' id='line_1_31' title="bbox 2107 1478 3692 1552; baseline -0.001 -19"><span class='ocrx_word' id='word_1_206' title='bbox 2107 1478 2246 1533; x_wconf 87' lang='grc' dir='ltr'>αῦτα</span> <span class='ocrx_word' id='word_1_207' title='bbox 2300 1479 2412 1548; x_wconf 79' lang='grc'>(21)</span> <span class='ocrx_word' id='word_1_208' title='bbox 2441 1484 2552 1545; x_wconf 89' lang='grc' dir='ltr'>τοῖς</span> <span class='ocrx_word' id='word_1_209' title='bbox 2577 1481 2864 1552; x_wconf 80' lang='grc' dir='ltr'><strong>ἡμετέροις</strong></span> <span class='ocrx_word' id='word_1_210' title='bbox 2898 1480 3032 1551; x_wconf 83' lang='grc' dir='ltr'>βίοις</span> <span class='ocrx_word' id='word_1_211' title='bbox 3061 1481 3424 1551; x_wconf 85' lang='grc' dir='ltr'>ὲφήρμοσται.</span> <span class='ocrx_word' id='word_1_212' title='bbox 3475 1479 3542 1532; x_wconf 84' lang='grc' dir='ltr'><strong>Ἦ</strong></span> <span class='ocrx_word' id='word_1_213' title='bbox 3581 1478 3692 1550; x_wconf 86' lang='grc' dir='ltr'><strong>γάρ</strong></span> 
     </span>
    </p>
   </div>
   <div class='ocr_carea' id='block_1_32' title="bbox 2106 1570 3692 1644">
    <p class='ocr_par' dir='ltr' id='par_1_32' title="bbox 2106 1570 3692 1644">
     <span class='ocr_line' id='line_1_32' title="bbox 2106 1570 3692 1644; baseline -0.001 -20"><span class='ocrx_word' id='word_1_214' title='bbox 2106 1589 2188 1624; x_wconf 91' lang='grc' dir='ltr'><strong>τοι</strong></span> <span class='ocrx_word' id='word_1_215' title='bbox 2244 1572 2403 1626; x_wconf 82' lang='grc' dir='ltr'>οὐσία</span> <span class='ocrx_word' id='word_1_216' title='bbox 2455 1572 2636 1644; x_wconf 83' lang='grc' dir='ltr'>χαίρει</span> <span class='ocrx_word' id='word_1_217' title='bbox 2682 1572 2782 1644; x_wconf 86' lang='grc' dir='ltr'>μὲν</span> <span class='ocrx_word' id='word_1_218' title='bbox 2847 1573 3137 1637; x_wconf 82' lang='grc' dir='ltr'>εὐδοκίαις,</span> <span class='ocrx_word' id='word_1_219' title='bbox 3191 1571 3602 1642; x_wconf 72' lang='grc' dir='ltr'><strong>ἀποστρέφεται</strong></span> <span class='ocrx_word' id='word_1_220' title='bbox 3635 1570 3692 1623; x_wconf 76' lang='grc' dir='ltr'>δὲ</span> 
     </span>
    </p>
   </div>
   <div class='ocr_carea' id='block_1_33' title="bbox 2107 1659 3692 1735">
    <p class='ocr_par' dir='ltr' id='par_1_33' title="bbox 2107 1659 3692 1735">
     <span class='ocr_line' id='line_1_33' title="bbox 2107 1659 3692 1735; baseline -0.001 -22"><span class='ocrx_word' id='word_1_221' title='bbox 2107 1663 2286 1714; x_wconf 79' lang='grc' dir='ltr'>πᾶσαν</span> <span class='ocrx_word' id='word_1_222' title='bbox 2311 1661 2658 1716; x_wconf 81' lang='grc' dir='ltr'>δυσσέϐειαν·</span> <span class='ocrx_word' id='word_1_223' title='bbox 2699 1663 2791 1717; x_wconf 78' lang='grc' dir='ltr'>καὶ</span> <span class='ocrx_word' id='word_1_224' title='bbox 2835 1663 2896 1716; x_wconf 84' lang='grc' dir='ltr'>τὸ</span> <span class='ocrx_word' id='word_1_225' title='bbox 2933 1663 3151 1734; x_wconf 89' lang='grc' dir='ltr'>μέτριον</span> <span class='ocrx_word' id='word_1_226' title='bbox 3182 1663 3442 1735; x_wconf 84' lang='grc' dir='ltr'>φρόνημα</span> <span class='ocrx_word' id='word_1_227' title='bbox 3490 1659 3692 1724; x_wconf 82' lang='grc' dir='ltr'>δεξιοῦ-</span> 
     </span>
    </p>
   </div>
   <div class='ocr_carea' id='block_1_34' title="bbox 2107 1753 3688 1826">
    <p class='ocr_par' dir='ltr' id='par_1_34' title="bbox 2107 1753 3688 1826">
     <span class='ocr_line' id='line_1_34' title="bbox 2107 1753 3688 1826; baseline 0.002 -22"><span class='ocrx_word' id='word_1_228' title='bbox 2107 1768 2218 1816; x_wconf 89' lang='grc' dir='ltr'>ται,</span> <span class='ocrx_word' id='word_1_229' title='bbox 2260 1755 2408 1823; x_wconf 89' lang='grc' dir='ltr'>μισεῖ</span> <span class='ocrx_word' id='word_1_230' title='bbox 2446 1753 2501 1806; x_wconf 81' lang='grc' dir='ltr'>δὲ</span> <span class='ocrx_word' id='word_1_231' title='bbox 2534 1753 2755 1825; x_wconf 86' lang='grc' dir='ltr'>τόλμαν,</span> <span class='ocrx_word' id='word_1_232' title='bbox 2796 1754 2887 1807; x_wconf 74' lang='grc' dir='ltr'>καὶ</span> <span class='ocrx_word' id='word_1_233' title='bbox 2924 1755 3023 1824; x_wconf 79' lang='grc' dir='ltr'>τὴν</span> <span class='ocrx_word' id='word_1_234' title='bbox 3057 1754 3193 1826; x_wconf 84' lang='grc' dir='ltr'>ὑπὲρ</span> <span class='ocrx_word' id='word_1_235' title='bbox 3235 1753 3297 1807; x_wconf 78' lang='grc' dir='ltr'><strong>τὸ</strong></span> <span class='ocrx_word' id='word_1_236' title='bbox 3330 1753 3472 1819; x_wconf 77' lang='grc' dir='ltr'>ζῶον</span> <span class='ocrx_word' id='word_1_237' title='bbox 3510 1754 3688 1825; x_wconf 82' lang='grc' dir='ltr'>ἐπηρ-</span> 
     </span>
    </p>
   </div>
   <div class='ocr_carea' id='block_1_35' title="bbox 435 1825 2002 1922">
    <p class='ocr_par' dir='ltr' id='par_1_35' title="bbox 435 1851 2002 1922">
     <span class='ocr_line' id='line_1_35' title="bbox 435 1851 2002 1922; baseline 0.005 -23"><span class='ocrx_word' id='word_1_238' title='bbox 435 1861 541 1902; x_wconf 83' lang='lat' dir='ltr'><strong>tem</strong></span> <span class='ocrx_word' id='word_1_239' title='bbox 577 1851 953 1919; x_wconf 87' lang='lat' dir='ltr'><strong>amplectitur,</strong></span> <span class='ocrx_word' id='word_1_240' title='bbox 988 1852 1059 1905; x_wconf 89' lang='lat' dir='ltr'><strong>ita</strong></span> <span class='ocrx_word' id='word_1_241' title='bbox 1078 1853 1356 1907; x_wconf 83' lang='lat' dir='ltr'><strong>audaciam</strong></span> <span class='ocrx_word' id='word_1_242' title='bbox 1380 1862 1431 1906; x_wconf 84' lang='lat' dir='ltr'><strong>et</strong></span> <span class='ocrx_word' id='word_1_243' title='bbox 1460 1853 1823 1922; x_wconf 83' lang='lat' dir='ltr'><strong>arrogantiam</strong></span> <span class='ocrx_word' id='word_1_244' title='bbox 1853 1852 2002 1907; x_wconf 73' lang='lat' dir='ltr'><strong>altius</strong></span> 
     </span>
    </p>
   </div>
   <div class='ocr_carea' id='block_1_36' title="bbox 2108 1825 3690 1922">
    <p class='ocr_par' dir='ltr' id='par_1_36' title="bbox 2115 1837 3690 1916">
     <span class='ocr_line' id='line_1_36' title="bbox 2115 1837 3690 1916; baseline 0.001 -22"><span class='ocrx_word' id='word_1_245' title='bbox 2115 1842 2282 1912; x_wconf 82' lang='grc' dir='ltr'>μένην</span> <span class='ocrx_word' id='word_1_246' title='bbox 2308 1842 2620 1908; x_wconf 76' lang='grc' dir='ltr'>ἀλαζονείαν</span> <span class='ocrx_word' id='word_1_247' title='bbox 2640 1861 2653 1874; x_wconf 88' lang='grc'><strong>·</strong></span> <span class='ocrx_word' id='word_1_248' title='bbox 2689 1837 2764 1898; x_wconf 82' lang='grc' dir='ltr'><strong>ὧν</strong></span> <span class='ocrx_word' id='word_1_249' title='bbox 2796 1846 2843 1898; x_wconf 87' lang='grc' dir='ltr'><strong>εί</strong></span> <span class='ocrx_word' id='word_1_250' title='bbox 2874 1845 2966 1897; x_wconf 77' lang='grc' dir='ltr'>καὶ</span> <span class='ocrx_word' id='word_1_251' title='bbox 2994 1843 3062 1897; x_wconf 88' lang='grc' dir='ltr'><strong>τά</strong></span> <span class='ocrx_word' id='word_1_252' title='bbox 3094 1844 3325 1916; x_wconf 86' lang='grc' dir='ltr'>μάλιστα</span> <span class='ocrx_word' id='word_1_253' title='bbox 3348 1844 3462 1913; x_wconf 84' lang='grc'>(22)</span> <span class='ocrx_word' id='word_1_254' title='bbox 3496 1845 3690 1912; x_wconf 79' lang='grc' dir='ltr'>σαφεῖς</span> 
     </span>
    </p>
   </div>
   <div class='ocr_carea' id='block_1_37' title="bbox 431 1942 2007 2012">
    <p class='ocr_par' dir='ltr' id='par_1_37' title="bbox 431 1942 2007 2012">
     <span class='ocr_line' id='line_1_37' title="bbox 431 1942 2007 2012; baseline 0.007 -21"><span class='ocrx_word' id='word_1_255' title='bbox 431 1955 594 2006; x_wconf 71' lang='lat' dir='ltr'><strong>quam</strong></span> <span class='ocrx_word' id='word_1_256' title='bbox 626 1942 847 1996; x_wconf 90' lang='lat' dir='ltr'><strong>animali</strong></span> <span class='ocrx_word' id='word_1_257' title='bbox 877 1945 1130 1997; x_wconf 89' lang='lat' dir='ltr'><strong>convenit</strong></span> <span class='ocrx_word' id='word_1_258' title='bbox 1161 1959 1281 1999; x_wconf 88' lang='lat' dir='ltr'><strong>sese</strong></span> <span class='ocrx_word' id='word_1_259' title='bbox 1312 1944 1650 2012; x_wconf 79' lang='lat' dir='ltr'><strong>eﬂ&#39;erentem,</strong></span> <span class='ocrx_word' id='word_1_260' title='bbox 1679 1945 1805 1999; x_wconf 90' lang='lat' dir='ltr'><strong>odio</strong></span> <span class='ocrx_word' id='word_1_261' title='bbox 1828 1947 2007 2002; x_wconf 85' lang='lat' dir='ltr'><strong>habet.</strong></span> 
     </span>
    </p>
   </div>
   <div class='ocr_carea' id='block_1_38' title="bbox 431 2033 2008 2107">
    <p class='ocr_par' dir='ltr' id='par_1_38' title="bbox 431 2033 2008 2107">
     <span class='ocr_line' id='line_1_38' title="bbox 431 2033 2008 2107; baseline 0.006 -26"><span class='ocrx_word' id='word_1_262' title='bbox 431 2033 668 2097; x_wconf 76' lang='lat' dir='ltr'><strong>Quarum</strong></span> <span class='ocrx_word' id='word_1_263' title='bbox 703 2048 880 2086; x_wconf 85' lang='lat' dir='ltr'><strong>rerum</strong></span> <span class='ocrx_word' id='word_1_264' title='bbox 911 2034 1289 2103; x_wconf 87' lang='lat' dir='ltr'><strong>probationes,</strong></span> <span class='ocrx_word' id='word_1_265' title='bbox 1328 2035 1453 2089; x_wconf 89' lang='lat' dir='ltr'><strong>licet</strong></span> <span class='ocrx_word' id='word_1_266' title='bbox 1479 2037 1767 2091; x_wconf 89' lang='lat' dir='ltr'><strong>admodum</strong></span> <span class='ocrx_word' id='word_1_267' title='bbox 1802 2039 2008 2107; x_wconf 91' lang='lat' dir='ltr'><strong>perspi-</strong></span> 
     </span>
    </p>
   </div>
   <div class='ocr_carea' id='block_1_39' title="bbox 429 2122 2010 2195">
    <p class='ocr_par' dir='ltr' id='par_1_39' title="bbox 429 2122 2010 2195">
     <span class='ocr_line' id='line_1_39' title="bbox 429 2122 2010 2195; baseline 0.005 -21"><span class='ocrx_word' id='word_1_268' title='bbox 429 2138 545 2174; x_wconf 71' lang='lat' dir='ltr'><strong>cuae</strong></span> <span class='ocrx_word' id='word_1_269' title='bbox 574 2122 686 2176; x_wconf 93' lang='lat' dir='ltr'><strong>sint</strong></span> <span class='ocrx_word' id='word_1_270' title='bbox 717 2132 770 2176; x_wconf 87' lang='lat' dir='ltr'><strong>et</strong></span> <span class='ocrx_word' id='word_1_271' title='bbox 799 2135 925 2184; x_wconf 84' lang='lat' dir='ltr'><strong>ante</strong></span> <span class='ocrx_word' id='word_1_272' title='bbox 967 2127 1156 2180; x_wconf 83' lang='lat' dir='ltr'><strong>oculos</strong></span> <span class='ocrx_word' id='word_1_273' title='bbox 1187 2127 1412 2195; x_wconf 78' lang='lat' dir='ltr'><strong>posita:;</strong></span> <span class='ocrx_word' id='word_1_274' title='bbox 1454 2137 1580 2181; x_wconf 88' lang='lat' dir='ltr'><strong>tunc</strong></span> <span class='ocrx_word' id='word_1_275' title='bbox 1619 2137 1800 2182; x_wconf 89' lang='lat' dir='ltr'><strong>tamen</strong></span> <span class='ocrx_word' id='word_1_276' title='bbox 1841 2131 2010 2182; x_wconf 89' lang='lat' dir='ltr'><strong>mani-</strong></span> 
     </span>
    </p>
   </div>
   <div class='ocr_carea' id='block_1_40' title="bbox 430 2212 2012 2284">
    <p class='ocr_par' dir='ltr' id='par_1_40' title="bbox 430 2212 2012 2284">
     <span class='ocr_line' id='line_1_40' title="bbox 430 2212 2012 2284; baseline 0.006 -20"><span class='ocrx_word' id='word_1_277' title='bbox 430 2212 622 2266; x_wconf 78' lang='lat' dir='ltr'><strong>festius</strong></span> <span class='ocrx_word' id='word_1_278' title='bbox 656 2213 888 2278; x_wconf 85' lang='lat' dir='ltr'><strong>elucent,</strong></span> <span class='ocrx_word' id='word_1_279' title='bbox 922 2217 1132 2284; x_wconf 88' lang='lat' dir='ltr'><strong>quoties</strong></span> <span class='ocrx_word' id='word_1_280' title='bbox 1175 2216 1226 2270; x_wconf 89' lang='lat' dir='ltr'><strong>in</strong></span> <span class='ocrx_word' id='word_1_281' title='bbox 1262 2218 1618 2282; x_wconf 86' lang='lat' dir='ltr'><strong>nosmetipsos</strong></span> <span class='ocrx_word' id='word_1_282' title='bbox 1680 2217 2012 2274; x_wconf 86' lang='lat' dir='ltr'><strong>descenden-</strong></span> 
     </span>
    </p>
   </div>
   <div class='ocr_carea' id='block_1_41' title="bbox 431 2307 2003 2380">
    <p class='ocr_par' dir='ltr' id='par_1_41' title="bbox 431 2307 2003 2380">
     <span class='ocr_line' id='line_1_41' title="bbox 431 2307 2003 2380; baseline 0.004 -22"><span class='ocrx_word' id='word_1_283' title='bbox 431 2314 535 2369; x_wconf 86' lang='lat' dir='ltr'><strong>tes,</strong></span> <span class='ocrx_word' id='word_1_284' title='bbox 570 2315 749 2359; x_wconf 90' lang='lat' dir='ltr'><strong>mente</strong></span> <span class='ocrx_word' id='word_1_285' title='bbox 777 2307 828 2359; x_wconf 91' lang='lat' dir='ltr'><strong>in</strong></span> <span class='ocrx_word' id='word_1_286' title='bbox 867 2321 926 2360; x_wconf 93' lang='lat' dir='ltr'><strong>se</strong></span> <span class='ocrx_word' id='word_1_287' title='bbox 946 2307 1168 2362; x_wconf 90' lang='lat' dir='ltr'><strong>collecta</strong></span> <span class='ocrx_word' id='word_1_288' title='bbox 1199 2321 1254 2362; x_wconf 91' lang='lat' dir='ltr'><strong>et</strong></span> <span class='ocrx_word' id='word_1_289' title='bbox 1280 2310 1433 2379; x_wconf 90' lang='lat' dir='ltr'><strong>quasi</strong></span> <span class='ocrx_word' id='word_1_290' title='bbox 1480 2320 1835 2380; x_wconf 88' lang='lat' dir='ltr'><strong>congregata,</strong></span> <span class='ocrx_word' id='word_1_291' title='bbox 1872 2326 2003 2364; x_wconf 88' lang='lat' dir='ltr'><strong>cau-</strong></span> 
     </span>
    </p>
   </div>
   <div class='ocr_carea' id='block_1_42' title="bbox 346 2399 2010 2468">
    <p class='ocr_par' dir='ltr' id='par_1_42' title="bbox 346 2399 2010 2468">
     <span class='ocr_line' id='line_1_42' title="bbox 346 2399 2010 2468; baseline 0.007 -21"><span class='ocrx_word' id='word_1_292' title='bbox 346 2412 351 2416; x_wconf 82' lang='lat'><strong><em>&#39;</em></strong></span> <span class='ocrx_word' id='word_1_293' title='bbox 427 2412 544 2448; x_wconf 85' lang='lat' dir='ltr'><strong>sam</strong></span> <span class='ocrx_word' id='word_1_294' title='bbox 595 2413 784 2450; x_wconf 85' lang='lat' dir='ltr'><strong>eorum</strong></span> <span class='ocrx_word' id='word_1_295' title='bbox 835 2400 1210 2468; x_wconf 77' lang='lat' dir='ltr'><strong>expendimus.</strong></span> <span class='ocrx_word' id='word_1_296' title='bbox 1253 2399 1521 2467; x_wconf 85' lang='lat' dir='ltr'><strong>Quocirca</strong></span> <span class='ocrx_word' id='word_1_297' title='bbox 1554 2403 1721 2456; x_wconf 85' lang='lat' dir='ltr'><strong>vitam</strong></span> <span class='ocrx_word' id='word_1_298' title='bbox 1769 2404 2010 2458; x_wconf 88' lang='lat' dir='ltr'><strong>modeste</strong></span> 
     </span>
    </p>
   </div>
   <div class='ocr_carea' id='block_1_43' title="bbox 428 2485 2008 2570">
    <p class='ocr_par' dir='ltr' id='par_1_43' title="bbox 428 2485 2008 2570">
     <span class='ocr_line' id='line_1_43' title="bbox 428 2485 2008 2570; baseline 0.004 -30"><span class='ocrx_word' id='word_1_299' title='bbox 428 2497 493 2540; x_wconf 88' lang='lat' dir='ltr'><strong>ac</strong></span> <span class='ocrx_word' id='word_1_300' title='bbox 523 2485 734 2555; x_wconf 84' lang='lat' dir='ltr'><strong>placide</strong></span> <span class='ocrx_word' id='word_1_301' title='bbox 781 2488 1063 2543; x_wconf 84' lang='lat' dir='ltr'><strong>instituere</strong></span> <span class='ocrx_word' id='word_1_302' title='bbox 1095 2489 1390 2570; x_wconf 69' lang='lat' dir='ltr'><strong>debemus,</strong></span> <span class='ocrx_word' id='word_1_303' title='bbox 1437 2505 1536 2546; x_wconf 90' lang='lat' dir='ltr'><strong>nec</strong></span> <span class='ocrx_word' id='word_1_304' title='bbox 1578 2507 1740 2562; x_wconf 88' lang='lat' dir='ltr'><strong>supra</strong></span> <span class='ocrx_word' id='word_1_305' title='bbox 1804 2503 2008 2548; x_wconf 75' lang='lat' dir='ltr'><strong>natura:</strong></span> 
     </span>
    </p>
   </div>
   <div class='ocr_carea' id='block_1_44' title="bbox 427 2581 2004 2638">
    <p class='ocr_par' dir='ltr' id='par_1_44' title="bbox 427 2581 2004 2638">
     <span class='ocr_line' id='line_1_44' title="bbox 427 2581 2004 2638; baseline 0.003 -4"><span class='ocrx_word' id='word_1_306' title='bbox 427 2591 627 2635; x_wconf 69' lang='lat' dir='ltr'><strong>nostrae</strong></span> <span class='ocrx_word' id='word_1_307' title='bbox 665 2582 1030 2635; x_wconf 84' lang='lat' dir='ltr'><strong>conditionem</strong></span> <span class='ocrx_word' id='word_1_308' title='bbox 1077 2581 1322 2635; x_wconf 88' lang='lat' dir='ltr'><strong>animum</strong></span> <span class='ocrx_word' id='word_1_309' title='bbox 1378 2583 1630 2638; x_wconf 89' lang='lat' dir='ltr'><strong>attollere</strong></span> <span class='ocrx_word' id='word_1_310' title='bbox 1673 2601 1686 2636; x_wconf 94' lang='lat'>:</span> <span class='ocrx_word' id='word_1_311' title='bbox 1729 2599 1916 2637; x_wconf 79' lang='lat' dir='ltr'><strong>verum</strong></span> <span class='ocrx_word' id='word_1_312' title='bbox 1955 2585 2004 2638; x_wconf 87' lang='lat' dir='ltr'><strong>id</strong></span> 
     </span>
    </p>
   </div>
   <div class='ocr_carea' id='block_1_45' title="bbox 426 2673 2002 2743">
    <p class='ocr_par' dir='ltr' id='par_1_45' title="bbox 426 2673 2002 2743">
     <span class='ocr_line' id='line_1_45' title="bbox 426 2673 2002 2743; baseline 0.003 -20"><span class='ocrx_word' id='word_1_313' title='bbox 426 2684 720 2741; x_wconf 84' lang='lat' dir='ltr'><strong>reputare,</strong></span> <span class='ocrx_word' id='word_1_314' title='bbox 775 2675 967 2727; x_wconf 86' lang='lat' dir='ltr'><strong>adesse</strong></span> <span class='ocrx_word' id='word_1_315' title='bbox 1020 2687 1234 2743; x_wconf 86' lang='lat' dir='ltr'><strong>semper</strong></span> <span class='ocrx_word' id='word_1_316' title='bbox 1276 2673 1433 2728; x_wconf 89' lang='lat' dir='ltr'><strong>nobis</strong></span> <span class='ocrx_word' id='word_1_317' title='bbox 1488 2675 1729 2730; x_wconf 91' lang='lat' dir='ltr'><strong>omnium</strong></span> <span class='ocrx_word' id='word_1_318' title='bbox 1786 2686 2002 2730; x_wconf 89' lang='lat' dir='ltr'><strong>actuum</strong></span> 
     </span>
    </p>
   </div>
   <div class='ocr_carea' id='block_1_46' title="bbox 426 2765 2004 2838">
    <p class='ocr_par' dir='ltr' id='par_1_46' title="bbox 426 2765 2004 2838">
     <span class='ocr_line' id='line_1_46' title="bbox 426 2765 2004 2838; baseline 0.001 -20"><span class='ocrx_word' id='word_1_319' title='bbox 426 2765 797 2834; x_wconf 81' lang='lat' dir='ltr'><strong>inspectorem</strong></span> <span class='ocrx_word' id='word_1_320' title='bbox 830 2765 1018 2819; x_wconf 88' lang='lat' dir='ltr'><strong>Deum.</strong></span> <span class='ocrx_word' id='word_1_321' title='bbox 1052 2766 1248 2819; x_wconf 79' lang='lat' dir='ltr'><strong>Verum</strong></span> <span class='ocrx_word' id='word_1_322' title='bbox 1279 2765 1382 2819; x_wconf 89' lang='lat' dir='ltr'><strong>alia</strong></span> <span class='ocrx_word' id='word_1_323' title='bbox 1413 2782 1629 2838; x_wconf 84' lang='lat' dir='ltr'><strong>quoque</strong></span> <span class='ocrx_word' id='word_1_324' title='bbox 1670 2768 1882 2823; x_wconf 86' lang='lat' dir='ltr'><strong>ratione</strong></span> <span class='ocrx_word' id='word_1_325' title='bbox 1909 2781 2004 2821; x_wconf 79' lang='lat' dir='ltr'><strong>ex-</strong></span> 
     </span>
    </p>
   </div>
   <div class='ocr_carea' id='block_1_47' title="bbox 424 2858 2004 2926">
    <p class='ocr_par' dir='ltr' id='par_1_47' title="bbox 424 2858 2004 2926">
     <span class='ocr_line' id='line_1_47' title="bbox 424 2858 2004 2926; baseline 0.002 -15"><span class='ocrx_word' id='word_1_326' title='bbox 424 2858 748 2926; x_wconf 84' lang='lat' dir='ltr'><strong>pendamus.</strong></span> <span class='ocrx_word' id='word_1_327' title='bbox 789 2869 967 2912; x_wconf 91' lang='lat' dir='ltr'><strong>utrum</strong></span> <span class='ocrx_word' id='word_1_328' title='bbox 1011 2859 1254 2913; x_wconf 91' lang='lat' dir='ltr'><strong>omnium</strong></span> <span class='ocrx_word' id='word_1_329' title='bbox 1284 2874 1463 2912; x_wconf 89' lang='lat' dir='ltr'><strong>rerum</strong></span> <span class='ocrx_word' id='word_1_330' title='bbox 1505 2859 1775 2913; x_wconf 88' lang='lat' dir='ltr'><strong>ordinatio</strong></span> <span class='ocrx_word' id='word_1_331' title='bbox 1811 2873 1873 2912; x_wconf 90' lang='lat' dir='ltr'><strong>ac</strong></span> <span class='ocrx_word' id='word_1_332' title='bbox 1896 2859 2004 2914; x_wconf 86' lang='lat' dir='ltr'><strong>dis-</strong></span> 
     </span>
    </p>
   </div>
   <div class='ocr_carea' id='block_1_48' title="bbox 425 2947 2002 3017">
    <p class='ocr_par' dir='ltr' id='par_1_48' title="bbox 425 2947 2002 3017">
     <span class='ocr_line' id='line_1_48' title="bbox 425 2947 2002 3017; baseline 0.001 -17"><span class='ocrx_word' id='word_1_333' title='bbox 425 2949 645 3017; x_wconf 86' lang='lat' dir='ltr'><strong>positio,</strong></span> <span class='ocrx_word' id='word_1_334' title='bbox 677 2947 901 3002; x_wconf 85' lang='lat' dir='ltr'><strong>l‘ortuito</strong></span> <span class='ocrx_word' id='word_1_335' title='bbox 932 2962 994 3002; x_wconf 91' lang='lat' dir='ltr'><strong>ac</strong></span> <span class='ocrx_word' id='word_1_336' title='bbox 1039 2947 1328 3002; x_wconf 88' lang='lat' dir='ltr'><strong>temerario</strong></span> <span class='ocrx_word' id='word_1_337' title='bbox 1357 2963 1486 3002; x_wconf 90' lang='lat' dir='ltr'><strong>casu</strong></span> <span class='ocrx_word' id='word_1_338' title='bbox 1512 2949 1829 3004; x_wconf 88' lang='lat' dir='ltr'><strong>constitisse</strong></span> <span class='ocrx_word' id='word_1_339' title='bbox 1854 2958 2002 3003; x_wconf 88' lang='lat' dir='ltr'><strong>recte</strong></span> 
     </span>
    </p>
   </div>
   <div class='ocr_carea' id='block_1_49' title="bbox 425 3039 1999 3110">
    <p class='ocr_par' dir='ltr' id='par_1_49' title="bbox 425 3039 1999 3110">
     <span class='ocr_line' id='line_1_49' title="bbox 425 3039 1999 3110; baseline -0.001 -16"><span class='ocrx_word' id='word_1_340' title='bbox 425 3042 664 3094; x_wconf 80' lang='lat' dir='ltr'><strong>dicatur.</strong></span> <span class='ocrx_word' id='word_1_341' title='bbox 711 3039 848 3093; x_wconf 70' lang='lat' dir='ltr'><strong>Num</strong></span> <span class='ocrx_word' id='word_1_342' title='bbox 899 3040 1063 3110; x_wconf 85' lang='lat' dir='ltr'><strong>igitur</strong></span> <span class='ocrx_word' id='word_1_343' title='bbox 1101 3041 1280 3094; x_wconf 85' lang='lat' dir='ltr'><strong>sidera</strong></span> <span class='ocrx_word' id='word_1_344' title='bbox 1333 3055 1396 3094; x_wconf 90' lang='lat' dir='ltr'><strong>ac</strong></span> <span class='ocrx_word' id='word_1_345' title='bbox 1438 3041 1687 3095; x_wconf 80' lang='lat' dir='ltr'><strong>caeleStia</strong></span> <span class='ocrx_word' id='word_1_346' title='bbox 1736 3053 1999 3109; x_wconf 88' lang='lat' dir='ltr'><strong>corpora;</strong></span> 
     </span>
    </p>
   </div>
   <div class='ocr_carea' id='block_1_50' title="bbox 2112 1936 3687 2008">
    <p class='ocr_par' dir='ltr' id='par_1_50' title="bbox 2112 1936 3687 2008">
     <span class='ocr_line' id='line_1_50' title="bbox 2112 1936 3687 2008; baseline 0.002 -21"><span class='ocrx_word' id='word_1_347' title='bbox 2112 1937 2205 1988; x_wconf 71' lang='grc' dir='ltr'>καὶ</span> <span class='ocrx_word' id='word_1_348' title='bbox 2233 1936 2337 2008; x_wconf 90' lang='grc' dir='ltr'>πρὸ</span> <span class='ocrx_word' id='word_1_349' title='bbox 2374 1937 2664 2008; x_wconf 78' lang='grc' dir='ltr'>ὀφθαλμῶν</span> <span class='ocrx_word' id='word_1_350' title='bbox 2694 1938 2942 2008; x_wconf 87' lang='grc' dir='ltr'>κείμεναί</span> <span class='ocrx_word' id='word_1_351' title='bbox 2975 1940 3110 1992; x_wconf 79' lang='grc' dir='ltr'>εἰσιν</span> <span class='ocrx_word' id='word_1_352' title='bbox 3142 1939 3200 1991; x_wconf 86' lang='grc' dir='ltr'><strong>αί</strong></span> <span class='ocrx_word' id='word_1_353' title='bbox 3226 1937 3560 2005; x_wconf 78' lang='grc' dir='ltr'>ἀποδείξεις,</span> <span class='ocrx_word' id='word_1_354' title='bbox 3588 1954 3687 2008; x_wconf 86' lang='grc' dir='ltr'>τη-</span> 
     </span>
    </p>
   </div>
   <div class='ocr_carea' id='block_1_51' title="bbox 2110 2025 3686 2103">
    <p class='ocr_par' dir='ltr' id='par_1_51' title="bbox 2110 2025 3686 2103">
     <span class='ocr_line' id='line_1_51' title="bbox 2110 2025 3686 2103; baseline 0.003 -25"><span class='ocrx_word' id='word_1_355' title='bbox 2110 2025 2339 2080; x_wconf 87' lang='grc' dir='ltr'>νικαῦτα</span> <span class='ocrx_word' id='word_1_356' title='bbox 2395 2025 2661 2100; x_wconf 65' lang='grc' dir='ltr'>ἱτοσάκις]</span> <span class='ocrx_word' id='word_1_357' title='bbox 2706 2027 2819 2100; x_wconf 78' lang='grc'>(25)</span> <span class='ocrx_word' id='word_1_358' title='bbox 2878 2029 3249 2103; x_wconf 82' lang='grc' dir='ltr'>φανερώτερον</span> <span class='ocrx_word' id='word_1_359' title='bbox 3288 2029 3686 2100; x_wconf 80' lang='grc' dir='ltr'>ὲκλάμπουσιν,</span> 
     </span>
    </p>
   </div>
   <div class='ocr_carea' id='block_1_52' title="bbox 2108 2119 3689 2194">
    <p class='ocr_par' dir='ltr' id='par_1_52' title="bbox 2108 2119 3689 2194">
     <span class='ocr_line' id='line_1_52' title="bbox 2108 2119 3689 2194; baseline -0.001 -20"><span class='ocrx_word' id='word_1_360' title='bbox 2108 2121 2296 2184; x_wconf 86' lang='grc' dir='ltr'>όσάκις</span> <span class='ocrx_word' id='word_1_361' title='bbox 2330 2121 2395 2174; x_wconf 83' lang='grc' dir='ltr'>ἂν</span> <span class='ocrx_word' id='word_1_362' title='bbox 2437 2120 2544 2192; x_wconf 75' lang='grc'>(24)</span> <span class='ocrx_word' id='word_1_363' title='bbox 2577 2121 2996 2194; x_wconf 80' lang='grc' dir='ltr'>συναγείραντες</span> <span class='ocrx_word' id='word_1_364' title='bbox 3025 2124 3104 2184; x_wconf 81' lang='grc' dir='ltr'><strong>είς</strong></span> <span class='ocrx_word' id='word_1_365' title='bbox 3136 2123 3361 2185; x_wconf 79' lang='grc' dir='ltr'>ἑαυτοὺς</span> <span class='ocrx_word' id='word_1_366' title='bbox 3393 2119 3493 2175; x_wconf 73' lang='grc' dir='ltr'>καὶ</span> <span class='ocrx_word' id='word_1_367' title='bbox 3524 2119 3689 2172; x_wconf 83' lang='grc' dir='ltr'>οἱονεὶ</span> 
     </span>
    </p>
   </div>
   <div class='ocr_carea' id='block_1_53' title="bbox 2112 2211 3692 2285">
    <p class='ocr_par' dir='ltr' id='par_1_53' title="bbox 2112 2211 3692 2285">
     <span class='ocr_line' id='line_1_53' title="bbox 2112 2211 3692 2285; baseline -0.002 -19"><span class='ocrx_word' id='word_1_368' title='bbox 2112 2213 2485 2276; x_wconf 82' lang='grc' dir='ltr'>συστείλαντες</span> <span class='ocrx_word' id='word_1_369' title='bbox 2512 2213 2602 2267; x_wconf 81' lang='grc' dir='ltr'>τὸν</span> <span class='ocrx_word' id='word_1_370' title='bbox 2642 2213 2786 2278; x_wconf 90' lang='grc' dir='ltr'>νοῦν,</span> <span class='ocrx_word' id='word_1_371' title='bbox 2818 2212 2914 2285; x_wconf 82' lang='grc' dir='ltr'>τὴν</span> <span class='ocrx_word' id='word_1_372' title='bbox 2952 2215 3130 2268; x_wconf 75' lang='grc' dir='ltr'>αἰτίαν</span> <span class='ocrx_word' id='word_1_373' title='bbox 3166 2213 3348 2268; x_wconf 76' lang='grc' dir='ltr'>αὐτῶν</span> <span class='ocrx_word' id='word_1_374' title='bbox 3376 2212 3512 2284; x_wconf 77' lang='grc' dir='ltr'>παρ’</span> <span class='ocrx_word' id='word_1_375' title='bbox 3562 2211 3692 2264; x_wconf 80' lang='grc' dir='ltr'>ἑαυ-</span> 
     </span>
    </p>
   </div>
   <div class='ocr_carea' id='block_1_54' title="bbox 2107 2304 3684 2378">
    <p class='ocr_par' dir='ltr' id='par_1_54' title="bbox 2107 2304 3684 2378">
     <span class='ocr_line' id='line_1_54' title="bbox 2107 2304 3684 2378; baseline 0.001 -22"><span class='ocrx_word' id='word_1_376' title='bbox 2107 2307 2221 2368; x_wconf 83' lang='grc' dir='ltr'>τοῖς</span> <span class='ocrx_word' id='word_1_377' title='bbox 2263 2304 2608 2376; x_wconf 80' lang='grc' dir='ltr'>λογιζόμεθα.</span> <span class='ocrx_word' id='word_1_378' title='bbox 2641 2306 2732 2359; x_wconf 86' lang='grc' dir='ltr'><strong>Διὸ</strong></span> <span class='ocrx_word' id='word_1_379' title='bbox 2775 2305 2970 2376; x_wconf 82' lang='grc' dir='ltr'>χρῆναί</span> <span class='ocrx_word' id='word_1_380' title='bbox 3017 2323 3157 2377; x_wconf 85' lang='grc' dir='ltr'>φημι</span> <span class='ocrx_word' id='word_1_381' title='bbox 3203 2305 3302 2377; x_wconf 79' lang='grc' dir='ltr'><strong>ζῇν</strong></span> <span class='ocrx_word' id='word_1_382' title='bbox 3348 2304 3589 2378; x_wconf 85' lang='grc' dir='ltr'>μετρίως</span> <span class='ocrx_word' id='word_1_383' title='bbox 3624 2320 3684 2357; x_wconf 77' lang='grc' dir='ltr'><strong>τε</strong></span> 
     </span>
    </p>
   </div>
   <div class='ocr_carea' id='block_1_55' title="bbox 2107 2395 3684 2470">
    <p class='ocr_par' dir='ltr' id='par_1_55' title="bbox 2107 2395 3684 2470">
     <span class='ocr_line' id='line_1_55' title="bbox 2107 2395 3684 2470; baseline -0.002 -20"><span class='ocrx_word' id='word_1_384' title='bbox 2107 2397 2201 2450; x_wconf 79' lang='grc' dir='ltr'>καὶ</span> <span class='ocrx_word' id='word_1_385' title='bbox 2229 2397 2535 2468; x_wconf 84' lang='grc' dir='ltr'>προσηνῶς,</span> <span class='ocrx_word' id='word_1_386' title='bbox 2567 2397 2641 2468; x_wconf 82' lang='grc' dir='ltr'>μὴ</span> <span class='ocrx_word' id='word_1_387' title='bbox 2670 2398 2808 2469; x_wconf 85' lang='grc' dir='ltr'>ὑπὲρ</span> <span class='ocrx_word' id='word_1_388' title='bbox 2845 2399 2945 2470; x_wconf 81' lang='grc' dir='ltr'>τὴν</span> <span class='ocrx_word' id='word_1_389' title='bbox 2970 2398 3131 2468; x_wconf 82' lang='grc' dir='ltr'>φύσιν</span> <span class='ocrx_word' id='word_1_390' title='bbox 3153 2397 3214 2451; x_wconf 79' lang='grc' dir='ltr'>τὸ</span> <span class='ocrx_word' id='word_1_391' title='bbox 3241 2398 3502 2469; x_wconf 85' lang='grc' dir='ltr'>φρόνημα</span> <span class='ocrx_word' id='word_1_392' title='bbox 3541 2395 3684 2463; x_wconf 75' lang='grc' dir='ltr'>ἐγεί-</span> 
     </span>
    </p>
   </div>
   <div class='ocr_carea' id='block_1_56' title="bbox 2109 2489 3688 2562">
    <p class='ocr_par' dir='ltr' id='par_1_56' title="bbox 2109 2489 3688 2562">
     <span class='ocr_line' id='line_1_56' title="bbox 2109 2489 3688 2562; baseline -0.001 -20"><span class='ocrx_word' id='word_1_393' title='bbox 2109 2506 2321 2562; x_wconf 88' lang='grc' dir='ltr'>ροντας,</span> <span class='ocrx_word' id='word_1_394' title='bbox 2355 2491 2448 2543; x_wconf 76' lang='grc' dir='ltr'>καὶ</span> <span class='ocrx_word' id='word_1_395' title='bbox 2473 2491 2678 2555; x_wconf 78' lang='grc' dir='ltr'>ἐννοίας</span> <span class='ocrx_word' id='word_1_396' title='bbox 2710 2490 3103 2562; x_wconf 72' lang='grc' dir='ltr'>λαμϐάνοντας,</span> <span class='ocrx_word' id='word_1_397' title='bbox 3136 2491 3224 2544; x_wconf 76' lang='grc' dir='ltr'>ἀεὶ</span> <span class='ocrx_word' id='word_1_398' title='bbox 3261 2492 3516 2560; x_wconf 83' lang='grc' dir='ltr'>παρεῖναι</span> <span class='ocrx_word' id='word_1_399' title='bbox 3551 2489 3688 2559; x_wconf 77' lang='grc' dir='ltr'>ἡμῖν</span> 
     </span>
    </p>
   </div>
   <div class='ocr_carea' id='block_1_57' title="bbox 2104 2580 3681 2655">
    <p class='ocr_par' dir='ltr' id='par_1_57' title="bbox 2104 2580 3681 2655">
     <span class='ocr_line' id='line_1_57' title="bbox 2104 2580 3681 2655; baseline -0.001 -21"><span class='ocrx_word' id='word_1_400' title='bbox 2104 2581 2196 2636; x_wconf 81' lang='grc' dir='ltr'>τὸν</span> <span class='ocrx_word' id='word_1_401' title='bbox 2234 2583 2476 2653; x_wconf 77' lang='grc' dir='ltr'>ἐπόπτην</span> <span class='ocrx_word' id='word_1_402' title='bbox 2519 2582 2627 2637; x_wconf 83' lang='grc' dir='ltr'><strong>τῶν</strong></span> <span class='ocrx_word' id='word_1_403' title='bbox 2675 2581 3068 2655; x_wconf 83' lang='grc' dir='ltr'>πρασσομένων</span> <span class='ocrx_word' id='word_1_404' title='bbox 3113 2582 3264 2636; x_wconf 88' lang='grc' dir='ltr'>Θεόν.</span> <span class='ocrx_word' id='word_1_405' title='bbox 3313 2583 3433 2634; x_wconf 85' lang='grc' dir='ltr'><strong>Ἔτι</strong></span> <span class='ocrx_word' id='word_1_406' title='bbox 3482 2581 3542 2634; x_wconf 78' lang='grc' dir='ltr'>δὲ</span> <span class='ocrx_word' id='word_1_407' title='bbox 3590 2580 3681 2634; x_wconf 82' lang='grc' dir='ltr'>καὶ</span> 
     </span>
    </p>
   </div>
   <div class='ocr_carea' id='block_1_58' title="bbox 2104 2675 3682 2747">
    <p class='ocr_par' dir='ltr' id='par_1_58' title="bbox 2104 2675 3682 2747">
     <span class='ocr_line' id='line_1_58' title="bbox 2104 2675 3682 2747; baseline -0.001 -18"><span class='ocrx_word' id='word_1_408' title='bbox 2104 2675 2247 2729; x_wconf 71' lang='grc' dir='ltr'>οὕτω</span> <span class='ocrx_word' id='word_1_409' title='bbox 2280 2675 2628 2746; x_wconf 85' lang='grc' dir='ltr'>βασανιστέον</span> <span class='ocrx_word' id='word_1_410' title='bbox 2663 2677 2713 2728; x_wconf 88' lang='grc' dir='ltr'><strong>εί</strong></span> <span class='ocrx_word' id='word_1_411' title='bbox 2737 2676 2798 2728; x_wconf 87' lang='grc' dir='ltr'><strong>τὺ</strong></span> <span class='ocrx_word' id='word_1_412' title='bbox 2823 2675 3112 2747; x_wconf 88' lang='grc' dir='ltr'>λεγόμενον</span> <span class='ocrx_word' id='word_1_413' title='bbox 3147 2675 3346 2747; x_wconf 85' lang='grc' dir='ltr'>ἀληθές</span> <span class='ocrx_word' id='word_1_414' title='bbox 3379 2677 3564 2728; x_wconf 76' lang='grc' dir='ltr'>ἐστιν·</span> <span class='ocrx_word' id='word_1_415' title='bbox 3605 2675 3682 2737; x_wconf 84' lang='grc' dir='ltr'><strong>ὡς</strong></span> 
     </span>
    </p>
   </div>
   <div class='ocr_carea' id='block_1_59' title="bbox 2103 2763 3677 2838">
    <p class='ocr_par' dir='ltr' id='par_1_59' title="bbox 2103 2763 3677 2838">
     <span class='ocr_line' id='line_1_59' title="bbox 2103 2763 3677 2838; baseline -0.004 -17"><span class='ocrx_word' id='word_1_416' title='bbox 2103 2769 2152 2821; x_wconf 87' lang='grc' dir='ltr'><strong>εί</strong></span> <span class='ocrx_word' id='word_1_417' title='bbox 2197 2769 2473 2838; x_wconf 85' lang='grc' dir='ltr'>ήπάντων</span> <span class='ocrx_word' id='word_1_418' title='bbox 2502 2767 2838 2838; x_wconf 85' lang='grc' dir='ltr'>πραγμάτων</span> <span class='ocrx_word' id='word_1_419' title='bbox 2871 2765 3114 2830; x_wconf 82' lang='grc' dir='ltr'>διάταξις</span> <span class='ocrx_word' id='word_1_420' title='bbox 3155 2766 3221 2818; x_wconf 81' lang='grc' dir='ltr'>ὲκ</span> <span class='ocrx_word' id='word_1_421' title='bbox 3249 2766 3420 2836; x_wconf 88' lang='grc' dir='ltr'>τύχης</span> <span class='ocrx_word' id='word_1_422' title='bbox 3453 2765 3551 2817; x_wconf 71' lang='grc' dir='ltr'>καὶ</span> <span class='ocrx_word' id='word_1_423' title='bbox 3585 2763 3677 2816; x_wconf 90' lang='grc' dir='ltr'><strong>τοῦ</strong></span> 
     </span>
    </p>
   </div>
   <div class='ocr_carea' id='block_1_60' title="bbox 2103 2852 3680 2932">
    <p class='ocr_par' dir='ltr' id='par_1_60' title="bbox 2103 2852 3680 2932">
     <span class='ocr_line' id='line_1_60' title="bbox 2103 2852 3680 2932; baseline -0.004 -18"><span class='ocrx_word' id='word_1_424' title='bbox 2103 2862 2409 2932; x_wconf 76' lang='grc' dir='ltr'>αὐτομάτου</span> <span class='ocrx_word' id='word_1_425' title='bbox 2439 2859 2679 2914; x_wconf 79' lang='grc' dir='ltr'>σύνεστιν</span> <span class='ocrx_word' id='word_1_426' title='bbox 2699 2852 2961 2929; x_wconf 70' lang='grc' dir='ltr'>(25).⁷Αρ’</span> <span class='ocrx_word' id='word_1_427' title='bbox 2981 2854 3072 2911; x_wconf 85' lang='grc' dir='ltr'><strong>οῦν</strong></span> <span class='ocrx_word' id='word_1_428' title='bbox 3093 2857 3184 2910; x_wconf 65' lang='grc' dir='ltr'>καὶ</span> <span class='ocrx_word' id='word_1_429' title='bbox 3213 2854 3282 2909; x_wconf 87' lang='grc' dir='ltr'><strong>τά</strong></span> <span class='ocrx_word' id='word_1_430' title='bbox 3308 2855 3558 2926; x_wconf 76' lang='grc' dir='ltr'>οὐράνια,</span> <span class='ocrx_word' id='word_1_431' title='bbox 3587 2855 3680 2908; x_wconf 68' lang='grc' dir='ltr'>καὶ</span> 
     </span>
    </p>
   </div>
   <div class='ocr_carea' id='block_1_61' title="bbox 2101 2948 3676 3027">
    <p class='ocr_par' dir='ltr' id='par_1_61' title="bbox 2101 2948 3676 3027">
     <span class='ocr_line' id='line_1_61' title="bbox 2101 2948 3676 3027; baseline -0.006 -19"><span class='ocrx_word' id='word_1_432' title='bbox 2101 2955 2172 3008; x_wconf 87' lang='grc' dir='ltr'><strong>τά</strong></span> <span class='ocrx_word' id='word_1_433' title='bbox 2201 2955 2394 3027; x_wconf 85' lang='grc' dir='ltr'>ἄστρα,</span> <span class='ocrx_word' id='word_1_434' title='bbox 2427 2953 2500 3023; x_wconf 85' lang='grc' dir='ltr'>γῆ</span> <span class='ocrx_word' id='word_1_435' title='bbox 2535 2970 2594 3005; x_wconf 89' lang='grc' dir='ltr'><strong>τε</strong></span> <span class='ocrx_word' id='word_1_436' title='bbox 2625 2953 2718 3005; x_wconf 77' lang='grc' dir='ltr'>καὶ</span> <span class='ocrx_word' id='word_1_437' title='bbox 2752 2951 3015 3015; x_wconf 88' lang='grc' dir='ltr'>θάλασσα,</span> <span class='ocrx_word' id='word_1_438' title='bbox 3045 2950 3139 3004; x_wconf 72' lang='grc' dir='ltr'><strong>καὶ</strong></span> <span class='ocrx_word' id='word_1_439' title='bbox 3182 2948 3296 3021; x_wconf 88' lang='grc' dir='ltr'><strong>πῦρ</strong></span> <span class='ocrx_word' id='word_1_440' title='bbox 3333 2949 3428 3002; x_wconf 77' lang='grc' dir='ltr'>καὶ</span> <span class='ocrx_word' id='word_1_441' title='bbox 3465 2948 3676 3018; x_wconf 78' lang='grc' dir='ltr'>ἄνεμοι,</span> 
     </span>
    </p>
   </div>
   <div class='ocr_carea' id='block_1_62' title="bbox 2104 3039 3676 3119">
    <p class='ocr_par' dir='ltr' id='par_1_62' title="bbox 2104 3039 3676 3119">
     <span class='ocr_line' id='line_1_62' title="bbox 2104 3039 3676 3119; baseline -0.006 -19"><span class='ocrx_word' id='word_1_442' title='bbox 2104 3044 2246 3119; x_wconf 78' lang='grc' dir='ltr'>ὕδωρ</span> <span class='ocrx_word' id='word_1_443' title='bbox 2284 3063 2340 3098; x_wconf 85' lang='grc' dir='ltr'><strong>τε</strong></span> <span class='ocrx_word' id='word_1_444' title='bbox 2369 3045 2463 3099; x_wconf 74' lang='grc' dir='ltr'><strong>καὶ</strong></span> <span class='ocrx_word' id='word_1_445' title='bbox 2490 3044 2618 3116; x_wconf 79' lang='grc' dir='ltr'>ἀὴρ,</span> <span class='ocrx_word' id='word_1_446' title='bbox 2645 3043 2738 3097; x_wconf 76' lang='grc' dir='ltr'>καὶ</span> <span class='ocrx_word' id='word_1_447' title='bbox 2766 3044 2799 3114; x_wconf 83' lang='grc' dir='ltr'>ἡ</span> <span class='ocrx_word' id='word_1_448' title='bbox 2826 3041 2935 3095; x_wconf 82' lang='grc' dir='ltr'><strong>τῶν</strong></span> <span class='ocrx_word' id='word_1_449' title='bbox 2973 3041 3178 3113; x_wconf 85' lang='grc' dir='ltr'>καιρῶν</span> <span class='ocrx_word' id='word_1_450' title='bbox 3217 3040 3566 3112; x_wconf 78' lang='grc' dir='ltr'>παραλλαγὴ,</span> <span class='ocrx_word' id='word_1_451' title='bbox 3593 3039 3676 3092; x_wconf 78' lang='grc' dir='ltr'>θέ-</span> 
     </span>
    </p>
   </div>
   <div class='ocr_carea' id='block_1_63' title="bbox 425 3129 2002 3221">
    <p class='ocr_par' dir='ltr' id='par_1_63' title="bbox 425 3135 2000 3206">
     <span class='ocr_line' id='line_1_63' title="bbox 425 3135 2000 3206; baseline 0.004 -21"><span class='ocrx_word' id='word_1_452' title='bbox 425 3144 627 3186; x_wconf 82' lang='lat' dir='ltr'><strong>terram</strong></span> <span class='ocrx_word' id='word_1_453' title='bbox 665 3148 881 3203; x_wconf 89' lang='lat' dir='ltr'><strong>quoque</strong></span> <span class='ocrx_word' id='word_1_454' title='bbox 907 3143 961 3187; x_wconf 95' lang='lat' dir='ltr'><strong>et</strong></span> <span class='ocrx_word' id='word_1_455' title='bbox 990 3148 1186 3204; x_wconf 87' lang='lat' dir='ltr'><strong>aquam</strong></span> <span class='ocrx_word' id='word_1_456' title='bbox 1213 3143 1266 3189; x_wconf 92' lang='lat' dir='ltr'><strong>et</strong></span> <span class='ocrx_word' id='word_1_457' title='bbox 1294 3135 1472 3206; x_wconf 81' lang='lat' dir='ltr'><strong>ignem</strong></span> <span class='ocrx_word' id='word_1_458' title='bbox 1494 3145 1547 3189; x_wconf 90' lang='lat' dir='ltr'><strong>et</strong></span> <span class='ocrx_word' id='word_1_459' title='bbox 1567 3147 1786 3202; x_wconf 86' lang='lat' dir='ltr'><strong>aerem;</strong></span> <span class='ocrx_word' id='word_1_460' title='bbox 1817 3147 2000 3192; x_wconf 82' lang='lat' dir='ltr'><strong>ventos</strong></span> 
     </span>
    </p>
   </div>
   <div class='ocr_carea' id='block_1_64' title="bbox 2108 3129 3675 3221">
    <p class='ocr_par' dir='ltr' id='par_1_64' title="bbox 2108 3129 3675 3211">
     <span class='ocr_line' id='line_1_64' title="bbox 2108 3129 3675 3211; baseline -0.004 -20"><span class='ocrx_word' id='word_1_461' title='bbox 2108 3155 2232 3211; x_wconf 89' lang='grc' dir='ltr'>ρους</span> <span class='ocrx_word' id='word_1_462' title='bbox 2255 3155 2314 3191; x_wconf 89' lang='grc' dir='ltr'><strong>τε</strong></span> <span class='ocrx_word' id='word_1_463' title='bbox 2339 3138 2431 3191; x_wconf 71' lang='grc' dir='ltr'><strong>καὶ</strong></span> <span class='ocrx_word' id='word_1_464' title='bbox 2459 3135 2725 3208; x_wconf 85' lang='grc' dir='ltr'>χειμῶνος</span> <span class='ocrx_word' id='word_1_465' title='bbox 2759 3129 2928 3204; x_wconf 81' lang='grc' dir='ltr'>ὧραι,</span> <span class='ocrx_word' id='word_1_466' title='bbox 2959 3133 3132 3188; x_wconf 89' lang='grc' dir='ltr'>ταῦτα</span> <span class='ocrx_word' id='word_1_467' title='bbox 3166 3133 3342 3187; x_wconf 81' lang='grc' dir='ltr'>πάντα</span> <span class='ocrx_word' id='word_1_468' title='bbox 3376 3133 3675 3202; x_wconf 86' lang='grc' dir='ltr'>ἀλογίστως</span> 
     </span>
    </p>
   </div>
   <div class='ocr_carea' id='block_1_65' title="bbox 425 3223 2003 3295">
    <p class='ocr_par' dir='ltr' id='par_1_65' title="bbox 425 3223 2003 3295">
     <span class='ocr_line' id='line_1_65' title="bbox 425 3223 2003 3295; baseline 0.004 -19"><span class='ocrx_word' id='word_1_469' title='bbox 425 3239 488 3278; x_wconf 80' lang='lat' dir='ltr'><strong>ac</strong></span> <span class='ocrx_word' id='word_1_470' title='bbox 542 3233 841 3292; x_wconf 88' lang='lat' dir='ltr'><strong>temporum</strong></span> <span class='ocrx_word' id='word_1_471' title='bbox 876 3223 1343 3289; x_wconf 85' lang='lat' dir='ltr'><strong>vicissitudinem;</strong></span> <span class='ocrx_word' id='word_1_472' title='bbox 1372 3226 1576 3281; x_wconf 69' lang='lat' dir='ltr'><strong>aestatis</strong></span> <span class='ocrx_word' id='word_1_473' title='bbox 1602 3235 1762 3295; x_wconf 83' lang='lat' dir='ltr'><strong>atque</strong></span> <span class='ocrx_word' id='word_1_474' title='bbox 1811 3227 2003 3282; x_wconf 89' lang='lat' dir='ltr'><strong>hiemis</strong></span> 
     </span>
    </p>
   </div>
   <div class='ocr_carea' id='block_1_66' title="bbox 425 3314 2004 3382">
    <p class='ocr_par' dir='ltr' id='par_1_66' title="bbox 425 3314 2004 3382">
     <span class='ocr_line' id='line_1_66' title="bbox 425 3314 2004 3382; baseline 0.003 -14"><span class='ocrx_word' id='word_1_475' title='bbox 425 3315 770 3382; x_wconf 77' lang='lat' dir='ltr'><strong>tempestivos</strong></span> <span class='ocrx_word' id='word_1_476' title='bbox 809 3328 1090 3378; x_wconf 86' lang='lat' dir='ltr'><strong>recursus,</strong></span> <span class='ocrx_word' id='word_1_477' title='bbox 1124 3329 1278 3376; x_wconf 88' lang='lat' dir='ltr'><strong>tnnn,</strong></span> <span class='ocrx_word' id='word_1_478' title='bbox 1307 3314 1548 3382; x_wconf 84' lang='lat' dir='ltr'><strong>inquam,</strong></span> <span class='ocrx_word' id='word_1_479' title='bbox 1584 3315 1697 3370; x_wconf 65' lang='lat' dir='ltr'><strong>hare</strong></span> <span class='ocrx_word' id='word_1_480' title='bbox 1721 3318 1899 3370; x_wconf 86' lang='lat' dir='ltr'><strong>omnia</strong></span> <span class='ocrx_word' id='word_1_481' title='bbox 1925 3325 2004 3372; x_wconf 88' lang='lat' dir='ltr'><strong>te-</strong></span> 
     </span>
    </p>
   </div>
   <div class='ocr_carea' id='block_1_67' title="bbox 426 3404 2001 3478">
    <p class='ocr_par' dir='ltr' id='par_1_67' title="bbox 426 3404 2001 3478">
     <span class='ocr_line' id='line_1_67' title="bbox 426 3404 2001 3478; baseline 0.004 -19"><span class='ocrx_word' id='word_1_482' title='bbox 426 3421 575 3460; x_wconf 83' lang='lat' dir='ltr'><strong>mere</strong></span> <span class='ocrx_word' id='word_1_483' title='bbox 623 3421 689 3462; x_wconf 92' lang='lat' dir='ltr'><strong>ac</strong></span> <span class='ocrx_word' id='word_1_484' title='bbox 732 3404 961 3460; x_wconf 83' lang='lat' dir='ltr'><strong>fortuito</strong></span> <span class='ocrx_word' id='word_1_485' title='bbox 1007 3404 1302 3475; x_wconf 80' lang='lat' dir='ltr'><strong>contigisse</strong></span> <span class='ocrx_word' id='word_1_486' title='bbox 1363 3407 1544 3475; x_wconf 87' lang='lat' dir='ltr'><strong>p0tius</strong></span> <span class='ocrx_word' id='word_1_487' title='bbox 1599 3412 1760 3478; x_wconf 85' lang='lat' dir='ltr'><strong>quam</strong></span> <span class='ocrx_word' id='word_1_488' title='bbox 1818 3419 2001 3464; x_wconf 87' lang='lat' dir='ltr'><strong>creata</strong></span> 
     </span>
    </p>
   </div>
   <div class='ocr_carea' id='block_1_68' title="bbox 427 3497 2001 3568">
    <p class='ocr_par' dir='ltr' id='par_1_68' title="bbox 427 3497 2001 3568">
     <span class='ocr_line' id='line_1_68' title="bbox 427 3497 2001 3568; baseline 0.003 -17"><span class='ocrx_word' id='word_1_489' title='bbox 427 3500 597 3554; x_wconf 79' lang='lat' dir='ltr'><strong>fuisse</strong></span> <span class='ocrx_word' id='word_1_490' title='bbox 622 3501 950 3555; x_wconf 88' lang='lat' dir='ltr'><strong>credendum</strong></span> <span class='ocrx_word' id='word_1_491' title='bbox 983 3502 1094 3556; x_wconf 86' lang='lat' dir='ltr'><strong>est?</strong></span> <span class='ocrx_word' id='word_1_492' title='bbox 1123 3497 1349 3564; x_wconf 84' lang='lat' dir='ltr'><strong>Quidam</strong></span> <span class='ocrx_word' id='word_1_493' title='bbox 1383 3509 1533 3553; x_wconf 86' lang='lat' dir='ltr'><strong>certe</strong></span> <span class='ocrx_word' id='word_1_494' title='bbox 1574 3500 1789 3568; x_wconf 87' lang='lat' dir='ltr'><strong>penitus</strong></span> <span class='ocrx_word' id='word_1_495' title='bbox 1822 3513 2001 3556; x_wconf 90' lang='lat' dir='ltr'><strong>mente</strong></span> 
     </span>
    </p>
   </div>
   <div class='ocr_carea' id='block_1_69' title="bbox 425 3590 2000 3661">
    <p class='ocr_par' dir='ltr' id='par_1_69' title="bbox 425 3590 2000 3661">
     <span class='ocr_line' id='line_1_69' title="bbox 425 3590 2000 3661; baseline 0.001 -16"><span class='ocrx_word' id='word_1_496' title='bbox 425 3591 593 3660; x_wconf 77' lang='lat' dir='ltr'><strong>capti,</strong></span> <span class='ocrx_word' id='word_1_497' title='bbox 633 3593 889 3661; x_wconf 85' lang='lat' dir='ltr'><strong>pleraque</strong></span> <span class='ocrx_word' id='word_1_498' title='bbox 919 3593 1109 3645; x_wconf 89' lang='lat' dir='ltr'><strong>horum</strong></span> <span class='ocrx_word' id='word_1_499' title='bbox 1141 3590 1210 3644; x_wconf 89' lang='lat' dir='ltr'><strong>ab</strong></span> <span class='ocrx_word' id='word_1_500' title='bbox 1242 3590 1549 3645; x_wconf 90' lang='lat' dir='ltr'><strong>hominibus</strong></span> <span class='ocrx_word' id='word_1_501' title='bbox 1569 3591 1633 3643; x_wconf 89' lang='lat' dir='ltr'><strong>ad</strong></span> <span class='ocrx_word' id='word_1_502' title='bbox 1663 3607 1817 3646; x_wconf 91' lang='lat' dir='ltr'><strong>suum</strong></span> <span class='ocrx_word' id='word_1_503' title='bbox 1846 3607 2000 3647; x_wconf 91' lang='lat' dir='ltr'><strong>usum</strong></span> 
     </span>
    </p>
   </div>
   <div class='ocr_carea' id='block_1_70' title="bbox 425 3683 1998 3756">
    <p class='ocr_par' dir='ltr' id='par_1_70' title="bbox 425 3683 1998 3756">
     <span class='ocr_line' id='line_1_70' title="bbox 425 3683 1998 3756; baseline 0.001 -18"><span class='ocrx_word' id='word_1_504' title='bbox 425 3685 730 3756; x_wconf 77' lang='lat' dir='ltr'><strong>excogitata</strong></span> <span class='ocrx_word' id='word_1_505' title='bbox 754 3699 875 3740; x_wconf 86' lang='lat' dir='ltr'><strong>esse</strong></span> <span class='ocrx_word' id='word_1_506' title='bbox 911 3685 1118 3738; x_wconf 87' lang='lat' dir='ltr'><strong>dicunt.</strong></span> <span class='ocrx_word' id='word_1_507' title='bbox 1161 3683 1320 3738; x_wconf 89' lang='lat' dir='ltr'><strong>Certe</strong></span> <span class='ocrx_word' id='word_1_508' title='bbox 1365 3699 1485 3735; x_wconf 89' lang='lat' dir='ltr'><strong>cttm</strong></span> <span class='ocrx_word' id='word_1_509' title='bbox 1520 3693 1712 3738; x_wconf 81' lang='lat' dir='ltr'><strong>natura</strong></span> <span class='ocrx_word' id='word_1_510' title='bbox 1741 3685 1998 3754; x_wconf 88' lang='lat' dir='ltr'><strong>plurimas</strong></span> 
     </span>
    </p>
   </div>
   <div class='ocr_carea' id='block_1_71' title="bbox 426 3776 1997 3845">
    <p class='ocr_par' dir='ltr' id='par_1_71' title="bbox 426 3776 1997 3845">
     <span class='ocr_line' id='line_1_71' title="bbox 426 3776 1997 3845; baseline 0.003 -17"><span class='ocrx_word' id='word_1_511' title='bbox 426 3793 557 3845; x_wconf 74' lang='lat' dir='ltr'><strong>opes</strong></span> <span class='ocrx_word' id='word_1_512' title='bbox 603 3778 821 3844; x_wconf 76' lang='lat' dir='ltr'><strong>copiose</strong></span> <span class='ocrx_word' id='word_1_513' title='bbox 866 3776 1196 3845; x_wconf 87' lang='lat' dir='ltr'><strong>suppeditet,</strong></span> <span class='ocrx_word' id='word_1_514' title='bbox 1231 3776 1617 3842; x_wconf 81' lang='lat' dir='ltr'><strong>concedamus,</strong></span> <span class='ocrx_word' id='word_1_515' title='bbox 1650 3778 1692 3831; x_wconf 90' lang='lat' dir='ltr'><strong>si</strong></span> <span class='ocrx_word' id='word_1_516' title='bbox 1723 3776 1916 3843; x_wconf 88' lang='lat' dir='ltr'><strong>placet,</strong></span> <span class='ocrx_word' id='word_1_517' title='bbox 1941 3779 1997 3832; x_wconf 92' lang='lat' dir='ltr'><strong>in</strong></span> 
     </span>
    </p>
   </div>
   <div class='ocr_carea' id='block_1_72' title="bbox 430 3867 1995 3935">
    <p class='ocr_par' dir='ltr' id='par_1_72' title="bbox 430 3867 1995 3935">
     <span class='ocr_line' id='line_1_72' title="bbox 430 3867 1995 3935; baseline 0.001 -12"><span class='ocrx_word' id='word_1_518' title='bbox 430 3872 591 3924; x_wconf 86' lang='lat' dir='ltr'><strong>rebus</strong></span> <span class='ocrx_word' id='word_1_519' title='bbox 629 3870 860 3924; x_wconf 86' lang='lat' dir='ltr'><strong>terrenis</strong></span> <span class='ocrx_word' id='word_1_520' title='bbox 895 3881 948 3924; x_wconf 86' lang='lat' dir='ltr'><strong>et</strong></span> <span class='ocrx_word' id='word_1_521' title='bbox 997 3867 1331 3935; x_wconf 87' lang='lat' dir='ltr'><strong>corruptioni</strong></span> <span class='ocrx_word' id='word_1_522' title='bbox 1381 3868 1658 3935; x_wconf 77' lang='lat' dir='ltr'><strong>obnoxiis,</strong></span> <span class='ocrx_word' id='word_1_523' title='bbox 1700 3869 1840 3925; x_wconf 89' lang='lat' dir='ltr'><strong>hanc</strong></span> <span class='ocrx_word' id='word_1_524' title='bbox 1868 3884 1995 3924; x_wconf 83' lang='lat' dir='ltr'><strong>seu-</strong></span> 
     </span>
    </p>
   </div>
   <div class='ocr_carea' id='block_1_73' title="bbox 429 3962 1998 4026">
    <p class='ocr_par' dir='ltr' id='par_1_73' title="bbox 429 3962 1998 4026">
     <span class='ocr_line' id='line_1_73' title="bbox 429 3962 1998 4026; baseline 0.001 -11"><span class='ocrx_word' id='word_1_525' title='bbox 429 3965 655 4017; x_wconf 84' lang='lat' dir='ltr'><strong>tentiam</strong></span> <span class='ocrx_word' id='word_1_526' title='bbox 708 3962 919 4016; x_wconf 90' lang='lat' dir='ltr'><strong>ratione</strong></span> <span class='ocrx_word' id='word_1_527' title='bbox 964 3977 1070 4017; x_wconf 94' lang='lat' dir='ltr'><strong>non</strong></span> <span class='ocrx_word' id='word_1_528' title='bbox 1123 3973 1340 4014; x_wconf 87' lang='lat' dir='ltr'><strong>carere:</strong></span> <span class='ocrx_word' id='word_1_529' title='bbox 1367 3962 1495 4026; x_wconf 90' lang='lat' dir='ltr'><strong>quid</strong></span> <span class='ocrx_word' id='word_1_530' title='bbox 1537 3977 1620 4016; x_wconf 85' lang='lat' dir='ltr'><strong>res</strong></span> <span class='ocrx_word' id='word_1_531' title='bbox 1666 3962 1998 4017; x_wconf 87' lang='lat' dir='ltr'><strong>immortales</strong></span> 
     </span>
    </p>
   </div>
   <div class='ocr_carea' id='block_1_74' title="bbox 426 4053 1998 4123">
    <p class='ocr_par' dir='ltr' id='par_1_74' title="bbox 426 4053 1998 4123">
     <span class='ocr_line' id='line_1_74' title="bbox 426 4053 1998 4123; baseline -0.001 -15"><span class='ocrx_word' id='word_1_532' title='bbox 426 4064 589 4123; x_wconf 86' lang='lat' dir='ltr'><strong>atque</strong></span> <span class='ocrx_word' id='word_1_533' title='bbox 651 4053 1056 4110; x_wconf 85' lang='lat' dir='ltr'><strong>immutabiles?</strong></span> <span class='ocrx_word' id='word_1_534' title='bbox 1112 4065 1308 4108; x_wconf 89' lang='lat' dir='ltr'><strong>suntne</strong></span> <span class='ocrx_word' id='word_1_535' title='bbox 1385 4054 1659 4107; x_wconf 87' lang='lat' dir='ltr'><strong>hominum</strong></span> <span class='ocrx_word' id='word_1_536' title='bbox 1719 4053 1998 4108; x_wconf 81' lang='lat' dir='ltr'><strong>iuventa?</strong></span> 
     </span>
    </p>
   </div>
   <div class='ocr_carea' id='block_1_75' title="bbox 428 4146 1995 4217">
    <p class='ocr_par' dir='ltr' id='par_1_75' title="bbox 428 4146 1995 4217">
     <span class='ocr_line' id='line_1_75' title="bbox 428 4146 1995 4217; baseline 0.002 -19"><span class='ocrx_word' id='word_1_537' title='bbox 428 4146 655 4200; x_wconf 89' lang='lat' dir='ltr'><strong>Istorum</strong></span> <span class='ocrx_word' id='word_1_538' title='bbox 687 4147 830 4200; x_wconf 91' lang='lat' dir='ltr'><strong>enim</strong></span> <span class='ocrx_word' id='word_1_539' title='bbox 862 4156 916 4201; x_wconf 88' lang='lat' dir='ltr'><strong>et</strong></span> <span class='ocrx_word' id='word_1_540' title='bbox 953 4147 1180 4199; x_wconf 86' lang='lat' dir='ltr'><strong>aliorqu</strong></span> <span class='ocrx_word' id='word_1_541' title='bbox 1211 4147 1476 4216; x_wconf 83' lang='lat' dir='ltr'><strong>ejusmodi</strong></span> <span class='ocrx_word' id='word_1_542' title='bbox 1512 4148 1770 4213; x_wconf 89' lang='lat' dir='ltr'><strong>omnium,</strong></span> <span class='ocrx_word' id='word_1_543' title='bbox 1814 4162 1932 4217; x_wconf 78' lang='lat' dir='ltr'><strong>qua:</strong></span> <span class='ocrx_word' id='word_1_544' title='bbox 1965 4161 1995 4201; x_wconf 87' lang='lat' dir='ltr'><strong>a</strong></span> 
     </span>
    </p>
   </div>
   <div class='ocr_carea' id='block_1_76' title="bbox 431 4389 1996 4465">
    <p class='ocr_par' dir='ltr' id='par_1_76' title="bbox 431 4389 1996 4465">
     <span class='ocr_line' id='line_1_76' title="bbox 431 4389 1996 4465; baseline 0.001 -20"><span class='ocrx_word' id='word_1_545' title='bbox 431 4392 620 4465; x_wconf 79' lang='grc' dir='ltr'>μένην.</span> <span class='ocrx_word' id='word_1_546' title='bbox 648 4390 852 4465; x_wconf 89' lang='lat' dir='ltr'><strong>S_ens_us</strong></span> <span class='ocrx_word' id='word_1_547' title='bbox 876 4399 1054 4465; x_wconf 82' lang='lat' dir='ltr'><strong>autem</strong></span> <span class='ocrx_word' id='word_1_548' title='bbox 1075 4389 1122 4465; x_wconf 80' lang='lat' dir='ltr'><strong>is</strong></span> <span class='ocrx_word' id='word_1_549' title='bbox 1140 4398 1244 4465; x_wconf 81' lang='lat' dir='ltr'><strong>est,</strong></span> <span class='ocrx_word' id='word_1_550' title='bbox 1277 4404 1438 4460; x_wconf 84' lang='lat' dir='ltr'><strong>quem</strong></span> <span class='ocrx_word' id='word_1_551' title='bbox 1469 4403 1631 4465; x_wconf 85' lang='lat' dir='ltr'><strong>supra</strong></span> <span class='ocrx_word' id='word_1_552' title='bbox 1655 4389 1996 4465; x_wconf 12' lang='lat' dir='ltr'><strong>di;i.gl_&gt;otest</strong></span> 
     </span>
    </p>
   </div>
   <div class='ocr_carea' id='block_1_77' title="bbox 433 4460 1993 4530">
    <p class='ocr_par' dir='ltr' id='par_1_77' title="bbox 433 4460 1993 4530">
     <span class='ocr_line' id='line_1_77' title="bbox 433 4460 1993 4530; baseline 0.002 -17"><span class='ocrx_word' id='word_1_553' title='bbox 433 4460 608 4516; x_wconf 82' lang='lat' dir='ltr'><strong>iamen</strong></span> <span class='ocrx_word' id='word_1_554' title='bbox 665 4463 824 4516; x_wconf 79' lang='lat' dir='ltr'><strong>ferri-</strong></span> <span class='ocrx_word' id='word_1_555' title='bbox 855 4461 1056 4530; x_wconf 84' lang='lat' dir='ltr'><strong>scripta</strong></span> <span class='ocrx_word' id='word_1_556' title='bbox 1106 4460 1286 4525; x_wconf 88' lang='lat' dir='ltr'><strong>lectio,</strong></span> <span class='ocrx_word' id='word_1_557' title='bbox 1341 4469 1399 4513; x_wconf 85' lang='grc' dir='ltr'><strong>ιιι</strong></span> <span class='ocrx_word' id='word_1_558' title='bbox 1463 4460 1640 4514; x_wconf 88' lang='grc' dir='ltr'>πάντα</span> <span class='ocrx_word' id='word_1_559' title='bbox 1687 4460 1748 4513; x_wconf 85' lang='grc' dir='ltr'>τὸ</span> <span class='ocrx_word' id='word_1_560' title='bbox 1787 4461 1993 4516; x_wconf 82' lang='grc' dir='ltr'>δίκαιον</span> 
     </span>
    </p>
   </div>
   <div class='ocr_carea' id='block_1_78' title="bbox 429 4532 2000 4602">
    <p class='ocr_par' dir='ltr' id='par_1_78' title="bbox 429 4532 2000 4602">
     <span class='ocr_line' id='line_1_78' title="bbox 429 4532 2000 4602; baseline 0 -18"><span class='ocrx_word' id='word_1_561' title='bbox 429 4533 625 4602; x_wconf 74' lang='grc' dir='ltr'>ἔχοντα</span> <span class='ocrx_word' id='word_1_562' title='bbox 678 4532 786 4583; x_wconf 89' lang='lat' dir='ltr'><strong>sint</strong></span> <span class='ocrx_word' id='word_1_563' title='bbox 835 4543 904 4602; x_wconf 84' lang='lat' dir='ltr'><strong>ea</strong></span> <span class='ocrx_word' id='word_1_564' title='bbox 957 4544 1075 4599; x_wconf 65' lang='lat' dir='ltr'><strong>qua}</strong></span> <span class='ocrx_word' id='word_1_565' title='bbox 1131 4545 1252 4584; x_wconf 79' lang='lat' dir='ltr'><strong>mox</strong></span> <span class='ocrx_word' id='word_1_566' title='bbox 1288 4541 1699 4602; x_wconf 81' lang='lat' dir='ltr'><strong>recensentura</strong></span> <span class='ocrx_word' id='word_1_567' title='bbox 1731 4532 2000 4587; x_wconf 81' lang='lat' dir='ltr'><strong>Constan—</strong></span> 
     </span>
    </p>
   </div>
   <div class='ocr_carea' id='block_1_79' title="bbox 431 4601 2000 4669">
    <p class='ocr_par' dir='ltr' id='par_1_79' title="bbox 431 4601 2000 4669">
     <span class='ocr_line' id='line_1_79' title="bbox 431 4601 2000 4669; baseline 0.001 -15"><span class='ocrx_word' id='word_1_568' title='bbox 431 4601 563 4664; x_wconf 80' lang='lat' dir='ltr'><strong>tino,</strong></span> <span class='ocrx_word' id='word_1_569' title='bbox 597 4603 739 4669; x_wconf 82' lang='lat' dir='ltr'><strong>leges</strong></span> <span class='ocrx_word' id='word_1_570' title='bbox 771 4601 997 4661; x_wconf 87' lang='lat' dir='ltr'><strong>scilicet,</strong></span> <span class='ocrx_word' id='word_1_571' title='bbox 1052 4603 1298 4668; x_wconf 78' lang='lat' dir='ltr'><strong>praemia,</strong></span> <span class='ocrx_word' id='word_1_572' title='bbox 1337 4601 1624 4669; x_wconf 87' lang='lat' dir='ltr'><strong>supplicia,</strong></span> <span class='ocrx_word' id='word_1_573' title='bbox 1665 4602 2000 4656; x_wconf 80' lang='lat' dir='ltr'><strong>exhortatio-</strong></span> 
     </span>
    </p>
   </div>
   <div class='ocr_carea' id='block_1_80' title="bbox 431 4669 1996 4742">
    <p class='ocr_par' dir='ltr' id='par_1_80' title="bbox 431 4669 1996 4742">
     <span class='ocr_line' id='line_1_80' title="bbox 431 4669 1996 4742; baseline 0.001 -17"><span class='ocrx_word' id='word_1_574' title='bbox 431 4689 527 4726; x_wconf 87' lang='lat' dir='ltr'><strong>nes</strong></span> <span class='ocrx_word' id='word_1_575' title='bbox 552 4683 606 4725; x_wconf 90' lang='lat' dir='ltr'><strong>et</strong></span> <span class='ocrx_word' id='word_1_576' title='bbox 643 4673 846 4734; x_wconf 83' lang='lat' dir='ltr'><strong>reliqua</strong></span> <span class='ocrx_word' id='word_1_577' title='bbox 887 4669 1216 4740; x_wconf 86' lang='lat' dir='ltr'><strong>ltujusmodi,</strong></span> <span class='ocrx_word' id='word_1_578' title='bbox 1252 4672 1657 4742; x_wconf 64' lang='lat' dir='ltr'><strong>quaejustitiatn</strong></span> <span class='ocrx_word' id='word_1_579' title='bbox 1697 4672 1748 4724; x_wconf 87' lang='lat' dir='ltr'><strong>itt</strong></span> <span class='ocrx_word' id='word_1_580' title='bbox 1779 4686 1838 4726; x_wconf 85' lang='lat' dir='ltr'><strong>se</strong></span> <span class='ocrx_word' id='word_1_581' title='bbox 1868 4687 1996 4727; x_wconf 63' lang='lat' dir='ltr'><strong>cono</strong></span> 
     </span>
    </p>
   </div>
   <div class='ocr_carea' id='block_1_81' title="bbox 435 4754 624 4795">
    <p class='ocr_par' dir='ltr' id='par_1_81' title="bbox 435 4754 624 4795">
     <span class='ocr_line' id='line_1_81' title="bbox 435 4754 624 4795; baseline -0.005 0"><span class='ocrx_word' id='word_1_582' title='bbox 435 4754 624 4795; x_wconf 72' lang='grc' dir='ltr'>ιιιιοιιι.</span> 
     </span>
    </p>
   </div>
   <div class='ocr_carea' id='block_1_82' title="bbox 502 4811 1998 4881">
    <p class='ocr_par' dir='ltr' id='par_1_82' title="bbox 502 4811 1998 4881">
     <span class='ocr_line' id='line_1_82' title="bbox 502 4811 1998 4881; baseline 0.003 -17"><span class='ocrx_word' id='word_1_583' title='bbox 502 4812 614 4881; x_wconf 83' lang='grc'>(20)</span> <span class='ocrx_word' id='word_1_584' title='bbox 647 4811 795 4881; x_wconf 75' lang='lat' dir='ltr'><strong>Vulg.</strong></span> <span class='ocrx_word' id='word_1_585' title='bbox 830 4814 936 4866; x_wconf 66' lang='grc' dir='ltr'><strong>τὸν</strong></span> <span class='ocrx_word' id='word_1_586' title='bbox 959 4813 1151 4868; x_wconf 75' lang='grc' dir='ltr'>ποῖον.</span> <span class='ocrx_word' id='word_1_587' title='bbox 1186 4811 1372 4866; x_wconf 85' lang='lat' dir='ltr'><strong>Scribe</strong></span> <span class='ocrx_word' id='word_1_588' title='bbox 1399 4811 1552 4865; x_wconf 87' lang='grc' dir='ltr'>ποιόν</span> <span class='ocrx_word' id='word_1_589' title='bbox 1567 4822 1788 4866; x_wconf 85' lang='lat' dir='ltr'><strong>accentu</strong></span> <span class='ocrx_word' id='word_1_590' title='bbox 1809 4813 1998 4867; x_wconf 85' lang='lat' dir='ltr'><strong>inulti-</strong></span> 
     </span>
    </p>
   </div>
   <div class='ocr_carea' id='block_1_83' title="bbox 431 4882 1995 4949">
    <p class='ocr_par' dir='ltr' id='par_1_83' title="bbox 431 4882 1995 4949">
     <span class='ocr_line' id='line_1_83' title="bbox 431 4882 1995 4949; baseline 0.001 -13"><span class='ocrx_word' id='word_1_591' title='bbox 431 4899 538 4943; x_wconf 82' lang='lat' dir='ltr'><strong>tna,</strong></span> <span class='ocrx_word' id='word_1_592' title='bbox 561 4896 615 4934; x_wconf 83' lang='lat' dir='ltr'><strong>ut</strong></span> <span class='ocrx_word' id='word_1_593' title='bbox 641 4885 691 4936; x_wconf 93' lang='lat' dir='ltr'><strong>in</strong></span> <span class='ocrx_word' id='word_1_594' title='bbox 719 4886 853 4937; x_wconf 84' lang='lat' dir='ltr'><strong>Ithro</strong></span> <span class='ocrx_word' id='word_1_595' title='bbox 874 4885 1050 4938; x_wconf 73' lang='lat' dir='ltr'><strong>Men-ri</strong></span> <span class='ocrx_word' id='word_1_596' title='bbox 1073 4885 1138 4936; x_wconf 88' lang='lat' dir='ltr'><strong>ad</strong></span> <span class='ocrx_word' id='word_1_597' title='bbox 1160 4882 1776 4949; x_wconf 59' lang='lat' dir='ltr'><strong>marginemadnotatum</strong></span> <span class='ocrx_word' id='word_1_598' title='bbox 1799 4885 1995 4938; x_wconf 86' lang='lat' dir='ltr'><strong>inveni.</strong></span> 
     </span>
    </p>
   </div>
   <div class='ocr_carea' id='block_1_84' title="bbox 429 4951 1995 5021">
    <p class='ocr_par' dir='ltr' id='par_1_84' title="bbox 429 4951 1995 5021">
     <span class='ocr_line' id='line_1_84' title="bbox 429 4951 1995 5021; baseline 0 -15"><span class='ocrx_word' id='word_1_599' title='bbox 429 4951 548 5006; x_wconf 76' lang='lat' dir='ltr'><strong>Mox</strong></span> <span class='ocrx_word' id='word_1_600' title='bbox 593 4961 712 5020; x_wconf 73' lang='lat' dir='ltr'><strong>tego</strong></span> <span class='ocrx_word' id='word_1_601' title='bbox 740 4957 834 5007; x_wconf 72' lang='grc' dir='ltr'>καὶ</span> <span class='ocrx_word' id='word_1_602' title='bbox 867 4955 926 5008; x_wconf 78' lang='grc' dir='ltr'>τὸ</span> <span class='ocrx_word' id='word_1_603' title='bbox 949 4957 1068 5009; x_wconf 79' lang='grc' dir='ltr'>κατ’</span> <span class='ocrx_word' id='word_1_604' title='bbox 1095 4953 1247 5017; x_wconf 82' lang='grc' dir='ltr'>ἀξίαν</span> <span class='ocrx_word' id='word_1_605' title='bbox 1294 4952 1530 5021; x_wconf 81' lang='grc' dir='ltr'>ἀπαντᾷ,</span> <span class='ocrx_word' id='word_1_606' title='bbox 1563 4968 1624 5004; x_wconf 79' lang='lat' dir='ltr'><strong>ex</strong></span> <span class='ocrx_word' id='word_1_607' title='bbox 1676 4969 1804 5006; x_wconf 87' lang='lat' dir='ltr'><strong>mss.</strong></span> <span class='ocrx_word' id='word_1_608' title='bbox 1846 4956 1995 5007; x_wconf 82' lang='lat' dir='ltr'><strong>codi-</strong></span> 
     </span>
    </p>
   </div>
   <div class='ocr_carea' id='block_1_85' title="bbox 431 5022 1996 5096">
    <p class='ocr_par' dir='ltr' id='par_1_85' title="bbox 431 5022 1996 5096">
     <span class='ocr_line' id='line_1_85' title="bbox 431 5022 1996 5096; baseline -0.001 -20"><span class='ocrx_word' id='word_1_609' title='bbox 431 5025 602 5096; x_wconf 74' lang='lat' dir='ltr'><strong>cibus.</strong></span> <span class='ocrx_word' id='word_1_610' title='bbox 653 5023 831 5096; x_wconf 11' lang='lat' dir='ltr'><strong>Certe,</strong></span> <span class='ocrx_word' id='word_1_611' title='bbox 867 5029 1030 5096; x_wconf 81' lang='lat' dir='ltr'><strong>codex</strong></span> <span class='ocrx_word' id='word_1_612' title='bbox 1078 5022 1312 5096; x_wconf 30' lang='lat' dir='ltr'><strong>Fuketii-</strong></span> <span class='ocrx_word' id='word_1_613' title='bbox 1341 5024 1418 5076; x_wconf 85' lang='lat' dir='ltr'><strong>sic</strong></span> <span class='ocrx_word' id='word_1_614' title='bbox 1473 5024 1691 5096; x_wconf 77' lang='lat' dir='ltr'><strong>exhibet</strong></span> <span class='ocrx_word' id='word_1_615' title='bbox 1726 5039 1738 5074; x_wconf 90' lang='lat'><strong>:</strong></span> <span class='ocrx_word' id='word_1_616' title='bbox 1778 5022 1864 5096; x_wconf 75' lang='grc' dir='ltr'><strong>διὰ</strong></span> <span class='ocrx_word' id='word_1_617' title='bbox 1887 5024 1996 5096; x_wconf 84' lang='grc' dir='ltr'><strong>γὰρ</strong></span> 
     </span>
    </p>
   </div>
   <div class='ocr_carea' id='block_1_86' title="bbox 428 5091 1996 5166">
    <p class='ocr_par' dir='ltr' id='par_1_86' title="bbox 428 5091 1996 5166">
     <span class='ocr_line' id='line_1_86' title="bbox 428 5091 1996 5166; baseline 0.001 -20"><span class='ocrx_word' id='word_1_618' title='bbox 428 5093 518 5166; x_wconf 80' lang='grc' dir='ltr'>τὸν</span> <span class='ocrx_word' id='word_1_619' title='bbox 561 5094 710 5146; x_wconf 79' lang='grc' dir='ltr'>ποιὸν</span> <span class='ocrx_word' id='word_1_620' title='bbox 767 5095 874 5149; x_wconf 84' lang='grc' dir='ltr'><strong>τῶν</strong></span> <span class='ocrx_word' id='word_1_621' title='bbox 920 5094 1218 5166; x_wconf 85' lang='grc' dir='ltr'>ἀνθρώπων</span> <span class='ocrx_word' id='word_1_622' title='bbox 1262 5091 1373 5162; x_wconf 82' lang='grc' dir='ltr'>βίον</span> <span class='ocrx_word' id='word_1_623' title='bbox 1424 5092 1516 5146; x_wconf 73' lang='grc' dir='ltr'>καὶ</span> <span class='ocrx_word' id='word_1_624' title='bbox 1569 5092 1629 5145; x_wconf 79' lang='grc' dir='ltr'>τὸ</span> <span class='ocrx_word' id='word_1_625' title='bbox 1677 5095 1793 5145; x_wconf 82' lang='grc' dir='ltr'>κατ’</span> <span class='ocrx_word' id='word_1_626' title='bbox 1841 5091 1996 5159; x_wconf 73' lang='grc' dir='ltr'>ἀξίαν</span> 
     </span>
    </p>
   </div>
   <div class='ocr_carea' id='block_1_87' title="bbox 431 5181 678 5234">
    <p class='ocr_par' dir='ltr' id='par_1_87' title="bbox 431 5181 678 5234">
     <span class='ocr_line' id='line_1_87' title="bbox 431 5181 678 5234; baseline -0.004 -16"><span class='ocrx_word' id='word_1_627' title='bbox 431 5181 678 5234; x_wconf 51' lang='lat' dir='ltr'><strong>artati-.0}.-</strong></span> 
     </span>
    </p>
   </div>
   <div class='ocr_carea' id='block_1_88' title="bbox 501 5232 1999 5305">
    <p class='ocr_par' dir='ltr' id='par_1_88' title="bbox 501 5232 1999 5305">
     <span class='ocr_line' id='line_1_88' title="bbox 501 5232 1999 5305; baseline 0.001 -17"><span class='ocrx_word' id='word_1_628' title='bbox 501 5235 581 5294; x_wconf 70' lang='grc'>(21</span> <span class='ocrx_word' id='word_1_629' title='bbox 595 5232 783 5305; x_wconf 68' lang='lat' dir='ltr'><strong>)ang.</strong></span> <span class='ocrx_word' id='word_1_630' title='bbox 803 5237 859 5288; x_wconf 84' lang='grc' dir='ltr'><strong>τί</strong></span> <span class='ocrx_word' id='word_1_631' title='bbox 877 5235 1072 5291; x_wconf 75' lang='grc' dir='ltr'>πάντα</span> <span class='ocrx_word' id='word_1_632' title='bbox 1096 5235 1167 5289; x_wconf 83' lang='grc' dir='ltr'>τὰ</span> <span class='ocrx_word' id='word_1_633' title='bbox 1194 5232 1452 5288; x_wconf 81' lang='grc' dir='ltr'>τοιαῦτα.</span> <span class='ocrx_word' id='word_1_634' title='bbox 1471 5234 1610 5305; x_wconf 72' lang='lat' dir='ltr'><strong>Lego</strong></span> <span class='ocrx_word' id='word_1_635' title='bbox 1627 5235 1706 5287; x_wconf 84' lang='grc' dir='ltr'>ὅτι</span> <span class='ocrx_word' id='word_1_636' title='bbox 1723 5235 1917 5302; x_wconf 89' lang='grc' dir='ltr'>πάντα,</span> <span class='ocrx_word' id='word_1_637' title='bbox 1941 5245 1999 5290; x_wconf 85' lang='lat' dir='ltr'><strong>ut.</strong></span> 
     </span>
    </p>
   </div>
   <div class='ocr_carea' id='block_1_89' title="bbox 429 5303 1996 5374">
    <p class='ocr_par' dir='ltr' id='par_1_89' title="bbox 429 5303 1996 5374">
     <span class='ocr_line' id='line_1_89' title="bbox 429 5303 1996 5374; baseline 0.003 -17"><span class='ocrx_word' id='word_1_638' title='bbox 429 5306 480 5357; x_wconf 72' lang='lat' dir='ltr'><strong>in</strong></span> <span class='ocrx_word' id='word_1_639' title='bbox 516 5307 652 5358; x_wconf 81' lang='lat' dir='ltr'><strong>lihro</strong></span> <span class='ocrx_word' id='word_1_640' title='bbox 683 5303 858 5359; x_wconf 71' lang='lat' dir='ltr'><strong>lilormi</strong></span> <span class='ocrx_word' id='word_1_641' title='bbox 883 5309 948 5359; x_wconf 90' lang='lat' dir='ltr'><strong>ad</strong></span> <span class='ocrx_word' id='word_1_642' title='bbox 977 5308 1272 5374; x_wconf 78' lang='lat' dir='ltr'><strong>marginem</strong></span> <span class='ocrx_word' id='word_1_643' title='bbox 1307 5303 1652 5358; x_wconf 84' lang='lat' dir='ltr'><strong>emendatum</strong></span> <span class='ocrx_word' id='word_1_644' title='bbox 1678 5308 1880 5361; x_wconf 87' lang='lat' dir='ltr'><strong>inveni.</strong></span> <span class='ocrx_word' id='word_1_645' title='bbox 1915 5309 1996 5362; x_wconf 85' lang='lat' dir='ltr'><strong>lta</strong></span> 
     </span>
    </p>
   </div>
   <div class='ocr_carea' id='block_1_90' title="bbox 427 5376 1162 5431">
    <p class='ocr_par' dir='ltr' id='par_1_90' title="bbox 427 5376 1162 5431">
     <span class='ocr_line' id='line_1_90' title="bbox 427 5376 1162 5431; baseline 0 -3"><span class='ocrx_word' id='word_1_646' title='bbox 427 5389 572 5429; x_wconf 73' lang='lat' dir='ltr'><strong>certe</strong></span> <span class='ocrx_word' id='word_1_647' title='bbox 602 5382 769 5430; x_wconf 78' lang='lat' dir='ltr'><strong>codex</strong></span> <span class='ocrx_word' id='word_1_648' title='bbox 814 5376 1162 5431; x_wconf 63' lang='lat' dir='ltr'><strong>lt&#39;nl-tetianus.</strong></span> 
     </span>
    </p>
   </div>
   <div class='ocr_carea' id='block_1_91' title="bbox 498 5441 1996 5516">
    <p class='ocr_par' dir='ltr' id='par_1_91' title="bbox 498 5441 1996 5516">
     <span class='ocr_line' id='line_1_91' title="bbox 498 5441 1996 5516; baseline 0.003 -19"><span class='ocrx_word' id='word_1_649' title='bbox 498 5446 607 5514; x_wconf 78' lang='grc'>(22)</span> <span class='ocrx_word' id='word_1_650' title='bbox 635 5441 746 5499; x_wconf 79' lang='grc' dir='ltr'><strong>Ὧν</strong></span> <span class='ocrx_word' id='word_1_651' title='bbox 777 5449 829 5501; x_wconf 80' lang='grc' dir='ltr'>εὶ</span> <span class='ocrx_word' id='word_1_652' title='bbox 857 5447 953 5501; x_wconf 79' lang='grc' dir='ltr'>καὶ</span> <span class='ocrx_word' id='word_1_653' title='bbox 981 5446 1054 5500; x_wconf 84' lang='grc' dir='ltr'>τὰ</span> <span class='ocrx_word' id='word_1_654' title='bbox 1085 5444 1372 5516; x_wconf 73' lang='grc' dir='ltr'>μάλιστα.</span> <span class='ocrx_word' id='word_1_655' title='bbox 1403 5443 1526 5498; x_wconf 81' lang='lat' dir='ltr'><strong>Post</strong></span> <span class='ocrx_word' id='word_1_656' title='bbox 1551 5445 1778 5513; x_wconf 89' lang='lat' dir='ltr'><strong>primam</strong></span> <span class='ocrx_word' id='word_1_657' title='bbox 1810 5461 1996 5500; x_wconf 87' lang='lat' dir='ltr'><strong>vocem</strong></span> 
     </span>
    </p>
   </div>
   <div class='ocr_carea' id='block_1_92' title="bbox 434 5515 1992 5582">
    <p class='ocr_par' dir='ltr' id='par_1_92' title="bbox 434 5515 1992 5582">
     <span class='ocr_line' id='line_1_92' title="bbox 434 5515 1992 5582; baseline 0.003 -16"><span class='ocrx_word' id='word_1_658' title='bbox 434 5515 483 5566; x_wconf 90' lang='lat' dir='ltr'><strong>in</strong></span> <span class='ocrx_word' id='word_1_659' title='bbox 521 5518 706 5570; x_wconf 79' lang='lat' dir='ltr'><strong>codice</strong></span> <span class='ocrx_word' id='word_1_660' title='bbox 740 5517 952 5572; x_wconf 79' lang='lat' dir='ltr'><strong>Fuketii</strong></span> <span class='ocrx_word' id='word_1_661' title='bbox 979 5515 1170 5571; x_wconf 84' lang='lat' dir='ltr'><strong>lacuna</strong></span> <span class='ocrx_word' id='word_1_662' title='bbox 1204 5528 1284 5568; x_wconf 89' lang='lat' dir='ltr'><strong>cst</strong></span> <span class='ocrx_word' id='word_1_663' title='bbox 1316 5516 1473 5582; x_wconf 71' lang='lat' dir='ltr'><strong>unius</strong></span> <span class='ocrx_word' id='word_1_664' title='bbox 1510 5517 1755 5568; x_wconf 80' lang='lat' dir='ltr'><strong>vocabuli</strong></span> <span class='ocrx_word' id='word_1_665' title='bbox 1800 5531 1992 5582; x_wconf 77' lang='lat' dir='ltr'><strong>capax.</strong></span> 
     </span>
    </p>
   </div>
   <div class='ocr_carea' id='block_1_93' title="bbox 434 5579 1992 5655">
    <p class='ocr_par' dir='ltr' id='par_1_93' title="bbox 434 5579 1992 5655">
     <span class='ocr_line' id='line_1_93' title="bbox 434 5579 1992 5655; baseline 0.003 -19"><span class='ocrx_word' id='word_1_666' title='bbox 434 5588 728 5655; x_wconf 14' lang='lat' dir='ltr'><strong>Sicrautetn</strong></span> <span class='ocrx_word' id='word_1_667' title='bbox 757 5589 967 5640; x_wconf 67' lang='lat' dir='ltr'><strong>videtur</strong></span> <span class='ocrx_word' id='word_1_668' title='bbox 997 5587 1313 5655; x_wconf 80' lang='lat' dir='ltr'><strong>supplenda,</strong></span> <span class='ocrx_word' id='word_1_669' title='bbox 1342 5579 1415 5638; x_wconf 82' lang='grc' dir='ltr'><strong>ὧν</strong></span> <span class='ocrx_word' id='word_1_670' title='bbox 1433 5586 1655 5655; x_wconf 81' lang='grc' dir='ltr'>πάντων</span> <span class='ocrx_word' id='word_1_671' title='bbox 1687 5588 1732 5638; x_wconf 85' lang='grc' dir='ltr'><strong>εί</strong></span> <span class='ocrx_word' id='word_1_672' title='bbox 1754 5579 1992 5648; x_wconf 35' lang='lat' dir='ltr'><strong>xum-etc.</strong></span> 
     </span>
    </p>
   </div>
   <div class='ocr_carea' id='block_1_94' title="bbox 501 5654 1996 5725">
    <p class='ocr_par' dir='ltr' id='par_1_94' title="bbox 501 5654 1996 5725">
     <span class='ocr_line' id='line_1_94' title="bbox 501 5654 1996 5725; baseline 0.003 -19"><span class='ocrx_word' id='word_1_673' title='bbox 501 5654 612 5723; x_wconf 83' lang='grc'>(25)</span> <span class='ocrx_word' id='word_1_674' title='bbox 649 5654 1140 5724; x_wconf 60' lang='grc' dir='ltr'>Υιιιεληνικαῦτα</span> <span class='ocrx_word' id='word_1_675' title='bbox 1154 5655 1270 5725; x_wconf 77' lang='grc' dir='ltr'><strong>μὲν</strong></span> <span class='ocrx_word' id='word_1_676' title='bbox 1294 5654 1558 5722; x_wconf 77' lang='grc' dir='ltr'>τοσάκις.</span> <span class='ocrx_word' id='word_1_677' title='bbox 1595 5657 1870 5710; x_wconf 87' lang='lat' dir='ltr'><strong>Postrema</strong></span> <span class='ocrx_word' id='word_1_678' title='bbox 1896 5672 1996 5710; x_wconf 54' lang='lat' dir='ltr'><strong>vos</strong></span> 
     </span>
    </p>
   </div>
   <div class='ocr_carea' id='block_1_95' title="bbox 431 5725 1998 5796">
    <p class='ocr_par' dir='ltr' id='par_1_95' title="bbox 431 5725 1998 5796">
     <span class='ocr_line' id='line_1_95' title="bbox 431 5725 1998 5796; baseline 0.003 -20"><span class='ocrx_word' id='word_1_679' title='bbox 431 5725 654 5796; x_wconf 80' lang='lat' dir='ltr'><strong>delenda</strong></span> <span class='ocrx_word' id='word_1_680' title='bbox 695 5737 800 5796; x_wconf 81' lang='lat' dir='ltr'><strong>est,</strong></span> <span class='ocrx_word' id='word_1_681' title='bbox 830 5729 1030 5795; x_wconf 82' lang='lat' dir='ltr'><strong>quippe</strong></span> <span class='ocrx_word' id='word_1_682' title='bbox 1056 5741 1175 5794; x_wconf 83' lang='lat' dir='ltr'><strong>qua:</strong></span> <span class='ocrx_word' id='word_1_683' title='bbox 1213 5738 1311 5796; x_wconf 80' lang='lat' dir='ltr'><strong>nec</strong></span> <span class='ocrx_word' id='word_1_684' title='bbox 1355 5729 1409 5780; x_wconf 90' lang='lat' dir='ltr'><strong>in</strong></span> <span class='ocrx_word' id='word_1_685' title='bbox 1447 5729 1636 5781; x_wconf 88' lang='lat' dir='ltr'><strong>codice</strong></span> <span class='ocrx_word' id='word_1_686' title='bbox 1669 5726 1856 5796; x_wconf 80' lang='lat' dir='ltr'><strong>Regio,</strong></span> <span class='ocrx_word' id='word_1_687' title='bbox 1899 5741 1998 5780; x_wconf 88' lang='lat' dir='ltr'><strong>nec</strong></span> 
     </span>
    </p>
   </div>
   <div class='ocr_carea' id='block_1_96' title="bbox 433 5793 2076 5883">
    <p class='ocr_par' dir='ltr' id='par_1_96' title="bbox 433 5793 2076 5883">
     <span class='ocr_line' id='line_1_96' title="bbox 433 5793 2076 5883; baseline 0 -33"><span class='ocrx_word' id='word_1_688' title='bbox 433 5797 482 5850; x_wconf 91' lang='lat' dir='ltr'><strong>iu</strong></span> <span class='ocrx_word' id='word_1_689' title='bbox 541 5793 777 5866; x_wconf 81' lang='lat' dir='ltr'><strong>schedis,</strong></span> <span class='ocrx_word' id='word_1_690' title='bbox 839 5793 1338 5852; x_wconf 36' lang='lat' dir='ltr'><strong>nec—incditione</strong></span> <span class='ocrx_word' id='word_1_691' title='bbox 1390 5795 1654 5870; x_wconf 83' lang='lat' dir='ltr'><strong>Stephani</strong></span> <span class='ocrx_word' id='word_1_692' title='bbox 1701 5793 2076 5883; x_wconf 78' lang='lat' dir='ltr'><strong>reperitur.</strong></span> 
     </span>
    </p>
   </div>
   <div class='ocr_carea' id='block_1_97' title="bbox 2105 3224 3675 3300">
    <p class='ocr_par' dir='ltr' id='par_1_97' title="bbox 2105 3224 3675 3300">
     <span class='ocr_line' id='line_1_97' title="bbox 2105 3224 3675 3300; baseline -0.004 -17"><span class='ocrx_word' id='word_1_693' title='bbox 2105 3230 2199 3284; x_wconf 76' lang='grc' dir='ltr'><strong>καὶ</strong></span> <span class='ocrx_word' id='word_1_694' title='bbox 2239 3230 2314 3294; x_wconf 87' lang='grc' dir='ltr'><strong>ώς</strong></span> <span class='ocrx_word' id='word_1_695' title='bbox 2343 3230 2497 3299; x_wconf 79' lang='grc' dir='ltr'>ἔτυχε</span> <span class='ocrx_word' id='word_1_696' title='bbox 2529 3227 2931 3300; x_wconf 69' lang='grc' dir='ltr'>συμϐεϐηκέναι</span> <span class='ocrx_word' id='word_1_697' title='bbox 2977 3226 3175 3297; x_wconf 80' lang='grc' dir='ltr'>μᾶλλον</span> <span class='ocrx_word' id='word_1_698' title='bbox 3204 3227 3236 3296; x_wconf 79' lang='grc' dir='ltr'>ἢ</span> <span class='ocrx_word' id='word_1_699' title='bbox 3268 3224 3675 3297; x_wconf 81' lang='grc' dir='ltr'>δημιουργηθῆ-</span> 
     </span>
    </p>
   </div>
   <div class='ocr_carea' id='block_1_98' title="bbox 2103 3317 3674 3393">
    <p class='ocr_par' dir='ltr' id='par_1_98' title="bbox 2103 3317 3674 3393">
     <span class='ocr_line' id='line_1_98' title="bbox 2103 3317 3674 3393; baseline -0.003 -17"><span class='ocrx_word' id='word_1_700' title='bbox 2103 3340 2211 3385; x_wconf 90' lang='grc' dir='ltr'>ναι,</span> <span class='ocrx_word' id='word_1_701' title='bbox 2258 3321 2536 3376; x_wconf 85' lang='grc' dir='ltr'>πείθεσθαι</span> <span class='ocrx_word' id='word_1_702' title='bbox 2575 3322 2714 3393; x_wconf 75' lang='grc' dir='ltr'>χρής</span> <span class='ocrx_word' id='word_1_703' title='bbox 2737 3321 2840 3375; x_wconf 89' lang='grc' dir='ltr'><strong>Τὸν</strong></span> <span class='ocrx_word' id='word_1_704' title='bbox 2867 3319 2990 3373; x_wconf 88' lang='grc' dir='ltr'>νοῦν</span> <span class='ocrx_word' id='word_1_705' title='bbox 3016 3319 3124 3391; x_wconf 83' lang='grc' dir='ltr'><strong>γὰρ</strong></span> <span class='ocrx_word' id='word_1_706' title='bbox 3155 3319 3254 3372; x_wconf 78' lang='grc' dir='ltr'>οὐκ</span> <span class='ocrx_word' id='word_1_707' title='bbox 3281 3318 3503 3390; x_wconf 79' lang='grc' dir='ltr'>ἔχοντές</span> <span class='ocrx_word' id='word_1_708' title='bbox 3547 3317 3674 3388; x_wconf 85' lang='grc' dir='ltr'>φασί</span> 
     </span>
    </p>
   </div>
   <div class='ocr_carea' id='block_1_99' title="bbox 2101 3410 3675 3481">
    <p class='ocr_par' dir='ltr' id='par_1_99' title="bbox 2101 3410 3675 3481">
     <span class='ocr_line' id='line_1_99' title="bbox 2101 3410 3675 3481; baseline -0.003 -13"><span class='ocrx_word' id='word_1_709' title='bbox 2101 3432 2264 3478; x_wconf 88' lang='grc' dir='ltr'>τινες,</span> <span class='ocrx_word' id='word_1_710' title='bbox 2313 3414 2380 3467; x_wconf 84' lang='grc' dir='ltr'><strong>τά</strong></span> <span class='ocrx_word' id='word_1_711' title='bbox 2425 3413 2652 3467; x_wconf 88' lang='grc' dir='ltr'>πλεῖστα</span> <span class='ocrx_word' id='word_1_712' title='bbox 2698 3411 2806 3465; x_wconf 87' lang='grc' dir='ltr'><strong>τῶν</strong></span> <span class='ocrx_word' id='word_1_713' title='bbox 2862 3411 3118 3464; x_wconf 84' lang='grc' dir='ltr'>τοιούτων</span> <span class='ocrx_word' id='word_1_714' title='bbox 3167 3410 3257 3466; x_wconf 77' lang='grc' dir='ltr'><strong>διὰ</strong></span> <span class='ocrx_word' id='word_1_715' title='bbox 3311 3413 3412 3481; x_wconf 75' lang='grc' dir='ltr'><strong>τὴν</strong></span> <span class='ocrx_word' id='word_1_716' title='bbox 3466 3410 3675 3464; x_wconf 79' lang='grc' dir='ltr'>ἑαυτῶν</span> 
     </span>
    </p>
   </div>
   <div class='ocr_carea' id='block_1_100' title="bbox 2102 3501 3674 3578">
    <p class='ocr_par' dir='ltr' id='par_1_100' title="bbox 2102 3501 3674 3578">
     <span class='ocr_line' id='line_1_100' title="bbox 2102 3501 3674 3578; baseline -0.003 -19"><span class='ocrx_word' id='word_1_717' title='bbox 2102 3507 2288 3578; x_wconf 81' lang='grc' dir='ltr'>χρείαν</span> <span class='ocrx_word' id='word_1_718' title='bbox 2316 3506 2442 3568; x_wconf 76' lang='grc' dir='ltr'>τοὺς</span> <span class='ocrx_word' id='word_1_719' title='bbox 2465 3504 2785 3576; x_wconf 84' lang='grc' dir='ltr'>ἀνθρώπους</span> <span class='ocrx_word' id='word_1_720' title='bbox 2816 3504 3248 3576; x_wconf 79' lang='grc' dir='ltr'>ἐπινενοηκέναι·</span> <span class='ocrx_word' id='word_1_721' title='bbox 3283 3502 3536 3571; x_wconf 83' lang='grc' dir='ltr'>ἀφθόνως</span> <span class='ocrx_word' id='word_1_722' title='bbox 3570 3501 3674 3574; x_wconf 75' lang='grc' dir='ltr'><strong>γὰρ</strong></span> 
     </span>
    </p>
   </div>
   <div class='ocr_carea' id='block_1_101' title="bbox 2100 3593 3673 3668">
    <p class='ocr_par' dir='ltr' id='par_1_101' title="bbox 2100 3593 3673 3668">
     <span class='ocr_line' id='line_1_101' title="bbox 2100 3593 3673 3668; baseline -0.003 -18"><span class='ocrx_word' id='word_1_723' title='bbox 2100 3599 2199 3666; x_wconf 83' lang='grc' dir='ltr'>τῆς</span> <span class='ocrx_word' id='word_1_724' title='bbox 2226 3597 2438 3666; x_wconf 85' lang='grc' dir='ltr'>φύσεως</span> <span class='ocrx_word' id='word_1_725' title='bbox 2471 3597 2646 3650; x_wconf 90' lang='grc' dir='ltr'>πάντα</span> <span class='ocrx_word' id='word_1_726' title='bbox 2675 3598 2927 3668; x_wconf 83' lang='grc' dir='ltr'>χρήματα</span> <span class='ocrx_word' id='word_1_727' title='bbox 2963 3595 3329 3667; x_wconf 83' lang='grc' dir='ltr'>χορηγούσης,</span> <span class='ocrx_word' id='word_1_728' title='bbox 3361 3593 3504 3646; x_wconf 71' lang='grc' dir='ltr'>ἔστω</span> <span class='ocrx_word' id='word_1_729' title='bbox 3549 3593 3673 3665; x_wconf 76' lang='grc' dir='ltr'>περὶ</span> 
     </span>
    </p>
   </div>
   <div class='ocr_carea' id='block_1_102' title="bbox 2099 3687 3670 3761">
    <p class='ocr_par' dir='ltr' id='par_1_102' title="bbox 2099 3687 3670 3761">
     <span class='ocr_line' id='line_1_102' title="bbox 2099 3687 3670 3761; baseline -0.001 -19"><span class='ocrx_word' id='word_1_730' title='bbox 2099 3691 2208 3744; x_wconf 86' lang='grc' dir='ltr'><strong>τῶν</strong></span> <span class='ocrx_word' id='word_1_731' title='bbox 2236 3691 2490 3759; x_wconf 74' lang='grc' dir='ltr'>ἐπιγείων</span> <span class='ocrx_word' id='word_1_732' title='bbox 2519 3690 2612 3743; x_wconf 75' lang='grc' dir='ltr'>καὶ</span> <span class='ocrx_word' id='word_1_733' title='bbox 2650 3689 2923 3761; x_wconf 83' lang='grc' dir='ltr'>φθαρτῶν,</span> <span class='ocrx_word' id='word_1_734' title='bbox 2959 3690 3057 3761; x_wconf 77' lang='grc' dir='ltr'>τὴν</span> <span class='ocrx_word' id='word_1_735' title='bbox 3089 3687 3243 3752; x_wconf 82' lang='grc' dir='ltr'>δόξαν</span> <span class='ocrx_word' id='word_1_736' title='bbox 3275 3688 3482 3758; x_wconf 79' lang='grc' dir='ltr'>ταύτην</span> <span class='ocrx_word' id='word_1_737' title='bbox 3516 3687 3670 3753; x_wconf 82' lang='grc' dir='ltr'>λόγου</span> 
     </span>
    </p>
   </div>
   <div class='ocr_carea' id='block_1_103' title="bbox 2098 3777 3671 3853">
    <p class='ocr_par' dir='ltr' id='par_1_103' title="bbox 2098 3777 3671 3853">
     <span class='ocr_line' id='line_1_103' title="bbox 2098 3777 3671 3853; baseline -0.001 -19"><span class='ocrx_word' id='word_1_738' title='bbox 2098 3782 2242 3845; x_wconf 84' lang='grc' dir='ltr'>τινὸς</span> <span class='ocrx_word' id='word_1_739' title='bbox 2285 3782 2694 3853; x_wconf 76' lang='grc' dir='ltr'>μετειληφέναιο</span> <span class='ocrx_word' id='word_1_740' title='bbox 2732 3778 2820 3853; x_wconf 82' lang='grc' dir='ltr'><strong>ἆρ’</strong></span> <span class='ocrx_word' id='word_1_741' title='bbox 2848 3777 2941 3835; x_wconf 75' lang='grc' dir='ltr'>οὖν</span> <span class='ocrx_word' id='word_1_742' title='bbox 2977 3782 3070 3834; x_wconf 74' lang='grc' dir='ltr'>καὶ</span> <span class='ocrx_word' id='word_1_743' title='bbox 3111 3780 3178 3833; x_wconf 83' lang='grc' dir='ltr'><strong>τά</strong></span> <span class='ocrx_word' id='word_1_744' title='bbox 3207 3779 3450 3833; x_wconf 81' lang='grc' dir='ltr'>ἀθάνατα</span> <span class='ocrx_word' id='word_1_745' title='bbox 3481 3780 3577 3832; x_wconf 70' lang='grc' dir='ltr'><strong>καὶ</strong></span> <span class='ocrx_word' id='word_1_746' title='bbox 3606 3778 3671 3832; x_wconf 78' lang='grc' dir='ltr'><strong>τά</strong></span> 
     </span>
    </p>
   </div>
   <div class='ocr_carea' id='block_1_104' title="bbox 2099 3869 3669 3942">
    <p class='ocr_par' dir='ltr' id='par_1_104' title="bbox 2099 3869 3669 3942">
     <span class='ocr_line' id='line_1_104' title="bbox 2099 3869 3669 3942; baseline -0.003 -17"><span class='ocrx_word' id='word_1_747' title='bbox 2099 3872 2464 3935; x_wconf 85' lang='grc' dir='ltr'>ἀναλλοίωτα,</span> <span class='ocrx_word' id='word_1_748' title='bbox 2493 3873 2602 3924; x_wconf 88' lang='grc' dir='ltr'><strong>τῶν</strong></span> <span class='ocrx_word' id='word_1_749' title='bbox 2643 3871 2946 3942; x_wconf 86' lang='grc' dir='ltr'>ἀνθρώπων</span> <span class='ocrx_word' id='word_1_750' title='bbox 2995 3871 3141 3922; x_wconf 77' lang='grc' dir='ltr'>ἐστὶν</span> <span class='ocrx_word' id='word_1_751' title='bbox 3182 3871 3504 3942; x_wconf 78' lang='grc' dir='ltr'>εὐρήματα;</span> <span class='ocrx_word' id='word_1_752' title='bbox 3541 3869 3669 3921; x_wconf 85' lang='grc' dir='ltr'>Τού-</span> 
     </span>
    </p>
   </div>
   <div class='ocr_carea' id='block_1_105' title="bbox 2097 3960 3670 4036">
    <p class='ocr_par' dir='ltr' id='par_1_105' title="bbox 2097 3960 3670 4036">
     <span class='ocr_line' id='line_1_105' title="bbox 2097 3960 3670 4036; baseline -0.003 -19"><span class='ocrx_word' id='word_1_753' title='bbox 2097 3982 2206 4018; x_wconf 89' lang='grc' dir='ltr'><strong>των</strong></span> <span class='ocrx_word' id='word_1_754' title='bbox 2234 3964 2342 4036; x_wconf 87' lang='grc' dir='ltr'><strong>γὰρ</strong></span> <span class='ocrx_word' id='word_1_755' title='bbox 2373 3963 2466 4017; x_wconf 78' lang='grc' dir='ltr'>καὶ</span> <span class='ocrx_word' id='word_1_756' title='bbox 2492 3963 2599 4016; x_wconf 82' lang='grc' dir='ltr'><strong>τῶν</strong></span> <span class='ocrx_word' id='word_1_757' title='bbox 2630 3963 2884 4016; x_wconf 85' lang='grc' dir='ltr'>τοιούτων</span> <span class='ocrx_word' id='word_1_758' title='bbox 2928 3962 3180 4016; x_wconf 75' lang='grc' dir='ltr'>ἁπάντων</span> <span class='ocrx_word' id='word_1_759' title='bbox 3217 3962 3316 4015; x_wconf 87' lang='grc' dir='ltr'>ὅσα</span> <span class='ocrx_word' id='word_1_760' title='bbox 3343 3963 3443 4030; x_wconf 78' lang='grc' dir='ltr'><strong>τῆς</strong></span> <span class='ocrx_word' id='word_1_761' title='bbox 3475 3960 3670 4031; x_wconf 72' lang='grc' dir='ltr'>ἡμετέο</span> 
     </span>
    </p>
   </div>
   <div class='ocr_carea' id='block_1_106' title="bbox 2103 4051 3669 4129">
    <p class='ocr_par' dir='ltr' id='par_1_106' title="bbox 2103 4051 3669 4129">
     <span class='ocr_line' id='line_1_106' title="bbox 2103 4051 3669 4129; baseline -0.005 -18"><span class='ocrx_word' id='word_1_762' title='bbox 2103 4074 2200 4129; x_wconf 89' lang='grc' dir='ltr'><strong>ρας</strong></span> <span class='ocrx_word' id='word_1_763' title='bbox 2228 4057 2530 4128; x_wconf 84' lang='grc' dir='ltr'>αἰσθήσεως</span> <span class='ocrx_word' id='word_1_764' title='bbox 2569 4055 2918 4128; x_wconf 85' lang='grc' dir='ltr'>κεχώρισται,</span> <span class='ocrx_word' id='word_1_765' title='bbox 2967 4053 3042 4125; x_wconf 83' lang='grc' dir='ltr'><strong>νῷ</strong></span> <span class='ocrx_word' id='word_1_766' title='bbox 3079 4053 3135 4106; x_wconf 79' lang='grc' dir='ltr'>δὲ</span> <span class='ocrx_word' id='word_1_767' title='bbox 3167 4053 3310 4124; x_wconf 87' lang='grc' dir='ltr'>μόνῳ</span> <span class='ocrx_word' id='word_1_768' title='bbox 3342 4051 3669 4123; x_wconf 82' lang='grc' dir='ltr'>καταληπτά</span> 
     </span>
    </p>
   </div>
   <div class='ocr_carea' id='block_1_107' title="bbox 2097 4142 3671 4219">
    <p class='ocr_par' dir='ltr' id='par_1_107' title="bbox 2097 4142 3671 4219">
     <span class='ocr_line' id='line_1_107' title="bbox 2097 4142 3671 4219; baseline -0.003 -17"><span class='ocrx_word' id='word_1_769' title='bbox 2097 4150 2348 4219; x_wconf 84' lang='grc' dir='ltr'>τυγχάνει</span> <span class='ocrx_word' id='word_1_770' title='bbox 2382 4148 2536 4213; x_wconf 80' lang='grc' dir='ltr'>ὄντα,</span> <span class='ocrx_word' id='word_1_771' title='bbox 2561 4149 2662 4201; x_wconf 81' lang='grc' dir='ltr'>οὐκ</span> <span class='ocrx_word' id='word_1_772' title='bbox 2685 4146 2868 4209; x_wconf 77' lang='grc' dir='ltr'>ἔνυλος</span> <span class='ocrx_word' id='word_1_773' title='bbox 2893 4144 3004 4217; x_wconf 79' lang='grc' dir='ltr'><strong>ζωὴ</strong></span> <span class='ocrx_word' id='word_1_774' title='bbox 3034 4145 3142 4215; x_wconf 81' lang='grc'>(26)</span> <span class='ocrx_word' id='word_1_775' title='bbox 3177 4143 3504 4216; x_wconf 85' lang='grc' dir='ltr'>ἀνθρώπων,</span> <span class='ocrx_word' id='word_1_776' title='bbox 3538 4142 3671 4197; x_wconf 80' lang='grc' dir='ltr'><strong>ἀλλά</strong></span> 
     </span>
    </p>
   </div>
   <div class='ocr_carea' id='block_1_108' title="bbox 2099 4388 3668 4461">
    <p class='ocr_par' dir='ltr' id='par_1_108' title="bbox 2099 4388 3668 4461">
     <span class='ocr_line' id='line_1_108' title="bbox 2099 4388 3668 4461; baseline -0.003 -14"><span class='ocrx_word' id='word_1_777' title='bbox 2099 4391 2478 4448; x_wconf 87' lang='lat' dir='ltr'><strong>Emendandns</strong></span> <span class='ocrx_word' id='word_1_778' title='bbox 2499 4391 2675 4457; x_wconf 88' lang='lat' dir='ltr'><strong>potius</strong></span> <span class='ocrx_word' id='word_1_779' title='bbox 2703 4401 2818 4444; x_wconf 88' lang='lat' dir='ltr'><strong>erat</strong></span> <span class='ocrx_word' id='word_1_780' title='bbox 2845 4391 2947 4445; x_wconf 87' lang='lat' dir='ltr'><strong>hoc</strong></span> <span class='ocrx_word' id='word_1_781' title='bbox 2965 4390 3124 4444; x_wconf 93' lang='lat' dir='ltr'><strong>modo</strong></span> <span class='ocrx_word' id='word_1_782' title='bbox 3151 4409 3162 4446; x_wconf 94' lang='lat'><strong>:</strong></span> <span class='ocrx_word' id='word_1_783' title='bbox 3188 4390 3340 4461; x_wconf 77' lang='grc' dir='ltr'>ὅμως</span> <span class='ocrx_word' id='word_1_784' title='bbox 3367 4388 3668 4461; x_wconf 82' lang='grc' dir='ltr'>τηνικαῦτα</span> 
     </span>
    </p>
   </div>
   <div class='ocr_carea' id='block_1_109' title="bbox 2101 4459 3666 4536">
    <p class='ocr_par' dir='ltr' id='par_1_109' title="bbox 2101 4459 3666 4536">
     <span class='ocr_line' id='line_1_109' title="bbox 2101 4459 3666 4536; baseline -0.003 -20"><span class='ocrx_word' id='word_1_785' title='bbox 2101 4465 2235 4536; x_wconf 83' lang='grc' dir='ltr'>ἡμῖν</span> <span class='ocrx_word' id='word_1_786' title='bbox 2266 4461 2642 4536; x_wconf 83' lang='grc' dir='ltr'>φανερώτερον</span> <span class='ocrx_word' id='word_1_787' title='bbox 2674 4461 3151 4536; x_wconf 20' lang='grc' dir='ltr'>έκλάμπουσιν,μὶ‹1</span> <span class='ocrx_word' id='word_1_788' title='bbox 3175 4459 3278 4523; x_wconf 85' lang='lat' dir='ltr'><strong>est,</strong></span> <span class='ocrx_word' id='word_1_789' title='bbox 3306 4459 3435 4536; x_wconf 58' lang='lat' dir='ltr'><strong>Etsi</strong></span> <span class='ocrx_word' id='word_1_790' title='bbox 3460 4470 3666 4514; x_wconf 87' lang='lat' dir='ltr'><strong>certum</strong></span> 
     </span>
    </p>
   </div>
   <div class='ocr_carea' id='block_1_110' title="bbox 2105 4529 3669 4602">
    <p class='ocr_par' dir='ltr' id='par_1_110' title="bbox 2105 4529 3669 4602">
     <span class='ocr_line' id='line_1_110' title="bbox 2105 4529 3669 4602; baseline -0.004 -14"><span class='ocrx_word' id='word_1_791' title='bbox 2105 4529 2208 4596; x_wconf 64' lang='lat' dir='ltr'><strong>eSt,</strong></span> <span class='ocrx_word' id='word_1_792' title='bbox 2246 4529 2534 4600; x_wconf 60' lang='lat' dir='ltr'><strong>niultiéque</strong></span> <span class='ocrx_word' id='word_1_793' title='bbox 2551 4529 2824 4602; x_wconf 70' lang='lat' dir='ltr'><strong>exemplis</strong></span> <span class='ocrx_word' id='word_1_794' title='bbox 2845 4533 3275 4602; x_wconf 80' lang='lat' dir='ltr'><strong>comprobatum,</strong></span> <span class='ocrx_word' id='word_1_795' title='bbox 3302 4529 3531 4602; x_wconf 67' lang='lat' dir='ltr'><strong>famen),</strong></span> <span class='ocrx_word' id='word_1_796' title='bbox 3580 4543 3669 4597; x_wconf 84' lang='lat' dir='ltr'><strong>pe-</strong></span> 
     </span>
    </p>
   </div>
   <div class='ocr_carea' id='block_1_111' title="bbox 2105 4599 3666 4672">
    <p class='ocr_par' dir='ltr' id='par_1_111' title="bbox 2105 4599 3666 4672">
     <span class='ocr_line' id='line_1_111' title="bbox 2105 4599 3666 4672; baseline -0.004 -14"><span class='ocrx_word' id='word_1_797' title='bbox 2105 4615 2242 4658; x_wconf 89' lang='lat' dir='ltr'><strong>stem</strong></span> <span class='ocrx_word' id='word_1_798' title='bbox 2293 4613 2348 4657; x_wconf 83' lang='lat' dir='ltr'><strong>et</strong></span> <span class='ocrx_word' id='word_1_799' title='bbox 2400 4599 3093 4672; x_wconf 53' lang='lat' dir='ltr'><strong>hujusntodi&#39;calamitates</strong></span> <span class='ocrx_word' id='word_1_800' title='bbox 3141 4602 3215 4672; x_wconf 84' lang='lat' dir='ltr'><strong>ad</strong></span> <span class='ocrx_word' id='word_1_801' title='bbox 3262 4599 3666 4672; x_wconf 74' lang='lat' dir='ltr'><strong>improbitatem</strong></span> 
     </span>
    </p>
   </div>
   <div class='ocr_carea' id='block_1_112' title="bbox 2104 4668 3666 4741">
    <p class='ocr_par' dir='ltr' id='par_1_112' title="bbox 2104 4668 3666 4741">
     <span class='ocr_line' id='line_1_112' title="bbox 2104 4668 3666 4741; baseline -0.004 -12"><span class='ocrx_word' id='word_1_802' title='bbox 2104 4675 2384 4729; x_wconf 84' lang='lat' dir='ltr'><strong>hominum</strong></span> <span class='ocrx_word' id='word_1_803' title='bbox 2431 4668 2754 4741; x_wconf 75' lang='lat' dir='ltr'><strong>puniendam</strong></span> <span class='ocrx_word' id='word_1_804' title='bbox 2803 4673 3018 4727; x_wconf 65' lang='lat' dir='ltr'><strong>coalitus</strong></span> <span class='ocrx_word' id='word_1_805' title='bbox 3073 4669 3337 4734; x_wconf 89' lang='lat' dir='ltr'><strong>immitti;</strong></span> <span class='ocrx_word' id='word_1_806' title='bbox 3392 4668 3445 4741; x_wconf 83' lang='lat' dir='ltr'><strong>id</strong></span> <span class='ocrx_word' id='word_1_807' title='bbox 3490 4679 3666 4741; x_wconf 87' lang='lat' dir='ltr'><strong>tamen</strong></span> 
     </span>
    </p>
   </div>
   <div class='ocr_carea' id='block_1_113' title="bbox 2106 4739 3668 4810">
    <p class='ocr_par' dir='ltr' id='par_1_113' title="bbox 2106 4739 3668 4810">
     <span class='ocr_line' id='line_1_113' title="bbox 2106 4739 3668 4810; baseline -0.004 -14"><span class='ocrx_word' id='word_1_808' title='bbox 2106 4746 2275 4796; x_wconf 91' lang='lat' dir='ltr'><strong>multo</strong></span> <span class='ocrx_word' id='word_1_809' title='bbox 2324 4739 2664 4796; x_wconf 78' lang='lat' dir='ltr'><strong>manifestius</strong></span> <span class='ocrx_word' id='word_1_810' title='bbox 2711 4743 2904 4798; x_wconf 88' lang='lat' dir='ltr'><strong>elucet.</strong></span> <span class='ocrx_word' id='word_1_811' title='bbox 2950 4741 3159 4810; x_wconf 89' lang='lat' dir='ltr'><strong>quoties</strong></span> <span class='ocrx_word' id='word_1_812' title='bbox 3201 4755 3276 4792; x_wconf 67' lang='lat' dir='ltr'><strong>ea:</strong></span> <span class='ocrx_word' id='word_1_813' title='bbox 3324 4739 3668 4795; x_wconf 81' lang='lat' dir='ltr'><strong>ealantitates</strong></span> 
     </span>
    </p>
   </div>
   <div class='ocr_carea' id='block_1_114' title="bbox 2105 4811 3668 4882">
    <p class='ocr_par' dir='ltr' id='par_1_114' title="bbox 2105 4811 3668 4882">
     <span class='ocr_line' id='line_1_114' title="bbox 2105 4811 3668 4882; baseline -0.003 -14"><span class='ocrx_word' id='word_1_814' title='bbox 2105 4817 2440 4882; x_wconf 84' lang='lat' dir='ltr'><strong>contingunt.</strong></span> <span class='ocrx_word' id='word_1_815' title='bbox 2477 4813 2629 4866; x_wconf 86' lang='lat' dir='ltr'><strong>Tunc</strong></span> <span class='ocrx_word' id='word_1_816' title='bbox 2657 4814 2799 4866; x_wconf 90' lang='lat' dir='ltr'><strong>enim</strong></span> <span class='ocrx_word' id='word_1_817' title='bbox 2827 4813 2891 4866; x_wconf 90' lang='lat' dir='ltr'><strong>ad</strong></span> <span class='ocrx_word' id='word_1_818' title='bbox 2923 4828 3019 4882; x_wconf 80' lang='lat' dir='ltr'><strong>nos</strong></span> <span class='ocrx_word' id='word_1_819' title='bbox 3049 4811 3146 4880; x_wconf 88' lang='lat' dir='ltr'><strong>ipsi</strong></span> <span class='ocrx_word' id='word_1_820' title='bbox 3169 4811 3441 4871; x_wconf 82' lang='lat' dir='ltr'><strong>conversi,</strong></span> <span class='ocrx_word' id='word_1_821' title='bbox 3472 4825 3668 4882; x_wconf 56' lang='lat' dir='ltr'><strong>capsas</strong></span> 
     </span>
    </p>
   </div>
   <div class='ocr_carea' id='block_1_115' title="bbox 2103 4877 3664 4952">
    <p class='ocr_par' dir='ltr' id='par_1_115' title="bbox 2103 4877 3664 4952">
     <span class='ocr_line' id='line_1_115' title="bbox 2103 4877 3664 4952; baseline -0.003 -15"><span class='ocrx_word' id='word_1_822' title='bbox 2103 4877 2316 4937; x_wconf 57' lang='lat' dir='ltr'><strong>earnm&#39;</strong></span> <span class='ocrx_word' id='word_1_823' title='bbox 2333 4884 2947 4952; x_wconf 76' lang='lat' dir='ltr'><strong>rerumcognoscimus.</strong></span> <span class='ocrx_word' id='word_1_824' title='bbox 2997 4877 3279 4935; x_wconf 49' lang='lat' dir='ltr'><strong>ln&#39;codice</strong></span> <span class='ocrx_word' id='word_1_825' title='bbox 3317 4891 3498 4933; x_wconf 86' lang='lat' dir='ltr'><strong>tamen</strong></span> <span class='ocrx_word' id='word_1_826' title='bbox 3533 4877 3664 4933; x_wconf 58' lang='grc' dir='ltr'>[θυι.</span> 
     </span>
    </p>
   </div>
   <div class='ocr_carea' id='block_1_116' title="bbox 2105 4951 2888 5024">
    <p class='ocr_par' dir='ltr' id='par_1_116' title="bbox 2105 4951 2888 5024">
     <span class='ocr_line' id='line_1_116' title="bbox 2105 4951 2888 5024; baseline -0.003 -18"><span class='ocrx_word' id='word_1_827' title='bbox 2105 4956 2200 5020; x_wconf 71' lang='lat' dir='ltr'><strong>legi</strong></span> <span class='ocrx_word' id='word_1_828' title='bbox 2213 4966 2296 5005; x_wconf 90' lang='lat' dir='ltr'><strong>tur</strong></span> <span class='ocrx_word' id='word_1_829' title='bbox 2327 4951 2639 5024; x_wconf 60' lang='grc' dir='ltr'>τηνικαῦτα</span> <span class='ocrx_word' id='word_1_830' title='bbox 2652 4952 2888 5024; x_wconf 75' lang='grc' dir='ltr'>τοσάκις.</span> 
     </span>
    </p>
   </div>
   <div class='ocr_carea' id='block_1_117' title="bbox 2174 5019 3666 5092">
    <p class='ocr_par' dir='ltr' id='par_1_117' title="bbox 2174 5019 3666 5092">
     <span class='ocr_line' id='line_1_117' title="bbox 2174 5019 3666 5092; baseline -0.003 -15"><span class='ocrx_word' id='word_1_831' title='bbox 2174 5024 2284 5092; x_wconf 66' lang='grc'>(24)</span> <span class='ocrx_word' id='word_1_832' title='bbox 2312 5019 2468 5092; x_wconf 71' lang='lat' dir='ltr'><strong>Vtilg.</strong></span> <span class='ocrx_word' id='word_1_833' title='bbox 2506 5022 2720 5089; x_wconf 77' lang='grc' dir='ltr'>ὁσάκις</span> <span class='ocrx_word' id='word_1_834' title='bbox 2762 5021 2890 5092; x_wconf 74' lang='grc' dir='ltr'>γάρ.</span> <span class='ocrx_word' id='word_1_835' title='bbox 2935 5020 3325 5092; x_wconf 77' lang='lat' dir='ltr'><strong>Scribcndum_</strong></span> <span class='ocrx_word' id='word_1_836' title='bbox 3349 5019 3666 5092; x_wconf 55' lang='lat' dir='ltr'><strong>ptttojroadt-</strong></span> 
     </span>
    </p>
   </div>
   <div class='ocr_carea' id='block_1_118' title="bbox 2105 5088 3666 5159">
    <p class='ocr_par' dir='ltr' id='par_1_118' title="bbox 2105 5088 3666 5159">
     <span class='ocr_line' id='line_1_118' title="bbox 2105 5088 3666 5159; baseline -0.004 -12"><span class='ocrx_word' id='word_1_837' title='bbox 2105 5112 2210 5159; x_wconf 71' lang='grc' dir='ltr'>λις,</span> <span class='ocrx_word' id='word_1_838' title='bbox 2239 5088 2319 5147; x_wconf 83' lang='lat' dir='ltr'><strong>vel</strong></span> <span class='ocrx_word' id='word_1_839' title='bbox 2343 5094 2387 5146; x_wconf 89' lang='lat' dir='ltr'><strong>si</strong></span> <span class='ocrx_word' id='word_1_840' title='bbox 2415 5088 2601 5158; x_wconf 79' lang='lat' dir='ltr'><strong>mavis,</strong></span> <span class='ocrx_word' id='word_1_841' title='bbox 2623 5088 2968 5156; x_wconf 83' lang='grc' dir='ltr'>τοσαυτάκις.</span> <span class='ocrx_word' id='word_1_842' title='bbox 2994 5092 3048 5144; x_wconf 89' lang='lat' dir='ltr'><strong>In</strong></span> <span class='ocrx_word' id='word_1_843' title='bbox 3073 5092 3258 5144; x_wconf 87' lang='lat' dir='ltr'><strong>codice</strong></span> <span class='ocrx_word' id='word_1_844' title='bbox 3287 5088 3499 5144; x_wconf 81' lang='lat' dir='ltr'><strong>Fuketii</strong></span> <span class='ocrx_word' id='word_1_845' title='bbox 3541 5090 3666 5157; x_wconf 81' lang='lat' dir='ltr'><strong>legi-</strong></span> 
     </span>
    </p>
   </div>
   <div class='ocr_carea' id='block_1_119' title="bbox 2106 5159 3664 5234">
    <p class='ocr_par' dir='ltr' id='par_1_119' title="bbox 2106 5159 3664 5234">
     <span class='ocr_line' id='line_1_119' title="bbox 2106 5159 3664 5234; baseline -0.003 -18"><span class='ocrx_word' id='word_1_846' title='bbox 2106 5175 2189 5234; x_wconf 90' lang='lat' dir='ltr'><strong>tur</strong></span> <span class='ocrx_word' id='word_1_847' title='bbox 2217 5163 2407 5228; x_wconf 87' lang='grc' dir='ltr'>ὁσάκις</span> <span class='ocrx_word' id='word_1_848' title='bbox 2457 5164 2588 5218; x_wconf 81' lang='grc' dir='ltr'>ἂν...</span> <span class='ocrx_word' id='word_1_849' title='bbox 2619 5163 3056 5234; x_wconf 85' lang='grc' dir='ltr'>συναγείραντες.</span> <span class='ocrx_word' id='word_1_850' title='bbox 3098 5162 3156 5215; x_wconf 75' lang='lat' dir='ltr'><strong>Et</strong></span> <span class='ocrx_word' id='word_1_851' title='bbox 3198 5161 3262 5234; x_wconf 75' lang='lat' dir='ltr'><strong>in</strong></span> <span class='ocrx_word' id='word_1_852' title='bbox 3307 5162 3412 5234; x_wconf 78' lang='lat' dir='ltr'><strong>line</strong></span> <span class='ocrx_word' id='word_1_853' title='bbox 3461 5159 3664 5234; x_wconf 67' lang='lat' dir='ltr'><strong>periodi</strong></span> 
     </span>
    </p>
   </div>
   <div class='ocr_carea' id='block_1_120' title="bbox 2101 5227 3666 5305">
    <p class='ocr_par' dir='ltr' id='par_1_120' title="bbox 2101 5227 3666 5305">
     <span class='ocr_line' id='line_1_120' title="bbox 2101 5227 3666 5305; baseline -0.002 -20"><span class='ocrx_word' id='word_1_854' title='bbox 2101 5227 2445 5305; x_wconf 77' lang='grc' dir='ltr'>λογιζόμεθα,</span> <span class='ocrx_word' id='word_1_855' title='bbox 2476 5237 2695 5300; x_wconf 83' lang='lat' dir='ltr'><strong>Optime.</strong></span> <span class='ocrx_word' id='word_1_856' title='bbox 2727 5227 3075 5289; x_wconf 68' lang='lat' dir='ltr'><strong>scribendum</strong></span> <span class='ocrx_word' id='word_1_857' title='bbox 3093 5242 3176 5286; x_wconf 87' lang='lat' dir='ltr'><strong>est</strong></span> <span class='ocrx_word' id='word_1_858' title='bbox 3198 5232 3358 5301; x_wconf 84' lang='lat' dir='ltr'><strong>igitur</strong></span> <span class='ocrx_word' id='word_1_859' title='bbox 3376 5228 3574 5292; x_wconf 85' lang='grc' dir='ltr'>ὁσάκις</span> <span class='ocrx_word' id='word_1_860' title='bbox 3602 5227 3666 5282; x_wconf 84' lang='grc' dir='ltr'><strong>ἀν</strong></span> 
     </span>
    </p>
   </div>
   <div class='ocr_carea' id='block_1_121' title="bbox 2102 5305 2728 5375">
    <p class='ocr_par' dir='ltr' id='par_1_121' title="bbox 2102 5305 2728 5375">
     <span class='ocr_line' id='line_1_121' title="bbox 2102 5305 2728 5375; baseline 0.005 -19"><span class='ocrx_word' id='word_1_861' title='bbox 2102 5306 2261 5375; x_wconf 84' lang='grc' dir='ltr'>ἡμεῖς</span> <span class='ocrx_word' id='word_1_862' title='bbox 2299 5305 2728 5374; x_wconf 86' lang='grc' dir='ltr'>συναγείραντες.</span> 
     </span>
    </p>
   </div>
   <div class='ocr_carea' id='block_1_122' title="bbox 2174 5369 3661 5446">
    <p class='ocr_par' dir='ltr' id='par_1_122' title="bbox 2174 5369 3661 5446">
     <span class='ocr_line' id='line_1_122' title="bbox 2174 5369 3661 5446; baseline -0.006 -17"><span class='ocrx_word' id='word_1_863' title='bbox 2174 5376 2286 5446; x_wconf 81' lang='grc'>(25)</span> <span class='ocrx_word' id='word_1_864' title='bbox 2334 5369 2657 5446; x_wconf 55' lang='grc' dir='ltr'>Ἑκίτῦχης</span> <span class='ocrx_word' id='word_1_865' title='bbox 2694 5375 2809 5446; x_wconf 59' lang='grc' dir='ltr'><strong>καί</strong></span> <span class='ocrx_word' id='word_1_866' title='bbox 2839 5373 2945 5426; x_wconf 87' lang='grc' dir='ltr'><strong>τοῦ</strong></span> <span class='ocrx_word' id='word_1_867' title='bbox 2971 5369 3306 5446; x_wconf 64' lang='grc' dir='ltr'>αὐτομάτου</span> <span class='ocrx_word' id='word_1_868' title='bbox 3348 5371 3661 5446; x_wconf 64' lang='grc' dir='ltr'>σύνεστιις.</span> 
     </span>
    </p>
   </div>
   <div class='ocr_carea' id='block_1_123' title="bbox 2104 5439 3658 5514">
    <p class='ocr_par' dir='ltr' id='par_1_123' title="bbox 2104 5439 3658 5514">
     <span class='ocr_line' id='line_1_123' title="bbox 2104 5439 3658 5514; baseline -0.003 -18"><span class='ocrx_word' id='word_1_869' title='bbox 2104 5439 2281 5500; x_wconf 63' lang='grc' dir='ltr'>Μείηηί</span> <span class='ocrx_word' id='word_1_870' title='bbox 2334 5439 2684 5513; x_wconf 69' lang='grc' dir='ltr'>συνέστηκεν,</span> <span class='ocrx_word' id='word_1_871' title='bbox 2732 5444 2812 5498; x_wconf 84' lang='lat' dir='ltr'><strong>vel</strong></span> <span class='ocrx_word' id='word_1_872' title='bbox 2870 5439 3126 5514; x_wconf 44' lang='grc' dir='ltr'>συνέστη,</span> <span class='ocrx_word' id='word_1_873' title='bbox 3176 5442 3342 5495; x_wconf 87' lang='lat' dir='ltr'><strong>Porro</strong></span> <span class='ocrx_word' id='word_1_874' title='bbox 3400 5441 3453 5514; x_wconf 78' lang='lat' dir='ltr'><strong>in</strong></span> <span class='ocrx_word' id='word_1_875' title='bbox 3505 5439 3658 5514; x_wconf 73' lang='lat' dir='ltr'><strong>codd.</strong></span> 
     </span>
    </p>
   </div>
   <div class='ocr_carea' id='block_1_124' title="bbox 2101 5508 3657 5583">
    <p class='ocr_par' dir='ltr' id='par_1_124' title="bbox 2101 5508 3657 5583">
     <span class='ocr_line' id='line_1_124' title="bbox 2101 5508 3657 5583; baseline -0.004 -15"><span class='ocrx_word' id='word_1_876' title='bbox 2101 5514 2235 5569; x_wconf 86' lang='lat' dir='ltr'><strong>Fuk.</strong></span> <span class='ocrx_word' id='word_1_877' title='bbox 2265 5531 2328 5570; x_wconf 83' lang='lat' dir='ltr'><strong>ac</strong></span> <span class='ocrx_word' id='word_1_878' title='bbox 2370 5508 2602 5568; x_wconf 71' lang='lat' dir='ltr'><strong>&#39;l‘urnehi</strong></span> <span class='ocrx_word' id='word_1_879' title='bbox 2657 5515 2744 5568; x_wconf 90' lang='lat' dir='ltr'><strong>hic</strong></span> <span class='ocrx_word' id='word_1_880' title='bbox 2788 5516 2935 5567; x_wconf 87' lang='lat' dir='ltr'><strong>locus</strong></span> <span class='ocrx_word' id='word_1_881' title='bbox 2982 5516 3053 5568; x_wconf 89' lang='lat' dir='ltr'><strong>ita</strong></span> <span class='ocrx_word' id='word_1_882' title='bbox 3086 5508 3310 5583; x_wconf 52' lang='lat' dir='ltr'><strong>&#39;legitur</strong></span> <span class='ocrx_word' id='word_1_883' title='bbox 3350 5527 3362 5560; x_wconf 94' lang='lat'>:</span> <span class='ocrx_word' id='word_1_884' title='bbox 3415 5508 3494 5572; x_wconf 83' lang='grc' dir='ltr'>ὡς</span> <span class='ocrx_word' id='word_1_885' title='bbox 3536 5510 3583 5562; x_wconf 81' lang='grc' dir='ltr'><strong>εί</strong></span> <span class='ocrx_word' id='word_1_886' title='bbox 3624 5509 3657 5577; x_wconf 81' lang='grc' dir='ltr'><strong>ἠ</strong></span> 
     </span>
    </p>
   </div>
   <div class='ocr_carea' id='block_1_125' title="bbox 2103 5583 3202 5656">
    <p class='ocr_par' dir='ltr' id='par_1_125' title="bbox 2103 5583 3202 5656">
     <span class='ocr_line' id='line_1_125' title="bbox 2103 5583 3202 5656; baseline -0.004 -17"><span class='ocrx_word' id='word_1_887' title='bbox 2103 5586 2319 5639; x_wconf 85' lang='grc' dir='ltr'>πάντων</span> <span class='ocrx_word' id='word_1_888' title='bbox 2353 5603 2492 5656; x_wconf 90' lang='grc' dir='ltr'>πρ...</span> <span class='ocrx_word' id='word_1_889' title='bbox 2521 5585 2759 5650; x_wconf 83' lang='grc' dir='ltr'>διάταξις</span> <span class='ocrx_word' id='word_1_890' title='bbox 2779 5586 2861 5656; x_wconf 21' lang='grc' dir='ltr'><strong>Λὲκ,</strong></span> <span class='ocrx_word' id='word_1_891' title='bbox 2881 5583 3066 5656; x_wconf 81' lang='grc' dir='ltr'>τύχης,</span> <span class='ocrx_word' id='word_1_892' title='bbox 3091 5595 3202 5656; x_wconf 74' lang='lat' dir='ltr'><strong>etc.</strong></span> 
     </span>
    </p>
   </div>
   <div class='ocr_carea' id='block_1_126' title="bbox 2173 5649 3659 5730">
    <p class='ocr_par' dir='ltr' id='par_1_126' title="bbox 2173 5649 3659 5730">
     <span class='ocr_line' id='line_1_126' title="bbox 2173 5649 3659 5730; baseline -0.005 -20"><span class='ocrx_word' id='word_1_893' title='bbox 2173 5658 2283 5730; x_wconf 61' lang='grc'>(26)</span> <span class='ocrx_word' id='word_1_894' title='bbox 2319 5649 2458 5730; x_wconf 35' lang='grc' dir='ltr'><strong>-ρῦκ</strong></span> <span class='ocrx_word' id='word_1_895' title='bbox 2481 5649 2715 5730; x_wconf 39' lang='lat' dir='ltr'><strong>eamaior:</strong></span> <span class='ocrx_word' id='word_1_896' title='bbox 2769 5653 2898 5730; x_wconf 65' lang='grc' dir='ltr'><strong>ζωὴΔ</strong></span> <span class='ocrx_word' id='word_1_897' title='bbox 2920 5649 3260 5730; x_wconf 55' lang='grc' dir='ltr'>ἀκρρῴπωις.</span> <span class='ocrx_word' id='word_1_898' title='bbox 3314 5649 3506 5705; x_wconf 85' lang='lat' dir='ltr'><strong>Scribe</strong></span> <span class='ocrx_word' id='word_1_899' title='bbox 3533 5721 3544 5730; x_wconf 82' lang='lat'>_</span> <span class='ocrx_word' id='word_1_900' title='bbox 3562 5649 3659 5730; x_wconf 54' lang='grc' dir='ltr'>οὖα</span> 
     </span>
    </p>
   </div>
   <div class='ocr_carea' id='block_1_127' title="bbox 2101 5721 3658 5797">
    <p class='ocr_par' dir='ltr' id='par_1_127' title="bbox 2101 5721 3658 5797">
     <span class='ocr_line' id='line_1_127' title="bbox 2101 5721 3658 5797; baseline -0.006 -17"><span class='ocrx_word' id='word_1_901' title='bbox 2101 5721 2285 5780; x_wconf 79' lang='grc' dir='ltr'>ἕνύλον</span> <span class='ocrx_word' id='word_1_902' title='bbox 2313 5727 2500 5797; x_wconf 34' lang='grc' dir='ltr'>ζῶον-ὁ</span> <span class='ocrx_word' id='word_1_903' title='bbox 2525 5725 2830 5797; x_wconf 77' lang='grc' dir='ltr'>ἄνθρωπος.</span> <span class='ocrx_word' id='word_1_904' title='bbox 2869 5721 2942 5779; x_wconf 71' lang='lat' dir='ltr'><strong>At</strong></span> <span class='ocrx_word' id='word_1_905' title='bbox 2977 5721 3658 5797; x_wconf 68' lang='lat' dir='ltr'><strong>ChristOphorsonuslegit</strong></span> 
     </span>
    </p>
   </div>
   <div class='ocr_carea' id='block_1_128' title="bbox 2103 5790 3660 5871">
    <p class='ocr_par' dir='ltr' id='par_1_128' title="bbox 2103 5790 3660 5871">
     <span class='ocr_line' id='line_1_128' title="bbox 2103 5790 3660 5871; baseline -0.006 -19"><span class='ocrx_word' id='word_1_906' title='bbox 2103 5799 2202 5853; x_wconf 78' lang='grc' dir='ltr'>οὐκ</span> <span class='ocrx_word' id='word_1_907' title='bbox 2231 5790 2413 5862; x_wconf 80' lang='grc' dir='ltr'>ἔνυλος</span> <span class='ocrx_word' id='word_1_908' title='bbox 2445 5795 2562 5869; x_wconf 75' lang='grc' dir='ltr'><strong>ζωὴ</strong></span> <span class='ocrx_word' id='word_1_909' title='bbox 2583 5790 2906 5871; x_wconf 82' lang='grc' dir='ltr'>ἀνθρώπων,</span> <span class='ocrx_word' id='word_1_910' title='bbox 2937 5799 3079 5866; x_wconf 79' lang='lat' dir='ltr'><strong>quod</strong></span> <span class='ocrx_word' id='word_1_911' title='bbox 3102 5790 3210 5850; x_wconf 79' lang='lat' dir='ltr'><strong>non</strong></span> <span class='ocrx_word' id='word_1_912' title='bbox 3237 5793 3456 5850; x_wconf 84' lang='lat' dir='ltr'><strong>damno.</strong></span> <span class='ocrx_word' id='word_1_913' title='bbox 3494 5790 3660 5860; x_wconf 68' lang='lat' dir='ltr'><strong>Magis</strong></span> 
     </span>
    </p>
   </div>
  </div>
