3926 6264
444 215 448 221 ’
535 243 673 300 mn

1251 237 1519 296 EUSEBll
1557 237 2040 296 casa-mensrs
2076 237 2228 294 opp.
2271 237 2452 294 rans
2492 235 2534 293 l.
2573 268 2644 278 —
2681 219 3074 294 utsromcsl

3623 237 3736 296 1253

533 375 649 430 pra:
685 363 882 415 mentis
903 371 1014 414 suae
1041 355 1414 413 imbecillitate
1440 357 1774 423 existimant,
1795 358 1909 414 haec
1935 357 2106 413 omnia

2217 357 2316 430 τὴν
2364 354 2654 411 ἀσθένειαν
2692 355 2792 428 τῆς
2845 351 3221 424 καταλήψεως,
3273 350 3478 422 ἀλόγως
3516 354 3737 425 οἰομένων

534 467 768 523 quorum
822 450 1097 504 rationem
1139 447 1337 503 alferre
1388 463 1496 504 non
1530 449 1734 515 valent,
1776 451 1981 520 absque
2009 449 2116 505 ulla

534 546 748 600 ratione
775 557 894 598 esse
918 541 1204 610 disposita.
1252 538 1393 596 Sunt
1424 549 1572 596 certe
1609 542 1856 612 quaedam
1882 542 2118 597 admira-

533 638 627 694 hili
677 646 870 692 natura
895 635 1174 706 “tradita,
1217 649 1450 705 quorum
1480 645 1628 691 certa
1666 637 1920 693 veritatis
1963 652 2120 694 com-

533 723 826 794 prehensio
863 723 916 776 in
968 724 1203 777 obscuro
1260 721 1760 794 latet;cujusmodi
1809 735 1936 781 sunt
1962 742 2118 796 aquae

534 826 726 885 suapte
771 823 964 870 natura
995 815 1210 871 calidae.
1259 815 1396 870 Nam
1437 833 1662 873 causam
1711 819 1931 889 quidem
1982 817 2116 874 tanti

533 909 674 978 ignis
739 923 900 964 nemo
952 907 1113 964 facile
1173 910 1394 964 dixerit.
1451 910 1549 966 Est
1595 921 1775 967 autem
1832 912 2116 977 mirabile,

532 1000 713 1070 ignem
750 999 901 1054 illum
953 1015 1093 1070 aqua
1129 1001 1330 1072 frigida
1379 1003 1618 1073 undique
1663 1003 2113 1074 circumseptum,

531 1112 688 1151 suum
721 1105 902 1151 tamen
929 1097 1177 1150 nativum
1204 1095 1442 1151 calorem
1468 1110 1811 1166 nequaquam
1841 1097 2114 1152 amittere.

533 1189 716 1260 Atque
765 1188 882 1244 haec
924 1204 1049 1243 rara
1107 1190 1398 1245 admodum
1429 1200 1484 1243 et
1525 1189 1852 1259 paucissima
1905 1189 1960 1244 in
2005 1198 2116 1244 toto

533 1291 804 1337 terrarum
847 1283 980 1337 orbe
1017 1283 1412 1352 reperiuntur;
1449 1295 1558 1351 quo
1607 1281 1841 1349 scilicet,
1872 1290 1932 1336 ut
1968 1280 2117 1351 equi-

531 1377 654 1429 dem
685 1388 881 1430 censeo
903 1415 919 1437 ,
967 1375 1166 1430 divinae
1215 1373 1581 1430 Providentia:
1609 1374 1691 1430 vis
1736 1389 1801 1428 ac
1834 1374 2004 1430 virtus
2046 1377 2116 1429 ab

533 1465 845 1521 hominibus
892 1465 1055 1522 facile
1107 1467 1365 1537 cognosci
1410 1468 1632 1538 possit:
1673 1482 1795 1537 quae
1846 1466 1982 1523 duas
2027 1481 2115 1521 res

530 1561 771 1617 maxime
805 1562 947 1617 inter
978 1577 1039 1618 se
1071 1563 1404 1629 contrarias,
1438 1563 1608 1634 frigus
1652 1563 1910 1618 nimirum
1938 1573 1992 1620 et
2020 1579 2116 1619 ca-

532 1655 724 1718 lorem,
758 1668 824 1708 ex
875 1668 982 1708 una
1008 1654 1309 1724 eademque
1361 1655 1547 1710 radice
1577 1669 1799 1710 manare
1831 1655 2107 1724 praecepit.

2218 448 2565 520 διατετάχθαι
2593 446 2768 504 ταῦτα
2799 441 2877 502 ὧν
2903 446 2995 500 τὸν
3023 445 3181 514 λόγον
3220 446 3389 499 εἰπεῖν
3416 444 3511 499 οὐκ
3540 447 3735 517 ἐχουσιν.

2222 545 2378 598 Ἐστι
2404 543 2449 598 δ’
2477 543 2614 607 ὅλως
2641 542 2781 607 τινὰ,
2811 536 2886 595 ὧν
2911 542 2945 612 ἡ
2971 538 3178 612 ἀληθὴς
3203 537 3498 610 κατάληψις
3523 539 3610 610 τῆς
3640 543 3738 615 ἀλη.

2219 634 2369 699 θείας
2416 635 2474 688 ἐν
2524 634 2678 706 βάθει
2720 636 2917 699 κεῖται,
2953 631 3268 702 θαυμαστῆς
3311 629 3518 699 φύσεως
3552 647 3736 706 τετυχη.

2218 729 2379 783 κόταο
2404 726 2565 782 ὁποία
2598 727 2693 782 καὶ
2721 727 2754 798 ὴ
2781 725 2891 780 τῶν
2923 723 3140 797 θερμῶν
3169 722 3375 777 ὑδάτων
3405 720 3556 791 φύσις
3575 727 3736 795 τυγχά-

2217 838 2403 875 νουσα.
2445 821 2556 894 Τὴν
2596 820 2697 885 μὲν
2723 819 2832 892 γὰρ
2858 813 3038 872 αἰτίαν
3080 813 3174 868 τοῦ
3207 813 3460 868 τοσούτου
3492 815 3642 887 πυρὸς
3667 819 3735 872 ού-

2216 912 2327 976 δεὶς
2375 911 2441 967 ἂν
2489 911 2798 984 προχείρως
2839 909 2952 980 ἔχοι
3000 907 3180 976 λέγειν
3202 921 3217 937 ’
3257 904 3560 977 θαυμαστὸν
3589 907 3639 960 δὲ
3673 911 3735 965 ὅτι

2217 1004 2410 1077 ψυχρῷ
2433 1003 2588 1058 ὕδατι
2622 997 3154 1074 περιστοιχιζόμενον
3184 995 3370 1068 κύκλῳ
3390 1036 3406 1063 ,
3453 997 3546 1051 οὐκ
3581 997 3650 1052 ἐτι
3676 997 3736 1068 ἐξ·

2219 1096 2541 1168 ίσταταιτῆς
2559 1094 2801 1167 ἐμφύτου
2824 1092 3175 1164 θερμότητος.
3195 1090 3472 1146 Ταῦτάτοι
3488 1091 3680 1146 σπάνιόν
3695 1109 3736 1148 τι

2217 1190 2404 1261 χρῆμα
2439 1186 2576 1243 εἶναι
2603 1189 2751 1242 δοκεῖ
2779 1187 2872 1240 καὶ
2899 1185 3264 1258 εὐαρίθμητον
3307 1182 3450 1239 κατά
3478 1185 3639 1238 πᾶσαν
3659 1183 3736 1256 τὴν

2214 1280 2559 1352 οἰκουμένην,
2590 1278 2677 1342 ἵν’,
2709 1277 2786 1342 ὡς
2821 1277 3056 1349 ἐμαυτὸν
3100 1275 3290 1340 πείθω,
3332 1277 3368 1348 ὴ
3397 1276 3493 1348 τῆς
3522 1277 3735 1347 Προνοίας

2214 1370 2440 1441 δύναμις
2465 1367 2853 1436 εὐδιάγνωστος
2881 1364 3034 1439 παρά
3059 1368 3171 1429 τοῖς
3199 1363 3504 1438 ἀνθρώποις
3529 1365 3735 1434 γενέσθαι

2214 1462 2458 1535 δύνηται,
2505 1460 2599 1515 δύο
2643 1460 2835 1532 φύσεις
2879 1459 3294 1524 ἐναντιωτάτας,
3339 1457 3626 1530 θερμότητα
3664 1462 3735 1514 καὶ

2213 1552 2549 1624 ψυχρότητα,
2585 1554 2650 1608 ἐκ
2685 1553 2787 1624 τῆς
2819 1551 2992 1621 αὐτῆς
3019 1551 3113 1605 καὶ
3145 1551 3274 1623 μιᾶς
3308 1549 3462 1622 ῥίζης
3485 1550 3733 1622 διηθεῖσθαι

2215 1645 2562 1710 θεσπίζουσα.
2630 1645 2809 1700 Πολλὰ
2863 1645 2963 1718 μὲν
3023 1640 3118 1699 οὖν
3166 1645 3262 1699 καὶ
3314 1645 3636 1717 ἀναρίθμητα
3674 1651 3734 1711 είς

533 1745 671 1802 Sunt
701 1745 919 1815 quidem
964 1744 1132 1799 multa
1163 1760 1227 1799 ac
1283 1760 1453 1816 prope
1495 1746 1918 1802 innumerabilia
1941 1787 1956 1813 ,
1987 1760 2106 1816 quae

2212 1738 2563 1811 παραμυθίαν
2590 1739 2685 1794 καὶ
2708 1738 3005 1794 ἀπόλαυσιν
3032 1741 3146 1804 τοῖς
3177 1737 3485 1810 ἀνθρώποις
3514 1737 3646 1811 παρά
3660 1740 3730 1794 τοῦ

531 1835 675 1893 Deus
717 1839 785 1891 ad
829 1835 1084 1892 solatium
1121 1845 1176 1890 et
1215 1836 1634 1894 oblectationem
1667 1837 1979 1894 hominibus
2013 1838 2108 1893 do-

532 1932 682 1986 navit
715 1947 731 1984 :
764 1930 859 1986 sed
885 1933 1159 2003 praecipue
1202 1932 1335 1987 olea:
1359 1931 1568 1988 fructus
1599 1946 1664 1988 ac
1690 1931 1836 1990 vitis.
1867 1929 2105 1999 Quarum

532 2025 652 2080 haic
685 2025 750 2080 ad
796 2025 1008 2081 animos
1034 2026 1359 2081 recreandos
1390 2033 1556 2096 atque
1575 2023 1959 2082 exhilarandos
1993 2025 2102 2081 vim

530 2113 724 2178 habet,
751 2113 842 2169 illa
871 2129 1005 2170 vero
1034 2131 1140 2171 non
1185 2115 1359 2171 solum
1405 2114 1473 2169 ad
1512 2114 1868 2186 voluptatem,
1916 2129 2104 2170 verum

527 2205 695 2261 etiam
758 2206 827 2261 ad
875 2221 1164 2278 corporum
1219 2207 1556 2262 curationem
1615 2215 1743 2278 apta
1778 2217 1882 2266 est.
1943 2207 2105 2263 Sum-

528 2311 675 2350 mam
701 2311 917 2367 quoque
962 2297 1380 2354 admirationem
1433 2307 1674 2354 meretur
1715 2298 2008 2355 continuus
2041 2314 2106 2358 ac

528 2387 783 2458 perennis
815 2389 1095 2445 ﬂuminum
1121 2405 1337 2455 cursus,
1364 2390 1458 2446 diu
1495 2400 1772 2461 noctuque
1817 2391 2107 2459 perlaben-

532 2481 703 2546 tium,
734 2490 790 2536 et
831 2491 1106 2552 perpetuae
1144 2492 1467 2554 aeternaeque
1503 2485 1628 2540 vita:
1669 2485 1964 2555 quamdam
2017 2501 2105 2542 re-

530 2573 819 2628 ferentium
864 2574 1295 2631 similitudinem.
1332 2575 1519 2632 Noctis
1546 2576 1675 2632 item
1719 2591 1785 2632 ac
1821 2576 1933 2633 diei
1970 2591 2104 2633 con-

533 2663 684 2719 tinua
716 2663 1036 2720 vicissitudo
1070 2675 1155 2721 est
1181 2665 1408 2735 perinde
1447 2666 1731 2724 mirabilis.

1099 2756 1330 2813 CAPUT
1371 2755 1507 2817 VIII.

531 2848 686 2916 Quod
714 2865 832 2925 qua:
871 2851 1468 2925 ad_usn_m__necessaria
1517 2863 1660 2918 sunt,
1714 2852 1854 2925 Deus
1898 2856 2106 2925 copiose

597 2921 892 2994 suppeditat
946 2922 1442 2994 hominibus;un
1489 2939 1609 2977 vero
1665 2924 1734 2976 ad
1781 2921 2106 2994 voluptatem

602 2989 830 3058 faciunt,
859 2993 1065 3064 modice
1086 2989 1476 3058 subministrat,
1498 3001 1782 3064 utrumque
1804 2996 1873 3049 ad
1902 2989 2106 3050 utilita-

599 3073 703 3112 tem
731 3071 967 3114 nostram
988 3061 1319 3130 dispensans.

596 3153 782 3221 Atque
813 3153 931 3208 haec
967 3155 1150 3208 omnia
1196 3154 1343 3210 dicta
1375 3153 1486 3208 sint
1525 3169 1557 3209 a
1589 3154 1770 3222 nobis,
1811 3167 1870 3212 ut
1897 3166 2109 3213 constet

529 3244 667 3298 nihil
689 3245 894 3314 absque
924 3246 1135 3300 ratione
1166 3254 1221 3300 et
1269 3244 1626 3317 intelligentia
1655 3248 1862 3304 factum
1902 3249 2107 3306 fuisse:

530 3336 704 3406 ipsam
752 3351 886 3391 vero
933 3335 1201 3391 rationem
1243 3352 1308 3392 ac
1346 3338 1740 3408 providentiam
1770 3380 1787 3408 ,
1829 3341 1925 3396 Dei
1969 3356 2108 3411 opus

529 3443 672 3484 esse.
698 3428 799 3496 Qui
831 3429 1050 3500 quidem
1080 3430 1198 3485 auri
1233 3431 1398 3486 etiam
1439 3441 1496 3488 et
1542 3433 1756 3505 argenti
1789 3433 2022 3504 aerisque
2044 3448 2110 3490 ac

531 3522 861 3592 reliquorum
924 3522 1265 3578 metallorum
1317 3524 1564 3580 diversas
1619 3525 1832 3596 species
1905 3540 2106 3582 conve-

528 3612 702 3668 nienti
749 3614 910 3670 modo
964 3629 1029 3670 ac
1082 3630 1336 3672 mensura
1383 3618 1658 3688 produxit.
1705 3618 1782 3674 Ea
1838 3619 2104 3690 siquidem

529 3719 760 3772 quorum
790 3705 1070 3776 multiplex
1105 3722 1169 3762 ac
1199 3707 1382 3773 varius
1415 3724 1545 3766 usus
1577 3720 1697 3766 erat
1733 3711 1972 3781 futurus,
2008 3729 2104 3768 co-

526 3795 680 3866 piose
727 3797 1061 3868 suppeditari
1102 3797 1270 3866 jussit
1313 3815 1328 3852 :
1365 3815 1486 3870 quae
1530 3817 1662 3859 vero
1693 3806 1762 3858 ad
1791 3803 2106 3860 oblectatio-

527 3909 650 3948 nem
700 3892 962 3948 duntaxat
999 3900 1056 3946 et
1096 3891 1277 3948 luxum
1315 3893 1563 3962 faciunt,
1618 3896 1912 3953 liberaliter
1948 3896 2108 3953 simul

526 4001 593 4039 ac
618 3987 862 4053 modice,
910 3996 965 4041 et
991 3987 1166 4043 medio
1190 3988 1430 4057 quodam
1470 3988 1632 4043 modo
1671 3988 1812 4043 inter
1837 3989 2106 4059 parcimo-

526 4078 672 4132 niam
696 4087 752 4132 et
776 4079 1052 4147 profusam
1084 4078 1448 4149 largitionem.
1474 4079 1608 4134 Nam
1645 4081 1692 4137 si
1710 4096 1899 4136 earum
1921 4096 2104 4136 rerum

525 4185 647 4240 qua:
670 4171 738 4225 ad
764 4180 1016 4226 ornatum
1044 4169 1201 4225 facta:
1243 4181 1390 4235 sunt,
1415 4171 1603 4227 eadem
1651 4173 1804 4243 copia
1845 4189 2106 4230 concessa

526 4260 723 4316 inisset
746 4302 763 4328 ,
802 4261 1094 4316 metallarii
1136 4277 1249 4330 prae
1286 4262 1450 4317 nimia
1488 4264 1806 4334 cupiditate,
1844 4263 2009 4337 576
2038 4279 2102 4320 ea

526 4355 747 4424 quidem
776 4369 897 4423 qua
922 4354 988 4407 ad
1021 4354 1405 4423 agriculturam
1427 4393 1444 4421 ,
1495 4365 1552 4411 et
1596 4356 1664 4412 ad
1716 4357 1997 4412 domorum
2037 4371 2104 4411 ac

2205 1827 2518 1902 Κρείττονος
2543 1830 2861 1903 δεδώρηται,
2893 1829 3190 1903 ἐξαιρέτως
3231 1830 3275 1883 δ’
3301 1831 3331 1882 ὁ
3368 1831 3564 1902 καρπὸς
3588 1831 3731 1896 ἐλαίας

2210 1941 2271 1978 τε
2316 1924 2411 1980 καὶ
2448 1925 2726 1996 ἀμπέλουο
2761 1925 2824 1979 τὸ
2872 1926 2969 1998 μὲν
3009 1924 3164 1998 [γὰρ]
3210 1924 3552 1997 ἀνακτήσεως
3593 1926 3731 2000 ψυχῆς

2211 2015 2308 2070 καὶ
2359 2015 2712 2088 φαιδρότητος
2766 2018 2984 2089 ἐπέχειν
3035 2017 3190 2086 λόγον
3238 2017 3384 2087 (55)·
3413 2017 3472 2070 τὺ
3511 2019 3554 2071 δ’
3586 2019 3732 2091 ἕτερον

2210 2105 2348 2178 πρὸς
2377 2109 2444 2180 τῇ
2473 2107 2790 2176 ἀπολαύσει,
2822 2111 2915 2164 καὶ
2934 2109 3198 2182 θεραπείᾳ
3224 2107 3338 2163 τῶν
3369 2109 3614 2180 σωμάτων
3631 2128 3731 2165 κατ-

2211 2199 2455 2270 άλληλον.
2506 2199 2704 2272 Θαῦμα
2761 2201 2807 2256 δ’
2861 2200 3118 2268 ἐξαίσιον,
3162 2201 3261 2258 καὶ
3299 2203 3334 2274 ἡ
3369 2202 3626 2274 ἐνδελεχὴς
3661 2204 3732 2257 καὶ

2210 2292 2549 2358 ἀδιάλειπτος
2570 2293 2829 2367 ποταμῶν
2839 2295 3001 2367 φορά,
3019 2294 3233 2367 νύκτωρ
3253 2313 3315 2349 τε
3337 2295 3428 2350 καὶ
3450 2295 3728 2368 μεθημέραν,

2213 2384 2482 2456 σύμϐολον
2513 2386 2740 2441 ἀεννάου
2773 2387 2868 2441 καὶ
2905 2376 3255 2442 ἀδιαλείπτου
3298 2387 3442 2460 βίου·
3477 2389 3731 2461 ίσοδυναμεξ

2210 2475 2266 2530 δέ
2295 2477 2390 2532 καὶ
2421 2479 2709 2551 νυκτερινὴ
2739 2479 2977 2552 διαδοχή.

2737 2739 3133 2810 ΚΕΦΑΛΑΙΟΝ
3174 2753 3260 2810 H’.

2213 2849 2341 2904 Ὅτι
2382 2847 2456 2903 τὰ
2480 2848 2598 2918 μὲν
2625 2847 2898 2918 χρειώδη,
2931 2849 3203 2918 ἀφθόνως
3246 2846 3374 2916 τοῖς
3398 2846 3684 2918 ἀνθρώποις
3704 2849 3729 2901 ὁ

2283 2920 2428 2986 Θεὸς
2474 2917 2742 2989 χρονιγεῦ
2781 2920 2854 2972 τὰ
2898 2917 2982 2989 δὲ
3028 2918 3180 2988 πρὸς
3245 2918 3477 2989 τέρψιν,
3504 2917 3727 2989 μετρίως,

2281 2988 2709 3059 συμφερόντως
2751 2988 3046 3058 ἑκατέρων
3073 2988 3490 3060 χορηγῶντὴν
3511 2988 3728 3044 ἀπόλαυ-

2281 3074 2406 3114 σιν.

2281 3149 2465 3203 Πάντα
2505 3147 2563 3204 δὲ
2596 3145 2748 3204 ταῦθ’
2779 3149 2912 3221 ἡμῖν
2939 3147 3180 3222 εἰρήσθω
3221 3146 3366 3224 πρὸς
3397 3148 3630 3203 πίστωσιν
3658 3145 3729 3199 τοῦ

2210 3240 2377 3312 μηδὲν
2420 3241 2630 3310 ἀλόγως
2663 3237 2786 3314 μηδ’
2813 3243 3055 3314 ἀνοήτως
3097 3237 3374 3311 γενέσθαι,
3413 3240 3498 3295 τὸν
3525 3239 3574 3294 δὲ
3609 3239 3730 3306 λόγον

2207 3335 2302 3388 καὶ
2323 3333 2422 3406 τὴν
2448 3335 2703 3406 πρόνοιαν
2731 3330 2869 3388 εῖναι
2895 3333 2988 3388 τοῦ
3017 3333 3151 3388 Θεοῦ
3180 3333 3317 3405 (54)ο
3347 3335 3408 3399 ὃς
3435 3334 3521 3388 καὶ
3550 3332 3631 3404 τὴν
3649 3331 3727 3384 τῶν

2210 3423 2505 3495 μετάλλων,
2523 3422 2724 3497 χρυσοῦ
2741 3443 2799 3479 τε
2813 3423 2904 3478 καὶ
2924 3423 3188 3498 ἀργύρου,
3207 3425 3305 3479 καὶ
3328 3425 3538 3497 χαλκοῦ,
3561 3422 3728 3478 καὶτῶν

2207 3513 2513 3568 ὑπολοίπων
2533 3517 2693 3584 φύσιν
2713 3515 3029 3587 ἐταμιεύετο
3047 3514 3232 3588 μέτρῳ
3257 3516 3336 3588 τῷ
3353 3518 3664 3588 προσήκοντι,
3680 3512 3730 3565 τὰ

2209 3607 2308 3678 μὲν
2335 3598 2409 3660 ὧν
2432 3608 2465 3678 ἡ
2498 3604 2658 3678 χρεία
2677 3606 2844 3678 πολλή
2864 3623 2923 3658 τε
2948 3607 3041 3660 καὶ
3064 3608 3384 3680 παντοδαπὴ
3409 3607 3616 3679 ἤμελλεν
3637 3606 3727 3659 ἐπ.

2208 3699 2350 3763 σθαι,
2373 3696 2620 3768 ἀφθόνως
2643 3694 2906 3762 κελεύσας
2930 3699 3304 3771 χορηγεῖσθαι,
3330 3700 3398 3754 τὰ
3425 3700 3480 3753 δὲ
3503 3698 3621 3771 πρὸς
3640 3697 3729 3768 τέρ-

2203 3791 2297 3863 ψιν
2322 3791 2526 3864 κόσμου
2556 3793 2650 3846 καὶ
2673 3791 2932 3862 ἀφθονίαν
2959 3792 3072 3862 (35)
3103 3792 3296 3864 μόνην,
3317 3792 3667 3864 μεγαλοψύχως
3682 3807 3727 3844 τι

2205 3885 2301 3938 καὶ
2323 3884 2720 3955 πεφεισμένως,
2751 3882 2954 3956 μεταξὺ
2979 3883 3268 3954 φειδωλίας
3295 3902 3354 3939 τε
3383 3885 3472 3939 καὶ
3495 3882 3725 3956 εὺδωρίας.

2204 3979 2268 4033 El
2299 3979 2410 4050 γὰρ
2453 3979 2548 4032 καὶ
2585 3977 2694 4031 τῶν
2730 3977 2866 4049 πρὸς
2911 3977 3116 4048 κόσμον
3154 3977 3534 4050 πεποιημένων
3569 3976 3597 4047 ἡ
3622 3971 3726 4040 αὐτὴ

2203 4069 2434 4140 ἀφθονία
2465 4071 2842 4142 συνεχωρεῖτο,
2870 4068 2959 4123 διὰ
2997 4069 3313 4134 πλεονεξίαν
3343 4071 3394 4123 οἱ
3428 4064 3725 4140 μεταλλεύον-

2201 4179 2314 4227 τες,
2337 4160 2430 4216 τοῦ
2462 4163 2559 4234 μὲν
2586 4162 2886 4235 εὐχρήστου
2913 4160 3049 4233 πρὸς
3082 4162 3378 4234 γεωργίαν,
3409 4160 3660 4231 οἰκοδομήν
3681 4173 3724 4210 τε

2203 4254 2297 4308 καὶ
2322 4252 2462 4307 ναῶν
2505 4252 2883 4324 παρασκευὴν,
2917 4248 3028 4306 οἷον
3056 4252 3280 4324 σιδήρου
3312 4253 3410 4306 καὶ
3437 4248 3631 4322 χαλκοῦ,
3647 4263 3724 4301 κα-

2201 4346 2664 4417 ταφρονήσαντες,
2717 4343 2820 4414 τῆς
2870 4343 3267 4417 συναθροίσεως
3314 4342 3489 4397 αὐτῶν
3533 4338 3726 4410 κατημέ-

526 4446 746 4500 navium
773 4448 1238 4503 constructionem
1274 4449 1424 4503 utilia
1458 4459 1624 4514 sunt,
1645 4463 1724 4504 aes
1755 4449 2007 4504 videlicet
2033 4463 2098 4503 ac

2209 4437 2346 4502 λουν,
2372 4437 2468 4490 καὶ⁵
2501 4436 2610 4489 τῶν
2651 4435 2789 4507 πρὸς
2809 4437 3020 4508 τρυφήν
3041 4453 3101 4489 τε
3128 4437 3222 4489 καὶ
3243 4435 3510 4507 ἄχρηστον
3540 4431 3722 4487 πλούτου

527 4538 1060 4607 ferrum,congerere
1129 4539 1352 4610 insuper
1382 4539 1649 4594 haberent
1677 4555 1690 4592 :
1719 4553 1781 4593 ea
1813 4553 1941 4593 vero
1983 4553 2105 4608 quae

527 4631 596 4685 ad
644 4628 866 4684 delicias
916 4639 972 4684 et
1013 4631 1228 4685 inanem
1286 4645 1350 4685 ac
1408 4628 1734 4700 superﬂuum
1790 4629 2101 4683 divitiarum

529 4722 718 4776 luxum
755 4721 1054 4791 pertinent,
1090 4723 1237 4777 omni
1286 4722 1469 4776 studio
1513 4730 1984 4776 consectarentur.
2023 4721 2104 4776 Ac

528 4824 814 4883 prepterea
865 4815 920 4870 in
966 4816 1082 4869 auri
1117 4815 1436 4884 argentique
1469 4812 1700 4867 metallis
1735 4812 2101 4877 inveniendis,

480 4927 484 4938 -
527 4909 686 4976 longe
714 4905 834 4976 plus
860 4905 1194 4961 difficultatis
1239 4919 1305 4960 ac
1335 4904 1540 4959 laboris
1563 4917 1687 4959 esse
1726 4903 1898 4968 aiunt,
1937 4917 2099 4972 quam

599 5088 711 5158 (35)
733 5088 900 5161 iVulg.
941 5088 1010 5143 τὸ
1048 5088 1166 5158 μὲν
1197 5085 1601 5155 ἀνακτήσεως.
1635 5126 1648 5140 .
1685 5126 1698 5140 .
1729 5085 1970 5161 ἐπέχειν
1993 5085 2095 5161 λές

525 5177 656 5229 γον.
694 5156 815 5213 νινε
852 5156 1016 5214 ἰΙοοιὶ
1051 5156 1203 5214 hunc
1240 5161 1416 5213 locum
1457 5161 1529 5212 ita
1575 5159 1965 5229 amendarunt,
2021 5156 2095 5229 Τὸ

529 5226 629 5300 μὲν
683 5230 789 5301 γὰρ
822 5231 1173 5301 ἀνακτήσεως
1208 5229 1385 5301 ψυχῆς
1431 5227 1924 5301 καὶλφαιδρότητος
1972 5226 2097 5280 ἐπέ-

529 5247 629 5300 μεν
683 5247 789 5351 ’ξαρ
822 5247 1173 5301 ανακτησεως
1208 5247 1385 5301 ψυχης
1431 5247 1525 5282 και
1571 5247 1924 5299 φαιοροτητος
1972 5247 2096 5280 επε-

525 5317 640 5370 χειν
718 5301 868 5369 ἐγον.
919 5301 1112 5355 Verum
1157 5317 1280 5354 cum
1329 5299 1588 5370 particula
1622 5297 1730 5368 γάρ
1767 5313 1868 5352 nec
1901 5300 1955 5352 in
1999 5313 2096 5351 co-

527 5368 646 5425 dice
675 5368 864 5441 Regio,
919 5387 1016 5425 nec
1046 5373 1098 5425 in
1129 5373 1366 5425 editione
1397 5368 1657 5436 Stephani
1709 5371 1943 5441 legatur,
1984 5383 2100 5441 nia-

527 5441 618 5492 lim
677 5437 855 5513 legi-re
909 5442 1126 5513 ἐπέχον,
1169 5443 1309 5513 quod
1344 5441 1648 5513 ‘segneutia
1697 5437 1853 5513 plane
1881 5437 2094 5513 conﬁr-

530 5521 696 5581 ruant.
735 5508 1198 5580 Sequiturveniui
1244 5511 1305 5564 τὸ
1339 5509 1382 5562 δ’
1434 5509 1622 5581 ἕτερον
1664 5509 1799 5579 πρὸς
1844 5509 1923 5581 τῇΔ
1963 5508 2097 5581 ἀπο-

526 5577 712 5632 λαύσει
778 5563 870 5636 κοιλ⁹
929 5581 1194 5656 θεραπείᾳ
1237 5581 1346 5634 τῶν
1400 5563 1668 5656 σωμάτων
1710 5563 2092 5656 ἶκᾶτὰλληλρν.

527 5653 694 5704 Codd.
737 5663 911 5707 tamen
950 5647 1109 5718 Fuit”
1157 5647 1282 5708 Sav.
1329 5668 1392 5706 ac
1417 5647 1652 5704 Turnebi
1681 5647 1836 5718 plane
1892 5649 2096 5718 conﬁr-

529 5732 639 5774 mat
669 5715 1105 5780 unendationem
1145 5723 1287 5777 illam
1321 5724 1604 5778 doctorum
1637 5715 1897 5775 virorum.
1949 5715 2096 5773 idem

2205 4528 2518 4601 περιουσίαν
2553 4525 2926 4597 προενοοῦντο.
2987 4526 3078 4580 Διὸ
3114 4525 3490 4598 χαλεπώτερον
3533 4522 3614 4594 τὴν
3653 4518 3724 4574 τοῦ

2204 4619 2403 4692 χρυσοῦ
2429 4635 2488 4671 τε
2520 4617 2616 4671 καὶ
2637 4615 2878 4688 ἀργύρου
2915 4615 3150 4686 εὕρεσιν,
3185 4618 3282 4671 καὶ
3316 4615 3550 4688 μείζονος
3585 4609 3724 4680 καμά-

2203 4731 2298 4766 του
2323 4712 2431 4767 τῶν
2455 4711 2628 4766 ἄλλων
2658 4709 2914 4764 ἁπάντων
2943 4710 3222 4782 μετάλλων
3251 4711 3416 4780 φασὶν
3441 4704 3584 4771 εἶναι,
3609 4706 3722 4764 ὅπως

2202 4807 2281 4880 τῷ
2315 4805 2528 4878 σφοδρῷ
2557 4807 2658 4878 τῆς
2699 4805 2993 4876 ἐπιθυμίας
3023 4805 3086 4858 τδ
3129 4805 3223 4857 τοῦ
3258 4804 3498 4877 καμάτου
3542 4796 3721 4870 σφοδρὸν

2204 4900 2613 4970 ἀντιτάσσηται.
2649 4899 2798 4952 Πόσα
2828 4897 2873 4951 δ’
2900 4897 3035 4952 ἄλλα
3055 4894 3157 4966 τῆς
3185 4895 3336 4960 θείας
3363 4892 3604 4967 Προνοίας
3617 4888 3721 4960 ἔργα

2201 5085 2367 5141 codex
2393 5083 2529 5139 Fuk.
2557 5091 2679 5154 post
2704 5097 2892 5140 vocem
2921 5079 3217 5136 ἀπολαύσει
3246 5078 3357 5134 (1υο
3391 5084 3573 5148 puncta
3602 5077 3720 5127 notat

2202 5166 2386 5298 reﬁgi.)
2416 5224 2574 5296 Vulg.
2615 5221 3042 5298 thrgzpdgomr
3065 5217 3216 5298 εἶναι
3234 5220 3402 5298 ῥεόν,
3418 5211 3648 5298 ιιι-Μοτιεὶ

2203 5288 2303 5352 bro
2325 5288 2644 5351 emendatur
2671 5288 2765 5348 τοῦ
2783 5288 2939 5357 Θεοῦ,
2975 5303 3032 5346 ut
3077 5294 3206 5362 legit
3229 5288 3713 5362 glirislophorsonus.

2205 5368 2273 5422 Et
2299 5368 2379 5423 sic
2409 5369 2609 5423 diserte
2638 5367 2896 5421 scribitur
2931 5367 2981 5416 in
3023 5359 3210 5418 codice
3239 5359 3373 5414 Fuk.

2277 5421 2390 5508 (53)
2418 5421 2603 5506 Vdeq
2644 5433 2862 5508 τέρψω
2895 5434 3124 5508 κόσμου
3151 5431 3246 5508 οιαὶ
3293 5427 3585 5508 ἀφθονίαν.

2201 5497 2510 5579 rupta'est'
2537 5497 2638 5579 vox
2673 5497 2953 5579 ἀφθονίαν,
2977 5497 3285 5579 cujus_loco
3331 5497 3504 5552 malim
3551 5497 3709 5579 subs-It:

2201 5562 2358 5635 tuere
2383 5575 2644 5644 ἀσωτίαν,
2679 5562 2734 5634 id
2785 5587 2867 5633 est
2898 5562 3103 5631 luxum.
3140 5571 3361 5640 Vulgata
3402 5580 3563 5623 tamen
3584 5562 3714 5616 lectio

2191 5650 2336 5708 .ferri
2367 5659 2570 5723 potest.
