3926 6264
272 249 397 306 1261

1036 249 1496 315 ϐΟΝδΤΔΝΤΙΝῙ
1535 248 1924 325 ΟΒΑΤΙΟφΑῙ)
1963 248 2387 309 SANCTORUM
2426 250 2725 309 C(ETUM.

3372 254 3513 317 1⁸16ίὶ

267 383 349 421 τοι
378 364 475 421 καὶ
494 365 771 431 δυσσεϐεῖς
793 364 1089 439 ἄνθρωποι,
1110 368 1461 439 δικαιωθῆναι
1487 368 1578 422 τὸν
1604 368 1826 440 Χριστὸι

1937 383 2060 423 nem
2081 384 2204 440 quae
2233 369 2409 425 mollis
2433 370 2500 425 sit
2533 379 2589 427 et
2616 371 2682 426 ad
2709 369 3040 441 voluptatem
3072 385 3136 427 ac
3175 371 3508 427 lenocinium

268 459 427 532 ἡμῶν
456 458 551 513 κα)¹
580 458 671 513 τὸν
704 458 991 532 παραίτιον
1018 460 1113 515 τοῦ
1148 461 1261 533 βίου
1288 464 1398 526 τοῖς
1432 461 1618 526 ζῶσιν,
1668 461 1831 515 αὑτὸν

266 551 359 606 τοῦ
409 551 508 623 ζῇν
549 551 895 623 ἐστερῆσθαι.
936 553 1074 616 Τοὺς
1111 554 1155 606 δ’
1194 554 1409 607 ἀσεϐεῖν
1454 553 1602 617 ἅπαξ
1633 552 1833 622 τολμή-

269 659 467 707 σαντας
498 644 630 715 (57),
661 646 755 698 καὶ
786 646 921 717 μήτε
954 645 1202 709 δεδιέναι,
1241 647 1365 718 μήτ’
1400 645 1833 716 ἐγκαλύπτεσθαι

266 736 367 807 τὴν
394 736 600 789 ἑαυτῶν
632 737 894 807 πονηρίαν
916 738 1324 802 κατανοοῦντας,
1350 739 1498 793 οὐδὲν
1524 738 1834 810 θαυμαστὸν

267 826 425 880 τοῦτο
437 827 615 896 λέγειν
633 830 828 881 ’ἐκεῖνο
841 828 897 882 δὲ
911 831 1087 883 πᾶσαν
1105 831 1476 902 ὑπερϐέϐηκεν
1493 831 1760 901 εὐήθειαν,
1774 831 1835 883 τὸ

266 918 445 972 δοκεῖν
467 919 781 975 πεπεικέναι
800 921 1044 987 ἑαυτοὺς,
1071 923 1159 976 ὑπ’
1174 923 1459 995 ἀνθρώπου
1474 923 1608 977 Θεὸν
1622 924 1835 995 ἄφθαρ-

267 1028 359 1064 τον
392 1011 915 1084 βεϐιᾶσθαι,κα“ιούχ
941 1014 1048 1067 ὑπὸ
1077 1015 1245 1086 μόνης
1273 1016 1373 1086 τῆς
1399 1014 1830 1087 φιλανθρωπίας,

272 1101 393 1173 μηδ’
422 1104 637 1169 ἐννοεῖν,
650 1104 733 1157 ὃτι
757 1104 818 1157 τὸ
834 1105 1206 1177 μεγαλόψυχον
1224 1105 1339 1178 [καὶ
1355 1104 1676 1171 ἀνεξίκακον
1696 1105 1832 1178 (58)]

265 1194 379 1249 οὗθ’
403 1196 509 1249 ὑπὸ
520 1196 729 1268 ὕϐρεως
748 1197 1113 1269 διατρέπεται,
1133 1198 1244 1253 οὔθ’
1262 1201 1365 1253 ὑπὸ
1383 1199 1833 1271 προπηλακισμοῦ

265 1290 364 1361 τῆς
403 1292 637 1362 φυσικῆς
666 1293 1018 1365 στερρότητος
1046 1294 1340 1361 ἐξίσταται,
1385 1293 1497 1348 ἀλλ’
1533 1295 1619 1347 ἀεὶ
1650 1294 1833 1363 γίγνε-

265 1398 376 1445 ται,
408 1382 514 1435 τῶν
544 1382 981 1454 ἐπεμϐαινόντων
1004 1386 1112 1457 ’τὴν
1138 1386 1455 1458 ἀγριότητα,
1483 1385 1743 1457 λογισμοῦ
1773 1402 1832 1438 τε

265 1473 362 1526 καὶ
403 1473 802 1545 μεγαλοψυχίας
846 1479 1150 1548 φρονήματι
1198 1478 1397 1550 θραῦον
1427 1477 1834 1549 καὶδιωθούμε-

265 1578 371 1615 νον.
401 1564 686 1634 Προῄρητο
717 1564 814 1634 μὲν
844 1566 876 1635 ἡ
910 1566 1000 1619 τοῦ
1028 1566 1164 1620 Θεοῦ
1199 1567 1593 1640 φιλανθρωπία,
1620 1568 1831 1621 ἀδικίαν

269 1653 369 1725 μὲν
400 1654 692 1725 ἐξαλεῖψαι,
736 1658 1067 1729 κοσμιότητα
1093 1659 1149 1712 δὲ
1177 1662 1269 1713 καὶ
1311 1660 1465 1732 δίκην
1498 1662 1725 1731 ἐπᾶραι·
1753 1659 1832 1712 διὸ

1941 474 2278 533 comparata,
2329 463 2689 533 prudentibus
2734 463 2867 519 viris
2922 462 3243 534 displicere:
3288 481 3410 520 cum
3464 467 3510 522 is

1940 554 2030 623 qui
2079 554 2231 621 dicit,
2282 554 2527 624 plausum
2571 556 2749 624 potius
2784 570 2945 625 quam
3001 557 3302 611 modeslam
3335 556 3510 613 dissea

1941 644 2093 699 rendi
2126 646 2388 701 rationem
2418 656 2781 701 consectatur.
2833 647 3063 714 Quidam
3108 648 3259 717 impii
3316 665 3379 703 ac
3418 651 3510 703 de-

1941 746 2149 794 mentes
2194 740 2442 794 homines
2501 740 2657 793 aiunt
2695 738 2973 795 Christum
3032 750 3278 795 nostrum
3315 744 3508 796 merito

1940 829 2200 899 supplicio
2226 830 2539 884 damnatum
2572 830 2740 886 fuisse
2760 874 2774 896 ,
2817 841 2873 885 et
2899 846 3021 885 eum
3042 831 3292 900 qui‘vita:
3323 843 3511 887 auctor

1941 933 2026 979 est
2054 924 2381 988 viventibus,
2414 923 2526 979 vita
2554 938 2674 978 esse
2694 924 2989 994 privatum.
3032 925 3110 978 Ac
3152 937 3261 993 eos,
3287 924 3504 993 quidem

1941 1016 2031 1085 qni
2059 1016 2222 1071 semel
2250 1016 2437 1093 pietati
2477 1018 2727 1071 nuntium
2776 1017 3129 1081 remiserunt,
3182 1032 3282 1072 nec
3312 1017 3509 1071 timore

1940 1109 2049 1165 ullo
2077 1117 2168 1162 aut
2197 1109 2400 1177 pudore
2428 1108 2693 1163 scelerum
2720 1124 2941 1162 suorum
2964 1106 3101 1161 allici
3126 1109 3509 1176 decreverunt,

1940 1201 2011 1255 ita
2046 1201 2253 1256 sentire
2276 1201 2495 1255 minime
2525 1200 2829 1255 mirandum
2862 1209 2967 1253 est.
2990 1198 3123 1254 Illud
3143 1215 3270 1254 vero
3295 1216 3507 1255 omnem

1938 1294 2149 1349 excedit
2185 1292 2497 1356 amentiam,
2525 1292 2669 1361 quod
2694 1293 2793 1347 sibi
2813 1291 2944 1361 ipsis
2967 1292 3308 1361 persuasisse
3332 1290 3515 1345 viden-

1942 1394 2028 1439 tur
2049 1425 2065 1452 ,
2092 1384 2257 1438 Deum
2293 1384 2651 1439 immortalem
2684 1385 2791 1438 vim
2835 1385 2901 1438 ab
2948 1383 3261 1439 hominibus
3290 1398 3507 1453 passum

1940 1492 2080 1540 esse,
2124 1493 2227 1531 non
2256 1486 2435 1531 autem
2471 1493 2500 1531 a
2534 1492 2630 1531 sua
2678 1477 2849 1546 ipsius
2900 1476 3238 1544 benignitate
3277 1484 3333 1530 et
3380 1490 3506 1544 erga

1939 1568 2573 1623 hominesbenevolentia
2608 1584 2736 1632 ;nec
2780 1568 3253 1634 animadvertunt,
3300 1568 3510 1639 magni-

1941 1662 2181 1717 tudinem
2219 1662 2384 1715 animi
2414 1676 2477 1715 ac
2516 1662 2830 1730 patientiam
2869 1676 2969 1715 nec
3010 1660 3339 1717 contumelia
3384 1676 3505 1714 mu-

267 1748 362 1801 καὶ
390 1750 516 1813 τοὺς
560 1751 903 1820 σοφωτάτους
933 1750 1042 1805 τῶν
1074 1752 1281 1825 ἀνδρῶν
1312 1753 1421 1823 (59)
1456 1752 1826 1823 συναθροίσας,

1938 1751 2061 1817 tari,
2099 1766 2195 1806 nec
2228 1749 2489 1804 conviciis
2518 1753 2585 1803 de
2613 1749 2757 1804 statu‘
2790 1766 2888 1804 suo
2922 1750 3182 1805 dimoveri
3210 1769 3224 1818 ;
3272 1752 3367 1806 sed
3415 1750 3507 1805 fu-

266 1839 560 1910 καλλίστην
585 1841 679 1893 καὶ
718 1840 1150 1911 βιωφελεστάτην
1193 1841 1537 1895 διδασκαλίαν
1575 1842 1832 1913 συνεστή-

266 1945 421 1990 σατο,
456 1929 692 2001 ζηλῶσαι
729 1931 840 2001 (60)
879 1933 1005 1994 τοὺς
1033 1930 1266 2000 ἀγαθούς
1297 1949 1355 1984 τε
1390 1932 1481 1984 καὶ
1511 1930 1831 2001 εὐδαίμονας

262 2021 365 2094 τὴν
395 2022 585 2076 ἑαυτοῦ
612 2024 739 2094 περὶ
766 2024 833 2077 τά
861 2024 1060 2094 κόσμια
1092 2025 1345 2096 πρόνοιαν
1362 2042 1374 2054 ’
1400 2017 1460 2077 οὗ
1486 2025 1669 2095 μεῖζον
1698 2026 1833 2093 ἀγα-

264 2113 359 2167 θὸν
404 2115 455 2167 τί
487 2116 550 2169 ἄν
583 2133 667 2179 τις
710 2115 872 2179 εἴποι,
901 2115 1034 2169 Θεοῦ
1066 2117 1408 2188 δικαιοσύνην
1455 2117 1829 2188 βραϐεύοντος,

265 2208 360 2261 καὶ
394 2207 760 2278 ἐξομοιοῦντος
787 2209 958 2280 ἑαυτῷ
1003 2211 1126 2273 τοὺς
1158 2210 1339 2277 ἀξίους
1380 2212 1476 2281 τῆς
1500 2210 1663 2264 αὑτοῦ
1710 2228 1833 2264 παι-

265 2300 518 2364 δεύσεως,
554 2303 701 2364 ὅπως
729 2301 1062 2373 διαδοθείσης
1095 2305 1173 2365 εἰς
1202 2302 1408 2365 πάντας
1435 2304 1533 2374 τῆς
1566 2303 1834 2375 ἁγαθότη-

263 2410 380 2457 τος,
408 2393 470 2445 τὸ
492 2394 736 2464 εὐτυχεῖν
756 2396 867 2456 τοῖς
891 2394 1194 2466 ἀνθρώποις
1216 2398 1295 2458 είς
1316 2396 1527 2449 ᾶπαντα
1550 2397 1638 2448 τὸν
1662 2396 1831 2450 αίῶνα

265 2485 653 2556 περιγένηταη
692 2486 836 2557 Αὕτη
874 2488 1019 2539 ἐστὶν
1056 2488 1087 2557 ἡ
1125 2488 1294 2560 σεμνὴ
1334 2488 1478 2559 νίκη,
1504 2489 1609 2541 τόδ’
1636 2489 1832 2559 ἀληθὲς

265 2578 488 2647 κράτος,
521 2578 582 2631 τὸ
623 2579 876 2649 μέγιστον
910 2580 1069 2651 ἔργον
1107 2579 1367 2650 ἁρμόζον,
1397 2582 1425 2634 ὁ
1449 2580 1557 2634 τῶν
1586 2581 1833 2651 συμπάν-

263 2685 376 2720 των
407 2668 594 2740 δήμων
624 2673 1027 2743 σωφρονισμός·
1057 2673 1151 2726 καὶ
1177 2672 1377 2725 τούτων
1416 2673 1514 2744 μέν
1546 2691 1626 2727 σοι
1654 2673 1722 2727 τὰ
1752 2691 1832 2728 νι-

265 2762 407 2831 κητή
419 2779 507 2832 ρια
529 2762 735 2833 δίδομεν
756 2764 1141 2845 εὐφημοῦντες,
1170 2759 1215 2819 ὦ
1243 2766 1426 2837 Σῶτερ
1444 2767 1550 2819 τῶν
1578 2766 1737 2820 ὅλων·
1765 2766 1828 2819 σὺ

263 2853 331 2918 δ’,
364 2847 409 2907 ὦ
436 2856 645 2927 πονηρὰ
662 2857 774 2927 (61)
807 2860 900 2911 καὶ
932 2858 1261 2911 ὲπονείδιστε
1288 2860 1621 2931 βλασφημία,
1648 2859 1832 2929 ψεύδε-

268 2961 352 2999 σιν
387 2948 748 3020 ὲπαιρομένη,
781 2951 990 3021 φήμαις
1017 2969 1074 3003 τε
1112 2953 1208 3004 κα).
1229 2952 1587 3023 διαϐοήσεσιν,
1623 2954 1828 3020 ἐξαπα-

265 3042 364 3110 τᾷς
396 3043 495 3111 μὲν
519 3042 691 3106 νέους,
719 3044 925 3108 πείθεις
960 3045 1017 3097 δὲ
1054 3045 1333 3117 μειράκια,
1369 3046 1460 3099 καὶ
1491 3046 1597 3099 τῶν
1623 3046 1828 3118 ἀνδρῶν

265 3133 393 3195 τοὺς
427 3134 758 3206 μειρακιώδη
777 3137 902 3205 ,τινὰ
923 3137 1123 3209 τρόπον
1150 3138 1389 3208 ἔχοντας,
1424 3126 1707 3207 ἀπάγουσα
1732 3139 1829 3210 μὲν

266 3224 463 3288 αὐτοὺς
491 3227 597 3279 ἀπὸ
626 3228 726 3298 τῆς
770 3227 1063 3299 θρησκείας
1103 3230 1196 3283 τοῦ
1228 3232 1376 3295 ὄντος
1395 3231 1527 3286 Θεοῦ
1557 3232 1691 3302 (6‘2),
1708 3249 1828 3283 συν-

267 3313 558 3368 ιστάνουσα
600 3317 644 3368 δ’
671 3317 998 3387 ἀγαλμάτων
1034 3320 1340 3390 πλάσματα,
1366 3316 1446 3385 οἷς
1470 3321 1710 3392 εὔχοιντο
1732 3322 1825 3376 καὶ

265 3407 640 3473 προσκυνοίενο
691 3406 830 3459 ὥστε
881 3407 1337 3482 ἐξαπατηθέντας,
1377 3413 1557 3484 μένειν
1595 3413 1663 3467 τά
1704 3413 1826 3469 ἐπί-

263 3510 425 3565 χειρα
458 3495 567 3566 (65)
610 3497 711 3568 τῆς
748 3498 924 3554 αὐτῶν
971 3504 1345 3575 ἀναισθησίας.
1394 3506 1681 3559 Α’ίτιῶνται
1720 3506 1829 3577 γὰρ

339 3666 452 3746 (57)
477 3666 629 3738 Vulg.
643 3672 786 3738 Τοὺς
796 3673 1035 3728 ἀσεϐεῖν
1049 3674 1209 3740 ἅπαξ
1225 3677 1661 3746 τολμήσαντας.
1684 3680 1830 3736 Scri-

263 3736 499 3792 bendum
544 3736 629 3821 est
661 3736 1034 3821 otllflitl‘O‘Tt-Ji);
1090 3745 1132 3798 δ’
1158 3736 1406 3821 *ἀσεϐεῖν
1452 3736 1598 3814 ἅπαξ
1618 3736 1831 3821 ’τολμή-

264 3824 486 3892 σαντες,
523 3811 615 3864 καὶ
650 3813 784 3892 μήτε
828 3813 1084 3892 δεδιέναιζ
1102 3818 1230 3887 μήτ’
1269 3811 1697 3892 ἐγκαλύπτεσθαι

261 3877 469 3960 ἑαυτῶν
497 3877 782 3960 ,πονηρίαν
827 3877 1239 3960 κατανοοῦντας,
1289 3877 1439 3960 οὐδὲν
1496 3877 1825 3960 θαυμαστὸν,

261 3948 421 4030 τοδτο
453 3948 677 4030 λέγως’
711 3964 767 4005 ιιι
806 3957 1073 4030 scribitur
1106 3958 1159 4030 in
1196 3948 1402 4025 optimo
1456 3948 1644 4014 codice
1690 3948 1823 4014 Fuk.

264 4023 351 4141 εἶιί
387 4023 754 4100 βυυεοιώιιιιι
804 4024 931 4077 Sav.
989 4037 1041 4079 et
1104 4023 1579 4096 Christopliorsoni
1645 4045 1829 4085 exem-

264 4103 456 4141 naria.

262 4103 347 4158 pta
358 4103 456 4143 na.

338 4159 450 4228 (58)
489 4160 638 4230 Vulg.
666 4164 765 4217 καὶ
798 4165 1154 4229 ἀνεξίκακον
1186 4166 1291 4221 τοῦ
1316 4168 1484 4223 Θεοῦ.
1520 4169 1823 4225 Posteriora

264 4227 373 4311 duo
426 4227 678 4311 vocabula
724 4227 1075 4311 addita—sunt
1119 4255 1208 4311 cx_
1235 4239 1371 4292 liliro
1408 4240 1647 4303 Gruteri,
1705 4256 1827 4309 quae

261 4302 534 4380 etiamniu
570 4302 746 4358 Μοτπί
789 4306 921 4380 liliro
944 4306 1011 4361 ad
1043 4308 1336 4380 marginem
1365 4311 1598 4380 ascripta
1636 4302 1825 4380 leg'un-

265 4377 393 4445 ιιι-ι’.Δ
430 4369 698 4445 Sed_cum
746 4391 845 4428 nec
876 4378 927 4429 in
968 4380 1124 4431 codd.
1161 4369 1347 4445 ‘llegio
1379 4390 1435 4435 et
1479 4369 1612 4435 F'nk.
1644 4369 1742 4435 nec
1772 4381 1823 4434 in

1934 1858 2113 1899 rorem
2135 1859 2319 1898 eorum
2350 1843 2439 1912 qui
2464 1842 2635 1910 ipsam
2666 1842 2938 1898 hostiliter
2964 1844 3247 1905 invadunt.
3276 1843 3510 1898 consilio

1933 1947 1989 1993 et
2030 1938 2358 1993 celsitudine
2413 1939 2576 1993 animi
2626 1936 2901 2005 frangere.
2957 1936 3237 1991 Statuerat
3288 1937 3504 2007 quidem

1932 2031 2113 2085 divina
2162 2032 2454 2085 clementia
2486 2030 2805 2099 injustitiam
2848 2045 2881 2084 e
2927 2030 3106 2084 medio
3137 2028 3345 2094 tollere,
3394 2045 3508 2084 mo-

1932 2123 2158 2178 destiam
2189 2138 2318 2180 vero
2348 2132 2401 2179 et
2440 2124 2748 2193 aequitatem
2778 2137 3123 2193 promovere.
3158 2121 3237 2177 Ac
3267 2131 3511 2191 propter.

1932 2230 2016 2279 ea,
2048 2215 2459 2285 sapientissimis
2490 2216 2797 2270 hominibus
2837 2215 2889 2269 in
2932 2230 3095 2268 unum
3123 2214 3468 2283 congregatis
3490 2254 3504 2276 .

1934 2305 2349 2375 pulcherrimam
2403 2314 2565 2375 atque
2610 2304 2959 2359 utilissimam
3023 2304 3264 2358 humano
3320 2305 3504 2374 generi

1930 2395 2230 2450 doctrinam
2263 2396 2514 2461 instituit,
2538 2394 2715 2450 utviri
2747 2394 2873 2449 boni
2926 2409 2990 2449 ac
3038 2394 3181 2448 beati
3217 2395 3508 2463 providen-

1934 2489 2060 2543 tiam
2094 2487 2260 2559 ipsius
2302 2489 2355 2543 in
2397 2488 2555 2557 hujus
2603 2488 2789 2543 mundi
2841 2487 3003 2541 rebus
3059 2486 3505 2540 administrandis

1931 2581 2339 2637 aemularentur.
2375 2579 2493 2647 Quo
2536 2580 2753 2649 quidem
2807 2578 2949 2632 bono
3004 2577 3276 2646 quodnam
3330 2574 3506 2642 majus

1933 2672 2040 2727 dici
2089 2681 2302 2742 potest,
2359 2671 2448 2725 ubi
2504 2671 2646 2725 Deus
2696 2669 2926 2738 iustitia:
2976 2667 3123 2737 leges
3177 2667 3504 2737 praescribit,

1930 2780 2132 2835 eosque
2156 2764 2247 2835 qui
2272 2764 2518 2833 discipuli
2548 2763 2715 2833 ipsius
2745 2777 2867 2817 esse
2905 2759 3242 2825 meruerint,
3295 2759 3506 2814 similes

1931 2858 2091 2913 edicit
2122 2857 2243 2921 sibi,
2301 2864 2361 2911 ut
2394 2856 2589 2909 tradita
2614 2870 2679 2909 ac
2719 2853 2909 2909 diffusa
2948 2854 3002 2906 in
3035 2866 3223 2906 omnes
3260 2851 3462 2907 virtute
3487 2892 3504 2919 ,
3578 2890 3585 2901 .

1932 2950 2259 3019 sempiterna
2307 2948 2538 3004 felicitas
2566 2948 2877 3003 hominibus
2934 2947 3327 3018 comparetur?
3377 2944 3506 3000 Haec

1931 3052 2017 3099 est
2044 3042 2301 3112 praeclara
2330 3041 2555 3096 victoria
2578 3081 2592 3102 .
2628 3042 2743 3095 hate
2772 3054 2905 3094 vera
2935 3039 3174 3108 potentia
3200 3080 3215 3105 ,
3246 3040 3350 3093 hoc
3372 3053 3508 3108 opus

1934 3137 2225 3190 maximum
2297 3137 2512 3203 Deoque
2568 3133 3180 3195 convenientissimum,
3260 3131 3504 3186 omnium

1934 3226 2145 3280 scilicet
2195 3224 2512 3294 populorum
2559 3222 2833 3278 correctio
2896 3231 3057 3289 atque
3114 3221 3181 3276 ad
3226 3221 3505 3275 meliorem

1932 3316 2146 3386 frugem
2180 3314 2485 3370 conversio.
2520 3312 2599 3367 Ac
2630 3328 2729 3367 nos
2763 3312 2981 3382 quidem
3035 3310 3197 3381 hujus
3247 3310 3506 3379 triumphi

1932 3406 2181 3475 gloriam,
2222 3420 2345 3457 cum
2384 3402 2634 3458 laudibus
2668 3412 2723 3458 et
2754 3400 3270 3464 acclamationibus,
3326 3400 3443 3465 tibi,
3474 3414 3509 3454 ο

1935 3494 2195 3549 Servator
2219 3494 2496 3559 omnium,
2530 3490 2846 3547 deferimus.
2886 3490 2966 3545 Tu
2992 3506 3120 3546 vero
3168 3490 3411 3560 improba
3442 3506 3507 3543 ac

1932 3672 2311 3743 Patreslonge
2340 3672 2497 3743 aliter
2515 3672 2583 3725 de
2608 3666 2871 3741 apostolis
2910 3671 3321 3743 loquuntur,_ae
3360 3684 3500 3743 prte-

1932 3745 2087 3812 cipue
2116 3741 2351 3796 Joannes
2385 3742 2807 3812 Chrysostomus
2830 3783 2847 3805 ,
2892 3743 2981 3810 qui
3033 3741 3311 3809 apostolos
3342 3741 3506 3812 plane

1932 3810 2093 3867 rudes
2115 3824 2275 3881 atque
2308 3810 2589 3880 imperitos
2617 3812 2785 3865 fuisse
2808 3812 3040 3875 fatetur,
3078 3820 3131 3865 et
3164 3824 3229 3881 ex
3263 3825 3328 3864 eo
3367 3810 3505 3881 vali-

1931 3878 2213 3936 dissimum
2267 3878 2643 3951 argumentum
2696 3883 2862 3933 sumit
2911 3882 2977 3934 ad
3015 3878 3329 3951 christiana:
3359 3878 3497 3951 fidei

1931 3948 2429 4012 confirmationem,
2481 3953 2623 4021 quod
2669 3952 2915 4009 homines
2962 3950 3224 4005 illitterati
3259 3948 3499 4018 philoso-

1932 4027 2089 4092 phus,
2117 4022 2416 4092 vilissiinige
2439 4021 2618 4075 ,ιιιιιςιξτι
2648 4022 2953 4092 piscatores
3010 4021 3285 4092 Romanos
3318 4034 3495 4092 rerum

1933 4087 2181 4147 dominos
2240 4095 2307 4145 ad
2354 4090 2613 4145 Crncilixi
2649 4087 2875 4144 cultum
2918 4090 3305 4162 pertraxerint.
3350 4087 3497 4162 Idem

1934 4165 2128 4231 repetit
2179 4163 2573 4219 Constantinus
2604 4164 2654 4214 in
2687 4162 2863 4230 capite
2902 4160 3112 4216 decimo
3154 4161 3369 4229 quinto,
3398 4160 3499 4214 iiii-

1935 4235 2027 4288 tio.

2003 4303 2114 4376 (60)
2165 4304 2340 4376 Vulg:
2373 4300 2657 4376 ζηλοῦσα.
2706 4302 2948 4376 Positum
2993 4302 3210 4376 videtur
3237 4302 3341 4376 hoc
3379 4315 3502 4376 vers

1931 4372 2059 4429 bum
2082 4372 2177 4443 pro
2205 4372 2444 4445 ζηλῶσαι
2480 4372 2727 4428 ποιοῦσα,
2757 4374 2961 4427 Sensus
2994 4380 3172 4426 autem
3200 4374 3358 4445 hujus
3396 4372 3495 4425 loci

262 4440 795 4517 editione__Stephani
830 4446 1096 4513 legantur,
1155 4440 1288 4503 nihil
1309 4458 1391 4505 est
1430 4453 1571 4517 quod
1607 4466 1703 4504 nos
1730 4467 1824 4507 co-
1861 4456 1905 4511 D
1931 4447 2035 4514 peti
2066 4440 2223 4517 debet
2248 4440 2513 4517 éxucapit.
2544 4446 2633 4517 l_:t.
2666 4446 2754 4517 ubi
2787 4445 3178 4517 Constantinus
3214 4440 3285 4495 ita
3303 4444 3499 4517 loqui-

262 4518 355 4577 gat
393 4526 457 4564 ea
505 4512 850 4579 hicaddcre.
888 4512 964 4571 Ac
1013 4518 1240 4572 fortasse
1283 4512 1628 4575 scribendum
1655 4532 1739 4575 est
1763 4521 1823 4574 τὸ

259 4580 581 4661 ἀνεξίκακον
620 4583 721 4661 τῇς
770 4586 1209 4661 φιλανθρωπίας,
1255 4600 1484 4645 retracta
1539 4592 1641 4646 line
1696 4605 1825 4647 voce

260 4665 385 4733 qua:
412 4657 462 4733 in
490 4657 766 4733 superiore
790 4660 924 4733 linea
949 4657 1161 4733 legitur.
1186 4660 1367 4733 APorro
1411 4663 1524 4714 inec
1560 4662 1822 4733 Constan-

265 4723 359 4774 tini
393 4723 683 4791 disputatio
710 4727 949 4781 instituta
988 4723 1117 4782 mihi
1149 4730 1357 4783 videmr
1380 4733 1640 4785 adversus
1696 4732 1822 4785 Por-

262 4792 538 4866 phyrium,
590 4810 683 4849 seu
729 4799 988 4864 quosdam
1045 4799 1176 4853 alios
1221 4800 1534 4855 Graecorum
1580 4802 1819 4866 philoso-

261 4863 438 4947 phos,
467 4866 555 4931 qui
604 4866 655 4947 id
695 4863 1004 4947 cliristizinis
1033 4871 1378 4947 objiciebant,
1408 4872 1546 4939 quod
1577 4863 1820 4925 dicerent

259 4935 537 4986 Christum
594 4938 661 4991 ah
714 4939 1023 4991 hominibus
1085 4935 1517 4994 crucilixnm'ct
1573 4955 1819 4995 necatum

260 5002 697 5082 esse.‘:__Si‘e_ei_iim
733 5011 1249 5082 argumentabantur
1283 5015 1541 5064 adversus
1564 5012 1819 5064 christia-

261 5075 461 5152 nos.
487 5075 901 5152 Christusneus
941 5091 1045 5145 est,
1088 5083 1357 5145 quomodo
1393 5082 1465 5133 illi
1515 5082 1593 5134 vis
1632 5082 1818 5136 afferri

260 5148 519 5212 putuitali
552 5148 878 5212 hominibus,
908 5165 1028 5204 cum
1054 5163 1267 5205 constet
1298 5153 1541 5206 homines
1559 5152 1820 5208 adversus

260 5210 429 5286 Deum
460 5216 587 5268 nihil
621 5233 777 5286 posse
803 5219 825 5272 ?

330 5283 445 5355 (59)
476 5283 633 5364 Τοίξςί
647 5290 1028 5364 σοφωτάτους
1057 5290 1177 5345 τῶν
1211 5290 1465 5360 ἀνδρῶν.
1495 5292 1585 5347 Sic
1607 5303 1822 5364 aposto-

260 5354 351 5433 los
370 5354 523 5433 vorat
540 5354 949 5433 Constantinus,
964 5354 1099 5431 quos
1128 5376 1303 5415 tamen
1319 5354 1820 5433 illitteratos'atqne

260 5429 540 5502 imperitos
589 5429 753 5502 fuisse
795 5429 1026 5502 constat.
1081 5433 1155 5485 lta
1193 5449 1405 5501 quoque
1454 5436 1505 5486 in
1558 5449 1677 5502 cap.
1731 5429 1818 5499 i2,

260 5501 479 5551 eosdem
530 5500 802 5572 apostolos
845 5498 904 5555 εὖ
954 5498 1267 5571 πεφυκότας
1320 5498 1582 5572 appellat,
1624 5498 1673 5557 id
1712 5498 1812 5569 est,

259 5571 539 5637 praestanti
586 5572 798 5638 ingenio
842 5575 1117 5639 praeditos.
1168 5571 1816 5630 Seilicet’COnstantinus

260 5641 326 5692 de
347 5641 605 5712 apostolis
624 5657 759 5710 quos
791 5652 1069 5712 tantopere
1100 5653 1390 5697 veneratur
1422 5643 1687 5709 Ecclesia,
1717 5646 1816 5700 ho-

259 5710 486 5766 noi’iliee
513 5715 846 5767 sentiendum
878 5710 998 5773 esse
1030 5714 1380 5771 existimavit.
1415 5713 1611 5772 Verum
1635 5716 1812 5773 sancti

1930 4512 2017 4584 tur
2043 4535 2055 4570 :
2082 4516 2154 4568 Τὸ
2178 4516 2234 4567 δὲ
2268 4514 2364 4584 τῆς
2395 4515 2801 4584 φιλανθρωπίας
2838 4513 3133 4584 ἐξαίρετον.
3163 4514 3222 4565 ὲν
3259 4512 3337 4584 τῷ
3374 4515 3500 4576 τοὺς

1925 4582 2331 4659 εὖ-πεφυκότας
2370 4586 2483 4659 τῶν
2504 4582 2839 4659 Δ(Ξινθρῴπων,
2894 4582 3048 4659 θείου.
3082 4584 3181 4659 καὶ*
3227 4582 3496 4659 μακαρίου

1924 4657 2171 4728 ζηλωτάς
2196 4656 2419 4726 ποιῆσαι
2462 4656 2598 4727 βίου.
2626 4655 2691 4710 lli
2724 4657 3012 4728 enirnaluo
3037 4655 3137 4709 loci
3161 4655 3494 4728 lucenrsilii

1924 4725 2109 4782 mutuo
2139 4725 2472 4782 l'enerantur.
2521 4728 2577 4779 lu
2600 4728 2767 4782 codd.
2803 4725 3210 4789 Fnk.,'[‘urnehi
3248 4741 3312 4778 ac
3341 4726 3498 4779 Savi-

1922 4798 2003 4863 lii,
2032 4800 2287 4853 scribitur
2317 4795 2579 4864 ζηλῶσαι,
2608 4814 2709 4851 non
2744 4795 3000 4864 ζηλοῦσα.

1993 4872 2104 4943 (tit)
2130 4870 2212 4923 Σὺ
2239 4867 2376 4943 δ’,ὦ
2397 4867 2644 4943 πονηροί.
2675 4869 2755 4943 Ab
2793 4868 2877 4943 liis
2899 4867 3077 4943 verbis
3109 4880 3304 4943 novum
3337 4876 3498 4943 capo:

1925 4937 2211 4997 inchoatur
2237 4942 2288 4993 in
2318 4941 2557 4995 editione
2600 4940 2736 4992 Rob.
2789 4937 3051 5005 Stephani
3106 4948 3161 4990 et
3208 4938 3262 4989 in
3310 4938 3496 5005 codice

1922 5014 2115 5082 Regio,
2160 5011 2212 5063 in
2259 5012 2461 5080 quibus
2505 5012 2619 5063 lucc
2665 5009 2823 5082 verba
2865 5004 3079 5082 modico
3130 5004 3422 5082 intervallo
3464 5026 3490 5055 ιι

1924 5076 2351 5150 ιιτιὲυειιειιιίὺῖις
2376 5090 2725 5150 separantur.
2762 5080 2816 5130 In
2856 5078 3279 5150 optimotamen
3302 5076 3497 5129 codice

1919 5148 2061 5208 Fuk.
2094 5163 2148 5205 et
2175 5152 2226 5203 in
2256 5153 2470 5205 scliedis
2500 5150 2641 5201 imlla
2670 5149 2756 5202 hic
2788 5156 3010 5201 notatur
3039 5148 3333 5201 distinetio.

1993 5221 2249 5293 (62)7T0i3
2274 5222 2449 5286 ὄντος
2476 5220 2644 5274 Θεοῦ.
2680 5218 2860 5293 Malim
2888 5219 3143 5293 scribere
3164 5215 3492 5293 adverbiali-

1926 5286 2010 5349 ter
2036 5286 2130 5347 τοῦ
2153 5293 2341 5356 ὅντως.
2370 5296 2546 5360 Atque
2572 5293 2642 5344 ita
2680 5292 2841 5360 plane
2888 5290 2940 5342 in
2975 5289 3158 5343 codice
3188 5286 3324 5343 Fuk.
3355 5288 3497 5340 scri-

1922 5376 2071 5437 ptum
2090 5365 2302 5437 inveni.

1996 5436 2105 5506 (65)
2135 5433 2354 5506 Μέκειν
2377 5433 2449 5485 τὰ
2472 5431 2761 5499 ἐπίχειρα.
2798 5428 2910 5483 Hoc
2940 5429 3062 5506 loco
3081 5428 3277 5506 ,μένειν
3322 5427 3493 5483 sumi—

1924 5499 2013 5561 tur
2041 5499 2099 5559 ni
2125 5504 2265 5573 apud
2288 5504 2509 5557 Latinos
2532 5512 2730 5564 manet,
2755 5511 2963 5573 utcum
2992 5499 3209 5562 dicitur,
3239 5509 3288 5551 te
3321 5510 3493 5573 manet

1920 5568 2206 5644 capitatim:
2254 5574 2511 5643 palmata,
2544 5573 2593 5625 id
2638 5582 2741 5638 est,
2796 5571 2890 5644 tibi
2929 5580 3115 5644 parata
3157 5580 3262 5644 est.
3317 5568 3492 5644 Graeci

1921 5640 2107 5702 eodem
2140 5640 2297 5699 modo
2320 5651 2539 5696 smnunt
2563 5644 2786 5697 verbum
2822 5640 3025 5712 μένειν.
3047 5640 3147 5712 Sic
3180 5642 3245 5712 in
3264 5640 3490 5712 epistola

1923 5716 2229 5774 Constantii
2257 5715 2321 5771 ad
2350 5715 2770 5773 Alexandrinos.
2794 5709 2948 5783 quam
2977 5709 3493 5766 refertAihanasins
