3926 6264
462 204 602 264 ισιθδ
1163 203 1432 261 EUSEBII
1471 202 1948 262 CAESABIENSIS
1984 205 2133 261 OPP.
2175 206 2357 262 PARS
2394 208 2433 262 1.
2462 237 2527 247 —-—
2568 205 2956 267 HISTORICA.
3559 213 3685 271 1264

467 325 776 383 letestanda
822 323 1182 395 blasphemia,
1226 338 1347 392 quze
1408 323 1711 380 mendaciis
1776 332 1832 380 et
1880 323 2017 379 fama

2135 324 2216 377 τὸν
2246 322 2353 377 τῶν
2403 322 2622 393 ἀγαθῶν
2668 326 2956 397 παραίτιον
2992 324 3230 392 πάντων,
3277 326 3534 398 Χριστὸν,
3563 329 3685 387 Θεόν

469 415 908 485 pervulgatisque
934 411 1271 469 sermonibus
1311 412 1492 469 efferri
1521 423 1576 469 et
1606 414 1828 485 gloriari
1855 415 2019 483 soles,

2133 434 2183 470 τε
2212 416 2305 470 καὶ
2336 414 2470 469 Θεοῦ
2505 416 2689 471 παῖδα.
2717 413 2843 489 Ἆρ’
2861 412 2954 473 οὖν
2977 418 3076 489 οὐχ
3098 417 3204 472 ὑπὸ
3229 421 3683 491 σωφρονεστάτων

457 518 536 572 ιιι,
565 508 808 576 inquam,
853 505 1084 575 juvenes
1112 505 1359 576 decipis;
1390 506 1761 564 adolescentes
1789 516 1844 564 et
1878 509 2007 563 viro:

2133 505 2290 559 Ιεθνῶν
2320 523 2379 559 τε
2408 506 2502 560 καὶ
2534 506 2595 578 δή
2606 524 2720 578 μων
2755 501 2910 573 οὗτος
2936 511 2965 563 ό
2994 508 3126 574 Θεὸς
3153 509 3415 575 καταξίαν
3445 511 3683 580 σέϐεται;

458 603 547 671 qni
596 602 784 672 puerili
833 602 1066 670 quodam
1104 602 1318 670 ingenio
1369 601 1577 671 praediti
1621 613 1768 668 sunt,
1822 600 2008 658 blanda

2134 596 2386 662 Παντοίας
2430 597 2528 669 μὲν
2562 597 2841 669 δυνάμεως
2875 599 3293 672 ἐπειλημμένος,
3347 600 3515 667 αὐτὸς
3544 602 3587 655 δ’
3633 605 3684 657 ὒν

454 695 806 764 persuasione
859 693 909 747 in
953 691 1202 748 fraudem
1253 693 1503 761 inducis,
1538 710 1570 750 a
1602 696 1717 750 veri
1770 694 2004 751 Numinis

2131 690 2186 758 τῇ
2215 688 2390 759 οἰκείᾳ
2421 689 2739 761 προαιρέσει
2787 689 2982 761 μένων,
3017 691 3289 745 οὐδοτιοῦν
3319 692 3422 762 τῆς
3448 692 3681 765 ἐμφύτου

451 788 598 845 cultu
629 802 725 843 eos
747 787 1042 853 abducens,
1076 794 1131 843 et
1161 787 1453 843 simulacra
1494 790 1867 857 constituens,
1895 805 2001 860 qua

2130 777 2524 850 ριλανθρωπίας
2544 779 3031 851 ὲμείωσεν.”Απιτε
3054 780 3139 854 δὴ,
3160 782 3458 848 δυσσεσεῑς,
3482 784 3680 853 ἐφεῖται

453 879 703 944 adorent,
724 888 779 934 et
803 879 996 948 quibus
1019 894 1208 948 preces
1227 879 1462 952 allegent
1484 899 1497 935 :
1516 883 1650 938 adeo
1683 891 1738 937 ut
1783 883 2003 953 decepti,

2130 873 2226 946 γάρ
2252 874 2381 945 ὑμῖν
2400 873 2489 927 διὰ
2523 874 2623 945 τὴν
2646 872 2988 945 ἀτιμώρητον
3019 873 3315 944 ἁμαρτίαν,
3346 874 3441 928 ἐπὶ
3459 873 3562 938 τὰς
3581 877 3680 930 τῶν

449 972 815 1042 suasipsorum
837 972 1098 1027 vecordia:
1115 973 1413 1027 mercedem
1436 973 1720 1043 recipiant.
1742 972 1999 1030 Christun

2124 966 2332 1037 ἱερείων
2375 965 2608 1036 σφαγὰς,
2640 966 2821 1030 θοίνας
2857 983 2919 1019 τε
2965 968 3060 1020 καὶ
3098 967 3295 1038 ἑορτὰς
3334 968 3429 1021 καὶ
3476 969 3674 1039 μέθας·

447 1065 590 1117 enim
616 1062 856 1117 omnium
884 1063 1147 1118 bonorum
1191 1072 1463 1118 auctorem
1487 1105 1502 1128 ,
1551 1066 1644 1135 qui
1674 1075 1730 1121 et
1765 1066 1906 1121 Deus
1935 1081 1992 1120 es

2129 1058 2565 1131 προσποιούμενοι
2594 1059 2691 1130 μὲν
2713 1058 3030 1131 θρησκείαν,
3057 1060 3476 1133 ἐπιτηδεύοντες
3495 1061 3555 1115 δὲ
3574 1063 3679 1133 ἠδο-

444 1163 500 1209 et
554 1154 643 1209 Dei
697 1152 885 1218 Filius,
951 1154 1388 1211 calumniantur.
1436 1156 1653 1220 Annon,
1683 1171 1893 1227 quaeso,
1926 1157 1994 1212 hit

2132 1150 2211 1214 ult;
2255 1152 2348 1205 καὶ
2379 1151 2703 1215 ἀκολασίας·
2748 1153 2841 1206 καὶ
2869 1151 3062 1216 θυσίας
3096 1153 3197 1223 μὲν
3239 1153 3512 1209 ἐπιτελεῖν
3554 1172 3682 1227 σκη-

444 1244 604 1317 581
633 1246 774 1300 Deus
802 1260 831 1299 a
868 1245 1282 1301 modestissimis
1318 1262 1382 1303 ac
1435 1248 1848 1317 sapieniissimis
1877 1264 1994 1320 gen-

2129 1244 2389 1315 πετόμενοι,
2420 1248 2539 1309 ταῖς
2565 1244 2612 1298 θ’
2646 1244 2824 1299 αὐτῶν
2857 1245 3071 1316 ἡδοναῖς
3092 1245 3453 1311 δουλεύοντες.
3474 1247 3553 1301 Οὐ
3578 1246 3679 1319 γὰρ

446 1337 589 1393 tibus
609 1351 672 1393 ac
693 1334 898 1406 populis
913 1334 1036 1405 jure
1059 1335 1252 1391 merito
1275 1337 1515 1392 colitur?
1536 1338 1628 1408 qui
1657 1354 1778 1394 cum
1795 1354 1996 1395 omnen

2128 1338 2226 1391 ’στε
2262 1336 2464 1407 ἀγαθὸν
2497 1338 2671 1404 οὐδὲν,
2697 1338 2818 1392 οὐδὲ
2842 1338 2902 1391 τὸ
2929 1337 3144 1409 πρῶτον
3161 1338 3252 1393 τοῦ
3279 1339 3519 1411 μεγάλου
3551 1339 3678 1394 Θεοῦ

442 1429 736 1499 potentiam
790 1436 978 1483 nactus
1006 1428 1097 1491 sit,
1133 1428 1394 1498 propositi
1430 1430 1514 1483 sui
1551 1445 1774 1501 semper
1824 1441 1992 1487 tenax.

2127 1429 2454 1501 πρόσταγμα,
2478 1430 2853 1494 διατάσσοντός
2872 1447 2931 1483 τε
2954 1430 3029 1501 τῷ
3051 1430 3160 1483 τῶν
3185 1431 3488 1503 ἀνθρώπων
3515 1433 3677 1501 γένει,

441 1522 509 1577 de
536 1521 695 1575 insita
732 1521 833 1576 sibi
866 1520 1155 1574 clementia
1192 1520 1324 1575 nihil
1365 1521 1658 1579 imminuit.
1698 1523 1860 1579 Abite
1913 1524 1991 1594 igi-

2133 1522 2203 1576 ταὶ
2236 1524 2657 1595 ὲπισκήπτοντος
2684 1523 2760 1595 τῷ
2792 1522 2968 1588 Παιδὶ,
2993 1523 3081 1576 τὸν
3104 1524 3307 1579 τούτων
3331 1524 3683 1599 διακυϐερνᾷν

441 1611 706 1683 tur,impii
732 1611 805 1683 (id
832 1611 973 1664 enim
1007 1608 1159 1664 vobis
1211 1610 1364 1676 licet,
1399 1614 1839 1684 quandoquidem
1887 1631 1991 1671 sce'

2133 1613 2255 1689 ιίον,
2275 1616 2424 1679 ὅπως
2450 1617 2499 1669 οἱ
2525 1612 2713 1680 δεξιῶς
2745 1617 2840 1670 καὶ
2867 1615 3159 1687 σωφρόνως
3193 1616 3512 1687 βιώσαντες,
3546 1616 3683 1672 κατὰ

437 1703 539 1759 leri
572 1716 751 1760 vestro
807 1704 949 1758 nulla
984 1719 1124 1759 nunc
1170 1720 1330 1775 poena
1356 1706 1670 1777 irrogatur);
1714 1708 1882 1775 abite,
1924 1709 1987 1763 ini

2130 1706 2209 1778 τὴν
2235 1705 2328 1759 τοῦ
2355 1707 2552 1772 Παιδὸς
2577 1707 2774 1780 κρίσιν,
2796 1707 3043 1779 δεύτερον
3071 1708 3183 1778 βίον
3208 1709 3481 1782 μακάριόν
3507 1727 3570 1764 τε
3591 1713 3680 1766 καὶ

439 1812 622 1864 quam,
653 1797 721 1852 ad
751 1798 1091 1856 victimarum
1121 1801 1293 1857 aedes
1314 1810 1369 1856 et
1398 1800 1647 1856 convivia
1675 1841 1691 1867 ,
1728 1801 1989 1871 festosqm

2128 1795 2401 1867 εὐδαίμονα
2442 1795 2802 1868 λαγχάνωσιν.
2855 1798 2995 1868 Ἐγὼ
3043 1800 3140 1871 μὲν
3177 1795 3269 1854 οὖν
3314 1801 3377 1855 τὸ
3414 1803 3514 1856 τοῦ
3549 1801 3678 1855 Θεοῦ

436 1885 551 1941 dies
581 1896 637 1942 et
665 1890 1093 1958 compotatioues
1121 1892 1204 1946 :iu
1255 1890 1455 1961 quibus
1511 1892 1795 1964 religionis
1826 1894 1986 1964 Spe-cit

2129 1886 2283 1957 ῑόγμα
2312 1886 2419 1959 (64)
2466 1889 2589 1959 περ)⁹
2636 1888 2736 1959 τῆς
2764 1888 2871 1943 τῶν
2924 1888 3227 1961 ἀνθρώπων
3263 1889 3507 1960 βιώσεως
3554 1893 3679 1959 διεξι

435 1976 798 2047 voluptatibus
829 1991 882 2035 et
913 1981 1351 2053 intemperantia}
1388 1983 1697 2054 iudulgetis.
1731 1985 1799 2042 Et
1842 2002 1985 2043 sacr:

2125 1977 2291 2048 ἦλθον,
2351 1978 2411 2031 οὐ
2462 1979 2566 2049 μὴν
2596 1977 2824 2054 ἀγνοῶν,
2852 1978 3105 2051 καθάπερ
3145 1981 3194 2033 οί
3226 1980 3432 2044 πολλοὶ,
3467 1983 3589 2036 οὐδὲ
3623 1985 3675 2049 ἐξ

434 2068 650 2138 quidem
681 2085 711 2125 a
740 2071 893 2126 vobis
915 2070 1181 2128 celebrari
1209 2074 1481 2129 simulatis
1509 2095 1522 2131 :
1559 2091 1620 2133 re
1669 2086 1849 2132 autem
1874 2094 1984 2134 ver:

2122 2070 2374 2136 εἰκασίας,
2404 2070 2525 2124 οὐδὲ
2551 2069 2877 2142 στοχασμοῦ.
2913 2070 3066 2142 Τάχα
3093 2071 3140 2124 δ’
3165 2071 3232 2125 ἄν
3268 2088 3353 2137 τις
3378 2072 3550 2127 εἷποι·
3575 2072 3672 2130 Πό-

433 2158 681 2217 lihidiues
697 2173 906 2219 vestras
924 2163 1170 2234 expletis.
1193 2163 1380 2235 Neque
1401 2167 1543 2221 enim
1562 2168 1856 2238 quidquam
1875 2168 1978 2224 bon

2123 2162 2197 2215 isv
2228 2165 2260 2234 ἡ
2292 2163 2630 2235 προσηγορία
2654 2161 2748 2217 τοῦ
2777 2162 2985 2226 παιδὸς,
3017 2162 3146 2217 ποία
3170 2163 3225 2216 δὲ
3257 2164 3495 2232 γένεσις,
3525 2167 3673 2240 εἴπερ

431 2254 636 2319 nostis,
667 2269 732 2310 ac
765 2269 832 2311 ne
870 2257 1101 2325 primum
1158 2257 1373 2325 quidem
1419 2259 1617 2313 summi
1652 2259 1746 2315 Dei
1782 2262 1981 2316 manda

2122 2247 2191 2317 εἷς
2225 2254 2386 2324 μόνος
2417 2252 2493 2306 ὢν
2523 2252 2655 2318 Θεὸς
2683 2253 2958 2325 τυγχάνει,
2988 2253 3170 2328 πάσης
3205 2256 3262 2310 δὲ
3300 2256 3503 2328 μίξεως
3525 2250 3672 2325 οὗτός

431 2353 543 2399 tum
578 2363 592 2399 :
622 2345 712 2415 qui
744 2357 799 2402 et
830 2347 1068 2404 humano
1097 2348 1281 2420 generi
1326 2349 1471 2421 leges
1496 2350 1717 2407 vivendi
1747 2353 1981 2421 praescri-

2122 2354 2252 2401 ἐστιν
2278 2345 2578 2419 ἀλλότριος;
2610 2347 2769 2401 Ἀλλὰ
2796 2349 2896 2419 τὴν
2934 2347 3146 2418 γένεσιν
3175 2349 3369 2422 διπλῆν
3396 2367 3524 2404 τινα
3546 2353 3672 2405 νοεῖ-

428 2435 527 2499 bit,
557 2435 800 2510 Filioque
825 2439 877 2494 in
912 2441 1181 2495 mandatis
1209 2440 1378 2508 dedit,
1410 2449 1470 2496 ut
1505 2441 1669 2497 vitam
1718 2443 1978 2499 hominen

2122 2436 2229 2490 ιθαι
2255 2438 2379 2509 χρή’
2414 2438 2513 2509 τὴν
2542 2438 2639 2510 μὲν
2664 2438 2724 2503 et;
2759 2438 3133 2510 ἀποκυήσεως.
3166 2440 3263 2514 τὴν
3298 2444 3672 2514 συνεγνωσμέ-

430 2545 714 2601 moresque
755 2531 1017 2587 formaret
1050 2549 1064 2587 :
1098 2546 1206 2602 quo
1246 2532 1501 2588 videlicet
1545 2532 1599 2588 hi
1629 2534 1722 2605 qui
1756 2545 1907 2591 recte
1934 2552 1980 2591 at

2119 2544 2201 2590 δην
2231 2527 2451 2599 ταύτην,
2495 2528 2685 2600 ἑτέραν
2717 2528 2774 2582 δὲ
2811 2529 2910 2601 τὴν
2952 2528 3011 2595 ἐξ
3044 2528 3216 2583 ἀϊδίου
3252 2530 3454 2598 αἰτίας,
3483 2527 3555 2604 ἦς
3583 2532 3669 2586 τδν

431 2620 670 2676 modeste
695 2622 955 2686 vixerint,
981 2623 1209 2679 alteram
1249 2625 1414 2679 vitam
1448 2626 1661 2680 beatam
1692 2639 1756 2680 ac
1780 2623 1981 2680 feliceu

2117 2619 2260 2687 tdyov
2288 2618 2423 2672 Θεοῦ
2472 2619 2695 2691 πρόνοια
2738 2617 2948 2685 θεᾶται,
2994 2619 3090 2676 καὶ
3134 2620 3342 2692 ἀνδρῶν
3382 2621 3444 2684 ὃς
3481 2623 3667 2696 ἐκείνῳ

430 2709 549 2766 Filii
604 2714 685 2767 sui
728 2714 934 2784 judicio
967 2726 1394 2785 consequantur.
1445 2714 1681 2785 Exposui
1719 2716 1976 2773 decretun

2117 2710 2255 2780 ρίλος
2285 2710 2517 2781 ὑπάρχει
2551 2709 2687 2782 (65)’
2730 2710 2891 2780 σοφὸς
2932 2711 3043 2783 γάρ
3082 2728 3166 2788 τις
3214 2710 3313 2783 τὴν
3364 2711 3547 2766 αίτίαν
3570 2712 3667 2783 τῆς

427 2801 520 2857 Dei
571 2802 637 2858 de
673 2804 946 2859 hominum
976 2805 1084 2859 vita
1106 2846 1121 2871 ,
1151 2805 1314 2875 idque
1345 2820 1448 2859 non
1472 2806 1815 2875 ignoratione
1842 2808 1977 2861 aber.

2117 2802 2208 2856 τῶν
2232 2803 2367 2856 ὅλων
2398 2802 2803 2874 διακοσμήσεως
2827 2801 3051 2857 εἵσεται.
3080 2803 3278 2866 Ὀντος
3316 2802 3498 2856 τοίνυν
3522 2804 3667 2858 ἀναι-

427 2908 553 2948 rans
581 2904 641 2948 ut
668 2895 847 2961 multi,
907 2909 1005 2950 nec
1037 2895 1288 2965 opinione
1317 2906 1410 2951 aut
1432 2895 1744 2966 conjectura
1778 2896 1973 2949 ductus

2115 2895 2217 2949 :iou
2260 2896 2504 2968 μηδενὸς,
2554 2895 2923 2967 προϋπάρχειν
2966 2894 3074 2949 τῶν
3113 2895 3301 2960 ὄντων,
3344 2895 3444 2968 τὴν
3492 2898 3665 2951 αἰτίαν

426 2985 532 3039 Sed
568 2985 795 3042 fortasse
824 2988 1024 3042 dixerit
1050 2986 1275 3056 aliquis:
1321 2985 1600 3043 Uudenam
1633 2988 1746 3042 hmo
1775 2986 1863 3041 filii
1896 3003 1976 3057 ap-

2111 2988 2276 3042 αὐτῶν
2311 2987 2419 3059 (66)
2453 2988 2685 3060 ἀνάγκη.
2720 2987 2909 3051 Ὀντος
2936 2987 3043 3059 ἄρα
3089 2987 3295 3058 κόσμου
3330 2989 3426 3042 καὶ
3458 2988 3571 3043 τῶν
3607 2990 3661 3042 ἐν

425 3077 661 3145 pellatio,
696 3090 789 3133 aut
811 3093 930 3149 quae
957 3081 1098 3135 ratio
1127 3046 1385 3151 gignendi
1415 3120 1427 3144 ,
1465 3077 1729 3148 siquidem
1760 3095 1900 3135 unus
1930 3046 1975 3133 ιιι

2111 3080 2262 3152 ιύτῷ,
2295 3046 2460 3151 δοσῆς
2495 3046 2771 3134 τεάιέτῶν
2816 3046 3108 3153 σωτηρίας,
3147 3046 3238 3134 τδν
3282 3081 3513 3154 Σωτῆρα
3560 3079 3661 3135 τῶν

424 3171 570 3225 solus
596 3181 679 3227 est
710 3173 870 3237 Deus,
910 3172 1162 3241 idemque
1191 3173 1259 3226 ab
1282 3171 1428 3227 omni
1492 3171 1873 3227 commistione
1935 3185 1974 3227 ei

2109 3172 2257 3227 5ντων
2301 3173 2672 3246 προϋπάρχειν
2706 3173 2918 3245 ἀνάγκη
2939 3190 2954 3204 ·
2984 3173 3062 3238 ὡς
3102 3169 3243 3227 εἶναι
3274 3173 3367 3227 τὸν
3400 3174 3503 3244 μὲν
3533 3174 3659 3246 Χρι-

324 3282 327 3285 ·
423 3264 566 3319 coitu
603 3280 823 3334 prorsus
853 3263 1099 3319 alienus?
1129 3264 1419 3319 Sciendum
1454 3278 1585 3318 vero
1618 3277 1701 3318 εει
1725 3263 1870 3333 dupli

2109 3265 2237 3329 ῖτὸν,
2271 3265 2371 3336 τῆς
2418 3265 2689 3337 σωτηρίας
2747 3266 2943 3328 αἰτίαν,
2986 3265 3084 3338 τὴν
3130 3265 3189 3320 δὲ
3230 3266 3509 3338 σωτηρίαν
3556 3267 3659 3320 τῶν

422 3371 541 3411 esse
578 3357 829 3425 gignendi
883 3357 1203 3412 rationem:
1261 3356 1490 3411 alteram
1542 3368 1607 3409 ex
1660 3365 1817 3425 partu
1872 3373 1972 3426 qua

2107 3353 2258 3407 5ντων
2273 3354 2334 3406 τὸ
2350 3355 2587 3409 αἰτιατόν
2612 3353 2740 3425 (67)·
2777 3353 3021 3425 καθάπερ
3048 3355 3193 3408 αίτία
3218 3355 3316 3426 μὲν
3328 3354 3460 3409 Υίοῦ
3488 3357 3519 3409 ό
3548 3356 3657 3409 Πα-

420 3446 672 3502 omnibus
705 3454 832 3503 nota
863 3456 949 3502 est
981 3463 994 3499 :
1035 3446 1263 3521 alteram
1299 3461 1367 3502 ex
1419 3460 1584 3502 causa
1637 3447 1965 3516 sempiterna

2105 3445 2212 3516 εὴρ,
2239 3445 2474 3500 αἰτιατὺν
2495 3445 2538 3498 δ’
2563 3447 2591 3498 ὁ
2617 3445 2744 3509 Υἱός
2768 3445 2900 3516 (68).
2936 3446 3043 3499 Καὶ
3069 3446 3129 3500 τὸ
3158 3447 3258 3519 μὲν
3287 3448 3655 3521 προϋπάρχειν

420 3623 476 3697 i_n
513 3623 855 3697 Apologctico
886 3624 955 3697 qd
1002 3625 1370 3697 imperatorem
1397 3623 1765 3697 Constantium
1795 3639 1817 3678 :
1848 3626 1989 3681 Ἀλλ’
2159 3625 2267 3695 (67)
2308 3624 2461 3697 Vulg.
2489 3625 2555 3680 τὸ
2605 3627 2814 3684 αἴτιον.
2855 3626 2994 3682 Nihil
3040 3627 3141 3683 hoc
3172 3627 3290 3683 loco
3342 3629 3474 3685 vidit
3503 3631 3655 3687 Chri-

416 3689 751 3767 agema;
776 3696 871 3749 καὶ
902 3693 1175 3767 λαμπρὸς,
1195 3694 1315 3767 οὐδὲ
1343 3696 1522 3766 κρίσιν
1539 3696 1721 3767 ἔμεινε
1747 3698 1867 3749 κατ’
1893 3700 1966 3750 αὺι

2103 3689 2495 3765 stophorsouus.
2548 3699 2706 3766 Atqui
2774 3698 3082 3752 facillimum
3143 3709 3263 3753 erat
3315 3700 3653 3758 animadver-

416 3763 531 3819 τοῦ.
566 3763 767 3837 Tamen
790 3767 890 3837 viri
920 3763 1075 3837 docti
1095 3780 1157 3819 ex
1199 3765 1311 3818 suis
1339 3763 1614 3821 codicibus
1635 3764 1749 3833 jam
1780 3769 1985 3837 pridem
2086 3763 2222 3830 tere,
2251 3767 2336 3820 hic
2364 3763 2793 3837 Iegendunjesse
2815 3768 2874 3822 τὸ
2903 3767 3160 3822 αἰτιατόν.
3190 3768 3481 3836 Comparat
3511 3775 3652 3826 enim

417 3834 773 3907 emendarunt
813 3835 1121 3907 ἀναμένειν,
1157 3851 1315 3907 quam
1362 3833 1795 3907 emendationem
1837 3838 1890 3891 in
1928 3839 1988 3891 li-
2086 3836 2174 3890 hic
2218 3833 2598 3891 Constantinus
2615 3833 2805 3890 Filium
2845 3854 2966 3894 cum
3000 3833 3424 3905 conservatione,
3474 3853 3525 3907 et
3555 3842 3654 3895 Pa-

413 3904 531 3959 bris
549 3905 714 3977 etiam
735 3904 970 3977 Turnehi
997 3923 1060 3960 ac
1088 3905 1270 3959 Savilii
1303 3908 1499 3976 reperi.
1524 3906 1705 3963 Codex
1734 3905 1985 3962 Fuketia-
2088 3919 2220 3960 trem
2266 3922 2385 3959 cum
2424 3906 2727 3977 ServatoLe.
2777 3907 3233 3977 Quemadmodum
3263 3904 3458 3977 igitur
3494 3906 3652 3964 Pater

416 3989 518 4029 nus
549 3974 711 4028 habet
735 3975 1064 4030 ἀναϐαίνειν.
1364 3968 1379 3976 ’
2084 3977 2296 4041 quidem
2336 3985 2418 4030 est
2462 3990 2624 4029 causa
2650 3968 2973 4040 FiliiIFilins
3018 3990 3143 4029 vero
3196 3968 3426 4032 effectus
3475 3983 3653 4034 scuto

488 4043 596 4125 (64)
820 4047 958 4125 μέν.
980 4045 1190 4125 οὖν-τὸ
1221 4048 1334 4125 τοῦ
1381 4047 1528 4102 Θεοῦ
1564 4046 1772 4125 δόγμα.
1812 4045 1980 4125 Intel-

2098 4046 2337 4125 ιίτιατόν,
2379 4046 2455 4101 sic
2492 4048 2742 4125 Servator
2763 4048 2974 4115 quidem
3015 4062 3176 4125 causa
3208 4058 3289 4100 est
3315 4048 3508 4125 Salutis
3532 4064 3648 4105 om-

414 4115 531 4184 ligit
563 4117 833 4187 decretum
866 4117 961 4171 Dei
988 4121 1054 4171 de
1090 4119 1323 4174 hominis
1366 4115 1752 4187 assumptione,
1785 4132 1881 4171 seu
1918 4124 1981 4172 de
2083 4117 2231 4187 nium
2262 4132 2479 4187 rerum,
2525 4117 2670 4170 salus
2708 4132 2835 4170 vero
2878 4126 2962 4171 est
3001 4115 3219 4172 effectus
3258 4132 3355 4174 seu
3386 4118 3448 4171 τὸ
3476 4122 3649 4173 αἰτια-

412 4185 803 4249 lncarnatione,
858 4201 956 4254 per
1006 4202 1169 4256 quam
1225 4187 1498 4244 hominum
1552 4185 1659 4240 vita
1731 4200 1976 4255 reparata
2083 4187 2174 4240 τὸν
2199 4185 2520 4241 Servatoris.

413 4263 514 4310 est.
566 4256 801 4328 Apparet
854 4254 1039 4328 igjtnn
1068 4259 1242 4328 capita
1300 4268 1447 4312 recte
1492 4272 1520 4311 a
1567 4257 1728 4328 nobis
1773 4254 1963 4326 digesta

2148 4257 2257 4328 (68)
2296 4257 2463 4328 ᾼιτία
2503 4255 2620 4325 μὲν
2660 4255 2796 4328 Υἱοῦ
2829 4258 2861 4308 ὁ
2907 4256 3128 4325 Πατὴρ,
3186 4254 3458 4328 uitiato}-
3498 4256 3568 4311 δὲ
3612 4261 3645 4313 ό

411 4339 553 4397 esse.
594 4324 708 4397 Nisi
741 4328 861 4395 quis
884 4324 1219 4397 'lortasse'ad
1255 4330 1369 4383 haec
1407 4342 1578 4396 usque
1622 4327 1782 4381 verba
1817 4324 1977 4397 caput
2009 4392 2040 4397 _
2091 4324 2247 4392 Υἱός.⁷
2299 4324 2519 4397 Veteres
2556 4326 2810 4395 theologi.
2845 4324 3142 4397 praesertim
3199 4329 3343 4393 apud
3399 4325 3642 4397 Graecos,

412 4396 479 4449 19
501 4392 791 4466 extendere
820 4395 1068 4465 voluerit,
1098 4400 1237 4466 quod
1267 4399 1437 4466 libens
1465 4392 1849 4466 concesserim;
1885 4392 1899 4397 “
2009 4392 2052 4446 D
2084 4412 2242 4450 uuam
2267 4397 2319 4451 in
2347 4396 2610 4466 Trinitate
2642 4392 2947 4465 personam,
2980 4396 3143 4451 Deum
3169 4392 3377 4451 scilicet
3403 4392 3643 4463 Patrem,

479 4463 1254 4537 (65)νιιιε.ὼςέκείνῴςρ’ίλος
1283 4465 1551 4537 ὑπάρχει.
1581 4465 1716 4523 Rob.
1741 4467 1969 4537 Stepha-

2091 4481 2292 4520 :ausam
2339 4481 2460 4537 esse
2504 4463 2786 4537 dicebant;
2828 4466 2933 4519 duo
2980 4481 3107 4520 vero
3155 4475 3398 4529 causata,
3452 4465 3641 4537 Filium

409 4535 788 4608 ausinvariis
817 4535 1162 4602 lectionibus,
1196 4554 1336 4608 quas
1367 4540 1434 4591 ad
1475 4536 1677 4608 calcem
1709 4535 1967 4592 editionis
2081 4551 2274 4608 nempe
2317 4545 2384 4608 et
2423 4535 3003 4608 Spiritmu__sanctum.
3060 4536 3540 4608 Sic_Athanasius
3584 4540 3639 4608 in

402 4621 521 4659 sine
543 4606 839 4673 adnotavit,
863 4618 1046 4661 monet
1072 4604 1412 4663 huncdocum
1447 4608 1501 4660 in
1535 4607 1853 4675 quibusdam
1878 4622 1972 4661 co-
2074 4605 2472 4672 Quaestionibus
2493 4605 2765 4675 secundis,
2794 4618 2914 4675 cap.
2943 4606 3003 4660 ll
3034 4615 3088 4660 et
3121 4605 3211 4668 12,
3239 4608 3267 4659 ὁ
3296 4604 3354 4658 δὲ
3386 4605 3519 4671 Υἱὸς
3543 4607 3642 4660 οὐκ

409 4676 616 4748 dicibus
655 4676 728 4729 ita
764 4672 961 4747 legi,6;
992 4678 1185 4748 ἐκείνῳ
1209 4678 1359 4748 φίλος
1389 4672 1643 4748 ὑπάρχει.
1695 4677 1833 4748 ρυφ
1855 4678 1959 4731 sine

2093 4676 2217 4728 ἑστιν
2256 4675 2447 4741 αἴτιος,
2492 4674 2604 4748 αλλ’
2629 4672 2891 4748 αἰτιατός.
2922 4675 3000 4748 lla
3044 4676 3207 4748 etiam
3249 4675 3491 4731 Joannes
3541 4677 3643 4748 Da—

408 4746 572 4799 duhio
608 4761 743 4816 vera
780 4745 1047 4816 scriptura
1092 4745 1194 4804 est.
1221 4745 1324 4803 'Ait
1363 4745 1515 4802 enim
1540 4745 1968 4812 Constantinus,
2075 4759 2354 4816 masceuus
2378 4748 2453 4816 iu
2490 4745 2665 4799 librat
2716 4745 2790 4798 De
2838 4746 3173 4816 imaginibus;
3217 4761 3321 4800 non
3359 4751 3519 4816 longe
3554 4746 3639 4816 fab

408 4815 671 4870 naturalis
732 4815 943 4885 quidem
1002 4819 1369 4886 generationis
1433 4817 1653 4870 modum
1718 4817 1970 4870 omnibus
2075 4815 2226 4869 initio
2264 4834 2277 4869 :
2316 4835 2335 4867 ι
2374 4815 2572 4885 Imago,
2607 4816 2801 4884 inquit,
2836 4817 2926 4869 Dei
2952 4815 3244 4872 invisibilis
3269 4824 3356 4871 est
3398 4815 3515 4886 ipse
3549 4815 3640 4870 Fi-

405 4898 590 4939 notum
641 4901 800 4941 esse:
834 4890 1196 4956 generationis
1234 4899 1414 4942 autem
1453 4887 1647 4940 divina:
1697 4887 1966 4939 rationem
2075 4887 2194 4951 lius,
2240 4887 2330 4954 qui
2376 4886 2654 4956 inmseipso
2708 4886 2922 4939 Patrem
2972 4887 3141 4956 gerit,
3189 4886 3333 4940 etin
3383 4886 3637 4940 omnibus

404 4972 605 5026 paucos
636 4954 923 5011 admodum
958 4972 1306 5027 cognoscere,
1354 4972 1493 5027 quos
1532 4956 1674 5027 Deus
1706 4956 1966 5024 peculiari
2075 4957 2213 5009 idem
2261 4972 2381 5009 cum
2431 4954 2521 5008 illo
2572 4964 2685 5020 est,
2737 4964 2933 5027 praeter
2980 4954 3151 5027 unum
3188 4956 3239 5010 id
3270 4956 3414 5027 quod
3461 4955 3530 5011 ab
3575 4971 3639 5010 eo

407 5028 778 5081 benevolentia
846 5025 1167 5094 prosecutus
1223 5025 1405 5083 fuerii.
1454 5025 1614 5082 Certe
1663 5025 1716 5078 in
1785 5027 1970 5078 codice
2076 5036 2327 5094 tauquam
2380 5040 2410 5078 a
2445 5039 2607 5079 causa
2661 5034 2765 5080 est.
2832 5025 3102 5080 Naturalis
3151 5025 3304 5079 enim“
3347 5040 3512 5094 causa
3559 5036 3640 5079 est

400 5097 572 5166 Regio
602 5097 798 5165 legitur
830 5092 998 5165 φίλος.
1042 5097 1095 5150 lu
1143 5099 1359 5153 schedis
1391 5095 1869 5166 autemscrihitur
1912 5094 1972 5157 ὃς
2076 5092 2259 5166 Pater._
2277 5110 2346 5148 ex
2376 5110 2478 5163 qua
2521 5095 2684 5148 Filius
2714 5097 3094 5166 proﬁciscitur.
3122 5114 3141 5149 ι
3191 5094 3299 5150 Sed
3333 5106 3389 5150 et
3433 5092 3639 5166 Grego-

398 5163 620 5222 ἐκείνων
649 5163 818 5237 ᾠίλος.
842 5163 955 5221 Sed
1006 5169 1163 5223 codd.
1204 5168 1361 5232 Fuk.,
1403 5164 1445 5220 Τ
1452 5165 1639 5220 urnebi
1671 5181 1733 5220 ac
1760 5164 1941 5219 Savilti

2093 5166 2190 5218 “ius
2218 5163 2344 5218 Naz.
2375 5167 2425 5217 in
2448 5166 2707 5237 .oration_e
2730 5164 2819 5231 29,
2848 5181 2966 5237 qua;
3011 5175 3094 5219 est
3122 5166 3200 5220 De
3228 5166 3503 5237 dogmate,
3538 5163 3639 5220 Pa-

400 5252 585 5291 veram
622 5234 900 5291 lectionem
930 5239 1203 5293 exhibent.
2076 5242 2209 5287 trem
2244 5250 2457 5289 causam
2501 5250 2620 5288 esse
2658 5234 2777 5288 Filii
2823 5246 2878 5289 et
2926 5236 3162 5303 Spiritus
3213 5236 3386 5289 sancti
3435 5235 3635 5290 diserte

469 5308 581 5380 (66)
622 5307 771 5379 Vulg.
825 5307 941 5380 τὴν
995 5308 1190 5362 αἰτίαν
1235 5305 1434 5362 αὐτῶν
1483 5303 1592 5374 τῆς
1646 5306 1966 5373 σωτηρίας.

2086 5305 2389 5380 isserit._E_x
2423 5305 2628 5380 Latinis
2653 5320 2802 5380 _vero
2851 5303 3051 5380 Marius
3077 5304 3391 5380 Victorinus
3417 5305 3471 5358 in
3500 5305 3634 5380 libro

401 5374 539 5433 Malo
561 5374 797 5434 "consilio
829 5374 1170 5434 Geneveuses
1204 5380 1337 5433 duas
1386 5386 1686 5445 postremas
1720 5392 1877 5431 voces
1914 5381 1968 5429 iu
2072 5376 2243 5445 primo
2274 5374 2536 5427 Adversus
2560 5375 2755 5445 iArium
2804 5376 3027 5443 perinde
3075 5375 3283 5430 locutus
3334 5383 3439 5445 est.
3478 5392 3499 5426 ι
3528 5376 3632 5430 Sed

401 5457 603 5502 textum
651 5449 1005 5513 admiserunt,
1036 5464 1103 5502 ex
1141 5443 1449 5516 conjectura
1487 5446 1764 5514 Scaligeri,
1801 5454 1860 5499 ut
1904 5446 1970 5499 ad
2073 5444 2271 5516 major,
2304 5444 2497 5513 inquit,
2557 5444 2938 5516 Pateriquod
2988 5446 3102 5516 ipse
3139 5445 3285 5516 dedit
3324 5443 3469 5516 Filio
3513 5459 3632 5516 om~

398 5520 692 5586 marginem
742 5519 1040 5573 adnotatur.
1069 5520 1170 5572 Sed
1199 5513 1291 5573 eas
1353 5513 1669 5586 rejiciendas
1695 5513 1813 5571 esse
1839 5518 1970 5570 satis
2071 5514 2181 5586 nia,
2209 5523 2264 5567 et
2298 5528 2456 5569 causa
2485 5522 2565 5586 est
2595 5514 2696 5582 ipsi
2719 5513 2855 5586 Fiiio
2884 5513 3061 5586 ut‘sit,
3085 5524 3139 5569 et
3163 5514 3275 5586 isto
3302 5514 3624 5586 modgsitu

393 5581 1967 5655 appa‘reLNametsensumomnemhujuslociperturbaut,
2073 5582 2248 5652 Supra
2304 5595 2484 5638 autem
2551 5585 2693 5639 idem
2761 5581 3070 5655 Victorinus
3142 5585 3377 5649 dixerat,
3435 5583 3627 5638 Filiqu

397 5667 448 5710 et
468 5654 532 5711 iu
562 5657 777 5726 scriptis
807 5658 1080 5712 codicibus
1111 5673 1215 5713 nou
1246 5658 1516 5725 leguntur.
2072 5655 2287 5725 quidem
2340 5669 2561 5713 causam
2606 5669 2725 5711 esse
2755 5654 3106 5725 principalem
3134 5655 3373 5710 omnium
3414 5666 3625 5713 rerum.
