3926 6264
465 400 608 456 9267
1168 400 1439 459 EUSEBII
1477 402 1952 460 CESARIENSIS
1988 401 2356 460 OPP.-PARS
2394 405 2544 460 l.---
2579 402 2965 460 HISTORICA.
3556 403 3689 457 1268

464 524 803 596 ιιοιιιδνίιξοι
827 523 1157 579 insanabiles
1185 527 1404 580 morbos
1452 528 1684 581 curavit.
1718 525 1853 581 Mira
1874 525 2025 580 deni-

2133 525 2367 595 μεγάλου
2392 525 2604 596 Πατρός
2634 524 2860 594 μεγίστη
2889 521 3132 590 πρόνοια,
3165 517 3389 583 σώζοντί
3414 515 3462 570 τ’
3494 517 3560 569 ἐκ
3584 516 3692 570 τῶν

464 633 572 687 quo
603 617 856 673 celeritas
889 617 942 670 in
968 616 1245 672 hominum
1280 617 1533 684 precibus
1556 617 1934 673 exaudiendis.
1965 617 2025 670 Et

2128 616 2332 680 κακῶν,
2356 618 2451 670 καὶ
2469 615 2566 686 τὴν
2586 614 3005 685 μακαριωτάτην
3017 611 3356 665 διδασκαλίαν
3367 608 3688 662 διδάσκοντν

464 704 786 780 generaliter
818 717 927 763 tota
959 710 1077 780 ejus
1109 709 1217 762 vita
1250 708 1528 762 hominum
1577 709 1799 762 utilitati
1851 709 2024 762 inser-

2128 709 2186 762 ού
2221 709 2328 779 γὰρ
2365 707 2723 779 ἐγκωμιάζων
2763 706 2954 768 ταῦτα,
2984 704 3096 756 ἀλλ’
3151 699 3488 773 εὐχαριστῶν
3529 698 3688 766 λέγω.

465 800 636 854 vicus.
662 799 983 854 Praedicatio
1012 815 1140 855 vero
1165 816 1289 870 qua:
1311 817 1416 856 non
1441 800 1781 869 prudentiam
1817 801 1908 855 sed
1935 815 2023 854 sa-

461 891 725 961 pientiam
754 892 1092 961 insinuaret,
1135 894 1476 950 auditoribus
1505 909 1614 949 non
1640 894 1830 948 civiles
1852 895 2023 947 virtu-

464 992 569 1046 tes,
598 983 692 1038 sed
716 983 857 1038 viam
887 999 1006 1054 qua:
1033 988 1100 1040 ad
1122 986 1517 1054 intelligibilem
1549 986 1806 1040 mundum
1838 985 2026 1054 perdu-

461 1075 559 1142 cit,
591 1075 1023 1144 addiscentibus,
1051 1078 1278 1150 ejusque
1303 1089 1511 1134 naturae
1539 1093 1656 1148 qua:
1681 1092 1894 1147 semper
1919 1092 2025 1131 uno

459 1168 760 1235 eodemque
787 1169 841 1222 in
873 1178 1013 1224 statu
1047 1181 1344 1238 permanet,
1395 1171 1913 1240 contemplationem
1971 1177 2026 1224 et

461 1256 657 1310 summi
687 1255 862 1312 Patris
888 1259 1161 1314 notionem
1197 1260 1414 1314 assidua
1445 1259 1833 1315 exercitatione
1877 1273 2026 1313 scru-

463 1347 726 1402 tantibus.
771 1346 890 1404 Jatn
942 1350 1209 1406 beneﬁcia
1257 1353 1674 1423 haudquaquam
1709 1351 2022 1408 mediocria.

460 1436 566 1492 Pro
587 1438 852 1507 crecitate,
896 1439 1084 1511 visus;
1122 1458 1218 1512 pro
1243 1443 1437 1498 virium
1469 1459 1533 1498 ac
1560 1458 1848 1499 nervorum
1879 1457 2026 1497 resoc

460 1525 684 1594 lutione,
718 1528 870 1584 ﬁrma
896 1533 1139 1602 corporis
1169 1533 1466 1594 valetudo;
1520 1549 1618 1603 pro
1654 1542 1827 1588 morte
1873 1535 2026 1588 deni-

459 1631 587 1684 que,
615 1620 729 1674 vita
758 1620 955 1676 iterum
982 1623 1250 1678 restituta.
1278 1623 1549 1681 Praetereo
1574 1641 1662 1681 res
1704 1626 1772 1680 ad
1819 1626 2021 1679 victum

461 1711 799 1768 necessarias
830 1714 884 1768 in
903 1714 1197 1770 solitudine
1219 1716 1365 1786 large
1387 1718 1776 1788 suppeditatas,
1812 1729 1867 1773 et
1896 1734 2024 1788 pau-

461 1801 712 1858 cissimos
738 1802 894 1858 cibos
917 1805 1166 1859 maximae
1199 1807 1478 1860 hominum
1503 1807 1833 1861 multitudini
1866 1808 2022 1876 longo

461 1894 724 1963 temporis
775 1897 952 1965 spatio
1005 1895 1360 1953 subicientes.
1395 1897 1544 1952 Hanc
1577 1899 1672 1952 tibi
1729 1870 2020 1968 gratiaru‘m
2052 1870 2095 1925 Β

463 1985 738 2040 actionem
783 1996 948 2056 prout
991 2003 1273 2058 possumus
1299 2030 1314 2054 ,
1363 1990 1738 2059 persolvimus,
1765 1991 1978 2044 Christe
2003 2030 2018 2056 ,

460 2077 608 2132 Deus
646 2093 712 2133 ac
743 2077 1031 2144 Servator,
1082 2082 1262 2150 magni
1291 2080 1468 2137 Patris
1491 2099 1696 2138 summa
1725 2083 2020 2138 Providen-

465 2169 572 2234 tia,
602 2169 694 2240 qui
726 2177 781 2225 et
811 2185 842 2224 a
883 2171 1038 2226 malis
1077 2171 1296 2240 liberas,
1325 2183 1378 2229 et
1404 2175 1708 2230 doctrinam
1769 2175 2024 2232 beatissi-

462 2277 606 2318 mam
641 2265 826 2320 tradis.
851 2263 1036 2332 Neque
1064 2264 1210 2318 enim
1241 2267 1355 2322 haec
1380 2282 1410 2320 a
1443 2282 1529 2322 me
1554 2268 1805 2323 dicuntur
1829 2281 1883 2324 ut
1909 2269 2022 2323 lau—

460 2358 557 2411 des
592 2367 711 2411 tuas
744 2356 1037 2422 celebrem,
1066 2359 1160 2414 sed
1202 2368 1260 2414 ut
1295 2360 1502 2429 gratias
1534 2374 1712 2430 agam.
1737 2359 1868 2415 Nam
1902 2362 2024 2430 quis

458 2463 695 2518 unquam
724 2448 866 2504 inter
906 2450 1153 2506 homines
1182 2459 1233 2504 te
1266 2465 1365 2521 pro
1392 2452 1652 2521 dignitate
1678 2452 2023 2508 laudaverit?

460 2540 540 2593 Tu
579 2541 778 2612 quippe
807 2557 886 2607 es,
917 2543 1010 2612 qui
1036 2558 1101 2597 ex
1134 2543 1304 2597 nihilo
1335 2558 1420 2598 res
1448 2559 1663 2598 creasse
1693 2545 1885 2599 diceris
1905 2584 1920 2609 ,
1966 2554 2022 2600 et

459 2630 631 2688 lucem
659 2634 739 2689 eis
784 2635 1135 2700 accendisse;
1189 2645 1246 2689 et
1296 2635 1577 2690 confusam
1632 2635 2018 2690 elementorum

459 2726 654 2780 molem
710 2727 899 2782 ordine
963 2743 1027 2782 ac
1087 2727 1297 2782 ratione
1356 2726 1687 2782 distinxisse.
1740 2727 1870 2783 Tua:
1909 2727 2020 2783 cle-

460 2819 676 2873 mentitae
703 2819 808 2874 hoc
853 2820 1185 2890 praecipuum
1223 2835 1416 2874 munus
1447 2829 1549 2883 est,
1588 2821 1735 2888 quod
1777 2821 2022 2879 homines

458 2911 598 2964 bona
629 2909 809 2963 indole
841 2911 1115 2977 praeditos,
1144 2909 1342 2964 divina:
1367 2924 1431 2963 ac
1453 2911 1622 2964 beatae
1651 2911 1771 2963 vitae
1800 2912 2019 2965 amula-

461 3009 607 3053 tores
637 2998 915 3052 reddidisti
945 3041 961 3064 ,
990 3015 1049 3054 ac
1084 2999 1362 3069 providisti
1394 3010 1452 3052 ut
1475 2999 1549 3054 illi
1577 3001 1903 3068 optimarum
1932 3017 2019 3057 re-

459 3105 579 3144 rum
613 3101 948 3146 mercatores
982 3090 1181 3157 eﬂ'ecti,
1235 3093 1557 3161 sapientiam
1593 3108 1660 3147 ac
1706 3093 2019 3150 felicitatem

2129 799 2223 865 Τίς
2251 802 2357 872 γὰρ
2380 801 2443 855 ἀν
2471 817 2529 853 σε
2563 801 2680 854 κατ’
2712 798 2865 862 ἀξίαν
2903 797 3130 867 ύμνήσοι
3164 795 3220 847 ἐν
3253 791 3591 864 ἀνθρώποιςς
3623 789 3690 846 Σὲ

2130 892 2226 963 μὲν
2253 893 2358 962 γὰρ
2389 891 2542 960 λόγος
2575 891 2633 954 ἐξ
2659 891 2757 942 οὐκ
2785 889 2950 942 ὄντων
2979 887 3046 940 τὰ
3074 887 3200 940 ὄντα
3224 885 3506 954 γεννῆσαι,
3547 882 3610 935 τό
3633 898 3691 934 τε

2129 983 2244 1052 φῶς
2269 983 2449 1046 αὐτοῖς
2480 981 2680 1051 ἀνάψαι
2709 979 2840 1050 (75),
2876 978 2969 1031 καὶ
2995 976 3092 1048 τὴν
3137 977 3368 1031 ἄτακτον
3400 973 3515 1028 τῶν
3550 988 3690 1025 στοι-

2127 1074 2288 1144 χείων
2319 1073 2578 1143 σύγχυσιν
2611 1071 3025 1141 κατακοσμῆσαι
3064 1067 3212 1135 τάξει
3243 1069 3335 1121 καὶ
3373 1067 3579 1138 μέτρῳ.
3622 1065 3693 1117 Τὸ

2123 1165 2181 1218 δὲ
2209 1165 2612 1237 φιλανθρωπίας
2636 1164 2906 1235 ἐξαίρετον
2939 1163 2996 1215 ἐν
3024 1160 3102 1232 τῷ
3129 1162 3252 1224 τοὺς
3285 1157 3343 1213 εὖ
3378 1158 3692 1228 πεφυκότας

2123 1259 2232 1312 τῶν
2261 1259 2578 1331 ἀνθρώπων,
2605 1259 2747 1312 θείου
2787 1257 2880 1310 καὶ
2907 1255 3178 1326 μακαρίου
3199 1253 3443 1325 ζηλωτὰς
3471 1251 3694 1320 ποιῆσαι

2128 1349 2262 1421 βίου·
2322 1352 2601 1404 κατανοεῖν
2651 1347 2696 1401 θ’
2732 1347 2840 1420 (76)
2900 1347 3048 1410 ὃπως
3093 1345 3202 1400 τῶν
3248 1344 3415 1408 ὅντως
3472 1341 3693 1411 ἀγαθῶν

2126 1440 2360 1513 ἔμποροι
2393 1440 2763 1511 γεγενημένοι,
2795 1438 3001 1492 πλείοσι
3047 1438 3145 1508 τῆς
3177 1435 3380 1490 ἑαυτῶν
3409 1434 3605 1503 σοφίας
3634 1450 3691 1486 τε

2123 1532 2218 1584 κα)⁵
2262 1531 2550 1602 συντυχίας
2585 1530 2929 1602 μεταδιδοῖεν,
2964 1529 3115 1582 αύτοί
3156 1531 3203 1580 τ’
3246 1527 3446 1597 ἀρετῆς
3483 1524 3691 1596 καρπὸν

2128 1619 2343 1675 αἰώνιον
2392 1621 2716 1691 κομίζοιντο,
2764 1619 3197 1691 ἀπηλλαγμένοι,
3232 1617 3329 1688 μὲν
3375 1614 3690 1680 ἀκολασίας,

2127 1715 2442 1786 μετέχοντες
2471 1715 2527 1768 δὲ
2558 1715 2987 1785 φιλανθρωπίας,
3016 1709 3193 1768 οἶκτον
3227 1714 3324 1783 μὲν
3352 1711 3459 1783 πρὸ
3492 1709 3690 1781 ὀφθαλ-

2128 1806 2243 1878 μῶν
2292 1807 2524 1878 ἔχοντες,
2572 1806 2807 1870 πίστεως
2861 1807 2920 1860 δὲ
2972 1807 3298 1879 προσδοκίαν
3352 1803 3689 1870 ἐλπίζοντες,

2123 1901 2254 1955 αίδὼ
2282 1901 2338 1954 δέ
2378 1901 2472 1954 καὶ
2504 1898 2755 1952 παντοίαν
2789 1898 2987 1970 ἀρετὴν
3013 1897 3376 1969 ἀσπαζόμενοι
3401 1897 3541 1967 (77),
3569 1897 3636 1966 ἢν
3661 1897 3691 1950 ὁ

2123 1992 2324 2065 προτοῦ
2359 1992 2469 2063 βίος
2499 1992 2850 2064 ἀνθρωπίνων
2883 1992 3028 2062 ἠθῶν
3053 1991 3392 2062 ἐκϐεϐλήκει,
3423 1989 3524 2061 τὴν
3554 1989 3690 2059 ὑπὲρ

2122 2085 2342 2139 πάντων
2376 2086 2682 2156 ποιουμένῳ
2707 2085 2991 2156 πρόνοιαν*
3023 2084 3196 2146 οὐδεὶς
3227 2082 3334 2153 γάρ
3364 2081 3429 2135 ἂν
3459 2081 3572 2134 τῶν
3603 2097 3688 2134 το-

2124 2176 2328 2230 σούτων
2355 2176 2556 2242 κακῶν,
2586 2177 2680 2229 καὶ
2711 2175 2812 2246 τῆς
2843 2174 3286 2246 ἐπικρατησάσης
3327 2172 3448 2225 κατ’
3485 2173 3689 2224 ἐκεῖνον

2121 2267 2211 2322 τὸν
2242 2265 2353 2337 βίον
2381 2267 2591 2330 ἀδικίας
2625 2266 2805 2338 ἰατρὸς
2851 2265 3146 2335 ἀξιόχρεως
3199 2263 3414 2337 εὑρέθη.
3460 2263 3528 2315 Ἦ
3559 2260 3688 2331 γοῦν

2121 2360 2354 2432 Πρόνοια
2403 2357 2563 2429 μέχρι
2606 2355 2715 2409 τῶν
2753 2357 2880 2428 τῇδε
2927 2356 3200 2426 διήκουσα,
3250 2355 3407 2409 πάνθ’
3449 2356 3554 2408 ὅσα
3601 2353 3689 2422 ὑφ’

2125 2453 2333 2525 ὕϐρεως
2363 2453 2458 2506 καὶ
2501 2452 2793 2514 ἀκολασίας
2840 2451 3126 2522 ἁκόσμητα
3170 2444 3260 2520 ἦν,
3306 2447 3685 2518 κατεκόσμησε

2123 2537 2319 2616 ῥᾷστα.
2372 2544 2483 2598 Καὶ
2512 2543 2631 2596 ούδέ
2660 2541 2818 2597 τοῦτο
2867 2543 3218 2613 ἀποκρύφως·
3252 2540 3366 2612 ᾔδει
3410 2539 3522 2610 γὰρ
3565 2540 3687 2602 τοὺς

2125 2637 2223 2709 μὲν
2251 2636 2359 2689 τῶν
2388 2633 2710 2707 ἀνθρώπων,
2739 2635 2996 2705 φρονήσει
3019 2633 3112 2685 καὶ
3136 2631 3212 2702 νῴ
3241 2632 3338 2702 τὴν
3369 2628 3569 2685 ἑαυτοῦ
3600 2627 3685 2682 δύο

2122 2748 2285 2801 ναμιν
2324 2727 2656 2800 θεωροῦντας
2676 2725 2809 2799 (78),
2833 2728 2957 2789 τοὺς
2978 2726 3055 2792 δέ,
3082 2727 3175 2780 ἆτε
3203 2727 3314 2788 τοῖς
3337 2723 3556 2792 ἀλόγοις
3580 2720 3686 2774 τῶν

2123 2821 2278 2887 ζώων
2315 2820 2749 2892 άπεικασμένους
2786 2819 2887 2890 τὴν
2918 2817 3100 2886 φύσιν,
3132 2816 3327 2888 μᾶλλον
3353 2817 3473 2878 ταῖς
3495 2811 3685 2884 αἰσθή-

2123 2930 2270 2967 σεσιν
2329 2912 2729 2976 ἐπιϐάλλοντας·
2775 2912 2855 2965 διὸ
2898 2911 3164 2982 φανερῶς,
3209 2909 3292 2962 ’ίνα
3323 2907 3433 2977 (79)
3497 2905 3681 2976 μηδεὶς

2121 3001 2470 3073 ἀμφιϐάλλοι,
2506 3001 2579 3072 μὴ
2617 3001 2922 3064 σπουδαῖος,
2963 3001 3036 3070 μὴ
3073 2997 3292 3068 φαῦλος,
3317 2997 3415 3066 τὴν
3442 2995 3686 3065 εὐδαιμψ

2121 3093 2240 3148 νίαν
2272 3094 2366 3147 καὶ
2412 3093 2728 3164 θαυμαστὴν
2777 3090 3068 3161 θεραπείαν
3109 3090 3200 3142 ὑπ’
3241 3088 3363 3158 ὄψιν
3409 3083 3539 3158 ἦγε,
3577 3088 3685 3150 τοῖς

459 3197 609 3235 suam
657 3181 899 3251 pluribus
935 3183 1052 3238 aliis
1090 3183 1465 3254 impertirent,
1501 3185 1706 3254 ipsique
1747 3187 2022 3242 immorta-

2129 3185 2228 3256 μὲν
2263 3185 2629 3256 παυσαμένοις
2656 3184 2750 3237 τοῦ
2793 3183 2930 3254 βίου,
2966 3180 3336 3244 ἀποκαθιστάς
3367 3180 3429 3233 τὸ
3478 3179 3580 3250 ζῇν
3625 3181 3686 3232 ἐκ

461 3271 563 3325 lem
597 3271 829 3326 fructum
857 3273 1074 3327 virtutis
1107 3274 1484 3344 perciperent;
1539 3276 1752 3331 liberati
1800 3277 2018 3346 quidem

461 3363 898 3433 intemperantia,
927 3365 1088 3436 583
1119 3366 1422 3422 clementiae
1449 3382 1580 3422 vero
1609 3368 1904 3438 participes
1931 3391 1943 3424 :
1969 3378 2024 3423 et

463 3453 890 3510 misericordiam
923 3459 1140 3527 quidem
1170 3474 1281 3527 prae
1331 3457 1506 3513 oculis
1542 3459 1802 3514 habentes
1829 3499 1844 3524 ,
1896 3460 2020 3515 ﬁdei

461 3552 592 3601 vero
615 3537 880 3616 promissa
911 3558 1192 3616 sperantes
1220 3568 1233 3604 :
1269 3551 1651 3605 verecundiam
1703 3550 1934 3619 denique
1967 3561 2022 3607 et

460 3653 624 3694 omne
649 3653 818 3709 genus
866 3641 1082 3696 virtutis
1125 3640 1512 3711 amplectentes
1535 3682 1550 3707 ,
1599 3642 1717 3697 loco
1749 3642 2025 3711 iniustitiae

460 3744 623 3798 quam
655 3730 806 3798 prior
839 3730 1148 3786 mortalium
1176 3731 1286 3790 vita
1325 3733 1569 3788 moribus
1604 3733 1854 3789 humanis
1881 3733 2024 3788 infu-

462 3819 634 3883 derat,
661 3827 720 3874 ut
749 3819 821 3873 ab
849 3834 915 3874 eo
937 3821 1030 3890 qui
1056 3821 1295 3876 omnium
1325 3836 1509 3875 rerum
1538 3838 1722 3877 curam
1755 3839 1820 3878 ac
1844 3825 2026 3894 provi-

461 3911 698 3967 dentiam
753 3913 915 3983 gerit,
963 3912 1400 3969 exscinderetur.
1443 3912 1628 3970 Nullus
1661 3917 1803 3971 enim
1838 3916 1979 3971 alius
2006 3961 2021 3983 ,

466 4013 736 4059 tantorum
768 4005 1032 4060 malorum
1058 4015 1114 4060 et
1162 4005 1439 4076 injustitia:
1465 4021 1583 4075 qua:
1610 4007 1697 4061 illa
1725 4016 1884 4062 aetate
1942 4007 2027 4061 in-

465 4097 729 4162 valuerat,
765 4097 1005 4152 medicus
1029 4098 1253 4153 idoneus
1288 4098 1518 4152 inveniri
1547 4099 1825 4168 potuisset.
1861 4098 2028 4169 Igitur

463 4187 807 4243 Providentia
833 4187 898 4241 ad
929 4197 1102 4243 terras
1129 4203 1296 4259 usque
1323 4190 1668 4259 perveniens,
1692 4197 1884 4243 cuncta
1907 4204 2028 4258 quin

466 4296 564 4350 per
615 4281 1000 4336 contumeliam
1029 4291 1106 4335 .et
1149 4281 1616 4352 intemperantiam
1671 4281 2027 4352 incomposita

535 4456 654 4530 (75)
687 4457 841 4530 Vulg.
869 4457 936 4512 τὸ
961 4457 1028 4530 δέ
1057 4458 1182 4529 φῶς
1210 4459 1684 4530 αὑτοῒςνάνάψαι.
1709 4458 1850 4528 Lego
1881 4459 1941 4512 τό
1968 4476 2026 4513 τε

2121 3277 2394 3348 δευτέρου,
2444 3277 2570 3341 τοὺς
2634 3276 2691 3329 δέ
2740 3274 3132 3346 ἐστερημένους
3191 3272 3298 3325 τῶν
3360 3270 3685 3342 αἰσθήσεων,

2127 3371 2296 3440 ὑγιῶς
2332 3371 2568 3424 κελεύων
2601 3369 2760 3422 πάλιν
2790 3367 3159 3421 αἰσθάνεσθαι·
3193 3362 3446 3434 στηρίξαι
3496 3362 3554 3415 δὲ
3596 3362 3688 3415 θά-

2123 3464 2345 3527 λασσαν,
2376 3463 2469 3515 καὶ
2498 3461 2759 3532 νηνεμίαν
2793 3458 3042 3524 ἐπιτάξαι
3073 3459 3139 3510 ἐκ
3170 3455 3458 3527 χειμῶνος,
3484 3456 3582 3509 καὶ
3604 3453 3688 3507 τέ-

2122 3554 2213 3617 λος
2257 3553 2585 3622 θαυμαστοῖς
2628 3551 2808 3623 έργοις
2855 3549 3302 3620 ἐπιχειρήσαντα,
3341 3547 3435 3599 καὶ
3465 3546 3528 3609 ἐξ
3560 3546 3688 3598 ἀπι-

2124 3647 2278 3709 στίας
2307 3646 2430 3708 τοὺς
2454 3641 2769 3715 ἀνθρώπους
2811 3644 2889 3706 είς
2931 3643 3112 3694 πίστιν
3150 3638 3374 3708 ίσχυράν
3420 3637 3687 3709 προκαλε-

2127 3740 2378 3810 σάμενον,
2409 3738 2488 3800 είς
2532 3735 2757 3807 οὐρανὸν
2791 3733 3112 3803 ἀναπτῆναι,
3144 3731 3284 3784 τίνος
3313 3728 3501 3794 ἀλλου,
3551 3728 3690 3800 πλὴν

2124 3830 2218 3883 τοῦ
2247 3827 2380 3881 Θεοῦ
2415 3827 2513 3897 τῆς
2548 3842 2607 3877 τε
2634 3824 2970 3895 ἐξοχωτάτης
3002 3822 3281 3893 δυνάμεως
3303 3820 3466 3893 ἔργον
3491 3819 3690 3885 τοῦτο;

2126 3921 2201 3974 Οὐ
2245 3920 2351 3992 μὴν
2385 3918 2502 3971 οὐδὲ
2525 3919 2553 3970 ὁ
2579 3917 2849 3989 προσεχὴς
2878 3915 2969 3968 τοῦ
3004 3914 3322 3985 παθήματος
3348 3911 3564 3986 καιρὸς,
3586 3910 3693 3964 τῶν

2127 4011 2454 4083 θαυμαστῶν
2496 4011 2716 4065 ἐκείνων
2749 4007 3033 4077 θεαμάτων
3074 4005 3352 4078 ἀλλότριος
3380 4001 3449 4074 ἦν
3472 4021 3488 4037 ο
3528 4001 3690 4073 ήνίκα

2126 4107 2318 4169 νύκτες
2347 4103 2599 4176 ἡμερινὸν
2625 4101 2737 4172 φῶς
2759 4100 3235 4165 ἐπικαλύπτουσαι,
3263 4102 3353 4151 τὸν
3376 4091 3528 4167 ἥλιον
3555 4095 3695 4164 ἠφά-

2128 4196 2297 4260 νιζοψ
2347 4193 2661 4262 κατειλήφει
2690 4192 2794 4264 γὰρ
2835 4191 2948 4253 δέος
2985 4190 3112 4252 τοὺς
3151 4185 3422 4258 πανταχοῦ
3468 4185 3691 4256 δήμους,

2127 4288 2227 4360 τὴν
2259 4288 2366 4341 τῶν
2399 4287 2612 4341 πάντων
2657 4282 2993 4355 πραγμάτων
3040 4279 3344 4334 συντέλειαν
3371 4279 3555 4348 ἣκειν,
3601 4274 3692 4329 καὶ

2130 4470 2346 4523 beatam
2385 4480 2449 4520 ac
2481 4464 2693 4519 felicem
2735 4465 2786 4518 in
2819 4462 2956 4517 caelo
3000 4465 3166 4516 vitam
3214 4460 3588 4526 nuntiaturus,
3618 4466 3693 4513 tot

466 4527 601 4616 φξῖξς
637 4527 701 4611 Ill
743 4529 972 4616 εεδεάίξ,
1001 4527 1183 4616 Ῑξεξείίὲ
1210 4541 1264 4584 ει
1306 4531 1358 4616 il"
1401 4529 1540 4616 Ιῖιπρ
1566 4527 1803 4616 ⁷δειγὶιίῖ
1832 4530 2031 4601 legitur
2060 4539 2106 4595 D
2135 4537 2394 4592 miracula
2427 4536 2480 4590 in
2520 4535 2680 4616 terris
2727 4542 2969 4615 patrare,
2993 4535 3149 4586 caecis
3177 4531 3383 4616 oculos,
3412 4531 3694 4616 aegri-sca-

466 4599 528 4652 σέ
549 4598 605 4651 δὲ
630 4599 766 4668 φῶς,
805 4610 908 4654 etc.
940 4598 1045 4653 Sed
1071 4598 1205 4655 Fuk.
1233 4601 1398 4654 codex
1431 4599 1593 4653 habet
1622 4600 1679 4652 σέ
1708 4617 1788 4652 τε.

539 4670 652 4747 (76]
691 4669 1016 4747 Κᾳτακοεῖν
1081 4671 1151 4747 θ’.
1202 4670 1724 4747 Christopliorsor|u_s
1757 4671 1868 4747 __bic
1925 4670 2033 4726 ἀπὸ

467 4739 645 4796 κοινοῦ
691 4740 940 4794 subaudit
987 4743 1209 4794 verbum
1257 4740 1498 4810 ποιῆσαι.
1545 4739 1698 4805 Quod
1756 4739 1881 4810 licet
1927 4755 2029 4795 non

467 4813 685 4873 damno,
719 4820 894 4862 tamen
925 4811 1288 4864 necessarium
1343 4808 1447 4864 non
1479 4810 1706 4863 videtur.
1756 4808 1812 4862 ln
1848 4812 2033 4866 codice

469 4879 601 4933 Fnk.
631 4881 700 4950 ita
730 4879 928 4950 legitur
963 4881 1046 4950 hic
1075 4881 1245 4934 locus:
1267 4880 1466 4950 ἀρετὴν
1498 4879 1884 4950 ἀσπαζόμενοι,
1911 4881 1977 4950 ἣν
2003 4881 2032 4932 ὁ

467 4948 668 5020 προτοῦ
720 4948 833 5019 βίος
888 4949 1240 5022 ἀνθρωπίνων
1288 4948 1434 5020 ήθῶν
1485 4948 1833 5071 ἐκϐεϐλήκει·
1883 4948 2032 5005 οὐδὲν

467 5022 593 5071 vdo.
643 5031 772 5071 etc..
822 5021 1025 5071 absnne
1074 5021 1178 5071 illis
1215 5023 1439 5071 vocibus
1480 5021 1580 5071 τὴν
1626 5020 1702 5071 ύπ
1737 5037 1766 5071 ο
1818 5021 2032 5071 πάντων

466 5022 593 5091 γάρ,
643 5031 772 5092 etc.,
822 5020 1025 5092 absque
1074 5021 1178 5074 illis
1215 5023 1439 5075 vocibus
1480 5021 1580 5078 τὴν
1626 5020 1766 5092 ὑπὲρ
1818 5021 2032 5076 πάντων

468 5090 772 5161 ποιουμένῳ
801 5090 1074 5161 πρόνοιαν.

537 5159 650 5227 (77⁷)
703 5159 1129 5228 Ἀσπὰζόμενοι.
1174 5159 1303 5216 Post
1334 5162 1437 5217 hoc
1463 5162 1687 5214 verbum
1721 5162 1908 5217 deesse
1949 5163 2031 5217 vi-

468 5230 1187 5302 dentur,nonnullasNeque
1225 5231 1366 5285 enim
1414 5242 1893 5302 sensusrconstare
1939 5249 2033 5302 po-

471 5300 1028 5374 test,_nisi_adi_lideris
1059 5302 1171 5374 hzec
1202 5303 1362 5354 verba
1390 5301 1550 5374 παντὶ
1577 5301 1686 5374 τῆς
1717 5300 2032 5374 ἀδικίας-’ῆν

466 5372 496 5423 ὁ
528 5370 632 5452 πρὸ
663 5369 759 5424 τοῦ
795 5369 928 5440 βίος,
958 5381 1061 5424 etc.
1107 5372 1277 5437 Quam
1325 5369 1644 5440 scripturam
1676 5373 1728 5426 in
1770 5369 2033 5443 interpre-

465 5451 669 5493 talione
696 5457 810 5495 mea
843 5457 959 5495 sum
987 5452 1220 5495 εοειιιυε.

537 5510 658 5582 ('78)?
692 5510 849 5582 Vulg.
907 5510 1021 5578 τὴν
1063 5511 1290 5566 ἑαυτῶν
1343 5511 1710 5582 θεωροῦντας
1755 5511 2028 5582 δύναμιν.

469 5576 582 5632 Νοιι
631 5576 825 5651 dubito
865 5576 994 5650 quin
1040 5583 1320 5651 legendum
1368 5576 1464 5634 sit'
1494 5581 1592 5651 τὴν
1639 5576 1832 5635 ἐαυτοῦ
1870 5576 2030 5638 δύνα-

471 5665 583 5716 μιν.
629 5648 779 5714 Quod
841 5648 906 5704 ei
941 5648 1288 5719 sequentibus
1341 5648 1622 5705 manifeste
1666 5653 2028 5710 convincitur.

468 5719 700 5793 Causam
727 5721 867 5793 enim
897 5720 1053 5793 alIert
1076 5721 1481 5793 constantibus,
1512 5735 1611 5773 cur
1637 5721 1906 5793 Christus.
1937 5727 2028 5793 qui

472 5786 687 5845 morbos
729 5803 792 5843 ac
818 5790 943 5844 vitia
990 5790 1265 5844 hominum
1299 5799 1586 5844 curaturus
1623 5786 2029 5860 adveneram-et

2133 4609 2320 4668 lntem,
2371 4606 2597 4659 mortuis
2631 4598 2795 4657 vitam
2843 4604 3131 4657 restituere
3163 4600 3410 4654 voluerit.
3437 4598 3496 4652 1d
3533 4600 3693 4667 igitur

2133 4679 2201 4732 ab
2233 4677 2323 4730 illo
2353 4676 2549 4729 factum
2575 4689 2695 4728 esse
2723 4674 2854 4726 dicit
2886 4673 2938 4726 in
2972 4672 3199 4741 gratiam
3225 4669 3540 4741 eorumqui
3570 4677 3693 4741 sunt

2137 4746 2385 4802 tardioris
2437 4744 2670 4814 ingenii,
2720 4759 2795 4820 ne
2839 4738 3085 4796 dubitare
3137 4750 3355 4820 possent
3406 4738 3475 4820 de
3529 4739 3693 4820 ipsius

2133 4820 2331 4870 virtute
2380 4807 2548 4891 atque
2593 4814 2868 4883 potentia,
2913 4807 3158 4891 cum_tot
3201 4807 3461 4891 miracula
3488 4807 3692 4875 patrari

2135 4877 2551 4943 cernerentflli
2581 4877 2709 4938 sunt
2757 4897 2891 4954 quos
2941 4881 3100 4951 paulo
3141 4889 3263 4950 post
3309 4877 3550 4948 φαύλους
3597 4894 3699 4956 ιιοέ

2135 4959 2325 5013 minat.
3695 4973 3700 5006 ι

2203 5025 2314 5098 (79)
2337 5023 2510 5098 _Yttlg.
2540 5024 2665 5098 dub
2698 5023 3048 5098 sectrépwdm
3072 5021 3127 5098 d_
3141 5020 3374 5091 μηδείς.
3419 5018 3580 5098 [lqu
3618 5021 3693 5075 lo-

2133 5089 2254 5151 cuin
2283 5089 2513 5150 felicitér
2541 5094 2666 5149 mihi
2697 5089 2882 5148 videor
2923 5089 3240 5151 restituiése,
3267 5105 3389 5143 cum
3422 5089 3688 5159 Scaliger,

2137 5166 2454 5238 Bongarsius
2483 5165 2704 5238 aliique:
2747 5178 2974 5238 quorum
3009 5161 3418 5238 emendationes
3447 5161 3692 5238 _a_d_niar-

2133 5230 2308 5306 gine'm
2367 5230 2619 5291 editionis
2666 5230 2998 5306 Gcncvensis
3043 5231 3314 5306 leguntur,
3345 5230 3485 5283 nihil
3527 5231 3582 5306 in
3631 5243 3690 5283 eo

2135 5302 2385 5361 viderint.
2432 5306 2543 5375 Ego
2587 5319 2717 5359 vero
2747 5304 2902 5375 nulla
2935 5302 3315 5375 propen'iodnm
3371 5302 3686 5375 mutatione,

2135 5378 2306 5431 locum
2336 5369 2575 5448 [tristi-no
2595 5374 2758 5448 niturj
2800 5375 2880 5448 ita
2907 5369 3131 5448 restitui,
3291 5369 3576 5448 φανερῶς,
3609 5369 3689 5448 ῖνα

2135 5439 2695 5519 μηδεὶςάμφιὸάλλοι.
2723 5443 3096 5519 Qua__lectione
3131 5440 3260 5519 nihil
3289 5439 3487 5519 verius:
3512 5439 3687 5519 Codex

2132 5509 2348 5588 quidem
2390 5509 2530 5588 Ἕως.
2577 5513 2995 5588 ριιιιιὸιξειιὶεογῇ
3025 5519 3079 5563 et
3129 5509 3410 5588 Bongarsii
3465 5509 3688 5588 lectione

2132 5578 2422 5641 consentit.
2466 5587 2660 5642 Verum
2702 5584 2811 5651 jam
2847 5578 3027 5635 multis
3055 5596 3122 5635 ex
3157 5580 3287 5651 locis
3325 5578 3682 5651 deprehendi,

2134 5657 2291 5725 hujus
2338 5658 2539 5712 codicis
2591 5645 2746 5708 ﬁdem
2782 5654 3047 5725 interdum
3078 5649 3328 5704 vacillare
3362 5649 3560 5720 :idqne
3605 5645 3684 5699 vel

2134 5723 2268 5784 unus
2303 5728 2389 5784 hic
2419 5727 2566 5782 locus
2595 5726 2725 5781 satis
2753 5723 2970 5778 evincit.
