3926 6264
287 391 423 448 1269

1051 393 1509 452 CONSTANTINI
1547 395 1807 453 ORATIO
1841 398 1932 452 AD
1972 395 2394 454 SANCTORUM
2429 395 2723 454 C(ETUM.

3374 402 3511 457 £270

281 515 416 585 χάος
441 506 617 580 αὖθις,
647 507 756 569 οἷον
787 515 849 568 τὸ
878 516 984 586 πρὸ
1021 517 1122 587 τῆς
1155 516 1246 572 τοῦ
1281 519 1490 590 κόσμου
1535 519 1850 584 διατάξεως,

1962 530 2132 584 erant,
2166 521 2312 574 nullo
2343 519 2555 588 negotio
2606 517 2884 584 restituit;
2932 519 3091 590 idque
3129 535 3233 576 non
3267 520 3407 576 clam
3455 515 3511 575 et

279 607 701 678 ἐπικρατήσειν·
735 608 979 678 ἐζητεῖτο
1023 610 1078 662 δὲ
1119 611 1298 664 καὶτὸ
1343 613 1512 665 αῖτιον
1554 612 1648 666 τοῦ
1694 613 1844 682 τηλι-

223 712 226 715 ·
279 695 474 750 κούτου
504 697 692 765 κακοῦ,
725 701 819 753 καὶ
845 702 946 754 εῐτι
977 702 1292 774 πλημμελὲς
1339 705 1444 758 ὑπὸ
1485 705 1594 759 τῶν
1639 705 1848 779 άνΟρὼ-

283 805 403 841 πων
434 790 515 853 εἰς
541 790 604 843 τὸ
633 790 784 844 Θεῖον
826 793 1031 861 γένοιτο
1057 811 1070 824 ’
1104 794 1208 859 ’ἐως
1235 797 1323 849 ὅτε
1361 796 1506 868 ἠπίῳ
1537 797 1644 867 (80)
1682 815 1848 867 μεγα-

280 883 512 956 λοψυχίᾳ
571 886 668 956 τῆς
713 886 820 939 τῶν
879 889 1089 942 ἀσεϐῶν
1143 889 1354 962 ὕϐρεως
1405 892 1844 964 ὑπερφρονήσας,

279 976 622 1049 ἀποκαθίστη
666 978 756 1032 τόν
785 971 1011 1052 οὐρανὸν
1055 982 1344 1053 σύμπαντα
1392 985 1456 1054 τῇ
1489 983 1598 1036 τῶν
1634 985 1846 1054 ἄστρων

278 1067 645 1137 κατακοσμῶν
677 1069 884 1140 χορείᾳ.
918 1072 1203 1144 Τοιγάρτοι
1237 1072 1388 1143 ποσῷ
1413 1074 1522 1145 (8i)
1558 1075 1708 1145 καὶὴ
1749 1071 1843 1124 τοῦ

279 1159 484 1228 κόσμου
509 1161 769 1231 πρόσοψις
794 1165 1168 1237 σκυθρωπῶσα
1184 1205 1198 1230 ,
1227 1168 1307 1231 είς
1325 1167 1423 1239 τὴν
1448 1167 1654 1220 οἰκείαν
1685 1161 1840 1228 αὖθις

1950 611 2182 667 occulte.
2212 609 2431 665 Sciebat
2453 609 2598 664 enim
2631 611 2897 680 quosdam
2929 628 3052 667 esse
3106 613 3349 668 homines
3370 654 3385 680 ,
3415 613 3507 682 qui

1952 705 2205 758 virtutem
2239 702 2408 772 ipsius
2441 718 2505 758 ae
2537 704 2860 773 potentiam,
2894 707 3091 759 mentis
3125 705 3240 760 acie
3267 716 3506 760 contem-

1952 795 2269 864 plarentur:
2322 795 2458 849 alios
2512 807 2642 849 vero
2693 806 2876 865 utpote
2924 798 3096 851 brutis
3142 797 3506 856 animantibus

1951 885 2254 956 persimiles
2298 885 2468 956 magis
2497 885 2750 960 sensibus
2782 888 3062 944 inhaerere.
3099 888 3220 943 Ideo
3246 889 3420 958 palam
3452 898 3509 944 et

1950 985 2154 1046 aperte,
2191 991 2256 1031 ne
2287 977 2407 1045 quis
2440 976 2554 1031 sive
2589 977 2765 1032 bonus
2815 978 2929 1033 sive
2959 979 3234 1049 improbus
3259 979 3506 1034 dubitare

1949 1077 2151 1140 posset,
2201 1068 2586 1124 beatitudinem
2635 1079 2689 1124 et
2746 1070 3117 1124 admirabilem
3166 1070 3504 1126 curationem

1947 1161 2186 1217 omnium
2219 1161 2390 1217 oculis
2412 1160 2642 1229 subjecit
2673 1180 2688 1215 :
2723 1161 2951 1217 mortuis
2979 1163 3193 1233 quidem
3223 1163 3386 1217 vitam
3419 1163 3507 1218 de-

277 1247 680 1305 ἀποκαθίστατο
709 1254 1057 1326 φαιδρότητα.

1962 1266 2056 1306 auo
2084 1251 2369 1307 restituens
2392 1294 2408 1320 ,
2437 1267 2530 1308 eos
2555 1269 2684 1308 vero
2709 1253 2800 1322 qui
2832 1255 3079 1324 sensibus
3095 1255 3268 1309 orbati
3302 1263 3502 1320 essent,

279 1345 565 1411 pristinum
610 1361 763 1401 nsum
824 1365 1075 1405 sensuum
1127 1366 1446 1422 recuperare
1490 1351 1826 1423 prazcipiens.
1866 1347 2013 1403 Mare
2079 1361 2211 1402 vero
2262 1347 2493 1403 solidum
2544 1349 2866 1417 reddidisse,
2930 1360 2984 1406 et
3014 1350 3066 1405 in
3108 1351 3282 1406 media
3371 1359 3505 1405 tem-

281 1447 492 1503 pestate
540 1441 985 1510 tranquillitatem
1019 1445 1154 1500 oriri
1199 1445 1463 1515 jussisse;
1497 1462 1560 1500 ac
1609 1456 1879 1516 postremo
1917 1459 2040 1499 cum
2104 1443 2418 1499 admiranda
2444 1459 2609 1514 opera
2647 1445 2926 1510 edidisset,
2966 1455 3019 1502 et
3047 1447 3294 1501 homines
3331 1447 3396 1500 ab
3431 1447 3507 1501 in-

278 1526 600 1602 credulitate
631 1531 698 1584 ad
729 1534 1158 1588 robustissimam
1204 1535 1360 1589 fidem
1394 1536 1747 1600 traduxisset,
1781 1536 1830 1588 in
1869 1533 2063 1588 coelum
2119 1533 2451 1600 evolavisse;
2499 1534 2658 1606 cujus
2705 1536 2918 1591 tandem
2948 1536 3050 1591 nisi
3114 1537 3205 1592 Dei
3238 1546 3289 1591 et
3317 1538 3511 1606 supra?

289 1634 392 1674 mze
431 1622 708 1692 cujusdam
773 1629 1025 1696 potentia:
1063 1645 1198 1700 Opus
1245 1630 1383 1684 fuit?
1414 1629 1518 1686 Sed
1563 1643 1738 1698 neque
1802 1637 2010 1698 tempus
2062 1627 2191 1682 illud
2231 1627 2370 1698 quod
2431 1629 2671 1698 passioni
2719 1631 3020 1699 proximum
3069 1630 3201 1696 fuit,
3233 1631 3506 1685 admiran-

277 1716 364 1768 dis
430 1715 534 1773 illis
568 1723 888 1788 spectaculis
933 1725 1149 1782 caruit:
1184 1734 1309 1780 tunc
1365 1739 1489 1781 cum
1531 1726 1705 1780 noctis
1736 1721 1910 1794 caligo
1949 1722 2198 1778 diurnum
2232 1721 2576 1794 splendorem
2599 1725 2918 1794 obscurans,
2953 1725 3119 1782 solem
3146 1727 3359 1797 penitus
3381 1726 3504 1781 abs-

279 1812 486 1870 condit.
546 1814 752 1886 Quippe
771 1833 964 1874 omnes
1001 1820 1198 1890 ubique
1226 1820 1450 1892 populos
1485 1831 1664 1876 terror
1707 1825 2040 1890 pervaserat,
2071 1818 2254 1873 mundi
2320 1818 2528 1874 exitum
2593 1821 2878 1877 advenisse
2938 1821 3052 1890 jam
3107 1824 3417 1887 credentes,
3451 1831 3507 1878 et

279 1906 333 1960 in
369 1906 654 1976 pristinum
675 1910 840 1964 chaos
869 1911 1168 1980 cujusmodi
1199 1921 1325 1966 ante
1349 1913 1533 1966 orhem
1561 1911 1838 1966 conditum
1880 1909 2000 1976 fuit,
2031 1918 2223 1966 cuncta
2256 1911 2501 1965 reditura
2568 1925 2707 1969 esse.
2769 1911 3168 1982 Requirebatur
3193 1929 3355 1970 causa
3390 1925 3507 1972 tau»

283 2011 352 2056 ιω
385 2000 727 2069 calamitatis,
750 2014 804 2060 et
836 2006 978 2074 quod
1015 2014 1218 2060 tantum
1276 2006 1452 2062 scelus
1510 2008 1770 2063 adversus
1799 2006 1894 2062 Dei
1931 2004 2138 2060 Numen
2168 2005 2235 2060 ab
2266 2004 2575 2060 hominibus
2611 2005 2903 2060 admissum
2925 2005 3118 2062 fuisset
3150 2006 3343 2063 :donec
3365 2008 3508 2066 Deus

278 2094 492 2166 placida
519 2097 684 2152 animi
732 2101 1099 2170 magnitudine
1143 2103 1498 2158 contumelias
1554 2103 1836 2174 impiorum
1877 2101 2203 2172 despiciens,
2235 2111 2428 2156 cuncta
2498 2099 2845 2169 restituisset,
2907 2109 2962 2157 et
2989 2110 3244 2158 consueto
3267 2103 3504 2159 siderum

280 2203 446 2244 cursu
512 2189 704 2245 cmlum
756 2206 915 2246 onme
967 2195 1361 2250 exornavisset.

1447 2195 1632 2264 Itaque
1677 2197 1843 2252 totius
1881 2195 2066 2249 mundi
2126 2193 2313 2259 facies,
2349 2207 2468 2264 quae
2525 2193 2675 2249 luctu
2713 2209 2778 2249 ac
2826 2208 3064 2250 mosrore
3111 2195 3508 2265 quodammodo

285 2285 506 2342 :onfusa
542 2285 739 2357 fuerat,
773 2289 1058 2358 pristinum
1113 2291 1291 2348 denuo
1314 2291 1654 2362 splendorem
1688 2295 2046 2363 recuperavit.

771 2402 1168 2458 ΚΕΦΑΛΑΙΟΝ
1207 2405 1306 2459 ἰΒ’.

275 2493 418 2561 Περὶ
447 2493 564 2566 τῶν
580 2492 666 2566 μὴ
695 2495 960 2564 γνόντων
981 2496 1048 2550 τὸ
1069 2498 1421 2566 μυστήριον,
1445 2499 1538 2552 καὶ
1569 2498 1656 2552 ὅτι
1678 2497 1846 2551 ἑκόν-

348 2583 449 2637 τες
492 2565 832 2637 ἠγνόησαν·
879 2567 978 2618 καὶ
1025 2565 1142 2622 ὅσα
1189 2569 1329 2634 τοὺς
1372 2572 1624 2637 γιον-στας
1657 2568 1848 2637 ἀγαθὰ

343 2634 550 2709 μένει,
581 2634 679 2689 καὶ
719 2634 984 2704 μάλιστα
1022 2639 1162 2704 τοὺς
1189 2634 1582 2709 δι’ὁμορίογίιις
1603 2634 1847 2692 τελειω-

349 2707 582 2773 θέντας.

364 2819 502 2873 Ἀλλ’
549 2821 667 2893 ἐρεῖ
711 2839 795 2885 τις
837 2822 974 2893 (82),
1026 2814 1070 2890 ᾧ
1113 2821 1262 2891 φίλον
1312 2823 1426 2875 ἐστὶ
1485 2821 1843 2894 βλασφημεῖν,

277 2910 412 2965 Θεὸν
444 2911 571 2966 ὄντα
594 2912 909 2990 δεδυνῆσθαι
953 2913 1238 2986 κρείσσονα
1271 2913 1363 2966 καὶ
1397 2914 1712 2986 ἡπιωτέραν-
1747 2914 1846 2984 τὴν

282 3002 602 3075 προαίρεσιν
655 3003 761 3058 τῶν
805 3004 1106 3076 ἀνθρώπων
1152 3003 1582 3077 ἀπεργάσασθαι.
1627 3005 1723 3068 Τίς
1755 3001 1848 3059 οὖν

282 3095 552 3162 κρείσσων
589 3094 806 3165 μέθοδος
837 3129 858 3157 ,
884 3094 1012 3149 ποία
1039 3096 1082 3149 δ’
1115 3097 1453 3168 ἐπιχείρησις
1481 3097 1850 3166 άνυτικωτέρα

283 3177 536 3257 πρὸς’τὺ
585 3186 710 3248 τοὺς
765 3186 966 3249 κακοὺς
1013 3187 1462 3256 σωφρονισοῆναι,
1507 3188 1604 3258 τῆς
1652 3187 1846 3240 ἑαυτοῦ

280 3279 673 3350 προσρήσεως;
704 3279 816 3332 Οὐκ
857 3278 1018 3342 αὐτὸς
1058 3277 1244 3349 παρὼν
1291 3281 1382 3337 καὶ
1428 3261 1700 3349 ὁρώμενος
1746 3277 1851 3331 ἐδί-

279 3369 446 3422 δασκε
472 3370 562 3422 τὸν
597 3370 820 3441 κόσμιον
853 3368 998 3439 βίον;
1034 3370 1096 3421 Εἰ
1128 3366 1218 3422 οὖν
1253 3371 1286 3439 ἡ
1323 3369 1418 3422 τοῦ
1465 3369 1598 3422 Θεοῦ
1635 3376 1850 3441 παραγέ-

281 3461 440 3528 γελία
465 3462 726 3534 παρόντος
758 3461 906 3514 οὐδὲν
952 3461 1134 3532 ἤνυσε,
1171 3461 1222 3514 τί
1257 3461 1320 3514 ἂν
1355 3462 1587 3525 ἀπόντος
1638 3463 1732 3515 καὶ
1774 3463 1848 3532 μὴ

283 3554 618 3624 ἀκουομένου
649 3553 929 3624 ὠφέλησες
967 3555 1030 3606 Τί
1075 3550 1166 3608 οὖν
1199 3553 1412 3622 ἐγένετο
1454 3553 1706 3624 ἐμπόδιον
1749 3553 1850 3622 τῆς

287 3643 710 3716 μακαριωτάτης
771 3644 1155 3708 διδασκαλίας;
1233 3644 1300 3696 Ἠ
1375 3645 1482 3696 τῶν
1550 3641 1850 3715 ἀνθρώπων

2435 2403 2601 2477 534
2636 2403 2862 2462 CAPUT
2895 2403 3015 2459 xu.

1948 2496 2027 2552 De
2049 2498 2128 2551 Iris
2153 2497 2260 2567 qui
2287 2499 2383 2551 hoc
2418 2498 2723 2567 mysterium
2756 2514 2860 2551 non
2885 2504 3328 2568 cognoverunt,"
3360 2503 3502 2568 quod

2015 2568 2314 2621 uoluntaria
2337 2584 2516 2621 eorum
2537 2568 2800 2637 ignoratio
2823 2577 2898 2621 est
2920 2583 2937 2621 :
2962 2577 3010 2620 et
3043 2578 3238 2637 quanta
3256 2567 3390 2621 bona
3419 2584 3504 2622 eos

2017 2648 2261 2690 maneant
2293 2639 2382 2707 qui
2423 2637 2552 2689 illud
2582 2647 2950 2706 cognouerunt,
2986 2654 3047 2691 ac
3087 2637 3374 2706 pra'sertim
3417 2653 3504 2690 eos

2014 2707 2104 2776 qui
2131 2709 2185 2760 in
2210 2708 2534 2776 confessione
2562 2709 2764 2763 mortui.
2784 2717 2924 2761 sunt.

2018 2818 2122 2874 Sed
2155 2818 2516 2889 dicetaliquis
2543 2835 2610 2875 ex
2643 2819 2710 2876 iis
2735 2821 2934 2891 quibus
2969 2821 3207 2876 solemne
3236 2829 3321 2876 est
3345 2819 3507 2891 impie

1949 2909 2117 2979 loqui,
2167 2909 2336 2965 Deum
2388 2911 2724 2967 voluntatem
2776 2905 3052 2966 hominum
3111 2913 3390 2968 meliorem
3445 2928 3511 2966 ac

1949 3001 2294 3068 placidiorem
2320 3001 2499 3057 facere
2525 3003 2783 3072 potuisse.
2815 3003 3088 3071 Quaenam,
3130 3021 3280 3076 rogo.
3320 3004 3510 3060 melior
3547 3031 3557 3042 ι

1949 3093 2054 3156 via,
2085 3110 2202 3162 quae
2234 3094 2372 3149 ratio
2390 3093 2658 3149 efﬁcacior
2681 3095 2745 3150 ad
2769 3097 3040 3166 improbos
3059 3098 3304 3154 homines
3328 3113 3512 3154 einen-

1951 3187 2177 3251 dandos,
2217 3200 2380 3255 quam
2437 3195 2495 3240 ut
2543 3185 2684 3241 Deus
2737 3186 2851 3256 ipse
2879 3202 2973 3242 eos
3006 3202 3186 3243 coram
3218 3189 3511 3258 compella-

1951 3273 2072 3328 ret?
2116 3275 2196 3328 An
2251 3291 2355 3328 non
2393 3274 2482 3328 ille
2521 3289 2760 3345 praesens
2797 3286 2851 3330 et
2903 3279 3142 3332 omnium
3201 3281 3511 3351 conspectui

1951 3368 2252 3436 subjectus,
2281 3382 2374 3421 eos
2416 3368 2480 3420 ad
2507 3368 2822 3423 modestiam
2877 3367 3232 3426 informavit?
3263 3372 3417 3440 Quod
3463 3374 3513 3430 si

1954 3460 2044 3512 Dei
2077 3459 2360 3528 prmsentis
2391 3459 2684 3528 prmeeptio
2714 3460 2847 3514 nihil
2871 3461 3092 3531 profuit,
3113 3463 3244 3533 quid
3272 3465 3514 3520 absentis

1952 3559 2007 3603 et
2043 3549 2268 3603 inauditi
2305 3550 2564 3618 prodesse
2611 3551 2923 3618 potuisset?
2955 3551 3105 3618 Quod
3137 3555 3302 3622 igitur
3330 3555 3514 3611 obsta-

1953 3645 2129 3700 cnlum
2162 3644 2260 3699 fuit
2285 3643 2607 3699 beatissima:
2631 3644 2770 3697 illius
2796 3647 3204 3715 prtedicationi?
3227 3649 3512 3705 Hominum

285 3737 558 3806 σκαιότης·
601 3735 728 3790 ὅταν
767 3735 875 3809 γάρ
915 3735 982 3788 τὰ
1020 3735 1197 3798 καλῶς
1236 3753 1294 3788 τε
1336 3735 1430 3788 καὶ
1469 3734 1851 3807 προσηκόντως

1962 3737 2144 3791 feritas
2195 3747 2357 3805 atque
2405 3736 2634 3792 szevitia.
2671 3735 2894 3802 Quoties
2925 3740 3072 3792 enim
3117 3756 3179 3794 ea
3213 3756 3333 3809 quae
3363 3749 3514 3796 recte

284 3828 790 3902 παραγγελλόμενα,
822 3827 958 3898 πρὸς
982 3825 1148 3898 ὀργὴν
1176 3826 1558 3897 λαμϐάνωμεν,
1596 3823 1849 3895 τηνικάδε

282 3921 343 3974 τὸ
374 3921 542 3992 νῆφον
568 3921 664 3992 τῆς
687 3920 920 3982 διανοίας
943 3918 1301 3990 ἀμαυροῦται.
1331 3918 1392 3971 Τί
1421 3919 1496 3975 δὲ.
1527 3919 1607 3971 ὅτι
1629 3935 1852 3988 προσφι-

284 4015 374 4078 λὲς
407 4010 474 4086 ἦν
514 4013 620 4084 (85)
657 4013 886 4076 ἐκείνοις
934 4012 1155 4082 ἀμελεῖν
1199 4012 1306 4064 τῶν
1353 4011 1720 4084 προστάξεων,
1757 4011 1850 4065 καὶ

282 4107 606 4179 ἀνορέκτους
640 4107 893 4176 παρέχειν
917 4103 1016 4167 τὰς
1038 4103 1207 4168 ἀκοὰς
1239 4102 1316 4174 τῷ
1348 4103 1555 4156 τεθέντι
1588 4103 1736 4174 νόμῳ
1760 4126 1775 4174 ;
1802 4104 1850 4156 εί

285 4198 362 4270 μὴ
395 4197 502 4269 γάρ
529 4196 886 4267 κατημέλουν,
929 4193 1084 4265 ἔσχον
1118 4194 1184 4248 ἂν
1214 4193 1337 4258 ἄξια
1375 4193 1445 4246 τὰ
1476 4195 1726 4265 ἐπίχειρα
1753 4193 1851 4263 τῆς

282 4285 621 4358 ἀκροάσεως,
657 4285 717 4337 οὐ
761 4283 920 4356 μόνον
956 4285 1035 4346 εἰς
1067 4283 1128 4335 τὸ
1177 4285 1536 4355 παραχρῆμα,
1577 4283 1714 4336 ἀλλὰ
1757 4283 1852 4335 καὶ

284 4381 367 4441 εἰς
397 4377 485 4430 τὸν
530 4376 819 4448 μετέπειτα
853 4374 984 4444 βίον,
1019 4375 1076 4438 ὃς
1105 4377 1248 4428 ἐστιν
1283 4375 1356 4438 ὡς
1401 4374 1612 4446 ἀληθῶς
1653 4373 1796 4444 βίος’
1823 4373 1852 4425 ὁ

285 4469 479 4542 γάρτοι
503 4467 689 4539 μισθὸς
711 4468 801 4520 τοῦ
821 4467 898 4538 τῷ
929 4466 1049 4538 Θεῴ
1087 4467 1387 4530 πείθεσθαι,
1411 4469 1439 4520 ὁ
1467 4467 1739 4538 ἄφθαρτος
1761 4467 1854 4520 καὶ

285 4563 457 4626 ἀΐδιος
491 4561 622 4633 βίος,
648 4555 708 4615 οὗ
740 4558 964 4612 δυνατὸν
998 4557 1390 4614 ἀντιποιεῖσθαι
1421 4561 1532 4622 τοῖς
1572 4559 1734 4612 εἰδόσι
1765 4558 1854 4612 τὸν

286 4662 442 4728 Θεὸν,
477 4661 702 4722 καὶτοῖς
737 4659 827 4712 τὸν
872 4657 1080 4712 ἑαυτῶν
1121 4657 1231 4728 βίον
1274 4655 1508 4727 ζηλωτὸν
1550 4654 1856 4728 παρεχομέ-

287 4773 420 4820 νοις,
455 4754 550 4808 καὶ
569 4746 678 4806 οἷον
711 4750 1060 4822 παράδειγμα
1088 4748 1300 4802 αἰώνιον
1329 4751 1448 4811 τοῖς·
1465 4748 1602 4820 πρὸς
1625 4748 1855 4820 ἅμιλλαν

290 4849 391 4920 ζῇν
422 4843 822 4920 προῃρημένοις
855 4841 987 4913 (84).
1023 4841 1122 4895 Διά
1158 4839 1315 4894 τοῦτο
1343 4835 1434 4894 οὖν
1468 4842 1501 4912 ἡ
1545 4840 1856 4895 διδασκαλία

365 5001 475 5073 (80)
514 5001 668 5073 Yulg.
701 5000 811 5066 ἕως
848 4999 944 5054 ὅτε
987 4999 1194 5068 ἠπίως.
1228 4996 1416 5052 Scribo
1443 4996 1548 5062 ἓως
1594 4999 1681 5052 ὅτε
1709 4999 1857 5071 ἠπίῳ

291 5071 684 5147 μεγριλοψρκίᾳε
715 5081 822 5126 ειε-

291 5137 308 5147 ’
367 5137 477 5214 (81)
513 5137 721 5214 ’Ἰοὶπλάρ
746 5158 832 5194 τοι
868 5139 1058 5214 ποσῷ.
1103 5137 1251 5214 Nihil
1283 5153 1413 5206 opus
1440 5145 1566 5214 erat
1598 5139 1852 5214 emcnda-

290 5208 467 5270 ιίοἰιθ’
503 5208 781 5266 doctor—um
845 5211 1105 5269 virorum.
1165 5208 1253 5277 qui
1311 5208 1590 5274 corrigunt
1638 5209 1848 5272 ποσῶς,

289 5300 415 5340 cum
457 5280 607 5352 ποσῷ
651 5281 810 5352 etiam
862 5279 964 5334 dici
1003 5277 1172 5352 po_ssi_t
1201 5278 1577 5352 adverlﬂaliter
1621 5281 1854 5352 pro-gini.

290 5353 482 5408 ποσόν.
513 5347 589 5407 ιη’
620 5351 778 5408 codd.
831 5359 1008 5404 tamen
1055 5347 1191 5402 Fuk.
1259 5362 1321 5402 ac
1384 5347 1551 5402 Turn.
1601 5347 1854 5404 scribitur

291 5441 496 5487 ποσως.

368 5486 482 5563 (82)
533 5489 856 5563 Ἀμξὲρῄ
885 5507 1012 5563 τιςη
1039 5486 1122 5563 Ab
1154 5487 1242 5540 his
1269 5487 1449 5563 verbis
1495 5487 1882 5542 inchoandum.

255 5547 268 5625 ξ
293 5547 385 5619 θεῖ
398 5547 529 5633 cap.
557 5561 623 5615 12
648 5577 662 5613 :
693 5547 883 5633 Dehlris
924 5547 1022 5633 q'ui
1053 5559 1148 5610 Itoc
1183 5558 1482 5633 rnys_lerium
1503 5575 1621 5633 _non
1662 5573 1854 5633 cogno-

294 5627 500 5697 verunt,
523 5642 567 5686 et
598 5629 734 5701 quod
762 5627 1058 5701 voluntaria
1079 5627 1691 5701 eorum_iguorqtio,ctc.
1720 5627 1851 5680 Nam

297 5705 563 5762 hactenus
606 5697 717 5768 egit
753 5698 1231 5768 Constantiunsde
1262 5697 1468 5750 Domini
1515 5701 1766 5768 adventu,
1794 5705 1877 5768 _et-

298 5772 456 5842 cujus
516 5771 593 5826 rei
641 5766 802 5842 causa
841 5768 1097 5842 gltristus
1154 5766 1206 5820 in
1264 5773 1437 5842 terras
1493 5766 1850 5842 descenderit.

297 5837 453 5899 Nunc
471 5856 596 5898 vero
617 5841 726 5912 agit
743 5838 906 5896 (le-iis
931 5838 1020 5909 qui
1050 5837 1151 5892 hoc
1183 5837 1491 5904 mysterium
1519 5838 1849 5906 ignorarunt.

1952 3829 2260 3898 utiliterque
2289 3835 2555 3898 praacepta
2584 3838 2728 3893 sunt,
2752 3826 2961 3884 infenso
2990 3830 3171 3886 animo
3191 3833 3514 3902 excipimus,

1955 3929 2082 3974 tunc
2121 3920 2314 3972 mentis
2335 3929 2534 3973 nostra!
2561 3921 2709 3974 acies
2732 3919 3055 3988 quibusdam
3087 3922 3238 3988 quasi
3276 3922 3514 3977 tenebris

1951 4011 2296 4065 obscuratur.
2322 4010 2460 4077 Quid
2501 4011 2640 4081 quod
2682 4010 2944 4081 voluptati
2972 4012 3076 4067 illis
3104 4021 3222 4066 erat
3249 4021 3513 4084 praecepta

1953 4102 2250 4172 negligere,
2277 4112 2332 4158 et
2367 4102 2468 4172 legi
2523 4119 2644 4173 qua:
2673 4102 2949 4158 ferebatur
2978 4115 2981 4118 '
3007 4103 3318 4159 fastidiosae
3355 4117 3518 4158 antes

1952 4199 2222 4267 praebere?
2245 4195 2358 4252 Nisi
2389 4197 2535 4253 enim
2583 4196 2970 4266 neglexissent,
3001 4198 3216 4266 dignam
3245 4206 3391 4253 certe
3419 4212 3448 4251 a
3468 4213 3518 4251 1-

1953 4291 2156 4346 dientia
2206 4305 2303 4344 sua
2339 4290 2641 4346 mercedem
2671 4299 2826 4344 erant
2884 4289 3144 4355 relaturi,
3182 4307 3287 4345 non
3332 4292 3385 4345 in
3419 4292 3522 4345 hac.

1955 4392 2184 4447 tantum,
2215 4397 2403 4437 verum
2433 4382 2596 4438 etiam
2627 4382 2679 4436 in
2710 4382 2891 4436 futura
2925 4382 3034 4437 vita
3065 4399 3080 4448 ;
3111 4398 3230 4453 qua:
3258 4397 3385 4438 vere
3407 4383 3517 4436 vita

1952 4483 2037 4530 est
2091 4472 2474 4528 existimanda.
2523 4472 2725 4528 Eorum
2783 4474 2926 4528 enim
2975 4474 3065 4544 qui
3105 4474 3390 4543 praeceptis
3424 4473 3518 4529 Dei

1953 4562 2498 4636 parueruntgmerces
2513 4572 2615 4630 est,
2640 4563 2962 4619 immortalis
2982 4573 3246 4619 etaeterna
3276 4564 3402 4618 vita.
3437 4564 3519 4618 Ad

1954 4674 2115 4729 quam
2143 4657 2179 4712 ii
2201 4657 2418 4713 demum
2461 4657 2715 4726 aspirarei
2745 4667 2985 4726 possunt,
3018 4657 3106 4727 qui
3138 4656 3304 4712 Deum
3323 4672 3524 4727 cogno-

1956 4752 2133 4807 verint
2157 4792 2172 4817 ,
2205 4751 2545 4820 etvquisuam
2573 4749 2811 4818 ipsorum
2842 4749 3010 4802 vitam
3029 4749 3178 4804 velut
3204 4760 3522 4822 perpetuum

1955 4844 2223 4915 quoddam
2251 4842 2548 4913 exemplar,
2573 4843 2641 4897 ad
2669 4841 2990 4898 imitandum
3026 4842 3406 4912 proposuerint
3432 4843 3521 4910 iis,

2029 5000 2138 5070 (85)
2181 5002 2241 5056 Τί
2268 5000 2354 5064 δὲ,
2384 5000 2471 5054 ὅτι
2503 5000 2791 5069 προφιλὲς
2822 4995 2918 5070 ἦν.
2949 4998 3125 5054 Malim
3166 5000 3402 5056 scribere
3444 5001 3525 5057 ἔτι

1882 5083 1928 5140 ι)
1954 5071 2010 5124 δὲ
2052 5073 2156 5134 ὅτι,
2196 5084 2304 5126 etc.
2338 5070 2507 5125 Affert
2543 5074 2685 5125 enim
2729 5072 3114 5140 Constantinus
3158 5074 3291 5128 duas
3334 5087 3524 5128 causas

1957 5158 2056 5197 cur
2092 5143 2318 5210 gentiles
2373 5141 2811 5210 praedicationem
2859 5139 3059 5196 Christi
3114 5157 3219 5196 non
3269 5157 3526 5212 suscepe-

1958 5220 2100 5267 runt.

2033 5281 2146 5351 (84)
2188 5281 2316 5348 Τοῖς
2381 5282 2531 5349 πρὸς
2581 5281 2848 5351 ἅμιλλαν
2902 5280 3008 5350 ζῇν
3068 5280 3523 5351 προῃρημένοις.
3569 5313 3572 5318 τ

1961 5351 2246 5423 Eleganter
2281 5353 2454 5407 (ἕτωεί
2505 5353 2688 5406 dicunt
2731 5352 2864 5423 πρὸς
2909 5351 3141 5422 ἅμιλλαν
3194 5351 3314 5423 ζῇν,
3347 5353 3413 5423 de
3460 5353 3526 5407 iis

1962 5422 2052 5491 qui
2095 5423 2260 5474 vitam
2307 5439 2466 5477 suam
2516 5423 2581 5476 ad
2629 5422 2816 5488 optimi
2861 5423 3119 5490 cujusque
3171 5422 3524 5476 imitationem

1966 5492 2276 5558 instituunt.
2322 5493 2450 5545 Nam
2493 5493 2580 5560 qui
2614 5493 2666 5545 in
2699 5492 2896 5544 virtute
2935 5507 3162 5560 magnos
3211 5507 3529 5561 progressus

1969 5561 2466 5623 facerevolucrint,
2501 5561 2869 5632 aliquemsibi
2901 5563 2968 5615 oh
2993 5564 3178 5616 oculos
3224 5575 3529 5632 proponere

1963 5633 2365 5702 debent,qnem
2404 5630 2809 5702 intiteutnr.__lta
2851 5631 3099 5686 Julianus
3127 5630 3426 5702 imperator
3461 5633 3526 5684 ad

1960 5699 2378 5774 aeinulationem
2405 5702 2663 5774 principis
2694 5699 3050 5774 Marciactus
3076 5699 3529 5774 suos—eilingeliat

1961 5781 2016 5828 et
2045 5786 2245 5840 mores,
2276 5782 2331 5827 ut
2365 5769 2605 5842 loquitur
2632 5772 2809 5829 Amm.
2837 5769 3208 5830 Marcellinus.
