3926 6264
159 5936 165 5945 ⁸
264 5857 657 5932 imperiumque
706 5857 901 5913 habere
951 5871 1055 5919 non
1109 5864 1301 5924 pOtest.

260 397 397 452 i275

1030 396 1483 453 CONSTANTINI
1522 394 1777 451 ORATIO
1816 394 1905 448 AD
1943 394 2363 450 SANCTORUM
2404 394 2699 451 COETUM.

3345 396 3476 450 1274

256 512 426 583 αὐτὴν
442 511 548 565 τῶν
568 512 735 566 ὄντων
762 514 918 582 φύσιν
944 515 1287 583 ἐτεκτήνατο,
1316 515 1449 569 ἀλλά
1468 515 1697 588 διάφορα
1717 515 1811 568 καὶ

1929 514 2127 583 ιιιίυιιι,
2167 529 2270 568 ιιοιι
2322 528 2479 567 unam
2528 513 2879 583 eamdemque
2932 513 3168 567 omnium
3229 524 3477 569 naturam

256 605 323 658 τὰ
344 606 572 658 πλεῖστα
598 605 814 659 ἐναντία
842 607 939 679 τὴν
968 608 1125 678 φύσιν
1163 608 1445 662 ἐκέλευσεν
1477 596 1775 678 ἀπογεννᾷν
1800 626 1815 671 ;

256 699 377 752 ὅθεν
394 699 534 769 καὶὴ
565 698 794 768 διαφορὰ
807 698 914 753 τῶν
936 701 1215 772 ἡμετέρων
1233 699 1376 770 ἠθῶν
1392 716 1449 752 τε
1468 700 1558 752 καὶ
1576 698 1821 771 προαιρέ-

259 805 416 842 σεων·
434 786 501 861 ἦν
527 790 635 862 γὰρ
651 792 780 854 ίσως
794 791 1012 861 ἄμεινον
1029 793 1273 863 καὶπρὸς
1301 792 1361 844 τὸ
1380 792 1686 864 πειθαρχεῖν
1709 792 1818 854 τοῖς

257 880 693 951 κελεύσμασιτοῦ
718 881 871 947 Θεοῦ,
897 885 990 936 καὶ
1015 884 1148 953 πρὸς
1174 884 1271 954 τὴν
1294 883 1493 955 ἀκριϐῆ
1521 882 1820 953 κατάληψιν

256 971 446 1033 αὐτοῦ,
465 973 710 1044 καὶπρὸς
725 975 785 1026 τὸ
802 973 1149 1044 βεϐαιοῦσθαι
1167 976 1307 1030 κατὰ
1339 978 1436 1047 τὴν
1464 976 1687 1029 ἑκάστου
1731 973 1820 1025 πί-

255 1079 374 1117 στιν
404 1064 535 1131 (9:2),
555 1064 886 1136 ὁμοτρόπους
914 1063 1048 1121 εἶναι
1073 1067 1279 1132 πάντας
1298 1066 1634 1138 ἀνθρώπους.
1664 1066 1735 1118 Τὸ
1764 1066 1821 1119 δὲ

255 1154 382 1220 τοὺς
401 1154 714 1226 ἀνθρώπους
735 1159 939 1221 πάντας
954 1156 1492 1232 όμοιοτρόπουῳεῖναι
1512 1158 1711 1224 ἀξιοῦν,
1732 1176 1821 1211 κο·

262 1246 386 1317 μιδῇ
411 1247 614 1315 γελοῖον
630 1266 643 1277 ·
678 1250 798 1319 μηδ’
829 1251 1046 1315 ἐννοεῖν,
1070 1253 1151 1305 ὅτι
1170 1254 1266 1324 οὐχ
1290 1255 1321 1324 ἡ
1357 1253 1587 1325 περὶτοῦ
1616 1253 1819 1322 κόσμου

256 1338 498 1402 διάταξις
514 1341 644 1409 (95),
668 1341 803 1412 αὕτη
829 1344 920 1396 καὶ
942 1344 1364 1415 τῶνκοσμικῶν,
1393 1346 1509 1398 οὐδὲ
1537 1346 1603 1398 τὰ
1620 1344 1820 1413 φυσικά

256 1434 368 1495 τοὶς
393 1432 597 1503 ἠθικοῖς
616 1435 893 1504 όμοούσια,
909 1437 1027 1489 οὐδὲ
1046 1437 1113 1490 τὰ
1136 1438 1229 1490 τοῦ
1256 1436 1501 1508 σώματος
1528 1436 1819 1507 παθήματα

256 1528 367 1590 τοῖς
386 1526 487 1596 τῆς
507 1527 681 1598 ψυχῆς
705 1528 896 1582 πάθεσι
916 1530 982 1583 τὰ
1001 1531 1155 1585 αὐτὰ·
1182 1510 1386 1601 τὸνμὲν
1405 1532 1512 1601 γὰρ
1536 1530 1820 1600 σύμπαντα

257 1618 461 1689 κόσμον
476 1619 585 1689 (94)
600 1620 852 1692 φθαρτῶν
873 1624 965 1676 καὶ
987 1623 1240 1691 ἐπιγείων
1260 1621 1412 1688 ζώων
1439 1623 1816 1695 μακαριότητι,

255 1710 367 1779 ὅσῳ
396 1711 691 1782 σεμνοτέρα
716 1731 776 1765 τε
802 1715 894 1767 καὶ
922 1712 1162 1785 θειοτέρα
1199 1715 1548 1785 τυγχάνουσα⁸
1587 1716 1679 1769 καὶ
1724 1716 1820 1785 τῆς

256 1800 405 1865 θείας
447 1801 777 1875 ἀγαθότητος
819 1806 917 1858 οὐκ
978 1806 1201 1877 ἄμοιρον
1245 1807 1305 1860 τὸ
1358 1807 1464 1860 τῶν
1520 1806 1819 1879 ἀνθρώπων

1927 613 2087 673 atque
2119 604 2345 658 indolem
2379 604 2694 667 fabricavit,
2731 603 2822 657 sed
2859 604 3025 656 multa
3052 602 3286 669 diversa,
3313 604 3478 659 adco-

1926 708 2031 763 que
2061 696 2332 748 contraria
2374 695 2552 749 indole
2581 697 2803 765 praedita
2841 695 2986 749 nasci
3022 694 3232 748 voluit?
3264 695 3338 748 Ex
3372 711 3478 763 quo

1929 786 2315 842 dissimilitudo
2348 804 2555 844 morum
2591 804 2655 843 ac
2699 789 3031 843 voluntatum
3070 789 3209 841 inter
3237 788 3503 841 homines-

1926 887 2043 932 orta
2078 888 2180 933 est.
2216 878 2399 937 Satius
2440 880 2655 947 quidem
2688 878 2935 933 fortassis
2969 878 3158 932 fuisset
3192 884 3253 931 ut
3281 917 3295 941 ,
3338 878 3476 945 quod

1926 980 2133 1041 spectat
2167 975 2233 1026 ad
2270 972 2707 1026 observationem
2746 973 3123 1031 mandatorum
3159 970 3271 1034 Dei,
3304 980 3359 1024 et
3390 984 3481 1025 ac-

1926 1073 2169 1118 curatam
2207 1064 2323 1131 ejus
2357 1064 2889 1133 contemplationem,
2925 1074 2982 1118 et
3010 1064 3076 1118 ad
3116 1061 3482 1117 conﬁrmatio-

1927 1171 2046 1210 nem
2100 1155 2220 1223 fidei
2275 1156 2636 1224 singulorum,
2686 1171 2879 1210 omnes
2914 1157 3160 1211 homines
3193 1155 3350 1209 unius
3394 1163 3477 1207 al-

1926 1262 2031 1316 que
2090 1246 2328 1314 ejusdem
2396 1246 2560 1300 moris
2610 1245 2861 1299 fuissent.
2926 1244 3125 1300 Verum
3184 1245 3477 1299 absurdum

1925 1339 2082 1407 plane
2123 1352 2185 1391 ac
2213 1336 2499 1391 ridiculum
2535 1344 2640 1402 est,
2696 1336 2747 1390 id
2787 1344 2994 1406 optare,
3043 1344 3100 1389 ut
3144 1350 3332 1391 omnes
3385 1337 3480 1389 lio-

1926 1431 2097 1484 mines
2148 1429 2338 1483 iisdem
2396 1429 2508 1482 sint
2556 1429 2793 1483 moribus
2836 1428 3082 1497 praediti,
3132 1441 3305 1497 neque
3357 1427 3478 1480 ani-

1926 1525 2281 1585 madvertere,
2334 1518 2495 1571 aliam
2545 1520 2729 1574 mundi
2763 1520 2948 1582 totius,
2979 1517 3138 1571 aliam
3178 1532 3362 1572 earum
3396 1532 3479 1571 re-

1927 1630 2042 1669 rum
2079 1628 2197 1683 quae
2242 1614 2295 1666 in
2329 1612 2530 1666 mundo
2563 1623 2711 1677 sunt,
2749 1614 3147 1668 ordinationem
3181 1628 3341 1668 esse:
3382 1628 3479 1666 nec

1929 1722 2013 1761 res
2049 1705 2324 1761 naturales
2357 1706 2597 1777 ejusdem
2641 1706 2957 1763 substantiae
2982 1722 3104 1762 esse
3137 1722 3199 1762 ac
3226 1707 3478 1769 morales,

1926 1815 2025 1854 nec
2062 1798 2309 1869 corporis
2344 1797 2568 1852 aﬂ‘ectus
2607 1799 2825 1854 eosdem
2872 1815 2993 1856 esse
3038 1814 3159 1855 cum
3201 1798 3481 1852 all'ectibus

255 1893 414 1961 γένος
462 1928 480 1955 ,
521 1893 640 1948 ἀλλ’
685 1897 781 1965 οὐχ
843 1896 1027 1961 ἁπλῶς
1076 1899 1312 1962 πάντων,
1366 1898 1474 1951 οὐδ’
1521 1916 1595 1962 ως
1641 1898 1817 1969 ἔτυχε,

1929 1892 2110 1946 animi.
2142 1891 2351 1946 Etenim
2389 1888 2701 1944 universum
2743 1880 2890 1946 hunc
2918 1891 3175 1945 mundum
3208 1889 3367 1959 longo
3400 1891 3478 1941 in-

257 1985 435 2055 μόνων
473 1986 530 2039 δὲ
566 1988 675 2041 τῶν
720 1989 819 2060 τὴν
865 1989 1010 2043 θείαν
1059 1990 1218 2059 φύσιν
1247 1989 1685 2059 ὲξιχνευσάντων,
1727 1991 1819 2044 καὶ

254 2074 317 2128 τὸ
365 2076 768 2146 προηγούμενον
812 2080 1143 2150 ἐπιτήδευμα
1209 2079 1300 2133 τοῦ
1353 2079 1467 2149 βίου
1530 2079 1824 2150 προελομέ-

254 2184 383 2234 νων,
430 2168 528 2238 τὴν
576 2169 684 2222 τῶν
733 2169 889 2224 θείων
923 2171 1232 2240 ἐπίγνωσιν.

1930 1984 2152 2039 tervallo
2190 1992 2410 2054 superat
2456 1984 2635 2037 anima
2689 1983 3011 2049 rationalis,
3071 1992 3221 2037 tanto
3272 1983 3483 2037 beatior

1928 2075 2157 2130 terrenis
2178 2084 2235 2130 et
2251 2075 2584 2144 corruptioni
2610 2075 2856 2131 obnoxiis
2874 2075 3260 2136 animantibus,
3282 2082 3482 2141 quanto

1931 2164 2206 2235 augustior
2260 2176 2342 2219 est
2375 2174 2537 2233 atque
2565 2163 2838 2219 divinior:
2893 2176 3099 2216 necnon
3152 2161 3345 2216 divinae
3387 2159 3484 2213 bo-

258 2264 449 2318 nitatis
476 2266 745 2335 particeps
772 2268 1047 2323 hominum
1073 2284 1241 2337 genus
1267 2284 1395 2336 ,nec
1435 2278 1615 2324 tamen
1674 2280 1859 2322 omnes
1900 2264 2144 2318 homines
2207 2261 2513 2330 promiscue
2547 2274 2609 2313 ac
2637 2259 2756 2314 sine
2799 2257 2908 2314 ullo
2956 2257 3267 2313 discrimine
3310 2255 3481 2325 parti-

254 2357 408 2423 cipes
447 2364 574 2408 sunt
616 2356 810 2412 divrna:
846 2357 1135 2412 bonitatis:
1173 2362 1271 2413 seu
1318 2360 1354 2413 ii
1399 2359 1497 2413 soli
1529 2358 1619 2427 qui
1673 2356 1907 2411 divinam
1974 2362 2221 2408 naturam
2287 2350 2509 2404 scrutati
2574 2357 2719 2414 sunt,
2773 2355 2828 2402 et
2874 2348 2966 2417 qui
3012 2348 3114 2402 hoc
3154 2344 3481 2415 praacipuum

256 2448 382 2501 vitae
410 2446 714 2503 institutum
755 2464 821 2503 ac
863 2450 1095 2503 studium
1138 2450 1241 2504 sibi
1281 2458 1693 2521 proposuerunt,
1730 2462 1910 2501 rerum
1958 2444 2261 2499 divinarum
2298 2440 2681 2511 cognitionem.

786 2562 1178 2616 ΚΕΦΑΑΑΙΟΝ
1200 2564 1297 2619 ῐΔν.

256 2651 379 2705 Ὀτι
421 2653 676 2721 ἀπείρως
700 2654 739 2721 ἡ
771 2654 981 2721 κτιστὴ
1027 2655 1210 2722 φύσις
1244 2654 1360 2708 ἀπὸ
1389 2652 1499 2720 τῆς
1537 2654 1821 2708 ἀκτίστου

324 2723 540 2788 οὐσίας
582 2722 900 2790 ἀφέστηκε,
943 2725 1207 2791 πλησίον
1240 2723 1308 2777 δὲ
1342 2724 1527 2792 αὐτῆς
1564 2724 1643 2790 τῷ
1686 2722 1824 2777 κατ’

325 2793 549 2860 ἀρετὴν
566 2794 684 2858 ,ϐίῳ
716 2796 748 2847 ό
772 2791 1076 2861 ἅνθρωπος
1107 2795 1348 2863 γίνεται.

324 2882 409 2936 Τά
435 2901 500 2953 γε
530 2884 633 2956 μὴν
665 2886 729 2938 ὲκ
754 2887 944 2953 γενεᾶς
978 2887 1088 2949 τοῖς
1129 2886 1317 2949 ἀϊδίοις
1351 2884 1676 2956 συγκρίνειν,
1726 2902 1825 2955 μα-

256 2975 375 3038 νίας
400 2976 545 3029 ἐστὶν
572 2976 645 3039 ὡς
673 2975 887 3047 ἀληθῶς
916 2975 1017 3045 τῆς
1052 2976 1411 3047 τελεωτάτης·
1443 2976 1549 3029 τῶν
1592 2976 1688 3046 μὲν
1714 2975 1822 3047 γὰρ

254 3063 368 3118 οὔτ’
399 3065 538 3137 ἀρχή
572 3084 674 3131 τις,
708 3065 829 3119 οὔτε
863 3066 1032 3131 τέλος,
1060 3066 1127 3119 τὰ
1155 3067 1199 3119 δ’
1229 3067 1323 3121 ἆτε
1350 3067 1521 3136 φύντα
1555 3067 1648 3120 καὶ
1673 3067 1823 3135 γενό-

2408 2554 2571 2625 533
2601 2553 2827 2610 CAPUT
2860 2554 2975 2610 xw

1929 2649 2080 2715 Quod
2113 2660 2353 2703 creatura
2395 2647 2647 2700 immenso
2692 2648 2859 2713 spatio
2908 2647 3067 2699 distat
3107 2661 3138 2697 a
3185 2643 3477 2715 substantia

1998 2721 2231 2772 increata
2254 2734 2274 2773 :
2308 2728 2354 2770 et
2385 2718 2521 2787 quod
2560 2711 2727 2771 homo
2747 2733 2837 2785 per
2862 2716 3105 2770 virtutem
3139 2714 3373 2783 proxime
3407 2711 3476 2766 ad

1998 2789 2163 2842 Deum
2193 2788 2414 2841 accedit.

1996 2878 2169 2934 Porro
2198 2893 2260 2933 ea
2289 2892 2407 2945 quze
2438 2884 2554 2931 orla
2592 2885 2715 2931 sunt
2750 2889 2869 2929 cum
2899 2874 3118 2928 mternis
3143 2887 3483 2941 comparare,

1928 2984 2150 3024 summae
2191 2968 2442 3035 profecto
2476 2965 2759 3021 dementiae
2810 2974 2911 3017 est.
2948 2963 3071 3017 Haac
3120 2964 3262 3018 enim
3309 2978 3483 3032 neque

1926 3060 2247 3129 principium
2302 3057 2539 3121 habent,
2588 3070 2766 3125 neque
2817 3054 2998 3108 linem.
3050 3054 3141 3107 Illa
3188 3068 3316 3109 vero
3359 3069 3480 3107 cum

262 3159 544 3229 μεναί95),
562 3161 655 3212 καὶ
674 3158 770 3230 τὴν
791 3159 960 3230 ἀρχὴν
984 3159 1076 3213 τοῦ
1098 3177 1156 3212 τε
1184 3155 1318 3213 εἶναι
1343 3161 1437 3213 καὶ
1454 3160 1551 3231 ζῇν
1568 3161 1625 3213 ὲν
1647 3160 1821 3231 χρόνῳ

1929 3163 2041 3206 orta
2090 3152 2197 3206 sint
2227 3159 2280 3205 et
2322 3150 2499 3220 genita
2524 3188 2538 3211 ,
2568 3162 2797 3218 cumque
2835 3146 3124 3201 exsistendi
3160 3162 3223 3201 ac
3266 3146 3481 3201 vivendi

260 3251 366 3306 τινὶ
419 3250 666 3311 λαϐόντα,
714 3251 1017 3315 ἀκολούθως
1055 3252 1146 3305 καὶ
1174 3252 1426 3323 τελευτὴν
1472 3252 1529 3318 ἐξ
1584 3252 1825 3323 ἀνάγκης

261 3344 373 3415 ἔχει
399 3362 412 3375 ι
465 3345 532 3399 τὰ
582 3344 640 3397 δὲ
691 3346 976 3417 γενόμενα,
1030 3344 1108 3414 τῷ
1151 3344 1467 3399 κελεύσαντι
1506 3343 1826 3416 γεννηθῆναι

259 3433 418 3497 αὐτὰ,
451 3433 568 3497 πῶς
598 3434 662 3488 ἂν
698 3433 1022 3500 ἐξισάζοιτο;
1059 3436 1121 3488 Ei
1162 3435 1272 3506 γὰρ
1306 3436 1465 3506 όμοια
1506 3436 1616 3507 (96)
1655 3436 1827 3491 ταῦτα

258 3525 472 3598 ἐκείνῳ,
490 3527 609 3580 οὐδὲ
632 3527 921 3598 πρόσταξις
936 3527 1029 3581 τοῦ
1050 3528 1337 3597 γεννᾶσθαι
1355 3529 1740 3600 προσηκόντως
1760 3530 1825 3583 ἂν

260 3619 452 3690 ἐκείνῳ
472 3618 782 3690 ἁρμόξοιτο.
828 3619 963 3672 Ἀλλ’
986 3620 1177 3690 ἐκείνῳ
1217 3620 1313 3691 μὲν
1338 3621 1445 3674 οὐδ’
1478 3620 1543 3674 ἂν
1563 3621 1632 3675 τὰ
1669 3620 1828 3692 οὐρά-

260 3728 348 3762 νια
419 3708 755 3780 συγκριθείη,
817 3711 1003 3781 ὥσπερ
1066 3710 1175 3763 οὐδ’
1239 3712 1267 3763 ό
1321 3710 1575 3779 αἰσθητὸς
1626 3711 1827 3781 κόσμος

260 3802 339 3873 τῷ
383 3800 579 3873 νοητῷ,
644 3801 751 3855 οὐδ’
822 3804 876 3855 αἱ
924 3801 1129 3865 εἰκόνες
1202 3804 1315 3865 τοῖς
1375 3802 1823 3873 παραδείγμασιν.

272 3895 428 3949 Ἡδὲ
460 3895 717 3966 σύγχυσις
746 3892 854 3947 τῶν
900 3893 1112 3947 πάντων
1149 3892 1281 3965 (97),
1313 3894 1429 3957 πῶς
1477 3894 1535 3946 οὐ
1581 3892 1825 3962 γελοῖον;

260 3986 753 4058 ἀποκρυπτομένης
779 3986 877 4055 τῆς
914 3984 1014 4038 τοῦ
1055 3984 1196 4037 θείου
1237 3986 1547 4056 τιμιότητος
1582 3988 1647 4056 τῇ
1694 3984 1830 4057 πρὸς

256 4078 388 4141 τοὺς
415 4076 747 4148 ἀνθρώπους,
766 4077 859 4129 καὶ
877 4076 945 4129 τά
964 4093 1026 4145 γε
1051 4076 1211 4147 θηρία
1230 4076 1507 4147 συγκρίσει
1541 4076 1670 4145 (98)·
1703 4075 1827 4146 ἔφε-

258 4185 350 4233 σις
371 4166 429 4220 δὲ
457 4165 789 4231 δυναστείας,
809 4165 1130 4238 ἀντίρροπος
1149 4162 1282 4218 Θεοῦ
1307 4162 1613 4235 δυναστείᾳ,
1634 4161 1750 4225 πῶς
1765 4161 1825 4214 οὐ

336 4381 452 4454 (92)
487 4383 647 4438 Κατὰ
695 4381 811 4454 τὴν
867 4381 1127 4454 ἑκάστου
1176 4384 1404 4437 πίστιν.
1471 4379 1824 4435 Scribendum

257 4453 477 4510 videtur
506 4454 603 4524 τὴν
637 4453 756 4507 καθ’
787 4454 1014 4524 ἑκάστου
1044 4453 1240 4507 πίστιν.

336 4524 449 4610 (25A)
485 4519 614 4610 οὐχ
742 4525 873 4610 περὶ
905 4523 1009 4603 to?
1056 4525 1287 4610 κόσμοιζ
1325 4519 1610 4610 διάῖιιξιςλ
1647 4520 1823 4610 Malim
1856 4556 1900 4610 Β

258 4590 502 4677 scribere
545 4594 646 4675 οὐχ
664 4590 866 4665 ἦπερίὴ
902 4592 997 4646 τοῦ
1026 4590 1228 4664 κόσμου
1259 4591 1514 4657 διάταξις,
1547 4590 1686 4663 αὕτη
1732 4592 1825 4646 καὶ

261 4681 374 4720 των
408 4681 707 4734 κοσμικων.

334 4733 448 4803 (94)
493 4732 603 4787 Τόν
636 4734 750 4804 μὲν
780 4734 890 4802 γὰρ
922 4734 1239 4802 σύμπαντα
1279 4734 1528 4802 κόσμον.
1558 4732 1683 4787 Post
1714 4733 1823 4804 has

262 4801 432 4859 voces
460 4801 865 4867 multa'desunt,
897 4814 954 4856 ut
990 4801 1137 4870 patet
1181 4819 1247 4857 ex
1287 4801 1438 4857 titulo
1475 4804 1683 4869 capitis.
1713 4801 1823 4857 Nos

262 4891 334 4929 ex
374 4883 630 4942 corrupto
666 4890 729 4927 ac
767 4874 952 4928 mutilo
998 4876 1112 4926 loco
1141 4873 1563 4941 qualemcunque
1605 4888 1819 4927 sensum

262 4947 464 4999 elicere
507 4944 815 5005 "ualuimus,
859 4959 1170 5010 quamcum
1215 4943 1707 5011 Christophorsono
1740 4952 1821 5003 to-

263 5026 378 5068 tum
420 5028 749 5085 expungere.
774 5012 1003 5067 Savilius
1034 5028 1246 5085 quoque
1274 5014 1325 5066 in
1362 5013 1498 5085 libro
1528 5029 1627 5085 suo
1658 5023 1820 5085 totam

263 5088 407 5139 hanc
457 5082 734 5152 periodum
776 5100 946 5151 usque
981 5085 1044 5137 ad
1082 5084 1170 5137 illa
1216 5085 1379 5137 verba
1433 5084 1529 5152 τῆς
1571 5082 1625 5138 δὲ
1672 5082 1824 5145 θείας

258 5154 618 5224 ἀγαθότητος,
649 5154 863 5209 delevit.
908 5152 1066 5209 Certe
1110 5155 1161 5209 in
1200 5155 1385 5210 codice
1417 5152 1549 5208 Fuit.
1581 5162 1688 5208 tota
1736 5153 1821 5205 illa

265 5223 520 5294 periodus
545 5240 653 5294 non
687 5223 931 5277 habetur.

334 5294 449 5364 (95)
491 5293 568 5348 Τὰ
612 5294 679 5364 δὲ
728 5294 1033 5362 γενόμενα.
1074 5292 1593 5362 ChristOpliorsonus
1631 5292 1825 5363 legisse

264 5366 477 5419 videtur
501 5363 833 5435 γεννώμενα.
866 5365 1007 5432 quod
1040 5366 1207 5435 magis
1242 5364 1434 5435 placet.

336 5435 446 5504 (96)
486 5432 742 5501 γυιεηει
776 5435 884 5502 γὰρ
919 5432 1123 5501 μανία.
1153 5433 1304 5504 Hunc
1341 5433 1513 5487 locum
1543 5432 1613 5504 ita
1655 5433 1827 5504 corri-

263 5502 504 5588 gendum
534 5516 699 5584 puto_:
734 5505 796 5561 Εἰ
848 5503 968 5588 γάρΛ
1001 5504 1162 5572 ὃμοια
1211 5503 1383 5588 ταῦτα
1444 5502 1654 5588 ἐκείνῳ³
1703 5503 1825 5588 ούδὲ

266 5571 559 5646 πρόσταξις
604 5574 697 5627 τοῦ
744 5571 1065 5653 γεννᾶσθαι,
1108 5572 1489 5643 προσηκόντως
1525 5571 1826 5642 ἂνὲκείνῳ

264 5643 579 5715 ἁρμόζοιτᾳ
628 5645 681 5697 id
722 5656 841 5698 est:
879 5643 941 5698 St
988 5660 1070 5696 res
1099 5659 1215 5712 qua:
1239 5656 1569 5715 generantur
1599 5643 1825 5715 ςινᾳιιαίεε

263 5711 388 5775 sum
433 5713 562 5779 Deo,
596 5724 905 5782 praeceptum
932 5729 1035 5784 quo
1073 5711 1163 5765 eus
1198 5711 1342 5781 gigni
1373 5712 1557 5782 jussit,
1594 5712 1693 5777 ipsi
1722 5712 1827 5784 uti-

261 5806 361 5860 que
391 5804 493 5844 non
522 5781 809 5860 conveniret
842 5802 859 5838 :
892 5781 1116 5854 aequalis
1147 5786 1290 5838 enim
1334 5781 1402 5860 n_i_
1431 5784 1692 5860 aequalem
1720 5781 1825 5860 jus

1364 5853 1614 5909 Facessat
1663 5852 1826 5924 igitur

1927 3250 2075 3297 certo
2109 3250 2349 3312 tempore
2377 3239 2708 3310 principium
2742 3238 3072 3307 acceperint,
3107 3236 3307 3292 exitum
3344 3253 3482 3307 quo—

1926 3350 2029 3403 que
2061 3334 2294 3389 habeant
2326 3346 2547 3388 necesse
2577 3340 2681 3387 est.
2720 3332 2793 3386 Ea
2826 3343 2959 3385 vero
2984 3344 3103 3399 quae
3128 3333 3302 3400 genita
3332 3341 3479 3399 sunt,

1927 3426 2193 3494 quomodo
2226 3426 2525 3494 comparari
2576 3440 2809 3494 unquam
2861 3427 3070 3495 possint
3097 3440 3219 3479 cum
3261 3438 3346 3489 eo,
3389 3424 3482 3492 qui

1928 3518 2042 3587 ipsa
2075 3518 2219 3588 gigni
2252 3517 2544 3587 praecepit?
2578 3515 2710 3570 Nam
2740 3518 2784 3571 si
2828 3517 2942 3572 haec
2966 3517 3041 3570 illi
3077 3514 3305 3586 aequalia
3336 3522 3481 3579 sunt,

1929 3619 2250 3677 prmeeptum
2283 3623 2388 3678 quo
2414 3623 2477 3662 ea
2510 3608 2653 3677 gigni
2683 3606 2869 3675 jussit,
2896 3624 3001 3662 non
3030 3615 3211 3677 posset
3240 3606 3335 3675 ipsi
3372 3620 3484 3658 me-

1930 3701 2031 3755 rito
2065 3701 2374 3754 convenire.
2409 3698 2515 3754 Sed
2558 3715 2625 3755 ne
2666 3697 2906 3754 ccelestia
2944 3697 3161 3768 quidem
3206 3697 3327 3765 jure
3357 3710 3480 3750 cum

1928 3792 2020 3847 illo
2076 3790 2473 3855 conferantur,
2544 3790 2991 3860 quemadmodum
3053 3802 3154 3843 nec
3209 3785 3485 3842 sensibilis

1929 3881 2160 3935 mundus
2187 3895 2307 3934 cum
2336 3878 2689 3947 intelligibili,
2727 3895 2827 3934 nec
2858 3880 3122 3949 imagines
3152 3892 3274 3933 cum
3307 3892 3484 3931 exem-

1929 3973 2083 4043 plari.
2137 3973 2207 4027 At
2255 3970 2499 4027 confusio
2541 3980 2595 4025 et
2638 3971 2915 4041 permistio
2977 3971 3219 4025 omnium
3265 3983 3482 4037 rerum,

1928 4078 2109 4118 nonne
2155 4076 2401 4134 prorsus
2434 4062 2658 4117 ridicula
2693 4077 2780 4118 res
2833 4061 2955 4117 est?
2988 4075 3110 4116 cum
3160 4059 3352 4115 divinae
3385 4075 3482 4113 na-

1931 4168 2063 4214 turae
2109 4156 2350 4228 dignitas
2394 4154 2711 4225 obtegatur,
2779 4154 2825 4209 si
2884 4151 3130 4208 homines
3181 4165 3245 4207 ac
3297 4149 3481 4206 bestia

1925 4381 2233 4439 emendatio
2263 4380 2540 4435 doctorum
2592 4384 2848 4443 virorum.
2882 4379 3063 4449 quam'
3086 4378 3246 4449 etiam
3294 4378 3345 4430 in
3390 4392 3483 4449 co-

1927 4458 2045 4508 dice
2072 4452 2206 4508 Fuk.
2234 4458 2288 4505 et
2316 4451 2367 4504 in
2413 4451 2552 4504 libro
2593 4450 2770 4506 Morari
2820 4446 3030 4518 reperi:
3068 4449 3129 4501 Et
3176 4447 3297 4518 γὰρ
3317 4446 3481 4518 μανία

1928 4524 2099 4577 ταῦτα
2140 4521 2337 4591 ἐκείνω
2380 4520 2781 4591 παρεξισὼζειν,
2814 4522 2845 4590 ἡ
2884 4517 3183 4591 πρόσταξις
3221 4517 3327 4570 τοῦθ
3360 4535 3483 4585 γεν-

1928 4594 2137 4656 νᾶσθαι,
2162 4572 2271 4645 etc.
2296 4572 2493 4647 Verum
2520 4572 2674 4645 εἶίῖιῖ
2686 4572 2905 4661 ieger'is,
2938 4572 3219 4661 nullus'e'st
3246 4572 3437 4642 sensus
3461 4607 3475 4642 :

1927 4680 2026 4718 nec
2078 4662 2357 4729 sequentia
2414 4675 2536 4715 cum
2596 4660 3067 4729 antecedentibus,
3108 4660 3473 4729 cohaerebunt.

1924 4728 2442 4799 Christophorsonus
2478 4732 2705 4801 quidem
2757 4733 2810 4785 in
2858 4730 2971 4783 suis
3016 4728 3170 4801 libris
3206 4729 3288 4801 ita
3329 4742 3482 4801 repe—

1925 4813 2096 4868 rerat,
2134 4794 2192 4871 ut
2233 4815 2301 4855 ex
2350 4794 2595 4871 versione
2644 4803 2759 4871 ejus
2812 4798 3217 4871 apparetaSed
3262 4794 3477 4866 Vulgata

1925 4875 2083 4929 lectio
2137 4870 2287 4939 Regii
2332 4870 2532 4926 codicis
2567 4881 2620 4927 et
2657 4869 2891 4927 veterum
2925 4869 3243 4925 schedarum
3284 4879 3476 4922 aucto-

1925 4945 2086 4999 ritate
2119 4941 2358 4998 fulcitur.
2690 4970 2711 4977 ν-
3051 4997 3057 5005 Ι

1983 5011 2093 5084 (97)
2134 5012 2196 5084 ᾙ
2218 5010 2286 5063 δὲ
2316 5010 2617 5084 σύγχυσις
2659 5006 2777 5062 τῶν
2803 5005 3061 5084 πάντων.
3092 5006 3368 5084 Musculus
3402 5006 3479 5084 le-

1912 5074 2311 5155 gis‘se'videtur
2357 5074 2669 5155 σύγκρισις,
2710 5078 2850 5155 quod
2883 5077 3037 5130 valde
3088 5076 3287 5154 probo;
3323 5074 3480 5155 vertit

1912 5145 2058 5208 Enim
2090 5167 2103 5202 :
2136 5150 2407 5217 Quomodo
2437 5145 2612 5203 autem
2650 5149 2879 5201 omnium
2910 5145 3231 5214 comparatio
3265 5161 3366 5197 non
3398 5145 3476 5217 ri-

1913 5224 2090 5276 dicula
2119 5215 2336 5287 est,etc.
2357 5220 2511 5274 Certe
2535 5229 2628 5273 aut
2656 5219 2727 5271 ita
2750 5217 3031 5287 legendum
3057 5225 3161 5279 est,
3188 5224 3281 5267 aut
3304 5216 3373 5267 ita
3397 5215 3480 5287 in-
3509 5255 3513 5259 .

1915 5284 2279 5363 telligendum.
2332 5290 2720 5349 Constantinus
2762 5284 3369 5363 enimexaequationem
3407 5284 3475 5336 il-

1913 5356 2297 5417 lam'omnium
2326 5376 2506 5414 rerum
2534 5369 2690 5413 vocat
2719 5356 3115 5411 confusionem.

1984 5432 2092 5503 (98)
2122 5430 2275 5503 Vulg.
2304 5434 2357 5489 si
2377 5429 2449 5485 τά
2471 5430 2726 5503 ’γε-θηρία
2751 5429 3086 5503 συγκρίσει.
3118 5425 3478 5481 Scribendum

1911 5498 2100 5574 procul
2142 5498 2308 5574 dubio
2357 5498 2712 5574 gprupivocro.
2761 5498 2865 5574 Sic
2890 5498 3031 5574 enim
3073 5506 3480 5574 argumentatur

1911 5565 2322 5628 Constantinus.
2359 5565 2445 5626 Ne
2467 5565 2706 5632 coelestia
2741 5567 2992 5638 quidem,
3018 5566 3211 5636 inquit,
3240 5565 3478 5638 conferri

1911 5652 2139 5715 possunt
2167 5658 2288 5715 cum
2320 5640 2428 5696 Deo
2464 5657 2476 5693 :
2515 5648 2719 5715 quanto
2748 5637 2926 5715 minus
2951 5638 3221 5715 terrestria
3246 5647 3298 5715 et
3320 5637 3478 5690 bruta

1913 5706 2192 5770 animalia.
2223 5711 2322 5766 Hic
2351 5720 2436 5766 est
2474 5706 2667 5769 sensus
2700 5709 2862 5778 hujus
2892 5708 3018 5761 loci.
3062 5706 3258 5776 Scripti
3296 5716 3475 5778 tamen

1912 5784 2127 5843 codices
2174 5780 2675 5850 Christophorsoni,
2727 5775 2950 5852 Savilii,
2990 5775 3206 5852 Gruteri
3250 5787 3311 5852 ει
3338 5775 3473 5852 Fuk:

1916 5854 2059 5910 hunc
2091 5854 2267 5911 locum
2303 5854 2371 5909 ita
2399 5848 2658 5908 exhibent
2691 5868 2702 5903 :
2739 5849 3232 5924 ἀποκρυπτομένης
3252 5848 3349 5924 τῆς
3381 5848 3474 5907 τοῦ
