3926 6264
511 399 650 454 1279
755 353 761 359 .

1186 393 1456 451 EUSEBII
1498 396 1977 454 CASSARIENSIS
2012 353 2162 454 DPP.
2203 395 2379 451 PARS
2417 396 2454 450 1.
2496 427 2564 436 --
2603 393 2981 450 iiISTORlCA.

3581 389 3712 444 19.30

512 529 628 568 rum
677 512 768 582 qui
799 511 909 582 ipsi
957 519 1181 578 parent,
1234 511 1342 566 ullo
1395 512 1656 568 alIiciatur
1698 514 2039 569 incommodo

2165 514 2257 566 καὶ
2283 512 2528 585 βοηθείας
2565 511 2932 583 ἀμφιϐάλλειν,
2964 512 2992 564 ὁ
3016 508 3280 562 τοσούτων
3317 507 3414 577 μὲν
3460 507 3518 558 ἐν
3558 507 3715 578 πείρᾳ

511 607 789 672 Quomodo
846 617 976 656 vero
1039 603 1152 672 ipse
1204 604 1306 658 sibi
1367 620 1691 662 succurrere
1743 608 2060 662 conaretur?

513 699 762 752 Proelium
798 697 940 751 enim
984 696 1224 751 futurum
1274 707 1413 752 esset
1462 697 1600 752 inter
1645 699 1810 764 duos,
1861 714 2060 768 anceps

511 805 636 844 vero
675 799 834 856 atque
869 790 1072 842 incerta
1110 789 1359 844 victoria.
1405 790 1572 858 Atqui
1623 807 1781 845 nemo
1824 806 2058 861 unquam

506 893 637 931 sana
683 888 860 931 mente
900 879 1174 946 praeditus,
1222 892 1310 933 res
1363 879 1600 934 incertas
1648 881 1812 935 certis
1847 891 2062 950 antepo-

505 970 603 1023 nit.
648 967 891 1036 Quonam
924 980 1100 1024 autem
1142 971 1300 1025 modo
1333 970 1398 1025 de
1439 972 1725 1041 praesentia
1767 982 1821 1028 et
1859 974 2059 1028 auxilio

505 1059 601 1114 Dei
642 1062 984 1116 dubitaturus
1039 1063 1110 1116 sit
1149 1062 1222 1126 is,
1255 1063 1346 1134 qui
1386 1072 1464 1116 tot
1521 1065 1757 1131 pericula
1810 1076 2061 1136 expertus

502 1159 608 1218 est,
640 1159 695 1204 et
730 1150 820 1218 qui
863 1166 929 1204 ex
959 1153 1209 1208 omnibus
1242 1168 1456 1222 semper
1494 1153 1900 1211 discriminibus
1943 1157 2059 1212 solo

502 1240 594 1296 Dei
658 1253 791 1296 nutu
853 1242 1104 1297 facillime
1165 1244 1371 1308 evasit,
1419 1245 1508 1314 qui
1579 1260 1676 1313 per
1722 1248 2058 1317 mare,quod

503 1330 810 1386 Servatoris
845 1332 1094 1387 mandato
1126 1343 1462 1388 constratum
1502 1343 1640 1399 erat,
1686 1343 1742 1390 et
1783 1347 2059 1392 transeun-

503 1421 644 1477 tibus
693 1423 899 1492 populis
943 1423 1165 1478 solidam
1197 1425 1470 1493 prrebebat
1513 1428 1678 1491 viam,
1717 1428 2059 1483 ambulavit?

503 1511 627 1568 llaec
657 1514 799 1569 enim
832 1516 1131 1570 certissima
1162 1532 1225 1571 ac
1260 1517 1591 1582 ﬁrmissima,
1624 1530 1682 1573 ut
1711 1521 1920 1590 opinor,
1965 1521 2056 1574 ba-

499 1605 578 1658 sis
615 1614 699 1660 est
737 1605 894 1672 ﬁdei,
933 1607 1035 1663 hoc
1068 1608 1478 1664 fundamentum
1517 1610 1756 1676 tiducize,
1804 1624 1923 1664 cum
1964 1613 2057 1667 ad-

499 1697 776 1753 mirabiles
846 1699 1010 1754 hasce
1057 1715 1144 1754 res
1182 1709 1235 1754 et
1270 1701 1606 1757 incredibiles
1641 1701 1732 1757 Dei
1771 1704 2057 1772 providen-

2162 606 2447 677 γενόμενος
2479 604 2754 666 κινδύνων,
2781 604 2866 657 ἀεὶ
2890 603 2934 656 δ’
2961 600 3196 672 εὐχερῶς
3228 599 3444 671 ρυσθεὶς
3475 597 3583 650 ἀπὸ
3615 598 3715 660 τῶν

2159 697 2347 750 δεινῶν
2410 697 2552 768 μόνῳ
2611 694 3012 765 Θεοῦυνεύματι
3058 692 3188 761 (14),
3233 693 3262 744 ό
3312 690 3398 744 διὰ
3447 688 3718 758 θαλάσσης

2161 789 2516 860 ὁδοιπορήσας
2563 786 2977 858 παραγγέλματι
3019 783 3111 836 τοῦ
3151 783 3398 853 Σωτῆρος
3449 797 3718 834 καταστο-

2165 879 2466 952 ρεσθείσης,
2493 879 2588 932 καὶ
2621 876 2844 950 στερεὰν
2865 872 3280 947 παρασχομένης
3310 871 3427 927 ὁδὸν
3469 873 3585 934 τοῖς
3612 871 3721 923 δια-

2159 973 2395 1035 ποντίοις
2441 970 2663 1040 δήμοις;
2696 967 2840 1038 Αὕτη
2893 967 3020 1038 γάρ,
3067 963 3237 1037 οἶμαι,
3281 963 3567 1037 προφανὴς
3602 964 3725 1016 ὑπο.

2159 1063 2334 1134 ϐάθρα
2389 1063 2639 1125 πίστεως,
2693 1060 2785 1112 καὶ
2836 1058 3081 1129 θεμέλιος
3126 1051 3280 1120 οὗτος
3324 1055 3720 1126 πεποιθήσεως,

2158 1155 2320 1226 ἡνίκα
2343 1155 2408 1208 ἂν
2440 1154 2508 1206 τὰ
2542 1151 2827 1222 θαυμαστὰ
2862 1151 3035 1204 ταῦτα
3075 1151 3167 1204 καὶ
3199 1149 3417 1213 ἄπιστα,
3463 1147 3725 1216 γινόμενα

2157 1249 2250 1302 καὶ
2279 1247 2662 1316 ἐπιτελούμενα
2695 1243 2990 1316 ἱστορῶμεν
3031 1247 3096 1314 τῇ
3126 1241 3220 1295 τοῦ
3253 1239 3612 1314 προνοοῦντος
3645 1256 3725 1292 κεο

2156 1339 2366 1392 λεύσει’
2399 1337 2643 1391 ἐντεῦθεν
2694 1337 2750 1390 δὲ
2796 1338 2888 1390 καὶ
2937 1336 2996 1388 τὸ
3047 1335 3119 1406 μή
3161 1335 3484 1406 μεταμέλειν
3537 1333 3634 1386 ἐπὶ
3659 1334 3722 1401 τῇ

2159 1430 2334 1481 πίστει
2371 1429 2478 1499 (15)
2517 1417 2892 1499 παραγίνεται,
2930 1426 3094 1495 ήνίκα
3143 1427 3206 1480 ἄν
3250 1443 3332 1489 τις
3391 1423 3725 1497 προσπίπτοι

2158 1521 2318 1592 πείρᾳ
2345 1520 2528 1574 κακῶν
2565 1520 2698 1589 (16),
2723 1520 2818 1572 καὶ⁹
2839 1519 2900 1572 τὸ
2921 1519 3184 1590 ἄτρεπτον
3210 1517 3322 1588 ἔχοι
3343 1518 3444 1588 τὴν
3479 1516 3620 1587 πρὸς
3637 1515 3726 1568 τὸν

2155 1613 2285 1666 Θεὸν
2309 1613 2525 1666 ἐλπίδα’
2564 1611 2766 1682 ταύτης
2794 1611 2900 1682 γὰρ
2929 1611 3026 1680 τῆς
3056 1609 3219 1675 ἕξεως
3260 1607 3629 1678 ἐγγενομένης
3659 1608 3722 1678 τῇ

2155 1704 2320 1775 ψυχῇ,
2357 1705 2559 1777 ἵδρυται
2592 1703 2732 1758 κατὰ
2772 1703 2868 1775 τὴν
2909 1703 3145 1757 διάνοιαν
3174 1704 3202 1755 ό
3233 1702 3396 1766 Θεός·
3454 1702 3723 1772 ἀήττητος

501 1789 570 1842 lis
597 1788 751 1857 jussu
803 1789 986 1860 perﬁci
1021 1791 1284 1846 videmus.
1333 1791 1467 1847 Hinc
1515 1794 1680 1849 etiam
1713 1795 1807 1860 ﬁt,
1842 1806 1899 1851 ut
1933 1811 2042 1852 cum

2156 1796 2199 1850 δ’
2224 1790 2375 1860 οὗτος
2394 1813 2407 1826 ·
2439 1797 2558 1849 οὐδὲ
2597 1798 2629 1866 ή
2656 1794 2801 1866 ψυχὴ
2837 1795 2944 1866 ἄρα
2979 1794 3040 1847 τὸ
3101 1794 3363 1863 ἀήττητον
3388 1791 3503 1862 (17)
3533 1791 3722 1861 ἔχουσα

497 1881 618 1947 quis
657 1881 707 1934 in
737 1881 1033 1949 periculum
1063 1873 1388 1937 calamitatis
1414 1883 1681 1948 inciderit,
1716 1900 2042 1957 nequaquam

2156 1887 2293 1942 κατὰ
2321 1889 2416 1960 τὴν
2447 1889 2643 1959 ἐαυτῆς
2667 1888 2925 1949 διάνοιαν,
2942 1886 3046 1939 ὑπὸ
3076 1885 3182 1938 τῶν
3220 1882 3603 1957 περιεστώτων
3624 1882 3721 1934 δει-

497 1970 647 2023 illum
681 1971 938 2038 poeniteat
969 1971 1092 2025 ﬁdei
1141 1986 1288 2036 suas,
1319 1981 1482 2041 utque
1527 1989 1676 2043 spem
1725 1974 1778 2028 in
1814 1975 1920 2029 Deo
1961 1975 2042 2028 ﬁr-

2156 1981 2260 2034 νῶν
2285 1980 2702 2052 κρατηθήσεται.
2727 1978 2885 2049 Παρὰ
2912 1978 2969 2030 δὲ
2990 1977 3098 2048 (18)
3127 1975 3282 2030 τοῦτο
3324 1974 3720 2048 μεμαθήκαμεν

496 2076 640 2114 uiam
680 2071 844 2131 atque
873 2063 1248 2119 inconcussam
1286 2065 1537 2120 retineat.
1576 2065 1677 2132 Qui
1708 2066 1921 2135 quidem
1955 2068 2042 2121 ha-

2156 2071 2218 2123 ἐκ
2260 2071 2358 2140 τῆς
2394 2068 2485 2123 τοῦ
2529 2068 2662 2122 Θεοῦ
2710 2068 2886 2138 νίκης,
2925 2067 2985 2130 ὃς
3024 2066 3122 2137 τὴν
3171 2067 3308 2138 ὑπὲρ
3349 2066 3458 2118 τῶν
3507 2065 3718 2118 πάντων

498 2152 642 2206 bitus
690 2153 776 2207 ubi
835 2153 1000 2209 semel
1041 2155 1223 2210 animo
1258 2156 1500 2222 inhaesit,
1537 2155 1676 2212 Deus
1719 2157 1772 2211 in
1807 2156 2042 2212 interiori

2157 2161 2409 2231 πρόνοιαν
2443 2159 2780 2230 ποιούμενος,
2807 2159 2911 2211 ὑπὸ
2939 2158 3036 2227 τῆς
3082 2157 3190 2210 τῶν
3225 2156 3562 2209 ἀσεῦούντων
3609 2156 3716 2206 ἀδι-

490 2241 824 2310 cogitatione
875 2243 1062 2297 sedem
1112 2243 1296 2300 habet.
1351 2243 1449 2299 Hic
1496 2254 1678 2301 autem
1718 2260 1841 2302 cum
1909 2246 2042 2302 invi-

2156 2253 2279 2316 κίας
2324 2251 2765 2324 ἐμπαροινηθεὶς,
2826 2248 3093 2321 μηδεμίαν
3153 2250 3215 2301 ἐκ
3255 2247 3348 2300 τοῦ
3400 2247 3718 2317 παθήματος

490 2339 615 2386 ctus
658 2331 751 2399 sit,
787 2332 1002 2388 animus
1048 2349 1264 2404 quoque
1306 2334 1397 2390 ille
1436 2337 1526 2406 qui
1567 2336 1827 2393 invictum
1875 2338 1929 2392 in
1977 2338 2042 2392 in-

2156 2340 2585 2412 καρπωσάμενος
2605 2340 2829 2410 βλάϐην,
2865 2338 3094 2410 μέγιστα
3121 2341 3407 2410 νικητήρια
3429 2337 3525 2391 καὶ
3553 2336 3717 2390 ἀΐδιόν

491 2421 679 2478 teriori
720 2424 1046 2494 cogitatione
1075 2426 1343 2495 possidet,
1381 2428 1450 2483 ab
1491 2428 1867 2498 ingruentibus
1897 2413 2042 2498 peri;

2156 2450 2274 2486 τινα
2314 2431 2572 2501 στέφανον
2605 2430 2746 2485 κατά
2786 2431 2881 2501 τῆς
2931 2430 3193 2501 πονηρίας
3237 2431 3535 2500 ἀνεδήσατο
3559 2445 3574 2458 ·
3630 2428 3717 2480 ἐπὶ

487 2513 625 2568 culis
654 2530 931 2585 nunquam
966 2517 1108 2571 vinci
1148 2519 1364 2585 poterit.
1399 2519 1665 2575 Praeterea
1699 2520 1841 2575 istud
1871 2519 2042 2590 ipsum

2156 2522 2299 2586 τέλος
2346 2522 2443 2593 μὲν
2497 2521 2716 2591 ἀγαγὼν
2756 2523 2852 2594 τήν
2881 2522 3193 2592 προαίρεσιν
3239 2521 3339 2590 τῆς
3380 2517 3548 2574 αὑτοῦ
3588 2533 3715 2590 προ-

485 2621 550 2659 ex
604 2605 698 2662 Dei
741 2608 968 2662 victoria
1029 2608 1358 2666 didicimus:
1411 2611 1502 2682 qui
1558 2625 1746 2666 omnes
1795 2611 2042 2667 homines

2156 2611 2300 2676 νοίας
2338 2613 2430 2666 καὶ
2496 2613 2734 2684 στοργῆς
2779 2613 2876 2684 τῆς
2921 2614 3050 2684 περὶ
3099 2613 3223 2676 τοὺς
3277 2612 3541 2677 δικαίους,
3595 2627 3712 2664 συν-

486 2697 830 2765 providentia
864 2713 960 2754 sua
1001 2699 1338 2771 complexus,
1384 2717 1504 2756 cum
1549 2703 1616 2757 ab
1651 2701 1829 2772 impiis
1853 2709 1908 2757 et
1942 2703 2042 2757 iui-

2156 2701 2343 2773 τρίψας
2391 2702 2448 2756 δὲ
2489 2701 2585 2773 τὴν
2637 2702 2745 2757 τῶν
2791 2704 2990 2760 ἀδίκων
3044 2722 3117 2787 τε.
3153 2704 3247 2759 καὶ
3301 2703 3514 2758 ἀσεϐῶν
3575 2701 3713 2773 ὡμό-

482 2787 607 2857 quis
645 2791 1033 2846 contumeliose
1079 2800 1336 2862 acceptus
1381 2791 1595 2856 luisset,
1633 2793 1778 2847 nullo
1806 2807 1873 2848 ex
1915 2808 2041 2862 pas-

2146 2810 2303 2865 τητα.

484 2880 638 2934 sione
700 2890 952 2952 percepto
1024 2883 1256 2951 damno,
1309 2883 1636 2952 triumphum
1699 2883 1993 2937 maximum
2047 2891 2101 2937 et
2145 2881 2500 2937 immortalem
2556 2897 2808 2938 coronam
2859 2883 3069 2938 devicta
3116 2883 3455 2954 improbitate
3495 2895 3580 2939 est
3628 2899 3708 2938 as-

481 2985 703 3032 εθοιιιιιε
751 2993 768 3030 2

827 2978 1025 3048 quippe
1070 2980 1159 3048 qui
1218 2988 1274 3034 et
1326 2981 1656 3049 propositum
1705 2977 2055 3050 providentia:
2105 2992 2213 3031 sua:
2275 2991 2338 3032 ac
2413 2977 2794 3042 benevolentia:
2829 2993 2956 3049 erga
2995 2979 3171 3047 justos
3220 2979 3286 3035 ad
3328 2979 3535 3034 exitum
3595 2996 3708 3050 per-

482 3071 739 3138 duxerit,
787 3082 842 3128 et
906 3075 1193 3144 impiorum
1265 3075 1698 3146 iniustorumque
1755 3074 2029 3130 hominum
2059 3073 2444 3130 crudelitatem
2483 3074 2905 3130 couculcaverit.

961 3194 1125 3271 589
1155 3195 1386 3251 CAPUT
1424 3195 1562 3250 xvr.

483 3283 636 3350 Quod
660 3284 855 3357 Christi
885 3286 1138 3357 adventus
1185 3289 1466 3354 prtediclus
1502 3289 1568 3344 sit
1603 3305 1636 3342 a
1662 3286 1962 3357 prophetis:
1990 3297 2038 3340 et

551 3355 689 3421 quod
705 3356 774 3408 ad
799 3355 1200 3410 simulacrorum
1226 3367 1274 3411 et
1305 3359 1512 3411 urbium
1546 3355 1833 3412 simulacra
1858 3356 2038 3412 colen-

552 3424 686 3477 tium
715 3427 1030 3479 eversionem
1059 3427 1333 3482 ordinatus
1363 3427 1542 3497 fuerit.

551 3537 818 3593 Caeterum
853 3547 906 3594 et
935 3539 1115 3608 passio
1145 3539 1288 3596 illius
1321 3540 1638 3612 jamdudum
1683 3543 2041 3616 praenuntiata

480 3629 660 3685 iuerat
697 3645 725 3683 a
761 3631 1055 3700 prophetis,
1103 3640 1160 3686 et
1205 3633 1506 3703 corporalis
1539 3635 1780 3706 ejusdem
1827 3636 2038 3692 nativi-

480 3730 584 3776 tas.
620 3721 946 3778 Praedictum
1003 3736 1216 3792 quoque
1265 3723 1441 3779 fuerat
1485 3733 1694 3794 tempus
1737 3724 1912 3796 ipsum
1955 3726 2041 3780 in-

477 3813 825 3880 carnationis,
880 3817 1024 3886 quod
1059 3817 1342 3888 injustitize
1369 3827 1427 3874 et
1457 3818 1894 3890 intemperantiae
1943 3832 2040 3873 ex-

476 3914 599 3960 orta
656 3911 923 3977 germina,
976 3923 1096 3978 quae
1139 3909 1306 3979 justis
1340 3910 1551 3966 actibus
1579 3919 1636 3964 et
1665 3911 1906 3967 moribus
1935 3926 2038 3965 no-

474 4007 618 4061 cent,
661 4013 692 4054 θ
744 4000 923 4058 medio
983 4002 1320 4064 tollerentur.
1360 4011 1528 4070 utque
1571 4003 1856 4057 universus
1889 4003 2038 4057 orbis

475 4089 775 4159 prudentia:
803 4107 866 4148 ac
896 4093 1175 4149 modestiae
1205 4095 1478 4166 particeps
1509 4094 1701 4163 ﬁeret,
1751 4095 1867 4164 lege
1891 4093 2038 4150 scili-

473 4191 561 4237 cet
590 4198 711 4256 qum
752 4199 780 4238 a
831 4183 1125 4242 Servatore
1174 4187 1512 4258 promulgata
1543 4197 1647 4255 est,
1705 4188 1757 4242 in
1791 4187 2034 4242 omnium

477 4274 590 4328 fere
635 4275 941 4332 mortalium
998 4279 1267 4334 mentibus
1317 4279 1646 4350 prtevalentc
1689 4319 1705 4346 ,
1754 4278 2035 4344 ac_divini

471 4362 690 4428 quidem
707 4362 957 4420 Numinis
985 4365 1130 4421 cultu
1164 4367 1520 4433 conﬁrmato,
1555 4369 1857 4424 daemonum
1905 4381 2034 4422 vero

472 4454 854 4522 superstitione
891 4455 1086 4510 deleta.
1112 4457 1243 4524 Quae
1281 4458 1500 4529 quidem
1552 4459 1888 4528 superstitio,
1923 4473 2032 4515 non

473 4541 632 4599 modo
659 4542 942 4600 brutorum
977 4545 1316 4608 animalium.
1353 4562 1538 4603 verum
1572 4549 1734 4604 etiam
1762 4549 2032 4604 humano-

473 4651 590 4690 rum
617 4650 905 4708 corporum
929 4637 1325 4694 immolationes
1347 4639 1650 4704 invexerat,
1679 4651 1734 4695 et
1767 4640 2029 4696 scelerata

469 4744 688 4783 ararum
717 4729 925 4800 piacula
953 4747 968 4784 :
1005 4731 1205 4802 quippe
1253 4747 1376 4788 cum
1419 4732 1572 4804 juxta
1606 4733 1752 4804 leges
1781 4735 2031 4806 Assyrio-

2649 3191 3040 3245 ΚΕΦΑΛΑΙΟΝ
3081 3193 3196 3259 ις’.

2155 3287 2273 3358 Τὴν
2313 3285 2567 3355 Χριστοῦ
2609 3284 2947 3358 παρουσίαν
3004 3283 3384 3358 προειρῆσθαι
3430 3284 3707 3358 μὲν-τοῖς

2218 3354 2571 3426 προφήταις,
2625 3355 2741 3426 ἐπὶ*
2775 3354 3154 3426 καταστροφῇ
3199 3355 3266 3408 δὲ
3294 3355 3412 3408 τῶν
3452 3355 3708 3426 είδῴλων

2215 3418 2310 3482 καὶ
2332 3418 2450 3480 τῶν
2471 3418 2788 3480 εὶδωλικῶν
2811 3418 3084 3496 γενέσθαί
3104 3418 3355 3486 πόλεων.
3550 3418 3564 3438 ⁸

2224 3539 2382 3593 Ἀλλὰ
2411 3538 2471 3592 τὸ
2507 3537 2602 3609 μὲν
2625 3537 2853 3607 πάθημα
2885 3536 3088 3591 ἐκείνου
3126 3537 3230 3590 ὑπὸ
3277 3537 3385 3590 τῶν
3415 3537 3708 3610 προφητῶν

2140 3633 2242 3704 ήδη
2277 3633 2711 3703 προκεκήρυκτο,
2756 3631 3170 3701 προκεκήρυκτο
3208 3629 3263 3682 δὲ
3308 3631 3402 3684 καί
3449 3632 3484 3701 ή
3521 3647 3708 3701 curua.-

2140 3724 2266 3796 τικὴ
2297 3723 2547 3794 γέννησις
2575 3721 2759 3786 αὐτοῦ,
2808 3723 3095 3794 προείρητο
3122 3721 3179 3774 δὲ
3211 3721 3304 3774 καὶ
3333 3723 3362 3774 ὁ
3394 3723 3586 3793 καιρὸς
3613 3721 3706 3791 τῆς

2139 3815 2596 3887 ὲνσωματώσεως,
2623 3816 2716 3869 καὶ
2743 3813 2817 3877 ὼς
2840 3814 2936 3884 τῆς
2955 3811 3162 3876 ἀδικίας
3182 3812 3289 3883 (19)
3317 3830 3376 3865 τε
3397 3814 3493 3866 καὶ
3515 3812 3708 3867 ἀκολα-

2145 3909 2264 3973 σίας
2293 3908 2559 3978 ἐκφύοντα
2591 3907 2925 3978 γεννήματα,
2958 3903 3026 3958 τὰ
3063 3904 3434 3975 λυμαινόμενα
3475 3907 3592 3967 τοῖς
3627 3904 3702 3958 δι-

2143 3999 2317 4062 καίοις
2362 3998 2540 4070 ἔργοις
2583 3996 2677 4050 καὶ
2721 3995 2962 4066 τρόποις,
3013 3993 3343 4065 ἀναιρεθείη,
3379 3996 3532 4048 πᾶσα
3578 3995 3635 4049 δὲ
3670 3995 3703 4068 ή

2136 4092 2427 4163 οξκουμὲνη
2465 4087 2770 4161 φρονήσεώς
2809 4103 2869 4140 τε
2913 4086 3006 4140 καὶ
3043 4086 3389 4158 σωφροσύνης
3423 4090 3702 4158 μετάσχοι,

2139 4183 2602 4255 ἐπικρατήσαντος
2660 4179 2842 4250 σχεδὸν
2903 4180 3022 4242 ταῖς
3087 4178 3300 4232 πάντων
3365 4179 3565 4249 ψυχαῖς
3612 4179 3702 4234 τοῦ

2137 4270 2512 4333 θεσπισθέντος
2535 4269 2638 4322 ὑπὸ
2663 4267 2753 4322 τοῦ
2781 4268 3030 4339 Σωτῆρος
3059 4268 3244 4340 νόμου,
3276 4270 3368 4321 καὶ
3401 4268 3703 4334 θεοσεϐείας

2139 4363 2241 4433 μὲν
2291 4361 2612 4433 ρωσθείσης,
2679 4359 3093 4431 δεισιδαιμονίας
3154 4360 3211 4413 δὲ
3263 4359 3701 4432 ἐξαλειφθείσης.

2137 4454 2204 4507 δι’
2231 4453 2386 4525 ήνού
2422 4453 2596 4523 μόνων
2626 4451 2832 4520 ἀλόγων
2871 4450 3023 4515 ζώων
3067 4453 3293 4522 σφαγαὶ,
3327 4452 3466 4505 ἀλλὰ
3495 4455 3590 4506 καὶ
3615 4455 3701 4507 ἀν-

2137 4545 2420 4618 θρωπίνων
2459 4543 2793 4616 ίερευμάτων
2843 4542 3042 4609 θυσίαι,
3088 4545 3182 4599 καὶ
3216 4545 3383 4616 ἐναγῆ
3418 4547 3700 4617 μιάσματα

2140 4636 2337 4709 βωμῶν
2382 4636 2669 4708 ἐπενοήθη,
2724 4635 2864 4690 κατά
2905 4654 2966 4690 τε
3048 4637 3360 4709 Ἀσσυρίους
3400 4639 3496 4691 καὶ
3534 4641 3698 4706 Δίγυ-

2137 4732 2327 4793 πτίους
2351 4730 2566 4801 νόμους,
2585 4728 2987 4800 χαλκηλάτοιςῆ
3014 4728 3106 4780 καὶ
3138 4727 3390 4792 πλαστοῖς
3416 4730 3698 4801 ίνδάλμασι

537 4853 652 4946 (Μί)
698 4875 882 4950 ναις,
907 4881 1111 4950 μόνοιι
1165 4879 1311 4933 Θεοῦ
1356 4881 1620 4950 νεύματι.
1683 4881 2036 4936 Scribendum

2156 4879 2350 4950 :odice
2380 4876 2543 4942 Fuk.,
2567 4884 2640 4950 Aet
2677 4875 2729 4929 in
2777 4873 3268 4950 sc_hedis_scril_)itur
3307 4872 3468 4950 ἡνίκα
3519 4875 3587 4928 ἀν
3618 4893 3696 4938 τις

469 4942 642 5022 μόνῳ,⁷
670 4957 727 5000 ttt
771 4942 827 5022 iri
873 4942 1011 5004 li'bro
1065 4942 1654 5022 Morasifemen'datum
1716 4952 1937 5022 iuvenis
1968 4952 2036 5006 Et

2156 4948 2464 5022 προσπίπτῃ
2497 4948 2659 5022 πεςίρα
2705 4943 3024 5022 κακῶνηκαὶ
3049 4942 3106 4996 τὸ
3129 4942 3392 5022 ἄτρεπτον
3422 4943 3546 5022 ἔχῃ,
3589 4957 3693 5022 etc.

469 5021 629 5091 paulo
657 5027 777 5091 post
804 5018 918 5091 lego
949 5019 1370 5091 παρασχομένης
1401 5021 1538 5083 ὁδόν,
1575 5033 1630 5075 ιιι
1662 5023 1816 5075 estin
1842 5021 2030 5077 eodem

468 5089 624 5162 libro.
658 5089 989 5162 Subatnlitur
1017 5089 1488 5162 cuiiuﬁaMosng.
1519 5092 1573 5144 In
1608 5091 1793 5162 codice
1818 5091 2027 5162 Fuketii

465 5168 518 5210 et
574 5158 627 5210 in
680 5158 953 5214 veteribus
1005 5161 1218 5215 sizhedis
1270 5158 1472 5231 legitur
1530 5161 1676 5232 μόνῳ
1727 5161 1860 5214 Θεοῦ
1904 5163 2026 5215 νεύ-

511 5243 622 5280 ατι.

469 5245 646 5374 μᾝὲ)
686 5297 995 5374 Ἐντεῦθεν
1011 5298 1077 5351 δὲ
1099 5299 1194 5374 καί
1228 5299 1294 5353 τὸ
1316 5299 1402 5374 μὴ
1437 5300 1792 5374 μεταμέλειν
1821 5302 1917 5356 ἐπὶ
1948 5303 2025 5374 τῇ

467 5367 689 5487 agam.
743 5369 798 5422 In
857 5370 1042 5424 codice
1099 5369 1235 5424 Fuk.
1292 5367 1676 5445 scribitur'pij
1735 5367 2032 5446 μεταμέλει

467 5453 498 5487 σ
535 5454 611 5487 αι.

467 5453 611 5490 συαι.

540 5506 650 5583 (16)
697 5507 894 5583 Eriza
933 5507 1154 5583 d'r_t'tg
1188 5511 1552 5583 προσπίπτοι
1597 5514 1770 5583 πείρᾳ
1814 5513 2032 5568 κακῶν.

469 5572 650 5650 Malim
692 5572 1197 5650 scriberemipain
1226 5572 1584 5647 nominativo;
1611 5585 1662 5638 id
1689 5572 1833 5639 enim
1868 5585 2035 5638 multo

468 5645 772 5723 elegantius
822 5649 954 5723 mihi
1006 5645 1242 5723 videtur.
1277 5650 1396 5704 Mox
1425 5645 1707 5723 legendum
1732 5663 1817 5708 est
1845 5655 2035 5722 procul

466 5711 632 5789 dubio
657 5715 755 5766 καὶ
795 5717 858 5768 τὸ
891 5717 1159 5789 ἄτρεπτον
1188 5719 1351 5789 ἔχειν,
1381 5711 1506 5776 etc?
1521 5711 1862 5778 Subauditur.
1884 5725 2032 5778 enim

469 5782 698 5838 verbum
728 5782 1117 5855 παραγίνεται,
1141 5782 1280 5858 (ιυδά
1309 5790 1469 5858 paulo
1499 5803 1623 5846 ante
1639 5793 1930 5862 praecessit.
1969 5793 2024 5848 In

2216 5019 2329 5090 (l7)
2381 5006 2464 5072 Τὸ
2497 5006 2809 5090 ἀήττητον.
2857 5006 3141 5090 A'd_oram
3196 5006 3423 5090 codicis
3444 5006 3695 5090 Humani

2139 5082 2458 5144 emendatur
2502 5087 2594 5138 τὸν
2635 5086 2898 5156 ἀήττητον
2949 5082 3165 5156 ἔχουσα.
3202 5083 3371 5156 Quam
3408 5083 3692 5156 lectionem

2138 5169 2359 5216 secutus
2389 5165 2473 5212 est
2498 5153 3042 5224 Christdpbbrsonus.
3097 5155 3275 5222 Atque
3311 5153 3386 5207 ita
3433 5155 3696 5210 scribitur

2137 5232 2191 5285 in
2224 5228 2411 5284 codice
2450 5225 2681 5280 Fuketii.

2203 5299 2314 5370 (l8)
2340 5295 2508 5370 Παρᾲ
2655 5295 2793 5370 Dego
2829 5294 2962 5370 πρὸς
2985 5293 3063 5357 δὲ,
3093 5291 3248 5346 τοῦτο
3275 5292 3690 5370 μεμαθήκαμεν,

2143 5363 2399 5442 obiri-(po;
2420 5363 2800 5442 adverbialiter
2827 5363 3174 5442 sumiturpro
3203 5363 3450 5442 προσέτι.

2211 5433 2322 5511 (19)
2349 5437 2457 5494 Καὶ
2474 5436 2554 5511 ᾡς
2570 5433 2679 5502 τῆς
2704 5435 2955 5511 ᾴδικίας.
2975 5434 3030 5511 l_n
3053 5433 3190 5511 libro
3214 5433 3392 5511 ilionei
3412 5433 3481 5486 ad
3497 5433 3690 5502 margi-

2142 5502 2264 5583 nem
2296 5502 2615 5583 emendatur
2637 5505 2730 5558 καὶ
2761 5506 2836 5569 ὼς
2862 5506 2936 5583 «at
2955 5504 3052 5575 τῆς
3086 5502 3318 5566 ἀδικίας,
3362 5513 3495 5583 etc.,
3529 5518 3686 5583 quam

2139 5580 2460 5649 scripturam
2507 5575 2560 5629 in
2587 5572 3047 5649 jttterpretatione
3073 5587 3169 5627 sua
3201 5573 3473 5649 expressit
3525 5572 3677 5649 Chri-

2140 5642 2554 5731 stophorsonus.
2587 5644 2714 5731 alibi
2743 5642 3086 5731 'hzecllocutio
3114 5657 3300 5731 p'arulm
3315 5642 3681 5731 (incivilite-

2139 5711 2250 5773 tur'.
2296 5720 2478 5786 Itaque
2521 5716 2702 5786 malim
2753 5715 2989 5786 scribere
3029 5714 3086 5786 ἐν
3121 5711 3278 5786 ᾧ,τά
3305 5712 3403 5782 τῆς
3449 5711 3678 5774 ἀδικίας.

2139 5790 2316 5844 Codex
2348 5783 2523 5842 tamen
2547 5784 2681 5840 Fuk.
2713 5786 2874 5842 habet
2903 5783 2994 5837 καὶ
3022 5783 3097 5847 ὡς
3129 5783 3194 5836 τὰ
3219 5783 3337 5853 τῆς,
3371 5790 3481 5838 etc.
