3926 6264
244 281 372 337 1281

243 403 651 473 σφαγιαςόντων
700 404 877 477 ψυχὰς
941 407 1182 472 δικαίας·

239 493 441 567 ῇραντο
477 495 565 548 τὸν
605 499 946 568 προσήκοντα
991 500 1212 572 τοιαύτῃ
1252 501 1518 573 θρησκείᾳ
1541 518 1554 532 ⁸
1588 503 1809 574 Μέμφις

240 589 332 642 καὶ
392 588 646 644 Βαϐυλὼν
701 591 1133 666 ἐρημωθήσεται,
1189 594 1283 647 καὶ¹
1341 595 1582 665 άοίκητοι
1636 613 1806 650 κατα-

237 679 612 752 λειφθήσονται
654 683 793 754 μετὰ
835 683 941 737 τῶν
979 684 1244 756 πατρῴων
1275 685 1429 739 θεῶν.
1483 689 1591 741 Καὶ
1647 689 1798 754 ταῠτῗ

155 794 158 796 τ
236 773 336 826 οὐκ
356 774 412 840 ἐξ
446 776 613 846 ἀκοῆς
641 775 806 844 λέγω,
833 775 948 829 ἀλλ’
982 777 1143 842 αὑτός
1185 796 1243 831 τε
1288 777 1478 850 παρὼν
1520 780 1612 834 καὶ
1661 781 1802 833 ἱστο-

239 862 432 933 ρήσας,
469 864 709 935 ἐπόπτης
747 881 804 916 τε
832 865 1120 936 γενόμενος
1149 867 1259 938 (20)
1297 871 1396 940 τῆς
1433 870 1652 941 οἰκτρᾶς
1697 869 1804 923 τῶν

237 954 446 1008 πόλεων
479 956 570 1008 καὶ
608 955 899 1026 δυστυχοῦς
929 958 1168 1028 Μέμφις.
1219 960 1507 1032 Ἠρήμωσε
1550 962 1607 1015 δὲ
1639 963 1802 1016 Μωῦ-

239 1050 339 1119 σῆς
368 1047 480 1120 (21)
513 1047 650 1101 κατὰ
678 1046 776 1119 τὴν
805 1047 955 1102 θείαν
990 1049 1278 1120 πρόσταξιν
1305 1050 1402 1122 τὴν
1444 1051 1535 1105 τοῦ
1569 1052 1802 1106 δυνατω-

236 1136 399 1191 τάτου
460 1136 580 1190 τότε
648 1135 845 1209 Φαραὼ
920 1135 1138 1209 χώραν,
1198 1139 1256 1192 ὃν
1285 1141 1579 1212 ’ὑπεροψία
1638 1143 1800 1196 κατέ-

236 1229 439 1301 θραυσε
468 1230 598 1301 (ΞΞΥ
629 1229 719 1283 τόν
757 1247 816 1284 τε
861 1229 1088 1301 στρατὸν
1130 1230 1292 1284 αὐτοῦ
1327 1232 1532 1287 πολλῶν
1574 1235 1668 1288 καὶ
1709 1253 1804 1305 με-

234 1322 438 1391 γίστων
473 1321 639 1376 ὲθνῶν
675 1321 984 1393 νικηφόρον,
1030 1324 1408 1394 πεφραγμένον
1447 1342 1505 1378 τε
1551 1327 1642 1380 καὶ
1670 1327 1802 1380 καθ-

235 1413 573 1484 ωπλισμένον
599 1412 732 1484 (25),
765 1414 825 1468 οὐ
858 1413 1025 1485 βελῶν
1048 1413 1387 1486 τοξεύμασιν,
1412 1417 1516 1471 οὐδ’
1542 1419 1801 1474 ἀκοντίων

237 1507 443 1577 ῥιπαῖς,
488 1505 625 1580 μόνῃ
655 1505 698 1559 δ’
735 1506 857 1580 ὁσίᾳ
889 1511 1158 1581 προσευχῇ
1210 1510 1300 1563 καὶ
1331 1510 1522 1582 ἡμέρῳ
1561 1511 1800 1583 λιτανείᾳ

233 1596 503 1652 καθεῖλεν.

753 1689 1144 1744 ΚΕΦΑΛΑΙυΝ
1177 1692 1272 1745 lZ’.

1009 284 1466 343 CONSTANTINI
1505 284 1768 343 ORATIO
1807 285 1898 340 AD
1938 283 2360 344 SANCTORUM
2393 283 2683 341 COETUM.

3344 293 3479 348 1282

1258 409 1531 479 τοιγάρτοι
1579 437 1584 441 -
1601 427 1670 463 κα
1678 409 1787 480 ρπὸε

1914 424 2031 464 rum
2062 418 2116 464 et
2138 407 2536 480 Egyptiorum,
2565 408 2721 464 :ereis
2752 423 2814 464 ac
2841 408 3036 480 ﬁglinis
3057 409 3366 469 simulacris
3396 416 3478 468 in.

1917 512 2174 558 nocentes
2205 501 2450 557 homines
2478 510 2868 557 mactarentur.
2905 501 3056 559 Unde
3087 513 3142 558 et
3166 506 3474 561 mercedem

1910 594 2003 650 tali
2044 593 2302 663 religione
2330 593 2541 664 dignam
2574 594 2894 649 retulerunt.
2947 594 3232 665 Memphis,
3275 597 3471 666 inquit,

1910 696 1967 742 et
1999 685 2234 757 Babylon
2269 687 2604 754 vastabitur;
2656 696 2712 741 et
2764 697 2994 756 utraque
3038 687 3252 742 deserta
3309 689 3474 746 relin-

1911 788 2111 847 quetur
2140 793 2262 832 cum
2298 779 2403 832 diis
2432 779 2641 846 patriis.
2672 780 2846 848 Atque
2879 780 2995 834 haec
3038 795 3138 850 ego
3180 795 3286 835 non
3322 783 3474 836 audi-

1913 871 2056 926 tione
2102 879 2320 940 accepta
2371 884 2756 936 commemoro,
2790 871 2883 925 sed
2921 873 3300 940 quae-ipsemet
3333 889 3473 941 prie-

1907 977 2032 1019 sens
2059 962 2201 1027 vidi;
2241 962 2564 1018 miseranda:
2593 963 2781 1016 barum
2817 963 3028 1018 urbium
3060 964 3223 1019 sortis
3261 975 3471 1034 specta-

1905 1064 1989 1109 tor
2011 1053 2205 1109 factus.
2238 1053 2390 1109 Jacet
2420 1055 2634 1110 deserta
2664 1054 2956 1124 Memphis.
2990 1055 3079 1109 illa
3100 1057 3468 1126 potentissimi

1905 1147 2176 1216 quondam
2219 1145 2380 1215 Regis
2425 1145 2727 1202 Pharaonis
2781 1147 2960 1211 sedes,
3011 1163 3170 1217 quem
3220 1149 3467 1219 superbia

1907 1235 2108 1290 elatum
2125 1237 2337 1308 Moyses
2355 1236 2509 1306 jussu
2540 1237 2633 1292 Dei
2668 1239 2934 1308 percussit
2959 1256 2971 1292 :
3001 1249 3055 1294 et
3080 1240 3379 1295 exercitum
3400 1240 3468 1296 il-

1908 1324 2010 1380 lius
2038 1327 2334 1380 multarum
2382 1338 2436 1382 et
2486 1328 2845 1383 maximarum
2897 1331 3135 1398 gentium
3179 1331 3466 1400 victorem,

1907 1415 2075 1470 armis
2107 1416 2273 1483 probe
2300 1416 2621 1470 instructum
2655 1432 2718 1471 ac
2746 1420 3044 1484 munitum,
3087 1435 3192 1474 non
3231 1421 3464 1476 telorum

1907 1519 1971 1560 ac
1993 1505 2295 1570 jaculorum
2333 1507 2647 1575 missilibus,
2682 1508 2776 1564 sed
2816 1524 2949 1578 pura
2975 1510 3240 1565 duntaxat
3277 1526 3458 1582 precn-

1909 1597 2052 1652 tione
2080 1607 2134 1652 et
2165 1598 2346 1666 quieta
2377 1600 2771 1671 supplicatione
2795 1600 3011 1655 delevit.

2479 1690 2703 1746 CAPUT
2743 1691 2899 1746 XVII.

234 1777 373 1852 Hegi
405 1777 515 1846 τῆς
542 1778 836 1852 Μωῢσέως
863 1781 1082 1852 σοφίας
1111 1779 1472 1852 ζηλωθείσης
1500 1782 1656 1852 παρὰ
1681 1781 1787 1852 τῶν

1902 1779 1987 1852 De
2015 1781 2272 1852 sapientia
2294 1780 2493 1852 Moysis
2518 1799 2674 1852 quam
2709 1785 2983 1852 gentilium
3011 1786 3267 1852 sapientes
3298 1803 3466 1840 (vntu-

303 1848 528 1971 ἐξωὲεν
547 1848 773 1918 σοφῶν,
798 1851 896 1904 καί
923 1848 1055 1920 περὶ
1105 1850 1328 1919 Δανιὴλ
1355 1853 1451 1906 καὶ
1483 1848 1598 1905 τῶν
1629 1851 1804 1920 τριῶν

304 1934 411 1971 παι
455 1937 560 1971 ων.

304 1934 560 1974 παίσων.

303 2010 494 2075 Οὐδεὶς
514 2011 558 2064 δ’
579 2010 644 2065 ἂν
663 2011 868 2066 ἐκείνου
891 2013 984 2067 τοῦ
1010 2013 1178 2085 δήμου
1216 2013 1621 2086 μακαριώτερος
1646 2013 1802 2082 γέγοο

233 2117 290 2155 νε
320 2101 561 2167 πώποτε,
600 2102 633 2174 ἢ
663 2103 887 2172 γένοιτο,
918 2105 965 2158 εί
1004 2104 1076 2176 μὴ
1115 2104 1213 2168 τὰς
1239 2105 1414 2176 ψυχὰς
1441 2104 1619 2158 αὐτῶν
1646 2105 1798 2157 ἑκόν-

231 2210 324 2257 τες
351 2193 445 2248 τοῦ
477 2193 628 2262 ἁγίου
658 2194 968 2266 Πνεύματος
999 2195 1369 2268 ἀπεκήρυξαν.
1410 2195 1473 2248 Τί
1500 2195 1544 2248 δ’
1568 2195 1634 2248 ἂν
1657 2195 1800 2248 εἴποι

231 2301 318 2349 τις
343 2285 492 2352 ἄξιον
517 2285 643 2358 περὶ
663 2287 971 2351 Μωῦσέως;
1003 2289 1098 2350 Ὃς
1112 2286 1340 2340 ἄτακτον
1358 2285 1524 2357 δῆμον
1551 2287 1630 2348 είς
1647 2284 1800 2351 τάξιν

232 2370 476 2440 ἀγαγὼν,
509 2372 686 2426 πειθοῖ
710 2390 769 2426 τε
797 2374 890 2426 καὶ
918 2374 1056 2426 αἰδοῖ
1085 2373 1183 2438 τὰς
1215 2373 1392 2445 ψυχὰς
1417 2373 1594 2427 αὐτῶν
1630 2391 1800 2427 κατα-

231 2465 537 2535 κοσμήσας,
575 2464 694 2518 ἀντὶ
723 2465 818 2536 μὲν
843 2464 1236 2536 αἰχμαλωσίας,
1274 2465 1581 2538 ἐλευθερίαν
1619 2467 1800 2529 αὐτοῖς

232 2557 507 2627 ἐδωρεῖτο,
555 2556 673 2609 ἀντὶ
705 2555 762 2610 δὲ
804 2556 1270 2629 σκυθρωπότητος,
1311 2557 1568 2630 φαιδροὺς
1604 2558 1795 2623 ἐποίει,

230 2649 328 2700 καὶ
360 2649 441 2710 είς
471 2646 719 2701 τοσοῦτον
745 2648 843 2719 τὴν
862 2647 1037 2721 ψυχὴν
1067 2649 1244 2703 αὐτῶν
1271 2649 1632 2721 προηγάγετο,
1659 2649 1798 2703 ὥστε

231 2742 298 2811 τῇ
319 2738 441 2794 λίαν
465 2741 558 2792 ἐπὶ
585 2740 842 2811 τάναντίᾳ
887 2742 1177 2815 μεταϐολῇ,
1205 2746 1271 2815 τῇ
1304 2760 1363 2796 τε
1394 2741 1501 2796 τῶν
1524 2741 1792 2814 κατορθω·

236 2834 423 2904 μάτων
468 2835 688 2907 εὐτυχίᾳ
737 2833 1154 2908 ἀλαζονέστερον
1188 2837 1248 2890 τὸ
1287 2836 1536 2908 φρόνημα
1568 2834 1674 2888 τῶν
1706 2836 1798 2888 ἀν-

188 2974 192 2982 .
230 2923 372 2996 δρῶν
404 2925 688 2994 γενέσθαι·
713 2925 772 2990 ὃς
801 2925 1049 2980 τοσοῦτον
1081 2929 1323 3000 ὑπερῇρε
1354 2927 1514 2997 σοφίᾳ
1539 2925 1663 2989 τοὺς
1691 2926 1796 2998 πρὸ

231 3016 416 3081 αὐτοῦ,
462 3015 601 3071 ὥστε
638 3017 732 3071 καὶ
778 3019 901 3082 τοὺς
931 3021 1320 3092 ἐπαινομένους
1361 3018 1464 3072 ὑπὸ
1495 3017 1601 3071 τῶν
1628 3017 1795 3073 ἐθνῶν

1970 1850 2066 1904 lati
2093 1863 2257 1906 sunt:
2290 1850 2414 1905 item
2451 1850 2537 1906 de'
2563 1850 2781 1907 Daniéle
2809 1865 2856 1908 et
2892 1857 2957 1910 de
2989 1850 3154 1910 tribus
3182 1860 3380 1926 pueris.

1972 2010 2160 2066 Nullus
2191 2025 2354 2080 porro
2382 2010 2591 2066 beatior
2619 2026 2854 2082 unquam
2883 2013 2974 2068 illo
3010 2015 3208 2083 populo
3238 2014 3337 2068 fuit
3367 2025 3464 2070 aut

1902 2099 2116 2156 futurus
2149 2110 2314 2164 esset,
2364 2101 2470 2156 nisi
2516 2111 2725 2156 mentes
2775 2117 2902 2157 suas
2954 2119 2982 2157 a
3037 2105 3222 2160 divino
3253 2105 3463 2174 Spiritu

1900 2192 2277 2248 abStraxisset.
2309 2191 2512 2247 Mosem
2561 2207 2689 2248 vero
2714 2194 2834 2262 quis
2865 2204 2949 2248 est
2996 2195 3086 2264 qui
3127 2209 3225 2263 pro
3270 2195 3464 2249 merito

1902 2284 2122 2338 laudare
2140 2283 2467 2353 possitiQui
2493 2299 2616 2338 cum
2646 2285 2932 2341 confusam
2961 2295 3117 2339 antea
3150 2284 3461 2340 Iudaeorum

1902 2375 2292 2431 multitudinem
2322 2377 2376 2430 in
2408 2387 2584 2432 certos
2610 2378 2832 2432 ordines
2867 2378 3208 2447 digessisset,
3237 2392 3459 2432 eorum-

1899 2484 2004 2540 que
2023 2469 2233 2526 animos
2261 2471 2520 2540 obsequio
2544 2479 2602 2526 et
2629 2470 2951 2526 verecundia
2979 2477 3325 2536 exornasset,
3363 2484 3462 2539 pro

1898 2563 2158 2618 servitute
2186 2563 2402 2634 quidem
2436 2563 2744 2619 libertatem
2769 2565 2849 2620 eis
2875 2563 3108 2619 reddidit
3134 2579 3150 2628 ;
3197 2577 3296 2633 pro
3327 2576 3463 2618 moe-

1898 2653 2047 2710 Stitia
2071 2670 2200 2710 vero
2229 2655 2562 2710 hilaritatem
2587 2655 2718 2724 ';qni
2748 2655 3062 2711 eorumdem
3095 2655 3308 2710 animos
3335 2663 3457 2708 tan-

1901 2753 2086 2814 topere
2109 2745 2302 2808 erexit,
2333 2755 2390 2799 ut
2416 2746 2485 2801 ob
2523 2745 2852 2814 insperatam
2899 2760 3083 2800 rerum
3132 2759 3357 2800 suarum
3402 2745 3456 2799 in

1897 2836 2090 2892 melius
2124 2839 2495 2903 mulationem,
2527 2837 2690 2908 590
2717 2848 2771 2894 et
2811 2837 2880 2893 ob
2907 2853 3195 2908 prosperos
3235 2851 3456 2892 succes-

1897 2943 1990 2984 sus
2028 2939 2190 2998 atque
2222 2929 2498 2994 victorias,
2531 2928 2672 2984 fastu
2708 2930 2940 2998 quodam
2964 2937 3020 2984 et
3051 2929 3346 2985 insolentia
3371 2930 3459 2984 ef-

1897 3020 2168 3076 ferrentur
2207 3021 2330 3087 ;qui
2391 3019 2628 3090 reliquos
2676 3036 2866 3077 omnes
2917 3021 3010 3090 qui
3070 3021 3246 3090 ipsum
3296 3030 3459 3076 tetate

230 3106 350 3177 ήτοι
379 3107 575 3177 σοφοὺς
604 3108 696 3161 καὶ
730 3109 1048 3180 φιλοσόφους
1076 3111 1206 3195 (Ξό),
1244 3108 1488 3183 ζηλωτὰς
1516 3109 1614 3180 τῆς
1651 3109 1766 3162 ἐκεί

1900 3119 2312 3183 praecesserant,
2343 3111 2606 3181 sapientia
2651 3129 2822 3184 usque
2873 3111 3007 3168 adeo
3052 3114 3350 3182 superavit,
3399 3121 3458 3166 ιιι
3546 3101 3568 3120 ⁸

303 3261 441 3335 (20)Δ
467 3261 773 3335 ΔῈστόεττης
806 3283 869 3319 τε
892 3265 1226 3335 γενόμενος.
1273 3263 1362 3318 Αἰι
1395 3264 1786 3321 Constantinus

231 3346 290 3387 se
325 3331 593 3390 excidium
623 3348 676 3393 et
701 3331 1271 3390 vastitatem'duarnm
1304 3335 1431 3388 olim
1464 3337 1780 3404 potentissi-

232 3417 446 3456 marum
475 3405 998 3477 urbium,iMemphis
1044 3405 1250 3477 scilicet
1277 3414 1330 3459 et
1355 3404 1662 3477 Babylonis,
1695 3420 1784 3459 co-

233 3487 348 3525 ram
379 3483 670 3541 spectasse.
701 3476 1057 3542 Quatrendum
1088 3474 1252 3546 igitur
1281 3485 1368 3546 est
1390 3491 1419 3528 a
1455 3474 1633 3546 nobis,
1657 3490 1787 3544 quo-

232 3557 379 3616 n_am_
406 3552 646 3616 tempore
702 3546 1089 3616 Constantinus
1115 3544 1205 3616 'ad
1248 3559 1320 3616 ea
1357 3544 1471 3599 loca
1512 3544 1785 3616 prolectus

230 3613 322 3666 sit.
364 3611 420 3665 In
445 3611 739 3686 Egyptum
766 3615 980 3686 quidem
1012 3611 1544 3686 juvenisadmodnm
1592 3615 1777 3684 profe-

231 3692 350 3736 ctus
381 3691 483 3745 est,
512 3684 634 3740 cum
668 3687 721 3741 in
751 3684 1064 3739 Diocletiani
1103 3684 1360 3738 comitatu
1403 3685 1680 3747 militaret,
1725 3694 1780 3737 et

231 3752 440 3806 obsidis
467 3753 636 3810 instar
685 3757 751 3810 ab
793 3769 857 3808 eo
898 3763 1190 3808 teneretur.
1228 3753 1408 3808 Multis
1441 3755 1584 3808 enim
1621 3755 1780 3807 annis

233 3821 601 3893 Diocletianus
654 3827 705 3880 in
758 3824 996 3893 IEgypm
1051 3823 1248 3893 bellum
1298 3824 1466 3891 gessit
1520 3823 1779 3877 adversus

229 3891 551 3963 échilleum,
583 3897 672 3962 qui
717 3895 765 3948 in
796 3891 1030 3963 Egypt!)
1077 3891 1448 3963 rebellaverat,
1488 3903 1546 3946 ut
1591 3893 1781 3946 scribit

231 3960 540 4034 Eutrqpius.
597 3960 673 4019 Ex
712 3960 951 4034 {Egypto
991 3972 1175 4034 postea
1230 3962 1625 4034 Constantinus
1673 3977 1779 4016 una

233 4047 356 4096 cum
385 4030 712 4089 Diocletiano
768 4030 916 4088 venit
964 4034 1014 4085 in
1057 4033 1372 4101 Syriam,et
1398 4047 1494 4100 per
1539 4031 1779 4101 [alanti-

232 4116 356 4155 nam
390 4106 716 4170 provinciam
753 4104 1016 4168 transivit,
1055 4100 1140 4154 ubi
1171 4102 1403 4168 primum
1436 4103 1502 4154 ab
1545 4100 1779 4154 Eusebio

231 4172 386 4244 visus
419 4183 521 4237 est,
551 4184 610 4228 ut
645 4176 758 4244 ipse
789 4183 1034 4244 testatur.
1056 4241 1065 4244 Α
1089 4171 1318 4244 Vene_rat
1355 4179 1536 4224 autem
1570 4171 1779 4224 Diocle—

233 4243 413 4314 tianus
441 4241 776 4314 inHSyri—am,
807 4253 863 4296 nt
891 4241 1161 4314 Galerium
1209 4241 1473 4314 Caesarem
1517 4244 1609 4310 qui
1634 4257 1777 4314 _cum

233 4311 414 4366 Persis
440 4309 634 4384 bellum
668 4315 906 4384 gerebat,
939 4313 1115 4380 c0piis
1161 4311 1274 4365 suis
1301 4309 1601 4384 adjuvaret.
1631 4309 1780 4363 Man-

232 4385 410 4448 sitque
434 4383 636 4438 diutius
669 4379 720 4437 in
749 4384 926 4454 Syria,
963 4379 1234 4454 utpacem
1265 4379 1605 4454 cuni__Persis
1630 4394 1778 4454 com:

269 4445 478 4523 oneret,
521 4445 969 4523 quemadmodum
999 4445 1253 4523 discimus
1272 4445 1601 4523 _ex_Historia
1629 4449 1772 4523 Petri

231 4466 478 4574 Bonerei,
521 4466 969 4523 quemadmoaum
999 4466 1253 4507 discimus
1286 4466 1347 4502 ex
1369 4466 1601 4504 mstoria
1629 4466 1771 4503 rem

277 4522 474 4593 atricii.
501 4525 651 4578 'l‘unc
678 4525 835 4593 igitur
858 4522 1242 4593 Constantinus
1270 4519 1559 4590 Babylonis
1582 4519 1771 4574 rudera

232 4601 288 4646 et
317 4592 575 4659 reliquias
603 4591 850 4661 spectare
875 4591 1064 4661 potuit.

302 4662 416 4734 (-2“
441 4658 594 4734 Vulg.
635 4658 964 4734 ἢΜωϋσῆς.
993 4658 1494 4734 Hunc_locum__sola
1523 4668 1774 4734 transpo-

233 4731 435 4804 sitinne
475 4731 951 4804 corruptumesse
1007 4731 1293 4804 existimo,
1351 4731 1554 4804 Sensus
1627 4731 1772 4785 enim

234 4803 609 4872 apertissimus
635 4799 739 4865 est,
766 4803 808 4856 si
837 4804 1006 4855 verba
1026 4799 1326 4872 restitueris
1371 4799 1423 4853 in
1469 4800 1613 4872 hunc
1663 4816 1778 4872 mo-

1107 4869 1195 4922 τοῦ
1232 4869 1601 4923 δυνατωτάτου
1653 4871 1775 4923 τότε

236 4875 358 4944 dum
386 4889 403 4944 :_
427 4873 645 4944 Μέμφις
672 4873 981 4944 ἠρήμωται,
1001 4872 1065 4944 ,ἡ

1261 4940 1355 5010 τὴν
1379 4939 1525 5021 θείαν
1548 4939 1780 5021 aspecta:

233 4941 426 5017 (Ραραὼ
450 4941 732 5017 ὑπεροψίαλ
757 4941 813 4995 ὃν
829 4941 1230 5017 Μωυσῆςμκατὰ

236 5010 325 5086 ξινή
371 5010 739 5086 κατεθραυσε,
793 5025 917 5086 etc._
947 5010 1082 5086 Quid
1139 5014 1222 5086 his
1279 5011 1458 5064 verbis
1511 5010 1777 5086 planius?

235 5084 500 5152 ὑπεροψία
539 5080 640 5139 Ἰιὶο
681 5095 760 5137 est
789 5084 978 5152 gloria,
1021 5081 1078 5134 τὸ
1117 5081 1394 5151 καύχημα,
1426 5096 1530 5150 qua
1576 5080 1780 5152 scilicet

234 5151 354 5206 sese
404 5157 656 5209 ell'nrebat
693 5151 924 5206 Pharao.
962 5153 1215 5206 Facessat
1258 5155 1418 5221 igitur
1469 5151 1776 5219 conjectura

235 5223 728 5292 Christophorsoni,
756 5222 968 5277 Gruteri
1014 5231 1067 5276 et
1115 5221 1468 5292 aliorum.7Et
1497 5223 1609 5292 hac
1661 5221 1778 5292 qui-

235 5294 358 5346 dem
400 5290 524 5346 olim
569 5296 667 5348 fuit
705 5293 1012 5362 conjectura
1055 5301 1235 5345 nostra
1271 5293 1336 5362 de
1373 5290 1531 5359 hujus
1577 5290 1677 5362 loci
1709 5290 1779 5342 le-

235 5364 414 5416 ctione
455 5365 572 5427 ;scd
607 5375 786 5433 postea
809 5361 1655 5433 ’Fuketianumgcodicem__nacti,
1687 5375 1779 5433 ve-

239 5446 354 5484 ram
387 5448 448 5483 ac
473 5429 779 5500 germanam
827 5433 1114 5485 lectionem
1165 5430 1639 5500 deprehendimus.
1688 5429 1778 5482 Sic

239 5501 381 5572 enim
415 5499 556 5555 ineo
587 5505 775 5572 legitur
802 5517 816 5554 :
851 5502 1117 5572 Ἐπόπτης
1154 5517 1213 5572 τε
1245 5500 1535 5572 γενόμενος
1581 5499 1682 5572 τῆς
1705 5501 1781 5550 oi-

225 5570 407 5640 κτρᾶς
450 5572 553 5625 τῶν
585 5569 789 5625 πόλεων
816 5573 910 5626 καὶ
932 5569 1220 5640 δυστυχοῦς
1251 5569 1488 5639 Μέμφις·
1512 5569 1778 5640 ᾑρήμωσε

306 5637 540 5714 Μωῦσῆς
567 5644 705 5696 κατὰ
717 5644 811 5714 τὴν
833 5643 984 5714 θείαν
1005 5637 1296 5714 πρόσταξιν
1442 5637 1537 5691 τοῦ
1556 5637 1782 5714 δυνατω-

241 5713 397 5764 τάτου
420 5709 539 5765 τότε
556 5711 752 5783 Φαραὼ
769 5709 979 5786 ξχὼραν,
1031 5709 1136 5767 etc.
1188 5713 1363 5780 Atque
1381 5709 1470 5765 ita
1517 5709 1672 5780 plane
1706 5711 1778 5764 le-

1895 3263 2041 3336 gitur
2095 3265 2147 3319 in
2185 3267 2341 3322 codd.
2389 3265 2624 3321 Turnebi
2658 3265 2974 3333 etGruteri,
3020 3267 3123 3322 nisi
3159 3267 3304 3336 quod
3343 3268 3456 3322 dis-

1895 3335 2080 3406 tinctio
2098 3335 2183 3389 illa
2209 3352 2371 3406 quam
2394 3337 2692 3404 posuimus,
2713 3337 2922 3405 propria
2953 3346 3036 3391 est
3061 3335 3264 3391 codicis
3292 3335 3454 3399 Fnk.,

1895 3403 2090 3476 inquo
2139 3403 2258 3474 post
2304 3403 2526 3476 Μέμφις
2575 3403 2828 3473 punctum
2869 3407 3177 3475 apponitur.
3234 3407 3454 3476 Μέμφις

1895 3474 2056 3543 igitur
2088 3477 2137 3545 in
2177 3474 2411 3545 genitivo
2447 3474 2582 3529 dixit
2633 3477 2902 3544 interpres
2941 3474 3112 3544 ’bnjus
3167 3474 3453 3540 orationis,

1893 3559 2015 3617 cum
2047 3543 2334 3614 Μέμφεως
2357 3547 2534 3617 dicere
2566 3543 2856 3617 debuisset.
2889 3545 2995 3617 Sed
3027 3543 3081 3599 et
3109 3547 3330 3617 οἰκτρᾶς
3364 3563 3458 3616 po-

1886 3614 2032 3686 nitur
2052 3613 2148 3686 βτρ
2175 3613 2552 3686 οἰκτροτάτης.
2592 3614 2768 3686 Porro
2793 3613 2944 3680 juxta
2968 3616 3118 3686 hanc
3143 3613 3450 3677 lectionem,

1885 3682 2055 3735 solum
2091 3682 2362 3753 Memphin
2394 3703 2422 3736 ει
2453 3682 2514 3738 se
2551 3685 2720 3738 visam
2769 3699 2890 3739 esse
2931 3684 3005 3736 ait
3043 3686 3450 3749 Constantinus,

1884 3754 2026 3820 quod
2057 3755 2302 3821 equidem
2328 3755 2507 3807 verius
2535 3765 2684 3822 puto.
2722 3753 2905 3821 Neque
2939 3753 3083 3805 enim
3120 3754 3449 3822 Babylonem

1885 3837 2122 3888 unquam
2158 3825 2340 3877 videre
2371 3823 2565 3890 potuit,
2599 3822 2795 3892 quippe
2822 3823 2923 3892 qui
2945 3838 3220 3890 nunquam
3263 3824 3315 3874 in
3348 3826 3451 3875 As-

1885 3892 2084 3960 syriam
2116 3895 2502 3959 penetraverit.
2551 3890 2850 3960 ln‘schedis
2896 3890 3084 3960 Regiis
3133 3893 3202 3945 ita
3256 3892 3452 3960 legitur

1887 3959 1975 4033 hic
2025 3961 2196 4024 locus,
2223 3963 2320 4033 τῆς
2352 3963 2574 4032 οἰκτρᾶς
2614 3959 2727 4033 τῶν
2763 3961 2968 4014 πόλεων
3001 3959 3208 4033 τύχηςξ,
3227 3959 3451 4030 Μέμφις

1876 4030 2163 4100 ἠρήμωσε,
2198 4030 2331 4096 etc),
2364 4044 2421 4085 ut
2454 4030 2505 4084 in
2536 4032 2762 4100 vulgatis
2787 4030 3142 4086 cditionibns.
3177 4031 3230 4083 In
3263 4033 3450 4085 codice

1878 4099 2057 4172 autem
2083 4099 2250 4170 Regio
2272 4102 2560 4172 ἠρήμωται
2592 4099 2806 4172 legitur,
2833 4111 2895 4172 ut
2923 4102 3092 4157 edidit
3115 4100 3460 4171 Stepbanus._

1879 4169 2114 4223 Savilius
2146 4169 2272 4226 vero
2298 4169 2530 4225 'i'n'libro
2561 4169 2662 4224 suo
2697 4171 2840 4224 hunc
2884 4170 3058 4225 locum
3090 4173 3159 4222 ita
3189 4173 3445 4223 emenda-

1879 4239 1974 4314 3i."
2006 4239 2212 4314 πέλεων
2250 4240 2699 4314 τύχηςζΜέκμφις
2735 4241 3350 4314 ἠρήμωταιζῂρήμωσε
3393 4241 3450 4298 δὲ

1877 4289 2277 4379 mussante.“
2292 4289 2418 4366 'S‘é'ti
2439 4289 2696 4388 {agnita
2727 4289 3025 4388 satiatis
3059 4289 3284 4388 una;
3300 4289 3452 4388 ’ἧρῆξ

1885 4395 2083 4447 μωται,
2119 4397 2218 4436 nec
2249 4397 2370 4435 eum
2403 4381 2755 4449 sequentibus
2781 4381 3078 4435 coharrens.
3127 4383 3269 4446 Quid
3305 4381 3448 4451 quod

1883 4465 1981 4504 nec
2011 4451 2537 4560 Christophorsonus
2569 4465 2633 4504 ea
2680 4451 2843 4506 verba
2893 4451 2948 4528 ip
2995 4451 3452 4522 interpretatione

1883 4531 1972 4560 sum
2006 4531 2221 4560 natumut

1879 4531 1972 4571 sua
2006 4531 2255 4574 retinuit!

1940 4587 2055 4659 (22)
2075 4593 2183 4660 Ὃν
2199 4591 2499 4658 ὑπεροψία
2515 4589 3450 4660 κατέθραυσε.ϐιιτίειοιιιιοιιεοιιιιε

1877 4661 2059 4723 vertit,
2105 4659 2274 4725 Quem
2328 4661 2607 4714 insolentia
2659 4662 2856 4712 elatum
2908 4659 3184 4731 perfregit.
3238 4661 3316 4715 Ex
3343 4677 3450 4731 quo

1879 4740 2126 4801 apparet,
2161 4745 2284 4784 eum
2315 4731 2649 4799 supplevisse
2701 4729 3016 4800 ἐπῃρμένον
3055 4729 3146 4785 aut
3194 4731 3322 4801 quid
3361 4729 3449 4785 εἰ·

1881 4799 2137 4872 ιιιιίθδθιῑ
2162 4801 2298 4872 nihil
2316 4816 2449 4872 Opus
2469 4810 2553 4854 est
2577 4799 3107 4872 haceuiemlatioue,
3134 4799 3259 4872 cuin
3283 4801 3450 4872 ὑπερ-

1877 4867 2004 4937 οψία
2056 4871 2108 4924 in
2159 4867 2490 4924 nominativo
2527 4869 2696 4938 accipi
2742 4873 2936 4937 possit.
2994 4871 3152 4926 Certe
3189 4871 3240 4924 in
3269 4867 3449 4924 omni—

1879 4940 1980 4994 bus
2015 4943 2213 5010 nostris
2242 4940 2523 4995 codicibus
2554 4939 2708 5009 Reg,
2737 4941 2761 4990 ι·
2780 4940 2897 5007 nk.,
2925 4941 3230 5004 etschedis,
3258 4941 3452 5010 legitur

1880 5012 2083 5079 absque
2125 5009 2258 5063 ίῶτα
2307 5012 2631 5078 subscripta.
2692 5011 2787 5065 Sic
2836 5014 2976 5066 inira
3041 5009 3448 5079 loquimcha-

1881 5081 1990 5145 pite
2053 5081 2153 5145 19,
2216 5083 2250 5151 ἡ
2312 5081 2501 5148 ἄγνοια
2563 5079 2662 5142 τὰς
2735 5082 2913 5152 ψυχάς
2969 5079 3078 5134 τῶν
3149 5079 3449 5151 ἀνθρώπων

1879 5148 2093 5201 ἔθραυε.
2124 5161 2228 5201 etc.

1893 5151 2093 5219 ἔθραυε,
2124 5161 2228 5205 etc.

1950 5221 2058 5289 (25)
2085 5223 2343 5289 Hsgopar.
2376 5237 2440 5273 τε
2462 5220 2557 5291 καὶ
2590 5221 3110 5291 καθωπλισμένον,
3140 5219 3228 5275 Sic
3257 5219 3451 5289 legitur

1882 5289 1934 5361 in
1965 5292 2153 5361 codice
2192 5291 2328 5344 Fnk.
2375 5300 2429 5344 et
2471 5290 2525 5343 in
2563 5295 2785 5346 schedis
2822 5289 3019 5361 Regiis.
3064 5290 3172 5345 Nec
3203 5291 3450 5358 displicet

1886 5358 2095 5425 Valesio
2129 5361 2440 5429 conjectura
2472 5361 2685 5422 Savilii,
2713 5364 2804 5431 qui
2836 5358 2937 5430 legi
2967 5362 3080 5415 vult
3109 5361 3160 5414 in
3197 5361 3448 5413 nomina-

1883 5431 1990 5502 tivo
2021 5432 2402 5502 πεφραγμένος
2422 5442 2473 5484 et
2498 5433 2966 5502 καθωπλισμένος.
2987 5432 3108 5484 Mox
3141 5432 3230 5483 ubi
3257 5433 3450 5494 legitur

1879 5499 2356 5622 ἡμέρῳέετανείᾳ,
2388 5503 2577 5557 mallet
2605 5506 2746 5557 idem
2780 5499 3025 5556 Valesius
3056 5502 3292 5556 scribere
3320 5505 3448 5572 ἡρε-

1885 5585 2044 5622 ιιαιω.
2117 5587 2226 5622 υιτ.

1923 5585 2044 5624 αιω.
2072 5585 2226 5623 LDIT.

1884 5587 2226 5710 “(tgirlli'gi'
2257 5643 2656 5711 φιλοσόφους.
2699 5639 2909 5695 Omissa
2963 5640 3048 5693 hic
3084 5638 3296 5691 videtur
3322 5652 3448 5690 esse

1883 5711 2168 5779 particula,
2199 5725 2302 5779 qua
2341 5712 2558 5783 adjecta
2591 5716 2748 5779 longe
2786 5712 3090 5778 elegantior
3135 5711 3225 5764 lict
3253 5717 3444 5763 oratio.
