3926 6264
518 252 661 310 1285

1218 246 1493 305 Ευεευιι
1526 247 2005 307 CESARIENSIS
2039 247 2065 307 ί

2166 257 2192 306 ’.
2230 248 2416 307 PARS
2450 249 2499 309 l.
2530 279 2603 293 --
2638 250 3027 312 HISTORICA.

3598 262 3720 322 im

518 366 610 436 qui
637 379 671 422 ο
699 361 1002 422 Gentilibus
1021 360 1316 434 plurimum
1343 360 1692 418 celebrantur
1736 377 1830 418 seu
1866 362 2065 429 sapien‘

2180 381 2270 419 νου
2300 362 2489 434 σοφίας
2510 363 2777 433 γενέσθαι.
2806 363 3129 438 Πυθαγόρας
3152 365 3260 438 γάρ
3278 366 3380 439 τὴν
3413 368 3612 426 ἐκείνου
3645 392 3721 429 σο-

519 470 603 517 tes
677 475 770 516 seu
837 457 1160 531 philosophi,
1217 455 1496 527 sapientia:
1548 457 1690 513 illius
1740 458 2081 513 mmulatores

516 551 846 607 exstiterint.
877 549 1222 621 Pythagoras
1247 560 1395 606 certe
1417 550 1743 621 sapientiam
1772 550 1889 619 ejus
1912 565 2081 605 aemu-

516 645 678 710 latus,
708 643 985 699 modestiae
1013 657 1182 699 causa
1220 652 1499 713 tantOpere
1536 642 1851 699 celebratus
1884 651 1991 708 est,
2021 650 2079 699 ut

2179 454 2305 522 φίαν
2336 454 2728 525 μιμησάμενος,
2773 455 2853 519 είς
2876 453 3128 509 τοσοῦτον
3157 456 3249 509 ἐπὶ
3277 458 3591 534 σωφροσύνη
3621 463 3719 520 διο,-

2179 544 2453 617 6εϐόηται,
2497 546 2637 600 ὥστε
2684 545 2880 618 καὶτῷ
2913 549 3335 621 σωφρονεστάτῳ
3363 551 3597 607 Πλάτωνι
3631 574 3718 611 πα.

2180 634 2445 707 ράδειγμα
2477 637 2574 709 τὴν
2598 636 2788 690 ἑαυτοῦ
2814 638 3139 709 ὲγκράτειαν
3161 641 3517 713 καταστῆσαι.
3545 646 3716 721 Δανιὴλ

515 739 667 795 Plato
698 738 781 793 vir
822 737 1278 803 modestissimus,
1329 737 1714 795 abstinentiam
1766 736 1909 792 illius
1931 736 2065 791 velut

2176 725 2222 778 δ’
2257 725 2367 796 (25)
2393 729 2421 781 6
2452 727 2712 792 θεσπίσας
2749 729 2818 783 τά
2844 728 3122 799 μέλλοντα,
3152 730 3246 784 καὶ
3276 731 3379 802 τῆς
3409 733 3716 809 ἐξοχωτάτης

514 829 818 896 exemplum
857 830 960 885 sibi
1000 830 1068 884 ad
1117 829 1443 885 imitandum
1495 838 1844 900 proponeret.
1891 826 2078 884 Daniel

513 936 753 992 quoque,
780 921 859 990 [is
888 921 981 992 qui
1033 920 1212 977 futura
1239 922 1513 992 praedixit,
1536 930 1596 989 et
1624 921 1714 991 qui
1747 936 1970 976 summa:
1990 936 2079 975 cu-

506 1012 719 1082 jusdam
749 1011 1144 1082 magnitudinis
1196 1011 1364 1066 animi
1392 1011 1663 1080 specimen
1716 1011 1913 1077 edidit,
1961 1025 2078 1065 mo-

511 1119 740 1173 rumque
778 1113 831 1160 et
865 1104 1029 1161 totius
1056 1104 1180 1160 vita:
1205 1103 1498 1159 sanctitate
1529 1102 1811 1170 excelluit,
1858 1105 2072 1174 qualem

510 1205 565 1251 et
596 1211 756 1265 quam
804 1210 1053 1266 asperam
1102 1194 1319 1267 tyranni
1354 1194 1497 1250 illius
1525 1194 1617 1265 qui
1649 1204 1762 1250 tum
1818 1197 1871 1250 in
1918 1194 2076 1267 Syria

513 1286 913 1354 dominabatur,
970 1287 1232 1344 saevitiam
1295 1288 1578 1359 superavit
1622 1287 1646 1341 ’ί
1692 1287 1899 1343 Nomen
1950 1288 2075 1343 huic

513 1388 632 1432 erat
665 1376 1160 1433 Nabuchodonosor
1192 1395 1207 1445 ;
1255 1377 1409 1446 cujus
1452 1377 1626 1448 stirpe
1651 1378 1799 1434 omni
1831 1378 2075 1434 funditus

508 1470 705 1537 deleta,
759 1472 951 1541 ingens
1011 1470 1100 1525 illa
1163 1480 1221 1526 et
1272 1472 1630 1529 formidabilis
1705 1474 1947 1542 potentia
2007 1475 2072 1528 ad

507 1563 700 1619 Persas
736 1562 993 1618 translata
1020 1572 1121 1619 est.
1176 1564 1348 1620 Erant
1391 1568 1446 1621 in
1509 1581 1604 1622 ore
1633 1566 1899 1632 omnium,
1933 1566 2074 1621 sicut

509 1656 562 1711 in
598 1657 743 1711 hunc
773 1671 941 1725 usque
988 1656 1128 1711 diem
1161 1657 1344 1713 multis
1396 1659 1674 1714 hominum
1729 1660 2070 1715 sermonibus

508 1747 870 1812 celebrantur,
926 1763 1058 1816 opes
1106 1750 1250 1819 regis
1299 1749 1488 1815 illius;
1544 1760 1601 1804 et
1646 1750 1794 1806 circa
1827 1750 2070 1806 illicitam

508 1839 818 1908 religionem
847 1839 1152 1909 importuna
1204 1841 1486 1903 sedulitas.
1534 1851 1589 1895 et
1640 1842 1705 1895 ad
1758 1839 2073 1895 fabricanda

506 1930 736 1986 deorum
767 1931 1061 1986 simulacra
1117 1933 1306 2003 ingens
1349 1934 1505 2003 copia
1560 1933 1826 2003 cujusque
1857 1932 2072 2003 generis

509 2024 849 2078 metallorum
877 2042 891 2079 :
932 2026 1256 2096 templorum
1308 2025 1438 2079 item
1491 2025 1731 2080 culmina
1760 2023 1957 2080 caelum
1985 2023 2071 2093 ip-

509 2129 653 2178 sum,
690 2125 749 2169 ut
773 2120 843 2168 ita
869 2116 1065 2181 dicam,
1099 2116 1466 2186 contingentia
1511 2134 1525 2183 ;
1580 2115 1948 2171 formidabiles
1975 2117 2071 2171 de-

507 2208 670 2275 nique
713 2208 989 2279 religionis
1023 2209 1196 2279 leges,
1230 2219 1284 2262 et
1319 2209 1383 2263 ad
1417 2208 1683 2263 smvitiam
1715 2220 2068 2277 comparatae.

506 2296 706 2352 Verum
734 2299 848 2354 haec
877 2301 1059 2354 omnia
1094 2299 1162 2355 ob
1188 2299 1456 2354 sinceram
1514 2299 1567 2354 in
1617 2299 1780 2353 Deum
1808 2298 2069 2369 pietatem

506 2389 693 2445 Daniel
724 2402 1106 2456 contemnens,
1144 2395 1517 2460 importunum
1546 2391 1675 2446 illud
1710 2392 1925 2463 tyranni
1957 2400 2073 2446 stu-

504 2478 675 2545 dium,
705 2480 1009 2550 gravissimi
1043 2482 1328 2551 cujusdam
1365 2480 1489 2534 mali
1522 2495 1742 2535 causam
1775 2482 1891 2536 fore
1925 2495 2069 2551 prm-

504 2572 659 2626 dixit.
693 2571 802 2627 Nec
838 2583 1013 2628 tamen
1048 2582 1279 2644 tyranno
1315 2574 1608 2642 persuasit;
1642 2572 1818 2644 Opum
1869 2574 2072 2643 quippe

502 2661 796 2728 afﬂuentia,
826 2665 1068 2720 maximo
1099 2664 1488 2734 impedimento
1525 2675 1608 2721 est
1655 2667 1721 2721 ad
1759 2676 1907 2722 recte
1941 2681 2067 2723 sen-

503 2755 770 2811 tieudum.
805 2755 1048 2811 Tandem
1078 2772 1209 2813 vero
1244 2758 1447 2813 mentis
1486 2773 1601 2817 sua:
1647 2757 1919 2814 feritatem
1965 2774 2064 2815 rex

502 2845 832 2911 declaravit,
858 2846 1067 2913 justum
1094 2857 1259 2917 atque
1291 2849 1561 2905 insontem
1592 2848 1725 2904 feris
1761 2849 1954 2905 bestiis
1987 2849 2069 2905 la-

499 2937 760 2993 niandum
806 2937 965 3007 olljici
1008 2938 1218 3008 iubens.
1262 2938 1514 2993 Fratrum
1566 2940 1694 2995 item
1753 2940 1965 2996 illorum
2014 2941 2068 2996 in

2180 816 2576 889 μεγαλοψυχίας
2594 818 2850 891 ἐργάτης,
2875 818 3020 889 ἠθῶν
3051 837 3109 873 τε
3134 822 3227 874 καὶ
3255 821 3456 885 παντὸς
3475 823 3583 894 βίου
3612 827 3717 882 κάλ-

2176 908 2255 962 λει
2292 909 2613 983 διαπρέψας,
2650 911 2821 984 πόσην
2852 912 2972 966 τινὰ
3014 912 3107 967 καὶ
3136 912 3257 977 πῶς
3282 919 3539 987 τραχεῖαν
3567 935 3714 991 κατη-

2175 1000 2440 1070 γωνίσατο
2464 1002 2781 1075 δυσχέρειαν
2810 1003 2904 1057 τοῦ
2930 1003 3072 1059 κατά
3093 1005 3287 1081 Συρίων
3315 1007 3437 1061 τότε
3452 1009 3713 1081 τυράννους

2179 1095 2387 1167 Ὄνομα
2421 1097 2464 1151 δ’
2494 1096 3182 1170 ὲκείνῳ.Να6ουχοδονόσορ
3208 1079 3302 1171 ἦν,
3335 1089 3399 1153 οὗ
3429 1079 3602 1173 πάσης
3632 1103 3715 1174 τῆς

2174 1190 2365 1255 γενεᾶς
2418 1189 2846 1262 ὲξαλειφθείσης,
2898 1190 2931 1260 ὴ
2993 1190 3163 1263 σεμνὴ
3220 1194 3317 1246 καὶ
3363 1194 3714 1269 ὑπερμεγέθης

2174 1279 2354 1352 ἐκείνη
2379 1281 2603 1353 δύναμις
2637 1282 2773 1354 πρὸς
2804 1284 2927 1346 τοὺς
2960 1282 3174 1355 Πέρσας
3204 1283 3411 1355 διῆλθε.
3457 1288 3713 1359 Διαῦόητος

2173 1372 2280 1445 γὰρ
2313 1370 2380 1444 ἧν
2416 1375 2508 1428 καὶ
2541 1375 2667 1447 άχρι
2698 1373 2793 1428 νῦν
2832 1375 2977 1428 ἐστὶν
3015 1376 3043 1429 6
3089 1374 3318 1440 πλοῦτος
3344 1375 3438 1430 τού
3460 1380 3711 1451 τυράννου,
3776 1366 3784 1371 ’

2172 1467 2264 1521 καὶ
2291 1466 2322 1537 ή
2350 1467 2575 1538 ἄκαιρος
2603 1468 2733 1537 περὶ
2764 1465 2860 1537 τὴν
2896 1466 2993 1538 μὲν
3020 1466 3244 1520 δέουσαν
3300 1467 3591 1541 θρησκείαν
3614 1475 3711 1528 ἐπι.

2174 1557 2379 1629 μέλεια,
2413 1557 2686 1627 μετάλλων
2732 1575 2791 1611 τε
2839 1558 3195 1612 παντοδαπῶν
3220 1561 3566 1635 οὐρανομήκη
3601 1564 3715 1635 ὑψώ-

2175 1666 2337 1719 ματα,
2362 1650 2575 1721 φρικτοί
2602 1667 2661 1703 τε
2686 1650 2778 1704 καὶ
2802 1648 2939 1721 πρὸς
2971 1650 3227 1722 ὠμότητα
3244 1652 3295 1704 oi.
3325 1655 3424 1723 τῆς
3452 1652 3713 1727 θρησκείας

2175 1740 2512 1804 συντεθέντες
2540 1741 2693 1812 νόμοι
2712 1758 2725 1773 ο
2762 1735 2837 1797 ὧν
2868 1744 3082 1796 πάντων
3116 1744 3143 1794 ὁ
3178 1742 3379 1815 Δανιὴλ
3404 1751 3711 1821 καταφρονή-

2174 1850 2272 1897 σας
2302 1833 2413 1903 (26)
2441 1833 2527 1888 διὰ
2559 1833 2656 1906 τὴν
2680 1833 2943 1906 ἄχραντον
2970 1835 3108 1907 πρὸς
3132 1835 3223 1889 τὸν
3245 1836 3415 1900 ὅντως
3433 1837 3557 1891 Θεὸν
3583 1840 3710 1894 εὐσέ-

2172 1925 2344 1987 ϐειαν,
2385 1927 2483 1997 τὴν
2516 1927 2740 1998 ἄκαιρον
2782 1927 2875 1981 τοῦ
2907 1928 3168 2000 τυράννου
3203 1927 3459 2001 σπουδὴν,
3508 1931 3709 2002 μεγάλου

2172 2018 2313 2082 τινὸς
2361 2018 2531 2073 κακοῦ
2565 2020 2828 2092 ἐσομένην
2874 2021 3051 2075 αίτίαν
3096 2022 3459 2093 ἐμαντεύετο·
3499 2024 3604 2079 ἀλλ’
3632 2027 3710 2079 οὐκ

2171 2108 2351 2162 ἔπειθε
2378 2109 2468 2163 τὸν
2499 2110 2791 2182 τύραννονο
2826 2114 2856 2167 6
2900 2112 3008 2185 γὰρ
3041 2111 3273 2182 ἄφθονος
3309 2113 3536 2179 πλοῦτος
3566 2116 3709 2187 ἐμπό-

2169 2195 2280 2251 διον
2330 2199 2466 2270 πρὸς
2506 2201 2567 2253 τὸ
2591 2201 2768 2266 καλῶς
2796 2196 3009 2274 φρονεῖν
3037 2203 3293 2276 ὑπάρχει.
3330 2205 3493 2269 Τέλος
3524 2207 3638 2275 γοῦν
3661 2205 3709 2260 τὸ

2170 2290 2358 2362 ἄγριον
2392 2293 2491 2362 τῆς
2517 2292 2708 2346 ἑαυτοῦ
2734 2281 2965 2359 διανοίας
2991 2294 3019 2347 6
3041 2294 3311 2366 δυνάστης
3342 2295 3577 2368 ἐξέφηνε,
3603 2296 3710 2370 θηρ-

2175 2383 2258 2435 σὶν
2283 2382 2493 2455 ἀγρίοις
2516 2384 2937 2458 διαλυμανθῆναι
2962 2386 3052 2439 τὸν
3078 2386 3282 2441 δίκαιον
3306 2387 3573 2452 κελεύσας.
3603 2390 3706 2441 Γεν-

2170 2472 2292 2526 ναία
2313 2488 2377 2540 γε
2410 2474 2516 2544 μὴν
2544 2475 2639 2529 καὶ
2663 2477 2694 2546 ἡ
2714 2474 2822 2529 τῶν
2843 2475 3086 2545 ἀδελφῶν
3112 2476 3170 2531 ὲν
3187 2475 3266 2548 τῷ
3302 2480 3586 2551 μαρτυρεῖν
3604 2479 3707 2549 δμο-

2170 2562 2343 2629 δοξίαο
2379 2565 2472 2629 οὒς
2511 2567 2561 2619 οί
2607 2565 2742 2638 μετά
2780 2566 2951 2621 ταῦτα
2992 2567 3359 2639 ζηλώσαντες,
3397 2569 3702 2640 ὑπερμεγέθη

2169 2656 2327 2723 δόξαν
2361 2660 2459 2730 τῆς
2504 2659 2642 2729 πρδς
2685 2659 2775 2713 τὸν
2805 2660 3031 2732 Σωτῆρα
3058 2660 3296 2725 πίστεως
3334 2662 3560 2735 ῇραντο·
3598 2663 3704 2734 πυρὶ

2169 2752 2262 2805 καὶ
2287 2751 2499 2823 καμίνῳ
2518 2752 2612 2806 καὶ
2637 2756 2747 2816 τοῖς
2768 2755 2847 2817 εἰς
2869 2751 2930 2806 τὸ
2959 2755 3152 2823 φαγεῖν
3179 2754 3381 2817 αὐτοὺς
3400 2754 3704 2824 τεταγμένοις

2167 2843 2359 2907 δεινοῖς
2388 2842 2616 2914 ἀδῄωτοι
2650 2843 2925 2913 φανέντες.
2949 2843 3087 2916 ἁγνῇ
3118 2861 3176 2897 τε
3214 2846 3482 2915 σωμάτων
3512 2844 3705 2916 προσὸο-

2172 2934 2237 3006 λῇ
2269 2935 2331 2987 τὸ
2363 2935 2824 3007 ὲμπεριεχόμενον
2850 2937 2916 3006 τῇ
2956 2935 3172 3007 καμίνῳ
3205 2935 3323 3008 πῦρ
3350 2935 3700 3007 ἀπωθούμενα.

500 3029 767 3101 martyrio
792 3028 1073 3085 subeundo
1106 3032 1412 3095 consensio,
1445 3046 1705 3103 generosa
1748 3030 1853 3086 fuit
1901 3032 2065 3102 inpri-

2170 3025 2366 3099 Δανιὴλ
2395 3026 2450 3080 δὲ
2483 3027 2625 3080 κατά
2665 3026 2764 3099 τὴν
2791 3026 3087 3081 κατάλυσιν
3116 3030 3215 3100 τῆς
3260 3028 3552 3100 Ἀσσυρίων
3579 3028 3700 3100 βασιο

500 3119 623 3174 mis.
677 3118 822 3186 Quos
851 3120 1053 3191 posteri
1084 3120 1341 3191 deinceps
1374 3122 1595 3189 imitati,
1648 3123 1921 3194 ingentem
1952 3123 2065 3195 glo-

2170 3115 2336 3181 λείας,
2364 3117 2739 3189 ἀναιρεθείσης
2759 3118 3035 3191 κεραυνῶν
3059 3118 3239 3189 βολαῖς
3253 3118 3394 3184 (27),
3415 3121 3503 3172 ἐπὶ
3520 3119 3703 3191 Καμύύ-

500 3211 639 3266 riam
667 3211 736 3266 ob
764 3212 921 3266 fidem
949 3228 1077 3285 erga
1105 3213 1455 3269 Servatorem
1482 3213 1807 3269 retulerunt.
1856 3214 1956 3281 Qui
2000 3216 2068 3271 ab

501 3303 629 3373 igne
661 3312 717 3358 et
746 3303 967 3360 fornace
1018 3305 1337 3375 caeterisque
1380 3306 1715 3363 cruciatibus
1749 3308 1817 3363 ad
1866 3321 2066 3363 consuo

500 3400 697 3452 menda
730 3398 977 3469 ipsorum
1007 3414 1239 3470 corpora
1276 3399 1609 3471 comparatis
1642 3400 1951 3455 nullatenus
1979 3400 2067 3454 la:-

501 3492 571 3554 si,
602 3490 837 3546 inclusas
867 3492 1108 3562 undique
1138 3492 1193 3546 in
1217 3491 1437 3547 fornace
1463 3491 1733 3558 flammas,
1788 3502 2063 3548 castorum

501 3595 790 3651 corporum
814 3585 1029 3654 objectu
1068 3594 1431 3654 contactuque
1467 3586 1847 3657 propulerunt.
1892 3584 2064 3641 Porro

499 3676 844 3746 Assyriorum
881 3677 1106 3745 imperio
1159 3680 1256 3734 Dei
1314 3678 1521 3735 ultione
1567 3688 1623 3733 et
1655 3678 1942 3733 fulminum
1987 3678 2066 3748 ja-

498 3765 676 3821 ctihus
712 3767 921 3832 exciso,
954 3766 1139 3825 Daniel
1194 3769 1375 3824 divina
1432 3770 1769 3839 providentia
1811 3768 1876 3823 ad
1910 3768 2067 3824 Cam-

499 3855 686 3925 bysem
726 3856 1035 3914 Persarum
1093 3877 1273 3931 regem
1332 3876 1392 3917 se
1462 3861 1715 3916 contulit.
1780 3859 1882 3914 Hic
1934 3875 2064 3916 vero

436 4015 446 4026 ο
499 3948 665 4001 etiam
706 3949 854 4004 illum
885 3952 1100 4006 vexavit
1126 3953 1330 4007 invidia
1356 3995 1371 4014 ,
1404 3962 1458 4007 et
1496 3952 1749 4009 exitiales
1780 3967 2061 4023 magorum

500 4039 740 4106 insidiae,
771 4052 825 4096 et
860 4042 1147 4097 multorum
1178 4044 1653 4115 maximorumque
1684 4044 2060 4099 discriminum

498 4134 756 4188 continua
831 4135 1125 4191 successio.
1176 4134 1385 4201 Quibus
1436 4136 1711 4201 omnibus,
1772 4135 2064 4203 adjuvahte

498 4223 701 4279 Christi
751 4224 1117 4295 providentia,
1172 4226 1436 4281 facillime
1489 4227 1749 4282 liberatus
1797 4226 1954 4300 ὅθι
2005 4227 2059 4282 in

498 4315 646 4370 omni
674 4330 871 4386 genere
894 4315 1113 4371 virtutis
1163 4326 1437 4387 spectatus
1487 4318 1701 4374 enituit.
1747 4317 1882 4373 Nam
1931 4334 2057 4373 cum

499 4492 692 4549 Scribe
712 4492 887 4566 igitur
918 4493 952 4565 ἦ
976 4511 1056 4548 τοι
1080 4493 1273 4563 σοφοὺς
1297 4495 1331 4566 ἢ
1366 4496 1458 4549 καὶ
1494 4494 1783 4565 φιλοσόφου
1796 4511 1846 4560 ς,
1874 4494 1925 4550 id
1952 4504 2057 4561 est,

496 4580 588 4618 seu
609 4565 885 4629 sapientes,
911 4580 1003 4617 seu
1033 4565 1363 4632 philosophas
1394 4568 1547 4620 malis
1568 4566 1760 4619 dicere.

569 4633 687 4706 (25)!
720 4631 965 4706 Δανιὴλ
997 4632 1096 4706 δέ.
1130 4634 1422 4703 Postquam
1471 4635 1543 4706 de?
1585 4632 1861 4706 Egypliis
1900 4642 1957 4689 et
1993 4635 2060 4691 de

498 4704 764 4773 Memphis
792 4704 1006 4759 excidio
1051 4705 1206 4769 dixit,
1254 4706 1447 4759 transit
1481 4705 1548 4758 ad
1598 4704 1850 4773 Assyrios
1891 4715 1945 4758 et
1991 4708 2057 4760 ad

498 4774 791 4845 Babylonis
807 4775 1202 4845 vastationem.
1236 4775 1300 4827 Et
1325 4775 1614 4829 occasione
1639 4776 1858 4845 quidem
1885 4773 2057 4845 Egy-

497 4843 755 4915 ptioi'um,
776 4843 972 4915 Moysis
1002 4845 1359 4901 laudationem
1387 4846 1634 4899 inseruit.
1656 4844 1809 4898 Nunc
1840 4860 1968 4899 vero
1991 4843 2059 4915 de

496 4914 733 4986 Assyriis
789 4914 975 4983 agens.
1042 4915 1280 4986 Dauiclis
1329 4916 1514 4968 laudes
1570 4915 1905 4986 exsequitur,
1962 4914 2056 4984 qui

498 4984 636 5055 apud
670 4987 921 5054 Assyrios
951 5000 1045 5055 seu
1071 4984 1394 5055 Babylonios
1417 4985 1663 5055 captiv_us
1688 4984 1844 5055 visit.

568 5053 680 5126 (26)
728 5052 787 5107 Ὁ
807 5053 1033 5123 Δανιὴλ
1061 5052 1537 5124 καταφρονήσας.
1580 5052 1713 5126 Post
1752 5053 1869 5126 haec
1892 5054 2053 5126 verba

496 5122 834 5195 antiquarius
860 5126 951 5195 qui
982 5122 1222 5195 codiceni
1248 5126 1473 5195 Regium
1525 5124 1833 5195 descripsit,
1876 5122 2054 5179 offen-

497 5210 591 5249 sus
616 5193 930 5264 tuendorum
963 5194 1307 5264 multitudine
1335 5193 1531 5264 quibus
1561 5193 1836 5262 exemplar
1873 5204 2052 5250 scate-

495 5264 609 5329 bat,
643 5265 729 5320 hic
761 5263 920 5319 linem
954 5264 1221 5319 scribendi
1272 5263 1422 5320 fecit.
1472 5266 1647 5332 Atque
1694 5264 1797 5318 boc
1825 5272 2054 5321 testatus

497 5346 580 5388 est
609 5334 691 5388 Itis
722 5335 900 5388 verbis
942 5336 1009 5389 ad
1054 5335 1215 5387 imam
1255 5335 1501 5402 paginam
1552 5334 1891 5401 appositis...
1916 5348 2054 5402 ησας

499 5404 633 5489 πρὸς
653 5404 721 5489 ἰδ
739 5404 974 5485 πέλαγος
1008 5402 1114 5489 τῶν
1142 5403 1466 5489 σφαλμάτων
1489 5403 1581 5489 τοῦ
1608 5403 1833 5489 θιὸλίου,
1861 5404 2053 5485 ἐπέχον

498 5472 594 5542 τῆν
636 5477 792 5557 χεῖρα
848 5473 1239 5557 τοῦλγράφεινλ
1284 5472 1366 5528 ὅτι
1416 5475 1580 5557 μηδὲν
1609 5472 1774 5557 ’ύγιξς
1817 5472 2053 5557 ἐνῆντῷ

499 5545 854 5664 πὲκυτοτύπῳ,
880 5542 1061 5626 milia;
1074 5545 1138 5596 ἐκ
1170 5543 1277 5597 τῶν
1298 5542 1614 5615 γραφέντων
1636 5545 1751 5597 ἐστι
1776 5542 2053 5617 τεκμῄραέ-

500 5627 532 5663 σ
566 5627 622 5665 αι
658 5616 781 5675 τοὺς
797 5618 1288 5678 ἀναγινωσκοντας.

606 5630 622 5664 ι
658 5629 781 5675 τους
797 5629 1288 5675 αναγινωσκοντας.

569 5681 680 5753 (27)
703 5681 858 5752 Vulg.
889 5682 1303 5752 ἀναιρεθείσης
1332 5685 1637 5753 κεραυνῶν
1651 5684 1836 5754 βολῇ.
1855 5682 2047 5741 Nescio

2095 4411 2142 4466 D

2170 3224 2268 3279 σην
2291 3207 2383 3261 τὸν
2406 3208 2627 3281 Περσῶν
2654 3207 2873 3279 βασιλέα
2900 3210 3160 3282 μετῆλθεν
3190 3212 3255 3265 ὲκ
3291 3210 3441 3276 θείας
3459 3211 3699 3283 προνοίας’

2168 3303 2358 3372 φθόνος
2390 3303 2445 3356 δὲ
2472 3303 2772 3370 κάνταῦθα,
2807 3304 2901 3359 καὶ
2930 3304 3065 3377 πρός
3093 3321 3157 3374 γε
3183 3305 3263 3375 τῷ
3291 3304 3487 3376 φθόνῳ.
3508 3304 3700 3376 ὀλέθριοι

2166 3394 2372 3463 Μάγων
2405 3394 2704 3458 ἐπιϐουλαὶ,
2745 3395 2987 3466 διαδοχαί
3027 3413 3087 3449 τε
3115 3396 3378 3451 κινδύνων
3411 3397 3634 3469 μεγάλων
3654 3412 3699 3450 τε

2166 3487 2261 3542 καὶ
2290 3487 2495 3541 πολλῶν
2517 3504 2530 3518 °
2574 3486 2636 3553 ἐξ
2676 3482 2750 3543 ὧν
2782 3488 3020 3553 πάντων,
3055 3489 3452 3560 συναιρομένης
3475 3492 3566 3561 τῆς
3597 3490 3700 3562 Χρι-

2167 3579 2290 3633 στοῦ
2318 3579 2572 3650 προνοίας
2594 3579 2786 3644 σωθεὶς
2808 3581 3050 3652 εὐχερῶς
3070 3581 3334 3646 παντοίας
3361 3583 3551 3653 ἀρετῆς
3567 3583 3697 3653 πείρᾳ

2163 3671 2469 3743 διέπρεψεν.
2499 3672 2559 3725 Ol
2592 3671 2783 3744 γάρτοι
2804 3671 3007 3742 Μάγοι,
3041 3674 3162 3746 τρὶς
3203 3673 3306 3744 τῆς
3336 3674 3538 3745 ἡμέρας
3570 3675 3694 3744 εὐχο-

2168 3764 2328 3835 μένου
2356 3761 2450 3816 τοῦ
2475 3762 2686 3834 ἀνδρὸς,
2720 3762 2960 3833 μεγάλας
3004 3779 3064 3816 τε
3106 3764 3198 3817 καὶ
3234 3763 3501 3830 ἐξαισίους
3532 3760 3695 3833 ἀρετὰς

2166 3854 2276 3927 (28)
2329 3852 2835 3925 ἀξιομνημονεύτων
2883 3853 3058 3928 ἔργων
3103 3855 3511 3927 κατορθοῦντος,
3557 3854 3693 3923 αὐτὴν

2160 3948 2260 4018 τὴν
2290 3947 2397 4000 τῶν
2432 3946 2604 4018 εὐχῶν
2651 3945 2921 4015 ὲπίτευξιν
2973 3947 3151 4019 φθόνῳ
3185 3947 3488 4002 διέϐαλλον·
3520 3943 3693 4000 ἐπικίν-

2162 4037 2314 4091 δυνον
2349 4038 2405 4091 δὲ
2442 4038 2646 4109 σφόδρα
2673 4037 2886 4109 (29-50)
2908 4039 3007 4109 τὴν
3033 4038 3302 4109 τοσαύτην
3324 4037 3484 4092 αὐτοῦ
3504 4037 3691 4106 δύναμιν

2161 4129 2531 4195 διαϐάλλοντες
2597 4130 2733 4203 πρὸς
2786 4131 2877 4184 τὸν
2926 4130 3219 4203 δυνάστην,
3273 4131 3491 4186 ἔπεισαν
3541 4127 3688 4191 αὑτὸν,

2161 4222 2252 4275 τὸν
2282 4222 2547 4275 τοσούτων
2572 4220 2789 4290 ἀγαθῶν
2809 4221 3040 4294 δημοσίᾳ
3062 4223 3349 4295 παραίτιον
3365 4225 3472 4285 τοῖς
3495 4220 3689 4291 Πέρσαις

2162 4314 2469 4384 γενόμενον,
2499 4313 2723 4368 λεόντων
2749 4314 2954 4386 ἀγρίων
2995 4314 3145 4387 θοίνη
3181 4313 3577 4387 κατακριθῆναι.
3600 4311 3688 4363 Κα-

2161 4498 2303 4573 u_nde.
2333 4496 2651 4573 hagehausit
2694 4496 3111 4573 Constantinus,
3150 4498 3241 4564 qui
3299 4511 3511 4567 regnum
3554 4494 3686 4573 ᾼεεγε

2159 4568 2364 4621 riorum
2394 4566 2674 4620 fulminum
2721 4565 2867 4634 jactu
2926 4563 3259 4620 destructum
3319 4563 3441 4621 esse
3486 4563 3680 4625 scribit;

2159 4637 2302 4704 quod
2339 4636 2713 4706 quidcmalibi
2754 4639 2932 4706 legere
2983 4652 3088 4691 non
3137 4636 3379 4691 memini.
3411 4634 3511 4689 Sed
3542 4645 3681 4706 neque

2162 4700 2213 4759 id
2264 4700 2397 4775 satis
2446 4705 2711 4775 intelligo.
2762 4700 3019 4761 llomines
3068 4708 3211 4760 cnim
3239 4716 3292 4760 et
3324 4700 3681 4775 arces_etciv_i-

2160 4784 2298 4830 tates
2329 4771 2739 4850 fultuiuisjactn
2768 4777 2980 4830 destrui
3015 4788 3259 4844 possunt,
3292 4786 3349 4827 ut
3375 4777 3440 4829 de
3459 4771 3676 4850 Phlegyis

2156 4857 2326 4915 poetae
2360 4842 2783 4916 fabttlati’sunt;
2821 4842 3045 4916 regnum
3094 4861 3222 4900 vero
3244 4845 3504 4916 quomodo
3532 4842 3675 4894 lubui-

2156 4914 2550 4989 nibusaboleri
2582 4914 3191 4989 possit,_eqdidem_nou
3230 4914 3400 4989 video.
3426 4914 3493 4989 Vin
3521 4924 3675 4989 manu-

2154 4986 2376 5053 scriptis
2418 4980 2701 5040 codicibus
2752 4980 2887 5039 Fuli.
2945 4996 2999 5038 et
3050 4985 3310 5048 Turuebi,
3340 4988 3469 5039 etin
3498 4980 3673 5037 schedis

2155 5055 2338 5139 Regiis
2362 5056 2630 5139 scribitur,
2648 5055 2926 5139 κεραυνῶν
2954 5053 3158 5139 βολαζς.
3349 5123 3360 5135 ο
3515 5120 3535 5139 Ι
3586 5117 3616 5139 μ

2228 5120 2340 5192 ('28)
2406 5120 2741 5191 Ἐξαισίουξ·
2792 5120 3026 5193 ἀρετᾶς.
3083 5123 3463 5196 Constantinus
3495 5120 3671 5196 latine

2147 5194 2371 5250 virtutes
2413 5196 2666 5255 diXerat;
2695 5192 2857 5263 quam
2881 5210 3069 5249 vocem
3100 5197 3150 5248 in
3174 5196 3339 5249 Sacris
3370 5192 3533 5263 Libris
3555 5192 3666 5242 sumi

2153 5269 2333 5336 solere
2372 5279 2469 5333 pro
2522 5262 2795 5336 miraculis
2836 5280 2994 5336 nemo
3039 5263 3400 5336 nescit._Ma_le
3438 5262 3663 5336 interpres

2153 5333 2315 5400 hujus
2342 5332 2601 5388 orationis
2632 5334 2832 5404 ἀρετὰς
2860 5335 3045 5401 vertit,
3077 5350 3197 5390 cum
3231 5332 3479 5403 δυνάμεις
3517 5332 3661 5398 potius

2152 5415 2366 5474 vertere
2393 5404 2686 5474 debuisset.
2704 5472 2711 5474 ξ
2906 5473 2912 5474 γ
3249 5471 3261 5474 Α
3415 5470 3432 5474 ,
3582 5463 3605 5474 ..

2222 5473 2442 5544 (29-50)
2476 5472 2630 5544 Vulg.
2688 5472 3079 5529 ἐπικίνδυνον
3115 5471 3369 5544 σφόδρα.Δ
3412 5470 3465 5524 ln
3489 5463 3659 5544 ,θοάζω

2148 5531 2285 5616 Fuit.
2313 5531 2726 5616 hic'locusiita
2754 5544 3124 5616 distinguitur,
3160 5531 3440 5616 ’διέδαλλον
3483 5531 3660 5616 suum:

2149 5596 2327 5686 ξυνονς
2350 5596 2572 5686 σφοδρά
2590 5596 2776 5686 δέτὴν
2791 5596 3091 5686 senatus,
3110 5596 3224 5686 ἐκ.
3261 5613 3377 5686 ut.
3401 5606 3557 5663 scribo
3580 5596 3657 5686 at

2151 5680 2373 5739 ἔπεισαν
2389 5670 2573 5752 αύτδν,
2589 5695 2645 5739 ιιι
2665 5684 2714 5739 in
2732 5670 2868 5741 libro
2885 5670 3062 5740 Murali
3076 5670 3141 5740 ad
3161 5683 3437 5753 marginem
3451 5670 3656 5733 attend?
