3926 6264
228 219 368 276 1285

993 209 1456 272 CONSTANTINI
1488 209 1755 266 'OBATIO
1786 207 1882 263 'AD
1921 201 2342 264 SANCTORUM
2381 199 2675 259 C(ETUM.

3311 201 3446 250 1236

223 339 442 411 θείρκτο
477 337 534 394 δὲ
565 334 932 408 κατακριθεὶς,
966 335 1065 395 οὐκ
1096 337 1176 398 εἰς
1215 333 1464 404 ὄλεθρον,
1519 331 1629 385 ἀλλ’
1663 330 1795 386 αἰώ-

1907 339 1980 385 ler
2012 326 2253 398 quotidie
2302 337 2492 395 preces
2525 323 2591 376 ad
2635 321 2806 376 Deum
2836 317 3108 385 funderet,
3145 332 3450 388 magnaque

222 447 334 486 νιον
362 428 599 496 εὐδοξίαν
632 430 660 482 ὁ
687 427 904 500 Δανιὴλ,
957 428 1052 482 καὶ
1097 429 1154 480 ὲν
1201 426 1383 497 μέσοις
1437 427 1549 488 τοῖς
1604 424 1794 496 θηρσὶν

223 521 625 591 ἐξεταζόμενος,
657 520 831 590 ἠπίων
852 519 946 573 καὶ
971 518 1221 590 ἡμερωτέ
1233 534 1338 590 ρων
1369 516 1475 570 τῶν
1508 517 1727 586 θηρίων,
1757 511 1794 587 ἦ

221 609 332 665 τῶν
359 609 780 682 καθειρξάντων,
809 611 1094 682 ἐπειρᾶτοο
1135 609 1340 672 πάντας
1372 609 1479 680 γάρ
1512 607 1643 678 εὐχὴ
1683 605 1791 677 (51)

223 702 578 773 κοσμιότητος
638 702 732 756 καὶ
783 701 1134 774 σωφροσύνης
1188 703 1352 773 ἀρετῇ
1415 699 1791 770 συναιρομένη,

223 793 513 858 τιθασσοὺς
559 793 940 865 ἀπειργάζετο,
983 795 1108 857 τοὺς
1157 792 1448 854 λυσσώδεις
1508 795 1573 862 τῇ
1611 789 1787 859 φύσει.

225 883 582 938 Γνωσθέντων
615 886 670 940 δὲ
706 885 909 940 τούτων
944 885 1063 955 (τῷ)
1093 883 1366 956 Καμϐύσῃ
1392 885 1471 949 (ού
1503 883 1609 953 γάρ
1639 881 1794 933 δυνα-

225 973 317 1027 τὸν
357 969 424 1046 ἦν
460 974 743 1047 τοσαύτης,
773 974 917 1029 οὕτω
945 993 1005 1028 τε
1031 974 1179 1038 θείας
1210 975 1485 1045 δυνάμεως
1519 971 1794 1042 κατορθώ-

229 1082 375 1135 ματα
407 1065 859 1136 ἐπισκιάζεσθαι),
887 1066 1372 1139 ὑπερεκπὲπληκτο
1406 1065 1501 1136 μὲν
1531 1065 1690 1127 αὐτὸς
1717 1063 1795 1134 τῷ

227 1155 462 1226 θαύματι
505 1157 611 1209 τῶν
647 1157 1076 1227 ἀγγελλομένων,
1125 1157 1484 1227 μετεγίνωσκε
1513 1155 1568 1208 δὲ
1598 1156 1688 1208 ἐπὶ
1719 1153 1795 1224 τῷ

226 1247 516 1317 πεισθῆναι
543 1252 663 1313 ταῖς
682 1249 948 1313 διαϐολαῖς
975 1251 1081 1303 τῶν
1117 1251 1321 1317 Μάγων
1351 1249 1586 1319 εὐχερῶς
1604 1265 1616 1278 ·
1649 1249 1796 1319 ὅμως

225 1338 357 1406 γοῦν
406 1338 666 1410 ἐτόλμησε
707 1341 805 1410 τῆς
845 1340 972 1403 θέας
1005 1340 1216 1411 ἐκείνης
1245 1339 1488 1410 ἐπόπτης
1523 1338 1791 1407 γενέσθαι·

225 1431 320 1483 καὶ
369 1428 490 1482 ἰδὼν
541 1431 630 1482 τὸν
671 1431 767 1500 μὲν
809 1429 976 1500 ἄνδρα
1007 1429 1116 1499 (52)
1160 1428 1422 1500 ἑκατέρας
1471 1430 1567 1498 τῆς
1612 1426 1796 1498 χειρὸς

226 1521 478 1592 ὑψώματι
501 1522 590 1575 τὸν
615 1522 846 1594 Χριστὸν
881 1521 1166 1592 ὑμνοῦντα,
1195 1522 1319 1584 τοὺς
1337 1521 1392 1574 δὲ
1416 1519 1632 1582 λέοντας
1662 1520 1794 1572 ὑπο-

173 1621 178 1632 ‘
227 1613 610 1684 ϐεϐλημένοιις,
648 1613 740 1665 καὶ
769 1613 928 1666 οἱονεὶ
959 1613 1028 1665 τὰ
1062 1613 1178 1684 ἴχνη
1214 1611 1306 1665 τοῦ
1339 1611 1526 1682 ἀνδρὸς
1559 1628 1796 1682 προσκυ-

225 1703 470 1768 νοῦντας,
513 1705 607 1757 καὶ
649 1705 984 1776 παραχρῆμα.
1041 1705 1167 1766 τοὺς
1201 1704 1596 1766 ἀναπείσαντας
1633 1703 1793 1755 αὑτὸν

183 1845 190 1852 .
224 1795 448 1862 Μάγους
498 1798 582 1866 (τῇ
631 1795 777 1865 αὐτῇ
814 1794 984 1866 ζημίᾳ
1011 1795 1315 1866 κατέκρινε,
1360 1793 1608 1862 καθεῖρξέ
1636 1810 1694 1846 τε
1724 1796 1775 1864 τῇ

223 1886 331 1942 τῶν
388 1886 612 1940 λεόντων
676 1887 855 1958 αὐλῇ),
917 1889 963 1942 oi
1029 1887 1086 1940 δὲ
1139 1886 1297 1958 θῆρες
1357 1887 1405 1938 οἱ
1468 1886 1558 1938 τὸν
1617 1885 1795 1957 μικρῷ

225 1977 461 2049 πρόσθεν
489 1977 934 2042 κολακεύσαντες,
971 1979 1270 2047 ἐπεφοίτων
1304 1980 1413 2040 τοῖς
1441 1977 1669 2046 Μάγοις,
1701 1979 1795 2031 καὶ

231 2067 436 2129 πάντας
497 2067 690 2130 αὐτοὺς
755 2066 895 2120 κατὰ
952 2067 1048 2136 τὴν
1106 2065 1312 2119 ἑαυτῶν
1378 2066 1534 2136 φύσιν
1594 2067 1792 2138 ὲλυμῄ-

229 2174 384 2212 δαντο
389 2197 403 2213 υ

1893 431 1950 476 et
1977 418 2186 474 insolita
2223 414 2652 471 memorabilium
2682 426 2904 482 operum
2950 408 3206 464 miracula
3237 408 3446 473 ederet,

1895 513 2030 582 Magi
2067 511 2266 566 invidia
2301 507 2544 572 adducti,
2582 507 2722 561 hanc
2765 517 2982 574 precum
3033 501 3326 555 efﬁcaciam
3357 516 3450 554 ca-

1895 604 2143 660 lumniari
2198 609 2520 669 cteperuut,
2571 605 2774 652 tantam
2826 593 2936 647 vim
2985 593 3218 646 hominis
3265 592 3451 646 admo-

1895 698 2020 751 dum
2065 693 2423 766 periculosam
2471 704 2610 754 esse,
2653 689 2796 757 regis
2834 685 3058 740 auribus
3105 685 3452 738 insusurran-

1897 798 1978 842 tes
2004 805 2017 841 :
2045 788 2201 856 eique
2229 785 2442 840 tandem
2480 787 2894 851 persuaserunt,
2926 786 2982 830 ut
3011 776 3095 830 vir
3124 777 3215 830 ille
3245 777 3339 846 qui
3373 785 3450 828 tot

1895 893 1958 932 ac
1983 887 2256 931 tantorum
2290 877 2554 931 bonorum
2597 870 2747 941 Reip.
2781 870 3066 925 Persarum
3096 879 3283 923 auctor
3320 867 3451 921 fuis-

1895 979 1996 1034 set,
2029 969 2354 1022 immanibus
2392 965 2640 1020 leonibus
2702 962 3054 1018 devorandus
3097 961 3448 1028 ohjiceretur.

1895 1061 2190 1115 Damnatus
2237 1061 2406 1129 igitur
2454 1056 2642 1111 Daniel
2683 1095 2696 1120 ,
2746 1071 2852 1109 non
2892 1040 3186 1125 periturus,
3240 1051 3334 1105 sed
3382 1051 3450 1106 ad

1894 1129 2276 1222 seuipiiernam
2327 1151 2557 1222 gloriam
2619 1149 2673 1202 in
2722 1146 2934 1202 foveam
2990 1145 3274 1214 conjectus
3341 1151 3447 1198 est.

1895 1246 2132 1314 (Iamque
2162 1245 2216 1298 iu
2249 1245 2420 1298 medio
2453 1243 2693 1295 ferarum
2726 1246 3056 1304 versaretur,
3093 1237 3330 1291 leniores
3355 1250 3451 1290 eas

1895 1354 1958 1394 ac
2002 1338 2393 1392 mansuetiores
2445 1335 2575 1403 ipsis
2606 1348 2635 1386 a
2667 1333 2860 1402 quibus
2909 1329 3087 1384 fuerat
3125 1329 3175 1382 in
3234 1327 3450 1382 foveam

1895 1438 2204 1488 contrusus,
2239 1435 2496 1497 expertus
2525 1435 2627 1479 est.
2662 1424 2864 1478 Omnes
2893 1422 3035 1476 enim
3078 1420 3195 1474 illas
3222 1419 3449 1483 bestias,

1894 1523 2020 1577 licet
2051 1529 2240 1588 suapte
2274 1527 2464 1572 natura
2520 1518 2760 1579 rabidas,
2799 1514 3042 1583 precatio
3085 1511 3360 1566 modestiae
3391 1524 3454 1564 ac

1897 1615 2260 1684 temperantia:
2293 1610 2550 1663 auxilium
2569 1609 2766 1671 ferens,
2794 1603 3163 1661 mansuefecit.
3181 1604 3310 1669 Qua:
3329 1617 3451 1656 cum

1824 1691 1866 1744 Β
1899 1703 2197 1770 accepisset
2224 1699 2516 1768 Cambyses
2549 1695 2751 1767 (neque
2797 1696 2938 1749 enim
2989 1693 3105 1746 fieri
3132 1699 3362 1761 poterat,
3396 1701 3456 1745 ut

1901 1805 2006 1850 tam
2031 1797 2293 1865 stupenda
2324 1793 2520 1848 divina:
2550 1792 2805 1862 potentize
2837 1790 3096 1844 miracula
3116 1789 3455 1842 occultaren-

1902 1889 2216 1958 tur),rerum
2245 1901 2364 1955 qua:
2400 1887 2658 1939 nuntiata:
2689 1884 2902 1939 fuerant
2948 1881 3302 1936 admiratione
3329 1894 3454 1948 per-

1902 1979 2082 2032 culsus
2108 1989 2224 2033 est:
2261 1979 2537 2047 subiitque
2563 1994 2687 2032 eum
2718 1976 3060 2047 paenitentia,
3094 1975 3234 2041 quod
3267 1987 3454 2041 mago-

1899 2084 2017 2121 rum
2073 2059 2359 2123 calumiiiis
2395 2069 2530 2124 adeo
2565 2067 2750 2124 faciles
2786 2083 2948 2122 aures
2983 2066 3326 2135 praebuisset.
3359 2061 3455 2116 Ni-

1900 2158 2193 2213 hilominus
2249 2168 2426 2213 tamen
2487 2161 2604 2230 ipse
2646 2159 2762 2230 ejus
2798 2149 2877 2214 rei
2915 2167 3188 2228 spectator
3219 2170 3337 2210 esse
3364 2169 3459 2208 vo-

228 2253 346 2308 luit.
380 2253 625 2322 Cumque
659 2252 932 2308 Danielem
963 2251 1178 2323 quidem
1209 2252 1428 2309 vidisset
1475 2253 1699 2308 sublatis
1754 2253 1808 2307 in
1876 2254 2047 2308 altum
2106 2256 2354 2309 manibus
2405 2255 2678 2310 Christum
2729 2255 3030 2310 laudantem
3055 2294 3070 2319 ,
3107 2252 3288 2308 leones
3323 2267 3456 2307 vero

231 2344 544 2410 submissos,
610 2354 666 2398 et
728 2344 967 2398 hominis
1013 2345 1236 2414 vestigia
1285 2345 1680 2414 quodammodo
1734 2344 2074 2415 adorantes,:
2107 2344 2389 2401 confestim
2439 2363 2626 2416 magos
2675 2337 2768 2416 qui
2820 2346 2920 2416 ipsi
2984 2346 3112 2400 illud
3175 2359 3460 2414 persuasc-
3517 2325 3530 2340 ’

230 2446 370 2500 rant,
421 2438 666 2493 leonibus
705 2439 869 2508 objici
906 2438 1091 2506 jussit.
1129 2443 1200 2494 At
1245 2439 1431 2494 bestiae
1471 2455 1591 2509 quae
1639 2439 1798 2508 paulo
1849 2450 1972 2496 ante
2021 2441 2289 2494 Danielem
2344 2441 2721 2511 palpaver‘ant,
2772 2441 2954 2495 statim
3011 2440 3066 2494 in
3107 2454 3293 2509 magos
3357 2439 3456 2494 im-

232 2538 412 2600 petum
442 2529 714 2598 fecerunt,
750 2546 1052 2601 omnesque
1083 2547 1179 2586 eos
1209 2547 1305 2602 pro
1337 2543 1544 2587 natura:
1574 2547 1687 2587 sua:
1738 2533 1950 2588 feritate
1981 2536 2406 2603 discerpserunt.

741 2623 1136 2676 ΚΕΦΑΛΑΙΟΝ
1177 2625 1283 2676 IH’.

234 2713 367 2783 Περὶ
406 2712 516 2783 τῆς
545 2715 845 2783 Σιϐύλλης
874 2712 982 2780 τῆς
1012 2715 1377 2782 Ἐρυθραίας,
1417 2713 1487 2767 ἐν
1523 2715 1796 2782 ἀκροστι-

297 2782 423 2854 χίδι
449 2782 567 2854 τῶν
590 2782 698 2851 τῆς
718 2786 1003 2852 μαντείας
1024 2784 1203 2854 ἐπῶν,
1225 2785 1330 2838 τὸν
1353 2785 1572 2852 Κύριον
1601 2785 1696 2838 καὶ
1730 2785 1792 2838 τὸ

295 2852 484 2918 ἐτάθος
534 2852 874 2924 δηλούσηςς
919 2855 1050 2924 ἐστι
1092 2853 1160 2906 δὲ
1201 2855 1238 2922 ἡ
1271 2855 1642 2922 ἀκροστιχίς·
1694 2855 1797 2924 ’1η-

299 2925 428 2986 σοῦς
455 2923 706 2994 Χριστός,
740 2921 875 2975 Θεοῦ
907 2923 1054 2988 Υἱὸς,
1094 2924 1306 2995 Σωτὴρ,
1343 2921 1600 2994 Σταυρός.

297 3015 636 3085 Παρίσταται
677 3013 736 3067 δέ
779 3031 867 3085 μοι
907 3015 1000 3067 καὶ
1040 3014 1147 3068 τῶν
1178 3015 1487 3069 ἀλλοδαπῶν
1505 3034 1557 3069 τι
1587 3031 1795 3088 μαρτυ-

236 3105 364 3178 ριῶν
395 3104 505 3176 ('55)
531 3105 629 3174 τῆς
646 3103 738 3157 τοῦ
765 3105 999 3175 Χριστοῦ
1017 3105 1265 3178 θεότητος
1285 3107 1791 3178 ἀπομνημονεύσειν

236 3213 297 3249 ικ
329 3195 520 3268 γάρτοι
543 3194 745 3249 τούτων
774 3195 1009 3267 δηλονότι
1036 3199 1130 3250 καὶ
1157 3199 1189 3266 ἡ
1218 3197 1322 3249 τῶν
1346 3197 1797 3269 βλασφημούντων

237 3287 393 3340 αὐτὸν
435 3286 658 3352 διάνοια,
707 3286 802 3340 καὶ
834 3283 970 3339 οἶδεν
997 3288 1157 3341 αὐτὸν
1185 3288 1315 3341 Θεὸν
1351 3289 1479 3342 ὄντα
1507 3289 1639 3342 Θειῦ
1672 3293 1798 3344 παῖ-

237 3380 317 3440 δα,
361 3377 519 3450 εἴπερ
567 3377 696 3447 γοῦν
736 3381 846 3441 τοῖς
887 3379 1092 3432 ἑαυτῶν
1124 3380 1299 3448 λόγοις
1337 3381 1679 3436 πιστεύωσιν.
1732 3381 1796 3437 Ἠ

241 3470 411 3523 τοίνυν
447 3469 737 3541 Ἐρυθραία
790 3467 1036 3532 Σίϐυλλα,
1087 3472 1366 3542 φάσκουσα
1423 3475 1618 3544 ἑαυτὴν
1663 3475 1796 3548 ἕκτῃ

241 3563 396 3632 γενεᾷ
429 3562 564 3632 μετὰ
588 3562 676 3614 τὸν
709 3561 1084 3633 κατακλυσμὸν
1110 3564 1379 3632 γενέσθαι,
1415 3565 1582 3636 ἱέρεια
1613 3561 1679 3636 ἦν
1703 3565 1795 3619 τοῦ

246 3654 576 3718 Ἀπόλλωνος
606 3653 734 3725 (54),
763 3653 996 3724 διάδημα
1028 3655 1223 3726 ἐπίσης
1264 3656 1340 3727 τῷ
1383 3655 1797 3730 θρησκευομένῳ

236 3839 324 3884 tur
356 3829 440 3901 (⁶).
460 3830 718 3886 (Σιειει-ιηη
744 3831 856 3886 haec
880 3831 1119 3886 narratio
1154 3833 1468 3887 adversatur
1505 3832 1797 3900 Scripturae

238 3916 426 3954 Sacrae.
447 3901 626 3969 Neque
647 3909 785 3953 cutim
807 3902 942 3968 magi
965 3901 1230 3954 Danielem
1250 3917 1531 3956 accusasse
1550 3905 1797 3956 dicuntur

2456 2621 2682 2678 CAPUT
2725 2621 2909 2677 XVIII.

1899 2711 1978 2767 De
2008 2712 2210 2784 Sibylla
2243 2713 2544 2784 Erythram,
2564 2731 2681 2784 qua:
2707 2717 2760 2770 in
2792 2716 3138 2770 acrosticltiae
3167 2714 3457 2768 carminum

1970 2787 2458 2854 quibuspalicinata
2493 2796 2586 2848 est,
2618 2785 2895 2839 Dominum
2917 2794 2967 2839 et
2995 2788 3287 2854 passionem
3317 2786 3458 2836 desi—

1968 2864 2115 2923 gnat.
2145 2852 2239 2905 Esl
2265 2865 2434 2906 autent
2465 2856 2789 2909 Acroslichis
2820 2858 2934 2910 lucc
2957 2871 2975 2909 .'
2997 2852 3166 2910 'Jesus
3192 2855 3456 2917 Christus,

1976 2926 2064 2976 Dei
2099 2923 2292 2991 Filius,
2324 2925 2607 2990 Servatur,
2643 2927 2808 2979 Crux.

1969 3015 2125 3072 Libet
2155 3017 2318 3072 etiam
2349 3017 2493 3071 aliud
2544 3017 2914 3071 testimonium
2961 3015 3026 3070 de
3071 3014 3274 3070 Christi
3319 3015 3460 3068 divi-

1902 3109 2073 3162 nitate
2107 3109 2174 3162 ab
2214 3110 2492 3164 extraneis
2518 3109 2858 3178 desumptum
2885 3122 3336 3162 commemorare.
3368 3105 3461 3160 Sic

1901 3199 2045 3252 enim
2091 3198 2126 3252 ii
2155 3202 2246 3269 qui
2283 3200 2497 3268 probris
2535 3200 2686 3253 illum
2733 3215 2799 3253 ac
2845 3199 3147 3252 maledictis
3185 3198 3460 3252 incessere

1901 3290 2096 3356 solent,
2122 3291 2273 3346 illum
2304 3293 2467 3346 Deum
2499 3290 2702 3361 Deique
2730 3291 2923 3346 Filium
2941 3305 3062 3346 esse
3088 3299 3460 3361 c0gnoscent;

1901 3379 2186 3450 siquidem
2214 3397 2438 3437 suorum
2491 3383 2836 3438 sermonibus
2883 3381 3043 3435 fidem
3095 3381 3462 3446 velinttadhic

1903 3475 2049 3528 bere.
2098 3473 2302 3544 Sibylla
2353 3475 2515 3540 igitur
2550 3472 2854 3542 Erythraea,
2887 3488 3008 3543 quae
3038 3483 3192 3528 sexta
3225 3481 3347 3541 post
3375 3473 3459 3526 di-

1902 3564 2103 3619 luvium
2129 3575 2288 3619 aetate
2319 3580 2378 3620 se
2404 3563 2605 3618 vixisse
2636 3565 2788 3627 dicit,
2821 3566 3074 3618 sacerdos
3118 3563 3460 3633 fuitApolli-

1891 3656 2024 3734 Inis:
2078 3671 2198 3726 qua:
2234 3670 2510 3711 coronam.
2549 3654 2726 3722 capite
2781 3640 3006 3726 gestans
3045 3669 3155 3731 non
3199 3669 3360 3711 secus
3396 3671 3461 3709 ac

1901 3831 2217 3894 bonnidum,
2242 3829 2485 3900 Abydeni
2515 3829 2678 3882 verba
2704 3829 2784 3884 sic
2805 3827 3088 3900 explicat;
3135 3827 3291 3900 culpa
3320 3827 3458 3900 Medi

1901 3917 2020 3956 eam
2061 3897 2421 3954 calamitatem
2476 3909 2789 3967 eventuram
2833 3913 2955 3953 esse
2981 3897 3311 3967 Babyloniis.
3359 3897 3462 3950 νεο-

244 3972 297 4024 in
326 3961 1018 4044 sacrisvoluminiiliu_s,fsed
1049 3981 1277 4044 satrapa:
1311 3989 1324 4044 ξ
1350 3988 1468 4044 “nec
1490 3971 1794 4044 Cambyses

1907 3987 2017 4024 rum
2055 3973 2340 4044 Abydenus
2368 3983 2473 4022 non
2505 3969 2642 4044 dixit
2669 3987 2684 4023 :
2723 3961 2784 4021 οὗ
2815 3967 2879 4040 δὴ
2909 3961 3112 4044 αἴτιος,
3146 3967 3460 4044 εειισυναι-

239 4041 552 4110 vocat-ariis
598 4041 686 4108 qui
734 4040 999 4094 Danielem
1048 4042 1229 4095 bestiis
1277 4041 1434 4109 objici
1480 4040 1791 4110 jussit,‘sed

238 4108 435 4163 Darius
469 4109 670 4181 Medus,
719 4110 788 4181 de
831 4125 936 4181 quo
965 4110 1125 4181 varia:
1178 4121 1301 4164 sunt
1346 4108 1791 4181 Chronologorum

241 4180 548 4232 sententim.
579 4177 710 4232 Nam
742 4180 985 4248 plerique
1031 4180 1332 4249 Cyaxarem
1371 4182 1511 4234 hunc
1541 4177 1660 4248 esse
1705 4197 1794 4233 vo-

241 4249 382 4312 lunt,
436 4250 687 4318 ASIyagis
733 4251 922 4319 lilium.
969 4249 1210 4319 Scaliger
1247 4265 1375 4304 vero
1419 4249 1791 4305 Nabonnidum

240 4333 363 4372 esse
393 4320 668 4371 contendit
697 4335 713 4385 ;
745 4318 894 4386 cujes
919 4318 1155 4386 opinioni
1188 4319 1513 4388 sum-agatur
1540 4320 1795 4374 Petavius

240 4399 454 4442 noster.
484 4388 719 4454 Quorum
751 4403 1067 4442 consensum
1107 4393 1284 4457 magni
1317 4390 1474 4443 facio.
1505 4389 1638 4442 Nam
1673 4405 1792 4443 cum

243 4459 298 4511 in
326 4457 596 4526 plerisque
618 4458 904 4511 dissentire
933 4459 1158 4524 soleant,
1202 4461 1507 4528 ubicunque
1539 4475 1631 4513 eos
1661 4473 1795 4512 con-

243 4529 430 4599 venire
457 4529 768 4589 Videritnus,
805 4529 1094 4580 niaximum
1147 4530 1390 4599 veritatis
1421 4540 1792 4599 argumentum

237 4607 341 4650 est.
377 4597 573 4649 Eorum
606 4606 782 4650 tamen
816 4599 1093 4650 sententia:
1125 4598 1384 4668 refragari
1413 4597 1623 4652 videtur
1650 4600 1795 4668 Aby-

239 4669 410 4720 denus
433 4668 482 4719 in
507 4668 741 4720 Historia
768 4668 1130 4736 Assyriorum.
1163 4667 1260 4722 llic
1287 4670 1430 4721 enim
1460 4670 1667 4732 scribit,
1692 4667 1797 4721 Na-

238 4737 750 4790 lmchmlmiosorum
773 4741 927 4804 paulo
955 4745 1077 4789 ante
1109 4749 1332 4790 mortem
1361 4739 1540 4791 divino
1576 4740 1795 4792 numine

239 4804 478 4862 afﬂatum
511 4807 825 4870 praedixisse
854 4806 1188 4876 Babyloniis,
1209 4809 1391 4860 urbem
1425 4810 1660 4875 ipsorum
1690 4824 1792 4861 non

240 4877 414 4929 inulto
453 4887 571 4945 post
613 4891 731 4930 esse
776 4878 1089 4944 perituram.
1142 4876 1337 4931 Mulum
1384 4880 1524 4931 enim
1576 4877 1793 4932 Persam

241 4956 529 5017 venturum
559 4960 702 5017 esse,
732 4947 824 5014 qui
858 4946 1189 5016 ipsisjugum
1219 4948 1498 5002 servitutis
1533 4947 1793 5017 imponat.

240 5015 373 5081 Ejus
401 5030 528 5068 vero
557 5016 854 5084 adjutorem
899 5018 952 5070 in
1008 5015 1406 5084 expugnatione
1445 5015 1622 5072 urbis
1649 5020 1795 5070 futu-

242 5101 366 5138 rum
399 5084 632 5148 Medum,
663 5085 1008 5156 Assyriorum
1033 5087 1280 5156 gloriam.
1331 5088 1422 5141 Sic
1447 5089 1588 5141 enim
1625 5087 1794 5156 inter-

284 5163 428 5226 rclo’r
475 5156 633 5226 verba
665 5150 1193 5226 illa'Abytletti105
1223 5155 1286 5226 δὴ
1337 5156 1602 5222 συναίτιος
1642 5155 1794 5210 ἔσται
1830 5152 1848 5172 ⁹

241 5223 452 5294 Μήδης.
486 5224 844 5296 ὓτωγςομςειιε
871 5223 1031 5296 verba
1066 5225 1200 5280 nihil
1233 5223 1372 5280 aliud
1405 5239 1795 5296 sonant,quam

242 5297 296 5348 td
325 5296 471 5366 quod
507 5294 818 5366 dixi.iQuod
846 5297 888 5348 si
918 5294 1099 5350 Medus
1148 5296 1326 5366 socius
1360 5308 1521 5366 atque
1569 5294 1800 5350 auiilia-

243 5372 332 5416 tor
367 5363 614 5435 fuit_(2yri
647 5365 696 5417 in
728 5366 1075 5435 expugnanda
1122 5376 1175 5420 et
1219 5365 1272 5419 in
1313 5363 1624 5422 servitutem
1658 5368 1798 5420 redi-

241 5435 414 5502 gentia
473 5432 762 5504 Babylone,
799 5432 990 5488 Medus
1029 5437 1211 5504 utique
1247 5451 1350 5489 non
1401 5447 1480 5490 est
1521 5437 1795 5491 Nabonni-

244 5504 368 5557 dus.
395 5504 466 5557 At
499 5503 755 5574 Scaliger,
785 5505 873 5572 qui
903 5503 1135 5559 Darium
1162 5504 1371 5559 Medum
1399 5506 1511 5562 vult
1549 5521 1666 5562 esse
1692 5507 1801 5560 Na-

1891 4057 2004 4104 τιος
2027 4076 2043 4103 ,
2080 4037 2186 4110 (ιιῐο
2213 4040 2388 4110 νει-[ιο
2416 4037 2647 4093 societas
2675 4049 2732 4093 et
2765 4037 3072 4110 communio
3109 4038 3339 4110 alicujus
3370 4040 3448 4091 l'a-

1892 4114 1960 4165 cti
1997 4107 2115 4164 cuni
2144 4110 2312 4163 altero
2349 4109 2705 4178 signiﬁcatur.
2761 4108 2853 4178 Sic
2901 4107 3070 4162 Filius
3127 4107 3222 4161 Dei
3276 4110 3461 4162 συναί-

1890 4197 2001 4242 τιος
2031 4181 2246 4242 dicitur,
2295 4177 2424 4247 quia
2471 4187 2580 4232 ’una
2629 4193 2747 4232 cum
2797 4177 2958 4232 Patre
2996 4179 3237 4232 omnium
3279 4195 3458 4233 rermu

1892 4259 2080 4302 auctor
2125 4259 2228 4303 est.
2269 4249 2495 4318 Constat
2533 4249 2698 4316 igitur
2738 4263 2806 4302 ex
2838 4248 3081 4318 Abydeni
3116 4248 3320 4316 verbis,
3351 4249 3460 4303 Me-

1894 4319 2022 4373 dum
2065 4335 2168 4371 non
2197 4334 2316 4372 esse
2345 4317 2743 4371 Nabonnidum.

1965 4389 2074 4457 (5|)
2110 4388 2262 4456 Vulg.
2282 4386 2509 4452 πάντας
2525 4386 2632 4455 γὰρ
2647 4386 2819 4455 εὐχῇ.
2839 4387 3014 4440 Malim
3032 4386 3268 4440 scribere
3288 4386 3339 4438 in
3362 4401 3460 4439 no-

1893 4457 2166 4518 minativo,
2185 4459 2391 4521 πάντας
2417 4458 2523 4529 γὰρ
2540 4457 2671 4529 εὐχὴ
2700 4458 3050 4529 κοσμιότητος
3069 4457 3162 4510 καὶ
3183 4457 3463 4529 σωφροσύ-

1893 4544 1989 4595 νης
2015 4529 2177 4600 άρετῇ
2230 4526 2614 4600 συναιρομένη,
2659 4526 2956 4591 ’τιθάσσους
2983 4527 3366 4600 ἀπειργάζετο,
3391 4529 3460 4600 id

1893 4608 1994 4662 est,
2025 4598 2193 4651 Tanta
2220 4599 2292 4652 vis
2318 4613 2388 4651 est
2420 4599 2751 4664 precationis,
2770 4607 2825 4649 ut
2848 4599 3255 4650 immanissimas
3273 4599 3460 4649 bestias

1895 4669 2314 4735 mansne/iecerit.
2340 4668 2597 4738 Certe_in
2639 4668 2824 4720 codice
2854 4666 3001 4738 AFuk.
3055 4669 3275 4737 legitur,
3325 4667 3460 4738 εὐχὴ

1895 4752 2056 4807 κοσμ.
2092 4739 2185 4789 καὶ
2219 4754 2355 4805 σωφ.
2381 4735 2546 4807 ἀρετὴ
2574 4736 2956 4807 συναιρομένη,
2990 4746 3096 4793 etc.

1967 4804 2076 4874 (32)
2105 4807 2213 4860 Kal
2243 4804 2384 4860 ἰδὼν
2405 4804 2512 4859 τὸν
2535 4804 2752 4873 ἄνδρα.
2796 4804 2854 4860 in
2894 4804 3080 4862 codice
3134 4804 3270 4860 Fuk.
3325 4815 3379 4860 cl
3406 4805 3460 4860 in

1895 4879 2111 4931 schedis
2133 4879 2386 4932 scribitur
2405 4877 2500 4930 καὶ
2526 4876 2672 4928 ἰδεῖν.
3335 4935 3337 4937 _

1969 4948 2079 5016 (55)
2111 4946 2265 5016 Vulg.
2299 4948 2416 5001 τῶν
2452 4944 2814 5002 ἀλλοδαπῶν
2865 4962 2944 5016 τιί
2971 4946 3316 5015 μαρτύριον.
3354 4945 3460 5016 Co-

1897 5017 1999 5071 dex
2032 5015 2164 5071 Fuit.
2195 5015 2248 5070 et
2294 5021 2506 5072 schedae
2552 5018 2812 5084 scriptum
2863 5015 3066 5071 habent
3123 5015 3462 5087 μαρτυριῶν,

1898 5088 2119 5142 rectius.
2162 5087 2346 5156 Neque
2390 5090 2532 5141 enim
2583 5101 2748 5140 unum
2783 5087 3047 5141 duntaxat
3098 5088 3461 5142 testimonium

1899 5156 2000 5210 atl'e
2013 5167 2062 5208 rt
2088 5157 2500 5219 Constantinus,
2527 5157 2623 5210 sed
2649 5156 2772 5210 duo.

1972 5225 2272 5298 (31,7Vulg.
2311 5226 2527 5295 ιέρειαν
2575 5225 2681 5280 τοῦ
2723 5226 3119 5298 Ἀπόλλωνος.
3151 5225 3466 5298 Amplector

1906 5295 2342 5352 emendationem
2377 5302 2655 5350 doetnrnm
2679 5295 2946 5366 virorum,
2980 5311 3140 5366 quam
3198 5297 3364 5366 etiam
3406 5296 3461 5366 in

1907 5366 2082 5419 Morari
2111 5367 2248 5420 libro
2269 5372 2462 5433 reperi,-
2487 5367 2654 5438 ἱέρεια
2675 5361 2743 5437 ἦν
2769 5365 2863 5419 τοῦ
2898 5361 3021 5420 Ἀπ’.
3047 5365 3126 5422 lta
3157 5374 3304 5421 certe
3324 5362 3462 5424 Fuk.

1906 5439 2076 5490 codex
2105 5447 2159 5490 et
2183 5441 2416 5492 schedia.

306 5638 601 5720 (')_Scripsit_
630 5640 826 5720 quidem
863 5641 1087 5720 Valesius
1129 5647 1186 5695 ut
1227 5644 1320 5706 ipsi
1359 5645 1720 5708 exscripsimus,
1745 5645 2100 5709 interpretatur
2120 5649 2284 5720 autem
2305 5646 2441 5708 quasi
2471 5647 2856 5711 scripsisset
2879 5655 3092 5708 satana,
3124 5653 3279 5700 tunc.
3305 5651 3465 5711 "ac...

444 5709 640 5760 Ματτὴν,
659 5713 719 5750 καὶ
742 5712 898 5753 “lucu.
922 5703 1040 5752 EDI‘I‘
1059 5751 1061 5753 .

3591 5305 3621 5314 .-
