3926 6264
419 317 440 371 l
452 316 558 373 295

1129 315 1396 372 EUSEBH
1431 319 1912 376 CESARIENSIS
1949 316 2100 374 OPP.
2139 315 2321 372 PARS
2357 313 2398 371 Ι.
2436 344 2508 355 -
2546 312 2933 371 HISTORICA.

3508 313 3639 369 £296

413 445 685 487 venenum
719 427 984 499 serpentis
1016 427 1288 482 sublatum
1314 439 1398 483 est
1429 447 1444 482 :
1476 428 1593 497 ejus
1620 432 1831 486 scilicet
1859 445 1948 484 ser

2076 429 2388 493 ἀπόλλυται,
2434 430 2528 483 καὶ
2578 430 2607 481 ὁ
2665 427 2742 492 ίὺς
2796 425 2889 479 τοῦ
2937 425 3114 496 ὄφεως
3146 426 3379 490 ἐκείνου,
3425 424 3486 489 ὃς
3516 431 3639 492 τοὺς

416 522 597 594 pentis
633 521 723 589 qui
754 521 958 589 primos
988 520 1319 574 homines-in
1357 523 1603 575 fraudem
1643 520 1850 591 primus
1890 520 1975 574 in-

413 611 754 684 duxit,595
774 624 1069 681 eorumque
1083 611 1290 666 animos
1312 611 1380 666 ab
1407 612 1590 666 innata
1621 614 1973 683 temperantia

392 699 485 763 ’ad
523 705 857 772 voluptatum
887 701 1127 757 traduxit
1156 702 1441 759 illecebras
1468 721 1480 756 :
1510 713 1568 758 ut
1598 702 1800 758 malum
1830 702 1972 772 quod

414 798 651 868 ipsorum
673 795 939 865 capitibus
962 795 1328 858 incumbebat,
1344 796 1566 851 minime
1590 794 1969 866 intelligerent.

412 888 622 944 Etenim
661 897 789 942 ante
823 886 1133 942 Servatoris
1164 888 1334 941 nostri
1367 887 1420 941 in
1453 895 1631 943 terras
1658 887 1969 950 adventum,

413 992 635 1046 serpens
666 975 755 1031 ille
784 989 992 1032 mentes
1024 978 1300 1032 hominum
1330 975 1668 1046 ignoratione
1694 976 1971 1030 immorta-

409 1071 475 1127 lis
501 1070 771 1141 justorum
803 1070 929 1124 vitae
957 1078 1276 1133 occaecatas,
1304 1084 1368 1123 ac
1398 1068 1543 1122 nulla
1577 1067 1840 1123 bonorum
1875 1083 1969 1137 spe

409 1160 574 1216 fultas
624 1160 983 1214 subverterat.
1040 1159 1169 1214 Post
1218 1159 1527 1231 passionem
1568 1173 1697 1213 vero
1756 1159 1968 1213 Domini

407 1251 601 1317 nostri,
628 1266 753 1305 cum
778 1264 979 1320 corpus
1007 1252 1135 1306 illud
1165 1250 1307 1322 quod
1336 1257 1640 1319 acceperat,
1677 1264 1705 1301 a
1735 1251 1969 1303 sanctis-

403 1343 555 1398 sima:
599 1345 795 1398 animat
834 1343 1091 1397 societate
1119 1345 1395 1411 aliquanto
1426 1354 1665 1409 tempore
1693 1343 1964 1396 divulsum

402 1434 615 1496 fuisset,
635 1432 906 1504 patefacta
927 1445 1011 1488 est
1033 1428 1344 1489 hominibus
1364 1433 1778 1488 resurrectionis
1802 1433 1961 1489 ﬁdes:

399 1526 527 1581 etsi
565 1542 685 1597 quac
720 1525 870 1581 labes
907 1525 1260 1579 humanorum
1309 1524 1571 1579 scelerum
1606 1533 1961 1585 remanserat.

400 1625 754 1671 sacrosancto
808 1615 1027 1670 lavacro
1079 1613 1290 1685 penitus
1364 1615 1608 1668 abstersa
1659 1625 1761 1669 est.
1814 1612 1966 1667 Tunc

398 1708 612 1763 demum
648 1707 894 1763 subditos
923 1722 1052 1761 suos
1077 1704 1218 1760 bono
1251 1706 1432 1759 animo
1459 1704 1706 1760 Christus
1737 1719 1859 1759 esse
1879 1703 1965 1774 ju-

2076 520 2526 594 πρωτοπλάστους
2556 518 2770 590 πρῶτος
2793 517 3055 589 ἐξηπάτα,
3098 518 3364 588 παράγων
3408 516 3509 582 τὰς
3536 518 3643 573 δια-

2073 612 2221 675 νοίας
2250 611 2427 665 αὐτῶν
2461 611 2568 665 ἀπὸ
2595 611 2692 681 τῆς
2724 608 2966 680 ἐμφύτου
3014 609 3367 681 σωφροσύνης
3410 609 3505 663 ἐπὶ
3544 611 3640 682 τὴν

2070 702 2179 755 τῶν
2205 703 2404 773 ἡδονῶν
2423 702 2740 764 ἀπόλαυσιν,
2756 702 2904 765 ὅπως
2922 701 2995 773 μὴ
3021 704 3197 771 γνοῖεν
3227 699 3339 772 (62)
3366 700 3459 754 τὸν
3473 704 3643 777 ἐπηρ-

2070 812 2133 864 τη
2143 794 2301 865 μένον
2322 795 2502 858 αὐτοῖς
2525 794 2760 866 ὅλεθρον.
2781 792 2894 866 Πρὸ
2924 794 3113 864 γάρτοι
3138 792 3238 863 τῆς
3274 793 3641 858 κατελεύσεως

2069 883 2164 936 τοῦ
2197 884 2465 956 Σωτῆρος,
2500 884 2599 953 τῆς
2620 883 2917 947 ἀθανασίας
2934 883 3042 937 τῶν
3068 883 3288 937 δικαίων
3310 884 3526 955 ἀγνοίᾳ,
3545 883 3640 943 τὰς

2068 975 2240 1046 ψυχὰς
2283 975 2389 1029 τῶν
2436 973 2736 1047 ἀνθρώπων
2792 973 2885 1028 ἐπὶ
2935 974 3171 1047 μηδεμιᾷ
3216 977 3425 1046 χρηστῇ
3468 974 3639 1029 ἐλπίδι

2068 1067 2434 1139 ἐρειδομένας,
2460 1066 2688 1140 ἔθραυε·
2725 1065 2989 1131 παθόντος
3044 1065 3102 1119 δὲ
3134 1066 3320 1133 αὐτοῦ,
3368 1069 3463 1121 καὶ
3503 1068 3640 1141 πρὸς

2068 1159 2257 1231 καιρὸν
2309 1159 2403 1212 τοῦ
2451 1158 2828 1232 περιτεθέντος
2884 1159 3137 1230 σώματος
3175 1160 3537 1231 χωρισθέντος
3576 1163 3637 1214 ἐκ

2065 1253 2163 1322 τῆς
2186 1253 2466 1316 κοινωνίας
2488 1252 2581 1306 τοῦ
2600 1252 2754 1321 ἁγίου
2778 1253 2917 1306 Πνεύ
2926 1270 3092 1323 ματος
3118 1251 3249 1321 (65),
3277 1253 3634 1324 ἀπεκαλύφθη

2064 1348 2176 1409 τοῖς
2204 1338 2513 1415 ἀνθ’ρὼποις
2543 1344 2603 1397 τὸ
2630 1343 2847 1397 δυνατὸν
2869 1344 2966 1414 τῆς
2995 1343 3341 1407 ἀναστάσεως
3376 1343 3513 1414 (64),
3545 1348 3635 1400 καὶ

2064 1435 2118 1487 εἴ
2167 1452 2250 1498 τις
2306 1433 2417 1496 ίλὺς
2473 1432 2825 1505 ἀνθρωπίνων
2871 1433 3223 1504 ἀδικημάτων
3264 1434 3633 1497 κατελείπετο,

2063 1525 2198 1597 αὕτη
2214 1527 2359 1579 πᾶσα
2371 1525 2613 1597 λουτροῖς
2644 1525 2819 1593 ἁγίοις
2847 1525 3137 1596 ἐσμήχετο.
3158 1525 3293 1579 Τότε
3307 1524 3371 1596 δὴ
3397 1544 3636 1598 παρακεο

2062 1617 2270 1670 λεύεται
2285 1620 2394 1681 τοῖς
2411 1617 2670 1687 ὑπηκόοις
2686 1616 2927 1689 θαῤῥεῖν,
2947 1617 3040 1670 καὶ
3054 1619 3118 1671 ἐκ
3134 1617 3232 1688 τῆς
3245 1617 3413 1672 αὑτοῦ
3433 1619 3633 1690 σεμνῆς

2061 1712 2216 1782 διασή
2225 1729 2324 1781 μου
2339 1727 2398 1763 τε
2413 1711 2778 1774 ἀναστάσεως,
2796 1709 2866 1764 τὰ
2881 1712 3041 1779 ὅμοια
3061 1709 3297 1775 ἐλπίζειν
3322 1711 3626 1765 ἐκέλευσεν.

398 1799 512 1862 bet,
541 1812 596 1856 et
635 1817 699 1855 ex
728 1801 1034 1855 veneranda
1067 1809 1121 1853 et
1156 1798 1353 1853 illustri
1396 1812 1490 1852 sua
1538 1797 1953 1863 resurrectione,

2059 1805 2268 1863 Οὐκοῦν
2283 1804 2503 1866 δικαίως
2519 1802 2768 1856 ἐτελεύτα
2780 1802 2887 1856 τῶν
2906 1802 3122 1856 ἰοϐόλων
3138 1802 3365 1872 ἡφύσις,
3384 1803 3632 1858 ἐτελεύτα

396 1895 600 1948 similia
636 1908 877 1963 sperare.
923 1892 1056 1947 Jure
1108 1906 1238 1960 ergo
1281 1892 1482 1945 dictum
1534 1901 1647 1953 est,
1695 1888 1960 1942 occidisse

394 1987 639 2041 omnium
697 1996 1083 2039 venenatorum
1123 1999 1312 2054 genus.
1353 1981 1566 2037 Occidit
1610 1981 1772 2034 etiam
1815 1996 1959 2033 mors

394 2078 512 2145 ipsa
552 2089 606 2132 et
648 2076 981 2132 resurrectio
1012 2075 1328 2132 confirmata
1357 2084 1461 2130 cst.
1502 2073 1716 2129 Occidit
1744 2086 1960 2141 quoque

393 2167 738 2235 Assyriorum
774 2183 965 2234 genus,
1005 2168 1095 2238 qui
1136 2167 1257 2221 lidei
1290 2168 1342 2219 in
1377 2165 1543 2220 Deum
1572 2164 1846 2234 principes
1874 2171 1957 2216 at—

391 2274 498 2331 que
522 2269 771 2313 auctores
805 2261 1150 2313 exstiterant.
1177 2259 1461 2312 Atnomum
1486 2269 1613 2310 vero
1647 2254 1844 2322 ubique
1865 2270 1960 2307 na-

391 2352 651 2406 sciturum
696 2365 817 2406 cunt
877 2349 1029 2415 dicit,
1078 2347 1479 2403 multitudinem
1525 2343 1955 2399 Christianorum

391 2444 473 2499 sic
506 2444 758 2514 appellat.
795 2444 926 2510 Quae
956 2458 1063 2499 non
1099 2456 1253 2498 secus
1280 2456 1344 2495 ac
1375 2434 1956 2496 innumerabilesrami

390 2535 779 2589 amoenissimis
825 2535 1047 2591 ﬂoribus
1089 2533 1290 2598 ornati,
1322 2541 1377 2586 et
1421 2530 1634 2585 modico
1680 2542 1804 2582 rore
1833 2526 1958 2579 irri-

389 2626 521 2695 gati,
557 2641 624 2680 ex
652 2642 757 2679 una
789 2626 970 2679 radice
1011 2623 1257 2691 pullulat.
1304 2622 1473 2677 Boote
1503 2620 1669 2690 igitur
1696 2618 1811 2673 haac
1839 2633 1868 2670 a
1907 2625 1960 2671 te

389 2715 536 2772 dicta
567 2728 718 2784 sunt,
744 2732 777 2773 ο
818 2716 969 2772 Maro
1009 2725 1290 2787 poetarum
1320 2712 1740 2784 sapientissime.
1770 2710 1874 2766 Sed
1903 2717 1959 2764 et

388 2809 594 2880 reliqua
619 2825 741 2865 cum
772 2809 857 2864 bis
887 2809 1231 2864 consentiunt
1262 2825 1277 2861 :

388 2902 459 2954 At
483 2903 640 2955 simul
667 2904 881 2956 heroum
929 2900 1131 2965 laudes,
1158 2909 1206 2954 et
1236 2899 1380 2968 facta
1408 2899 1638 2965 parentis

386 2971 512 3034 lant
543 2973 731 3042 legere,
753 2982 802 3025 et
831 2987 948 3041 qua:
972 2974 1062 3035 sit,
1091 2967 1287 3040 poteris
1316 2985 1627 3037 cognoscere
1658 2967 1845 3020 virtus.

387 3061 491 3116 Per
526 3063 709 3120 laudes
752 3063 976 3118 heroum
1026 3061 1280 3132 intelligit
1306 3076 1470 3130 Opera
1501 3060 1770 3130 iustorum
1806 3058 1953 3113 viro-

2062 1895 2118 1948 δέ
2134 1895 2225 1947 καὶ
2239 1893 2477 1964 θᾲνατος,
2495 1893 2900 1965 ἐπεσφραγίσθη
2919 1895 3009 1947 καὶ
3020 1895 3052 1965 ἡ
3065 1893 3378 1958 ἀνάστασις,
3390 1894 3629 1948 ἀπώλετο

2062 1988 2117 2040 δὲ
2134 1988 2227 2040 καὶ
2242 1987 2302 2039 τὸ
2323 1986 2429 2039 τῶν
2444 1986 2740 2057 Ἀσσυρίων
2754 1987 2908 2054 γένος
2922 1985 3054 2057 (65),
3075 1986 3103 2039 ὃ
3120 1988 3403 2057 παραίτιον
3420 1988 3628 2055 ἐγένετο

2063 2079 2160 2150 τῆς
2188 2079 2423 2142 πίστεως
2444 2078 2535 2131 τοῦ
2560 2077 2694 2130 Θεοῦ
2713 2095 2726 2107 ·
2773 2077 3001 2147 φύεσθαί
3033 2096 3092 2132 τε
3114 2079 3386 2150 πανταχοῦ
3413 2080 3629 2147 φάσκων

2063 2170 2124 2224 τὸ
2181 2174 2428 2241 ἄμωμον,
2504 2168 2703 2240 πλῆθος
2770 2169 2878 2223 τῶν
2933 2170 3342 2242 θρησκευόντων
3399 2190 3627 2244 πρσαγο-

2066 2264 2213 2337 ρεύει
2242 2263 2387 2335 (66)⁶
2427 2259 2537 2317 οἷον
2577 2262 2685 2336 γὰρ
2726 2265 2789 2316 ἐκ
2825 2256 3138 2335 μιᾶςρίζης
3185 2264 3387 2334 πλῆθος
3427 2264 3633 2320 κλάδων

2064 2354 2283 2408 εὐώδεσι
2327 2352 2515 2408 θάλλον
2542 2354 2776 2418 ἄνθεσιν,
2828 2355 3122 2426 ἀρδόμενον
3164 2356 3477 2429 συμμετρίᾳ
3523 2346 3626 2425 696-

2066 2461 2181 2507 σου,
2248 2430 2549 2515 βλαστάνει.
2614 2445 3065 2517 Πεπαιδευμένως
3114 2446 3190 2511 δέ,
3258 2442 3303 2502 ὦ
3357 2448 3623 2517 σοφώτατε

2064 2535 2264 2608 ποιητά
2299 2537 2524 2609 Μάρων,
2567 2537 2662 2591 καὶ
2703 2538 2770 2592 τὰ
2802 2539 2927 2610 ἑξῆς
2955 2538 3169 2594 ἅπαντα
3204 2541 3297 2594 καὶ
3327 2540 3624 2605 ἀκολούθως

2063 2625 2177 2696 ἔχει
2198 2645 2212 2657 ·

2060 2894 2287 2948 Αὐτίκα
2318 2891 2369 2945 δ’
2399 2890 2602 2965 vi,de
2628 2893 2858 2960 ἀρετὰς,
2895 2894 3116 2965 πατρός
3148 2911 3212 2965 τε
3234 2895 3525 2965 μεγίστου

2065 2966 2223 3032 Ἕργ⁹
2249 2964 2677 3033 ὑπερηνορίῃσι
2708 2963 3047 3033 κεκασμένα
3084 2963 3298 3030 πάντα,
3322 2963 3585 3035 μαθήσῃ.

2061 3058 2198 3120 Τοὺς
2230 3055 2327 3127 μὲν
2358 3054 2465 3107 τῶν
2497 3053 2689 3127 ἡρώων
2731 3055 3016 3121 ἐπαίνους,
3045 3056 3111 3109 τά
3139 3056 3247 3108 τῶν
3278 3056 3503 3110 δικαίων
3531 3058 3618 3110 ἀν-

388 3168 508 3208 runt
541 3167 557 3207 :
597 3168 693 3223 per
725 3154 966 3223 parentis
989 3154 1239 3220 virtutes,
1266 3152 1713 3207 constitutionem
1741 3152 1951 3215 mundi,

2059 3149 2194 3224 δρῶν
2221 3148 2356 3220 ἔργα
2384 3146 2684 3219 σημαίνων,
2707 3147 2807 3213 τὰς
2834 3148 2892 3202 δὲ
2922 3149 3121 3220 ἀρετὰς
3143 3149 3237 3202 τοῦ
3269 3149 3505 3221 Πατρὸς,
3528 3149 3620 3221 τὴν

386 3265 514 3331 Ipsa
540 3267 676 3317 enint
706 3263 805 3318 Dei
838 3263 1099 3319 cunabula
1126 3263 1357 3335 Spiritus
1405 3265 1575 3320 sancti
1599 3266 1787 3320 virtute
1853 3268 1958 3335 ﬂa-

387 3344 622 3417 grantes_
650 3335 805 3417 ﬂores
842 3353 1007 3417 .nopte
1053 3335 1251 3417 soboli.
1280 3336 1610 3417 extulerunt:
1684 3335 1958 3417 Musonius

387 3403 551 3477 igitur
609 3403 742 3477 legit
798 3405 981 3470 αὐτοῖς
1040 3406 1372 3477 σπαργάνοις
1431 3405 1679 3461 νεολαίαν
1737 3405 1951 3475 γένναν.

385 3474 914 3547 ριιιύειομιιοιιεοιιιιε
961 3490 1090 3531 vero
1133 3474 1362 3547 δυνάμει
1416 3485 1639 3547 tantum
1677 3478 1819 3547 legit,
1856 3493 1954 3547 pro

382 3544 643 3615 δύναμις,
675 3547 815 3612 quod
876 3547 1048 3616 magis
1084 3544 1283 3615 probo.
1330 3547 1429 3601 Per
1466 3544 1954 3615 veolalav‘yév'vav

387 3616 658 3688 novellum
681 3617 933 3688 populum
966 3618 1398 3670 Christianorum
1434 3617 1681 3687 intelligit
1713 3635 1726 3672 :
1757 3629 1824 3672 de
1847 3635 1955 3688 quo

384 3684 667 3754 Virgilium
693 3684 836 3753 loqui
858 3688 1108 3754 superius
1139 3688 1272 3739 dixit
1301 3702 1367 3740 eo
1387 3701 1545 3740 versu
1583 3684 1630 3739 ε’
1865 3684 1880 3688 ⁷
1934 3710 1941 3715 ι

454 3752 580 3808 Ιὰηι
598 3770 739 3825 nova
757 3752 1025 3825 progenies
1060 3758 1185 3809 casio
1224 3757 1522 3809 demittitur
1544 3759 1670 3812 alto.

455 3824 566 3897 (62)
598 3821 763 3897 Vulg.
777 3821 936 3897 ὅπως
958 3825 1175 3897 γνοῖεν.
1198 3824 1295 3879 Hic
1311 3827 1625 3895 particulam
1651 3827 1948 3897 uegativam

378 3895 748 3959 additlt,6nw;
772 3895 846 3965 μὴ
869 3895 1046 3963 γνοῖεν
1073 3912 1232 3964 quam
1257 3898 1690 3951 emendationem
1722 3895 1948 3964 sequen-

389 3966 778 4035 tiatnanilcste
824 3971 1166 4019 coulirmant.
1205 3967 1260 4019 Si
1287 3967 1408 4033 quis
1448 3977 1621 4021 tamen
1680 3967 1947 4035 vulgatam

382 4034 703 4108 scripturam
746 4037 880 4088 tueri
912 4036 1332 4108 velit,_eq-_tident
1370 4052 1473 4090 non
1506 4037 1659 4090 valde
1687 4034 1949 4108 repagna-

386 4107 481 4167 bo,
510 4121 631 4157 cum
665 4114 955 4173 utrumque
989 4106 1202 4160 delendi
1235 4110 1423 4173 possit.

455 4173 566 4243 (65)
600 4174 695 4227 Ἐκ
730 4172 842 4241 τῆς
868 4172 1196 4239 ίκοινωνίας
1226 4172 1331 4227 τοῦ
1362 4175 1532 4244 ἁγίου
1585 4175 1947 4244 Πνεύματος.

380 4243 770 4298 Constantinus
803 4246 1042 4313 spiritum
1084 4246 1297 4299 dixerat
1323 4243 1418 4312 pro
1454 4246 1651 4312 anima,
1680 4243 1950 4313 interpres

386 4328 515 4384 vero
558 4316 622 4367 de
658 4324 849 4369 sancto
907 4318 1113 4383 Spiritu
1176 4317 1448 4381 accepisse
1507 4319 1742 4381 vnletur,
1793 4318 1947 4384 quasi

2068 3264 2219 3321 Hunc
2248 3261 2422 3334 locum
2454 3261 2798 3334 interpolavit
2826 3262 3347 3333 Christophorsonus
3372 3306 3389 3332 ,
3419 3281 3620 3334 expun-

2064 3336 2167 3405 etis
2188 3333 2408 3405 duobus
2436 3331 2729 3405 vocabulis
2770 3331 3081 3405 prioribus.
3121 3331 3381 3389 Savilius’
3412 3331 3621 3405 quoque

2062 3405 2118 3459 in
2147 3403 2284 3475 libro
2310 3417 2419 3475 suo
2435 3403 2533 3456 has
2564 3417 2723 3455 voces
2735 3402 3008 3475 Aaﬂdﬁts‘to
3031 3404 3088 3457 δέ
3123 3407 3381 3475 expunin
3405 3402 3617 3473 perinde

2061 3490 2126 3528 ac
2157 3473 2692 3538 Christophorsonus.
2727 3470 2833 3527 Sed
2868 3488 3094 3542 uterque
3129 3470 3289 3543 longe
3320 3470 3491 3530 falsus
3518 3488 3616 3531 est.

2059 3542 2193 3598 Nam
2217 3543 2629 3616 Constantinus,
2665 3553 2850 3616 utpote
2876 3545 3008 3597 artis
3047 3542 3413 3614 grammatica:
3455 3547 3618 3616 impe-

2061 3615 2221 3675 ritus,
2253 3611 2462 3682 Virgilii
2492 3627 2704 3665 versum
2736 3615 2805 3666 ita
2842 3611 3215 3667 construxerat
3244 3629 3260 3667 :

2168 3682 2378 3737 Occidet
2419 3683 2689 3750 Assyrium
2712 3725 2726 3747 ,
2763 3682 2916 3751 vulgo
2957 3695 3200 3737 nascetur
3232 3700 3517 3738 amomum.

2058 3751 2223 3823 quue
2255 3754 2598 3823 convincitur
2629 3761 2739 3823 tum
2766 3767 2832 3805 ex
2866 3755 2964 3806 hoc
2987 3754 3126 3816 loco,
3156 3764 3264 3806 tum
3286 3770 3353 3808 ex
3377 3756 3619 3811 wrsione

2058 3822 2367 3888 interpretis
2414 3822 2608 3891 Graeci,
2653 3822 2743 3891 qui
2796 3837 3008 3876 versum
3065 3824 3212 3877 illum
3274 3822 3480 3891 Virgilii
3547 3827 3616 3880 ita

2057 3894 2235 3964 vertit,
2278 3890 2557 3964 Ἀσσύριόν
2598 3891 2652 3964 τῖ
2676 3890 2915 3962 οἴχεται⁸
2947 3892 3125 3947 θάλλει
3164 3893 3221 3947 δέ
3259 3890 3401 3947 κατά
3428 3896 3615 3964 τέμπε⁹

2054 3962 2303 4033 ἄμωμον.
2336 3960 2597 4033 Sic'enim
2639 3960 2834 4031 legitur
2863 3965 2912 4015 in
2940 3966 3142 4033 optimo
3186 3966 3372 4018 codice
3413 3960 3545 4020 [θυι.
3564 3976 3615 4020 et

2056 4031 2205 4086 recte
2254 4032 2472 4100 quidem
2526 4031 2680 4099 juxta
2740 4031 2989 4086 mentem‘
3020 4033 3387 4088 Constantini.
3444 4035 3612 4091 Porro

2058 4104 2200 4168 quod
2227 4112 2438 4167 spectat
2463 4102 2528 4155 ad
2558 4111 2726 4172 totum
2770 4102 2869 4154 hoc
2928 4102 3130 4172 Virgilii
3175 4119 3418 4169 carmen,
3455 4104 3611 4160 Chri-

2057 4172 2216 4225 stiani
2246 4172 2372 4224 illud
2399 4186 2464 4226 ex
2507 4171 2786 4240 Sibyllinis
2813 4171 3060 4227 versibus
3110 4174 3430 4228 translatqu
3474 4191 3609 4241 esse,

2055 4252 2107 4294 et
2133 4244 2197 4296 de
2224 4242 2423 4311 Christi
2455 4250 2575 4294 ortu
2604 4241 2824 4311 intelligi
2855 4243 3075 4307 debere,
3119 4253 3433 4298 constanter
3470 4246 3608 4300 θωτ-

2057 4320 2291 4364 maruut.
2325 4309 2509 4381 Neque
2541 4312 2685 4365 enim
2717 4309 2796 4365 de'
2818 4310 2926 4364 alio
2969 4328 3132 4383 quant
3170 4317 3234 4368 de
3256 4313 3478 4370 Christo
3505 4317 3609 4371 dici

381 4382 1002 4475 flltrist'us‘divinitatem
1031 4386 1421 4475 ltabtlter'tt‘lqco
1449 4387 1661 4475 auium:
1690 4382 1827 4455 qum—
1847 4387 1947 4440 l'utt
1984 4422 2023 4475 ο
2055 4396 2207 4475 posse
2238 4399 2251 4435 :

379 4451 604 4527 lnmresis
622 4454 966 4527 Apollinaris.
987 4454 1042 4507 ltt
1060 4456 1243 4527 codice
1256 4453 1371 4527 uk
1411 4468 1527 4523 pOst
1547 4451 1764 4527 verbum
1784 4473 1949 4527 χωρι-

384 4522 625 4588 σθέντος,
661 4526 870 4594 virgula
921 4525 1232 4594 apponitur.
1281 4522 1459 4590 Quare
1510 4522 1941 4591 videnduui'est,

382 4601 562 4665 utrum
591 4593 763 4665 verba,
780 4594 889 4659 illa,
917 4595 980 4648 ἐκ
1007 4595 1104 4665 τῆς
1125 4593 1217 4645 τοῦ
1247 4595 1401 4662 ἁγίου
1424 4594 1738 4665 Πνεύματος
1760 4613 1950 4649 κοινω-

373 4663 517 4729 νίας,
561 4663 938 4734 coniungenda
992 4663 1099 4734 sint
1144 4681 1264 4716 ('UIII
1326 4668 1392 4718 iis
1435 4663 1945 4734 qum—sequuntur:

372 4732 898 4807 ἀπεκαλύφθη-τοῖς
924 4733 1251 4805 ἀνθρώποις,
1291 4746 1424 4807 etc.,
1454 4732 1513 4789 ut
1536 4732 1733 4807 sensus
1753 4738 1821 4789 sit
1856 4753 1949 4807 per

374 4805 929 4859 cetnmutttcatiouent
985 4808 1220 4872 bptritus
1259 4806 1450 4871 sancti,
1497 4805 1947 4874 quent'Cltris‘tus

338 4932 341 4933 ν
372 4885 491 4942 post
530 4876 836 4942 passionem
865 4875 1179 4928 hominibus
1213 4875 1439 4940 infudit,
1470 4877 1794 4944 patefactam
1823 4892 1946 4932 esse

370 4956 479 4995 Vtut
520 4962 657 4998 resui
681 4946 956 4996 t'ectiuuis.

442 5014 554 5084 (64)
600 5015 670 5068 Τὸ
716 5011 977 5084 δυνατὸν
1010 5010 1117 5080 τῆς
1157 5011 1562 5080 ἀναστάσεως.
1611 5010 1728 5069 Non
1778 5016 1944 5084 probo

369 5082 674 5137 versionem
739 5082 1243 5151 Christophorsoni,
1280 5087 1570 5152 qui—hune
1636 5082 1809 5138 locum
1871 5088 1938 5140 ita

372 5152 765 5223 interpretatus
795 5165 899 5214 est,
929 5155 1322 5223 resurrectionis
1356 5155 1428 5207 vis
1463 5156 1758 5209 hominibus
1796 5166 1943 5223 pate-

370 5220 531 5295 facta:
549 5234 645 5277 est.
678 5220 1266 5295 Necaluei-dminnes
1309 5224 1609 5278 Portesius.
1648 5226 1758 5295 Ego
1796 5220 1941 5280 ’γει-ο

369 5307 475 5344 non
499 5293 688 5365 dubito
729 5294 858 5360 quin
891 5292 954 5345 τὸ
999 5291 1223 5346 δυνατὸν
1264 5297 1314 5348 id
1361 5295 1658 5365 siguilicet,
1696 5291 1844 5364 quod
1888 5300 1936 5350 in

369 5363 619 5418 Versione
679 5376 799 5416 mea
844 5378 1107 5432 expressi.
1157 5364 1248 5416 Att
1295 5363 1455 5432 igitur
1506 5363 1935 5430 Constantinus,

370 5440 492 5503 post
529 5444 761 5487 mortem
812 5431 1009 5486 Christi
1054 5431 1382 5501 patefactum
1422 5449 1542 5489 esse
1581 5436 1891 5490 hominibus
1919 5478 1935 5503 ,

370 5501 485 5573 lieri
547 5516 704 5568 posse
743 5508 807 5553 ut
865 5516 1097 5571 corpora
1145 5516 1508 5573 resin-gerent.
1566 5508 1740 5559 Antea
1791 5501 1934 5560 enim

366 5570 597 5624 obscura
621 5584 742 5625 erat
782 5570 1197 5644 resurrectionis
1244 5570 1375 5627 Iid'es
1400 5613 1414 5633 .
1447 5576 1607 5628 etiam
1657 5576 1795 5644 apud
1843 5576 1937 5631 Ju-

365 5646 531 5763 gtelps.
573 5649 747 5711 Atque
805 5641 1009 5697 idcirco
1065 5653 1293 5696 mortem
1358 5654 1636 5712 tantopere
1686 5641 1934 5700 relormi~

400 5726 431 5762 a
473 5720 583 5762 aut.
1614 5752 1619 5755 .

400 5720 583 5762 about.
1614 5752 1619 5755 .

374 5794 377 5797 '
430 5779 545 5839 (ὤ)
579 5779 871 5833 Ἀπώλετο
896 5779 963 5833 δὲ
996 5778 1096 5833 καὶ
1122 5779 1188 5833 τὸ
1214 5780 1332 5833 τῶν
1366 5782 1700 5850 Ἀσσυρίων
1734 5783 1924 5851 γένος.

2126 4449 2238 4522 llos
2267 4450 2416 4515 duce,
2439 4450 2484 4503 si
2503 4466 2605 4519 qua
2634 4462 2842 4522 manent
2865 4451 3073 4506 sceleris
3101 4453 3319 4522 vestigia
3351 4457 3542 4522 nostri,

2124 4520 2284 4573 Irrita
2316 4528 2560 4586 perpetua
2599 4521 2791 4573 solvent
2818 4520 3101 4589 formidine
3126 4520 3313 4577 terras.

2053 4590 2351 4662 ltaipra-ter
2386 4591 2799 4662 Constantinum
2829 4592 3159 4660 Augustinus
3203 4593 3254 4645 in
3289 4594 3515 4662 epistola
3544 4597 3605 4650 ad

2055 4659 2424 4734 Volusiauum,
2449 4671 2502 4713 et
2532 4660 2584 4712 in
2607 4660 2835 4734 epistola
2868 4659 2992 4716 155.
3032 4662 3086 4715 lu
3127 4659 3357 4734 epistola
3393 4667 3604 4734 quidem
3698 4686 3701 4689 ν

2049 4732 2115 4783 ad
2158 4729 2559 4802 Volusianuut,_
2588 4729 2866 4802 Assyrium
2899 4746 3177 4784 amomum
3218 4729 3608 4802 interpretatur

2048 4802 2243 4868 dogma
2270 4799 2592 4870 Pherecydis
2622 4801 2852 4869 Assyrii,
2879 4802 2967 4868 qui
2995 4802 3196 4870 primus
3218 4799 3462 4857 animum
3494 4820 3609 4859 esse

2050 4870 2410 4942 inuuortalent
2465 4870 2854 4942 pronuntiavit.
2906 4870 3106 4925 Verum
3132 4872 3272 4942 _ltt'ec
3316 4875 3603 4942 Augustini

2047 4939 2435 5011 interpretatio
2458 4940 2592 5011 lerri
2618 4955 2719 5011 non
2757 4951 2950 5008 potest,
2981 4957 3101 4995 cum
3132 4939 3473 5011 Pherecydes
3506 4960 3606 4999 non

2044 5009 2299 5085 Assyrius
2329 5010 2495 5085 fuerit
2518 5047 2533 5071 ,
2567 5010 2657 5085 sed
2690 5010 2900 5085 Syrius,
2935 5013 2986 5065 id
3018 5021 3120 5085 est,
3150 5027 3218 5085 et;
3244 5009 3414 5066 insula
3448 5012 3603 5085 Syro.

2043 5077 2310 5151 Quocirca
2342 5078 2678 5148 pl‘tBlel'eltda
2708 5077 2790 5133 est
2822 5079 3163 5135 Constantini
3205 5077 3600 5151 interpretatio.

2043 5150 2134 5221 qui
2160 5148 2386 5221 itontiue
2412 5152 2864 5221 quidemgamomi
2889 5152 2967 5203 ait
2990 5152 3257 5221 designari
3297 5148 3484 5207 lideles
3513 5170 3602 5208 seu
3626 5180 3631 5187 ε

2040 5217 2401 5293 Christianos,
2424 5234 2489 5272 eo
2517 5218 2658 5286 quod
2689 5221 2797 5273 sint
2823 5219 3062 5291 ἄμωμοι,
3080 5217 3129 5274 id
3156 5232 3241 5275 est
3261 5223 3379 5276 sine
3424 5239 3602 5293 repre-

2043 5290 2336 5360 hensione.
2364 5293 2647 5360 Assyrium
2687 5304 2817 5344 vero
2850 5290 2968 5344 tdco
3015 5294 3385 5360 cognontinari
3409 5331 3425 5356 ,
3463 5290 3598 5359 quod

2041 5356 2110 5408 ab
2139 5359 2372 5429 Assyriis
2407 5356 2586 5413 ortum
2620 5360 2691 5412 sit
2737 5361 3055 5428 principium
3086 5356 3259 5415 'lidei.
3318 5356 3593 5418 Abraham

2038 5429 2182 5499 enim
2212 5431 2486 5499 Assyrius,
2514 5429 2720 5498 primus
2748 5431 2976 5483 credidit
3016 5432 3162 5494 Deo;
3212 5433 3354 5486 uttde
3401 5443 3456 5487 et
3487 5447 3597 5485 cte-

2039 5498 2276 5567 dentium
2321 5498 2473 5566 pater
2495 5500 2905 5567 cognominatus
2936 5511 3038 5554 est.

2109 5566 2231 5639 (66),
2256 5568 2419 5635 'Vulg.
2465 5566 2908 5637 προσαγορεύει.
2969 5574 3281 5638 Atnplector
3318 5570 3589 5639 coniectu-

2042 5653 2155 5690 ram
2194 5638 2410 5692 l‘lenrici
2446 5640 2768 5708 Savilii,qui
2794 5643 2860 5693 ad
2894 5655 3043 5693 oram
3080 5641 3285 5696 codicis
3316 5643 3399 5697 sui
3429 5638 3590 5695 aduo-

2037 5710 2169 5762 tavit
2195 5727 2208 5763 :
2233 5708 2394 5764 Forte
2418 5709 2755 5765 scribendum
2777 5720 2861 5766 est
2877 5708 3248 5782 προαγορεύει.
