3926 6264
254 454 393 510 1297
487 448 500 463 ‘

1024 449 1489 508 CONSTANTINI
1527 450 1783 508 ORATIO
1820 450 1912 505 AD
1951 451 2372 513 SANCTORUM
2408 449 2706 508 εοΕτϋΜ.

3337 449 3475 506 1298

246 566 342 621 τοῦ
373 564 580 638 κόσμου
626 565 875 632 σύνταξιν
911 566 1004 619 καὶ
1043 565 1141 638 τὴν
1186 568 1266 630 είς
1305 564 1520 621 αἰώνιον
1562 566 1808 639 διαμονὴν

1919 577 1973 620 et
2018 583 2326 621 mansuram
2378 577 2639 637 perpetuo
2689 564 3170 621 constructionem.
3212 563 3469 620 Fortasse

247 657 587 730 ἀπεργασίαν
636 658 829 727 λέγων,
861 659 989 723 ῐσως
1032 658 1090 712 δὲ
1134 661 1227 714 καὶ
1263 660 1387 724 τοὺς
1430 660 1626 730 νόμους
1669 654 1750 723 οἷς
1775 661 1810 729 ἡ

247 749 501 822 θεοφιλὴς
552 750 845 823 Ἐκκλησία
874 752 1100 822 χρῆται,
1124 751 1509 823 ὲπιτηδεύουσα
1536 752 1625 806 τὸν
1677 749 1813 822 μετά

246 840 591 912 δικαιοσύνης
629 858 690 894 τε
738 841 833 896 ml.
876 842 1227 915 σωφροσύνης
1270 844 1402 915 βίον.
1437 844 1731 916 Θαυμαστὴ
1757 844 1814 898 δὲ

247 930 345 985 καὶ
373 933 407 1003 ἡ
439 931 532 985 τοῦ
563 932 763 1004 μεταξὺ
788 934 896 987 τῶν
921 952 980 987 τε
1003 935 1219 1004 ἀγαθῶν
1244 936 1467 990 καὶτῶν
1489 935 1674 990 κακῶν
1700 935 1811 1006 βίου

247 1023 342 1077 ἀπὶ
381 1023 441 1077 τὸ
485 1024 786 1096 ἀνηγμένον
827 1025 1167 1097 παραύξησις
1199 1026 1345 1097 (67),
1374 1028 1435 1082 τὸ
1480 1027 1673 1099 ἀθρόον
1717 1027 1815 1097 τῆς

246 1115 512 1184 αἰφνιδίου
545 1116 845 1187 μεταϐολῆς
876 1118 1304 1191 παραιτουμένου
1324 1137 1339 1150 ’

248 1294 491 1364 Πρῶτον
511 1295 645 1365 μὲν,
676 1297 1002 1365 ἀνθερίκων
1034 1295 1269 1362 ξανθῶν
1293 1298 1509 1367 ἤγοντο
1539 1300 1728 1353 ἀλωαί
1747 1316 1760 1329 υ

247 1387 540 1454 τουτέστιν,
562 1389 590 1440 ὁ
614 1387 821 1460 καρπὸς
851 1389 943 1442 τοῦ
963 1388 1105 1444 θείου
1130 1392 1293 1463 νόμου
1323 1393 1486 1463 ἤγετο
1507 1393 1585 1455 εἰς
1608 1391 1812 1463 χρείαν.

258 1566 365 1621 Ἐν
404 1564 456 1619 δ’
494 1565 795 1635 ἐρυθροῐσι
824 1566 1067 1633 ,βάτοισι
1106 1571 1407 1640 παρήορος
1448 1571 1676 1641 ἤλδανε
1708 1571 1817 1635 ,ϐό-

249 1725 430 1799 Ἀπερ
455 1728 555 1781 οὐκ
585 1723 652 1799 ἦν
675 1726 814 1783 κατά
840 1728 929 1782 τὸν
963 1728 1196 1800 ἄθεσμον
1226 1729 1363 1800 βίον.
1561 1641 1741 1714 [mve-

1915 658 2076 711 etiam
2107 657 2364 729 intelligit
2399 658 2566 726 leges,
2587 656 2782 729 quibus
2823 656 2935 710 Deo
2963 653 3207 710 amabilis
3231 654 3470 709 Ecclesia

1916 746 2109 813 utitur,
2161 762 2226 800 ex
2253 746 2477 815 iustitiae
2501 763 2565 801 ac
2597 744 2968 815 temperantiae
2996 743 3278 813 praeceptis
3302 743 3465 797 vitam

1916 837 2223 894 instituens.
2258 839 2635 894 Admiratione
2663 851 2877 907 quoque
2899 837 3057 906 digna
3092 844 3194 897 est,
3225 836 3348 888 vitre
3371 833 3472 888 ho-

1918 927 2119 981 tninum
2147 928 2287 983 inter
2316 930 2485 985 bonos
2507 931 2784 999 malosque
2819 928 2995 982 medio
3018 927 3285 997 quendam
3304 926 3471 993 gradu

1913 1019 2324 1075 consistentium
2353 1022 2420 1077 ad
2457 1022 2771 1077 sublimiora
2803 1019 3094 1091 promotio,
3128 1033 3249 1073 cum
3292 1028 3469 1073 tamen

1913 1107 2172 1175 ejusmodi
2236 1108 2349 1165 vita
2400 1112 2738 1181 repentinam
2795 1109 3150 1165 mutationem
3205 1124 3312 1162 non
3369 1110 3469 1162 ad-

1915 1200 2109 1254 mittat.

1916 1289 2071 1343 Molli
2096 1287 2354 1360 paulatim
2390 1292 2631 1361 ﬂavescet
2670 1307 2884 1360 campus
2917 1291 3127 1357 arista;

1912 1382 1963 1438 id
1990 1387 2091 1444 est,
2129 1381 2337 1436 fructus
2368 1381 2563 1436 divina:
2604 1382 2736 1453 legis
2773 1385 2840 1437 ad
2876 1384 3150 1437 hominum
3181 1380 3466 1435 utili'atem

1914 1469 2258 1536 producetur.

1914 1561 2235 1632 lucultisque
2270 1561 2459 1615 rubens
2495 1560 2731 1629 pendebit
2758 1562 2985 1615 sentibus
3011 1580 3126 1616 ara.

1915 1716 2043 1783 Quae
2073 1714 2289 1784 quidem
2326 1713 2379 1767 in
2412 1712 2613 1782 iniusta
2647 1727 2711 1767 ac
2733 1712 3026 1781 depravata
3064 1712 3339 1768 hominum
3366 1710 3473 1765 vita

1917 1809 2138 1863 minime
2167 1808 2548 1862 cernebantur.

249 1904 538 1971 Σκλγῳων
561 1902 637 1972 δὴ
669 1904 894 1972 πεύκης
918 1905 1212 1973 λαγόνων,
1239 1904 1484 1974 μέλιτος
1497 1904 1601 1973 ῥέε
1636 1904 1808 1975 νᾶμα.

1919 1901 1987 1955 Et
2028 1901 2176 1954 durae
2208 1915 2431 1970 quercus
2464 1898 2729 1952 sudabunt
2757 1894 2965 1950 roscida
2989 1895 3166 1949 mella.
3204 1946 3209 1957 ,

248 1991 360 2063 Τὴν
400 1990 709 2061 ἠλιθιότητα
760 1992 867 2046 τῶν
924 1994 1043 2047 τότε
1098 1992 1399 2065 ἀνθρώπων
1437 1994 1531 2047 καὶ
1557 1994 1619 2047 τὸ
1656 2012 1816 2047 κατε-

249 2082 485 2151 σκληκὸς
528 2083 857 2153 ὑπογράφων
893 2080 1039 2156 ἦθος
1072 2085 1199 2149 ἴσως
1224 2085 1281 2138 δὲ
1316 2085 1408 2138 καὶ
1439 2086 1527 2139 τὸν
1551 2086 1690 2157 ὑπὲρ
1721 2086 1813 2139 τοῦ

248 2172 383 2225 Θεοῦ
433 2172 591 2226 πόνον
636 2173 934 2237 ἀσκοῦντας
979 2174 1110 2244 (68),
1148 2175 1249 2245 τῆς
1283 2176 1486 2229 ἑαυτῶν
1526 2176 1815 2248 καρτερίας

247 2258 451 2330 γλυκύν
483 2279 600 2315 τινα
632 2263 841 2335 καρπὸν
866 2264 1128 2335 λήψεσθαι
1155 2266 1420 2321 διδάσκων
1440 2285 1454 2298 ·

249 2353 454 2429 ζιαῦρα
475 2354 535 2429 δ’Δ
554 2354 709 2429 ὅμως
734 2356 873 2426 ἴχνη
906 2360 1195 2429 προτέρας
1219 2361 1614 2427 περιλείπεται
1646 2360 1810 2429 ἄτης·

250 2426 482 2497 ζζόνζον
511 2425 794 2497 ἐπαΐξαι,
812 2426 944 2493 περί
980 2428 1027 2481 τ’
1060 2425 1247 2483 ἄστεα
1275 2425 1497 2497 τείχεσι
1524 2425 1778 2490 κλεῖσαι,

257 2492 467 2568 ξΡῆξαί
491 2496 540 2568 τξ
573 2492 895 2568 εὶλςπῷδων
912 2497 1249 2567 ἐλκύσμασι
1282 2492 1505 2554 τέλσον
1524 2502 1776 2568 ἀρούρης
1797 2517 1811 2530 °

249 2564 472 2640 ξᾋλῖἲος
508 2564 887 2640 ἔπειτ’-ἕσται
922 2564 1130 2640 Τίφυς,
1160 2569 1255 2640 καὶ
1288 2564 1587 2636 Θεσσαλὶς

257 2633 578 2708 ᾈνβράσιν
599 2634 897 2708 ἡρώεσσιν
919 2633 1296 2708 ἀγαλλομένη
1361 2633 1625 2708 πολέμου
1653 2633 1720 2693 δὲ

250 2703 453 2771 Τρώων
489 2705 586 2758 καὶ
626 2706 868 2759 Δαναῶν
900 2703 1239 2774 πειρήσεται
1269 2703 1443 2777 αὖθις
1481 2703 1811 2780 ’Ᾱχιλλεύς.

250 2792 398 2864 Εὗγ’,
432 2790 478 2849 ὦ
506 2797 780 2867 σοφώτατε
810 2801 1027 2870 ποιητά.
1064 2800 1172 2871 Τὴν
1204 2801 1309 2873 γὰρ
1346 2801 1631 2873 ποιητικὴν
1668 2800 1817 2864 ἐξου-

250 2887 369 2941 σίαν
403 2888 511 2958 (69)
547 2889 707 2958 μέχρι
731 2888 824 2942 τοῦ
855 2892 1214 2960 προσήκοντος
1243 2889 1547 2962 ὲταμιεύσω
1572 2909 1585 2921 ·
1618 2892 1679 2943 ού
1706 2890 1815 2964 γὰρ

250 2976 313 3052 ἦν
338 2998 421 3034 σοι
443 2980 797 3052 προκείμενον
819 2981 1201 3047 ἀποθεσπίσαι,
1230 2985 1438 3055 μὴθόντι
1458 3000 1518 3052 γε
1541 2986 1812 3056 προφήτῃ,

251 3071 451 3127 ἐκώλυε
481 3072 537 3125 δέ
561 3089 664 3136 τις,
690 3068 864 3143 οἶμαι,
892 3074 987 3126 καὶ
1022 3075 1280 3139 κίνδυνος,
1312 3079 1422 3138 τοῖς
1448 3075 1714 3147 ἐλέγγοισι
1745 3062 1815 3129 ea

250 3163 351 3219 ὑπὸ
376 3162 485 3216 τῶν
517 3162 794 3235 προγόνων
822 3164 1141 3234 νομισθέντα
1163 3168 1370 3236 ἐπηρτη
1380 3167 1554 3237 μένος.
1600 3167 1817 3238 Πεφρα-

246 3255 463 3322 γμένως
476 3253 538 3306 δὴ
557 3254 650 3306 καὶ
668 3254 963 3316 ἀκινδύνως
990 3256 1131 3310 κατά
1159 3256 1217 3310 τὸ
1253 3258 1474 3311 δυνατὸν
1497 3298 1511 3322 ,
1541 3260 1654 3321 τοῖς
1692 3275 1814 3312 συν-
1841 3248 1884 3305 (ἶ

251 3346 386 3400 ιέναι
416 3344 731 3416 δυναμένοις
763 3348 1118 3417 παραστήσας
1154 3348 1251 3419 τὴν
1273 3348 1547 3419 ἀλήθειαν,
1574 3346 1813 3419 πύργους

250 3441 341 3493 καὶ
373 3439 604 3509 πόλεμον
636 3439 1016 3510 αἰτιασάμενος
1035 3480 1050 3505 ,
1082 3440 1222 3512 ἅπερ
1251 3441 1465 3511 ἀληθῶς
1493 3442 1570 3495 ἔτι
1598 3445 1692 3497 καὶ
1719 3443 1814 3498 νῦν

249 3529 555 3595 ἐξετάζεται
599 3531 740 3585 κατά
779 3532 869 3585 τὸν
909 3531 1016 3585 τῶν
1043 3531 1342 3604 ἀνθρώπων
1368 3533 1509 3604 βίον,
1540 3552 1815 3608 χαρακτη-

248 3621 389 3692 ρίζει
415 3622 504 3675 τὸν
530 3622 756 3693 Σωτῆρα
778 3621 1031 3693 ὁρμῶντα
1059 3624 1152 3677 ἐπὶ
1176 3623 1263 3676 τὸν
1287 3624 1529 3697 Τρωικὸν
1548 3625 1810 3695 πόλεμον·

254 3712 346 3784 τὴν
376 3712 432 3764 δὲ
477 3711 672 3782 Τροίαν
693 3752 707 3775 ,
736 3712 831 3784 τὴν
881 3714 1199 3784 οἰκουμένην
1233 3714 1434 3767 πᾶσιν.
1480 3714 1814 3785 Ἐπολέμησε

252 3801 378 3869 γοῦν
399 3801 657 3874 ἄντικρυς
694 3801 794 3871 τῆς
839 3802 1217 3873 ἀντικειμένης
1260 3802 1373 3873 (70)
1437 3804 1680 3874 πονηρᾶς
1721 3804 1813 3857 δυ·-

249 3894 483 3964 νάμεως,
520 3895 788 3965 πεμφθεὶς
827 3895 885 3960 ἐξ
926 3894 1128 3957 οἰκείας
1159 3911 1217 3946 τε
1258 3895 1529 3964 προνοίας,
1554 3896 1646 3949 καὶ
1676 3913 1816 3969 παρ-

249 3984 506 4055 αγγελίας
553 3988 807 4058 μεγίστου
867 3987 1110 4058 Πατρός·
1149 3986 1203 4039 τί
1253 3985 1317 4057 δὴ
1381 3987 1517 4058 μετά
1566 3988 1738 4043 ταῦτα
1787 3991 1816 4043 ὀ

223 4132 229 4137 .
248 4081 478 4153 ποιητὴς
506 4080 651 4149 λέγει
674 4098 689 4149 ;

260 4259 419 4317 Ἀλλ’
445 4256 527 4311 ὅτ’
562 4256 638 4311 ἂν
670 4258 924 4328 ἠνορέης
960 4256 1077 4325 ὥρη
1116 4256 1214 4310 καὶ
1248 4256 1475 4325 καρπὸς
1507 4257 1705 4325 ἵκηται
1724 4274 1737 4286 ·

247 4350 544 4414 ⁴οεῡυτέστιν,
571 4350 787 4404 ἐπειδὰν
815 4349 1124 4422 ἀνδρωθεὶς,
1150 4348 1219 4401 τά
1248 4350 1565 4420 περιέχοντα
1587 4349 1679 4402 τὸν
1703 4349 1816 4420 βίον

250 4442 359 4496 τῶν
386 4440 687 4515 ἀνθρώπων
717 4442 924 4513 ῥιζόθεν
961 4440 1136 4514 ἐξέλῃ,
1177 4441 1276 4511 τήν
1303 4458 1361 4493 τε
1396 4439 1685 4511 ξύμπασαν
1715 4441 1816 4512 γῆν

323 4618 437 4689 (67)
465 4616 620 4687 Vulg.
653 4619 720 4673 τὸ
744 4617 1087 4687 ἀνημμένον
1120 4617 1516 4686 παραύξησις.
1556 4617 1810 4672 Addenda

250 4688 339 4745 est
352 4690 679 4758 praepositio,
713 4702 829 4758 quas
857 4692 906 4741 iu
936 4689 1169 4758 editione
1201 4689 1338 4740 Rob.
1382 4688 1639 4755 Stephani
1676 4702 1805 4756 per-

292 4756 439 4815 eram
459 4756 656 4814 omissa
690 4756 792 4815 eet.
819 4758 909 4811 ἐπὶ
933 4756 993 4810 τὸ
1019 4757 1348 4879 ἀνημμένον.
1382 4758 1473 4811 Sic
1500 4759 1644 4811 enim
1671 4759 1812 4812 scri-

293 4831 399 4879 itur
430 4830 481 4879 in
519 4829 734 4879 schedis
769 4826 975 4879 Regiis.
1001 4836 1055 4879 et
1085 4828 1136 4879 in
1189 4830 1291 4879 ibr.
1332 4827 1569 4879 'l‘urnebi
1612 4842 1675 4879 ac
1698 4827 1812 4879 Mo-

293 4831 399 4884 itur
430 4830 481 4892 in
519 4829 734 4884 schedis
769 4826 975 4895 Regiis,
1001 4836 1055 4880 et
1085 4826 1139 4881 in
1171 4826 1291 4880 libr.
1332 4827 1569 4881 'l‘urnebi
1612 4842 1675 4881 ac
1698 4827 1813 4880 Mo-

251 4901 367 4956 rari.
400 4898 569 4968 Magis
603 4910 781 4953 tamen
826 4900 1002 4967 placet
1046 4897 1202 4952 lectio
1244 4897 1333 4951 illa
1382 4912 1500 4965 qua?
1547 4913 1613 4951 ex
1663 4897 1815 4968 libris

252 4967 517 5039 Scaligeri
550 4983 614 5024 ac
640 4969 915 5039 Bougarsii
946 4969 1281 5039 proponitur,
1315 4977 1367 5022 et
1392 4983 1551 5035 quam
1587 4969 1640 5021 in
1674 4967 1811 5039 Fuk.

255 5038 442 5097 codice
496 5042 688 5106 reperi,
737 5039 828 5091 ἐπὶ
865 5038 925 5091 τὸ
961 5038 1283 5109 ἀνηγμένον.
1341 5038 1814 5109 Ειειιὶιιιίάνάγειν

252 5108 479 5165 verbum
536 5120 619 5163 est
665 5109 975 5177 Platonica
1007 5108 1357 5177 philosophia
1402 5108 1697 5177 proprium,
1747 5124 1813 5161 ex

254 5195 360 5247 qua
390 5179 442 5231 in
478 5180 577 5233 hac
605 5179 851 5233 oratione
872 5176 1037 5231 multa
1082 5176 1229 5232 sunt
1250 5179 1448 5245 passim
1474 5179 1810 5247 deprompta.

255 5249 397 5320 Hinc
444 5250 769 5320 anagogicus
792 5263 992 5320 sensus
1041 5251 1179 5320 apud
1240 5247 1525 5320 Proclutn;
1577 5257 1631 5320 et
1682 5248 1813 5320 illud

255 5318 462 5374 dictum
498 5316 691 5373 Plotini
722 5334 749 5370 a
782 5317 1010 5387 Synesio
1035 5316 1365 5371 celebratum
1391 5316 1471 5369 δεῖ
1506 5318 1728 5386 ἀνάγειν
1752 5318 1816 5371 τὸ

253 5388 316 5444 ιν
343 5390 475 5513 ηἰμῖν
500 5390 639 5443 θεῖον
665 5388 797 5469 πρὸς
818 5388 882 5469 το
907 5387 1072 5466 ὅντως
1102 5387 1260 5473 θεῖον.

329 5459 349 5513 l
393 5458 445 5513 8i
481 5458 631 5513 Vultt.
650 5476 766 5513 των
778 5477 884 5512 του
904 5460 1049 5511 Θεου
1067 5472 1260 5511 πονων

329 5455 449 5582 (68';
481 5458 631 5530 Vulg.
650 5455 766 5514 τῶν
778 5458 884 5512 τοῦ
904 5455 1049 5511 Θεοῦ
1067 5458 1270 5511 πόνων
1286 5458 1632 5523 ἀκούοντας.
1651 5457 1704 5511 lu
1723 5472 1814 5511 co-

329 5543 378 5582 :e
455 5527 542 5582 ult.
574 5531 831 5582 scribitur
856 5528 945 5581 τὸν
974 5526 1111 5582 ὑπὲρ
1134 5527 1226 5580 τοῦ
1242 5527 1375 5580 Θεοῦ
1400 5527 1558 5581 πόνον
1591 5527 1814 5581 ἀκούον-

255 5526 378 5583 dice
410 5526 542 5598 Fuit.
574 5526 831 5585 scribitur
856 5528 945 5581 τὸν
974 5526 1111 5598 ὑπὲρ
1134 5527 1226 5598 τοῦ
1242 5527 1375 5580 Θεοῦ
1400 5527 1558 5598 πόνον
1591 5527 1815 5581 ἀκούον-

256 5614 376 5662 τας.
405 5597 594 5654 Scribe
624 5600 803 5669 itaque
832 5598 921 5669 τὸν
942 5596 1092 5669 ὑπὲρ
1112 5596 1207 5652 τοῦ
1228 5597 1360 5651 σε)εοῦ
1394 5597 1553 5651 πόνον
1582 5598 1813 5651 ἀσκοῦν-

256 5684 359 5732 τας
392 5669 692 5724 certissima
718 5667 1118 5739 emendatione.
1153 5668 1396 5739 Explicat
1428 5669 1814 5723 Constantinus

258 5753 485 5808 versura
513 5739 657 5792 illum
690 5738 892 5808 Virgilii
924 5756 937 5792 :

438 5805 505 5862 Et
538 5813 685 5863 dura?
708 5805 926 5878 quercus
950 5810 1208 5863 sudabunt
1235 5807 1436 5862 roscida
1458 5806 1633 5861 mella.

261 5875 355 5940 Ait
382 5877 549 5949 igitur
579 5880 678 5935 hoc
710 5875 866 5935 rersu
901 5878 1219 5951 signiﬁcari,
1244 5894 1344 5936 eos
1376 5880 1468 5950 qui
1514 5879 1605 5933 Dei
1650 5893 1812 5934 causa

1918 1992 2208 2048 Hominum
2256 1990 2397 2045 illius
2448 1989 2707 2057 temporis
2758 2001 3030 2057 stuporem
3100 2002 3165 2041 ac
3218 1987 3472 2042 duritiem

1918 2083 2113 2140 mentis
2139 2082 2406 2153 designat.
2436 2082 2512 2137 Ac
2540 2082 2773 2136 fortasse
2804 2080 2969 2136 etiam
3013 2079 3215 2144 innuit,
3255 2094 3350 2134 eos
3383 2081 3471 2148 qui

1918 2176 2010 2256 Dei
2042 2189 2207 2231 causa
2249 2174 2462 2230 labores
2495 2172 2838 2244 pertulerint,
2869 2171 3183 2228 tolerantiae.
3210 2186 3321 2225 suae
3352 2187 3477 2226 sua—

1917 2282 2034 2321 vem
2075 2265 2309 2320 fructum
2352 2280 2472 2319 esse
2499 2272 2875 2334 percepturos.

1920 2356 2099 2411 Pauca
2132 2367 2303 2409 tamen
2337 2354 2588 2407 suberunt
2622 2354 2809 2420 prisca:
2844 2354 3059 2420 vestigia
3102 2352 3305 2420 fraudis
3330 2369 3349 2407 :

1918 2428 2046 2490 Quae
2081 2435 2280 2478 tentare
2319 2424 2505 2477 Thetin
2533 2423 2755 2485 ratibus,
2786 2438 2902 2491 quae
2932 2426 3136 2490 cingere
3171 2424 3337 2475 muris

1916 2497 2079 2567 596
2109 2494 2480 2567 0ppida,qt_ta:
2498 2492 2721 2567 jubeant
2762 2492 2935 2545 telluri
2964 2493 3229 2567 inﬁndere
3250 2492 3439 2545 sulcos.

1916 2562 2069 2619 Ᾰιῖεῖ
2083 2568 2182 2620 erit
2207 2575 2316 2618 tum
2354 2562 2566 2632 Tiphys,
2592 2573 2638 2615 et
2664 2562 2830 2615 altera
2850 2578 2979 2632 qua:
3010 2565 3161 2616 vehat
3198 2564 3334 2631 Argo

1916 2637 2153 2690 Delectas
2193 2635 2379 2688 heroas
2405 2648 2423 2686 :
2450 2631 2601 2685 erunt
2623 2634 2778 2685 etiam
2804 2631 2972 2684 altera
3002 2632 3133 2685 bella
3160 2649 3178 2687 .'

1915 2708 2082 2776 Atque
2110 2707 2298 2759 iterum
2327 2705 2395 2757 ad
2428 2701 2643 2771 Trojam
2678 2717 2898 2771 magnus
2928 2703 3166 2756 mittetur
3193 2702 3435 2758 Achilles.

1916 2798 2107 2862 Recte,
2142 2806 2295 2850 vates
2334 2793 2750 2865 sapientissime.
2787 2792 3058 2850 Poeticam
3088 2796 3283 2864 quippe
3310 2795 3477 2850 liceuo

1918 2892 2044 2944 tiam
2074 2904 2180 2958 quo
2209 2903 2382 2957 usque
2408 2888 2633 2944 decebat
2658 2887 2972 2958 provexisti.
2993 2885 3178 2957 Neque
3207 2887 3353 2941 enim
3377 2887 3477 2943 tibi

1914 2983 2249 3054 propositum
2274 2990 2391 3037 erat
2414 2981 2635 3036 oracula
2663 2980 2905 3046 l’untlere,
2926 2994 3046 3034 cum
3083 2980 3341 3049 propheta
3365 2994 3473 3035 non

1915 3090 2081 3132 esses.
2114 3073 2376 3130 Obstabat
2403 3074 2589 3137 etiam,
2627 3073 2811 3137 credo,
2866 3073 3101 3142 praesens
3153 3071 3477 3141 periculum,

1918 3170 2061 3241 quod
2107 3182 2293 3223 eorum
2340 3166 2607 3233 capitibus
2638 3166 2727 3235 qui
2777 3166 3053 3221 institutas
3104 3181 3135 3218 a
3186 3163 3483 3232 majoribus

1916 3259 2267 3317 caeremonias
2298 3256 2586 3314 confutare
2614 3259 2834 3323 vellent,
2864 3258 3205 3315 imminebat.
3250 3255 3480 3311 Provide

1916 3354 2100 3423 itaque
2127 3361 2183 3407 et
2218 3358 2332 3406 luto
2357 3360 2621 3421 quantum
2654 3349 2766 3404 lieri
2797 3357 3033 3421 poterat,
3060 3348 3344 3403 veritatem
3385 3362 3482 3402 ex-

1916 3461 2125 3517 ponens
2152 3445 2598 3515 iutelligentibus,
2625 3444 2749 3497 dum
2779 3458 2997 3498 causam
3030 3441 3244 3499 confert
3275 3442 3329 3496 in
3363 3450 3479 3496 tur-

1916 3556 2003 3594 res
2040 3553 2104 3594 ac
2129 3538 2291 3601 bella,
2319 3553 2440 3605 quae
2481 3537 2537 3591 in
2568 3534 2844 3589 hominum
2873 3535 2983 3587 vita
3028 3534 3326 3589 etiamnum
3360 3548 3485 3589 cer-

1917 3638 2139 3693 nuntur,
2171 3627 2435 3683 describit
2463 3626 2810 3680 Servatorem
2842 3625 2907 3677 ad
2939 3622 3232 3692 Troianum
3283 3622 3479 3677 bellum

1917 3718 2371 3788 proﬁciscentem.
2401 3714 2505 3769 Per
2531 3713 2748 3782 Troiam
2779 3727 2928 3775 vero,
2953 3711 3139 3766 orbem
3168 3710 3480 3764 universum

1919 3809 2196 3877 intelligit.
2224 3807 2474 3862 Christus
2503 3804 2646 3858 enim
2675 3803 2936 3858 adversus
2960 3801 3233 3871 oppositas
3260 3800 3481 3868 ncquis-

1918 3904 2179 3957 situorutu
2204 3899 2509 3952 daemonum
2537 3893 2681 3947 acies
2703 3892 2897 3947 bellum
2921 3890 3120 3963 gessit;
3147 3890 3343 3959 partim
3364 3905 3482 3959 pro-

1916 3987 2172 4044 videntiae
2200 3998 2311 4039 sum
2349 3981 2598 4046 arbitrio,
2646 3980 2845 4049 partim
2879 3978 3075 4034 summi
3114 3978 3292 4032 Patris
3333 3995 3483 4033 man-

1917 4084 2043 4139 dato
2074 4080 2126 4134 in
2161 4087 2336 4133 terras
2365 4075 2582 4129 missus.
2615 4072 2719 4128 Sed
2753 4070 2883 4143 quid
2929 4080 3111 4141 postea
3145 4071 3284 4127 idem
3324 4080 3480 4142 poeta

1916 4168 2084 4224 dicit?

1922 4261 2058 4316 Hinc
2092 4260 2177 4314 ubi
2205 4257 2310 4320 iam
2350 4256 2561 4326 ﬁrmata
2598 4257 2765 4310 virum
2794 4265 2842 4310 te
2867 4254 3050 4323 fecerit
3084 4265 3234 4310 tetas.

1918 4352 1973 4408 Id
1998 4362 2104 4416 est,
2131 4360 2420 4421 postquam
2461 4346 2669 4403 virilem
2698 4356 2907 4403 artatem
2942 4348 3220 4418 ingressus
3240 4388 3253 4411 ,
3283 4355 3479 4401 cuncta

1918 4460 2040 4517 qua:
2080 4446 2371 4506 humanam
2398 4441 2567 4496 vitam
2604 4438 2865 4494 infestant
2903 4439 3045 4494 mala
3090 4438 3399 4494 sustuleris.
3428 4447 3484 4492 et

1919 4622 2267 4688 gravissimos
2298 4620 2514 4674 labores
2545 4619 2798 4684 subeunt,
2838 4617 3215 4673 suavissimum
3245 4616 3480 4673 fructum

1917 4694 2157 4747 laborum
2187 4704 2309 4746 esse
2336 4698 2703 4757 percepturos.

1984 4762 2093 4830 (69)
2124 4758 2245 4829 Τὴν
2279 4758 2391 4831 γὰρ
2426 4756 2742 4831 ποιητικὴν
2766 4756 3074 4831 ἐξουσίαν.
3110 4757 3279 4831 Magis
3313 4758 3483 4831 probo

1917 4827 2414 4899 interpretationem
2471 4827 2694 4883 Joannis
2765 4828 3036 4893 Portesii,
3109 4827 3219 4898 qui'
3269 4829 3483 4893 poeticte

1914 4898 2181 4955 licentiam
2208 4901 2402 4963 vertit,
2449 4914 2611 4968 quam
2645 4898 3125 4969 (lltristOphorsoni
3149 4940 3165 4964 ,
3199 4899 3290 4967 qui
3322 4899 3485 4969 vertit

1913 4972 2169 5039 poeticam
2208 4967 2537 5039 facultatem,
2571 4967 3027 5039 quemadmoilum
3069 4967 3485 5039 ναίεται-Μυσὴ

1912 5037 2090 5097 culus.
2142 5037 2315 5094 Graeci
2359 5040 2504 5093 enim
2554 5039 2740 5091 dicunt
2789 5037 3060 5103 ἐξουσίαν,
3116 5052 3276 5108 quam
3301 5037 3482 5108 Latini

1913 5121 2114 5167 vocant
2148 5109 2419 5165 licentiam
2456 5109 2743 5177 poeticam,
2790 5121 2847 5161 ut
2880 5126 2983 5163 non
3017 5106 3186 5162 semel
3237 5108 3289 5161 in
3347 5106 3485 5161 The-

1914 5184 2092 5235 mistio
2134 5181 2311 5249 legere
2343 5179 2589 5233 memini.
2625 5178 2794 5232 l’orro
2845 5181 2933 5234 hic
2964 5196 3161 5249 uovu_m
3192 5188 3353 5249 caput
3390 5193 3482 5249 or-

1914 5253 2134 5305 diuntur
2165 5245 2380 5303 selicdae
2419 5258 2627 5302 veteres
2654 5250 2721 5303 ab
2751 5250 2817 5304 iis
2844 5252 3027 5305 verbis
3061 5247 3208 5319 εὖγε,
3235 5245 3478 5319 ὦσοφῴ-

1912 5338 2040 5375 τατε
2073 5320 2295 5390 ποιητά.
2329 5319 2527 5373 rectius
2562 5329 2620 5373 ut
2665 5319 2793 5373 mihi
2830 5322 3047 5387 quidem
3095 5318 3328 5375 videtur.
3376 5318 3479 5375 Hic

1911 5393 2082 5461 igitur
2111 5391 2480 5461 collocandum
2512 5401 2600 5461 est
2635 5400 2798 5461 caput
2822 5392 2911 5444 20.

1984 5461 2095 5528 (70)
2126 5459 2284 5529 Vulg.
2316 5457 2720 5531 ’anJéynaer
2734 5459 3014 5529 ἄντικρυς
3030 5458 3140 5529 τῆς
3154 5458 3482 5531 ἀντικειμέ-

1912 5548 2043 5597 νης.
2066 5533 2120 5584 In
2147 5528 2305 5583 codd.
2328 5528 2463 5584 Fuk.
2482 5539 2535 5581 et
2559 5531 2790 5584 'I‘urnebi
2826 5528 3170 5585 itascribitur
3187 5531 3272 5585 hic
3291 5528 3479 5586 locus:

1912 5601 2218 5673 ἐπολέμησε
2246 5598 2375 5673 γοῦν
2394 5600 2652 5673 ἄντικρυς
2672 5670 2681 5673 _
2693 5599 2838 5673 κατά
2855 5601 2956 5670 τῆς
2978 5599 3364 5673 ἀντικειμένης
3386 5599 3487 5673 καὶ

1914 5669 2155 5742 πονηρᾶς
2196 5669 2500 5742 δυνάμεως.
2559 5669 2795 5742 Savjlins
2841 5686 2975 5726 vero
3029 5672 3081 5726 in
3140 5669 3255 5742 suo
3297 5669 3485 5727 codice

1914 5737 2560 5866 etneiéidaratﬁnoupqce
2589 5737 2719 5808 γοῦν
2747 5739 3008 5812 ἄντικρυς
3038 5742 3179 5799 ιατά
3208 5741 3310 5814 τῆς
3333 5743 3488 5798 ἀντι-

1914 5828 2043 5866 κειυ.
2076 5828 2191 5866 unc.

1914 5828 1997 5866 κει
2005 5828 2191 5882 μενης.
