3926 6264
267 322 408 379 I305

1044 323 1505 382 CONSTANTINI
1538 325 1796 382 ORATIO
1839 329 1927 381 AD
1969 328 2394 385 SANCTORUM
2429 328 2724 386 C(ETUM.

3358 335 3382 388 I
3393 335 3496 392 306

263 441 476 511 ρησίαν.
512 439 577 492 Τί
620 432 712 494 οὖν
754 440 924 494 ταῦτα
970 435 1182 512 τολμῶν
1229 438 1464 514 ὤνησας,
1493 437 1537 495 ὦ
1567 444 1814 497 δυσσεϐέ·

1927 447 2156 502 stinctas
2186 462 2306 517 qua:
2334 447 2766 502 admovebantur
2816 445 3058 504 ﬂammas
3092 466 3105 500 :
3153 463 3339 507 contra
3369 469 3500 510 vero

261 546 422 584 στατε
442 529 573 600 (95);
593 529 656 582 Τί
679 530 734 583 δὲ
755 530 813 583 τὸ
834 531 1002 583 αίτιον
1021 532 1119 602 τῆς
1142 532 1446 595 ἐκστάσεως
1467 533 1574 586 τῶν
1597 533 1826 604 φρενῶν;

269 621 446 692 Ἐρεῖς
473 621 554 674 ὅτι
582 620 668 674 διὰ
695 622 792 692 τὴν
816 622 948 692 πρὸς
975 622 1100 685 τοὺς
1124 622 1280 686 θεοὺς
1308 624 1472 694 τιμήν
1494 639 1506 651 ·
1537 625 1686 687 τίνας
1709 625 1827 678 τού-

255 731 421 778 τους;
453 715 524 766 Ἣ
553 715 713 767 ποίαν
756 715 876 768 τινὰ
917 717 1013 787 τῆς
1047 717 1195 780 θείας
1245 717 1455 788 φύσεως
1497 719 1650 784 ἀξίαν
1690 721 1826 791 λαμο

255 804 443 867 δάνεις
469 805 708 868 ἕννοιανς
759 807 1036 876 Ὀργίλους
1082 811 1186 880 ἡγῇ
1217 809 1356 862 κατὰ
1403 811 1460 863 σὲ
1500 814 1626 874 τοὺς
1673 811 1826 876 θεοὺς

252 890 396 948 εἶναι
421 912 434 959 ;
463 897 524 948 Εἰ
552 897 594 950 δ’
623 895 713 950 οὖν
737 893 874 968 ἦσαν
902 899 1149 963 τοιοῦτοι,
1174 903 1337 972 ἐχρῆν
1365 903 1660 972 θαυμάζειν
1694 905 1826 976 μᾶλ-

252 986 344 1040 λον
377 987 555 1042 αὐτῶν
585 988 680 1059 τὴν
714 990 1026 1061 προαίρεσιν
1049 1032 1062 1054 ,
1092 992 1122 1063 ἢ
1162 992 1478 1063 πειθαρχεῖν
1527 998 1636 1058 τοῖς
1677 998 1825 1049 ἀναι-

249 1076 366 1132 δέσι
399 1079 808 1151 προστάγμασι,
840 1083 1058 1136 δικαίων
1084 1085 1287 1155 ἀνδρῶν
1325 1088 1536 1155 σφαγὰς
1565 1088 1675 1153 (94)
1707 1090 1824 1142 ἀδί-

252 1186 366 1232 κως
391 1171 724 1242 ὲπαράντων.
769 1175 942 1244 Ἐρεῖς
977 1174 1105 1237 ἴσως
1131 1176 1220 1228 διὰ
1251 1175 1320 1228 τα
1351 1178 1454 1229 ὑπὸ
1487 1177 1594 1231 τῶν
1620 1180 1824 1248 προγό-

250 1277 359 1314 νων
388 1262 703 1332 νομισθέντα
747 1267 840 1318 καὶ
886 1265 980 1336 τὴν
1017 1266 1123 1318 τῶν
1174 1266 1470 1338 ἀνθρώπων
1517 1269 1778 1338 ὑπόληψιν
1805 1289 1818 1300 ·

252 1354 540 1423 συγχωρῶ.
573 1355 680 1407 Καὶ
714 1357 819 1426 γάρ
848 1359 962 1409 ἐστι
1001 1357 1360 1435 παραπλήσια
1386 1361 1496 1421 τοῖς
1526 1359 1822 1429 δρωμένοις

248 1442 321 1495 τὰ.
345 1442 707 1514 νομιζόμενα,
743 1447 870 1516 μιᾶς
898 1465 954 1499 τε
990 1448 1081 1500 καὶ
1124 1449 1220 1518 τῆς
1262 1450 1432 1518 αὐτῆς
1475 1450 1815 1521 ἀφροσύνης·

249 1534 436 1605 ᾠήθης
463 1534 590 1599 ἴσως
617 1532 753 1588 εἷναί
779 1555 899 1591 τινα
929 1538 1154 1608 δύναμιν
1198 1539 1470 1610 ἐξαίρετον
1501 1543 1557 1593 ὲν
1581 1545 1692 1602 τοῖς
1718 1541 1822 1594 ὑπὸ

245 1627 516 1679 τεκτόνων
562 1629 653 1679 καὶ
695 1628 1038 1699 δημιουργῶν
1086 1631 1504 1700 ἐσκευασμένοις
1543 1632 1821 1703 ἀνθρωπο-

251 1716 480 1787 μόρφοις
504 1734 518 1747 ο
556 1719 828 1789 τοιγάρτοι
864 1722 1141 1789 περιεῖπες
1188 1720 1358 1773 ταῦτα
1379 1761 1392 1783 ,
1425 1723 1604 1775 πᾶσαν
1635 1720 1819 1774 ποιού-

1930 537 2185 591 invictam
2211 538 2573 593 constantiam
2600 554 2661 592 ac
2686 539 2992 594 libertatem
3048 543 3280 610 piorum,
3313 548 3402 614 qui
3436 561 3502 601 ne

1931 629 2191 682 tantulum
2222 629 2437 698 quidem
2465 630 2529 682 de
2549 631 2714 698 gradu
2752 646 2854 684 suo
2882 631 3317 689 dimovehantnr.
3350 635 3499 693 Talia

1929 719 2091 789 igitur
2123 736 2408 789 aggressus
2441 721 2569 789 quid
2597 721 2900 789 profecisﬁ,
2930 725 3170 777 omnium
3218 726 3496 782 hominum

1928 812 2440 880 itnpiissime?Qna2
2501 813 2724 877 malum,
2789 829 2952 868 causa
2997 815 3096 869 fuit
3146 815 3346 873 furoris
3377 817 3500 874 tui?

1928 904 2090 974 599
2120 904 2274 959 Dices
2314 903 2569 968 fortasse,
2602 905 2652 958 in
2685 906 2946 960 honorem
2975 907 3197 961 deorum
3227 910 3339 963 haec
3374 925 3402 962 a
3435 917 3489 966 te

1924 1006 2097 1064 gesta.
2155 995 2222 1048 At
2262 1011 2490 1063 quorum
2540 996 2798 1049 deorum?
2853 997 2960 1050 Ant
3013 1013 3173 1073 quam
3221 1000 3491 1055 notionem

1924 1085 2159 1140 divinam
2192 1087 2405 1155 dignam
2465 1096 2656 1139 natura
2697 1088 2876 1140 animo
2910 1089 3246 1155 concepisti?
3326 1105 3493 1144 eosne

1923 1179 2140 1244 perinde
2169 1187 2329 1246 atque
2362 1190 2414 1231 te
2444 1179 2726 1233 iracundos
2759 1195 2879 1234 esse
2916 1182 3266 1235 existimabas
3292 1183 3315 1234 ί
3341 1183 3490 1249 Quod

1922 1268 1964 1321 si
2003 1268 2134 1321 tales
2161 1277 2334 1328 erant,
2370 1284 2556 1322 eorum
2591 1271 2766 1339 potius
2806 1273 3090 1326 consilium
3114 1274 3296 1326 mirari
3321 1288 3496 1340 opor-

1923 1355 2084 1420 tebat,
2118 1372 2278 1425 quam
2313 1357 2714 1425 impudentibus
2766 1363 3035 1416 mandatis
3065 1364 3259 1429 quibus
3312 1363 3490 1433 justos

1923 1445 2570 1516 virosinjnstetrucidari
2632 1449 2912 1518 jnhebant.
2946 1454 3338 1521 obtemperare.
3387 1453 3492 1508 Sed

1921 1535 2058 1591 forte
2104 1538 2273 1602 dices,
2341 1547 2391 1593 te
2446 1540 2513 1592 ob
2564 1539 2808 1593 instituta
2862 1541 3148 1607 majorum,
3189 1552 3242 1596 et
3275 1553 3495 1611 propter

1921 1627 2196 1679 hominum
2248 1627 2559 1694 opinionem
2611 1629 2709 1683 ista
2765 1632 3020 1699 gessisse.
3057 1633 3303 1700 Ignosco.
3356 1634 3494 1687 Sunt

1920 1718 2062 1771 enim
2117 1719 2364 1772 instituta
2431 1719 2542 1784 illa,
2588 1721 2673 1774 his
2714 1738 2832 1789 qua:
2875 1741 2903 1776 a
2957 1734 3008 1777 te
3045 1736 3308 1793 geruntur
3331 1725 3496 1779 simil—

251 1825 413 1878 μενος
461 1809 800 1878 ἐπιμέλειαν,
830 1810 976 1872 ὅπως
1007 1812 1078 1881 μή
1116 1827 1244 1863 ποτε
1288 1810 1612 1881 ρυπωθεῖεν,
1669 1812 1814 1883 μεγί-

1921 1808 2067 1874 lima,
2103 1817 2156 1862 et
2187 1825 2250 1862 ex
2290 1811 2449 1864 unius
2475 1809 2830 1880 ejusdemque
2869 1815 3152 1882 imperitia:
3196 1817 3343 1870 fonte
3380 1833 3496 1870 ma-

249 1915 392 1951 στων
425 1901 517 1952 καὶ
544 1900 830 1970 ἐξαιρέτων
867 1901 1001 1955 θεῶν
1033 1901 1375 1974 ἀνθρωπίνης
1401 1903 1663 1976 δεομένων
1692 1907 1810 1956 ἐπι-

250 1985 473 2065 μελείας
501 1985 737 2059 [εἴδωλα]
774 1987 906 2057 (95).

1919 1901 2118 1953 nantia.
2152 1901 2482 1956 Existimasti
2508 1902 2690 1958 forsan
2724 1906 2977 1959 eximiam
3009 1909 3493 1974 quamdaminesse

1921 1991 2024 2043 vim
2056 2000 2216 2060 atque
2241 1995 2514 2058 virtutem,
2548 1996 2597 2048 in
2627 1996 2933 2050 simulacris
2973 2013 3000 2049 a
3047 1997 3213 2051 fabris
3265 2008 3316 2051 et
3355 2000 3486 2053 arti—

249 2081 447 2134 Iicibus
509 2081 748 2135 humana
813 2083 984 2154 elligie
1022 2085 1287 2141 formatis.
1345 2086 1549 2140 Idcirco
1591 2087 1751 2153 igitur
1801 2101 1862 2140 ea
1903 2085 2146 2151 colebas,
2210 2101 2474 2140 summam
2527 2090 2788 2143 adhibens
2843 2108 3025 2145 curam
3092 2107 3155 2146 ac
3219 2093 3487 2147 sollicitu-

246 2171 452 2236 dinem,
482 2189 547 2227 ne
577 2175 824 2228 sordibus
855 2177 1284 2244 inquinareutttt‘.
1317 2179 1494 2250 Magni
1520 2179 1727 2234 scilicet
1760 2194 1822 2234 ac
1847 2173 2097 2249 praecipui
2121 2179 2192 2232 dii
2219 2180 2496 2234 hominum
2532 2197 2658 2234 cura
2695 2182 2952 2250 indigent.

757 2274 1146 2328 ΚΕΦΛΛΑΙΟΝ
1179 2277 1305 2329 KF'.

248 2360 389 2429 Περὶ
413 2360 526 2435 τῆς
559 2361 676 2415 τῶν
702 2365 1069 2435 Χριστιανῶν
1093 2369 1393 2434 πολιτείας
1411 2385 1423 2398 ·
1455 2367 1550 2420 καὶ
1575 2367 1662 2420 ὅτι
1691 2366 1818 2435 χαί-

310 2449 403 2498 ρει
435 2432 553 2498 τοῖς
577 2435 645 2506 ἐγ
676 2434 857 2506 ἁρετῇ
884 2436 1091 2498 ,ϐιοῦσι
1118 2437 1182 2490 τὸ
1211 2432 1388 2500 θεῖον,
1422 2439 1517 2491 καὶ
1552 2438 1667 2506 χρὴ
1690 2432 1814 2505 ὁὲρί-

317 2517 420 2554 σιγ
446 2503 790 2570 προσδοκᾶν
821 2506 916 2558 καὶ
947 2506 1373 2563 ἀνταπόδοσιν.

331 2594 674 2659 Ἀντεξέταζε
701 2597 796 2666 τὴν
824 2597 1096 2669 ἡμετέραν
1124 2600 1415 2672 θρησκείαν
1443 2599 1576 2670 πρὸς
1605 2599 1672 2652 τὰ
1694 2599 1818 2670 ὑμέ-

243 2701 399 2754 τερα.
437 2687 548 2738 Οὐκ
578 2687 809 2741 ἐνταῦθα
837 2692 952 2760 μὲν,
992 2691 1209 2763 ὁμόνοια
1244 2692 1436 2763 γνησία
1466 2693 1559 2746 καὶ
1588 2692 1817 2764 διαρκὴς

246 2777 640 2850 φιλανθρωπία,
669 2779 886 2851 ἔλεγχος
907 2782 963 2836 δὲ
992 2783 1326 2855 πταίσματος
1344 2825 1358 2847 ,
1391 2784 1688 2846 νουθεσίαν,
1716 2785 1814 2836 οὐκ

245 2871 466 2942 ὄλεθρον
494 2872 692 2943 φέρων,
714 2873 1006 2944 θεραπείαν
1034 2876 1090 2928 δὲ
1120 2875 1340 2944 (96)οὐκ
1356 2877 1650 2950 ὠμότητος,
1673 2877 1805 2931 ἀλλὰ

249 2963 541 3034 σωτηρίας,
571 2965 664 3016 καὶ
695 2965 874 3018 πίστιν
891 2966 1152 3038 εἰλικρινῆ
1177 2967 1306 3038 (97),
1330 2967 1544 3040 πρῶτον
1568 2984 1666 3038 μεν
1681 2965 1813 3038 πρὸς

2470 2276 2698 2332 CAPUT
2739 2276 2784 2329 Χ
2802 2277 2933 2330 XIII.

1921 2365 1995 2420 De
2042 2366 2461 2443 Christianorum
2501 2369 2752 2421 institutis
2790 2385 2809 2422 :
2840 2380 2885 2421 et
2935 2369 3075 2443 quod
3125 2369 3259 2443 Deus
3311 2373 3487 2443 diligit

1987 2453 2072 2489 eos
2105 2438 2192 2503 qui
2231 2439 2469 2490 virtutem
2500 2449 2766 2490 sectantur
2793 2455 2811 2492 .'
2848 2449 2894 2491 et
2933 2440 3070 2504 quod
3125 2439 3388 2508 judicium
3411 2438 3486 2498 vat:

1990 2507 2383 2560 retributionem
2411 2524 2618 2574 sperare
2642 2520 2858 2572 oportet.

1991 2595 2189 2650 Confer
2210 2597 2252 2650 si
2321 2597 2497 2667 placet
2543 2600 2856 2667 religionem
2896 2610 3134 2655 nostram
3204 2619 3327 2657 cum
3377 2605 3483 2660 tuis

1918 2687 2130 2742 ritibus.
2180 2687 2364 2742 Nonne
2418 2669 2556 2754 a'pnd
2621 2707 2718 2744 nos
2771 2694 3008 2760 quidem,
3054 2710 3309 2760 germana
3348 2710 3480 2749 con-

1916 2779 2098 2833 cordia
2139 2789 2194 2834 et
2243 2791 2501 2849 perpetua
2568 2782 2923 2837 humanitas?
2977 2799 3157 2852 nonne
3212 2787 3350 2854 apud
3386 2801 3483 2839 no;

1917 2873 2268 2939 reprehensio
2297 2871 2468 2941 culpae
2494 2882 2576 2927 est
2611 2873 2900 2939 ejusmodi,
2941 2890 3060 2943 quae
3089 2877 3480 2931 correctionem

1920 2960 2128 3025 afferat,
2170 2979 2271 3015 non
2301 2964 2593 3032 perniciem
2634 2981 2646 3017 :
2677 2976 2731 3018 et
2765 2967 2976 3020 curatio
3006 2982 3126 3036 qua:
3157 2972 3220 3021 ad
3246 2970 3478 3022 salutem

245 3052 338 3106 τὸν
362 3053 514 3116 θεὸν,
535 3054 627 3106 ἕπε
638 3071 721 3107 ιτα
744 3055 799 3106 δὲ
829 3055 921 3108 καὶ
948 3058 1082 3128 πρὸς
1112 3058 1208 3127 τὴν
1231 3058 1461 3130 φυσικὴν
1484 3058 1588 3111 τῶν
1611 3055 1813 3128 ἀνθρώ-

1921 3052 2181 3121 proficiat,
2238 3070 2338 3106 non
2406 3056 2472 3119 ad
2526 3057 2939 3111 crudelitatem?
2976 3057 3165 3112 Nonne
3207 3060 3343 3128 apud
3381 3074 3480 3112 nos

247 3165 362 3200 πων
387 3149 686 3208 κοινωνίαν,
715 3147 860 3211 ἕλεος
891 3149 945 3202 δὲ
975 3149 1078 3202 τῶν
1105 3149 1195 3213 οὓς
1229 3150 1561 3220 ἐπολέμησεν
1589 3152 1620 3220 ἡ
1651 3149 1809 3220 τύχη,

245 3237 448 3299 ἁπλοῦς
473 3238 527 3290 δὲ
563 3239 675 3308 βίος
697 3280 711 3300 ,
747 3241 837 3293 καὶ
871 3241 940 3326 ρὺ
977 3241 1190 3312 ποικίλῃ
1234 3241 1338 3293 τινί
1381 3239 1681 3310 πανουργίᾳ
1720 3239 1815 3310 τὴν

245 3332 507 3401 πονηρίαν
551 3331 1080 3403 ἐπικαλυπτόμενος,
1116 3332 1208 3384 τοῦ
1259 3350 1316 3385 τε
1362 3332 1529 3395 ὅντως
1559 3331 1693 3384 Θεοῦ
1724 3331 1816 3384 καὶ

242 3425 342 3493 τῆς
372 3423 661 3494 μοναρχίας
687 3423 916 3493 γνῶσις;
945 3424 1072 3477 Ἤδε
1101 3425 1247 3477 ἐστὶν
1269 3422 1484 3494 ἀληθῶς
1515 3422 1811 3485 θεοσέϐεια,

241 3513 339 3582 ἥδε
367 3514 657 3588 εἰλικρινὴς
694 3517 954 3590 θρησκεία
973 3557 987 3580 ,
1020 3517 1051 3586 ή
1083 3517 1360 3580 παντελῶς
1392 3518 1654 3587 ἄχραντος
1679 3533 1691 3545 ’
1727 3508 1816 3568 οὗ·

241 3621 336 3669 τος
370 3605 589 3678 ἔμφρων
633 3607 743 3678 βίος
767 3624 778 3638 ’
803 3608 860 3661 ὃν
892 3610 940 3663 oi
973 3609 1264 3678 μετιόντες,
1299 3607 1375 3670 ὡς
1405 3606 1492 3660 διὰ
1544 3606 1814 3677 λεωφόρου

243 3697 452 3767 σεμνῆς
483 3716 625 3762 τινος
655 3701 745 3752 ἐπὶ
764 3701 852 3753 τὸν
879 3701 1097 3753 ἀένναον
1122 3699 1440 3770 πορεύονται
1465 3697 1576 3768 βίον
1599 3715 1612 3728 ο
1644 3697 1817 3760 οὐδεὶς

241 3786 354 3858 γὰρ
385 3787 520 3852 ὅλως
550 3788 789 3860 τελευτᾷ,
815 3792 842 3842 ὁ
866 3790 953 3843 τὸν
977 3789 1214 3843 τοιοῦτον
1248 3789 1647 3860 ἐνστησάμενος
1681 3788 1814 3857 βίον,

239 3876 562 3946 καθαρεύων
597 3895 655 3930 τε
683 3879 779 3948 τὴν
811 3879 987 3948 ψυχὴν
1019 3879 1123 3930 ἀπὸ
1164 3875 1256 3930 τοῦ
1299 3876 1576 3946 σώματος·
1621 3875 1817 3946 πληροῖ

241 3963 300 4020 δὲ
334 3968 530 4038 μᾶλλον
571 3969 669 4039 τὴν
699 3969 1124 4038 προσταχθεῖσαν
1169 3966 1316 4038 αὑτῷ
1357 3966 1539 4019 θεόθεν
1576 3967 1818 4038 λειτουρ-

239 4057 370 4125 γίαν
389 4097 402 4119 ,
433 4057 465 4130 ἢ
504 4057 860 4126 ἀποθνήσκειο
897 4060 923 4111 ὁ
953 4059 1142 4130 γάρτοι
1171 4057 1260 4110 τὸν
1291 4057 1421 4109 Θεὸν
1460 4055 1814 4128 ὁμολογήσας,

236 4150 300 4201 οὐ
330 4149 537 4216 γίνεται
585 4150 858 4220 πάρεργον
909 4148 1114 4221 ὕϐρεως
1147 4149 1256 4220 (98)
1294 4149 1413 4202 οὐδὲ
1455 4147 1654 4218 θυμοῦ,
1700 4147 1816 4201 ἀλλ’

314 4345 425 4418 (95)
451 4344 518 4400 Ὧ
567 4348 1032 4402 δυσσεϐέστατε.
1066 4348 1364 4412 Alloquitur
1395 4363 1558 4399 unum
1590 4363 1654 4400 ex
1693 4362 1811 4416 per-

1913 3146 2123 3199 sincera
2177 3146 2327 3209 ﬁdes,
2357 3148 2588 3215 primum
2625 3149 2841 3218 quidem
2873 3165 2998 3219 erga
3042 3151 3208 3203 Deum
3241 3169 3253 3202 :
3284 3151 3482 3205 deinde

1913 3252 2044 3291 vero
2075 3251 2202 3306 erga
2230 3240 2530 3291 naturalem
2577 3239 2854 3292 hominum
2905 3241 3262 3310 societatem?
3297 3240 3485 3296 Nonne

1915 3327 2050 3394 apud
2078 3343 2173 3380 nos
2201 3327 2574 3382 misericordia
2607 3344 2734 3396 ergo
2763 3344 2856 3383 eos
2886 3345 3021 3398 quos
3068 3329 3297 3384 fortunae
3341 3331 3486 3384 cala-

1917 3418 2074 3471 mitas
2125 3419 2500 3487 Oppresserit?
2556 3419 2747 3474 Nonne
2787 3421 2896 3473 vita
2945 3421 3194 3490 simplex,
3229 3421 3372 3477 nullo
3408 3421 3487 3476 si-

1915 3510 2226 3565 mulationis
2252 3511 2377 3564 fuco
2407 3511 2674 3566 occultam
2724 3522 2910 3580 tegens
2974 3513 3486 3580 iniprobitatem;et

1916 3604 2031 3656 veri
2057 3614 2219 3672 atque
2273 3605 2431 3656 unius
2461 3603 2554 3656 Dei
2603 3615 2798 3657 cuncta
2841 3605 3172 3657 moderantis
3211 3605 3489 3674 cognitio?

1917 3692 2037 3746 I-Izec
2067 3707 2148 3747 est
2174 3710 2298 3746 vera
2329 3695 2536 3762 pietas;
2578 3693 2689 3746 haec.
2715 3694 2921 3763 integra
2953 3706 3114 3762 atque
3169 3696 3483 3762 incorrupta

1917 3787 2123 3855 religio.
2195 3785 2315 3838 Ilaec
2380 3785 2787 3853 sapientissima
2839 3785 3048 3839 vivendi
3109 3788 3482 3854 ratio;quam

1916 3877 2005 3944 qni
2037 3876 2268 3946 amplexi
2295 3885 2440 3938 sunt,
2472 3885 2728 3942 tanquam
2760 3886 2984 3942 angnSta
3048 3875 3277 3942 quadam
3305 3874 3385 3926 via
3414 3873 3483 3927 ad

1917 3976 2174 4020 mternam
2212 3968 2373 4019 vitam
2402 3965 2650 4019 tendunt.
2682 3965 2850 4018 Nemo
2888 3966 3029 4018 enim
3059 3968 3148 4034 qni
3177 3964 3482 4032 hujusmodi

1916 4061 2124 4113 vivendi
2155 4062 2415 4114 rationem
2449 4059 2729 4122 iuierit,et
2771 4060 2862 4128 qui
2902 4061 3136 4112 animum
3183 4059 3376 4112 haheat
3416 4058 3483 4111 ab

1917 4154 2059 4207 omni
2123 4152 2366 4217 corporis
2416 4152 2536 4204 labe
2601 4163 2908 4220 purgatum,
2961 4153 3191 4203 moritur
3218 4151 3483 4214 omnino;

1917 4349 2005 4403 sit.
2045 4349 2230 4420 Potest
2253 4347 2412 4401 etiam
2441 4347 2541 4418 legi
2569 4347 2832 4420 θεραπεία
2857 4366 2937 4406 τε.
2963 4359 3012 4400 et
3048 4347 3208 4414 paulo
3238 4357 3357 4414 post
3387 4345 3484 4400 καὶ

241 4421 606 4490 secutoribus,
645 4420 993 4472 Maximinum
1044 4420 1271 4490 scilicet,
1319 4427 1377 4490 ut
1416 4428 1499 4490 est
1535 4418 1596 4490 in
1651 4419 1802 4469 titulo

1921 4421 2087 4481 πίστις
2117 4419 2434 4490 εἰλικρινής,
2465 4435 2526 4471 ac
2555 4418 2794 4490 fortasse
2819 4421 3038 4471 rectius.

244 4489 406 4554 hujus
430 4490 642 4556 rapitis.
681 4492 775 4542 llic
802 4491 942 4541 enim
977 4489 1245 4542 crudelius
1269 4497 1322 4539 et
1366 4487 1614 4540 infestius
1639 4502 1801 4555 quam

245 4560 433 4612 (atteri
469 4560 803 4612 ()liriSIianos
837 4571 1149 4626 persecutus
1179 4568 1281 4610 est.

315 4629 425 4700 (9i)
459 4630 708 4700 Δικαίωιν
743 4624 975 4695 ἀνδρων
1003 4627 1635 4700 agni-tie.Scrihendum
1662 4624 1809 4700 vide-

241 4699 334 4752 tur
364 4701 497 4770 πρὸς
518 4699 760 4763 δικαίων,
787 4709 914 4760 etc.,
965 4701 1063 4753 nisi
1121 4699 1369 4753 mendum
1418 4708 1499 4751 est
1546 4699 1596 4751 in
1646 4699 1808 4752 verbo

240 4772 349 4824 ἐπα
359 4771 584 4841 ράντων.

319 4839 430 4907 (U5)
472 4840 847 4909 Ἐπιμελείας
877 4839 1111 4893 εἴδωλα.
1143 4839 1372 4892 Delenda
1409 4847 1491 4891 est
1535 4848 1806 4909 postrema

241 4927 371 4971 vox,
401 4927 560 4978 quam
604 4907 1155 4976 Christophorsmms,
1190 4910 1427 4975 Scaliger
1463 4919 1515 4960 et
1538 4907 1806 4963 Gruterus

241 4997 526 5049 perperam
554 4981 885 5046 adjecerunt.
919 4981 1167 5043 Eanidem
1197 4995 1378 5032 νυοί-ιιι
1422 4981 1473 5032 ἰιι
1509 4979 1630 5031 lihr.
1674 4991 1808 5049 quo:

242 5046 353 5118 que
384 5049 590 5103 Fnkelii
636 5062 686 5103 et
743 5051 920 5104 Μοιιιιί
976 5050 1236 5115 adjeCtani
1288 5051 1485 5118 inveni.
1528 5049 1632 5102 Sed
1676 5046 1806 5118 nihil

242 5117 463 5174 necesse
483 5133 555 5173 est
570 5130 792 5184 ;iantnm
816 5129 932 5186 post
956 5136 1136 5172 vocem
1165 5117 1479 5188 ρυπωθεῖεν,
1499 5117 1806 5188 apponenda

243 5201 368 5243 erat
395 5192 621 5259 virgula.
653 5191 826 5256 Atque
859 5192 928 5242 ita
967 5187 1201 5244 Joannes
1231 5191 1504 5243 l‘orlesius
1545 5190 1684 5259 hunc
1731 5187 1808 5239 Io-

244 5275 372 5314 Cum
405 5257 654 5326 accepit;
693 5262 780 5327 qui
834 5259 1074 5326 profecto
1120 5259 1327 5311 I'elieius
1369 5275 1526 5327 quam
1560 5257 1803 5311 Christo-

245 5332 554 5397 phorsonus
599 5331 710 5383 hinc
758 5331 1144 5397 interpretatus
1171 5340 1255 5381 est
1288 5329 1338 5380 in
1373 5331 1512 5382 hunc
1541 5327 1752 5379 modum
1791 5345 1803 5380 :

247 5399 436 5454 Omnis
462 5399 556 5452 illa
586 5416 710 5450 cura
739 5409 851 5460 tua,
883 5415 1030 5451 omne
1060 5400 1294 5450 studium
1342 5417 1401 5452 ne
1431 5399 1671 5450 sordibus
1706 5413 1805 5464 op-

256 5467 538 5532 plerentur.
576 5468 662 5521 Ita
696 5469 868 5535 magni
907 5470 1242 5536 primariique
1269 5469 1342 5520 dii
1376 5471 1604 5520 humana
1636 5483 1690 5520 se
1716 5483 1809 5535 ope

243 5538 611 5598 sustinebant,-
660 5539 818 5590 istant
858 5538 1183 5605 diligentiam
1241 5539 1588 5607 requirebant.
1634 5539 1810 5606 Atque

245 5609 319 5663 ita
348 5609 512 5660 etiam
548 5608 837 5659 Muscnlns.

317 5677 433 5747 (96)
469 5677 797 5744 Θεραπείαν
837 5676 935 5748 δέχ
959 5674 1099 5745 Lego
1147 5675 1442 5748 θεραπείαν
1489 5694 1568 5730 τε.
1601 5675 1811 5730 thau-

241 5746 391 5803 ditur
421 5758 599 5802 autem
632 5748 848 5802 verbum
875 5746 1051 5819 (θέρων
1083 5746 1225 5817 quod
1251 5748 1405 5818 paulo
1428 5759 1551 5803 ante
1586 5761 1811 5817 princes-

1981 4491 2091 4558 (97)
2123 4490 2228 4542 Καὶ
2262 4489 2488 4542 πίστιν
2513 4489 2826 4555 εἰλικρινῆ.
2863 4491 3098 4556 Apparet
3140 4503 3204 4558 ex
3247 4500 3482 4558 sequen-

1913 4555 2083 4619 tibus,
2113 4561 2455 4613 Scribendum
2487 4575 2604 4612 esse
2632 4560 2892 4621 διάθεσιν,
2915 4555 3008 4608 rel
3049 4557 3306 4626 ἀγάπην,
3339 4555 3481 4608 Cha-

1912 4632 2045 4684 ritas
2074 4631 2214 4682 enim
2246 4631 2473 4696 primum
2502 4630 2715 4696 quidem
2749 4648 2873 4696 erga
2931 4631 3092 4681 Deum
3130 4625 3232 4690 est,
3279 4625 3482 4679 deinde

1910 4716 2036 4763 erga
2070 4700 2394 4766 proximum.
2420 4698 2578 4751 Fides
2605 4715 2730 4751 vero
2758 4716 2861 4751 non
2888 4707 2968 4751 est
2999 4699 3098 4750 nisi
3131 4698 3180 4750 in
3213 4712 3378 4749 unum
3412 4710 3478 4748 ac

1910 4771 2083 4823 Solum
2118 4770 2300 4822 Deum.
2332 4769 2517 4837 Itaque
2547 4769 2729 4822 πίστιν
2771 4769 2857 4822 hic
2901 4767 3044 4820 nullo
3095 4767 3249 4819 modo
3276 4779 3476 4837 conve-

1911 4841 2027 4893 nire
2055 4849 2248 4905 potest.
2288 4835 2443 4892 Adde
2469 4842 2607 4905 quod
2635 4856 2754 4891 cum
2783 4840 2884 4891 hoc
2919 4837 3032 4890 loco
3057 4847 3248 4905 agatur
3283 4836 3347 4888 de
3371 4835 3474 4905 ob-

1905 4904 2234 4977 jurgatione,
2269 4904 2507 4962 charitas
2534 4910 2733 4976 optime
2757 4909 3026 4976 congruit.
3057 4904 3184 4958 Nam
3214 4904 3470 4977 benevola

1909 4973 2211 5046 olijnrgatio
2255 4995 2318 5031 ac
2369 4973 2736 5043 reprehensio,
2774 4973 3097 5030 t-ba'ritatem
3155 4976 3314 5046 parit.

1908 5043 2126 5116 praestat
2151 5051 2236 5102 hic
2268 5049 2441 5119 legere
2456 5049 2559 5119 _v.1‘t
2579 5048 2758 5111 πίστις
2784 5047 3098 5119 εἰλικρινής,
3119 5045 3309 5119 ιιιλιιιιιι
3339 5043 3471 5119 dixi.

1909 5113 2083 5186 Atque
2126 5120 2195 5171 ita
2247 5113 2369 5187 legit
2425 5117 2720 5184 Musculus,
2762 5121 2902 5171 sicut
2929 5113 3310 5171 ett-versione
3357 5113 3478 5180 ejus

1910 5199 2149 5242 BDDat'el.

2221 5259 2450 5334 γίνεται
2491 5255 3077 5334 πάρεργον-1ιζῖὂζραιξῳςἶ
3120 5254 3247 5334 Quae
3286 5252 3358 5307 sit
3389 5251 3474 5334 vis

1914 5329 2072 5395 hujus
2098 5330 2404 5390 locutionis,
2440 5329 2494 5380 in
2540 5328 2905 5395 superioribus
2958 5328 3110 5379 libris
3155 5328 3472 5378 observavi-

1911 5415 2049 5451 mus.
2079 5397 2207 5449 Nam
2237 5399 2556 5463 interpretes
2581 5413 2796 5450 sensum
2843 5397 3060 5450 minime
3087 5402 3472 5462 assequuntur,

1911 5468 2050 5534 quod
2083 5481 2258 5518 tmnen
2291 5468 2445 5520 facile
2471 5477 2584 5520 erat
2618 5468 2720 5520 hoc.
2767 5468 2902 5520 loco.
2943 5466 3473 5531 Christophorsonus

1910 5540 2124 5607 quidem
2152 5538 2221 5589 ita
2253 5538 2431 5597 vertit,
2461 5537 2550 5605 qui
2582 5538 2742 5588 Deum
2772 5538 2992 5604 ingenue
3034 5535 3330 5607 conﬁtetur,
3368 5546 3475 5607 non

1911 5598 2399 5681 eontuntelite,_nou
2457 5598 2775 5681 iracundia
2809 5598 2988 5681 sponte
3030 5598 3340 5657 succumbit.
3391 5598 3473 5681 ξξι

1909 5677 2104 5746 quibus
2137 5677 2336 5742 verbis,
2383 5691 2538 5731 nemo
2563 5685 2648 5730 est
2690 5676 2777 5746 qui
2816 5670 2922 5730 non
2955 5676 3097 5730 hunc
3119 5687 3336 5746 sensum
3366 5670 3470 5724 eli-

1914 5743 2060 5818 ciat;
2111 5762 2230 5803 eum
2268 5751 2359 5816 qui
2411 5747 2577 5803 Deum
2610 5743 2910 5812 con’ti'etur,
2947 5761 3058 5801 non
3097 5757 3218 5802 esse
3246 5743 3466 5799 iracun-
