3926 6264
525 346 656 403 1511

1228 338 1491 396 EUSEBII
1523 339 1998 396 CESARIENSIS
2030 340 2182 397 OPP.
2216 338 2398 395 PARS
2435 339 2457 394 Ῑ
2507 372 2581 383 --
2610 339 3000 402 HlSTORlCA.

3624 347 3741 402 43!!

526 440 695 519 dedit.
734 459 874 527 Quid
923 458 1087 524 igitur
1139 456 1216 511 illi
1264 456 1489 527 profuit,
1510 432 1721 512 bellum
1755 458 1863 513 Deo
1896 466 2067 512 nostrt

2188 457 2430 529 θειργμῷ
2460 458 2794 530 ἐτιμωρήθη.
2840 458 2904 510 Τί
2951 458 3016 526 δὴ
3058 457 3230 527 τούτῳ
3269 460 3586 528 συνήνεγκε,
3631 465 3741 535 πρὸς

515 553 806 611 intulisse?
833 550 903 608 Ut
945 551 1156 605 scilicet
1210 549 1451 604 fulminis
1505 550 1672 605 ictum
1717 552 1935 605 assidue
1978 566 2089 605 me-

516 657 695 711 tuens,
737 644 1001 714 reliquam
1043 644 1301 712 deinceps
1335 643 1497 696 vitam
1534 644 1801 714 exigeret.
1837 641 2089 696 Testatur

515 738 629 792 haec
658 737 785 790 urbs
817 735 1128 790 Nicomedia
1166 749 1181 787 :
1209 750 1307 788 nec
1340 733 1502 787 silent
1542 734 1596 787 hi
1647 734 1745 802 qui
1776 748 1887 786 rem
1916 733 2087 787 oculis

513 831 785 894 viderunt,
818 844 1046 899 quorum
1085 843 1151 882 ex
1209 842 1435 882 numero
1474 827 1637 881 etiam
1669 827 1782 894 ipse
1813 841 1951 883 sum.
1986 826 2089 880 Va-

513 921 763 976 stabatur
796 921 1077 989 palatium,
1117 928 1173 974 et
1227 918 1544 973 Diocletiani
1594 918 1760 988 ipsius
1802 919 2080 987 conclave,

514 1014 737 1068 fulmine
789 1030 852 1070 ac
905 1015 1114 1069 cmlesti
1175 1015 1406 1084 quodam
1441 1014 1691 1068 incendio
1742 1012 1872 1069 illud
1922 1015 2086 1085 depa-

513 1118 723 1161 scente.
761 1108 840 1161 Ac
865 1118 1090 1161 eventus
1113 1107 1332 1175 quidem
1362 1121 1548 1159 earum
1576 1122 1755 1161 rerum
1785 1121 1813 1159 a
1848 1109 2084 1176 pruden-

513 1200 657 1254 tibus
693 1199 826 1252 viris
881 1198 1170 1268 praedictus
1208 1197 1401 1251 fuerat.
1472 1197 1656 1267 Neque
1701 1199 1845 1253 enim
1902 1208 2082 1254 tacere

513 1300 786 1360 poterant,
822 1306 922 1345 nec
956 1293 1212 1360 gemitum
1264 1305 1419 1344 suum
1454 1290 1506 1344 in
1549 1300 1694 1344 tanta
1730 1306 1908 1346 rerum
1939 1291 2080 1346 imii-

512 1384 718 1454 gnitate
745 1382 1093 1438 occultabant
1126 1400 1140 1438 :
1174 1383 1267 1437 sed
1310 1383 1486 1451 palam
1516 1393 1568 1436 et
1596 1393 1781 1452 aperte
1809 1384 1906 1454 ipsi
1938 1385 2079 1437 inter

513 1489 573 1530 se
608 1491 812 1530 summa
839 1490 959 1528 cum
989 1475 1237 1529 libertate
1284 1474 1380 1529 hos
1427 1489 1706 1529 sermones
1753 1475 2073 1542 jactabanl:

512 1563 644 1631 Quis
676 1566 763 1619 hic
791 1567 984 1621 furor?
1013 1567 1142 1632 Quae
1180 1575 1327 1618 tanta
1358 1567 1616 1634 potentia:
1665 1567 1976 1631 insolentia,
2017 1577 2076 1620 ut

512 1657 761 1713 homines
806 1660 914 1714 Deo
949 1661 1147 1714 bellum
1180 1659 1383 1716 inferre
1412 1661 1667 1727 audeant,
1700 1672 1753 1715 et
1789 1661 2072 1715 sanctissi-

508 1762 656 1802 mam
707 1750 1173 1821 justissimamque
1226 1751 1542 1820 religionem
1585 1751 1911 1805 contumelia
1960 1751 2074 1806 alli-

2190 550 2279 602 τὸν
2309 550 2440 604 Θεὸν
2464 552 2496 621 ἠ
2505 551 2620 620 μῶν
2639 551 2730 603 τὸν
2758 551 2992 622 πόλεμον
3016 550 3377 624 ἐνστήσασθαι
3400 568 3416 617 ;
3450 553 3567 614 'Iv‘,
3590 552 3739 626 οἶμαι,

2190 641 2287 712 τὴν
2321 641 2411 694 τοῦ
2447 641 2713 713 κεραυνοῦ
2749 641 2904 713 βολὴν
2930 642 3132 708 δεδιὼς,
3165 643 3418 712 διαγάγοι
3452 644 3542 698 τὸν
3569 646 3739 702 ἐπίλοι-

2190 752 2287 787 πον
2318 734 2450 805 βίον.
2486 734 2650 788 Λαλεῖ
2693 734 3025 807 Νικομήδεια
3048 753 3060 765 ·
3095 736 3155 788 οὐ
3193 735 3445 789 σιωπῶσι
3498 735 3554 789 δὲ
3597 738 3738 794 καὶοι

2191 825 2588 895 ἱστορήσαντες,
2623 818 2699 879 ὧν
2731 827 2824 878 καὶ
2871 825 3034 889 αὐτὸς
3080 825 3156 879 ὣν
3196 827 3472 897 τυγχάνω.
3521 828 3739 902 Ἑδῃοῖπο

2189 917 2369 988 μέντοι
2396 916 2466 970 τὰ
2525 916 2771 987 βασίλεια
2791 917 2902 990 (10)
2932 918 3024 972 καὶ
3060 921 3089 972 ὁ
3114 915 3258 983 οἶκος
3292 919 3484 982 αὑτοῦ,
3520 921 3736 994 ἐπινεμο·

2189 1009 2350 1080 μένου
2388 1009 2654 1081 σκηπτοῦ,
2701 1010 3006 1081 νεμομένης
3039 1027 3097 1064 τε
3132 1012 3391 1083 οὐρανίας
3422 1011 3633 1081 φλογός
3661 1018 3733 1070 καὶ

2186 1101 2477 1175 προείρητό
2502 1119 2565 1169 γε
2593 1105 2625 1174 ἡ
2664 1102 2867 1156 τούτων
2890 1101 3112 1166 ἔκϐασις
3140 1104 3243 1156 ὑπὸ
3275 1103 3383 1157 τῶν
3418 1100 3478 1157 εὖ
3514 1107 3733 1176 φρονούνε

2187 1210 2294 1246 των
2313 1209 2326 1224 ·
2362 1193 2481 1245 οὐδὲ
2516 1194 2621 1265 γὰρ
2657 1192 2925 1259 ἐσιώπων,
2946 1194 3065 1247 οὐδὲ
3093 1194 3189 1266 τὴν
3224 1197 3477 1269 οἰμωγὴν
3502 1197 3606 1249 τῶν
3625 1200 3732 1254 ἀνα-

2187 1285 2314 1353 ξίως
2361 1287 2699 1357 γιγνομένων
2747 1286 3203 1352 ὲπεκαλύπτοντο,
3255 1288 3511 1361 φανερῶς
3556 1289 3610 1342 δὲ
3656 1294 3734 1345 καὶ

2184 1377 2418 1449 δημοσίᾳ
2449 1379 2969 1449 παρρησιαζόμενοι,
2997 1378 3133 1451 πρὸς
3155 1380 3419 1451 ἀλλήλους
3446 1380 3728 1450 διελέγοντο·

2184 1471 2264 1534 τίς
2310 1473 2344 1542 ὴ
2400 1472 2631 1544 τοσαύτη
2690 1472 2888 1544 μανία;
2934 1474 3083 1544 Πόση
3132 1474 3187 1527 δὲ
3234 1475 3267 1546 ἡ
3320 1475 3422 1545 τῆς
3455 1473 3733 1542 δυναστείας

2184 1562 2489 1629 ἀλαζονεία,
2521 1565 2722 1635 τολμᾷν
2774 1565 3032 1636 πολεμεῖν
3062 1565 3180 1636 Θεῷ
3225 1566 3390 1629 ὄντας
3421 1565 3727 1638 ἀνθρώπους,

2184 1658 2448 1731 ἀγνοτάτῃ
2476 1658 2531 1712 δὲ
2569 1659 2661 1712 καὶ
2692 1659 3003 1733 δικαιοτάτῃ
3043 1660 3307 1732 θρησκείᾳ
3343 1660 3519 1713 Οέλειν
3550 1663 3728 1735 ἐμπαρ-

2180 1752 2362 1815 οινείν,
2413 1750 2665 1804 τοσούτου
2722 1752 2779 1805 δὲ
2819 1752 2992 1823 δήμου
3041 1753 3134 1806 καὶ
3188 1752 3494 1824 ἀνθρώπων
3542 1754 3727 1809 δικαίων

509 1857 664 1909 cere;
698 1856 861 1911 utque
910 1852 1071 1897 tanta:
1121 1843 1496 1909 multitudinis,
1530 1843 1767 1911 adeoque
1801 1844 2067 1898 hominum

2184 1841 2424 1914 ὄλεθρον,
2485 1843 2755 1914 μηδεμιᾶς
2799 1818 3258 1916 προῦπαρχούσης
3294 1818 3479 1909 αἰτίας
3528 1849 3730 1919 μηχανή-

508 1934 969 2003 a‘quissimorum,
1000 1937 1118 1989 sine
1144 1933 1253 1988 ulla
1284 1935 1523 2004 ipsorum
1556 1934 1731 2003 culpa,
1760 1935 1959 1990 caedem
1993 1946 2078 1990 at-

506 2039 613 2094 que
646 2026 870 2079 exitium
908 2026 1208 2080 machinari
1252 2040 1354 2079 non
1389 2024 1654 2079 dubitent.
1691 2027 1734 2082 0
1763 2028 2079 2096 praeclarum

506 2117 827 2185 magistrum
871 2117 1154 2171 modestia:
1193 2116 1437 2172 omnium
1489 2115 1854 2173 subditorum!
1894 2134 1925 2173 ο
1951 2135 2081 2188 pra:-

505 2207 710 2262 elarum
766 2209 1135 2263 institutorem
1173 2226 1317 2265 curre
1377 2227 1438 2267 ac
1484 2212 1869 2268 sollicitudinis
1916 2228 2075 2282 quam

504 2301 706 2356 milites
729 2317 826 2371 pro
861 2302 1076 2356 civibus
1106 2302 1219 2356 suis
1262 2307 1487 2374 gerant!
1525 2308 1750 2360 Pectora
1799 2305 2075 2358 tribulium

504 2406 723 2446 suorum
749 2391 1125 2461 perfodiebant
1155 2394 1231 2460 hi,
1262 2396 1351 2464 qui
1394 2411 1667 2465 nunquam
1696 2395 1749 2450 in
1786 2398 1903 2451 acie
1927 2405 2073 2467 terga

503 2483 744 2538 hostium
795 2484 1063 2541 videram.
1113 2486 1354 2541 Tandem
1429 2502 1559 2542 vero
1608 2489 1772 2542 divini
1827 2487 2076 2544 Numinis

504 2576 871 2645 providentia,
921 2587 1028 2629 tam
1092 2577 1380 2646 impiorum
1428 2577 1730 2634 facinorum
1786 2595 1974 2649 ptenas
2007 2580 2075 2635 ab

502 2667 611 2723 illis
661 2671 872 2740 exegit;
932 2686 1035 2724 nec
1097 2682 1274 2725 tamen
1329 2673 1461 2727 sine‘
1495 2674 1693 2727 damno
1743 2673 2070 2742 reipublicae.

502 2760 607 2817 Tot
634 2779 795 2832 porro
835 2772 1104 2833 tanta-que
1154 2762 1310 2820 facta:
1348 2775 1474 2819 sunt
1518 2767 1693 2821 caedes
1739 2777 2071 2834 nostrorum,

502 2868 562 2912 ut
592 2858 637 2911 si
663 2866 821 2913 tanta:
850 2874 1086 2926 unquam
1126 2858 1279 2913 factae
1314 2868 1496 2913 essent
1541 2859 1891 2914 barbarormu
1933 2871 2075 2914 stra-

575 3064 689 3135 (10)
736 3065 1013 3136 Ἐδῃοῦτο
1067 3067 1273 3136 μέντοι
1314 3064 1387 3119 τὰ
1440 3063 1749 3129 βασίλεια.
1826 3064 2073 3134 lntelligit

501 3136 767 3204 palatium
802 3135 1150 3197 Nicomediae.
1182 3139 1325 3203 quod
1358 3136 1516 3204 paulo
1548 3145 1681 3200 post-
1716 3136 2001 3188 excitatam
2040 3154 2067 3188 a

510 3205 845 3259 Diocletiano
917 3208 1342 3274 persecutionem
1397 3206 1658 3258 adversus
1711 3205 2068 3271 Christianos,

509 3275 733 3329 fortuito
760 3276 882 3342 igne
917 3287 1294 3344 consumptum
1328 3273 1532 3345 estaEt
1567 3275 1921 3345 imperatores
1951 3277 2074 3345 qui-

506 3345 761 3427 demnipsi
805 3361 870 3399 ac
905 3346 1096 3414 reliqui
1139 3344 1765 3427 gentiles,.Christianos
1799 3344 2074 3427 hujusin-

507 3415 687 3468 cendii
719 3426 971 3469 auctores
999 3431 1119 3469 esse
1151 3415 1416 3469 criminati
1466 3424 1612 3477 sunt,
1658 3424 1819 3483 atque
1867 3416 2074 3471 idcirco

506 3484 820 3555 acrioribus
860 3488 915 3539 in
959 3500 1053 3539 eos
1097 3485 1729 3555 suppliciis"szevierunt,
1784 3494 1841 3555 ut
1885 3487 2074 3542 scribit

503 3554 771 3609 Eusebius
802 3567 988 3610 noster
1031 3557 1082 3609 in
1111 3554 1209 3611 lib.
1249 3571 1345 3609 vm
1375 3554 1622 3609 Historiae
1666 3554 2071 3622 Ecclesiaslicm,

502 3638 625 3693 cap.
651 3624 705 3688 6,
739 3628 836 3680 sub
871 3630 1053 3681 linem.
1089 3626 1193 3680 Sed
1232 3625 1623 3680 Constantinus
1654 3625 1910 3693 palatium
1944 3627 2071 3680 illud

503 3694 633 3763 igne
677 3698 891 3751 ct'elitus
940 3697 1180 3750 immisso
1213 3695 1575 3765 conflagrasse
1619 3704 1865 3748 testatur.
1908 3698 2074 3765 Cujus

505 3767 876 3819 testimonium
907 3781 973 3821 eo
1007 3767 1124 3836 plus
1160 3766 1502 3837 auctoritatis
1548 3764 1730 3837 habet,
1772 3768 1911 3834 quod
1959 3764 2073 3837 ipse

503 3850 743 3904 praesens
772 3836 967 3900 adfuit,
1012 3852 1131 3890 cum
1185 3837 1299 3890 haec
1355 3835 1683 3889 Nicomediae
1732 3835 2067 3903 gererentur.

509 3904 732 3961 Videtur
754 3919 934 3960 autem
980 3906 1347 3961 Diocletianus
1374 3907 1476 3959 hoc
1517 3904 1758 3959 fulminis
1785 3907 1891 3959 ictu
1926 3919 2069 3961 atto-

499 3976 664 4035 nitus,
696 3979 762 4030 ad
792 3976 998 4031 obitum
1045 3992 1212 4045 usque
1261 3974 1912 4047 deiticepsthpdv't-rﬁog
1949 3994 2072 4046 per-

500 4048 785 4108 mansisse,
823 4047 1040 4103 assidue
1069 4044 1366 4101 formidans
1406 4061 1472 4100 ne
1504 4044 1727 4099 fulmine
1760 4044 2070 4115 percutere-

502 4125 606 4170 tur.
644 4117 700 4170 ld
738 4127 886 4170 certe
912 4116 1139 4171 innuere
1165 4116 1376 4170 videtur
1407 4117 1521 4169 ha:c
1563 4116 1899 4170 Constantini
1946 4133 2069 4171 nar-

497 4186 658 4257 ratio.
689 4188 768 4240 Ex
797 4188 881 4241 his
914 4197 1079 4255 patet,
1132 4197 1461 4257 quantopere
1503 4185 1673 4257 falsus
1714 4187 1786 4257 sit
1827 4186 2069 4257 Christo-

497 4255 803 4323 phorsonus
851 4255 1169 4311 invertendo
1210 4258 1366 4326 hujus
1395 4255 1591 4326 capitis
1625 4255 1800 4311 titulo.
1852 4256 2068 4314 Putavit

493 4326 637 4396 enim
671 4326 923 4395 palatium
955 4325 1678 4395 Diocletianiconflagrasse,
1712 4338 1992 4396 postquam
2022 4330 2065 4383 is

495 4395 727 4467 imperio
780 4414 838 4452 se
889 4397 1230 4462 abdicasset;
1267 4412 1387 4450 cum
1442 4407 1620 4449 tamen
1666 4397 1717 4451 id
1771 4395 2063 4467 contigerit

493 4463 835 4538 Diocletiano
864 4467 1041 4522 adhuc
1069 4468 1352 4535 imperium
1386 4467 1684 4531 obtinente,
1735 4482 1800 4521 ac
1835 4463 2064 4538 degerite

494 4534 548 4589 in
592 4535 985 4592 Nieomediensi
1011 4534 1229 4606 palatio.

562 4607 674 4676 (ll)
697 4610 1100 4676 Σωφροσύνης
1121 4606 1511 4662 διδάσκαλον.
1554 4606 1747 4662 Ultima
1773 4622 1876 4663 vox
1907 4609 2058 4664 deest

490 4675 546 4732 in
575 4675 760 4732 Codice
784 4675 1009 4732 Fuketii.

561 4749 673 4819 (1‘2)
704 4750 778 4802 Τὰ
811 4747 1173 4818 μετάφρενα.
1220 4748 1313 4804 Vel
1368 4748 1468 4802 hoc
1499 4747 1632 4801 dicit
1669 4749 1736 4803 de
1762 4748 2050 4816 tironibus,

487 4822 603 4889 qui,
632 4834 822 4874 recens
855 4826 905 4873 In
940 4822 1184 4873 militiam
1218 4820 1456 4888 ascripti,
1486 4819 1719 4872 nondum
1749 4836 1868 4872 cum
1897 4820 2053 4874 hoste

487 4891 764 4958 congressi
794 4892 1044 4953 fuerant;
1081 4890 1161 4943 vel
1193 4891 1262 4944 de
1302 4890 1503 4942 timidis
1530 4898 1583 4942 et
1613 4889 1822 4959 ignavis
1862 4890 2050 4943 militi-

484 4960 606 5023 bus,
635 4962 726 5028 qui
754 4975 819 5013 ex
850 4962 965 5014 acie
989 4961 1173 5030 fugere
1205 4961 1371 5030 soliti,
1394 4969 1570 5024 erant,
1601 4975 1700 5012 nec
1731 4961 1911 5014 hostes
1946 4975 2049 5030 un-

484 5044 647 5098 quam
672 5029 1085 5098 superaverant.
1115 5029 1276 5085 Certe
1314 5029 1635 5084 Diocletiani
1664 5030 1936 5085 exercitus
1964 5029 2047 5083 ni-

482 5100 562 5156 hil
594 5102 851 5155 memoria
881 5101 1098 5169 dignum
1124 5102 1299 5170 egisse
1323 5101 1542 5165 dicitur,
1570 5100 1672 5154 nisi
1696 5102 1838 5168 quod
1865 5099 2048 5154 Achil-

483 5171 629 5241 leutn
698 5171 907 5226 diutina
954 5171 1235 5225 obsidione
1288 5170 2042 5241 espugnavituAlexaudrize.

480 5240 653 5298 Porro
686 5242 975 5296 obscurum
1021 5251 1123 5305 est,
1156 5241 1282 5310 quid
1328 5240 1451 5295 sibi
1476 5241 1603 5295 velit
1633 5240 2042 5303 Constantinus,

482 5327 603 5366 cum
639 5312 715 5368 ait
768 5312 970 5384 milites
995 5312 1141 5384 killos
1174 5312 1526 5384 Atranslixiss‘e
1576 5321 1798 5384 pectora
1844 5311 2043 5384 cjv_i.um

481 5396 727 5449 suorum,
765 5382 818 5437 id
862 5393 945 5438 est
981 5381 1435 5438 Christianorum.
1476 5380 1745 5435 Credibile
1787 5380 1884 5435 est'
1922 5382 2046 5434 Dio-

479 5453 792 5521 cletianum,
827 5469 948 5507 eum
989 5455 1228 5508 infensus
1262 5462 1404 5506 esset
1430 5450 1769 5517 Christianis,
1798 5453 2045 5518 aquibus

481 5524 760 5577 incensum
789 5524 954 5578 fuisse
979 5524 1235 5594 palatium
1277 5539 1432 5577 suum
1459 5524 1855 5594 suspicabatur,
1892 5537 2045 5594 man-

481 5601 639 5648 dasse
665 5595 924 5648 militibus
950 5593 1513 5662 suis,‘utquotquotin
1544 5593 1676 5647 urbe
1705 5595 1783 5647 \el
1816 5594 1869 5648 in
1900 5593 2043 5660 agris

480 5664 963 5731 deprehendisSent
1003 5663 1380 5728 Christianos,
1423 5663 1833 5719 obtruncarent.
1885 5662 2042 5716 Certe

482 5734 650 5786 multa
681 5731 1115 5787 Christianorum
1151 5733 1319 5787 millia
1349 5733 1448 5786 sub
1485 5731 1820 5788 Diocletiano
1848 5741 1897 5788 et
1929 5732 2043 5786 Ma-

480 5808 723 5859 xuniano
758 5800 1081 5860 Nicomedia:
1108 5817 1247 5859 caesa
1274 5802 1583 5859 referuntur
1615 5820 1631 5858 ;
1672 5817 1898 5873 quorum
1924 5816 2038 5858 nte-

2183 1933 2410 1999 σασθαι;
2448 1935 2513 1987 Ὢ
2552 1936 2652 2006 τῆς
2694 1935 2800 1989 τῶν
2850 1935 3066 1990 πάντων
3106 1938 3362 2009 ὑπηκόων
3414 1937 3726 2010 σωφροσύνης

2179 2026 2494 2080 διδάσκαλον
2526 2027 2671 2098 (11)·
2723 2027 2767 2080 ὣ
2816 2028 3138 2100 κηδεμονίας
3177 2030 3413 2102 στρατοῦ
3454 2031 3584 2102 πρὸς
3626 2032 3727 2095 τοὺς

2179 2118 2382 2173 ἑαυτῶν
2412 2119 2652 2184 πολίτας.
2695 2121 2835 2174 Ἐτίτ
2847 2138 3054 2192 ρωσκον
3081 2120 3149 2174 τὰ
3180 2122 3381 2193 στέρνα
3416 2122 3522 2175 τῶν
3551 2122 3722 2193 ὁμοφύ-

2177 2210 2302 2277 λων,
2325 2214 2374 2266 οἱ
2400 2212 2666 2284 μηδέποτε
2695 2213 2763 2267 τὰ
2787 2213 2895 2267 τῶν
2926 2213 3197 2284 πολεμίων
3230 2218 3286 2268 ὲν
3322 2214 3623 2286 παρατάξει
3646 2232 3722 2286 με·

2175 2301 2416 2372 τάφρενα
2447 2303 2558 2376 (12)
2605 2303 2947 2376 θεασάμενοι.
2982 2306 3143 2369 Τέλος
3183 2306 3314 2375 γοῦν
3355 2308 3457 2378 τὴν
3498 2307 3599 2360 τῶν
3651 2310 3721 2362 ἀν-

2175 2394 2337 2448 οσίων
2380 2394 2556 2467 ἔργων
2601 2396 2843 2450 ἐκδικίαν
2886 2399 2919 2469 ἡ
2964 2398 3082 2452 θεία
3109 2400 3335 2472 πρόνοια
3385 2401 3649 2471 μετῆλθεν,
3672 2404 3718 2456 οὗ

2177 2485 2281 2556 μὴν
2308 2486 2436 2540 ἄνευ
2482 2486 2745 2559 δημοσίας
2785 2489 2989 2560 βλάϐης
3012 2509 3024 2521 ο
3061 2491 3322 2546 τοσαῦται
3354 2491 3487 2561 γοῦν
3511 2493 3717 2563 ἐγένοντο

2176 2579 2381 2647 σφαγαὶ
2425 2579 2557 2649 (15),
2592 2581 2713 2634 ὅσαι
2764 2584 2813 2634 εἰ
2861 2584 3001 2637 κατὰ
3032 2584 3323 2657 βαρϐάρων
3357 2586 3715 2655 ἐγένοντομί),

2178 2671 2368 2735 ἱκανὰς
2396 2668 2533 2726 εἶναι
2562 2674 2700 2746 πρὸς
2727 2676 2950 2730 αἰωνίαν
2985 2680 3224 2751 εἰρήνην.
3258 2680 3379 2733 Πᾶν
3419 2679 3524 2751 γὰρ
3557 2681 3612 2733 τὸ
3640 2682 3711 2734 τοῦ

2173 2766 2569 2837 προειρημένου
2609 2767 2870 2838 βασιλέως
2899 2771 3234 2843 στράτευμα,
3270 2774 3572 2845 ὑποταχθὲν
3595 2776 3713 2842 ἐξον-

2176 2856 2266 2928 σίᾳ
2293 2858 2435 2922 τινὸς
2457 2860 2729 2930 ἀχρήστου
2753 2860 2889 2932 (15),
2928 2862 3019 2934 βία
3041 2880 3098 2915 τε
3122 2864 3221 2935 τὴν
3259 2866 3547 2937 Ῥωμαίων
3569 2864 3708 2938 ἀρχὴν

2176 3058 2401 3111 moriam
2439 3057 2613 3130 ϐιστηοί
2671 3058 2949 3114 celebrant
2976 3060 3067 3115 die
3113 3061 3148 3114 4
3201 3060 3559 3130 Septembris,
3584 3064 3707 3118 et28

2179 3129 2378 3181 mensis
2406 3129 2733 3184 Decembris.

2248 3198 2359 3268 (15)
2394 3197 2685 3272 Teani-tat.
2714 3199 2862 3269 γοῦν
2900 3200 3180 3271 ἐγένοντο
3213 3203 3465 3271 σφαγαί.
3501 3202 3614 3258 Haec
3641 3217 3706 3272 pe-

2177 3269 2361 3322 riodus
2407 3285 2505 3322 suo
2539 3269 2657 3325 ioco
2698 3283 2842 3325 meta
2897 3269 3231 3326 eat.'Locari
3260 3269 3433 3328 enim
3487 3269 3707 3328 debuerat

2174 3339 2354 3392 statim
2383 3349 2537 3413 _post_
2570 3340 3133 3413 vocemﬁsac‘dpsvm,
3174 3344 3276 3398 hoc
3329 3344 3490 3396 modo
3517 3362 3529 3396 :
3557 3343 3706 3396 Μετά-

2174 3423 2344 3482 φρενα
2377 3408 3029 3482 θεασάμενοιητοσαῦται
3077 3414 3208 3482 γοῦν
3236 3414 3489 3482 ἐγένοντο
3515 3415 3700 3482 σφαγαὶ,

2171 3480 2292 3556 ὅσαι
2319 3482 2373 3556 ἐἰ
2403 3480 2543 3556 κατά
2573 3480 2862 3556 βαρϐάρων
2895 3480 3162 3556 ἐγένοντο,
3199 3480 3392 3548 ἱκανὰς
3441 3480 3570 3556 εἶναι
3596 3480 3705 3556 πρὸς

2172 3550 2398 3622 αἰωνίαν
2432 3550 2676 3622 εἰρήνην.
2714 3550 2878 3616 Τέλος
2915 3552 3065 3622 γοῦν,
3095 3567 3226 3618 etc.,
3257 3557 3309 3609 id
3369 3566 3489 3609 est:
3517 3550 3701 3608 Pectora

2172 3620 2443 3695 tribulium
2474 3620 3057 3695 suorurn_perfor@aiit
3078 3625 3118 3677 ii
3145 3626 3234 3695 qui
3258 3642 3524 3695 nunquam
3545 3627 3592 3677 in
3614 3627 3700 3677 acie

2172 3700 2320 3759 terga
2348 3693 2576 3765 hostium
2622 3693 2875 3765 viderant.
2912 3691 3008 3765 Tot
3068 3691 3227 3761 porro
3274 3691 3533 3765 tania'que
3577 3695 3700 3762 facta:

2169 3772 2289 3833 sunt
2316 3762 2506 3826 ca'lles,
2543 3773 2598 3815 ut
2638 3763 2684 3815 si
2711 3763 2765 3815 in
2794 3764 2994 3831 pra'liis
3025 3766 3274 3820 adversus
3301 3762 3547 3819 barbaros
3571 3766 3698 3833 facta

2170 3831 2414 3900 fuissent,
2443 3832 2677 3902 sufficere
2715 3833 2781 3904 id
2838 3835 3066 3904 potuerit
3119 3836 3188 3888 ad
3238 3847 3537 3904 perpetuam
3572 3831 3696 3887 nobis

2168 3918 2347 3969 pacem
2400 3902 2832 3968 comparandam.
2891 3902 3122 3958 Tandem
3163 3902 3281 3960 vero
3330 3902 3509 3959 divina
3557 3904 3698 3972 prasi-

2169 3973 2346 4024 deutia
2381 3982 2488 4024 tam
2517 3973 2797 4041 impiorum
2824 3973 3121 4040 facinorum
3160 3977 3223 4028 ab
3248 3976 3357 4029 illis
3374 3991 3546 4044 pinnas
3567 3990 3693 4039 expc.

2170 4044 2275 4115 tiit,
2305 4058 2397 4094 nec
2440 4052 2612 4095 tamen
2647 4044 2758 4115 sine
2798 4046 3002 4115 damno
3050 4046 3375 4115 reipublicw.
3410 4044 3561 4100 Totus
3584 4046 3691 4115 enim

2167 4112 2255 4164 ille
2282 4128 2440 4179 supra
2471 4112 2745 4164 memorati
2789 4112 3136 4180 imperatoris
3157 4117 3438 4178 exercitus,
3469 4126 3564 4170 etc.
3583 4113 3691 4178 Quid

2168 4181 2252 4235 bis
2287 4182 2511 4247 clarius,
2546 4182 2675 4250 quid
2710 4184 2986 4250 apertius?
3035 4183 3126 4240 Nae
3160 4188 3448 4240 admodum
3492 4188 3691 4253 pertina-

2167 4266 2283 4305 cem
2317 4267 2436 4332 esse
2459 4261 2674 4321 oportet
2707 4252 2881 4320 illum,
2910 4255 3000 4323 qui
3028 4257 3141 4311 haec
3163 4257 3235 4310 ita
3260 4252 3580 4311 restituenda
3595 4267 3689 4309 esse

2168 4331 2461 4389 negaverit.

2237 4392 2546 4466 (li)_"00‘as
2583 4394 2636 4446 εὶ
2679 4394 2828 4448 κατὰ
2853 4393 3171 4464 βαρϐάρων
3196 4395 3491 4466 ἐγένοντο.
3523 4391 3686 4466 Duples

2167 4461 2333 4528 hujus
2358 4462 2456 4516 loci
2491 4479 2684 4519 sensus
2724 4473 2899 4532 potest
2929 4461 3070 4520 esse.
3113 4461 3247 4519 Aut'
3275 4470 3419 4520 enim
3466 4470 3533 4519 ita
3579 4462 3685 4516 verti

2092 4534 2136 4589 D
2167 4542 2342 4600 pmest
2365 4543 2422 4586 ut
2462 4535 2626 4587 vertit
2665 4534 2943 4590 l’ortesius
2972 4548 2985 4587 :
3022 4537 3163 4590 Sane
3188 4540 3349 4591 cit-dis
3374 4548 3421 4591 et
3447 4536 3681 4604 sanguinis

2163 4612 2308 4676 tanta
2333 4605 2404 4656 vis
2428 4604 2546 4672 fuit,
2590 4616 2643 4657 ut
2678 4606 2724 4658 si
2746 4605 3088 4659 barbarorum
3121 4621 3280 4672 esset,
3308 4610 3378 4661 ad
3401 4608 3557 4676 fwdus
3579 4619 3686 4676 sem:

2156 4671 2725 4746 piternuﬁmrsuﬁicerel.
2757 4677 2865 4729 Aut
2907 4692 3030 4730 eum
3066 4671 3552 4746 Christnphoi’smio
3576 4671 3682 4746 verti

2159 4753 2334 4807 potest
2364 4745 2417 4816 in
2434 4744 2590 4816 hunc
2620 4748 2833 4798 modum
2866 4765 2879 4801 :
2911 4746 3008 4799 Tot
3034 4746 3189 4814 plane
3215 4744 3371 4816 facta:
3389 4756 3505 4801 sunt
3524 4744 3678 4816 credes,

2154 4824 2277 4879 quot
2326 4815 2373 4866 si
2424 4815 2478 4867 in
2527 4816 2775 4868 barbaros
2815 4816 2970 4884 facta:
3006 4812 3251 4886 fuissent,
3283 4820 3413 4871 satis
3442 4817 3603 4871 multa:
3626 4812 3679 4865 ad

2156 4893 2405 4958 a'ternam
2432 4900 2612 4958 pacem
2650 4888 3073 4941 constituendum
3098 4888 3264 4942 videri
3284 4891 3573 4958 potuissent.
3600 4887 3677 4937 At-

2153 4967 2264 5029 que
2283 4955 2371 5008 hic
2395 4956 2668 5029 posterior
2698 4971 2890 5011 sensus
2917 4955 3292 5029 utilliquidem'
3314 4961 3479 5029 magis
3509 4956 3673 5029 placet.

2157 5024 2352 5078 Eadem
2376 5023 2535 5094 plane
2556 5028 2828 5081 sententia
2862 5037 2944 5083 est
2972 5023 3179 5083 Luc—ani
3211 5032 3262 5083 in
3292 5023 3518 5084 exordio
3534 5023 3677 5079 Phar-

2151 5095 2299 5147 salia?
2324 5110 2446 5149 cum
2476 5095 2606 5150 dicit
2635 5114 2648 5151 :

2222 5186 2340 5262 lien
2369 5190 2820 5262 quantumqpoluit
2852 5200 3009 5244 terra:
3038 5190 3315 5262 pelagique
3345 5190 3540 5258 patrari

2221 5256 2336 5310 [loc
2367 5256 2514 5330 quem
2549 5256 2724 5313 civiles
2751 5256 3046 5314 hauserunt
3072 5256 3325 5331 sanguine
3345 5256 3551 5315 Λέαιναν.

2150 5376 2252 5429 Pro
2276 5377 2396 5430 ὅσαι
2430 5385 2607 5429 tamen
2662 5376 2853 5432 melius
2885 5376 3217 5431 scriberetur
3262 5375 3418 5430 ὥστε.
3450 5373 3666 5442 Sequitur

2147 5448 2287 5501 enim
2320 5447 2511 5510 ἱκανὰς
2543 5442 2702 5502 εἶναι.

2218 5518 2329 5588 (l5)
2366 5518 2532 5584 Τινὸς
2577 5517 2908 5587 ἀχρήστου.
2958 5517 3288 5572 Maxentium
3335 5513 3577 5582 intelligit,
3618 5517 3663 5560 ut

2145 5606 2207 5643 ex
2241 5591 2593 5657 sequentibus
2614 5605 2856 5658 apparet.
2880 5589 3124 5660 Quonam
3155 5588 3505 5660 autemmodo
3527 5595 3660 5660 eser-

2145 5662 2283 5713 citus
2308 5648 2625 5732 Diocletiani
2650 5648 2724 5714 ad
2753 5648 3080 5732 illustrandum
3106 5657 3518 5732 transieritinon
3545 5648 3658 5732 ifilli:

2144 5735 2249 5784 cile
2299 5739 2383 5783 est
2422 5730 2685 5784 divinare.
2752 5729 2884 5784 Post
2939 5728 3332 5783 abdicationem
3381 5723 3652 5779 Diocletiani

2143 5800 2393 5856 Galerius
2430 5798 2792 5857 Maximianus
2821 5803 2938 5871 ejus
2971 5801 3156 5871 copias
3200 5796 3432 5867 accepit:
3460 5805 3649 5864 quarum
