3926 6264
238 320 374 375 1517

1357 320 1443 374 DE
1481 316 1826 374 LAUDIBUS
1860 315 2343 374 CONSTANTINI.

3325 322 3461 378 15l8

234 440 444 504 ἄνθεσι,
477 441 736 513 ῥημάτων
781 439 978 511 φράσει
1025 439 1563 510 κεκαλλιεπημένοις,
1615 437 1790 508 ἡδονῆς

1907 452 2125 502 eercm;
2161 451 2262 492 nec
2292 445 2352 491 ut
2400 437 2585 492 aureis
2629 435 2858 506 poculis,
2892 436 3220 506 elegantium
3255 439 3459 496 scilicet

238 531 509 604 φάρμακα
548 533 660 593 τοῖς
706 529 872 583 τῶνδε
922 529 1256 600 προπιοῦμαι
1287 529 1489 597 φίλοις·
1525 530 1706 595 σοφοῖς
1744 526 1798 578 δὲ

236 622 579 693 πειθόμενος,
619 619 978 692 παραγγέλλω
1009 620 1107 684 τὰς
1136 620 1439 688 λεωφόρους
1467 617 1684 685 φεύγειν
1708 618 1799 669 καὶ

234 714 619 787 ἐκτρέπεσθαι,
659 712 790 783 μηδὲ
813 711 888 782 τῷ
910 711 1099 782 πλήθει
1127 708 1477 765 συνωθ;ῖσοαι
1496 707 1800 761 διακελεύο-

235 824 357 877 μαι.
398 807 554 859 Ἥκω
584 805 648 876 δὴ
678 803 965 875 βασιλικῶν
994 802 1174 873 ὕμνων
1208 802 1542 872 καινωτέρας
1572 800 1712 871 ᾠδῆς
1740 801 1797 853 ὲν

233 899 366 968 ὑμῖν
403 896 775 969 ἀπαρξάμενος
800 894 928 966 (Ἦ).
970 895 1195 966 Μυρίων
1238 895 1283 946 δ’
1321 894 1463 964 ἀμφὶ
1505 892 1601 963 τὴν
1633 892 1798 962 αὐτὴν

232 991 360 1062 ἐμοὶ
404 991 735 1058 σπευδόντων
781 989 1017 1061 χορείαν,
1068 990 1235 1043 πάτον
1287 985 1586 1057 ἀνθρώπων
1631 984 1797 1038 ἀλεεί-

231 1102 340 1138 νων
372 1084 481 1154 (9.8)
505 1083 682 1146 αὐτὸς,
709 1081 806 1152 τὴν
849 1081 1040 1152 ἀτριϐῆ
1092 1080 1399 1150 βαδιοῦμαι,
1445 1074 1512 1150 ἧς
1548 1080 1607 1131 οὐ
1643 1077 1797 1148 θέμις

232 1177 482 1239 ἀνίπτοις
514 1174 808 1243 ἐπιϐαίνειν
839 1174 1014 1226 ποσίν.
1046 1174 1109 1226 Οἱ
1144 1172 1240 1242 μὲν
1268 1188 1330 1241 γε
1361 1169 1644 1242 δημώδεις,
1677 1186 1795 1240 μει-

233 1266 444 1339 ρακίων
463 1283 522 1318 τε
546 1264 840 1334 σοφίσμασι
861 1280 1073 1334 πεπατη
1085 1264 1273 1335 μένους
1301 1262 1572 1333 μετιόντες
1587 1260 1794 1328 λόγους,

233 1357 447 1428 μοῦσάν
477 1374 536 1410 τε
584 1357 765 1427 ἡδεῖαν
808 1355 899 1409 καὶ
941 1356 1218 1427 πάνδημον
1247 1353 1636 1423 ἀσπαζόμενοι,
1671 1350 1796 1422 θνη-

229 1451 333 1515 τὰς
380 1450 550 1514 ἀκοάς
594 1450 802 1522 θνητοῖς
840 1450 1136 1521 διηγήμασι
1181 1446 1496 1516 θελγόντων,
1546 1446 1705 1517 ἡδονῇ
1736 1444 1797 1498 τὸ

231 1544 517 1614 κριτήριον
539 1542 822 1606 ἀποδόντες
845 1559 858 1572 ·
886 1543 936 1594 οἱ
963 1541 1006 1594 δ’
1033 1541 1201 1610 αὐτῆς
1225 1539 1421 1610 μύσται
1447 1538 1546 1609 τῆς
1571 1536 1794 1591 καθόλου

232 1635 449 1711 σοφίας,
481 1634 638 1688 θείων
669 1636 976 1706 ἐπιστήμης
1012 1633 1106 1687 ἆτε
1150 1632 1243 1685 καὶ
1272 1630 1623 1701 ἀνθρωπίνων
1663 1629 1796 1701 ἐπήτ-

231 1726 401 1791 ϐολοι,
434 1727 534 1798 τὴν
563 1726 657 1780 τοῦ
699 1726 1001 1798 κρείττονος
1042 1723 1268 1795 ἐκλογὴν
1300 1724 1358 1775 ἐν
1402 1721 1605 1791 ἀγαθοῦ
1633 1721 1794 1792 μοίρᾳ

1901 527 2189 580 verborum
2215 524 2454 581 ﬂosculis
2496 541 2711 580 summo
2735 541 2856 580 cum
2898 528 3129 583 artiﬁcio
3168 530 3460 593 decoratis,

1900 615 2195 685 voluptatis
2222 616 2494 685 pigmenta
2523 617 2828 685 hujusmodi
2863 632 3040 670 rerum
3068 619 3328 672 studiosis
3364 622 3460 673 ho-

1896 710 2133 766 minibus
2182 702 2546 780 propitiarem.
2588 710 2727 778 Quin
2755 712 2935 781 p0tius
2974 713 3282 782 sapientum
3317 732 3456 783 prae-

1896 803 2064 870 ceptis
2091 804 2492 871 obtemperans,
2520 804 2731 856 cunctis
2756 804 2957 856 suadeo
2992 814 3049 858 ut
3075 804 3190 859 vias
3217 806 3458 874 publicas

1898 893 2123 963 fugiant.
2155 908 2290 947 neve
2327 909 2431 946 una
2490 907 2612 946 cum
2659 893 3004 948 multitudine
3052 895 3236 949 collidi
3271 897 3453 954 velint.

1895 985 2113 1039 Accessi
2145 999 2297 1053 ergo,
2326 992 2385 1038 ut
2438 984 2813 1053 imperatorias
2841 984 3025 1039 laudes
3050 1002 3190 1040 novo
3220 987 3453 1054 quodam

1896 1076 2159 1151 carmipis
2180 1090 2378 1143 genere
2403 1077 2778 1144 prtecineretn.
2810 1076 3066 1143 Quamvis
3099 1094 3229 1134 vero
3257 1081 3453 1135 infiniti

1897 1184 2032 1239 pene
2070 1154 2163 1223 alii
2191 1168 2432 1223 eamdem
2462 1184 2673 1224 mecum
2707 1171 2845 1222 viam
2894 1185 3116 1237 carpere
3166 1183 3455 1236 conantur,

1895 1274 1993 1330 ego
2044 1269 2221 1314 tamen
2276 1261 2553 1315 hominum
2604 1264 2826 1332 vestigia
2871 1264 3064 1324 vitans,
3103 1275 3159 1316 ut
3214 1267 3288 1317 ait
3333 1265 3452 1330 ille,

1893 1346 2034 1399 viam
2089 1346 2361 1416 ingrediar
2389 1348 2611 1403 minime
2662 1352 2867 1415 tritum,
2910 1368 3068 1420 quam
3109 1353 3272 1406 illmis
3306 1356 3456 1421 pedi-

1894 1433 1993 1488 bus
2026 1435 2410 1519 ingredinefas
2434 1449 2534 1491 εει.
2559 1437 2746 1493 Liceat
2775 1440 2987 1508 quidem
3018 1441 3122 1494 illis
3150 1441 3239 1509 qui
3267 1443 3453 1512 vulga«

1895 1540 1981 1579 res
2019 1540 2082 1579 ac
2102 1525 2433 1595 jovenilibus
2472 1528 2630 1583 tritos
2673 1530 2903 1599 argutiis
2953 1544 3229 1585 sermones
3268 1547 3457 1586 conse-

1893 1627 2221 1700 ιξιιιιιιιιτηοι
2265 1619 2357 1688 qui
2403 1635 2624 1675 suavem
2675 1624 2966 1690 quatmlam
3020 1637 3084 1677 ac
3137 1623 3450 1692 p0pularem

1893 1697 2075 1773 colunt
2106 1694 2342 1777 ‘r‘nusam,
2382 1712 2661 1766 hominum
2707 1726 2863 1766 aures
2897 1713 3147 1768 humanis
3188 1714 3456 1767 narratio-

228 1782 468 1889 θέμενοι,
492 1782 602 1881 Ιτὰς
624 1782 786 1870 αὑτοῦ
817 1782 1075 1886 βασιλέως
1102 1782 1365 1881 θεοφιλεῖς
1388 1782 1606 1885 ἀρετὰς,
1633 1782 1790 1881 φιλοί-

1895 1803 2050 1858 nibus
2069 1802 2316 1867 delinire,
2346 1804 2473 1858 dum
2500 1811 2696 1858 cuncta
2731 1804 2973 1859 referunt
3001 1805 3066 1858 ad
3095 1804 3447 1872 voluptatem.

229 1911 388 1975 θέους
420 1929 479 1965 τε
506 1910 750 1982 πράξεις,
781 1909 887 1963 τῶν
919 1907 1271 1980 ἀνθρωπίνων
1313 1905 1688 1978 προὺτίμησάν
1733 1922 1790 1958 τε

227 2003 329 2057 καὶ⁵
350 2003 573 2066 εἴλοντο,
593 2002 861 2072 δευτέροις
876 2002 1130 2072 ἀνυμνεῖν
1154 2000 1223 2053 τὰ
1242 1999 1467 2070 δεύτερα
1487 1997 1594 2051 τῶν
1615 1995 1791 2051 καλῶν

228 2097 748 2168 παραχωρήσαντες.
779 2094 948 2147 Θείων
973 2093 1080 2164 γὰρ
1103 2093 1196 2146 καὶ
1222 2091 1572 2163 ἀνθρωπείων
1602 2089 1790 2163 σοφίας
1818 2103 1825 2109 '

224 2186 397 2257 οὔσης
424 2188 518 2240 καὶ
550 2189 605 2239 ὲν
636 2185 897 2257 βασιλέως
933 2184 1098 2255 ψυχῇ,
1128 2184 1222 2238 καὶ¹
1250 2182 1356 2236 τῶν
1392 2183 1488 2253 μὲν
1520 2184 1599 2246 εἰς
1638 2181 1790 2247 Θεὸν,

226 2276 340 2329 τῶν
367 2277 410 2328 δ’
443 2278 521 2339 είς
553 2273 869 2346 ἀνθρώπους
894 2275 1192 2336 τεινόντων,
1225 2277 1337 2336 τοῖς
1370 2273 1469 2342 μὲν
1512 2271 1667 2335 ἐκτὸς
1696 2288 1791 2324 πε-

236 2366 466 2439 ριϐόλων
496 2365 652 2437 ἱερῶν
682 2365 929 2428 ἑστῶσιν,
968 2363 1126 2434 οἵπερ
1160 2363 1223 2434 δὴ
1253 2361 1544 2433 ἐπιτήδειοι
1567 2359 1698 2433 (29),
1723 2364 1792 2413 τὰ

228 2458 541 2532 ἀνθρώπεια
571 2456 968 2519 διακονείσθων,
1003 2457 1175 2527 σεμνά
1204 2457 1301 2525 μὲν
1329 2455 1476 2523 ὅμως
1502 2453 1595 2505 καὶ
1624 2452 1789 2521 ὑπερ-

229 2552 362 2622 φυῆ,
396 2549 629 2622 βιωφελῆ
655 2566 713 2602 τε
739 2548 833 2602 καὶ
861 2547 1028 2601 ταῦτα
1045 2564 1058 2577 ·
1092 2546 1267 2600 πάντα
1293 2545 1400 2618 γάρ
1419 2545 1485 2598 τὰ
1508 2543 1789 2615 βασιλέως,

228 2644 392 2709 καλά,
426 2644 563 2714 πλὴν
590 2642 668 2696 ἔτι
697 2641 990 2711 λειπόμενα
1020 2640 1131 2707 (50)
1178 2639 1285 2692 τῶν
1328 2637 1640 2710 θειοτέρων⁹
1670 2638 1717 2690 οἱ
1745 2636 1789 2690 δ’

229 2735 545 2807 ἀνακτόρων
568 2733 735 2802 ἁγίων
757 2731 905 2794 εἴσω,
929 2730 1136 2783 ἀδύτων
1157 2747 1217 2781 τε
1239 2729 1332 2782 καὶ
1361 2728 1576 2781 ἀϐάτων
1607 2726 1791 2798 μυχῶν

228 2826 379 2889 ἐντὸς
408 2824 809 2895 διαϐεϐηκότες,
841 2821 1005 2894 θύρας
1042 2820 1289 2891 βεϐήλοις
1323 2820 1511 2881 ἀκοαῖς
1541 2815 1792 2871 ἀποκλεί-

231 2934 443 2979 σαντες,
486 2915 582 2978 τάς
618 2914 957 2984 ἀπορρήτους
992 2910 1251 2981 βασιλέως
1287 2910 1511 2980 μυήσεις
1538 2909 1648 2973 τοῖς
1668 2906 1790 2960 τού-

229 3028 337 3065 των
372 3009 599 3080 μύσταις
626 3004 943 3076 διηγείσθων
981 3005 1185 3076 μόνοις’
1217 3003 1265 3055 οί
1294 3001 1349 3055 δὲ
1382 3000 1449 3054 τὰ
1473 2993 1585 3053 ὦτα
1614 2998 1790 3071 νάμα-

1894 1894 1953 1948 lli
1990 1910 2117 1950 vero
2153 1896 2246 1965 qui
2281 1896 2603 1951 universalis
2624 1896 2902 1967 sapientiai
2929 1896 3200 1966 mysteriis
3237 1895 3434 1949 initiati

1890 1996 2057 2052 sunt,
2109 1996 2310 2057 ,utpote
2361 1987 2666 2041 divinarum
2750 1986 3218 2056 humanarumque
3270 2002 3453 2041 rerum

1891 2079 2171 2134 scientiam
2227 2080 2527 2145 consecuti,
2584 2095 2709 2134 cum
2750 2080 3145 2149 prarstantioris
3195 2079 3270 2133 rei
3302 2078 3450 2135 dele-

1890 2180 2033 2224 ctum
2096 2186 2318 2226 summa:
2379 2171 2658 2227 felicitatis
2691 2187 2810 2228 esse
2839 2173 3062 2237 ducant,
3107 2172 3449 2242 imperatoris

1892 2261 2061 2316 nostri
2113 2261 2225 2317 Deo
2253 2263 2516 2318 amabiles
2542 2264 2787 2327 virtutes,
2818 2274 2871 2319 et
2910 2265 3025 2334 pios
3053 2277 3227 2331 actus,
3260 2267 3453 2320 huma-

1892 2352 1977 2405 nis
2007 2350 2248 2420 ejusdem
2282 2353 2496 2409 dotibus
2521 2354 2783 2424 factisque
2830 2366 3201 2425 anteponunt;
3233 2369 3287 2412 et
3315 2356 3452 2410 infe-

1894 2444 2066 2500 riores
2114 2459 2225 2511 res,
2290 2444 2643 2501 inferioribus
2705 2445 3020 2503 hominibus
3077 2449 3452 2518 praedicandas

1869 2534 2220 2604 “relinquunt.
2257 2532 2390 2589 Nam
2445 2550 2564 2589 cum
2626 2535 2967 2604 imperatoris
3018 2537 3231 2591 animus
3269 2553 3451 2593 rerum

1890 2626 2191 2682 divinarum
2237 2626 2697 2699 humanarumque
2722 2629 2949 2683 scientia
2979 2630 3235 2698 praeditus
3262 2630 3361 2695 sit;
3396 2639 3450 2685 et

1892 2717 1997 2772 illa:
2050 2717 2266 2786 quidem
2318 2718 2384 2772 ad
2421 2718 2588 2772 Deum
2615 2759 2632 2784 ,
2668 2706 2749 2772 hae
2776 2734 2903 2773 vero
2928 2719 2993 2771 ad
3024 2719 3269 2773 homines
3307 2719 3448 2772 refe—

1889 2818 2079 2864 rantur
2108 2827 2122 2863 :
2156 2809 2264 2864 illis
2296 2810 2508 2878 quidem
2546 2811 2633 2878 qui
2663 2820 2814 2863 extra
2850 2811 3032 2880 templi
3065 2811 3323 2864 ambitum
3352 2825 3448 2880 po-

1892 2899 1981 2953 siti
2032 2910 2179 2965 sunt,
2234 2914 2319 2954 res
2373 2899 2640 2953 humanas
2676 2908 2971 2971 suggerant
3025 2900 3062 2954 ii
3113 2900 3201 2969 qui
3252 2905 3317 2954 ad
3344 2899 3449 2954 hoc

1893 3007 2088 3046 munus
2110 2991 2414 3046 obeundum
2451 2991 2628 3045 idonei
2658 2991 2987 3046 eitstiterint.
3025 2990 3165 3046 Sunt
3215 2993 3296 3046 lite
3327 2993 3449 3062 qni-

231 3120 317 3156 σιν
343 3101 622 3164 εὐσεϐείας
644 3098 1032 3170 καθηράμενοι,
1047 3096 1225 3167 ψυχῆς
1243 3111 1302 3147 τε
1324 3094 1492 3164 αὐτῆς
1519 3091 1790 3164 μεταρσίῳ

1895 3083 2014 3137 dem
2069 3098 2200 3137 sane
2256 3082 2493 3137 illustres
2523 3093 2575 3137 et
2612 3085 2847 3148 eximite,
2879 3093 2934 3139 et
2985 3083 3236 3153 inprimis
3290 3085 3452 3139 utiles

230 3192 415 3265 πτερῷ
436 3192 498 3246 τὸ
522 3192 704 3263 νοερὸν
742 3189 1139 3262 ὲπερείσαντες,
1172 3185 1313 3256 ἀμφὶ
1339 3185 1428 3237 τὸν
1462 3185 1677 3239 πάντων
1702 3183 1795 3254 βα-

232 3286 382 3339 σιλέα
410 3284 759 3357 χορευόντων,
792 3285 917 3353 σιγῇ
951 3280 1019 3334 τά
1059 3279 1178 3332 θεῖα
1212 3277 1522 3347 τελούμενοι
1545 3292 1558 3306 ο
1596 3275 1790 3343 λογίων

223 3378 286 3432 δὲ
314 3376 571 3449 χρησμοὶ,
605 3376 702 3428 οὐκ
748 3375 814 3426 ὲκ
853 3372 1110 3444 μαντείας
1157 3367 1353 3440 μᾶλλον
1391 3366 1424 3438 ἢ
1463 3365 1654 3439 μανίας
1683 3366 1790 3439 (51)

224 3469 595 3540 παράφρονος,
622 3464 794 3534 φωτὸς
810 3464 852 3517 δ’
873 3460 1177 3523 ἐπιπνοίαις
1197 3458 1377 3513 ἐνθέου
1411 3473 1795 3529 προσπεφωνη-

228 3561 406 3632 μένοι,
436 3557 543 3611 τῶν
570 3556 785 3612 τελείων
808 3556 939 3626 ἡμῖν
967 3552 1304 3622 γενέσθωσαν
1332 3548 1634 3603 διδάσκαλοι
1656 3548 1790 3620 (52),

225 3653 373 3724 ἀμφὶ
404 3650 675 3722 βασιλείας
703 3649 890 3718 αὐτῆς,
916 3646 1057 3718 ἀμφί
1087 3663 1147 3699 τε
1178 3643 1436 3715 βασιλέως
1463 3640 1556 3695 τοῦ
1584 3641 1791 3694 ἀνωτά-

224 3762 354 3801 του,
383 3742 705 3815 δορυφορίας
745 3759 805 3795 τε
840 3739 987 3802 θείας
1015 3737 1154 3809 ἀμφὶ
1186 3736 1275 3790 τὸν
1298 3734 1512 3788 πάντων
1546 3731 1788 3802 βασιλέα,

224 3836 324 3889 τοῦ
372 3854 431 3890 τε
459 3836 579 3889 καθ’
608 3835 755 3905 ἡμᾶς
783 3829 1056 3902 βασιλικοῦ
1092 3828 1549 3900 παραδείγματος,
1574 3823 1667 3876 καὶ
1694 3820 1790 3874 τοῦ

224 3928 290 3981 τὸ
318 3927 578 3999 χάραγμα
609 3921 1109 3993 κεκιϐδηλευμένου,
1152 3917 1260 3971 τῶν
1305 3917 1351 3969 θ’
1389 3915 1633 3997 ἐκατέρῳ
1665 3930 1790 3967 συν-

226 4017 610 4090 ομαρτούντων
626 4017 882 4086 τάγματι.
899 4008 992 4076 Οἷς
1014 4013 1077 4084 δή
1104 4010 1201 4072 τὰς
1228 4008 1550 4080 θεοπρεπεῖς
1572 4003 1791 4069 τελετὰς

230 4108 703 4180 ἱεροφαντούμενοι
735 4106 865 4180 (55),
901 4099 1001 4160 ὧδέ
1037 4122 1111 4174 πη
1151 4102 1307 4155 θείων
1337 4097 1534 4171 ὀργίων
1568 4096 1789 4167 ὲφαψώ-

236 4202 374 4271 μεθα
402 4201 535 4272 (54).

302 4355 414 4423 (Em
474 4355 631 4423 Vulg.
682 4349 1109 4420 ἐπαρξάμενος.
1168 4346 1359 4400 Scribo
1407 4341 1784 4414 ἀπαρξάμενος

229 4443 296 4482 ex
329 4425 516 4477 codice
546 4422 772 4478 Fuketii.
957 4491 963 4492 ί
1036 4491 1041 4492 γ
1105 4485 1116 4492 _
1319 4485 1376 4492 __
1452 4483 1463 4492 ,
1640 4479 1671 4492 η
1743 4479 1754 4492 .

302 4494 416 4566 (28)
452 4495 604 4562 Vulg.
659 4492 898 4566 πάντων·
934 4485 1257 4566 drancime
1300 4483 1605 4566 ἀλεείνωγ.
1639 4479 1786 4566 Scri-

232 4550 463 4622 bendunt
510 4550 592 4617 est
635 4563 803 4615 πάτον
862 4550 1312 4631 ἀνθρώπων.-Εξι
1358 4555 1499 4631 enim
1549 4550 1792 4631 hemisti:

232 4618 417 4690 chium
452 4632 667 4686 llomeri
706 4618 1043 4685 notissimum
1087 4631 1151 4681 de
1200 4618 1789 4702 Belleroiiltontemuod

230 4707 427 4759 Cicero
481 4705 552 4755 ita
609 4705 913 4759 c0nvrrtit,
962 4708 1019 4751 ut
1068 4695 1265 4765 posui._
1303 4693 1459 4765 certe
1507 4692 1566 4765 in“
1608 4690 1792 4765 codice

229 4757 369 4829 Fuit.
406 4774 609 4827 diserte
664 4757 920 4824 scribitur
969 4757 1135 4821 πάτον
1178 4761 1478 4834 ἀνθρώπων
1515 4757 1788 4815 ἀλεείνων.

230 4844 408 4899 Porro
456 4843 719 4896 Eusebius
758 4843 900 4894 hunc
953 4840 1243 4907 prologmu
1282 4833 1485 4907 crebris
1509 4839 1788 4907 poetarum

230 4914 518 4969 versiculis
564 4911 716 4981 quasi
764 4903 1016 4981 floribus
1042 4903 1123 4961 de'
1157 4903 1788 4981 industriaconspersit,

230 4967 293 5037 ut
332 4967 632 5036 auditorum
685 4981 893 5033 animos
930 4974 1231 5044 hujusmodi
1260 4980 1543 5044 venustate
1575 4967 1789 5035 pellice-

228 5066 335 5108 ret.
369 5054 458 5104 Sic
485 5065 645 5120 supra
661 5043 1213 5120 χρυσέοιςδεπιὶιεσοτ³
1244 5043 1508 5120 poeticum
1543 5049 1645 5120 est.

303 5122 415 5192 (29)
444 5105 599 5188 Vulg.
625 5105 742 5187 ὅὲἓὴ
771 5118 840 5171 δὲ
868 5105 1035 5192 οἵπερ
1071 5115 1147 5183 δὴ
1188 5105 1524 5192 ἐπιτήδειοι.
1551 5105 1791 5192 Nondu-

226 5177 344 5247 biti)
372 5177 507 5260 quin
550 5177 832 5260 Eusebius
871 5177 1175 5255 scripserit.
1203 5185 1316 5237 ὅσοι
1364 5181 1427 5260 δή
1455 5193 1571 5260 περ.
1594 5177 1642 5260 οἱ
1670 5177 1792 5260 ἑπιτ

225 5245 452 5334 τήδειὸι.
490 5257 927 5334 subaudiendum
957 5245 1499 5334 autent-estverbuni
1525 5245 1789 5334 eiqlv:

229 5320 511 5401 in'terpres
558 5329 715 5401 hujus
758 5326 1026 5401 orationis
1092 5320 1627 5401 Cbristophorsonus.
1662 5331 1783 5401 cum

233 5407 349 5456 lucc
384 5386 513 5455 ἰιοιι
559 5386 1047 5456 animadvertisset,
1091 5386 1494 5466 omnem—hujus
1530 5386 1628 5466 loci
1654 5400 1789 5466 icil-

230 5452 351 5527 ἔιὶὶιῖ
405 5452 846 5539 interpretatione
905 5480 998 5539 sua
1033 5452 1301 5539 confudit.
1351 5452 1421 5512 ltt'
1452 5452 1785 5539 codiceF

233 5546 428 5595 desunt
453 5532 564 5592 haec
590 5538 752 5593 verba
780 5536 886 5606 ὅπη
917 5533 994 5606 δέ,
1028 5534 1247 5606 optime.
1295 5600 1305 5606 _
1429 5594 1469 5606 __
1509 5592 1524 5606 ε
1681 5594 1691 5606 _
1736 5532 1748 5545 ‘

307 5592 423 5684 ίξθ)
445 5612 618 5678 Πλὴν
644 5592 1209 5684 ἕτιβεισὶόμςέγίί.”8ἱο
1236 5600 1398 5653 etiam
1429 5592 1564 5649 Fuk.
1595 5594 1784 5656 codex,

233 5671 429 5735 malini
450 5671 627 5732 tamen
655 5678 895 5730 scribere
926 5671 1063 5740 πλὴν
1097 5672 1202 5723 ὅτι.

305 5747 423 5818 (3i)
452 5747 703 5803 Μᾶλλον
742 5745 781 5813 ἢ
824 5732 1060 5813 μανίαξι.
1100 5736 1468 5807 Transpositio
1500 5732 1786 5788 verborum

1818 4452 1865 4509 Ι)

1894 3173 2078 3243 generi
2122 3172 2383 3229 humano.
2416 3173 2625 3244 Quippe
2659 3183 2851 3229 cuncta
2881 3191 3007 3243 qua:
3038 3182 3090 3229 in
3124 3176 3450 3243 imperatore

1893 3273 2081 3319 nostro
2106 3274 2426 3333 cernuntur,
2467 3266 2666 3320 eximia
2706 3275 2848 3319 sunt.
2886 3265 2992 3321 Sed
3036 3276 3216 3321 tamen
3246 3283 3275 3319 a
3308 3267 3449 3321 divi-

1896 3354 1978 3408 nis
2009 3352 2172 3409 rebus
2207 3353 2368 3424 longo
2399 3353 2684 3409 intervallo
2722 3365 3068 3423 superantur.
3118 3355 3156 3410 Ii
3198 3373 3326 3412 vero
3356 3358 3451 3429 qui

1892 3443 2038 3497 intra
2066 3444 2364 3498 sacrarium
2400 3454 2455 3498 et
2500 3445 2552 3498 in
2583 3443 2746 3517 604
2783 3446 2905 3514 ipsa
2945 3447 3124 3515 templi
3178 3448 3336 3519 adyta
3385 3464 3450 3503 ac

1894 3534 2192 3604 penetralia
2239 3535 2467 3607 ingressi
2512 3546 2657 3599 sunt,
2687 3536 2883 3604 januas
2934 3538 3178 3608 profanis
3227 3539 3453 3595 auribus

1890 3624 2279 3691 occludentes,
2349 3640 2550 3680 arcana
2603 3627 2958 3695 imperatoris
3024 3629 3278 3698 mysteria
3318 3629 3449 3683 solis

1892 3715 2112 3769 initiatis
2144 3723 2436 3786 exponant.
2460 3715 2550 3769 Isti
2575 3729 2737 3784 porro
2769 3717 2856 3770 ubi
2887 3733 3052 3773 aures
3077 3734 3203 3774 suas
3229 3719 3450 3788 pietatis

1890 3803 2128 3859 fontibus
2181 3804 2547 3875 purgaverint,
2604 3802 3121 3875 et‘intelligentiam
3153 3804 3306 3875 quasi
3354 3819 3449 3859 ex-

1889 3896 2077 3963 pansis
2098 3895 2262 3950 animi
2282 3895 2380 3950 alis
2402 3894 2457 3950 in
2487 3893 2716 3948 sublime
2729 3895 3066 3960 sustulerint,
3091 3896 3237 3951 circa
3268 3895 3445 3964 ipsum

1891 3988 2056 4042 Deum
2084 3987 2321 4042 omnium
2347 4002 2529 4056 regem
2562 3988 2792 4043 choreas
2819 3997 3001 4057 agant,
3032 3988 3213 4041 divina
3241 3996 3445 4058 myste-

1890 4080 1969 4135 ria
2002 4079 2383 4149 percipientes.
2414 4076 2641 4133 Oracula
2692 4094 2873 4147 porro,
2907 4094 3013 4133 non
3037 4078 3125 4134 illa
3161 4092 3227 4132 ex
3257 4077 3443 4131 vatici-

1888 4171 2128 4237 natione,
2160 4186 2252 4227 seu
2285 4171 2462 4240 potius
2515 4169 2700 4225 furore
2742 4171 2971 4240 quodam
3023 4178 3183 4239 atque
3233 4168 3444 4223 insania

1888 4329 2172 4383 familiaris
2199 4327 2450 4390 Eusebio,
2487 4341 2585 4395 pro
2612 4328 2644 4398 ἢ
2676 4326 2874 4398 μᾶλλον
2903 4326 3116 4398 μανίας.
3156 4325 3274 4379 Mox
3324 4327 3446 4380 ἑπι-

1889 4400 2098 4461 πνοίαις
2127 4399 2382 4451 scribitur
2406 4400 2456 4450 in
2489 4397 2672 4450 codice
2714 4397 2843 4450 Fuk.

1963 4469 2071 4539 (52)
2099 4466 2219 4523 Τῶν
2235 4468 2476 4539 τελείων
2500 4466 2644 4536 ἡμῖν
2670 4464 3442 4539 γενέσθωσανΔδιᾷάσκαλοι.

1895 4535 2087 4596 Procul
2116 4539 2280 4592 dubio
2316 4535 2779 4590 scribendumrst
2830 4535 2938 4588 τῶν
2988 4535 3237 4597 τελετῶν,
3280 4551 3441 4601 quam

1891 4609 2318 4666 emendationem
2350 4607 2671 4659 conﬁrmant
2695 4607 2856 4659 verba
2892 4622 3011 4673 qua:
3052 4621 3173 4659 mox
3204 4620 3441 4673 sequun-

1890 4690 1998 4744 tur,
2026 4673 2106 4741 οἷς
2127 4676 2189 4748 δὴ
2216 4676 2330 4748 κτὰς
2358 4674 2676 4748 θεοπρεπεῖς
2702 4672 2921 4738 τελετὰς
2950 4672 3439 4748 ίεροφαντούμενοι.

1890 4751 1978 4803 Ait
2020 4744 2187 4803 enim'
2212 4744 2683 4800 Eusebius‘libros
2716 4760 2901 4799 sacros
2936 4744 3216 4813 inquibus
3255 4744 3438 4797 divina

1890 4819 2236 4873 continentur
2259 4814 2495 4875 oracula.
2523 4815 2810 4883 magistros
2837 4815 2988 4868 nobis
3021 4830 3141 4868 esse
3165 4827 3437 4867 sacrorum

1890 4887 2294 4958 mysteriorum,
2328 4899 2393 4938 ac
2413 4884 2573 4958 veluti
2601 4884 2858 4958 quosdam
2894 4884 3295 4958 ltieropltantas.

1959 4953 2072 5029 (55)
2116 4954 2666 5029 ’ζερ-οφαντούμενοι.
2740 4953 2881 5008 Idem
2909 4966 3023 5029 __est_
3051 4955 3217 5029 _quod
3273 4965 3437 5029 supra

1889 5020 2024 5080 dixit
2053 5020 2405 5095 ’τελούμενοι.
2451 5020 2585 5075 Nam
2627 5023 3152 5095 ispocpav'rs‘t'v,idem
3202 5020 3351 5095 valet
3375 5036 3439 5075 ac

1887 5098 2079 5151 τελεῖν.
2109 5087 2286 5162 Quare
2326 5087 2764 5166 ἱεροφαντεῖσσαι
2779 5094 2916 5146 idem
2937 5094 3044 5166 erit
3066 5108 3129 5166 ae
3150 5087 3438 5166 τελεῖσθαι.

1890 5160 2268 5235 Hierophanue
2303 5160 2533 5218 Athenis
2569 5163 2890 5235 dicebantur
2932 5160 3436 5235 antistitesEleusi-

1890 5231 2105 5291 nierum
2153 5248 2457 5296 sacrorum,
2493 5232 2584 5300 qui
2609 5246 2759 5285 sacra
2794 5231 3008 5286 Cereris
3057 5231 3342 5283 tradebant
3383 5237 3440 5281 et

1886 5305 2302 5375 consignabant.
2346 5304 2490 5368 Quos
2538 5311 2687 5355 tanto
2729 5303 2931 5375 honore
2979 5302 3439 5375 prosequebantur

1886 5368 2107 5437 sacraii.
2136 5385 2195 5428 ut
2221 5386 2491 5439 nunquam
2540 5386 2635 5425 eos
2675 5373 2892 5440 pr0prio
2931 5368 3150 5424 nomine
3190 5368 3431 5440 appellas

1889 5457 2027 5501 rent.
2066 5446 2227 5500 Docet
2257 5446 2309 5496 id
2347 5437 2619 5511 Eunapius
2646 5437 2701 5495 in
2736 5437 2849 5495 Vita
2892 5440 3117 5495 Maximi

3156 5509 3239 5562 bis
3258 5507 3441 5561 verbis

1957 5585 2065 5659 (54)
2103 5584 2285 5639 Gelon“
2319 5581 2547 5659 ὀργίων·
2587 5579 2961 5659 όςςαψιώμεθα.
2990 5578 3191 5633 Vocem
3241 5575 3441 5648 ὀργίων

1885 5651 2181 5713 omiserant
2236 5651 2549 5722 typographi
2600 5652 2961 5717 Geneveuses,
3018 5665 3175 5719 quant
3230 5661 3331 5702 nos
3374 5660 3440 5701 ex

1888 5729 2072 5783 codice
2096 5723 2231 5779 Fuit.
2260 5721 2640 5791 Supplevimus.
