3926 6264
509 322 650 380 ma
1215 294 2003 370 EUSEBII’CAZSARIENSIS
2041 305 2076 361 ο

2179 346 2193 361 .
2233 302 2414 360 PARS
2449 301 2492 357 Ι.
2531 330 2603 345 -
2638 295 3030 357 HISTORICA.
3593 301 3713 361 {5'20

506 438 787 511 profecta;
838 439 934 491 sed
984 446 1105 503 qua:
1170 430 1338 487 divini
1407 428 1643 501 Spiritus
1692 425 1869 482 afﬂatu
1913 435 2075 495 atque
2125 424 2316 479 intima
2376 421 2734 478 illustratione
2788 429 2914 476 sunt
2946 418 3111 483 edita,
3148 418 3299 473 nobis
3338 430 3437 488 pro
3468 418 3714 489 magistris

505 533 616 588 sint
642 546 917 587 sacrorum
956 548 968 584 :
1000 529 1089 597 qui
1131 542 1229 582 nos
1256 524 1543 580 insrituant
1567 524 1635 578 de
1661 536 1828 592 regno
1860 523 1979 593 ipso
2008 534 2072 576 ac
2102 520 2169 574 de
2206 533 2420 574 summa
2458 517 2698 572 omnium
2765 530 2894 585 rege
2921 515 3097 584 deque
3130 513 3309 568 divino
3361 512 3450 567 illo
3487 515 3716 571 satellitio

508 642 822 699 supremum
877 624 1120 680 omnium
1175 624 1572 678 moderatorem
1614 618 1889 674 ambiente
1919 635 1932 670 :
1966 628 2079 672 tum
2111 617 2177 670 de
2204 614 2499 684 exemplari
2542 613 2690 682 quod
2737 612 2878 681 apud
2914 627 3011 665 nos
3075 621 3162 665 est
3220 609 3381 678 regiae
3443 611 3714 678 potestatis,

506 737 576 778 ex
610 723 700 777 illo
731 720 969 776 caelestis
1003 718 1151 789 regni
1185 732 1500 789 expressum
1550 716 1879 785 archetypo;
1923 723 1977 768 et
2013 712 2082 767 de
2116 710 2287 764 altero
2323 709 2464 763 falso
2501 716 2557 763 et
2585 707 2929 762 adulterino:
2958 713 3313 773 acpostremo
3354 701 3422 756 de
3483 701 3564 755 his
3617 718 3718 771 qua:

506 828 796 888 utrumque
841 816 1098 885 regnandi
1149 830 1322 884 genus
1390 824 1555 880 atque
1603 808 1909 866 institutum
1975 808 2327 862 comitantur.
2374 806 2454 858 Ab
2499 803 2585 857 bis
2646 801 2811 871 igitur
2844 799 3099 863 oraculis,
3156 797 3301 850 velut
3342 810 3372 849 a
3424 793 3717 864 quibusdam

510 911 894 980 hierophantis
927 909 1105 963 divina
1141 908 1315 961 edocti
1343 907 1627 977 mysteria,
1659 918 1843 960 sacros
1869 915 2147 957 sermones
2178 900 2227 952 in
2257 900 2401 953 hunc
2434 897 2653 956 modum
2688 891 3094 963 aggrediamur.

1136 1001 1362 1056 CAPUT
1404 1003 1442 1054 Ι.

576 1095 675 1152 Est
704 1097 822 1153 haec
851 1096 1070 1166 quidem
1098 1096 1296 1151 summi
1328 1094 1674 1165 imperatoris
1704 1092 1987 1157 festivitas,
2018 1091 2070 1146 in

506 1204 609 1258 qua
647 1191 743 1243 nos
789 1189 877 1257 qui
932 1187 1277 1256 imperatoris
1324 1185 1515 1240 famuli
1551 1202 1759 1252 sumus,
1792 1200 2071 1240 sacrorum

506 1294 813 1335 sermonum
863 1278 1208 1333 documentis
1247 1275 1802 1331 adlati‘exsultamus.
1834 1274 2073 1330 Festivi-

505 1377 635 1429 tatis
681 1380 863 1424 autem
900 1379 1089 1424 auctor
1135 1368 1291 1422 nobis
1325 1378 1380 1423 et
1420 1367 1645 1436 signifer
1693 1374 1775 1421 est
1833 1380 2076 1420 summus

507 1462 623 1532 ipse
650 1463 961 1530 imperator.
998 1459 1290 1513 Maximum
1334 1473 1496 1528 porro
1546 1456 1930 1525 imperatorem
1981 1472 2073 1526 ap-

506 1552 648 1623 pello
684 1567 830 1615 eum,
866 1552 959 1621 qui
1006 1565 1133 1604 vere
1181 1561 1263 1605 est
1309 1549 1596 1603 tnaximus.
1636 1548 1769 1602 Eum
1806 1549 1926 1603 dico
1952 1546 2075 1617 (nec

508 1644 852 1700 succensebit
901 1643 991 1714 qui
1048 1642 1139 1698 hic
1189 1642 1363 1707 adest,
1400 1642 1528 1711 quin
1591 1643 1769 1711 potius
1820 1640 1976 1694 hunc
2011 1640 2077 1695 de

508 1737 794 1792 divinitate
840 1749 1145 1790 sermonem
1188 1735 1302 1803 pari
1359 1734 1642 1788 nobiscum
1678 1732 1860 1788 studio
1900 1747 1964 1786 ac
2002 1730 2077 1784 fa-

509 1842 638 1882 vore
672 1827 1073 1897 prosequetur),
1105 1828 1197 1896 qui
1222 1826 1361 1880 ultra
1399 1826 1652 1880 universa
1677 1824 1962 1891 consistit;
1983 1824 2075 1892 qui

510 1921 751 1975 omnium
780 1934 1026 1976 summus
1057 1928 1140 1973 est
1173 1926 1335 1986 atque
1362 1916 1658 1971 altissimus
1681 1926 1736 1972 et
1759 1917 2075 1971 immensus.

509 2009 608 2067 Cui
642 2010 893 2065 caelestes
943 2010 1157 2079 quidem
1201 2007 1435 2064 fornices
1495 2007 1673 2063 throni
1716 2007 1890 2061 vicem
1941 2021 2077 2075 pra:-

510 2102 677 2168 bent;
708 2111 849 2156 terra
904 2116 1031 2157 vero
1083 2112 1167 2156 est
1222 2116 1318 2172 pro
1360 2099 1600 2156 scabello
1657 2099 1874 2169 pedum.
1903 2099 2079 2168 Atque

512 2193 656 2247 hunc
706 2191 1056 2262 intelligentia
1099 2192 1567 2263 comprehendere
1622 2205 1781 2245 nemo
1839 2204 2077 2260 unquam

508 2281 746 2354 perfecte
791 2284 982 2352 possit.
1034 2283 1244 2353 Quippe
1320 2282 1413 2337 lux
1476 2283 1832 2351 undequaque
1882 2296 1948 2336 ex
2014 2296 2079 2337 eo

509 2351 803 2440 emicans.
838 2351 1207 2443 inexplicabili
1265 2375 1496 2444 quodam
1550 2375 1822 2428 radiorqu
1869 2372 2076 2443 fulgore
2110 2351 2152 2408 Β

509 2478 737 2522 cunctos
792 2466 860 2522 ab
913 2467 1215 2522 divinitatis
1271 2466 1416 2522 illius
1491 2474 1785 2536 conspectu
1843 2465 2073 2534 repellit.

509 2558 664 2614 Circa
696 2559 837 2615 hunc
859 2560 1112 2615 caelestes
1138 2560 1453 2615 discurrunt
1479 2559 1753 2613 exercitus
1785 2576 1798 2612 :
1827 2558 1952 2612 huic
1976 2558 2077 2612 sti-

507 2661 754 2720 patorum
778 2650 1011 2706 oliicium
1043 2652 1304 2706 exhibent
1325 2665 1572 2717 supernze
1591 2658 1911 2719 potestates:
1934 2648 2079 2704 hunc

506 2743 668 2814 605
702 2745 889 2797 herum
919 2755 973 2798 et
1018 2741 1292 2797 dominum
1323 2751 1484 2812 atque
1515 2743 1891 2812 imperatorem
1908 2756 2077 2814 agno-

509 2849 689 2893 scunt.
722 2835 800 2891 Ex
839 2834 953 2904 ejus
980 2835 1272 2906 splendore
1296 2843 1550 2905 tanquam
1583 2848 1649 2888 ex
1683 2834 1911 2903 perenni
1942 2848 2079 2903 quo-

510 2929 632 2982 dam
683 2928 902 2985 luminis
952 2928 1098 2984 fonte
1141 2930 1486 2991 haurientes,
1528 2916 1838 3000 angélortim
1891 2938 1946 2983 et
1992 2943 2081 2982 ar-

511 3020 891 3089 changelorum
939 3018 1368 3074 innumerabiles
1397 3020 1639 3085 ordines,
1675 3028 1730 3073 et
1763 3026 2077 3073 sanctorum

512 3111 801 3179 spirituum
836 3110 987 3164 chori
1023 3110 1431 3165 collustrantur.
1464 3110 1667 3164 Cuncta
1704 3111 1830 3164 item
1853 3109 2077 3176 lumina,

511 3213 578 3254 ac
603 3187 876 3269 principue
906 3199 1088 3254 divina
1123 3201 1211 3253 illa
1248 3210 1411 3270 atque
1443 3199 1835 3254 intellectualia
1858 3199 2079 3268 spirita-

511 3288 643 3344 lium
670 3289 933 3350 luminum
965 3304 1163 3360 genera
1197 3306 1316 3359 quae
1360 3290 1503 3344 ultra
1547 3289 1742 3345 coelum
1791 3289 1948 3346 sedes
1990 3291 2083 3345 ha-

513 3381 665 3443 bent,
694 3395 943 3450 maguum
983 3381 1125 3435 hunc
1169 3381 1556 3449 imperatorem
1589 3381 1812 3436 summis
1841 3396 1906 3436 ac
1936 3379 2078 3437 divi-

517 3471 601 3525 nis
630 3472 855 3527 canticis
885 3473 1180 3528 celebrant.
1219 3473 1428 3529 Caelum
1460 3488 1590 3529 vero
1634 3485 1891 3543 tauquam
1920 3488 2088 3528 caeru-

515 3564 656 3619 leum
704 3565 968 3635 quoddam
1021 3566 1218 3635 velum,
1249 3567 1531 3621 obteusum
1561 3578 1667 3632 est,
1696 3566 1838 3635 quod
1868 3582 1962 3621 eos
1991 3569 2081 3637 qui

2099 999 2146 1054 Α

2692 985 3089 1042 ΚΕΦΑΛΑῙΟΝ
3130 984 3208 1037 A'.

2244 1085 2555 1156 Πανήγυρις
2588 1080 2686 1152 μὲν
2718 1078 2858 1149 αὕτη
2904 1076 3166 1148 βασιλέως
3199 1073 3459 1145 μεγάλου,
3484 1071 3715 1142 χαίρομεν

2172 1177 2217 1230 δ’
2247 1177 2304 1228 ὲν
2343 1176 2479 1246 αὐτῇ
2521 1171 2822 1236 θειάζοντες
2858 1169 3032 1237 λόγων
3078 1165 3237 1238 ἱερῶν
3282 1161 3653 1231 παιδεύμασιν,
3677 1162 3715 1214 οἱ

2175 1265 2441 1339 βασιλικοὶ
2472 1264 2694 1326 παῖδεςο
2734 1258 3020 1332 ὲξάρχειδ
3051 1260 3184 1328 ἡμῖν
3214 1255 3313 1326 τῆς
3349 1252 3560 1325 ἑορτῆς,
3584 1253 3610 1303 ὁ
3646 1251 3718 1322 μέ-

2173 1375 2275 1429 γας
2308 1356 2580 1430 βασιλεύς.
2607 1354 2798 1423 Μέγαν
2828 1354 2872 1407 δ’
2899 1350 3010 1421 ἐγὼ
3042 1348 3263 1421 βασιλέα
3302 1344 3476 1409 καλῶ,
3504 1343 3589 1397 τὸν
3610 1343 3719 1414 ἁλη-

2173 1453 2282 1516 θῶς
2314 1452 2514 1521 μέγαψ
2549 1448 2735 1503 τοῦτον
2779 1446 2824 1500 δ’
2869 1440 3007 1497 εἷναί
3047 1458 3188 1512 φημι
3219 1438 3299 1511 (οὐ
3332 1436 3647 1507 νεμεσσήσει
3672 1435 3717 1487 δὲ

2174 1543 2362 1616 παρὼν
2381 1537 2785 1619 βασιλεὺς,ἀλλά
2796 1537 2884 1594 καὶ
2897 1552 3051 1590 συνευ
3058 1550 3130 1604 φη
3137 1533 3209 1605 μή
3216 1548 3296 1585 σει
3306 1533 3372 1602 τῇ
3385 1527 3638 1598 θεολογίξ)
3648 1526 3719 1581 τον

2175 1637 2433 1691 ἐπέκεινα
2450 1634 2557 1687 τῶν
2576 1633 2732 1695 ὅλων,
2751 1630 2841 1684 τὸν
2864 1629 3079 1682 πάντων
3102 1622 3400 1686 ἀνώτατον,
3415 1620 3504 1672 τὸν
3520 1619 3720 1689 ὑπέρτα-

2173 1746 2284 1794 τον,
2316 1728 2407 1782 τὸν
2448 1724 2818 1798 ὑπερμεγέθη,
2858 1715 2919 1775 οὗ
2951 1718 3130 1790 θρόνοι
3172 1716 3270 1787 μὲν
3311 1713 3414 1784 τῆς
3457 1708 3716 1782 βασιλείας,

2174 1820 2359 1891 ἀψίδες
2372 1819 2629 1891 οὐράνιοι,
2641 1817 2711 1887 γῆ
2727 1816 2785 1869 δὲ
2800 1811 3085 1868 ὑποπόδιον
3100 1807 3264 1863 αὐτοῦ
3280 1806 3389 1859 τῶν
3405 1803 3574 1857 ποδῶν
3591 1820 3603 1833 ·
3619 1801 3719 1855 οὐδέ

2175 1933 2259 1979 τις
2285 1913 2521 1980 ἐπαξίως
2540 1911 2650 1982 (55)
2671 1910 2860 1981 νοῆσαι
2875 1905 3062 1961 τοῦτον
3081 1902 3279 1957 δύναιτ’
3300 1901 3386 1956 ἄν·
3413 1899 3527 1968 φῶς
3544 1898 3583 1950 δ’
3605 1899 3718 1968 ἀμφ’

2176 2006 2334 2061 αὑτὸν
2361 2003 2746 2075 ἀπαστράπτον
2779 2000 3037 2073 ἀρρήτοις
3066 1995 3299 2050 ἀκτίνων
3338 1991 3716 2064 μαρμαρυγαῖς,

2179 2100 2340 2154 παντί
2387 2116 2465 2169 τῳ
2512 2097 2610 2167 τῆς
2659 2092 2823 2149 αὑτοῦ
2869 2091 3121 2162 θεότητος
3165 2087 3423 2158 ἀπείργει
3458 2083 3553 2155 τὴν
3596 2082 3714 2137 θέαν.

2178 2188 2380 2245 Τοῦτον
2414 2186 2660 2257 στρατιαὶ
2689 2180 3071 2253 περιπολοῦσιν
3105 2177 3368 2248 ούράνιοι,
3398 2170 3718 2243 δορυφοροῦσι

2179 2283 2224 2336 δ’
2267 2280 2625 2352 ὑπερκόσμιοι
2674 2274 2950 2346 δυνάμεις,
2998 2270 3089 2325 τὸν
3139 2267 3299 2321 αὐτὸν
3354 2263 3611 2334 δεσπότην
3643 2262 3717 2314 καὶ

2180 2371 2367 2441 κύριον
2405 2369 2498 2423 καὶ
2525 2365 2746 2438 βασιλέα
2771 2362 3130 2434 γνωρίζουσαι
3150 2375 3163 2388 ·
3185 2355 3434 2426 ἀγγέλων
3465 2370 3525 2406 τε
3548 2352 3717 2422 ἄπειρα

2178 2461 2380 2532 πλήθη,
2413 2458 2590 2514 θίασοι
2615 2475 2675 2511 τε
2705 2453 3080 2527 ἀρχαγγέλων,
3110 2450 3206 2503 καὶ
3230 2445 3555 2518 πνευμάτων
3577 2443 3716 2511 ἁγίων

2177 2555 2347 2627 χοροὶ,
2390 2552 2496 2607 τῶν
2528 2550 2665 2623 ἀμφ’
2701 2549 2860 2602 αὐτὸν
2907 2542 3285 2617 μαρμαρυγῶν
3310 2538 3504 2609 ὥσπερ
3531 2536 3585 2601 ἐξ
3621 2537 3718 2589 ἀεν-

2177 2647 2320 2700 νάων
2383 2643 2558 2715 φωτὸς
2616 2639 2808 2712 πηγῶν
2871 2636 3226 2709 ἀρυτόμενοι,
3294 2628 3714 2699 καταυγάζονται.

2177 2737 2336 2792 Φῶτά
2359 2754 2420 2790 τε
2443 2735 2638 2800 πάντα,
2671 2733 2766 2787 καὶ
2788 2729 2976 2801 φώτων
3000 2727 3303 2799 ἀσωμάτων
3330 2727 3451 2778 θεῖα
3472 2724 3560 2777 καὶ
3586 2721 3715 2792 νοερὰ

2179 2831 2334 2904 γένη,
2364 2830 2454 2886 τὸν
2490 2828 2746 2885 ἐπέκεινα
2784 2826 2960 2898 χῶρον
2994 2822 3223 2896 ούρανοῦ
3254 2818 3510 2890 λαχόντα,
3542 2814 3623 2868 τὸν
3648 2811 3718 2882 μὲ-

2179 2944 2282 2996 γαν
2335 2923 2555 2996 βασιλέα
2602 2920 2712 2993 (56)
2774 2922 2886 2985 τοῖς
2939 2917 3196 2972 ἀνωτάτω
3242 2915 3342 2968 καὶ
3399 2908 3715 2980 θεοπρεπέσιν

2181 3017 2369 3090 ὕμνοις
2417 3015 2762 3087 γεραίρουσι·
2824 3010 2985 3081 μέσος
3026 3008 3071 3062 δ’
3124 3005 3527 3079 ἀμφιϐέὸληται
3576 3000 3714 3073 μέγας

2178 3110 2406 3184 οὐρανὸς
2434 3108 2817 3181 περιπέτασμα
2842 3104 3086 3165 κυάνεον,
3115 3104 3242 3165 τοὺς
3268 3100 3448 3163 ἐκτὸς,
3483 3097 3583 3151 τῶν
3612 3092 3715 3148 εἰσιν

2183 3200 2474 3270 βασιλικῶν
2519 3198 2680 3253 οἴκων
2722 3197 2989 3268 διεῖργον·
3044 3193 3185 3264 ἀμφὶ
3234 3192 3293 3246 δὲ
3348 3190 3534 3246 τοῦτον
3573 3187 3638 3249 ὡς
3669 3188 3713 3237 ὲν

2184 3295 2470 3367 βασιλείοις
2499 3291 2788 3364 προθύροις
2822 3286 3173 3362 περιπολοῦσι
3212 3282 3588 3356 δᾳδουχοῦντες
3609 3277 3711 3345 (37).

2179 3386 2327 3458 ἥλιος
2355 3385 2449 3439 καὶ
2478 3383 2670 3453 σελήνη
2705 3382 2797 3435 καὶ
2827 3378 2892 3432 τὰ
2927 3379 3046 3433 κατ’
3079 3375 3305 3448 οὐρανὸν
3338 3372 3609 3444 φωσφόρα,
3642 3368 3713 3421 τὶν

2183 3476 2405 3549 βασιλέα
2446 3473 2731 3546 τιμῶντες,
2762 3469 2926 3525 αὐτοῦ
2959 3487 3017 3523 τε
3052 3468 3281 3539 νεύματι
3307 3467 3408 3520 καὶ
3437 3464 3590 3534 λόγῳ,
3626 3464 3713 3522 τοῖς

2179 3570 2271 3623 τὸν
2315 3568 2522 3622 σκότιον
2571 3565 2674 3631 ἔξω
2723 3562 2976 3635 λαχοῦσιν
3034 3560 3264 3632 ούρανοῦ
3322 3558 3517 3632 χῶρον,
3570 3554 3713 3624 φωτὸς

515 3667 671 3711 extra
724 3658 881 3725 positi
919 3666 1077 3721 sunt,
1119 3658 1186 3712 ab
1234 3656 1339 3710 illis
1366 3656 1458 3726 qui
1507 3656 1559 3710 in
1610 3658 1752 3727 regia
1799 3666 2076 3711 versantur

2183 3660 2475 3723 ἀσϐέστους
2512 3657 2834 3724 ἐξάπτοντες
2878 3655 3187 3726 λαμπάδας.
3235 3652 3441 3707 Τοῦτον
3472 3650 3617 3722 ἡμῶν
3640 3649 3701 3701 ca

513 3748 765 3805 secludit.
796 3750 952 3805 Circa
977 3750 1078 3804 hoc
1107 3764 1211 3804 non
1254 3763 1413 3803 secus
1441 3762 1506 3801 ac
1537 3745 1787 3816 lapidarii
1824 3748 1879 3802 in
1916 3748 2083 3818 impe-

515 3840 664 3896 rialis
724 3841 908 3911 palatii
944 3841 1228 3897 vestibulis
1280 3844 1598 3899 discurrunt
1625 3839 1707 3895 sol
1735 3849 1792 3894 et
1831 3838 1983 3905 luna,
2018 3854 2082 3895 ac

515 3933 722 4004 reliqua
749 3934 875 3989 ειειί
906 3933 1237 3990 luminaria:
1262 3944 1317 3988 et
1346 3948 1469 3988 cum
1503 3933 1886 4003 imperatorem
1910 3930 2080 4001 ipsum

516 4110 602 4165 liis
637 4112 815 4166 verbis
845 4128 872 4182 ε
886 4110 992 4164 Τοῦ
1025 4111 1080 4182 δὲ
1109 4111 1427 4182 ἱεροφάντου
1455 4110 1574 4182 κατ’
1604 4111 1809 4182 ἐκεῖνον
1836 4110 1927 4182 τὸν
1963 4109 2084 4182 χρό-

520 4126 602 4165 uls
637 4126 815 4166 verbis
845 4128 859 4165 :
887 4126 992 4164 ἰόυ
1025 4126 1080 4164 οε
1110 4126 1427 4182 ιεροφαντου
1455 4126 1572 4164 κατ’
1604 4126 1809 4164 εκεινον
1836 4126 1927 4163 τον
2033 4126 2080 4163 ο-

514 4197 626 4252 νον,
657 4182 805 4243 ὅστις
843 4177 911 4252 ἦν
966 4180 1221 4252 τοῦνομα,
1253 4181 1312 4234 ού
1343 4199 1429 4252 μοι
1465 4180 1621 4251 θέμις
1671 4180 1849 4252 λέγειν
1870 4197 1883 4210 ·
1909 4126 2080 4252 ἐτέλει

514 4251 623 4322 γὰρ
649 4251 739 4303 τὸν
767 4245 933 4305 ταῦτα
966 4245 1263 4322 γράφοντα,
1299 4245 1393 4304 κάι
1448 4245 1889 4322 είςἘὺμολπίδας
1930 4245 2031 4322 ἦγε
2061 4267 2077 4306 :

492 4319 723 4373 'Ndmen
754 4338 873 4373 vero
924 4319 1037 4390 ejus
1095 4324 1182 4389 qui
1223 4333 1344 4374 tunc
1372 4333 1483 4374 erat
1533 4319 1892 4385 ItierOphanta,
1931 4319 2078 4386 nefas

516 4390 642 4442 mihi
692 4398 769 4443 est
817 4390 1023 4459 e/ferre,
1057 4403 1326 4458 propterea
1355 4392 1495 4459 quod
1522 4408 1603 4442 me
1631 4390 1720 4457 qui
1750 4389 1858 4459 haec
1886 4391 2075 4459 scribo,

516 4462 682 4513 sacris
736 4458 984 4524 initiavit,
1026 4470 1074 4515 et
1124 4462 1261 4513 inter
1316 4460 1662 4528 Eumolpidas
1710 4458 1908 4513 retulit.
1937 4458 2076 4512 Idem

518 4537 745 4599 testatur
760 4528 1047 4594 Lucianus,
1067 4545 1158 4584 seu
1177 4532 1299 4599 quis
1314 4530 1450 4584 alius
1465 4543 1674 4587 auctor,
1691 4529 1742 4581 in
1762 4528 2077 4595 Lexiphane;

518 4599 609 4651 ubi
658 4598 1062 4670 Megalonymus
1088 4598 1305 4668 quidam
1345 4600 1692 4654 Atheniensis
1737 4600 1813 4652 ait
1855 4614 1912 4653 se
1949 4613 2074 4670 cum

517 4666 770 4739 egressus
819 4666 963 4723 esset
1000 4666 1158 4724 domo
1198 4670 1414 4725 visurus
1467 4670 1859 4739 magistratum.
1904 4666 2079 4722 otfen-

518 4738 661 4809 disse
686 4739 1071 4809 daduchtiinet
1101 4739 1529 4809 hiemphantam,
1564 4738 1619 4792 et
1645 4738 1780 4792 alios
1798 4753 2077 4792 sacrorum

517 4806 815 4877 ministros,
843 4809 930 4877 qui
984 4808 1190 4863 Diniam
1222 4806 1276 4862 in
1306 4810 1394 4877 jus
1420 4809 1729 4871 trahebant,
1758 4816 2078 4862 accusantes

516 4875 811 4943 hominem,
847 4875 987 4947 quod
1021 4880 1162 4947 ipsos
1195 4875 1412 4947 proprio
1465 4879 1682 4932 nomine
1725 4878 2072 4946 appellasset,

517 4960 639 4999 cum
698 4946 1049 5002 nefas'esset
1105 4962 1198 5001 eos
1245 4946 1462 5016 preprio
1510 4948 1726 5002 nomine
1781 4948 2073 5015 appellare,

2186 3751 2356 3822 μέγαν
2408 3748 2627 3820 βασιλέα
2664 3746 2918 3818 Χριστὸν,
2965 3745 3058 3798 καὶ
3107 3744 3265 3798 αὑτὸν
3302 3744 3400 3797 τὸν
3449 3741 3689 3796 καλλίνικε

2181 3842 2337 3914 ἡμῶν
2365 3840 2585 3913 βασιλέα
2614 3839 2869 3910 ἀνυμνεῖν
2896 3836 3317 3909 συνῃσθημένος,
3349 3832 3411 3889 εὖ
3440 3834 3573 3904 μάλα
3598 3828 3711 3885 δοκῶ

2184 3951 2274 4005 μοι
2306 3935 2478 3987 ποιεῖν
2500 3931 2634 4003 (58),
2673 3930 2768 3985 ἆτε
2791 3930 2892 4001 τῆς
2919 3928 3196 4001 βασιλείας
3218 3929 3352 4000 ἡμῖν
3379 3927 3559 3982 τοῦτον
3584 3925 3709 3996 μόνον

2181 4110 2293 4176 chi,
2340 4110 2528 4181 primae
2585 4118 2694 4181 tres
2748 4108 3120 4179 inscribuntur
3177 4107 3552 4181 hierophqntw.
3601 4103 3707 4160 Cum

2179 4183 2324 4236 enim
2343 4178 2589 4245 Vulerque
2622 4179 2837 4233 illorum
2869 4178 3091 4234 Athenis
3120 4181 3365 4233 initiatus
3410 4178 3607 4245 fuisset,
3636 4188 3707 4227 nev

2181 4252 2261 4305 fas
2288 4251 2471 4320 habuit
2505 4251 2921 4320 hierophantam
2961 4249 3427 4320 proprionomine
3455 4244 3704 4320 appellare.

2250 4322 2364 4392 (55)
2420 4319 2572 4392 vulg.
2625 4315 2855 4392 οῖὺδξ-εζ
2926 4315 3012 4386 τὶς
3061 4315 3704 4392 ἐπαξίῳςκδρςίὺεηάυηι

2180 4386 2393 4445 videtur
2411 4386 2605 4444 οὐδ’άν
2630 4408 2731 4454 τις.
2757 4388 2981 4445 Videtur
2999 4402 3176 4442 tamen
3201 4388 3404 4456 aliquid
3428 4386 3511 4439 hic
3533 4388 3704 4456 deesse.

2181 4461 2236 4515 In
2286 4461 2472 4515 codice
2515 4460 2650 4516 Fuk.
2704 4461 2961 4515 scribitur
2999 4460 3120 4513 οὐδέ
3151 4476 3233 4523 τις
3276 4453 3514 4523 ἐπαξίως
3552 4453 3706 4523 νοῆσαι

2176 4530 2370 4585 τοῦτον
2399 4530 2597 4583 δύναιτ’
2628 4531 2714 4596 ἄν,
2747 4540 2912 4584 recte.

2247 4599 2358 4667 (56)
2376 4598 2541 4672 qulg.
2563 4596 2671 4653 τὸν
2694 4600 3156 4672 μέγανβασιλέα
3171 4599 3442 4672 Χριστόν.
3463 4595 3705 4672 Postrema

2177 4684 2282 4724 vox
2306 4664 2526 4724 delenda
2568 4681 2673 4723 cst.
2694 4664 2829 4736 Quae
2859 4672 3002 4722 enim
3026 4664 3284 4723 hactenus
3305 4669 3441 4739 dixit
3462 4664 3703 4739 Eusebius,

2177 4754 2287 4794 non
2312 4741 2378 4794 de
2401 4739 2640 4803 Christo,
2676 4741 2767 4794 sed
2802 4740 2868 4793 de
2899 4739 3008 4793 Deo
3034 4738 3193 4793 Patre
3224 4737 3380 4799 dixit,
3417 4738 3498 4791 cui
3524 4737 3704 4803 proprie

2178 4809 2550 4863 monarchiam
2606 4819 2831 4879 veteres,
2857 4808 3088 4879 theologi
3144 4809 3462 4879 tribuerunt.
3504 4804 3626 4879 _Se_d_
3662 4808 3704 4879 et

2178 4880 2455 4948 sequentia
2489 4878 2773 4933 manifeste
2802 4878 3020 4942 docent,
3039 4871 3167 4932 haec
3210 4893 3315 4931 non
3348 4876 3450 4948 dici
3487 4876 3547 4928 de
3575 4871 3704 4926 Chri-

2178 4946 2280 5004 sto.
2319 4948 2376 5002 Si
2427 4949 2513 5003 cui
2568 4959 2748 5018 tamen
2800 4948 2989 5018 religio
3030 4956 3112 5002 est
3162 4946 3365 5015 aliquid
3412 4954 3701 5013 expungere.

515 5024 890 5088 posteaquam
911 5019 1206 5088 consecrati
1242 5018 1469 5088 fuerant
1503 5035 1517 5071 :
1553 5017 1805 5088 ἐγκλημα
1839 5017 2069 5088 επάγον-

2177 5029 2297 5088 post
2327 5032 2515 5073 vocem
2566 5016 2787 5088 βασιλέα
2830 5016 3228 5073 distinctionem
3261 5030 3523 5086 apponere
3567 5024 3701 5088 opor-

514 5087 745 5156 τας,-ὂτι
788 5085 1063 5156 ὠνόμαζεν
1092 5087 1287 5150 αὐτούς
1306 5104 1319 5118 ο
1363 5089 1456 5141 καὶ
1491 5086 1661 5141 ταῦτα
1691 5085 1750 5143 εὖ
1791 5085 1963 5151 εἰδὼς,
1986 5087 2068 5140 ὅτι

517 5154 578 5228 ἐξ
603 5152 771 5228 οὗπερ
793 5152 1153 5228 ὡσιώθησαν,
1184 5156 1454 5228 ἀνώνυμοί
1486 5157 1547 5210 τέ
1593 5161 1720 5222 εἱσι,
1754 5157 1847 5209 καὶ
1888 5157 2069 5209 οὐκέτι

515 5225 821 5297 ὀνομαστοί.
850 5225 1163 5296 Quanquam
1186 5225 1454 5281 Lucianus
1481 5229 1598 5295 plus
1622 5230 1752 5282 dicit
1776 5242 1943 5297 quam
1972 5227 2071 5280 Eu-

2176 5082 2328 5151 iebit,
2366 5097 2425 5140 ut
2448 5082 2637 5142 sensus
2659 5088 2730 5141 sit
2756 5088 2919 5141 Deum
2948 5088 3183 5150 Patrem,
3207 5082 3473 5140 summum
3496 5082 3698 5151 omniurn

2170 5147 2395 5227 Regem,
2435 5167 2547 5227 tum
2577 5173 2608 5211 a
2636 5158 2876 5219 Christo,
2914 5166 3025 5210 tum
3060 5173 3088 5210 a
3118 5147 3469 5227 constantiae
3502 5147 3701 5227 hymnis

2172 5220 2455 5283 celébrari.
2491 5226 2637 5282 Idem
2667 5227 2813 5281 enim
2847 5229 2914 5282 de
2951 5227 3167 5282 Christo
3227 5225 3369 5280 infra
3415 5222 3541 5279 dicit
3556 5220 3703 5274 Euse-

516 5296 727 5363 napius.
750 5297 1195 5367 'Nairtrliunapius
1215 5298 1428 5367 quidem
1470 5298 1534 5351 iis
1563 5298 1824 5367 duntaxat
1857 5296 2073 5367 quiﬂsa-
2171 5299 2293 5354 hius
2328 5307 2525 5367 noster.

518 5368 655 5436 crati
713 5368 852 5436 apud
898 5366 1200 5421 Eleusinum
1234 5366 1488 5429 fuissent,
1539 5366 1692 5420 nefas
1737 5367 1905 5420 fuisse
1937 5366 2073 5420 dixit

2244 5368 2355 5438 (⁵7)
2385 5364 2853 5448 Δᾳδουχοῦνςτες.
2888 5365 3177 5448 Eleganter
3205 5360 3699 5448 Ettsebius‘solem_e§

517 5432 925 5505 hierophantam
957 5436 1104 5489 illum
1132 5453 1162 5490 a
1194 5451 1300 5506 quo
1345 5450 1499 5490 sacra
1543 5447 1912 5505 susceperant,
1950 5450 2076 5504 pro-
2174 5432 2356 5491 lunam
2401 5432 2679 5505 comparat
2719 5432 3067 5506 lampadariis
3117 5451 3211 5491 seu
3261 5432 3597 5506 cursor_ibus,_
3624 5437 3698 5495 qm

517 5507 638 5584 prio
665 5508 881 5584 nomine
908 5507 1200 5584 appellare.
1225 5506 1495 5584 Ludimus
1517 5506 1923 5584 veropmnibus
1943 5520 2070 5584 pro:

2177 5505 2490 5575 imperatori
2525 5497 2717 5573 praeire
2743 5497 3139 5562 consueverant
3165 5522 3286 5560 cum
3309 5504 3478 5559 cereis
3506 5512 3557 5555 et
3583 5497 3697 5551 lam-

519 5574 723 5647 miscue
759 5575 811 5647 id
837 5574 1056 5647 vetitum
1099 5574 1262 5632 fuisse
1302 5574 1555 5647 afﬁrmat.
1603 5574 1737 5631 Hinc
1783 5586 1868 5647 est
1920 5574 2062 5647 quod
2165 5574 2421 5647 pedibus,
2445 5585 2504 5647 ut
2540 5577 2723 5647 notavi
2750 5577 2824 5647 ad
2877 5578 3058 5647 Amm.
3092 5575 3483 5647 Marcellinum.

520 5641 940 5712 interiepistelas
985 5644 1220 5712 Libanii,
1266 5646 1507 5712 quaedam
1538 5646 1787 5712 leguntur
1807 5646 1910 5700 hoc
1934 5641 2062 5700 iitu-

520 5662 664 5695 mter
687 5662 940 5711 epISlOlaS
985 5662 1220 5712 hmanu,
1304 5662 1507 5701 uzeuam
1539 5662 1787 5712 teguntur
1807 5662 1910 5700 noc
1934 5662 2060 5700 tttu—

520 5709 684 5784 ιοττῷ
713 5712 1022 5786 ἱεροφάντῃ.
1055 5716 1118 5769 Et
1162 5718 1217 5770 in
1248 5662 1339 5770 lii).
1369 5730 1402 5771 v
1432 5715 1777 5784 epistolarum
1813 5714 2060 5791 Symma-

2237 5645 2347 5727 _(58)
2387 5633 2641 5727 Vylgzsﬁ
2678 5643 2845 5727 μείλα
2891 5644 3088 5727 δοκῶγ
3111 5645 3324 5727 ποιεῖν.

2166 5705 2376 5772 videtur
2418 5705 2561 5770 δοιῖῶ
2601 5705 2797 5782 ποῖεἰν,
2842 5729 3005 5786 quam
3060 5715 3343 5773 lectiouetn
3392 5713 3449 5768 in
3478 5705 3691 5763 versione
