3926 6264
293 341 424 400 1521

1424 337 1510 391 DE
1548 335 1894 392 LAUDlBUS
1933 318 2416 393 consumunt.

3405 337 3542 391 £523

288 464 448 526 εἰδὼς
489 455 688 516 αἴτιον
737 459 923 514 τοῦτον
972 459 1065 514 καὶ
1109 459 1340 530 φιλόθεοι
1369 459 1644 530 Καίσαρες
1678 460 1858 530 πγὴν

1967 459 2207 528 impense
2230 466 2579 522 venerantur,
2607 465 2717 510 tum
2751 472 2816 511 ex
2842 455 2962 524 ejus
2987 465 3117 510 nutu
3150 471 3216 510 ac
3246 468 3538 525 prrecepto,

290 556 550 611 ἁπάντων
595 552 814 624 ἀγαθῶν
857 550 994 608 εἶναι
1058 551 1421 624 γνωρίζουσι,
1477 551 1744 622 πατρόθεν
1803 549 1863 603 τὺ

291 647 524 719 μάθημα
575 647 991 720 παρειληφότες’
1029 645 1215 699 τοῦτον
1261 645 1633 716 στρατοπέδων
1677 644 1860 714 δῆμοι,

287 740 407 794 λαοὶ
432 739 779 812 παμπληθεῖς
801 737 942 793 κατά
962 736 1144 810 χώρας
1174 739 1266 791 καὶ
1296 738 1437 790 κατά
1463 735 1664 800 πόλεις,
1695 735 1862 788 ἐθνῶν

285 841 346 880 τε
373 827 631 897 ἄρχοντες
657 825 1126 898 ἐκκλησιάζοντες,
1154 824 1485 889 εὐσεϐοῦσιν,
1517 824 1620 877 ὑπὸ
1647 824 1865 895 μεγάλῳ

289 917 505 990 Σωτῆρι
548 919 642 972 καὶ
688 919 988 990 διδασκάλῳ
1019 919 1128 990 (59)
1164 917 1574 989 παιδευόμενοι·
1604 916 1738 970 ἀλλά
1771 919 1866 972 καὶ⁵

287 1011 400 1064 πᾶν
433 1010 643 1082 ἀθρόως
681 1010 839 1079 γένος
886 1011 1208 1083 ἀνθρώπων,
1238 1010 1364 1082 ἔθνη
1412 1014 1659 1078 παντοῖα,
1701 1012 1864 1082 φυλαὶ

285 1104 385 1158 καὶ
411 1104 671 1174 γλῶσσαι,
707 1108 856 1178 κοινῇ
887 1122 945 1158 τε
983 1106 1181 1168 πάντες
1210 1102 1344 1176 ὁμοῦ
1378 1104 1470 1157 καὶ
1498 1104 1638 1158 κατά
1677 1106 1862 1177 μέρος,

281 1200 407 1261 ταῖς
437 1198 682 1268 γνώμαις
724 1198 1008 1263 διεστῶτες
1044 1197 1113 1252 τὰ
1143 1197 1295 1260 ἄλλα,
1335 1197 1475 1251 κατά
1503 1198 1668 1270 μόνην
1705 1200 1864 1271 τήνδε

288 1289 643 1359 συμφωνοῦσι
666 1288 762 1360 τὴν
787 1288 1097 1359 ὁμολογίαν,
1142 1288 1350 1342 τὸν-ἕνα
1386 1291 1479 1342 καὶ
1523 1290 1682 1361 μόνον
1727 1292 1866 1360 λογι,

288 1383 453 1449 σμοῖς
479 1379 760 1449 ὲμφύτοις,
792 1380 1122 1452 αὐτομαθέσι
1148 1398 1206 1434 τε
1233 1382 1325 1434 καὶ
1348 1381 1743 1446 αύτοδιδάκτοις
1774 1385 1863 1436 ἐν-

284 1470 460 1534 νοίαις
493 1471 921 1536 θεοκλυτοῦντες.
955 1471 1020 1525 Τί
1049 1472 1124 1537 δ’;
1152 1473 1270 1542 οὐχ),
1299 1473 1390 1526 κα)⁴
1416 1474 1476 1526 τὸ
1509 1475 1616 1526 πᾶν
1643 1474 1740 1545 τῆς
1764 1475 1866 1545 γῆς

292 1566 556 1633 στοιχεῖον
599 1564 758 1617 αὑτὸν
808 1563 1070 1634 δεσπότην
1113 1565 1386 1636 γνωρίζει,
1433 1550 1551 1629 τοῖς
1588 1564 1647 1633 ἐξ
1699 1567 1866 1637 αὐτῆς

287 1653 688 1724 ἀναδιδομένοις
717 1653 1056 1726 βλαστήμασί
1101 1671 1160 1707 τε
1192 1656 1285 1708 καὶ
1312 1655 1491 1720 ζώοις,
1519 1656 1618 1728 τὴν
1647 1656 1781 1728 πρὸς
1807 1657 1868 1711 τὸ

284 1745 465 1817 νεῦμα
505 1747 600 1800 τοῦ
645 1747 948 1819 κρείττονος
984 1747 1096 1819 (40)
1131 1749 1408 1820 ὑποταγὴν
1446 1749 1864 1819 ένδεικνυμένη;

286 1839 490 1892 Τοῦτον
513 1841 607 1893 καὶ
630 1839 888 1911 ποταμῶν
914 1842 1032 1912 ῥοαὶ
1056 1841 1160 1913 πλη
1172 1859 1283 1912 μμυ
1291 1841 1479 1912 ροῦσαι
1502 1843 1615 1904 τοῖς
1639 1843 1862 1912 νάμασι,

286 1931 484 2001 πηγῶν
512 1949 570 1984 τε
596 1931 703 1985 τῶν
737 1931 796 1996 ἐξ
847 1932 1059 1997 αἰῶνος,
1105 1933 1283 2004 βυθῶν
1327 1932 1569 2005 ἀπείρων
1602 1931 1712 2004 (41)
1741 1933 1863 1985 ἀεν-

283 2022 431 2075 νάων
459 2023 801 2093 πηγάζουσαι
821 2025 1021 2098 ῥύσεις,
1039 2027 1137 2098 τῆς
1157 2026 1395 2098 ἀρρήτου
1423 2025 1864 2096 θαυματουργίας

284 2114 686 2186 ἐπιγράφονται
738 2115 940 2169 αἴτιον·
982 2117 1141 2170 αὐτὸν
1189 2119 1281 2170 καὶ
1323 2116 1588 2186 θαλάττης
1641 2115 1864 2169 ἄϐυσσοι

285 2203 538 2274 βένθεσιν
587 2205 834 2278 ἀπείροις
884 2206 1353 2278 ἐγκεκλεισμέναι·
1411 2205 1755 2278 κυρτούμενά
1802 2223 1860 2258 τε

285 2296 530 2368 κύματα,
570 2297 817 2370 μετέωρα
859 2299 938 2362 είς
972 2297 1105 2368 ὕψος
1136 2299 1400 2371 αἰρόμενα
1435 2298 1548 2370 (42)
1579 2299 1672 2351 καὶ
1703 2297 1865 2367 φόϐον

287 2390 617 2444 ἀπειλοῦντα
643 2393 734 2462 τῇο
758 2394 852 2463 γῇ,
880 2391 1070 2462 μέχρις
1097 2391 1275 2444 αὐτῶν
1300 2391 1561 2461 αεγιαλῶν
1587 2391 1864 2464 προϊόντα,

285 2482 542 2553 πτήσσει,
569 2483 795 2554 νεύματι
817 2483 959 2537 θείου
986 2485 1152 2554 νόμου
1183 2484 1562 2556 πεπεδημέναο
1589 2485 1750 2539 αὑτὸν
1771 2485 1866 2538 καὶ

283 2575 578 2648 χειμερίων
611 2576 831 2650 ὄμϐρων
865 2577 1252 2649 μεμετρημένα
1288 2577 1558 2648 ῥεύματα,
1586 2577 1782 2631 κτύποι
1806 2594 1864 2630 τε

286 2666 527 2739 βροντῶν
556 2671 650 2723 καὶ
682 2669 976 2740 ἀστραπῶν
1001 2669 1358 2742 λαμπηδόνες,
1400 2671 1782 2742 παλίνστροφοί
1803 2687 1864 2724 τε

282 2763 502 2834 ἀνέμων
535 2763 710 2834 ῥιπαὶ,
745 2763 922 2833 νεφῶν
953 2781 1012 2817 τε
1052 2764 1282 2836 διαέριοι
1325 2767 1558 2837 πορεῖαι,
1607 2767 1720 2828 τοῖς
1764 2764 1864 2838 τὴν

284 2853 450 2907 αὑτοῦ
485 2853 612 2907 θέαν
650 2855 934 2908 αὐτοπτείν
964 2854 1072 2924 (4'5)
1111 2855 1412 2919 ἀδυνάτοις,
1446 2856 1859 2928 προφαίνουσινσ

281 2944 424 3000 ἀλλά
469 2947 563 2999 καὶ
591 2947 620 2998 ὁ
649 2947 916 3018 παμφαὴς
956 2947 1105 3017 ἥλιος
1152 2947 1240 3000 τὸν
1282 2948 1490 3020 μακρὸν
1518 2947 1689 3001 αἰῶνα
1726 2947 1865 3000 δολι-

295 3035 473 3106 χεύων
499 3076 514 3102 ,
573 3037 731 3110 μόνον
788 3039 950 3092 αὐτὸν
1005 3035 1112 3091 οἶδε
1130 3037 1352 3109 Κύριον,
1378 3037 1540 3092 αὐτοῦ
1561 3056 1620 3091 τε
1639 3038 1861 3110 νεύματι

1965 550 2188 603 semotis
2226 564 2256 602 a
2284 549 2423 604 caelo
2452 556 2508 602 et
2537 547 2827 602 obscuram
2853 546 3126 616 regionem
3152 548 3536 616 incolentibus,

1966 639 2274 697 inexstincti
2308 640 2525 693 luminis
2551 637 2696 692 faces
2736 638 2994 707 praebent.
3029 637 3180 692 ﬂtutc
3205 653 3334 710 ergo
3363 643 3538 694 maxi-

1967 747 2112 786 mum
2148 733 2527 801 imperatorem
2560 745 2589 784 a
2610 729 2828 786 Victore
2845 739 3034 785 nostro
3054 730 3297 800 Augusto
3316 732 3536 800 hymnis

1965 839 2180 895 quoque
2228 825 2495 881 celebrari
2542 826 2795 881 conscius
2837 841 2959 880 cum
3008 827 3146 888 sltn,
3198 836 3345 879 recte
3399 824 3530 878 mihi

1966 912 2147 971 facere
2171 917 2392 983 videor;
2427 917 2626 986 quippe
2652 917 2742 984 qui
2789 916 2955 970 sciam
2995 917 3135 970 hunc
3179 932 3340 969 unum
3373 915 3540 984 impe-

1965 1011 2035 1066 rii
2056 1011 2210 1065 nobis
2229 1019 2509 1066 auctorem
2534 1026 2675 1066 esse.
2700 1010 2852 1065 Hunc
2880 1009 3041 1064 etiam
3063 1010 3152 1065 Dei
3177 1009 3539 1065 amantissimi

1965 1103 2212 1159 Cmsares
2239 1102 2480 1157 omnium
2533 1104 2798 1156 bonorum
2847 1100 3046 1155 fontem
3091 1110 3432 1170 agnoscunt,
3462 1103 3536 1157 ita

1967 1198 2176 1253 scilicet
2214 1213 2244 1250 a
2278 1209 2501 1266 parente
2555 1210 2652 1250 suo
2710 1194 2965 1250 instituti.
3027 1193 3184 1248 llunc
3232 1194 3540 1257 exercitus,

1968 1290 2148 1362 populi
2178 1305 2241 1344 ac
2288 1288 2456 1342 turbae
2483 1298 2590 1341 tam
2626 1287 2676 1341 in
2732 1287 2882 1356 agris
2915 1301 3075 1355 quam
3109 1286 3164 1339 in
3200 1286 3457 1348 urbibus,
3484 1295 3540 1339 et

1969 1391 2210 1437 rectores
2263 1378 2661 1448 provinciarum
2721 1378 2776 1430 in
2829 1377 3114 1431 ecclesiam
3153 1376 3541 1430 convenientes

1968 1475 2071 1530 rite
2099 1473 2302 1539 colunt,
2335 1487 2365 1526 a
2399 1486 2592 1541 magno
2623 1471 2913 1525 Servatore
2945 1480 2999 1524 et
3029 1471 3290 1538 magistro
3319 1470 3542 1524 eruditi.

1969 1564 2210 1634 Denique
2257 1565 2568 1618 universum
2597 1562 2763 1618 simul
2803 1563 3083 1617 hominum
3115 1577 3307 1632 genus,
3352 1574 3544 1630 gentes

1969 1673 2178 1726 omnes,
2215 1659 2392 1714 tribus
2442 1667 2498 1712 et
2545 1657 2760 1726 linguae,
2793 1666 2848 1711 et
2895 1665 3003 1710 tam
3048 1657 3102 1710 in
3158 1673 3326 1712 unum
3370 1658 3540 1711 coacti

1970 1767 2177 1817 omnes,
2209 1766 2374 1821 quam
2421 1764 2671 1805 seorsum
2712 1749 2894 1818 positi,
2952 1749 3079 1803 licet
3111 1750 3164 1802 in
3213 1749 3336 1803 aliis
3383 1751 3545 1804 rebus

1967 1846 2112 1900 inter
2138 1860 2197 1899 se
2229 1842 2582 1906 dissentiant,
2609 1842 2664 1896 in
2698 1841 2801 1895 hac
2833 1848 3013 1895 tamen
3046 1840 3161 1895 sola
3203 1841 3545 1896 confessione

1965 1935 2312 1991 consentiunt
2338 1951 2352 2000 ;
2393 1933 2538 1988 hunc
2565 1947 2730 1987 unum
2765 1947 2829 1986 ac
2855 1931 3053 1995 solum,
3073 1932 3302 1986 naturali
3335 1933 3544 1987 ratione

1965 2037 2018 2084 et
2052 2026 2366 2082 nationibus
2400 2026 2504 2081 sibi
2536 2025 2714 2081 insitis
2752 2039 2852 2078 nec
2891 2024 3056 2078 ullius
3087 2025 3400 2094 magisterio
3430 2039 3542 2078 tra-

1967 2121 2113 2185 ditis,
2166 2121 2485 2175 invocantes
2517 2119 2707 2173 Deum.
2749 2117 2891 2184 Quid
2942 2118 3107 2172 totius
3143 2126 3304 2173 terrae
3351 2119 3540 2186 moles,

1966 2226 2144 2267 nonne
2172 2210 2322 2264 illum
2356 2209 2644 2264 Dominum
2675 2207 2946 2278 agnoscit,
2967 2209 3301 2278 germinibus
3343 2219 3398 2262 et
3424 2211 3545 2263 ani-

1966 2305 2199 2359 malibus
2241 2319 2308 2358 ex
2363 2317 2423 2357 se
2482 2302 2832 2357 nascentibus
2877 2309 3068 2368 aperte
3127 2301 3443 2365 declarans,
3484 2317 3546 2357 se

1967 2407 2222 2466 tanquam
2254 2396 2320 2450 ad
2347 2395 2576 2466 potioris
2601 2405 2786 2450 nutum
2831 2394 3228 2464 imperiumque
3258 2395 3547 2450 famulari?

1966 2489 2123 2544 llunc
2153 2499 2208 2544 et
2251 2487 2533 2543 ﬂuminum
2569 2503 2792 2553 cursus,
2823 2501 3086 2556 aquarum
3140 2487 3293 2556 capia
3343 2487 3545 2542 exube-

1967 2591 2174 2645 rantes,
2206 2589 2262 2636 et
2311 2581 2540 2635 fontium
2595 2581 2774 2650 lapsus
2807 2597 2874 2634 ex
2930 2577 3133 2635 abditis
3178 2587 3233 2632 ct
3267 2579 3546 2633 immensis

1967 2683 2126 2728 terrae
2159 2672 2358 2728 ﬁnibus
2410 2681 2674 2741 perpetuo
2725 2674 3101 2740 manantium,
3145 2670 3544 2740 inexplicabilis

1965 2764 2215 2822 miraculi
2267 2775 2545 2820 auctorem
2577 2765 2926 2834 proﬁtentur.
2957 2764 3110 2821 Hunc
3147 2763 3400 2836 profundi
3430 2778 3547 2818 tua-

1965 2860 2041 2914 ris
2071 2859 2342 2928 gurgites,
2385 2858 2652 2912 immensa
2702 2858 2992 2914 altitudine
3043 2861 3323 2924 conclusi,
3357 2870 3410 2914 et
3438 2859 3578 2920 23-,

1963 2961 2148 3005 ctuum
2207 2951 2444 3004 vortices
2502 2949 2556 3002 in
2620 2949 2789 3004 altum
2838 2951 3078 3016 sublati,
3117 2961 3382 3021 terrmque
3437 2951 3538 3020 ipsi

1962 3039 2305 3097 formidinem
2364 3043 2901 3108 incutientes,simul
2953 3054 3117 3112 atque
3145 3044 3211 3098 ad
3255 3044 3402 3098 littus
3443 3059 3537 3098 ac-

283 3125 571 3191 δουλεύων,
624 3126 819 3181 οὔποτε
853 3128 1053 3200 βαίνειν
1083 3129 1236 3193 ἐκτὸς
1262 3131 1401 3202 ὅρων
1427 3130 1598 3202 τολμᾷ
1617 3147 1630 3161 ·
1664 3131 1858 3203 σελήνη

1966 3136 2255 3198 cesserint,
2309 3135 2700 3201 reformidant,
2734 3136 2930 3190 divina:
2974 3137 3106 3204 legis
3142 3137 3368 3206 imperio
3409 3152 3543 3192 con-

281 3233 343 3270 τε
374 3218 730 3291 ύποχωροῦσα
762 3221 822 3273 τὸ
852 3217 1052 3290 φέγγος
1089 3221 1220 3292 ήλίῳ
1248 3221 1383 3293 (t4),
1423 3223 1630 3294 χρόνων
1673 3239 1731 3274 τε
1762 3241 1860 3276 πε-

285 3311 483 3382 ριόδοις
514 3312 813 3383 μειουμένη
843 3315 938 3366 καὶ
972 3313 1132 3367 πάλιν
1166 3314 1459 3386 αὐξομένη,
1488 3315 1707 3386 θεσμοῖς
1733 3317 1864 3370 ὑπο-

280 3407 537 3460 τάττεται
562 3406 752 3471 θείοις·
789 3405 958 3478 κάλλη
1002 3424 1062 3460 τε
1107 3408 1357 3480 ούρανοῦ,
1384 3410 1622 3480 χορείαις
1648 3410 1860 3482 ἄστρων

283 3498 702 3563 ἀποστίλϐοντα,
741 3497 990 3568 βαίνοντά
1016 3517 1075 3552 τε
1126 3502 1222 3554 σὺν
1266 3500 1418 3566 τάξει
1462 3503 1555 3554 καὶ
1602 3503 1858 3574 ἁρμονίᾳ,

285 3588 384 3642 καὶ
421 3589 548 3652 τοὺς
595 3588 773 3642 αὐτῶν
805 3589 1256 3662 ἀναμετρούμενα
1303 3591 1554 3656 κύκλους,
1605 3593 1694 3644 τὸν
1726 3611 1862 3646 παν-

280 3680 442 3733 τοίων
470 3679 670 3752 δοτῆρα
694 3679 889 3750 φώτων
909 3682 1392 3752 ἀνακηρύττουσιν,
1417 3684 1551 3754 ὁμοῦ
1576 3701 1633 3737 τε
1662 3685 1862 3749 πάντες

278 3777 522 3848 οὐράνιοι
563 3779 866 3849 φωστῆρες,
913 3775 1076 3830 αὑτοῦ
1126 3776 1355 3848 νεύματι
1399 3778 1492 3829 καὶ
1536 3777 1678 3846 λόγῳ
1732 3777 1860 3846 μίαν

282 3869 672 3940 συνταξάμενοι
734 3869 998 3940 μελῳδίαν
1025 3911 1040 3934 ,
1092 3867 1317 3940 μακρῶν
1375 3867 1584 3921 αἰώνων
1640 3868 1860 3932 κύκλοις

275 3959 488 4030 δολιχὸν
532 3959 844 4024 ὲξανύοντες
887 3960 1104 4030 δρόμον,
1147 3957 1401 4029 αἱθερίων
1449 3957 1676 4011 σταδίων
1717 3957 1861 4010 διιπ-

279 4052 539 4106 πεύουσιν
572 4052 821 4121 ἀγῶναςο
861 4051 1069 4105 νυκτῶν
1099 4067 1157 4104 τε
1203 4052 1295 4103 καὶ
1326 4050 1546 4122 ἡμερῶν
1573 4050 1858 4120 ἀμοιϐαῖαι

276 4148 543 4217 κινήσεις,
575 4145 734 4217 ὡρῶν
763 4162 822 4198 τε
861 4145 956 4198 καὶ
989 4144 1194 4215 καιρῶν
1225 4142 1534 4214 μεταϐολαὶ,
1571 4143 1767 4215 ῥυθμοί
1797 4161 1857 4196 τε

281 4338 401 4377 mea
439 4333 656 4379 secutus
678 4339 816 4378 Sttttt.
843 4322 949 4376 Sed
977 4321 1228 4375 videntur
1251 4321 1473 4376 omnino
1497 4321 1584 4374 hic
1608 4321 1856 4390 quaedam

279 4395 492 4451 deesse.
511 4411 629 4462 qua:
645 4393 878 4461 suppleri
902 4403 1138 4462 possunt
1157 4393 1205 4444 in
1231 4392 1372 4462 hunc
1389 4393 1605 4462 modum
1625 4389 1857 4445 ΞΤοῦτον

275 4466 411 4535 ἡμῖν
443 4461 540 4535 τὸν
562 4464 732 4534 μέγαν
775 4461 1018 4533 βασιλέα,
1057 4461 1596 4535 Χριστὸν-καὶ-αύτὸν
1619 4462 1854 4535 καλλίνιῖ

270 4602 544 4728 ήμέτῗος
597 4605 868 4676 βασιλεὺς,
900 4604 960 4661 εὖ
999 4603 1143 4671 μάλα
1174 4602 1344 4654 δοκῶν
1393 4605 1586 4664 ποιεῖν,
1636 4614 1762 4665 etr.,
1801 4604 1850 4656 id

275 4686 382 4728 est.
491 4693 590 4728 unc
636 4679 924 4728 maximum
966 4689 1133 4728 reaem
1173 4688 1206 4725 (ι
1248 4673 1490 4728 Christo.
1522 4673 1610 4728 qui
1646 4683 1694 4725 et
1742 4675 1850 4728 inse

275 4673 382 4740 est,
433 4673 608 4728 Hunc‘
636 4679 924 4729 maximum
966 4689 1133 4741 regem
1173 4688 1206 4725 (ι
1248 4673 1490 4734 Christo,
1522 4673 1610 4742 qui
1646 4683 1694 4725 et
1742 4675 1850 4738 ipse

275 4744 389 4799 Rea:
431 4756 606 4799 noster
645 4757 718 4798 est
748 4746 1136 4806 invictissimus,
1164 4743 1370 4812 hymnis
1404 4743 1654 4795 celebrari
1695 4743 1854 4810 probe

273 4819 444 4869 sciens
487 4815 776 4881 imperator
807 4826 999 4878 noster,
1040 4815 1151 4876 ipse
1187 4828 1391 4881 quoque
1430 4812 1677 4864 laudibus
1700 4824 1851 4877 atque

273 4886 483 4954 hymnis
544 4887 898 4954 prosequitur,
958 4895 1094 4938 recte
1155 4884 1555 4954 atqueﬂordine
1618 4882 1849 4950 faciens;

271 4953 462 5026 quippe
486 4956 574 5023 qui
599 4953 878 5023 intelligat,
902 4957 1041 5010 hunc
1069 4970 1226 5004 unum
1251 4953 1402 5026 nobis
1429 4953 1639 5019 imperii
1667 4961 1851 5005 aucto-

276 5023 387 5078 rem
439 5041 568 5079 esse.
617 5027 692 5078 lta
724 5041 916 5080 sensus
962 5037 1047 5079 est
1091 5023 1517 5091 apertissimus:
1573 5037 1669 5074 nec
1723 5033 1852 5085 puto

277 5097 586 5166 Eusebium
619 5095 776 5149 aliter
825 5096 1240 5166 scripsisseque
1268 5094 1523 5166 sensisse.
1570 5093 1851 5166 luﬁcodice

277 5176 460 5219 tamen
493 5165 628 5219 Fuk.
656 5161 1024 5228 scribitur;er
1057 5163 1198 5234 μάλα
1219 5161 1372 5234 δοκῶ⁸
1396 5178 1483 5234 μοι
1512 5165 1705 5234 ποιεῖν.

347 5235 461 5305 (59)
505 5235 649 5289 Ὑπὸ
687 5237 929 5304 μεγάλῳ
960 5231 1184 5301 Σωτῆρι
1216 5234 1314 5286 καὶ
1347 5231 1708 5305 διδασκάλῳ.
1761 5231 1847 5305 Ιιιτ

278 5302 488 5372 terpres
538 5309 651 5360 haec
685 5302 750 5360 de
774 5302 1142 5361 Constantino
1169 5305 1273 5358 dici
1317 5304 1669 5367 existimavit,
1705 5302 1849 5374 quod

277 5377 525 5444 equidem
556 5392 663 5431 non
693 5377 912 5431 damno.
941 5377 1177 5431 Possunt
1202 5383 1377 5427 tamen
1406 5374 1571 5428 etiam
1603 5374 1668 5426 de
1691 5372 1850 5426 Chri-

277 5457 363 5501 sto
392 5449 583 5511 accipi.

349 5515 464 5580 (40)
496 5515 794 5586 vulgaritr
838 5517 986 5583 πρὸς
1009 5515 1074 5569 τὸ
1095 5513 1164 5568 εὖ
1188 5512 1354 5582 μάλα
1377 5512 1483 5566 τοῦ
1512 5513 1848 5580 κρείττονος

277 5585 616 5655 tinam-Mr.
655 5585 751 5640 llic
807 5587 958 5640 locus
1008 5596 1292 5655 corruptus
1321 5595 1439 5655 est,
1483 5601 1640 5652 quem
1668 5593 1845 5636 tamen

279 5657 436 5710 facile
470 5653 644 5722 possis
676 5659 985 5709 emendare.
1033 5655 1222 5708 Scribe
1263 5653 1428 5722 igitur
1461 5668 1579 5706 meo
1611 5655 1848 5720 periculo

276 5726 373 5778 τὴν
403 5727 538 5797 πρὸς
563 5727 622 5777 τὸ
652 5725 828 5795 νεῦμα
859 5725 951 5778 τοῦ
979 5724 1301 5796 κρείττονος.
1330 5725 1633 5778 certissima
1659 5737 1846 5777 emet.-

274 5798 512 5852 daUuuc.

575 5891 851 5954 Parnm“
881 5895 990 5954 Litt.
1032 5891 1175 5965 XX.

1963 3227 2159 3281 stricti.
2199 3226 2303 3282 Sed
2324 3237 2379 3282 et
2401 3227 2751 3281 hibernorum
2795 3228 3049 3282 imbrium
3082 3222 3356 3282 moderata
3378 3229 3546 3302 606

1963 3320 2322 3385 dispensatio,
2350 3318 2534 3390 fragor
2569 3321 2886 3386 tonitruum,
2908 3319 3174 3390 fulgurum
3213 3323 3538 3382 coruscatio,

1963 3420 2248 3465 ventorum
2279 3410 2541 3478 reciproci
2595 3409 2856 3478 impetus.
2887 3411 3111 3463 nuh‘ium
3147 3409 3379 3478 denique
3405 3411 3545 3466 varii

1965 3516 2060 3570 per
2086 3517 2269 3557 aerem
2321 3502 2626 3565 discursus,
2652 3499 2774 3568 ejus
2803 3502 3148 3570 prmsentiam
3188 3503 3452 3558 exhibent
3476 3505 3545 3559 iis

1962 3595 2054 3662 qui
2096 3595 2270 3663 ipsum
2300 3608 2488 3648 coram
2524 3593 2722 3647 intueri
2768 3607 2874 3646 non
2927 3604 3170 3661 possunt.
3209 3593 3303 3649 Sol
3327 3611 3545 3666 quoque

1966 3695 2109 3741 totus
2133 3685 2337 3740 lumine
2372 3685 2612 3748 radians,
2649 3684 2742 3753 qui
2791 3693 3014 3738 extensa
3065 3687 3384 3740 smculorunt
3421 3704 3544 3756 spa-

1965 3779 2037 3830 tia
2059 3778 2320 3841 decurrit,
2337 3777 2511 3830 solum
2543 3777 2686 3831 hunc
2708 3774 2994 3830 Dominum
3018 3779 3261 3847 agnoscit
3286 3796 3300 3838 ;
3321 3778 3544 3848 ejusque

1961 3869 2266 3938 obsequens
2297 3867 2471 3933 nutui,
2520 3883 2795 3937 nunquam
2836 3877 2989 3920 extra
3045 3869 3392 3937 prwscriptos
3429 3882 3541 3924 ter-

1961 3960 2138 4014 minos
2197 3960 2360 4014 audet
2410 3957 2684 4014 incedere.
2743 3958 2895 4013 Luna
2941 3959 3105 4012 etiam
3155 3976 3276 4028 qua:
3321 3962 3540 4018 luminis

1961 4051 2246 4121 splendore
2264 4049 2360 4105 soli
2395 4049 2658 4109 concedit,
2687 4050 2812 4102 dum
2844 4051 3010 4105 certis
3041 4063 3343 4120 temporum
3377 4053 3543 4107 inter-

1960 4143 2116 4198 vallis
2145 4142 2408 4197 minuitur
2434 4151 2491 4196 et
2540 4150 2788 4210 augetur,
2823 4141 3021 4195 divinis
3072 4141 3281 4212 legibus
3327 4146 3541 4198 obtem-

2031 4317 2141 4390 (Alt
2177 4313 2538 4390 Ἐξαιῶνος,
2581 4312 2793 4390 ,βυθῶν
2833 4313 3108 4380 ἀπείρων.
3154 4310 3540 4390 ρυειιυοτίιεεο

1960 4384 2221 4443 vocabula
2265 4385 2487 4440 delenda
2535 4400 2656 4439 esse
2701 4384 2971 4444 videntur,
3021 4393 3203 4450 utpote
3238 4386 3532 4450 superﬂua,

1961 4470 2017 4512 et
2043 4458 2168 4512 huic
2199 4457 2318 4511 loco
2365 4470 2551 4524 parum
2591 4454 2988 4508 convenientia.
3044 4455 3195 4516 Quod
3244 4455 3287 4508 si
3318 4455 3438 4521 quis
3473 4472 3538 4509 ea

402 4510 808 4604 ἡμῶνᾞσίσιλέὲι
837 4510 1092 4612 ἀνυμνέζν
1109 4510 1540 4612 ισυνῄει-9ημένος,
1570 4534 1795 4602 ἀνυμνεῖ
1823 4533 1851 4583 ὁ

1966 4510 2201 4608 retinere
2250 4510 2498 4612 voluerit,
2551 4524 2952 4612 transponendi!
3003 4510 3490 4612 erigitthitoc‘inqdo
3520 4542 3538 4578 :

421 4623 446 4657 ε

1953 4598 2146 4668 πηγῶν
2191 4615 2252 4649 τε
2290 4595 2398 4668 τῶν
2451 4594 2691 4648 ἀεννάων
2740 4593 2799 4659 ἐξ
2856 4592 3054 4668 αἰῶνος
3081 4591 3259 4668 βυθῶν
3294 4594 3541 4668 ἀπείρων

1954 4665 2302 4740 πηγάζουται
2332 4665 2888 4740 ῥύσειςκρυύηψιειιιη
2915 4666 3057 4715 aliud
3091 4665 3539 4740 verbumsulisti-

1956 4733 2210 4792 tuendum
2255 4733 2488 4791 videtur.
2547 4734 2730 4800 Neque
2777 4733 2923 4786 enim
2965 4736 3250 4786 commode
3291 4733 3534 4788 dicitur:

1953 4807 2146 4879 πηγῶν
2180 4805 2526 4879 πηγάςουσαι
2573 4803 2798 4879 ῥύσεις..
2827 4802 3048 4879 _Melius_
3074 4814 3217 4855 esset
3266 4803 3537 4879 ἀνομϐρί-

1953 4872 2180 4944 ζουσαι,
2246 4872 2308 4928 ut
2357 4872 2593 4944 loquitur
2643 4872 2910 4926 Ensebius
2966 4872 3144 4936 infra,
3213 4874 3297 4926 vel
3361 4872 3537 4942 potius

1950 4948 2224 5020 ἀνομϐροῦ
2232 4964 2342 5001 σαι.

2023 5009 2142 5091 (Β)
2177 5021 2287 5091 ῌὶς
2332 5018 2491 5085 ὕψος
2536 5015 2842 5082 αὶρόμενα.
2905 5009 3099 5066 Ultima
3137 5028 3240 5067 vox
3285 5014 3441 5068 deest
3482 5014 3534 5069 in

1951 5089 2137 5146 codice
2173 5089 2310 5142 Fuk.

2022 5161 2132 5232 (i5)
2180 5160 2333 5227 Vulg.
2389 5153 2732 5232 chroma}?
2783 5153 2951 5232 θέαν.
2990 5153 3334 5232 άῖτόξττειν.
3387 5154 3538 5232 Scri-

1953 5222 2186 5286 bendqu
2219 5222 2428 5306 Videtur
2452 5229 2565 5306 τοῖς
2597 5225 2730 5306 πρὸς
2770 5224 2866 5293 τὴν
2893 5222 3057 5304 αὑτοῦ
3094 5223 3221 5306 θέαν
3252 5227 3537 5306 ἀντοπ-τεῖν

1950 5301 2250 5362 ἀδυνάτοις.
2314 5298 2370 5350 In
2401 5298 2590 5350 codice
2619 5293 2754 5349 Fuk.
2816 5298 3014 5365 legitur
3066 5297 3178 5358 τοῖς
3230 5297 3330 5367 τὴν
3374 5296 3535 5350 αὑτοῦ

1951 5373 2078 5425 θέαν
2103 5369 2408 5431 άντοπτείν,
2443 5379 2605 5419 recte.

2021 5442 2137 5510 (44)
2194 5437 2624 5506 ’Υποχωροῡσα
2669 5435 2737 5510 τὸ
2779 5434 2999 5503 φέγγος
3043 5435 3213 5501 ἡλίῳ.
3256 5436 3537 5510 interpres

1950 5505 2094 5566 hunc
2115 5505 2300 5564 locum
2337 5505 2408 5559 tta
2436 5512 2618 5568 vertit,
2668 5507 2870 5557 Lunam
2901 5521 3104 5574 quoque
3124 5543 3138 5567 ,
3176 5505 3331 5572 cujus
3361 5505 3536 5562 lumen

1948 5583 2112 5634 multo
2143 5580 2414 5634 obscurius
2437 5587 2509 5629 est
2535 5593 2689 5647 quam
2716 5576 2880 5647 solis.
2898 5573 3161 5647 Ego'vcro
3186 5577 3536 5647 scribendum

1947 5668 2071 5707 esse
2115 5652 2369 5705 existimo
2421 5647 2480 5698 τὸ
2535 5644 2738 5715 φέγγος
2796 5644 2970 5716 ἡλίου,
3032 5645 3083 5698 id
3114 5656 3216 5711 est,
3251 5645 3375 5700 luna
3407 5661 3540 5701 vero

1948 5740 2069 5793 qua:
2098 5723 2196 5778 sub
2223 5720 2352 5776 solis
2379 5717 2580 5772 lumine
2611 5716 2830 5771 incedit.

3161 5874 3237 5936 £2
