3926 6264
454 302 596 363 1325

1161 298 1430 357 EUSEBll
1467 298 1948 358 CESARIENSlS
1984 298 2137 355 OPP.
2176 294 2356 352 PARS
2393 292 2435 352 Ι.
2475 325 2544 338 -—
2580 291 2974 350 HISTORICA.

3556 292 3671 352 1324

453 426 627 491 perat.
657 416 791 475 Coeli
818 431 1031 488 quoque
1054 415 1419 486 pulchritudo,
1439 418 1580 488 quod
1605 427 1875 473 astrorum
1907 417 2035 473 cho-

2139 414 2235 470 καὶ
2281 411 2465 478 τάξεις
2505 410 2599 466 τοῦ
2645 410 2847 475 παντὸς
2897 409 3019 481 (τῆς
3070 404 3519 478 ἀπειρομεγέθονς
3548 406 3677 466 δυνά-

456 514 564 567 reis
591 511 927 581 resplendet,
956 519 1011 564 et
1056 525 1344 566 numeroso
1378 521 1543 580 atque
1592 510 1843 565 ordinato
1884 518 2029 564 mutu

452 603 819 673 progreditur,
861 615 924 656 ac
954 599 1190 655 circulos
1239 615 1368 655 suos
1412 601 1652 664 metitur,
1678 601 1844 655 Deum
1870 601 2032 656 totius

453 695 590 751 lucis
620 703 897 750 auctorem
932 694 1269 761 pronuntiat.
1303 693 1510 748 Cuncta
1538 694 1665 747 item
1709 694 1832 748 caeli
1869 693 2031 748 lumi-

456 789 629 849 naria,
662 802 729 840 ex
755 784 875 855 ejus
904 794 1034 839 nutu
1066 800 1131 839 ac
1161 784 1436 847 mandato,
1481 784 1631 840 velut
1660 784 2032 855 pulcherrimo

455 877 702 931 instituto
726 890 1011 940 concentu,
1046 875 1229 930 multis
1264 891 1531 931 annorum
1582 875 2033 930 conversionibus

455 967 830 1040 longissimum
868 982 1085 1022 cursum
1108 967 1447 1022 absolventia
1474 1010 1489 1035 ,
1522 968 1693 1022 instar
1724 967 2032 1035 aurigarum

455 1060 510 1114 in
567 1060 794 1115 a:therio
841 1059 988 1114 circo
1021 1060 1347 1116 decurrunt.
1397 1060 1647 1116 Noctium
1699 1062 1917 1129 insuper
1967 1074 2032 1114 ac

453 1150 665 1205 dierum
708 1151 903 1205 alterni
951 1166 1226 1217 recursus,
1262 1160 1643 1222 tempestatum
1687 1151 1813 1205 anni
1860 1159 2036 1205 muta-

457 1244 655 1310 tiones,
695 1244 831 1298 ordo
862 1245 1095 1313 denique
1147 1260 1211 1298 ac
1255 1260 1541 1299 numerosa
1588 1243 1881 1299 modulatio
1913 1244 2032 1298 uni-

457 1342 621 1399 versi,
642 1338 918 1391 immensis
945 1336 1060 1404 ejus
1085 1337 1341 1406 potentiae
1378 1336 1729 1407 multiplicem
1758 1338 2035 1392 solertiam

455 1427 752 1483 celebrant.
791 1427 922 1482 Iluic
953 1439 1214 1497 praeterea
1247 1428 1552 1484 invisibiles
1592 1440 1887 1499 potestates
1916 1446 2036 1498 quae

457 1532 553 1590 per
593 1534 811 1590 apertos
853 1519 997 1574 aeris
1036 1533 1256 1590 campos
1293 1520 1643 1584 discurrunt,
1698 1521 1932 1576 debitam
1982 1530 2035 1578 et

456 1615 867 1669 convenientem
900 1615 1007 1669 Deo
1032 1616 1243 1670 laudem
1274 1615 1540 1670 tribuunt.
1572 1615 1727 1670 llunc
1758 1631 1888 1688 ergo
1916 1632 2034 1672 ma.-

456 1708 663 1763 ximum
711 1708 1094 1778 imperatorem
1148 1720 1295 1764 totus
1331 1708 1493 1763 simul
1540 1709 1773 1765 mundus
1822 1710 2037 1781 hymnis

458 1802 827 1872 prosequitur.
869 1802 1027 1857 Hunc
1066 1818 1283 1857 sursum
1318 1802 1443 1856 caeli
1476 1811 1532 1858 et
1563 1801 1656 1871 qui
1685 1819 1845 1873 supra
1869 1802 2035 1859 caelos
2064 1791 2108 1846 Β

457 1903 585 1950 sunt
622 1895 796 1961 chori,
833 1904 1198 1958 venerantur;
1234 1894 1379 1949 hunc
1420 1893 1738 1963 angelorum
1767 1897 2037 1951 exercitus

457 1989 690 2043 canticis
708 1987 1033 2052 celebrant;
1052 1986 1194 2041 hunc
1209 1986 1435 2056 spiritus
1458 2002 1524 2041 ex
1550 1986 1897 2041 intellectuali
1919 1987 2039 2044 Iuee

456 2081 610 2141 editi.
648 2090 927 2152 parentem
984 2096 1139 2135 suum
1189 2095 1252 2134 ac
1302 2079 1468 2133 Deum
1504 2088 1833 2148 nuncupant.
1884 2080 2039 2137 Hunc

457 2189 642 2230 aeones
700 2170 960 2240 temporis
992 2179 1266 2241 expertes,
1293 2180 1419 2225 ante
1458 2170 1560 2225 hoc
1585 2170 1781 2225 caelum
1811 2180 1867 2225 et
1895 2171 2039 2225 hunc

456 2262 717 2317 mundum
747 2262 979 2330 conditi;
1012 2262 1377 2330 aliipracterea
1402 2260 1593 2315 inliniti
1622 2276 1831 2316 aronum
1859 2276 2039 2317 mones

456 2364 584 2409 ante
602 2369 818 2410 omnem
853 2370 1037 2409 rerum
1058 2353 1352 2409 visibilium
1382 2353 1851 2419 constitutionem,
1871 2369 2036 2408 unum

456 2461 523 2502 ac
546 2462 814 2501 summum
849 2447 1133 2502 Dominum
1154 2454 1208 2517 et
1236 2444 1542 2516 Principem
1573 2455 1895 2517 agnoscunt.
1922 2446 2040 2516 Ipse

458 2537 692 2608 denique
744 2538 796 2593 in
843 2537 1115 2599 omnibus.
1153 2548 1207 2593 et
1253 2546 1378 2592 ante
1404 2553 1596 2594 omnes
1627 2548 1680 2593 et
1711 2549 1831 2610 post
1852 2554 2041 2594 omnes

456 2631 772 2703 unigenitus
802 2631 922 2703 ejus
969 2632 1141 2688 Filius
1180 2647 1245 2686 ac
1274 2631 1470 2686 Sermo
1500 2632 1854 2702 prteexistens
1881 2651 1895 2701 ;
1924 2649 2041 2687 ma-

459 2741 599 2796 gnus
644 2726 825 2795 magni
866 2723 960 2779 Dei
1003 2724 1271 2788 Pontifex,
1317 2723 1464 2777 omni
1502 2734 1744 2795 tempore
1783 2725 2043 2796 omnique

460 2832 577 2871 aevo
610 2816 903 2887 antiquior,
933 2815 1113 2872 Patris
1137 2816 1219 2871 sui
1244 2815 1416 2870 cultui
1461 2815 1689 2872 devotus
1718 2831 1780 2871 ac
1805 2817 2039 2882 dicatus,

417 2894 421 2898 ί
458 2909 672 2978 primus
700 2923 763 2963 ac
789 2907 936 2963 solus
959 2922 1059 2972 pro
1085 2906 1327 2962 omnium
1360 2907 1535 2962 salute
1553 2908 1600 2963 ei
1633 2908 1916 2977 supplicat.
1938 2908 2040 2976 Qui

455 3002 872 3071 praerogativam
913 3000 1132 3069 quidem
1186 3000 1406 3055 honoris
1435 2999 1644 3055 obtinet
1684 3001 2040 3070 principatum

2135 523 2279 577 μεως
2296 504 2436 578 [45])
2449 505 2547 575 τὴν
2563 502 2944 557 πολυποίκιλον
2967 499 3156 570 σοφίαν
3178 516 3239 568 γε
3248 498 3533 570 ραίρουσιψ
3553 501 3678 573 αὐτῷ

2134 599 2229 652 καὶ
2273 596 2531 666 δυνάμεις
2566 597 2813 665 ἀφανεῖς,
2861 593 3003 663 ἀμφὶ
3045 591 3115 644 τὰ
3151 589 3218 642 δι’
3249 589 3407 660 ἀέρος
3448 590 3678 660 ἀνειμένα

2135 690 2294 745 πεδία
2348 687 2681 760 ποτώμεναι,
2719 688 2819 759 τὴν
2868 683 3220 756 ὀφειλομένην
3253 681 3347 736 καί
3393 681 3678 752 πρέπουσαν

2136 781 2413 850 θεολογίαν
2445 779 2858 851 ἀναπέμπουσιν
2876 794 2890 807 ·
2919 775 3105 830 τοῦτον
3134 774 3199 846 δὴ
3234 773 3324 826 τὸν
3354 773 3520 843 μέγαν
3549 772 3683 842 βασι-

2133 874 2252 938 λέα,
2302 874 2397 927 καὶ
2438 873 2599 936 αὐτὸς
2646 870 2784 942 ὁμοῦ
2838 871 2947 935 πᾶς
2992 868 3223 939 ἀνυμνεῖ
3261 864 3489 936 κόσμος·
3519 865 3681 921 τοῦτον

2133 968 2340 1025 ἀνωθεν
2361 968 2600 1041 οὑρανοί,
2624 966 2891 1039 οὐρανίων
2912 983 2972 1020 τε
2994 964 3195 1034 ἀψίδων
3220 962 3506 1034 ὑπέρτεροι
3531 963 3681 1034 χοροὶ,

2133 1063 2508 1135 γεραίρουσιψ
2557 1061 2787 1133 ὑμνοῦσι
2835 1060 2879 1114 δ’
2926 1060 3117 1130 ὕμνοις
3164 1058 3423 1129 ἀρρήτοις
3468 1056 3683 1125 ἀγγέλων

2137 1156 2408 1228 στρατιαὶ,
2464 1155 2749 1226 πνεύματά
2787 1170 2845 1206 τε
2898 1149 3083 1224 νοεροῦ
3129 1149 3303 1220 φωτὸς
3351 1147 3563 1217 ἔκγονα,
3607 1148 3684 1202 τὸν

2139 1250 2285 1319 σφῶν
2311 1250 2612 1319 γεννήτορα
2660 1244 2997 1314 θεολογοῦσιο
3030 1241 3220 1296 τοῦτον
3254 1239 3447 1304 αἰῶνες
3496 1241 3686 1311 ἀχρονοι

2137 1342 2243 1413 πρὸ
2273 1340 2500 1412 οὐρανοῦ
2526 1340 2681 1394 τοῦδε
2706 1339 2800 1393 καί
2829 1336 2935 1409 πρὸ
2968 1335 3197 1406 κόσμου,
3238 1332 3390 1388 ἄλλοι
3428 1350 3486 1386 τε
3525 1332 3685 1388 τοῦτον

2136 1432 2352 1503 ἄπειροι
2386 1432 2581 1497 αἰῶνες
2616 1429 2847 1494 αἰώνων,
2894 1428 3003 1500 πρὸ
3030 1426 3212 1496 πάσης
3233 1424 3331 1496 τῆς
3361 1423 3467 1478 τῶν
3504 1424 3687 1496 ὁρατῶν

2138 1525 2506 1588 ὑποστάσεως.
2542 1524 2702 1596 μόνον
2738 1522 2837 1577 καλ⁵
2880 1519 3054 1592 μέγαν
3085 1517 3363 1589 Δεσπότην
3391 1518 3482 1570 καὶ
3514 1517 3687 1589 Κύριον

2138 1619 2565 1690 ἐπιγράφονταιο
2597 1614 2787 1669 τοῦτον
2824 1614 2917 1667 καὶ
2965 1611 3127 1674 αὐτὸς
3160 1611 3253 1664 ἐπὶ
3297 1610 3433 1662 πᾶσι
3474 1609 3563 1663 καὶ
3601 1609 3687 1681 πρὸ

2142 1711 2355 1765 πάντων
2388 1711 2482 1764 καί
2519 1708 2660 1781 μετά
2686 1706 2894 1769 πάντας
2927 1704 3061 1776 (46),
3094 1703 3123 1758 ὁ
3155 1702 3339 1776 προὼν
3373 1700 3531 1755 αὐτοῦ
3558 1718 3689 1771 μονο-

2134 1806 2297 1876 γενὴς
2315 1803 2505 1873 Λόγος,
2523 1804 2552 1856 ό
2568 1800 2631 1872 δὴ
2658 1799 2829 1872 μέγας
2858 1799 3038 1870 Ἀρχιε
3046 1794 3172 1869 ρεὺς
3191 1792 3287 1848 τοῦ
3307 1792 3536 1865 μεγάλου
3555 1792 3687 1858 Θεοῦ,

2138 1896 2335 1960 παντὸς
2366 1914 2399 1966 χ
2408 1896 2563 1968 ρόνου
2594 1894 2688 1948 καὶ
2721 1892 2937 1947 πάντων
2966 1888 3177 1944 αἰώνων
3222 1886 3600 1959 πρεσϐύτατος,
3633 1888 3687 1957 τῇ

2135 1988 2227 2043 τοῦ
2258 1988 2473 2060 Πατρός
2491 1986 2908 2058 καθωσιωμένος
2936 1987 3068 2055 τιμῇ
3100 1983 3233 2054 (47),
3266 1980 3481 2054 πρῶτος
3506 1981 3589 2033 καί
3613 1979 3690 2051 μό-

2136 2097 2226 2145 νος
2248 2081 2347 2152 τῆς
2386 2079 2602 2134 πάντων
2636 2078 3064 2151 ὑπεριλάσκεται
3110 2074 3406 2147 σωτηρίας,
3437 2070 3689 2144 πρωτείοις

2142 2173 2239 2244 μὲν
2265 2172 2364 2243 τῆς
2388 2172 2495 2226 τῶν
2518 2172 2654 2226 ὅλων
2675 2172 2870 2244 ἀρχῆς.
2894 2169 3213 2242 δευτερείοις
3237 2168 3297 2222 δὲ
3327 2167 3425 2238 τῆς
3448 2166 3688 2238 Πατρικῆς

2142 2262 2418 2333 βασιλείας
2455 2262 2565 2333 (48)
2615 2262 3050 2333 ὲνδοξαζόμενος,
3082 2262 3165 2315 ὃτι
3196 2260 3261 2331 δὴ
3294 2260 3356 2314 τὸ
3399 2258 3510 2329 φῶς
3553 2260 3687 2322 αὐτὸς

2136 2350 2204 2429 ἦν
2230 2355 2290 2410 τὸ
2327 2355 2583 2410 ἐπέκεινα
2622 2354 2729 2407 τῶν
2757 2353 2892 2408 ὅλων
2919 2354 3061 2424 ἀμφὶ
3085 2353 3175 2407 τὸν
3219 2352 3442 2423 Πατέρα
3475 2350 3687 2423 χορεῦον.

2143 2447 2423 2521 μεσιτεῦόν
2452 2464 2510 2502 τε
2547 2447 2639 2501 καλ⁵
2669 2446 2904 2518 διεῖργον
2945 2447 3045 2518 τῆς
3086 2443 3192 2500 τῶν
3229 2443 3477 2517 γενητῶν
3510 2444 3686 2508 οὐσίας.

2138 2542 2236 2615 τὴν
2259 2542 2492 2614 ἄναρχον
2527 2541 2621 2595 καί
2654 2540 2915 2610 ἀγένητον
2953 2540 3095 2594 ἰδέαν
3113 2556 3127 2569 ο
3163 2539 3192 2592 ὃ
3215 2538 3281 2609 δὴ
3313 2539 3406 2592 καὶ
3434 2538 3618 2594 ἄνωθεν
3640 2538 3687 2605 ἐξ

2140 2634 2375 2706 ἀλήκτου
2424 2633 2520 2687 καί
2565 2632 2802 2703 ἀνάρχου
2849 2632 3101 2701 θεότητος
3149 2631 3566 2697 ἀναὸλυστάνον,
3604 2633 3687 2698 ἔξω

2141 2729 2379 2802 πρόεισι,
2413 2727 2504 2780 τὸν
2538 2726 2929 2798 ὑπερουράνιον
2968 2725 3167 2797 χῶρον,
3195 2725 3267 2780 τά
3296 2743 3356 2780 τε
3388 2726 3514 2780 εἴσω
3548 2726 3685 2797 οὐρα-

2142 2819 2234 2875 νοῦ
2264 2820 2457 2884 πάντα,
2496 2819 2799 2891 κρείττοσιν
2838 2817 2871 2889 ἦ
2900 2818 3020 2871 καθ’
3044 2817 3193 2890 ἦλιον
3224 2818 3419 2887 σοφίας
3447 2816 3687 2888 καταλάμ-

2144 2928 2243 2965 πον
2269 2912 2465 2980 αὐγαῖς
2483 2927 2496 2941 '
2532 2909 2693 2975 αὐτὸς
2721 2910 2765 2964 δ’
2790 2909 2857 2964 ἂν
2903 2909 2988 2981 εἴη
3016 2911 3045 2963 ό
3076 2909 3230 2964 τοῦδε
3267 2909 3365 2965 τοῦ
3412 2909 3685 2981 σύμπαντος

2143 3000 2474 3075 καθηγεμὼν
2520 3003 2751 3075 κόσμου,
2795 3003 2824 3055 ό
2872 3001 2965 3055 ἐπὶ
3012 3002 3227 3057 πάντων
3259 3003 3356 3057 καί
3383 3002 3469 3057 διὰ
3504 3002 3685 3056 πάντων

462 3091 737 3157 universi,
773 3090 1036 3159 aequalem
1086 3101 1267 3145 autem
1319 3106 1441 3147 cum
1495 3089 1658 3146 Patre
1696 3090 1925 3162 gloriam
1985 3093 2035 3151 in

2144 3096 2238 3150 ml.
2263 3098 2321 3150 ὲν
2347 3097 2513 3149 πᾶσιν
2539 3094 2837 3167 ὁρωμένοις
2859 3111 2919 3148 τε
2956 3095 3050 3149 καί
3091 3095 3380 3164 ἀφανέσιν,
3405 3093 3684 3167 ἐπιπορευό-

449 3180 636 3236 Patris
671 3182 910 3251 possidet
934 3197 1121 3251 regno.
1149 3182 1358 3252 Quippe
1394 3183 1508 3252 ipse
1539 3182 1633 3236 lux
1675 3193 1758 3237 est
1780 3183 2035 3239 universa

2142 3204 2302 3260 μενος
2330 3188 2425 3242 τοῦ
2450 3186 2586 3241 Θεοῦ
2611 3187 2810 3257 Λόγοςο
2850 3188 2981 3259 παρ’
3014 3182 3074 3241 οὑ
3101 3188 3195 3242 καί
3232 3188 3301 3242 δι’
3348 3179 3409 3241 οῦ
3442 3187 3535 3257 τῆς
3572 3187 3682 3240 ἀνω·

457 3271 869 3336 transcendens,
901 3286 1020 3341 qua:
1041 3273 1189 3327 circa
1229 3271 1447 3326 Patrem
1480 3271 1759 3337 discurrit,
1788 3281 1843 3326 et
1866 3271 2035 3327 inter-

2138 3276 2282 3332 τάτω
2326 3278 2603 3349 βασιλείας
2650 3279 2750 3351 τὴν
2782 3278 2969 3332 εἰκόνα
2997 3279 3178 3352 φέρων
3222 3283 3251 3334 ό
3298 3280 3377 3352 τῷ
3411 3278 3524 3350 Θεῷ
3560 3277 3683 3349 φίλος

455 3374 622 3415 ventu
646 3376 745 3416 suo
784 3373 1034 3417 naturam
1084 3362 1335 3432 principii
1379 3371 1542 3431 atque
1570 3371 1722 3417 ortus
1757 3375 2032 3434 expertem

2138 3366 2409 3438 βασιλεὺς,
2437 3373 2577 3426 κατά
2613 3371 2842 3443 μίμησιν
2888 3373 2982 3427 τοῦ
3008 3371 3343 3444 κρείττονος,
3366 3371 3474 3444 τῶν
3500 3374 3583 3426 ὲπί
3598 3369 3681 3441 γῆς

456 3467 486 3505 a
533 3467 712 3508 rerum
769 3462 1145 3525 generatarum
1198 3454 1504 3509 substantia
1563 3452 1809 3509 secludit.
1867 3453 2030 3526 607

2138 3459 2388 3515 ἁπάντων
2420 3462 2544 3527 τοὺς
2574 3442 2765 3528 οἴακας
2808 3442 3179 3535 διακυϐερνῶν
3229 3462 3421 3517 ἰθύνει.
3468 3442 3474 3455 ’

450 3553 697 3621 Quaeque
741 3567 975 3621 superne
1015 3567 1081 3607 ex
1109 3553 1392 3607 divinitate
1429 3551 1680 3622 principii
1736 3566 1801 3607 ac
1848 3552 1971 3608 linis
2025 3566 2250 3626 experte
2303 3572 2597 3627 emanans,
2648 3573 2800 3616 extra
2843 3561 3119 3631 procedit,
3185 3569 3239 3613 et
3283 3557 3681 3629 supercrelestem

447 3649 755 3720 regionem,
795 3656 1101 3714 cunctaque
1122 3659 1243 3714 qua:
1272 3646 1414 3700 intra
1444 3642 1640 3698 ctutum
1667 3650 1813 3712 sunt,
1859 3645 2139 3714 sapientia:
2177 3647 2316 3717 luce,
2340 3664 2459 3720 qua
2478 3650 2610 3707 solis
2656 3650 2940 3721 splendore
2973 3651 3127 3721 longe
3165 3652 3507 3722 praestantior
3524 3658 3612 3713 est,
3628 3646 3681 3701 il-

528 3808 781 3884 (15)__Tﬁg
814 3808 1322 3884 ἁπειρομεγέθρυςᾼ
1336 3811 1663 3884 δυνάμεως.
1691 3811 1869 3869 Malim
1904 3813 2041 3868 scri-

454 3880 583 3955 bere
605 3882 706 3955 τῆς
752 3880 1167 3955 ὑπερμεγέθους
1215 3880 1262 3933 δ.
1308 3882 1427 3937 Mox
1471 3880 1559 3938 tibi
1597 3880 1792 3953 legitur
1847 3885 2038 3955 σοφίαν

449 3951 855 4024 ἀναπέμπουσι,
886 3953 1034 4024 aliud
1060 3951 1279 4024 verbum
1310 3951 1742 4024 substituendnm
1770 3965 1880 4020 est;
1910 3951 2037 4024 puta

451 4021 801 4093 ἀνυμνοῦσιν,
838 4022 920 4076 vel
952 4021 1443 4093 ἀνακηρύττουσιν.
1479 4023 1611 4079 Nam
1652 4024 1876 4080 verbum
1908 4021 2038 4080 illud

452 4094 871 4165 ἀναπέμπουσιν
926 4108 1030 4165 non
1076 4095 1332 4147 convenit
1381 4094 1507 4149 huic
1553 4094 1690 4160 loco,
1740 4104 1788 4150 et
1838 4110 1904 4150 ex
1951 4109 2039 4149 se-

450 4163 652 4288 guente
700 4165 922 4231 periodo
968 4163 1072 4216 huc
1120 4177 1407 4230 perperam
1459 4167 1697 4234 irrepsit.
1748 4164 1803 4218 In
1850 4167 2037 4219 codice

500 4234 588 4287 ult.
631 4233 824 4288 lenitur
865 4232 963 4288 τὴν
1020 4232 1402 4288 πολυποίκιλον
1447 4235 1640 4288 σοφίαν
1686 4235 2035 4288 γεραίρουσιν

452 4232 588 4288 Fuk.
631 4233 824 4357 legitur
865 4232 963 4304 τὴν
1020 4232 1402 4289 πολυποίκιλον
1447 4232 1640 4304 σοφίαν
1686 4235 2035 4308 γεραίρουσιν

452 4305 660 4384 absque
722 4305 775 4384 is
806 4304 985 4384 verbis
1015 4303 1120 4384 τῆς
1140 4304 1328 4384 ἀπειρ.
1357 4305 1661 4384 ξυνάμεως,
1698 4322 1817 4376 qua
1849 4320 1951 4361 nec
1980 4306 2033 4360 in

456 4373 829 4447 vetustissimo
862 4372 1332 4447 codiceJPalatirjo
1371 4372 1643 4447 leguntur.

525 4441 642 4526 (μθ)
673 4443 783 4526 κειι

3067 3810 3167 3880 Qui
3204 3811 3360 3869 locus
3396 3811 3610 3868 refertur
3636 3805 3679 3861 in

2146 3883 2287 3937 libro
2312 3899 2406 3950 vn,
2457 3899 2507 3937 c.
2540 3882 2629 3947 10,
2681 3881 2933 3937 Historia:
2974 3883 3361 3939 ecclesiasticae.
3400 3881 3682 3950 Novatianns

2144 3968 2361 4025 quoque
2389 3948 2440 4007 in
2476 3953 2612 4025 libro
2653 3952 2725 4006 De
2756 3951 3031 4021 Trimtnle,
3071 3969 3192 4018 cap.
3220 3954 3316 4013 14.
3341 3954 3596 4025 Οίιτίειιιῃιιι
3620 3948 3679 4000 ait

2143 4020 2415 4080 esse'ante
2440 4024 2621 4078 omnia
2644 4033 2697 4077 et
2720 4034 2842 4092 post
2863 4020 3041 4077 omnia
3071 4039 3087 4075 :
3113 4036 3237 4077 ante
3269 4025 3448 4079 omnia
3475 4020 3678 4092 quidem,

2144 4104 2206 4148 ut
2244 4094 2431 4156 Deum,
2474 4104 2594 4162 post
2630 4092 2809 4146 omnia
2843 4107 2990 4158 vero,
3022 4103 3207 4161 utpote
3241 4093 3533 4162 hominem.

2216 4163 2330 4236 (⁸7)
2377 4163 2457 4234 Τῇ
2474 4156 2605 4236 ’τοῦ
2636 4162 2866 4236 Πατρός
2887 4156 3340 4233 καθωσίωμένος
3379 4160 3529 4233 τιμῇ.
3570 4156 3678 4214 Male

2144 4234 2413 4302 interpres
2463 4235 2625 4288 vertit
2671 4235 2950 4304 dignitatis
2991 4242 3225 4303 paterna:
3273 4237 3545 4304 particeps.
3576 4244 3673 4304 cum

2142 4300 2457 4360 verte—udum
2492 4314 2655 4369 esset,
2700 4300 2928 4359 devotus
2969 4300 3033 4358 ac
3076 4300 3288 4359 dicatus
3323 4305 3487 4359 cultui
3512 4300 3673 4356 Patris.

2144 4374 2352 4431 Similis
2400 4383 2479 4430 est
2530 4373 2813 4441 inscriptio
2862 4375 2974 4438 illa,
3005 4388 3126 4443 qum.
3174 4375 3226 4426 in
3260 4374 3374 4429 basi
3413 4384 3674 4428 statuarum

2147 3813 2241 3866 καὶ
2269 3814 2355 3868 διὰ
2388 3812 2601 3867 πάντων
2632 3812 2725 3865 καὶ
2754 3813 2847 3866 ἐπὶ
2878 3814 3031 3866 πᾶσι.

807 4444 958 4517 μετζι
984 4442 1235 4517 πάντας.
1269 4445 1383 4517 Non
1424 4442 1588 4501 'video
1618 4446 1893 4517 quomodo
1919 4444 2036 4500 haec
2065 4509 2101 4517 _
2144 4460 2281 4513 quas
2316 4445 2732 4514 imperatoribus
2768 4442 3101 4509 dicaverant,
3122 4444 3291 4517 vulgo
3321 4444 3511 4517 legitur
3538 4453 3674 4517 usto-

452 4509 561 4569 ἀίέί
592 4509 896 4586 Ρόδδίηῑγγάθ
922 4514 1116 4586 Verbo.
1150 4509 1280 4569 illttd
1310 4531 1434 4571 esse
1462 4527 1589 4571 ante
1620 4509 1803 4572 omnia
1831 4530 1889 4572 et
1911 4530 2033 4586 post
2065 4509 2109 4564 Β
2139 4509 2240 4572 rus
2267 4509 2454 4572 ιιυιιιίηι
2485 4530 2886 4578 ιλιεετλτιρυε
2928 4529 3073 4569 ειυς.
3107 4509 3397 4586 ϐφιέτιιηῖ
3418 4515 3522 4586 haec
3543 4510 3672 4586 Aria-

450 4585 657 4659 omnia,
709 4585 814 4659 nisi
845 4585 912 4659 de
962 4585 1142 4659 Verbo
1182 4587 1463 4659 incantato
1493 4588 1611 4659 haec
1647 4585 2032 4659 intelligamus.

448 4653 570 4727 Quo
596 4670 756 4710 sensu
789 4656 843 4709 in
888 4654 1205 4727 Apocalypsi
1260 4655 1497 4726 legitur:
1534 4655 1645 4727 Ego
1668 4675 1782 4712 sunt
1818 4653 1854 4712 ἆ
1888 4670 1937 4712 et
1964 4676 2034 4717 ω.

451 4726 679 4808 primus.
700 4726 1097 4808 ει-ηορξηξηιυε
1141 4726 1331 4808 (Apoc.
1370 4743 1408 4795 ι,
1438 4730 1516 4799 8).
1568 4727 1754 4808 Potest
1783 4729 1948 4783 etiam
1983 4728 2032 4808 id

452 4794 682 4866 intelligi
733 4796 801 4851 de
851 4794 1051 4859 Verbo,
1076 4794 1221 4866 quod
1269 4794 1401 4850 cum
1438 4794 1565 4854 ante
1609 4800 1791 4854 omnia
1836 4799 2032 4853 saecula

452 4866 697 4939 genitum
720 4868 827 4939 sit,
858 4867 1222 4939 nihilominus
1245 4868 1501 4939 continue
1547 4880 1842 4939 generatur
1874 4884 1903 4920 a
1933 4867 2036 4939 Pa-

455 4947 559 4991 tre.
602 4936 670 4991 Et
718 4937 822 4992 hoc
858 4946 960 5000 est,
1007 4938 1151 5006 quod
1211 4937 1263 4991 in
1318 4936 1799 5005 psalmis‘dicitur,
1860 4938 2034 4991 Filius

452 5022 600 5079 gesta
643 5022 697 5061 es
744 5015 804 5059 tu
848 5023 867 5061 :
918 5024 1011 5076 ego
1058 5006 1211 5061 hodie
1250 5010 1406 5077 genui
1437 5019 1483 5062 le
1525 5008 1698 5079 (Psal.
1734 5025 1793 5068 tt.
1834 5009 1909 5077 7).
1943 5009 2035 5063 Sic

455 5075 695 5132 Verbum
726 5088 813 5132 est
846 5075 973 5132 ante
1004 5078 1186 5131 omnia
1212 5075 1268 5132 et
1303 5089 1421 5147 post
1453 5075 1636 5134 omnia
1668 5090 1723 5134 et
1760 5081 1813 5134 in
1851 5075 2032 5133 omni-

454 5148 581 5213 bus,
631 5163 738 5203 non
784 5149 1133 5217 successione
1177 5152 1457 5217 temporis,
1507 5150 1600 5204 sed
1652 5150 1723 5205 ob
1767 5151 2033 5205 rationem

452 5228 674 5273 caterua:
698 5219 1080 5288 generationis.
1114 5216 1232 5287 Ipse
1260 5216 1404 5273 enim
1431 5229 1514 5275 est
1549 5221 1789 5274 omnium
1821 5221 2033 5274 initium

455 5303 523 5359 ac
547 5288 692 5351 linis.
721 5291 812 5359 qui
855 5290 1035 5359 omnia
1076 5304 1197 5358 qua:
1226 5298 1370 5355 sunt,
1412 5301 1466 5344 et
1488 5306 1609 5358 qua
1638 5307 1758 5345 esse
1785 5302 2029 5359 possunt,

459 5358 679 5414 inchoat
711 5358 871 5412 simul
901 5374 966 5413 ac
995 5361 1267 5413 terminat.
1301 5360 1534 5414 Possunt
1568 5373 1745 5413 tamen
1780 5362 1895 5414 haec
1924 5358 2032 5411 Ett-

455 5432 602 5482 oebii
654 5433 823 5500 verba
870 5429 1029 5483 aliter
1075 5431 1324 5500 intelligi,
1370 5430 1417 5485 si
1462 5440 1850 5495 construantur
1908 5445 2032 5483 cum

455 5502 623 5553 verbo
653 5499 1096 5571 ὑπεριλάσκεται.
1139 5500 1212 5553 lla
1249 5499 1442 5571 Sensus
1467 5502 1592 5565 erit,
1640 5501 1877 5556 Verbum
1908 5507 2035 5571 ante

456 5582 649 5622 omnes
677 5582 728 5623 et
766 5570 891 5637 post
919 5587 1109 5625 omnes
1154 5572 1320 5625 Deum
1360 5570 1576 5625 Patrem
1625 5572 1862 5638 placare.
1927 5570 2036 5623 Sed

457 5639 610 5704 prior
633 5641 902 5710 expositio
931 5645 1111 5695 verior
1137 5653 1239 5710 est.
1290 5640 1381 5696 Sic
1413 5643 1559 5696 enim
1588 5640 1880 5710 Dionysius
1907 5640 2035 5693 Ale-

458 5709 758 5762 xandrinus
786 5711 836 5761 in
861 5711 1086 5777 epistoia
1105 5707 1176 5765 ad
1196 5709 1396 5769 Herma
1420 5723 1675 5763 nmonem
1691 5707 1908 5767 deFilio
1940 5710 2032 5765 Dei

453 5778 694 5848 loquitur
720 5795 735 5832 :
761 5778 894 5832 Οὐδὲ
918 5779 1018 5851 τὴν
1046 5796 1224 5849 κρίσιν
1268 5780 1512 5832 ὑπείδετο
1548 5782 1641 5833 τοὺ
1680 5781 1786 5853 πρὸ
1809 5781 2029 5835 πάντων

2142 4589 2492 4654 unm-dogma
2523 4586 2758 4656 sapiunt.
2796 4586 3056 4654 Quisquis
3095 4585 3246 4656 enim
3275 4585 3440 4656 Deum
3476 4583 3673 4656 Verbum

2138 4656 2309 4713 cultui
2352 4650 2447 4712 Dei
2497 4650 2675 4712 Patris
2718 4650 2971 4712 devotum
3018 4670 3140 4710 esse
3195 4654 3347 4720 dicit,
3384 4655 3428 4707 is
3465 4650 3673 4719 profecto

2138 4727 2301 4782 nimis
2346 4725 2553 4794 abjecte
2578 4726 2660 4796 Vde
2701 4727 2883 4783 Verbo
2931 4727 3193 4796 loquitur,
3233 4740 3312 4796 ac
3343 4724 3561 4796 Verbum
3588 4733 3673 4772 non

2138 4812 2356 4865 :rquare
2384 4791 2515 4867 Deo
2569 4795 2744 4864 Patri,
2795 4797 2891 4852 sed
2938 4791 3136 4867 potius
3164 4791 3431 4867 subjicere
3473 4791 3670 4867 videtur.

2138 4859 2431 4945 Ejusmodi
2451 4879 2535 4923 est
2572 4859 2906 4945 quod’addit
2940 4859 3232 4945 Eusebius,
3260 4859 3527 4945 ζνεηιιῃιι.
3555 4859 3670 4945 Patri

2136 4928 2236 4992 suo
2259 4937 2565 5007 supplicare
2590 4928 2698 5005 'pro
2723 4939 2968 4992 omnium
3013 4928 3227 4992 salute.
3259 4936 3387 5004 Quae
3425 4936 3468 4988 si
3499 4934 3559 4986 de
3582 4928 3670 4983 Deo

2139 5008 2316 5062 Verbo
2363 5008 2616 5063 dicantur
2650 5020 2918 5077 quatenus
2967 5008 3187 5061 verbum
3230 5020 3331 5071 est,
3374 5000 3650 5077 ferrinullo

2138 5079 2299 5149 modo
2328 5089 2571 5145 possunt.
2626 5073 2721 5133 Sin
2760 5080 2825 5149 de
2849 5078 3070 5132 Christo
3102 5078 3457 5146 accipiantur.
3502 5073 3547 5125 id
3585 5078 3670 5149 est.

2137 5149 2204 5203 de
2240 5147 2415 5202 Verbo
2452 5161 2741 5219 postquam
2776 5148 3067 5201 humanam
3112 5160 3360 5202 naturam
3394 5147 3669 5219 assumpsit.

2136 5229 2264 5272 sunt
2317 5212 2617 5272 verissima:
2671 5220 2865 5273 Eadem
2910 5228 3178 5272 sententia
3220 5226 3393 5272 exstat
3444 5215 3493 5288 in
3637 5220 3667 5259 II

2134 5291 2401 5342 Adversus
2437 5288 2774 5348 Marcellum.
2804 5303 2926 5358 cap.
2955 5288 3007 5355 7,
3031 5288 3118 5341 ulti
3147 5288 3410 5343 Eusebius
3437 5285 3507 5336 ait
3529 5282 3664 5358 lilium

2137 5361 2339 5421 colere,
2370 5362 2600 5430 adorare
2636 5372 2690 5415 et
2720 5351 3029 5430 glorificare
3061 5359 3229 5413 Deum
3250 5359 3496 5430 Patrem.
3527 5351 3666 5430 Porro

2124 5431 2190 5486 in
2219 5414 2405 5485 codice
2433 5414 2761 5500 Fnkrpaulfi
2795 5441 2923 5483 ante
2961 5432 3158 5500 legitur
3186 5449 3198 5482 :
3247 5428 3301 5482 '0
3340 5422 3526 5484 παντὸς
3559 5414 3664 5490 χρύ-

2136 5518 2248 5563 νου,
2278 5502 2373 5553 καὶ
2410 5499 2626 5554 πάντων
2649 5499 2863 5554 αἰώνων
2896 5499 3288 5569 πρεσϐύτατος,

2207 5559 2317 5643 (te)
2364 5571 2519 5641 Vulg.
2562 5572 2721 5643 τσοις
2764 5559 2983 5643 cerac
3019 5559 3337 5643 ηατρικῆς,
3359 5559 3661 5643 ﬁam-“il”:

2135 5629 2252 5695 No‘n
2288 5629 2628 5708 dubitovquin
2666 5629 3066 5710 Eusettius't'pse
3088 5629 3662 5710 δεῇ-ἱρδὲτίιὲδευτερείοις

2135 5711 2193 5764 δὲ
2213 5711 2314 5782 τῆς
2344 5702 2627 5784 Πατρικῆς
2657 5711 2953 5783 βασιλείας,
2973 5702 3126 5781 ’ψιοα
3156 5702 3383 5784 editores
3412 5722 3521 5784 cum
3547 5702 3665 5784 terre

2140 5797 2245 5837 nou
2271 5773 2529 5852 'pussetit,
2567 5773 2883 5838 mutandum
2912 5773 3046 5839 ﬂesse
3078 5790 3327 5851 putarunt
3366 5779 3421 5832 in
3451 5773 3587 5834 laus.
3616 5773 3663 5819 ιιι
