3926 6264
292 281 432 338 1523

1412 268 1501 323 DF.
1538 262 1880 321 LAUDIBUS
1920 258 2402 319 CONSTANTINI.

3401 262 3536 314 1326

291 394 505 450 lustrat.
535 394 635 449 Hic
675 401 754 449 est
794 393 962 451 totius
1001 391 1183 446 mundi
1216 387 1498 449 Dominus,
1522 399 1681 453 supra
1721 384 1900 437 omnia
1937 390 1991 436 et
2018 396 2114 450 per
2148 378 2349 444 omnia,
2395 386 2449 431 et
2493 379 2546 430 in
2609 376 2859 432 omnibus
2903 386 3009 430 tam
3052 377 3354 431 visibilihus
3376 394 3535 446 quam

292 484 656 540 invisibilibus
683 487 939 539 inCedens
962 484 1057 537 Dei
1092 483 1302 537 Sermo.
1334 484 1375 535 Α
1407 497 1514 549 quo
1539 489 1593 535 et
1634 492 1727 545 per
1746 491 1929 544 quem,
1969 474 2058 529 hic
2083 483 2264 526 noster
2298 471 2406 523 Deo
2454 471 2652 523 charos
2699 470 3010 537 imperator,
3046 471 3285 526 οωιυειίε
3321 472 3537 540 imperii

287 579 581 648 imaginem
613 592 829 647 gerens,
867 586 1076 628 terrena
1103 584 1292 628 cuncta
1316 585 1548 641 quorum
1599 566 1974 639 gubernaculis
1998 564 2245 617 admotus
2281 570 2381 625 est,
2412 562 2583 615 instar
2624 560 2711 612 Dei
2747 560 3076 615 moderatur.

835 671 1227 726 ΚΕΦΑΛΑΙΟΝ
1268 670 1343 723 B'.

372 765 430 818 '0
474 764 572 837 μέν
612 782 675 835 γε
721 765 813 818 τοῦ
844 764 978 818 Θεοῦ
1032 762 1320 835 μονογενὴς
1346 760 1548 828 Λόγος,
1588 756 1665 828 τῷ
1698 753 1862 811 αὐτοῦ

290 855 468 930 Πατρὶ
493 857 899 929 συμϐασιλεύων
922 857 980 921 ἐξ
1003 856 1250 928 ἀνάρχων
1275 857 1483 908 αἰώνων
1504 854 1583 914 είς
1605 849 1864 920 ἀπείρους

289 952 383 1003 καὶ
414 950 802 1021 ἀτελευτήτους
848 948 1050 1012 αἰῶνας
1070 968 1084 980 ·
1116 951 1143 1001 6
1174 946 1401 1018 διαρκὴς
1435 945 1490 997 δὲ
1516 944 1687 1013 τούτῳ
1718 941 1866 1010 φίλος

288 1044 429 1115 (49),
458 1047 577 1108 ταῖς
610 1041 812 1098 ἄνωθεν
842 1043 1147 1113 βασιλικαῖς
1182 1042 1502 1113 ἀπορῤοίαις
1527 1038 1756 1111 χορηγοῦ
1768 1055 1864 1108 με-

280 1154 414 1200 νος,
472 1136 548 1207 τῷ
580 1154 639 1189 τε
686 1136 782 1207 τῆς
833 1136 1021 1209 θεῖκῆς
1071 1136 1369 1208 ὲπηγορίας
1431 1133 1700 1204 ἐπωνύμῳ
1755 1130 1865 1203 (50)

289 1228 717 1301 δυναμούμενος,
750 1234 987 1302 μακραῖς
1025 1229 1160 1282 ἐτῶν
1201 1228 1466 1300 περιόδοις
1492 1226 1597 1279 τῶν
1638 1226 1729 1278 ἐπὶ
1765 1226 1867 1295 γῆς

290 1322 502 1389 κρατεῖ.
542 1316 653 1372 Εἶθ’
679 1322 706 1372 ὁ
752 1319 849 1391 μὲν
884 1319 992 1371 τῶν
1032 1320 1167 1371 ὅλων
1214 1318 1393 1389 σωτὴρ
1446 1316 1535 1368 τὸν
1580 1314 1865 1386 σύμπαντα

294 1411 526 1481 οὐρανόν
550 1429 608 1463 τε
644 1411 737 1464 καὶ
781 1412 1014 1483 κόσμον,
1049 1414 1147 1483 τήν
1190 1428 1247 1463 τε
1283 1409 1540 1463 ἀνωτάτω
1574 1408 1863 1477 βασιλείαν,

294 1502 553 1573 εὐπρεπῆ
584 1502 661 1573 τῷ
688 1502 854 1557 αὐτοῦ
878 1504 1051 1575 Πατρὶ
1078 1498 1480 1573 παρασκευάζει
1507 1516 1520 1528 °
1550 1502 1576 1551 6
1604 1500 1659 1552 δὲ
1694 1498 1866 1567 τούτῳ

290 1592 468 1664 φίλος,
501 1593 649 1667 αὐτῷ
682 1594 759 1665 τῷ
794 1598 1069 1665 μονογενεῖ
1099 1594 1189 1645 καὶ
1220 1596 1422 1663 σωτῆρι
1451 1590 1605 1660 Λόγῳ
1637 1590 1743 1643 τῶν
1777 1589 1868 1641 ἐπὶ

291 1686 399 1755 γῆς
428 1686 550 1748 τοὺς
594 1687 934 1757 ὑποχειρίους
979 1684 1301 1756 προσάγων,
1348 1682 1700 1753 ἐπιτηδείους·
1734 1682 1867 1752 πρὸς

292 1775 391 1847 τὴν
422 1776 587 1847 αὐτὴν
619 1777 890 1847 βασιλείαν
916 1776 1024 1847 (51)
1055 1776 1360 1846 καθίστησι.
1398 1774 1507 1826 Καὶ
1554 1775 1581 1825 6
1618 1773 1714 1842 μὲν
1753 1789 1866 1824 κοι-

291 1868 385 1931 νὸς
411 1868 518 1921 τῶν
552 1869 686 1921 ὅλων
708 1865 900 1937 Σωτὴρ
928 1866 1026 1931 τὰς
1054 1866 1423 1929 ἀποστατικὰς
1449 1866 1722 1936 δυνάμεις,
1748 1866 1867 1918 ὅσαι

295 1958 429 2009 ποτὲ
458 1959 599 2029 ἀμφὶ
624 1959 769 2011 τόνδε
790 1959 880 2011 τὸν
908 1959 1048 2029 ὑπὲρ
1079 1960 1180 2029 γῆς
1208 1958 1341 2028 ἀέρα
1368 1958 1712 2027 διιπτάμεναι
1749 1960 1867 2020 ταῖς

2583 654 2812 711 CAPUT
2851 654 2917 710 ll.

2040 751 2104 807 Et
2142 750 2231 804 ille
2261 750 2474 819 quidem
2513 749 2824 818 unigenitus
2866 750 2959 805 Dei
2994 750 3220 818 Sermo,
3259 766 3287 805 a
3328 752 3539 807 saeculis

1968 844 2234 914 principio
2266 841 2579 896 carentibus
2617 841 2684 895 ad
2726 841 2940 896 inﬁnita
2978 857 3150 912 usque
3192 847 3247 894 et
3293 843 3542 899 intermi-

1970 945 2094 989 nata
2129 933 2327 990 saecula
2363 944 2553 1005 regnat
2586 948 2710 987 cum
2753 933 2930 988 Patre.
2961 934 3156 989 Noster
3196 949 3325 989 vero
3367 938 3539 1006 impe-

1968 1038 2117 1083 rator
2156 1029 2326 1081 eidem
2372 1036 2630 1095 perpetuo
2674 1027 3050 1090 charissimus,
3092 1029 3180 1097 qui
3232 1043 3297 1082 ex
3329 1029 3541 1085 caalvsti

1969 1120 2116 1175 fonte
2148 1119 2452 1192 imperiales
2474 1119 2731 1187 quosdam
2757 1120 2984 1187 percipit
3008 1118 3253 1186 ellluxus,
3273 1130 3327 1176 et
3349 1122 3543 1175 divina!

1968 1211 2345 1282 appellationis
2397 1220 2754 1277 cognomento
2808 1211 3139 1279 roboratur,
3190 1213 3372 1267 multis
3428 1214 3540 1283 jam

1968 1319 2232 1357 annorum
2284 1301 2500 1356 circulis
2549 1310 2603 1353 et
2650 1302 3096 1355 conversionibus
3157 1312 3331 1358 terras
3382 1306 3540 1375 regit.

1968 1393 2233 1448 Praeterea
2280 1393 2366 1446 ille
2409 1391 2624 1461 quidem
2666 1392 2906 1447 omnium
2943 1405 3317 1461 conservator,
3346 1398 3541 1451 coelum

1969 1502 2030 1539 ac
2054 1486 2309 1539 nmndum
2344 1484 2653 1538 universum
2678 1499 2740 1538 ac
2758 1485 2979 1540 cmleste
3012 1502 3232 1557 regnum
3266 1487 3411 1542 Patri
3444 1505 3545 1544 suo

1968 1578 2407 1633 decentissimum
2460 1588 2623 1646 atque
2674 1579 3015 1645 aptissimum
3077 1590 3381 1649 comparat.
3446 1581 3546 1637 llic

1970 1688 2099 1725 vero
2119 1671 2235 1738 ejus
2261 1671 2485 1737 amicus,
2504 1687 2569 1725 ex
2604 1672 2690 1727 his
2720 1673 2808 1740 qui
2843 1671 2899 1725 in
2931 1673 3091 1727 terris
3118 1674 3335 1741 degunt,
3353 1691 3545 1729 omnes

1971 1766 2195 1835 imperio
2231 1781 2328 1819 suo
2353 1764 2621 1832 subjectos
2650 1765 2715 1818 ad
2743 1766 3076 1835 unigenitum
3100 1768 3191 1822 Dei
3228 1770 3542 1824 Sermonem

1969 1866 2403 1925 servatoremque
2447 1857 2759 1922 adducens,
2794 1858 3015 1913 idoneos
3057 1860 3123 1913 ad
3169 1859 3283 1927 ejus
3319 1877 3543 1931 regnum

1970 1947 2146 2002 ellicit.
2179 1950 2242 2002 Et
2278 1948 2368 2002 ille
2403 1948 2619 2018 quidem
2668 1951 2973 2005 communis
3005 1952 3246 2005 omnium
3264 1954 3543 2019 Servalor,

291 2048 404 2100 τῶν
447 2049 748 2122 ἀνθρώπων
809 2051 1169 2122 ὲνέχριμπτον
1233 2050 1460 2121 ψυχαῖς,
1510 2050 1724 2122 ἀοράτῳ
1777 2049 1870 2102 καὶ

1982 2044 2201 2098 rebelles
2232 2044 2348 2098 illas
2372 2055 2692 2111 potestates,
2725 2062 2844 2116 qua:
2877 2062 2974 2116 per
3018 2048 3160 2103 hunc
3210 2055 3366 2102 terra:
3417 2064 3546 2117 pro-

293 2139 452 2213 θεῖκῇ
483 2142 727 2213 δυνάμει,
755 2140 840 2195 οἷα
871 2143 1039 2215 θῆρας
1072 2142 1297 2214 ἀγρίους
1316 2184 1329 2206 ,
1365 2143 1470 2195 τῶν
1500 2142 1663 2195 αὐτοῦ
1698 2143 1868 2213 θρεμ-

299 2233 487 2304 μάτων
508 2236 762 2305 ποιμένος
794 2235 995 2303 ἀγαθοῦ
1024 2236 1212 2306 δίκην,
1244 2235 1573 2306 πορρωτάτω
1616 2234 1872 2307 καθίστη-

300 2343 387 2378 σιν
412 2344 423 2355 ·
450 2327 477 2378 6
506 2328 561 2380 δὲ
589 2326 762 2398 τούτῳ
792 2328 970 2397 φίλος,
1015 2328 1217 2381 ἀνωθεν
1251 2329 1376 2400 παρ’
1404 2326 1566 2380 αὐτοῦ
1609 2331 1719 2390 τοῖς
1751 2327 1869 2380 κατ’

295 2419 508 2490 ἐχθρῶν
556 2420 924 2490 κοσμούμενος
966 2420 1244 2493 τροπαίοις
1267 2460 1280 2483 ,
1312 2422 1436 2483 τοὺς
1473 2422 1731 2491 ἐμφανεῖς
1774 2419 1871 2490 τῆς

294 2512 555 2584 ἀληθείας
604 2514 825 2584 ἐχθροὺς
870 2514 1017 2583 νόμῳ
1074 2513 1308 2584 πολέμου
1352 2512 1731 2584 χειρούμενος,
1765 2531 1871 2565 σω-

296 2605 562 2677 φρονίζει.
606 2606 712 2658 Καὶ
740 2607 767 2657 6
796 2606 891 2676 μὲν
913 2605 1069 2673 λόγος
1099 2604 1172 2656 ὢν
1199 2604 1530 2676 προκόσμιος
1569 2605 1661 2656 καὶ
1691 2604 1872 2675 σωτὴρ

296 2698 409 2751 τῶν
452 2699 607 2761 ὅλων,
657 2696 847 2763 λογικὰ
889 2698 981 2750 καὶ¹
1061 2697 1375 2768 σωτηριῶδη
1429 2696 1716 2768 σπέρματα
1762 2698 1874 2758 τοῖς

297 2791 467 2846 αὐτοῦ
499 2791 821 2861 παραδιδοὺς
849 2789 1167 2855 θιασῶταις,
1214 2791 1463 2859 λογικούς
1508 2792 1621 2861 ἆμα
1647 2790 1741 2842 καὶ
1774 2790 1873 2859 τῆς

302 2883 402 2935 τοῦ
437 2884 647 2953 Πατρδς
684 2883 955 2953 βασιλείας
979 2884 1432 2953 ὲπιστημονικούς
1458 2880 1829 2953 ἀπεργάζεται
1855 2897 1868 2909 ⁸

301 2975 329 3027 ὁ
360 2975 415 3026 δὲ
442 2975 613 3046 τούτῳ
640 2976 809 3044 φίλος,
838 2969 925 3027 οἷά
950 2993 1033 3038 τις
1061 2975 1341 3044 ὑποφήτης
1367 2972 1459 3025 τοῦ
1499 2972 1633 3024 Θεοῦ
1678 2972 1871 3039 Λόγου,

302 3069 413 3120 πᾶν
441 3068 594 3135 γένος
624 3067 958 3140 ἀνθρώπινον
1007 3069 1098 3121 ἐπὶ
1141 3068 1239 3140 τὴν
1273 3067 1363 3120 τοῦ
1398 3066 1701 3139 κρείττονος
1743 3067 1874 3118 ἀνα-

298 3158 545 3212 καλεῖται
576 3159 810 3227 γνῶσιν,
862 3162 978 3224 ταῖς
1023 3160 1235 3213 πάντων
1272 3160 1459 3220 ἀκοαῖς
1494 3155 1739 3227 ὲμὸοῶν,
1775 3172 1871 3225 με-

298 3251 443 3323 γάλῃ
471 3270 528 3304 τε
558 3254 619 3322 τῇ
654 3255 801 3323 φωνῇ
830 3254 940 3315 τοῖς
974 3252 1063 3304 ἐπὶ
1098 3252 1199 3321 γῆς
1241 3250 1408 3303 ἆπασι
1439 3249 1565 3311 τοὺς
1603 3248 1700 3317 τῆς
1738 3247 1871 3317 ἀλη-

299 3343 430 3407 θοῦς
467 3344 743 3409 εὐσεϐείας
793 3344 904 3415 (52)
941 3345 1034 3397 καὶ
1074 3343 1327 3415 ἀληθείας
1359 3341 1743 3413 ἀνακηρύττων
1787 3339 1873 3391 νό-

301 3454 457 3507 μους.
516 3439 624 3490 Καὶ
672 3441 699 3491 ό
735 3438 832 3507 μὲν
870 3437 978 3490 τῶν
1026 3436 1163 3490 ὅλων
1209 3436 1402 3506 Σωτὴρ
1443 3434 1542 3497 τὰς
1590 3433 1875 3504 οὐρανίους

301 3527 478 3591 πύλας
511 3528 608 3598 τῆς
637 3528 729 3581 τοῦ
765 3529 976 3600 Πατρὸς
1010 3527 1286 3599 βασιλείας
1323 3529 1432 3590 τοῖς
1461 3524 1669 3578 ἐνθένδε
1699 3526 1875 3577 ἐκεῖσε

302 3620 719 3692 μεθισταμένοις
747 3621 1173 3674 ἀναπετάννυσιν
1196 3636 1208 3648 ⁸
1252 3622 1280 3672 6
1305 3618 1359 3671 δὲ
1398 3616 1541 3689 ζήλῳ
1569 3616 1663 3669 τοῦ
1700 3617 1879 3687 κρείτ-

300 3726 497 3772 τονος,
552 3710 731 3762 πάντα
778 3710 945 3781 ῥύπον
991 3710 1151 3763 ἀθέου
1204 3710 1411 3779 πλάνης
1451 3709 1552 3779 τῆς
1590 3707 1729 3761 κατά
1775 3707 1878 3777 γῆν

287 3800 582 3871 ⁵βασιλείας
624 3802 1140 3873 ἀποκαθηράμενος,
1172 3803 1363 3873 χοροὺς
1406 3802 1568 3853 ὁσίων
1607 3802 1702 3854 καὶ
1729 3801 1880 3853 εὐσε-

304 3890 418 3943 ϐῶν
470 3893 707 3963 ἀνδρῶν,
760 3896 888 3947 εἴσω
949 3892 1238 3965 βασιλικῶν
1308 3893 1471 3946 οἴκων
1526 3893 1876 3958 εἰσκαλεῖται,

304 3982 601 4055 αὔτανδρον
626 3987 714 4038 τὸν
744 3986 1032 4057 σύμπαντα
1058 3986 1239 4039 στόλον
1262 3985 1367 4039 τῶν
1396 3986 1486 4039 ὐπ’
1513 3986 1660 4057 αὐτῷ
1694 3986 1883 4058 κυϐερ-

302 4078 592 4147 νωμένων,
627 4078 993 4132 διασώσασθαι
1049 4079 1526 4152 προμηθούμενος’
1575 4078 1881 4149 πανήγυρίν

304 4186 368 4221 ’τε
408 4170 610 4240 ταύτην
648 4172 805 4242 μόνος
845 4165 997 4235 οὗτος
1028 4171 1134 4224 τῶν
1177 4170 1393 4224 πώποτε
1439 4171 1536 4241 τῆς
1596 4170 1880 4242 Ῥωμαίων

306 4264 895 4336 καθηγεμονευσάντων
937 4262 1245 4333 βασιλείας,
1302 4267 1541 4335 τριτταῖς
1586 4265 1683 4337 ἤδη
1725 4282 1883 4336 περι-

303 4354 444 4419 όδοις
476 4354 711 4408 δεκάδων
736 4354 871 4425 πρὸς
899 4353 992 4408 τοῦ
1025 4354 1411 4427 παμϐασιλέως
1442 4354 1575 4408 Θεοῦ
1608 4356 1879 4428 τιμηθεὶς,

310 4531 483 4587 Filius
533 4531 675 4585 Patri
722 4530 946 4599 aequalis
992 4540 1305 4600 poneretur.
1356 4529 1554 4584 Verum
1590 4530 1880 4585 Eusebium

311 4606 385 4657 ita
421 4606 727 4671 scripsisse,
755 4614 813 4653 ιιι
840 4604 972 4665 dixi,
1017 4605 1170 4655 docet
1204 4602 1376 4667 primo
1404 4601 1516 4668 ipsa
1556 4602 1727 4654 series
1751 4616 1882 4653 ora-

310 4676 495 4729 tionis.
530 4672 821 4741 Distinguit
847 4672 988 4725 enim
1019 4672 1279 4725 Eusebius
1327 4671 1427 4724 hoc
1469 4671 1585 4725 loco
1616 4672 1883 4740 guberna-

1974 2138 2174 2190 ximum
2227 2152 2406 2192 aerem
2447 2139 2739 2193 volitantes
2766 2142 3047 2194 hominum
3093 2142 3290 2197 animis
3324 2142 3546 2196 incuba—

1972 2232 2122 2293 bant,
2150 2239 2405 2298 tanquam
2436 2231 2608 2285 bonus
2645 2242 2831 2301 pastor
2875 2234 3018 2287 feras
3062 2234 3287 2300 bestias,
3316 2236 3545 2302 spiritali

1971 2322 2198 2390 quadam
2229 2333 2282 2376 et
2306 2322 2484 2376 divina
2516 2325 2712 2377 virtute
2741 2324 2806 2376 ab
2836 2324 2959 2377 ovili
2991 2340 3088 2378 suo
3119 2325 3426 2395 longissime
3454 2342 3547 2379 ett-

1971 2414 2141 2483 pcllit.
2173 2413 2269 2469 llic
2297 2415 2411 2482 ejus
2440 2417 2669 2477 amicus,
2705 2416 2888 2469 multis
2933 2418 3152 2486 tropaeis
3188 2420 3254 2471 ab
3286 2420 3399 2486 ipso
3441 2434 3551 2473 cm-

1975 2507 2101 2561 litus
2137 2517 2461 2572 exornatus,
2487 2520 2707 2578 apertos
2762 2510 3008 2564 veritatis
3052 2510 3233 2565 hostes
3272 2510 3394 2565 belli
3424 2512 3549 2580 jure

1972 2600 2072 2654 sibi
2114 2601 2427 2671 subjiciens,
2461 2616 2620 2671 poena
2652 2601 2835 2657 allicit.
2887 2603 2976 2659 Ille
3011 2614 3193 2674 utpote
3237 2606 3376 2660 ratio
3422 2618 3551 2662 ante

1973 2692 2230 2745 mundum
2260 2692 2579 2758 subsistens,
2596 2700 2650 2747 et
2675 2695 2919 2747 omnium
2962 2710 3142 2750 rerum
3172 2708 3548 2765 conservator,

1976 2784 2255 2838 rationalia
2286 2800 2349 2838 ac
2376 2785 2633 2840 salutaria
2679 2787 2886 2841 semina
2921 2790 3034 2845 suis
3084 2791 3304 2846 tradens
3350 2792 3553 2847 sodali-

1976 2878 2096 2940 bus,
2151 2876 2447 2931 rationales
2483 2893 2577 2931 eos
2602 2878 2777 2931 reddit
2803 2887 2858 2930 et
2895 2883 3103 2947 paterni
3139 2882 3284 2951 regni
3321 2884 3548 2937 scientia

1975 2967 2290 3022 instructos.
2323 2969 2419 3022 llic
2453 2968 2693 3037 ejusdem
2739 2970 2971 3035 amicus,
3012 2972 3157 3026 velut
3195 2973 3412 3042 quidam
3470 2976 3553 3030 in-

1974 3070 2181 3131 terpres
2232 3062 2390 3115 Verbi
2430 3063 2540 3126 Dei,
2588 3066 2895 3119 universum
2948 3079 3119 3136 genus
3159 3066 3451 3122 humanum
3485 3069 3551 3123 ad

1976 3153 2336 3221 cognitionem
2362 3154 2453 3207 Dei
2479 3164 2715 3219 revocat,
2730 3156 2969 3209 omnium
2996 3159 3215 3212 auribus
3234 3158 3552 3228 inclamans,

1975 3254 2029 3298 et
2054 3244 2197 3299 clara
2248 3261 2400 3312 voce,
2437 3262 2572 3300 verte
2599 3247 2817 3316 pietatis
2857 3264 2920 3303 ac
2964 3250 3207 3305 veritatis
3244 3250 3386 3320 leges
3421 3268 3555 3306 eun-

1902 3369 1944 3427 α
1978 3338 2084 3392 ctis
2138 3354 2232 3409 per
2276 3341 2461 3395 orbem
2507 3352 2773 3397 terrarum
2824 3342 3142 3412 degentibus
3201 3347 3550 3401 annuntians.

1981 3428 2071 3482 Ille
2098 3430 2343 3484 omnium
2368 3427 2639 3496 Servator,
2676 3434 2924 3488 cmlestes
2956 3436 3162 3504 paterni
3195 3437 3343 3503 regni
3375 3448 3556 3504 portas

1980 3521 2105 3575 hinc
2132 3536 2197 3576 eo
2231 3523 2585 3594 migrantibus
2614 3526 2807 3587 aperit.
2839 3525 2936 3579 Hic
2970 3541 3099 3581 vero
3127 3526 3217 3579 Dei
3252 3527 3553 3595 exemplum
3580 3526 3585 3529 ’

1977 3613 2283 3678 aauuulatus,
2325 3626 2608 3684 postquam
2662 3626 2935 3670 terrenum
3002 3619 3287 3687 imperium
3340 3619 3558 3672 cunctis

1978 3720 2229 3760 errorum
2253 3709 2502 3763 sordibus
2537 3712 2806 3778 purgavit,
2825 3711 2991 3780 608
3017 3719 3323 3763 sanctorum
3357 3727 3418 3763 ac
3449 3712 3559 3779 plo-

1980 3813 2098 3850 rum
2132 3798 2407 3852 hominum
2440 3812 2613 3855 cattus
2641 3802 2693 3855 in
2729 3817 2913 3856 sacras
2934 3803 3079 3856 aedes
3107 3810 3163 3855 et
3190 3802 3440 3856 basilicas
3475 3803 3561 3856 in-

1981 3890 2116 3942 vitat
2152 3907 2167 3955 ;
2197 3905 2464 3943 summam
2499 3893 2765 3947 adhibens
2794 3908 2980 3947 curam
3010 3909 3071 3947 ac
3108 3894 3465 3964 diligentiam,
3502 3902 3560 3948 ut

1984 3991 2089 4034 tota
2124 3982 2314 4037 classis
2364 3998 2525 4052 quam
2560 3986 2847 4054 regendam
2879 3988 3108 4055 accepit,
3139 4002 3259 4039 cum
3304 3986 3436 4055 ipsis
3468 4003 3564 4042 ve-

1982 4074 2223 4128 ctoribus
2254 4087 2626 4130 conservetur.
2662 4076 2929 4145 Solusque
2962 4093 3027 4132 ex
3050 4078 3300 4132 omnibus
3324 4079 3413 4147 qui
3458 4078 3564 4132 no-

1984 4179 2145 4218 mano
2177 4165 2407 4234 imperio
2454 4184 2690 4236 unquam
2736 4168 3089 4238 praefuerunt,
3127 4171 3288 4225 tertio
3318 4172 3429 4240 jam
3464 4170 3563 4225 de-

1984 4255 2293 4309 cennalium
2347 4260 2574 4312 circuitu
2606 4276 2635 4313 a
2687 4276 2900 4315 smnmo
2933 4264 3174 4316 omnium
3228 4263 3565 4330 imperatore

1983 4347 2095 4401 Deo
2125 4349 2440 4415 honoratus,
2474 4350 2617 4407 hanc
2652 4352 3005 4408 festivitatem
3036 4370 3142 4410 non
3172 4356 3407 4410 terrenis
3442 4354 3566 4425 qui-

1983 4533 2273 4614 Btaeatei"
2382 4532 2754 4614 TOQTQfPQOg.
2792 4547 2898 4614 etc.

2060 4602 2171 4678 (ὅθ)
2212 4602 2390 4678 γωδ.-
2409 4604 2489 4669 τῷ
2510 4602 2621 4673 τῆς
2653 4607 2855 4676 θεῖδιῆς
2883 4608 3206 4677 ἑπηγορίας
3252 4609 3557 4678 ἐπωνύμῳ.

1988 4674 2270 4748 Quodnam
2290 4677 2360 4727 sit
2379 4675 2480 4728 hoc
2509 4674 2922 4745 cognomentum
2942 4674 3137 4733 divina:
3158 4674 3559 4748 appellationis,

312 4746 513 4798 tionem
550 4757 604 4799 et
641 4745 876 4816 regimen
899 4814 908 4816 _
929 4744 1163 4816 universi
1189 4758 1219 4795 a
1258 4757 1423 4816 regno
1445 4741 1546 4816 Dei
1572 4742 1768 4816 Patris.
1820 4742 1883 4816 Et
1918 4741 1959 4795 D
1989 4761 2095 4813 quo
2122 4744 2343 4816 allectus
2373 4757 2536 4816 atque
2564 4741 2848 4816 insignitus
2879 4759 2962 4802 est
3001 4741 3408 4814 Constantinus,
3452 4741 3559 4804 non

313 4816 367 4869 in
400 4813 1327 4885 gubernationequidemiuniversi,
1356 4811 1548 4866 Filium
1576 4813 1652 4885 ait
1679 4812 1881 4885 princi-

312 4882 436 4955 pem
494 4887 669 4938 locum
700 4884 992 4955 obtinere;
1049 4884 1111 4955 in
1154 4893 1541 4955 regno_autem
1595 4882 1776 4955 Patris
1806 4898 1884 4935 se-

308 4951 571 5051 éupdumx,
604 4952 887 5035 πρωτείοις
916 4951 1286 5051 μὲνρτῆςητῶν
1315 4953 1470 5051 ἓξλιέινΓ
1482 4952 1675 5051 ἀρχῆς,
1705 4952 1884 5051 δευτε-

314 5022 688 5100 ρείοιςδὲτῆς
705 5022 979 5100 πατρικῆς
1010 5023 1290 5100 ’βασιλείας
1325 5022 1754 5100 ὲνδοξαζόμενος.
1794 5024 1884 5100 νιτ

313 5094 411 5150 des
444 5096 539 5168 τὴν
567 5096 673 5148 τῶν
701 5094 848 5168 ὅλων
883 5096 1081 5168 ἀρχήν,
1128 5094 1178 5147 id
1237 5105 1350 5168 eSt._
1392 5108 1612 5168 regnum
1644 5095 1878 5168 universi

311 5164 509 5234 opponi
560 5182 721 5235 regno
763 5166 850 5218 Dei
898 5164 1072 5218 Patris
1102 5184 1116 5218 :
1147 5165 1433 5232 πρωτείοις
1458 5164 1644 5235 igitur
1683 5164 1878 5235 opponi

310 5230 476 5290 etiam
518 5230 715 5289 debent
740 5235 807 5288 τὰ
844 5235 1141 5306 δευτερεῖα.
1189 5230 1385 5289 Deinde
1414 5234 1482 5287 τὰ
1521 5230 1616 5287 ἴσα
1647 5230 1877 5306 τῆςνβα-

312 5306 519 5370 σιλείας
544 5308 730 5359 erce
758 5323 861 5359 non
901 5304 1121 5358 dicitur.
1168 5306 1443 5359 Postremo
1480 5306 1740 5357 Eusebius
1787 5304 1877 5357 Fi-

314 5374 442 5445 lium
488 5393 703 5445 semper
738 5378 1027 5430 secundam
1079 5392 1295 5427 causam
1344 5376 1575 5445 appellat
1631 5376 1681 5426 in
1725 5374 1877 5428 libris

313 5443 805 5516 Demonstrationis.
852 5457 906 5499 et
953 5446 1062 5499 τῶν
1086 5446 1402 5516 δευτερείων
1449 5443 1710 5515 ἠξιῶσθαι
1748 5447 1879 5499 dicit

313 5515 368 5568 iu
400 5517 490 5567 lib.
526 5532 552 5564 v
588 5516 1079 5578 Demonstrutionis,
1112 5515 1307 5583 capal.

387 5584 498 5653 (49)
544 5586 604 5637 ’0
642 5585 890 5654 διαρκὴς
926 5586 993 5638 δὲ
1032 5588 1219 5653 τούτῳ
1258 5587 1455 5654 φίλος.
1505 5586 1601 5639 Hic
1629 5585 1776 5639 locus
1802 5586 1880 5638 sic

314 5656 446 5709 mihi
505 5659 859 5727 restituendus
916 5659 1143 5719 videtur,
1200 5657 1609 5727 συμϐασιλεύων
1630 5657 1688 5721 ἐξ
1716 5656 1884 5727 ἀνάρ-

311 5740 423 5796 xm
452 5724 661 5779 αἰώνων
692 5728 772 5790 εἰς
816 5727 1074 5799 ἀπείρους
1118 5728 1210 5780 καὶ
1270 5724 1654 5797 ἆτελευτήτους
1682 5724 1886 5789 αἰῶνας

1989 4816 2124 4887 satis
2159 4815 2363 4887 liquet.
2403 4817 2482 4868 An
2518 4814 2919 4872 forte'Victoris
2947 4835 3139 4873 nomen
3171 4820 3421 4887 intelligit
3452 4820 3562 4875 Eu-

1990 4886 2194 4947 sebius,
2226 4886 2368 4958 quod
2401 4888 2753 4942 Constantino
2783 4890 3009 4941 inditum
3043 4898 3154 4953 est,
3188 4900 3245 4942 nt
3272 4886 3433 4958 supra
3465 4906 3565 4943 no-

1993 4956 2256 5028 tavimus?
2296 4958 2376 5008 An
2419 4958 2602 5028 potius
2646 4970 3063 5027 cognomentum
3119 4956 3370 5023 Maximi,
3415 4961 3563 5028 quod

1994 5025 2085 5077 Dei
2119 5028 2399 5098 proprium
2428 5027 2548 5080 est?
2584 5025 2763 5082 Potest
2802 5032 2964 5082 etiam
3008 5032 3178 5098 ipsum
3221 5025 3563 5085 Constantini

1992 5096 2481 5169 nonnen_iu_telligi,
2520 5112 2640 5169 quo
2686 5096 3037 5169 signiﬁcatur
3074 5102 3119 5155 is
3170 5102 3260 5168 qui
3308 5111 3413 5155 est.
3453 5102 3566 5156 Hoc

1989 5175 2168 5218 autem
2210 5167 2299 5219 Dei
2348 5168 2624 5236 propriqu
2672 5167 2867 5223 nomen
2900 5187 3020 5224 esse
3050 5167 3248 5224 docent
3282 5186 3452 5225 sacra?
3479 5172 3568 5223 lit.-

1990 5246 2144 5310 terat.
2174 5237 2410 5306 Denique
2435 5250 2862 5310 rcoguot'nentum
2887 5242 3208 5303 Christiani,
3248 5244 3391 5310 quod
3424 5241 3577 5296 Con--

1986 5309 2259 5361 Stantinus
2303 5309 2537 5362 maxime
2566 5313 2861 5376 adamavit,
2911 5313 2998 5365 hic
3029 5309 3321 5381 possumus
3363 5310 3566 5368 intelli-

2021 5392 2131 5429 ere.

1984 5392 2169 5513 geagi)
2196 5447 2351 5522 Πρός
2375 5448 2489 5522 τὴν
2530 5449 2724 5522 αὐτὴν
2762 5453 3111 5515 βασιλείαν.
3159 5452 3302 5522 Lego
3324 5467 3445 5506 cum
3476 5452 3567 5506 in-

1987 5527 2219 5596 terprete
2232 5518 2382 5596 πρὸς
2408 5520 2507 5596 τὴν
2539 5520 2722 5596 αὐτοῦ.

2064 5588 2176 5653 (52)
2207 5588 2337 5660 Ti};
2388 5588 2658 5658 ἀληθοῦς
2692 5594 3019 5660 εὐσεϐείας.
3085 5596 3138 5649 ln
3200 5596 3387 5651 codice
3428 5591 3566 5649 Fuit.

1994 5661 2143 5711 deest
2170 5658 2400 5729 ἀληθοῦς
2431 5666 2648 5716 rectius.
