3926 6264
434 297 582 357 139.7

1120 295 1392 353 EUSEBH
1429 297 1910 357 CESARIENSIS
1946 303 2095 362 OPP.
2137 305 2316 367 PARS
2354 312 2396 367 Ι.
2434 345 2504 355 -
2541 310 2935 367 HISTORICA.

3558 318 3684 373 1518

441 421 672 480 busdam
694 420 999 491 spiritibus,
1029 427 1087 474 ut
1133 430 1351 474 veteres
1381 421 1489 489 illi;
1518 438 1617 478 nec
1645 425 1880 495 spectris
1908 428 2002 483 dae-

2117 433 2177 485 οὐ
2211 433 2443 505 χθονίοις
2472 434 2614 490 κατά
2641 436 2767 498 τοὺς
2800 432 3067 497 παλαιοὺς
3106 432 3344 487 συντελεῖ
3374 434 3683 507 πνεύμασιν,

443 528 664 569 monum
711 512 1019 582 imperitam
1056 512 1464 568 multitudinem
1497 516 1894 581 seducentium.
1920 534 2020 574 nec

443 604 725 659 fraudibus
754 615 808 659 et
845 603 1167 657 commentis
1216 605 1496 659 hominum
1549 608 1836 677 impiorum
1878 609 2021 666 cele-

443 696 583 760 brat,
608 696 703 750 sed
742 694 839 763 ipsi
866 710 897 748 a
922 709 1029 765 quo
1061 694 1363 752 honoratus
1398 706 1483 752 est
1517 699 1647 766 Deo,
1672 700 1875 768 gratias
1897 716 2020 770 pcr-

439 788 603 842 solvit
629 802 643 852 ;
671 786 924 843 conscius
957 787 1170 844 scilicet
1196 790 1459 846 bonorum
1476 807 1593 861 qua:
1609 792 1677 846 ab
1706 807 1771 847 co
1789 795 2017 864 accepit,

442 895 551 935 non
571 889 809 933 veterum
828 878 957 946 ritu,
976 881 1231 950 palatium
1251 898 1442 940 cruore
1468 899 1530 939 ac
1562 885 1685 940 tabo
1710 885 2016 957 inquinans,

439 985 543 1025 nec
565 970 714 1025 fumo
729 978 785 1024 et
800 970 922 1041 igne
937 982 992 1027 et
1015 973 1344 1031 holocaustis
1361 984 1601 1031 terrenos
1617 978 1886 1033 dremoues
1901 980 2018 1048 pla-

435 1076 598 1130 cans;
623 1077 809 1118 verum
840 1079 1052 1121 summo
1081 1067 1322 1122 omnium
1351 1068 1464 1139 regi
1518 1078 1728 1138 gratam
1760 1077 1818 1124 et
1860 1084 2019 1126 acce-

432 1162 582 1225 ptam
597 1156 872 1211 victimam
893 1198 909 1224 ,
937 1174 1093 1213 suum
1125 1159 1378 1215 videlicet
1417 1160 1624 1230 regium
1661 1161 1923 1231 animum,
1954 1179 2016 1223 ac

440 1255 675 1301 mentem
733 1248 845 1303 Deo
882 1249 1255 1321 dignissimam
1306 1265 1662 1307 consecrans.
1698 1253 1825 1307 Sola
1869 1255 2012 1310 enim

435 1338 552 1394 haec
574 1339 792 1394 victima
822 1338 934 1396 Deo
971 1338 1211 1410 jucunda
1262 1352 1367 1408 est,
1399 1357 1561 1412 quam
1593 1344 1889 1414 imperator
1918 1362 2016 1401 no-

434 1440 545 1485 ster
575 1430 780 1500 absque
808 1430 933 1502 igne
959 1441 1014 1487 ct
1036 1435 1322 1505 sanguine,
1350 1438 1502 1505 puris
1545 1436 1711 1490 animi
1736 1440 2017 1509 cogitatio-

435 1522 592 1577 nibus
608 1521 767 1577 litare
787 1524 1101 1605 condidicit,
1128 1528 1254 1579 dum
1287 1527 1485 1596 partim
1506 1528 1649 1583 veris
1671 1530 2015 1597 opinionibus

432 1629 498 1669 ac
529 1615 815 1671 sententiis
866 1615 919 1670 in
962 1617 1145 1673 animo
1184 1618 1481 1675 reconditis
1514 1620 1767 1689 pietatem
1810 1621 2014 1677 conlin-

434 1717 598 1775 mat;
647 1709 849 1779 partim
907 1711 1216 1781 magnilicis
1269 1714 1616 1769 orationibus
1671 1714 1857 1769 Iaudes
1915 1713 2008 1768 Dei

432 1801 712 1870 praedicat,
743 1812 799 1856 et
837 1803 1003 1873 regiis
1040 1804 1255 1858 actibus
1296 1804 1391 1860 Dei
1423 1806 1765 1862 clementiam
1793 1807 2011 1862 aztnula-
2047 1785 2086 1841 Β

428 1905 542 1956 tur,
584 1902 732 1949 totus
766 1893 817 1949 ei
844 1893 1118 1960 addictus,
1151 1896 1441 1965 magnique
1465 1898 1638 1952 instar
1656 1897 1782 1950 doni
1816 1909 2014 1953 semet-

432 1983 608 2053 ipsutu
639 1984 692 2040 ei
717 1985 993 2049 dedicans,
1024 1985 1173 2042 velut
1219 1988 1487 2058 primitias
1536 1991 1685 2047 orbis
1718 1990 1872 2060 cujus
1896 1992 2011 2061 ipse

430 2078 964 2134 administrationem
1030 2079 1262 2147 accepit.
1298 2079 1448 2136 Hanc
1491 2081 1658 2153 igitur
1716 2084 2007 2136 maximam

425 2166 663 2224 hostiam
690 2183 817 2226 ante
846 2186 1035 2227 omnes
1070 2171 1171 2225 rite
1195 2171 1442 2227 immolat
1471 2172 1787 2244 imperator.
1813 2173 2009 2230 humo-

425 2256 505 2312 λιιι
531 2274 659 2316 vero
687 2271 876 2330 utpote
903 2261 1080 2317 bonus
1110 2272 1317 2332 pastor,
1355 2278 1462 2318 non

532 2456 802 2528 Agnorunt
826 2455 1029 2511 credens
1049 2456 1519 2526 primogeuitorum
1546 2452 1901 2520 hecatombas,

422 2551 520 2608 sed
550 2550 834 2606 rationalis
867 2549 1047 2621 gregis
1093 2550 1186 2618 qui
1225 2549 1294 2604 ab
1343 2548 1462 2618 ipso
1499 2549 1744 2617 pascitur
1771 2549 2005 2614 animos,

424 2644 492 2698 ad
529 2642 892 2712 cognitionem
927 2641 1019 2696 Dei
1059 2643 1377 2710 cultumque
1404 2640 1728 2709 perducens.

1050 2733 1278 2790 CAPUT
1306 2732 1392 2789 ΙΙΙ.

492 2828 565 2883 At
594 2828 736 2884 Deus
780 2826 1089 2896 hujusmodi
1123 2826 1424 2883 delectatus
1472 2826 1669 2894 hostia,
1699 2826 2007 2897 donumque

423 2920 527 2975 sibi
567 2918 807 2975 oblatum
838 2918 1072 2974 libenter
1100 2917 1399 2994 accipiens,
1433 2918 1724 2973 venerandi
1769 2918 1928 2988 hujus
1952 2927 2007 2974 et

424 3011 613 3067 eximii
634 3010 887 3067 sacrillcii
916 3012 1217 3067 antistitem
1243 3010 1538 3075 collaudat,
1569 3010 1874 3080 multosque
1903 3025 2003 3064 an-

423 3116 618 3158 norum
652 3102 914 3159 circuitus
940 3103 1055 3172 ejus
1092 3101 1319 3171 imperio
1344 3100 1566 3170 adjicit;
1604 3116 1703 3170 pro
1736 3103 1897 3155 modo
1922 3117 2005 3156 re-

422 3192 641 3265 ligionis
660 3210 767 3266 qua
805 3194 874 3250 ab
895 3194 1224 3264 imperatore
1274 3194 1493 3260 colitur,
1518 3207 1614 3249 sua
1641 3194 1695 3246 in
1724 3191 1875 3247 illum
1905 3194 2001 3248 be-

422 3284 615 3340 neﬁcia
659 3285 897 3341 vicissim
936 3285 1233 3356 adaugeus.
1266 3283 1574 3355 Omnesque
1601 3284 1649 3340 ei
1684 3285 2005 3340 festivitates

423 3377 707 3434 celebrare
746 3377 1018 3433 concessit
1046 3392 1169 3431 cum
1208 3392 1423 3432 summa
1462 3375 1757 3446 singularis
1793 3376 2002 3446 imperii

392 3467 721 3537 -l‘elicitate;
766 3468 991 3539 singulis
1034 3468 1411 3524 decennaliqu
1462 3468 1685 3523 circulis
1739 3483 1905 3521 unum
1937 3483 2003 3524 ex

420 3558 538 3629 ejus
576 3560 765 3616 liberis
806 3560 874 3614 ad
924 3560 1222 3631 imperialis
1267 3560 1450 3616 throni
1491 3559 1822 3615 consortium
1874 3574 2003 3629 pro-

421 3668 663 3711 movens.
705 3652 887 3710 Primo
933 3654 1079 3710 enim
1128 3663 1259 3708 natu
1328 3652 1624 3708 maximum
1672 3653 1765 3723 qui
1826 3662 2003 3722 pater-

419 3760 490 3800 no
546 3746 851 3817 appellatur
905 3746 1163 3812 nomine,
1215 3746 1393 3816 primo
1451 3745 1668 3814 imperii
1738 3746 2002 3801 decennio

418 3851 726 3895 consortem
772 3838 927 3910 regni
980 3837 1339 3894 renuntiavit.
1388 3837 1527 3892 Eum
1583 3837 1781 3893 deinde
1832 3837 1999 3908 609

418 3931 509 4000 qui
556 3931 828 3988 secundus
874 3943 999 3989 erat
1027 3940 1211 3998 mtatc,
1259 3931 1499 3988 secundo
1546 3931 1756 4000 imperii
1798 3933 1999 3986 decen-

420 4026 552 4093 nio;
589 4026 805 4096 tertium
836 4024 1092 4095 deinceps
1140 4023 1300 4080 tertio
1331 4024 1450 4094 ejus
1488 4022 1996 4094 festivitatisgquam

418 4128 564 4171 nunc
616 4114 956 4171 celebramus
1004 4114 1293 4170 decennio.
1359 4114 1605 4183 Cumque
1658 4113 1769 4182 jam
1830 4127 1997 4182 quar-

420 4218 507 4262 tus
549 4207 689 4263 volvi
721 4207 952 4279 coeperit
992 4206 1254 4273 circulus,
1286 4215 1470 4277 utpote
1513 4213 1816 4275 temporum
1870 4220 1997 4274 spa-

418 4301 508 4355 tiis
556 4301 725 4371 magis
770 4301 1054 4371 magisque
1091 4314 1214 4355 sese
1268 4298 1736 4363 extendentibus,
1777 4297 1996 4367 copiosa

418 4395 636 4465 generis
681 4393 980 4459 societate,
1038 4402 1096 4448 et
1148 4390 1427 4447 Caesarum
1493 4389 1997 4460 nuncupationibus

2120 525 2240 579 οὐδὲ
2297 526 2613 582 λαοπλάνων
2651 526 2899 598 φάσμασι
2943 524 3244 597 δαιμόνων,
3299 525 3412 580 οὐδ’
3467 527 3687 594 ἀπάταις

2120 620 2214 672 καὶ
2243 618 2431 692 ἄκροις
2462 619 2639 674 ἀθέων
2671 618 2881 692 ἀνδρῶν
2910 618 3051 690 (55),
3079 616 3226 690 αὐτῷ
3249 618 3305 672 δὲ
3335 618 3409 673 τὰ
3442 624 3684 693 χαριστή-

2121 730 2213 784 ρια
2256 711 2335 784 τῷ
2386 712 2742 785 τετιμηκότι,
2780 711 3189 785 συνῃσθημένος
3236 712 3344 766 τῶν
3402 715 3484 776 είς
3539 715 3689 769 αὐτὸν

2119 803 2573 876 κεχορηγημένων
2603 802 2844 873 ἀγαθῶν,
2884 801 3206 857 ἀποδίδωσιν
3226 819 3240 834 ο
3277 804 3339 857 οὐ
3383 803 3527 858 κατά
3572 807 3689 872 τοὺς

2119 897 2402 961 παλαιοὺς,
2434 897 2626 967 αἵμασι
2661 898 2756 950 καὶ
2782 895 2999 969 λύθροις
3023 898 3152 961 τοὺς
3181 896 3495 966 βασιλικοὺς
3521 899 3689 964 οίκους

2121 989 2349 1061 μιαίνων
2375 1030 2391 1056 ,
2419 988 2538 1042 οὐδὲ
2566 987 2759 1060 καπνῷ
2794 989 2890 1043 καὶ
2915 989 3081 1062 πυρὶ,
3116 987 3268 1054 ζώων
3298 1006 3358 1042 τε
3394 989 3688 1047 όλοκαύτων

2117 1080 2348 1146 θυσίαις,
2376 1080 2619 1152 χθονίους
2648 1080 2910 1152 δαίμονας
2934 1080 3463 1153 ἀπομειλισσόμενος
3482 1122 3497 1146 ,
3524 1081 3621 1154 τὴν
3645 1084 3685 1138 δ’

2116 1173 2263 1245 αὐτῷ
2293 1173 2371 1246 τῷ
2406 1171 2614 1243 βασιλεῖ
2650 1172 2759 1227 τῶν
2791 1172 2927 1227 ὅλων
2958 1172 3232 1245 προσφιλῆ
3272 1173 3368 1227 καὶ
3408 1174 3687 1245 χαρίεσσαν

2116 1262 2326 1327 θυσίαν,
2352 1265 2521 1337 αὐτὴν
2549 1262 2747 1335 δηλαδὴ
2772 1262 2872 1334 τὴν
2905 1261 3068 1315 αὑτοῦ
3098 1261 3381 1334 βασιλικὴν
3398 1263 3575 1334 ψυχὴν
3603 1266 3686 1318 καὶ

2113 1356 2204 1409 τὸν
2230 1355 2354 1412 νοῦν
2384 1358 2476 1412 τὸν
2504 1355 2999 1429 θεοπρεπέστατον,
3029 1355 3270 1427 ἀφιερῶν
3312 1355 3467 1426 αὐτῷ
3485 1373 3499 1387 ο
3543 1356 3685 1413 θυσία

2113 1448 2221 1521 γὰρ
2261 1448 2400 1521 αῦτη
2455 1450 2733 1523 προσηνὴς
2788 1447 2936 1519 αὐτῷ
2982 1448 3117 1521 μόνη
3148 1464 3162 1477 ο
3197 1449 3263 1520 ἣν
3291 1448 3358 1522 δὴ
3390 1448 3635 1521 βασιλεὺς
3659 1456 3684 1507 ό

2114 1543 2414 1614 ἡμεδαπὸς,
2439 1541 2745 1615 καλλιερεῖν
2769 1540 2999 1613 ἀπύροις
3025 1542 3119 1595 καὶ
3146 1540 3399 1613 ἀναίμοις
3420 1545 3533 1606 τοῖς
3560 1541 3685 1597 κατά

2113 1635 2351 1691 διάνοιαν
2379 1634 2811 1706 κεκαθαρμένοις
2843 1632 3122 1703 λογισμοῖς
3154 1632 3495 1698 δεδίδακται,
3522 1633 3684 1705 ψυχῆς

2117 1730 2215 1801 μὲν
2257 1727 2635 1799 ἀδιαψεύστοις
2665 1726 2898 1797 δόγμασι
2940 1725 3011 1779 τά
3034 1726 3133 1797 τῆς
3168 1724 3456 1790 εὐσεϐείας
3496 1730 3683 1799 κρατύ-

2112 1840 2237 1886 νων,
2272 1821 2414 1893 λόγῳ
2444 1820 2500 1874 δὲ
2529 1820 2935 1891 μεγαλοπρεπεῖ
2964 1819 3239 1892 γεραίρων
3270 1819 3373 1890 τὴν
3400 1818 3681 1889 θεολογίαν,

2113 1913 2343 1988 πράξεσί
2375 1930 2434 1967 τε
2461 1911 2764 1984 βασιλικαῖς
2784 1912 2882 1983 τὴν
2914 1909 3009 1964 τοῦ
3050 1912 3362 1984 κρείττονος
3402 1909 3580 1983 ζηλῶν
3605 1928 3684 1983 φι-

2110 2001 2492 2075 λανθρωπίαν,
2548 2001 2667 2066 ὅλος
2693 2018 2755 2054 τε
2793 2001 3152 2073 ἀνακείμενος
3193 2000 3345 2072 αὐτῷ
3367 2042 3383 2067 ,
3417 2003 3513 2055 καὶ
3554 2003 3681 2073 μέγα

2109 2092 2279 2166 δῶρον
2306 2091 2579 2157 ἀνατιθεὶς
2598 2092 2761 2158 αὐτὸς
2792 2093 3004 2159 ἑαυτὸν,
3025 2086 3087 2146 οῦ
3111 2093 3475 2147 πεπίστευται
3493 2095 3679 2165 κόσμου

2108 2185 2168 2239 τὸ
2200 2184 2503 2256 ἀκροθίνιον
2524 2202 2539 2215 ο
2577 2183 2740 2238 τοῦτο
2780 2185 2842 2257 δὴ
2880 2185 3136 2257 μέγιστον
3195 2186 3395 2256 ἱερεῖον
3445 2187 3549 2258 πρὸ
3583 2188 3678 2241 τῶν

2108 2278 2362 2332 ἀπάντων
2388 2276 2661 2350 καλλιερεί
2695 2276 2807 2350 (34)
2839 2268 3114 2350 βασιλεῦς,
3146 2276 3264 2331 θύει
3285 2276 3334 2331 δ’
3372 2276 3470 2332 ἆτε
3496 2279 3678 2352 ποιμὴν

2109 2366 2312 2437 ἀγαθὸς
2337 2408 2351 2432 ,
2392 2368 2493 2421 οὐκ

2192 2456 2416 2529 Ἀρνῶν’
2444 2458 2837 2528 πρωτογόνων
2855 2456 3038 2528 ῥέζων
3067 2456 3310 2524 κλειτὰς
3339 2458 3673 2527 ἑκατόμϐας,

2105 2547 2216 2603 τῶν
2249 2549 2293 2601 δ’
2347 2549 2437 2602 ὐπ’
2469 2546 2617 2619 αὐτῷ
2640 2548 3078 2620 ποιμαινομένων
3107 2547 3343 2618 λογικῶν
3368 2547 3674 2621 θρεμμάτων

2105 2638 2205 2704 τὰς
2235 2637 2413 2710 ψυχάς
2439 2640 2507 2712 τῇ
2540 2637 2707 2692 αὐτοῦ
2728 2637 2926 2708 γνώσει
2951 2640 3047 2692 καὶ
3075 2638 3328 2712 εὐσεϐείᾳ
3361 2639 3653 2712 προσάγων.

2654 2731 3054 2785 ΚΕΦΑΛᾹΙυΝ
3082 2732 3157 2784 Γ’.

2191 2824 2249 2878 Ὀ
2295 2824 2352 2878 δὲ
2402 2822 2480 2895 τῷ
2530 2822 2720 2895 τοιῷδε
2775 2821 2981 2894 χαίρων
3036 2823 3246 2896 ἱερείῳ,
3292 2823 3395 2877 καὶ
3437 2822 3498 2875 τὸ
3523 2820 3672 2895 δῶρον

2106 2915 2358 2988 ἀσμένως
2378 2914 2781 2987 ἀσπαζόμενος,
2807 2914 2907 2986 τῆς
2936 2914 3139 2986 σεμνῆς
3161 2914 3255 2967 καί
3287 2911 3669 2984 καλλιπρεποῦς

2106 3008 2297 3074 θυσίας
2332 3008 2424 3062 τὸν
2467 3008 2793 3081 ἱεροφάντην
2838 3007 3144 3080 ἀγάμενος,
3193 3006 3511 3080 προσθήκας
3541 3003 3670 3075 αὐτῷ

2110 3100 2334 3173 μακρῶν
2362 3100 2624 3174 περιόδων
2657 3101 2756 3172 τῆς
2793 3100 3068 3172 βασιλείας
3100 3100 3462 3173 προστίθησιν
3484 3143 3498 3168 ,
3533 3101 3669 3171 ἀμοι-

2106 3195 2275 3259 ϐαίως
2307 3198 2427 3259 ταῖς
2458 3195 2541 3260 είς
2568 3195 2731 3249 αὐτὸν
2756 3195 2931 3259 ὁσίαις
2955 3194 3134 3260 αὔξων
3176 3193 3277 3259 τάς
3324 3194 3631 3266 εὐεργεσίας
3652 3209 3664 3222 σ

2107 3288 2334 3363 παρέχει
2382 3305 2443 3341 τε
2503 3288 2765 3353 παντοίας
2823 3287 3016 3361 ἑορτὰς
3075 3287 3316 3342 ἐκτελεῖν
3374 3289 3470 3342 σὺν
3521 3285 3664 3358 πολλῇ

2103 3384 2170 3453 τῇ
2217 3380 2474 3455 ῥᾳστώνῃ
2512 3383 2614 3452 τῆς
2665 3381 2999 3454 μοναρχίας,
3052 3381 3139 3451 ἐφ’
3189 3382 3402 3457 ἑκάστῃ
3460 3381 3666 3454 περιόδῳ

2102 3471 2392 3537 δεκαετοῦς
2423 3470 2785 3544 πανηγύρεως
2805 3515 2820 3536 ,
2849 3471 2947 3525 ἕνα
2984 3470 3110 3524 τινὰ
3136 3471 3245 3524 τῶν
3273 3471 3443 3525 αὐτοῦ
3484 3472 3663 3526 παίδων

2102 3567 2195 3620 ἐπὶ
2222 3565 2322 3636 τὴν
2353 3563 2446 3618 τοῦ
2475 3562 2754 3635 βασιλικοῦ
2788 3563 2980 3636 θρόνου
3024 3565 3312 3618 κοινωνίαν
3348 3561 3661 3636 προχειριζό·

2105 3675 2265 3731 μενος
2284 3673 2300 3688 '
2331 3656 2549 3730 πρῶτον
2594 3674 2659 3727 γε
2696 3656 2792 3710 τοῦ
2830 3655 3036 3728 πατρὸς
3061 3657 3152 3710 τὸν
3191 3658 3514 3730 ὁμώνυμον,
3543 3655 3661 3711 κατά

2100 3751 2200 3824 τὴν
2234 3749 2457 3824 πρώτην
2502 3750 2600 3822 τῆς
2648 3748 2933 3820 βασιλικῆς
2992 3749 3243 3821 περιόδου
3298 3749 3499 3804 δεκάδα
3544 3748 3658 3820 (55),

2099 3841 2192 3896 τοῦ
2237 3839 2514 3914 βασιλικοῦ
2561 3839 2819 3895 κοινωνὸν
2862 3841 3111 3913 ἀπέφηνε
3150 3841 3388 3914 κλήρου,
3436 3841 3658 3914 δεύτερον

2099 3933 2145 3988 δ’
2174 3933 2267 3987 ἐπὶ
2291 3935 2357 4005 τῇ
2381 3932 2609 4006 δευτέρᾳ
2637 3931 2853 3996 δεκάδι,
2883 3932 2974 3986 τὸν
3007 3933 3204 4005 ἐφεξῆς
3239 3933 3317 4005 τῷ
3351 3934 3522 4007 χρόνῳ
3541 3974 3556 3999 ,
3583 3934 3658 3988 τὸν

2098 4019 2276 4091 τρίτον
2299 4018 2577 4083 ὡσαύτως,
2601 4020 2694 4073 ἐπὶ
2721 4022 2787 4092 τῇ
2826 4021 2985 4093 τρίτῃ
3020 4022 3120 4093 τῆς
3146 4012 3284 4093 μετά
3330 4027 3517 4096 χεῖρας
3558 4026 3656 4095 ἐορ-

2098 4110 2200 4182 τῆς
2250 4112 2466 4167 δεκάδι·
2511 4112 2611 4185 ἤδη
2657 4112 2716 4167 δὲ
2760 4114 2854 4168 καὶ
2895 4114 3167 4187 τετάρτης
3203 4117 3655 4188 ἀνακυκλουμένης

2099 4204 2349 4276 περιόδου
2376 4203 2508 4275 (56),
2540 4203 2618 4269 ὡς
2646 4204 2713 4258 ἂν
2745 4204 2853 4259 τῶν
2880 4206 3089 4279 χρόνων
3123 4209 3203 4271 είς
3239 4208 3417 4279 μῆκος
3443 4212 3652 4263 ἐκτεινο-

2101 4297 2296 4368 μένων,
2329 4296 2607 4365 συναύξων
2631 4297 2731 4370 τὴν
2759 4297 3036 4369 βασιλείαν
3067 4299 3285 4371 ἀφθόνῳ
3308 4301 3554 4372 κοινωνίᾳ
3572 4298 3650 4352 τοῦ

2096 4388 2323 4458 γένους,
2364 4391 2660 4461 Καισάρων
2714 4407 2776 4443 τε
2830 4389 3133 4456 ἀναδείξεσι
3184 4391 3335 4463 (57),
3390 4391 3651 4466 προφητῶν

486 4524 603 4599 (55)
630 4527 857 4595 Ἀκροις
907 4525 1102 4617 ἀθέων]
1458 4523 1726 4617 Corrupta
1770 4530 1995 4617 aest

2109 4521 2474 4617 _.<5‘ZLV"'8,:
2487 4523 2604 4617 ἤδη
2626 4523 2695 4608 δέ
2713 4524 3125 4617 miserm
3143 4524 3649 4617 ἀνεκυκέιιιμένης

414 4593 629 4669 gotisoni.
689 4593 788 4667 pro
818 4612 941 4669 qua
975 4596 1103 4669 quid
1148 4596 1585 4669 substituendum
1626 4596 1759 4669 sit,"
1785 4593 1992 4648 nescio.

414 4661 530 4721 Nisi
560 4661 704 4722 forte
725 4661 899 4736 placet
921 4661 1272 4738 ἀκροάσεσιν.
1303 4664 1513 4738 Laudat
1549 4663 1696 4716 enim
1720 4661 1992 4738 Constano

416 4739 609 4803 tinum,
654 4733 797 4807 quod
846 4733 1232 4792 decetinalibus
1288 4735 1405 4791 suis
1449 4744 1698 4789 oratores
1744 4733 1993 4789 ethnicos

414 4821 523 4861 non
553 4809 823 4863 admittat.

487 4877 602 4950 (54)
638 4876 795 4947 Vulg.
841 4876 993 4950 πρὸς
1021 4874 1445 4950 τῷν-ἀπάντων
1471 4871 1793 4950 καμιερεῒ.
1839 4872 1991 4929 Scri-

413 4944 647 5019 beu‘dum
671 4944 894 5019 θειίπρδ
907 4947 1016 5000 τῶν
1047 4947 1326 5019 ἀπάντων,
1352 4946 1434 5019 vel
1468 4944 1704 5019 πρῶτος.

486 5017 597 5141 (5d?
623 5018 785 5101 Κατὰ
808 5012 923 5087 τὴν
946 5016 1187 5099 πρώτῃν
1210 5016 1321 5084 τῆς
1341 5012 1677 5098 ,ϐασιλικῆς
1705 5012 1986 5102 περιόδου

486 5104 518 5141 κ
596 5104 653 5141 α.
683 5089 739 5141 St
779 5103 894 5141 rem
939 5097 1189 5141 exactius
1222 5089 1610 5141 disnmramus.
1657 5085 1849 5137 falsum
1881 5095 1985 5141 est.

411 5085 653 5142 δεκάδα.
683 5089 739 5144 Si
779 5085 894 5143 rem
939 5085 1189 5143 exactius
1222 5089 1610 5155 disquiramus,
1657 5085 1849 5137 falsu’m
1881 5095 1985 5146 est,

411 5159 830 5213 Constantinum
869 5158 1141 5227 juniorem
1166 5159 1440 5227 Caesarem
1484 5172 1516 5210 a
1558 5164 1712 5227 patre
1735 5156 1987 5227 creatum

414 5230 581 5284 fuisse
609 5229 786 5300 primo
813 5223 1028 5297 imperii
1050 5226 1391 5300 Constantini
1417 5225 1696 5282 decennio.
1721 5223 1989 5300 Constan-

414 5301 565 5354 tinus
590 5293 732 5353 enim
753 5293 938 5368 junior
986 5313 1017 5352 a
1035 5308 1203 5368 patre
1226 5297 1413 5368 Caesar
1439 5306 1655 5368 creatus
1676 5293 1991 5368 est,_Ga_llig

413 5383 551 5424 cauo
579 5379 634 5422 et
662 5363 829 5423 Basso
858 5382 1001 5423 coss.
1031 5367 1291 5422 Kalendis
1327 5366 1559 5431 Martiis,
1614 5379 1755 5419 anno
1785 5363 1989 5419 Christi

413 5435 539 5495 317.
576 5439 702 5493 Erat
732 5439 819 5493 hic
858 5452 1033 5492 annus
1066 5438 1277 5505 itnperii
1307 5435 1652 5491 Constantini
1696 5450 1770 5489 xr.
1807 5436 1990 5500 Quare

414 5521 523 5561 non
559 5510 699 5562 intra
728 5508 960 5577 primum
988 5509 1336 5571 decennium,
1385 5509 1479 5561 sed
1521 5506 1701 5577 potius
1738 5507 1878 5559 intra
1911 5520 1990 5559 se-

410 5578 645 5647 cundum
686 5575 868 5634 Caesar
911 5586 1127 5632 creatus
1173 5588 1258 5632 est
1326 5575 1536 5647 junior'
1570 5575 1988 5647 Cousuantinus.

412 5645 647 5702 Proinde
692 5649 781 5702 hic
826 5647 1045 5703 Eusebii
1090 5648 1241 5701 locus
1268 5645 1502 5716 benigne
1541 5645 1987 5713 iuterpretandns

410 5725 596 5788 estget
617 5717 759 5769 κατά
786 5716 889 5786 τὴν
917 5716 1139 5788 πρώτην
1167 5716 1386 5785 δεκάδα,
1415 5718 1737 5774 sumendum
1770 5726 1855 5771 est
1890 5730 1988 5785 pro

410 5785 553 5857 ἀμφὶ
583 5788 701 5857 τήν.

2101 4594 2399 4662 περιόδου.
2435 4594 2620 4649 Const.
2657 4600 2954 4665 imperator
2982 4597 3304 4650 tricennalia
3336 4594 3501 4651 edidit
3530 4598 3649 4650 Cou-

2101 4666 2304 4719 stantio
2342 4675 2399 4720 et
2438 4665 2633 4721 Albino
2679 4664 2819 4720 cess.
2871 4681 2966 4720 vm
2994 4666 3267 4721 Kalendas
3298 4666 3541 4735 Augusti,
3570 4664 3647 4735 qui

2099 4735 2216 4789 dies
2247 4735 2578 4805 tricesimum
2610 4736 2729 4805 ejus
2762 4737 2974 4804 imperii
3009 4751 3214 4790 annum
3252 4736 3548 4790 inchoabat.
3580 4735 3647 4788 Ab

2099 4805 2203 4860 hoc
2245 4802 2409 4873 i'gitur
2437 4805 2526 4859 die
2553 4802 2880 4874 supradictis
2927 4822 3100 4869 coss.,
3138 4820 3279 4861 anno
3307 4806 3503 4861 Christi
3538 4804 3643 4869 535,

2100 4874 2390 4943 incipiebat
2423 4885 2615 4945 quarta
2646 4876 2903 4945 periodus
2938 4876 3254 4931 decennalis
3287 4876 3495 4944 imperii
3523 4876 3643 4930 Cun-

2097 4946 2323 4999 stantiui
2349 4945 2502 5013 juxta
2548 4947 3007 5014 cmuputatiouem
3041 4945 3258 5002 Eusebii
3293 4963 3309 5001 :
3343 4962 3460 5002 cum
3489 4958 3641 5001 tatnelt

2096 5016 2336 5084 incipere
2362 5016 2538 5085 potius
2569 5016 2892 5085 deberetgab
2924 5017 3243 5084 insequente
3277 5032 3443 5081 anno,
3490 5019 3642 5085 primu

2094 5083 2304 5141 scilicet
2348 5083 2412 5139 ac
2455 5086 2754 5141 tricesimo.
2804 5083 3008 5140 Verum
3055 5083 3171 5142 haec
3209 5102 3315 5141 non
3366 5089 3439 5142 ita
3475 5083 3641 5142 exacte

2096 5155 2377 5226 supputari
2406 5156 2581 5210 solent
2607 5157 2675 5210 ab
2697 5156 3027 5226 oratoribus.

2166 5225 2280 5296 (57)
2343 5225 2660 5295 Καισάρων
2704 5242 2770 5280 τε
2816 5225 3185 5292 ἀναδείξεσι.
3242 5226 3565 5296 Dalmatium
3593 5227 3641 5277 et

2097 5292 2573 5366 Hanniballianuui
2597 5296 2867 5364 intelligit,
2894 5312 3125 5365 quorum
3144 5297 3293 5366 prior
3310 5298 3503 5358 Caesar,
3519 5292 3639 5346 alter

2096 5364 2371 5441 verone);
2401 5382 2431 5421 a
2467 5366 2828 5441 Constantino
2858 5364 3166 5441 declaratus
3206 5380 3300 5441 est
3324 5367 3636 5441 anno_inipef

2096 5437 2163 5491 rii
2191 5437 2486 5499 tricesimo,
2539 5438 2625 5491 die
2673 5453 2741 5491 xv
2789 5436 3056 5491 Kalendas
3083 5437 3354 5498 Octobris,
3384 5447 3439 5489 ut
3467 5435 3634 5497 legitur

2098 5508 2152 5560 in
2188 5504 2369 5578 Fastis
2420 5498 2594 5578 ldatii.
2654 5507 3017 5578 Hieronymus
3065 5507 3118 5560 in
3163 5507 3413 5578 Chronico
3466 5498 3632 5578 scribit

2099 5577 2487 5631 tricennalibus
2513 5567 2877 5633 Constantini'
2905 5577 3233 5631 Dalmatium
3285 5577 3533 5632 Carsarem
3568 5567 3631 5621 fa-

2095 5659 2242 5723 ctum
2265 5647 2455 5723 fuisse.
2494 5648 2592 5704 Ubi
2629 5647 2950 5702 tricennalia
2981 5649 3160 5723 posuit
3184 5663 3283 5723 pro
3308 5658 3443 5701 anno
3478 5645 3624 5723 turpe:

2098 5718 2165 5771 rii
2210 5718 2520 5783 tricesimo,
2575 5733 2697 5773 cum
2731 5728 2912 5771 tamen
2963 5714 3281 5773 tricennalia
3331 5714 3533 5787 proprie
3567 5714 3630 5763 sit

2099 5788 2215 5843 dies
2257 5788 2460 5857 primus
2506 5788 2636 5843 anui
2679 5788 2963 5845 tricesimi.
3031 5788 3244 5843 Etenim
3314 5789 3625 5854 imperatores
