3926 6264
260 269 395 327 45Ξ9

1394 276 1480 330 DE
1518 275 1862 333 LAUDlBUS
1896 275 2211 334 CONSTAN
2221 277 2378 334 TlNl.

3367 274 3390 328 ἰ
3399 273 3520 329 53ὒ⁴

255 385 412 440 θείων
442 385 554 459 (58)
583 386 889 460 ἀποπληροῖ
913 389 1291 461 θεσπίσματα,
1335 391 1371 445 ἀ
1415 391 1478 465 δὴ
1525 391 1693 446 πάλαι
1739 390 1828 445 καὶ

1937 393 2225 462 imperium
2249 390 2609 464 ampliﬁcatis,
2649 388 2956 445 divinorum
2982 387 3370 459 prophetarum
3402 388 3504 440 im-

255 477 529 548 πρόπαλαι
557 471 658 531 ὧδέ
687 497 764 550 πη
793 480 950 534 ἐϐόα·
990 500 1008 533 ι
1049 483 1160 536 Καὶ
1181 482 1525 554 διαλήψονται
1545 484 1644 554 τὴν
1676 483 1829 554 βασι-

254 569 402 624 λείαν
427 571 570 639 ἅγιοι
613 571 888 640 Ὑψίστου.
930 594 948 626 ι
985 574 1139 628 Οὕτω
1173 575 1306 648 δῆτα
1335 575 1544 646 χρόνων
1577 576 1691 647 ἅμα
1735 577 1830 630 καὶ

253 659 458 712 παίδων
483 658 734 732 αὐξήσεις
764 660 1064 733 βασιλεῖτῷ
1091 662 1488 734 θεοφιλεστάτῳ
1513 663 1646 726 Θεὸς
1671 661 1829 725 αὑτὸς

251 755 281 806 ὁ
318 752 699 823 παμϐασιλεὺς
742 754 1117 826 δωρούμενος,
1152 755 1507 826 ἀκμάζουσαν
1548 754 1696 826 αὑτῷ
1738 756 1830 808 καὶ

251 846 453 917 νεαρὰν
501 846 599 918 τὴν
647 846 786 900 κατά
850 847 956 902 τῶν
1003 849 1094 902 ἐπὶ
1131 848 1236 919 γῆς
1279 847 1447 902 ἐθνῶν
1509 847 1827 918 ἠγεμονίαν,

250 936 444 1010 ὥσπερ
487 939 611 1010 ἄρτι
652 939 808 1008 φύειν
841 939 1151 1012 ἀρχομένην
1185 940 1535 1012 καθίστησιν·
1578 940 1739 1003 αὑτός
1769 957 1830 993 τε

249 1029 400 1101 αὑτῷ
431 1030 673 1084 συντελεῖ
695 1031 794 1102 τὴν
823 1033 1127 1104 πανήγυριν
1146 1071 1160 1096 ,
1214 1032 1438 1103 νικητὴν
1495 1031 1656 1084 αὑτὸν
1695 1031 1829 1085 καθ-

251 1121 405 1186 ιστὰς
429 1121 636 1193 ἐχθρῶν
688 1123 942 1176 ἁπάντων
980 1123 1073 1176 καὶ
1098 1122 1377 1194 πολεμίων
1400 1164 1414 1187 ,
1455 1121 1732 1185 εὐσεϐείας
1770 1138 1830 1174 τε

249 1213 486 1286 ἀληθοῦς
514 1215 817 1286 ὑπόδειγμα
845 1218 960 1280 τοῖς
1002 1216 1095 1268 ἐπὶ
1117 1216 1222 1286 γῆς
1254 1217 1456 1270 ἅπασιν
1495 1214 1826 1284 ἀποφαίνων.

257 1304 319 1361 '0
342 1306 386 1359 δ’
411 1306 487 1370 ὡς
515 1305 629 1372 φῶς
653 1306 803 1376 ἡλίου
834 1312 1220 1380 μαρμαρυγαῖς
1245 1310 1363 1372 ταῖς
1399 1307 1508 1361 τῶν
1529 1307 1831 1378 Καισάρων

247 1398 604 1470 ἐπιλάμψεσι,
637 1400 761 1462 τοὺς
796 1401 1133 1472 πορρωτάτω
1165 1403 1277 1464 τοῖς
1309 1401 1494 1464 τόποις
1521 1401 1834 1472 ἀπῳκισμέ-

246 1507 408 1556 νους,
452 1492 573 1554 ταῖς
631 1491 711 1552 εἰς
757 1490 967 1562 μακρὸν
997 1491 1055 1556 ἐξ
1091 1489 1254 1544 αὑτοῦ
1299 1489 1833 1562 παραπεμπομέναις

247 1585 433 1636 ἀκτῖσι
497 1582 864 1652 καταυγάζει,
888 1576 990 1635 ὧδε
1045 1582 1144 1653 μὲν
1204 1585 1337 1654 ἡμῖν
1387 1585 1498 1646 τοῖς
1544 1582 1645 1654 τὴν
1694 1582 1833 1653 ἐῴαν

244 1674 474 1745 λαχοῦσι
507 1675 597 1728 τὸν
640 1674 862 1740 ἐπάξιον
907 1673 1073 1728 αὑτοῦ
1119 1675 1328 1746 καρπὸν
1365 1673 1497 1744 (59),
1525 1673 1751 1745 θάτερον
1775 1673 1832 1727 δέ

240 1765 358 1819 ’τῶν
386 1766 590 1820 παίδων
624 1766 837 1838 θατέρῳ
866 1766 1010 1834 γένει
1036 1765 1146 1819 τῶν
1186 1764 1486 1838 ἀνθρώπων
1511 1805 1524 1828 ,
1554 1765 1649 1819 καὶ
1672 1764 1833 1819 πάλιν

244 1857 408 1911 ἄλλον
438 1858 714 1929 ἀλλαχόθι,
749 1859 1076 1930 λαμπτῆρας
1108 1853 1200 1912 οἷα
1251 1861 1346 1912 καὶ
1382 1860 1671 1931 φωστῆρας
1723 1859 1831 1912 τῶν

245 1948 309 2014 ἐξ
334 1946 499 2004 αὑτοῦ
529 1952 913 2022 προχεομένων
935 1950 1129 2020 φώτων
1149 1991 1163 2016 ,
1209 1951 1544 2022 διενείματο·
1587 1947 1686 2004 εἶθ’
1727 1951 1832 2004 ὑπὸ

249 2041 385 2112 μίαν
430 2042 662 2115 ζεύγλην
716 2043 994 2115 βασιλικοῦ
1047 2044 1349 2118 τεθρίππου
1404 2045 1516 2116 (60)
1569 2045 1832 2117 τέτταρας

246 2133 556 2202 ὑποζεύξας
593 2136 756 2200 αὐτὸς
790 2137 965 2208 ἐαυτῷ
999 2131 1090 2190 οἷά
1136 2154 1289 2200 τινας
1330 2136 1542 2201 πώλους
1579 2139 1707 2201 τοὺς
1733 2141 1830 2191 ἀν-

243 2229 593 2301 δρειοτάτους
622 2231 932 2302 Καίσαρας,
953 2230 1130 2301 ἡνίαις
1158 2248 1218 2283 τε
1251 2232 1448 2295 αὑτοὺς
1488 2233 1669 2285 ἐνθέου
1705 2249 1833 2302 συμ-

247 2322 460 2391 φωνίας
485 2339 543 2375 τε
571 2323 666 2375 καὶ
686 2322 939 2393 ὁμονοίας
964 2322 1364 2394 ἁρμοσάμενος,
1386 2323 1591 2378 ἄνωθεν
1614 2322 1832 2393 ὑψηλῶς

246 2414 484 2486 ἡνιοχῶν
517 2414 751 2480 ἐλαύνει,
778 2416 914 2486 ὁμοῦ
943 2415 1040 2488 τὴν
1068 2415 1360 2488 σύμπασαν
1380 2457 1395 2481 ,
1439 2416 1572 2488 ὅσην
1613 2418 1642 2470 ὁ
1683 2416 1832 2487 ἥλιος

249 2507 449 2577 ἐφορᾷ,
483 2505 785 2560 διιππεύων
809 2547 824 2572 ,
854 2507 1016 2571 αὑτός
1056 2525 1117 2560 τε
1168 2509 1281 2571 τοῖς
1318 2509 1480 2561 πᾶσιν
1523 2505 1828 2579 ἐπιπαρὼν,

248 2597 349 2650 κα)⁵
382 2597 450 2651 τὰ
477 2597 654 2652 πάντα
675 2599 1159 2670 διασκοπούμενος.
1183 2600 1435 2655 Κᾶπειτα
1455 2600 1550 2671 τῆς
1579 2599 1830 2672 οὑρανίου

250 2685 532 2754 βασιλείας
558 2688 727 2741 εἰκόνι
766 2689 1179 2761 κεκοσμημένος
1205 2729 1220 2753 ,
1246 2689 1358 2745 ἄνω
1402 2688 1611 2758 βλέπων
1630 2729 1644 2754 ,
1689 2689 1833 2744 κατά

247 2778 352 2848 τὴν
381 2779 684 2851 ἀρχέτυπον
711 2780 853 2833 ἰδέαν
877 2781 1002 2845 τοὺς
1029 2781 1179 2834 κάτω
1235 2778 1601 2850 διακυϐερνῶν
1642 2779 1830 2842 ἰθύνει,

254 2872 529 2942 μονάρχου
552 2870 862 2935 δυναστείας
893 2873 1169 2944 μιμήματι
1192 2871 1451 2944 κραταιού
1459 2889 1616 2942 μενος
1636 2890 1650 2904 ο
1674 2871 1833 2925 τοῦτο

248 2961 364 3032 γὰρ
419 2960 719 3034 ἀνθρώπων
765 2963 924 3033 φύσει
964 2962 1070 3016 τῶν
1112 2964 1206 3017 ἐπὶ
1253 2963 1356 3033 γῆς
1384 2963 1526 3035 μόνῃ
1553 2961 1687 3035 (61),
1721 2964 1831 3018 τῶν

255 3054 514 3109 ἁπάντων
536 3054 833 3127 δεδώρηται
869 3054 1153 3128 βασιλεύς·
1181 3056 1343 3127 νόμος
1383 3055 1492 3127 γὰρ
1533 3051 1685 3121 οὗτος
1719 3056 1830 3130 ((3)

326 3146 348 3178 ⁸
375 3146 509 3200 Dan.
536 3161 635 3211 vtl,
673 3147 759 3204 18.

1931 485 2041 557 plet
2086 485 2332 550 oracula,
2377 485 2574 554 quibus
2613 483 2939 554 jampridem
2988 482 3301 552 przedictum
3349 491 3500 535 erat:

1930 577 1999 631 Et
2052 580 2334 646 suscipient
2386 593 2600 648 regnum
2645 575 2815 630 sancti
2860 574 3114 628 Altissimi
3157 574 3200 628 ⁵.
3238 573 3316 627 Ad
3361 573 3505 627 hunc

1932 671 2175 734 modum,
2212 680 2514 739 temporum
2547 667 2706 722 simul
2737 681 2800 721 ac
2825 665 3118 720 liberorum
3152 665 3500 717 incrementa

1931 764 2176 835 piissimo
2207 761 2525 832 imperatori
2555 759 2784 830 largitus
2815 772 3059 813 summus
3108 755 3350 809 omnium
3405 754 3504 807 im-

1933 866 2156 927 perator
2187 856 2344 920 Deus,
2378 855 2650 924 vigentem
2687 851 2734 905 ei
2776 865 2842 906 ac
2891 850 3170 904 ﬂorentem
3205 848 3354 902 orbis
3398 856 3506 901 ter-

1933 965 2118 1004 rarum
2158 948 2591 1018 dominationem
2621 956 2866 1018 praestat,
2902 943 3127 1015 perinde
3180 957 3244 996 ac
3288 940 3331 994 si
3365 953 3508 993 nunc

1934 1042 2168 1112 primum
2219 1040 2370 1095 nasci
2421 1051 2582 1109 atque
2616 1053 2902 1109 erumpere
2953 1037 3230 1107 ccepisset.
3275 1033 3506 1104 Ipseque

1933 1135 2068 1188 adeo
2115 1135 2258 1189 hanc
2323 1133 2370 1188 ei
2431 1132 2780 1187 festivitatem
2832 1138 2992 1185 curat
3031 1137 3196 1198 atque
3226 1127 3504 1191 adornat;

1932 1227 2131 1297 quippe
2157 1241 2317 1296 quem
2353 1227 2598 1281 hostium
2623 1235 2678 1279 et
2704 1223 3048 1278 inimicorum
3077 1221 3316 1275 omnium
3341 1219 3508 1273 vieto-

1932 1333 2046 1374 rem
2100 1319 2407 1384 constituit,
2459 1333 2525 1371 ac
2574 1332 2718 1370 verte
2766 1313 2989 1386 pietatis
3041 1311 3351 1378 exemplum
3401 1311 3508 1363 hu-

1934 1425 2097 1464 mano
2132 1408 2314 1480 generi
2350 1408 2658 1478 proposuit.
2687 1406 2755 1460 At
2797 1414 2981 1460 noster
3022 1404 3339 1474 imperator,
3385 1409 3507 1455 tan-

1931 1517 2093 1571 quam
2130 1501 2260 1555 solis
2288 1499 2451 1571 jubar
2482 1499 2733 1554 homines
2768 1496 3010 1552 locorum
3056 1494 3250 1566 spatiis
3296 1492 3506 1566 longis-

1933 1597 2068 1648 sime
2098 1603 2361 1658 remotos,
2405 1592 2682 1648 Cresarum
2723 1607 2946 1646 suorum
2985 1588 3298 1659 praesentia,
3351 1585 3506 1656 quasi

1937 1685 2259 1755 quibusdam
2307 1686 2476 1740 radiis
2525 1699 2590 1740 ex
2639 1700 2696 1739 se
2743 1683 2932 1753 procul
2987 1680 3205 1736 emissis
3246 1679 3507 1734 illustrat.

1865 1750 1907 1806 Β
1934 1778 2013 1832 Ac
2060 1779 2216 1832 nobis
2243 1779 2464 1848 quidem
2491 1779 2582 1847 qui
2609 1776 2888 1834 Orientem
2925 1774 3234 1841 incolimus,
3266 1772 3507 1826 sobolem

1935 1870 2094 1941 plane
2130 1885 2187 1925 se
2217 1870 2438 1940 dignam
2475 1871 2730 1925 attribuit
2777 1886 2790 1923 :
2833 1868 3066 1923 alterum
3093 1881 3224 1922 vero
3249 1881 3315 1920 ex
3357 1864 3506 1926 ﬁliis,

1935 1963 2088 2017 alteri
2127 1963 2404 2016 hominum
2426 1961 2607 2033 parti:
2641 1962 2804 2016 alium
2837 1976 3023 2015 rursus
3059 1957 3208 2022 alibi,
3241 1967 3504 2020 tanquam

1935 2053 2082 2108 faces
2133 2056 2418 2123 quasdam,
2469 2064 2525 2109 et
2570 2055 2856 2109 luminaria
2901 2069 2967 2108 ex
3021 2067 3118 2108 sua
3159 2051 3278 2105 luce
3311 2048 3509 2104 ditinsa

1935 2139 2168 2204 partitus
2198 2148 2302 2195 est.
2339 2139 2695 2194 Fortissimos
2729 2139 2926 2194 deinde
2964 2146 3200 2209 quatuor
3241 2135 3505 2199 Czesares,

1932 2231 2088 2299 quasi
2119 2232 2384 2300 quosdam
2434 2233 2696 2303 equuleos
2729 2247 2839 2286 uno
2886 2229 3182 2300 imperialis
3229 2227 3508 2299 quadriga:

1933 2321 2192 2389 copulans
2213 2321 2363 2393 jugo,
2392 2333 2444 2378 et
2477 2323 2719 2379 cmlestis
2749 2337 3052 2378 consensus
3080 2331 3242 2392 atque
3281 2334 3509 2376 concor—

1935 2414 2037 2468 dia:
2093 2414 2329 2470 habenis
2388 2431 2483 2471 eos
2531 2416 2869 2480 devincieus,
2919 2416 3032 2484 ipse
3073 2413 3325 2468 sublimis
3363 2413 3510 2467 velut

1934 2505 2144 2575 auriga,
2176 2507 2368 2561 incitat
2397 2517 2561 2578 atque
2592 2507 2849 2578 impellit,
2893 2506 3210 2560 universum
3237 2513 3505 2560 terrarum

1933 2597 2119 2653 orbem
2153 2599 2245 2669 qui
2274 2599 2404 2654 solis
2431 2600 2732 2681 illustratur
2757 2599 2944 2663 radiis,
2979 2612 3310 2668 percurrens
3337 2638 3352 2660 ,
3383 2597 3507 2650 ubi-

1935 2705 2039 2758 que
2063 2704 2304 2761 praesens
2333 2701 2388 2746 et
2417 2691 2600 2746 omnia
2629 2691 2962 2761 inspectans.
2991 2690 3236 2758 Denique
3265 2688 3506 2744 caelestis

1935 2782 2149 2852 imperii
2188 2784 2481 2855 imaginem
2509 2783 2714 2851 ferens,
2748 2783 2921 2840 oculis
2957 2784 3008 2837 in
3042 2782 3236 2838 caelum
3288 2780 3504 2838 deﬁxis.

1934 2875 2000 2928 ad
2047 2875 2308 2945 primitivi
2365 2875 2513 2931 illius
2566 2875 2894 2946 exemplaris
2958 2874 3368 2928 similitudinem
3419 2885 3508 2925 res

1935 2967 2248 3022 mortalium
2282 2968 2424 3037 regit
2465 3011 2479 3035 ,
2526 2967 2861 3022 monarchire
2903 2967 2994 3020 Dei
3025 2966 3343 3020 adumbrata
3377 2979 3510 3032 qua-

1937 3061 2059 3114 dam
2109 3061 2296 3132 efﬁgie
2343 3060 2654 3115 roboratus.
2689 3057 2802 3114 Hoc
2842 3058 2986 3113 enim
3022 3071 3268 3112 summus
3293 3056 3516 3109 univer-

253 3242 487 3296 Bomani
539 3242 956 3312 quinquennalia
983 3285 998 3310 ,
1054 3242 1366 3297 decennalia
1422 3256 1486 3296 ac
1525 3243 1826 3297 vicennalia
1855 3249 1902 3311 ο
1933 3244 2009 3299 De
2034 3241 2278 3296 laudibus
2302 3239 2601 3295 Constantii
2630 3279 2644 3302 ,
2697 3247 2751 3292 et
2798 3237 3057 3293 Libanius
3097 3237 3150 3291 in
3185 3235 3436 3290 Basilica.

251 3313 726 3384 suacelebrabaut
769 3315 852 3369 die
882 3317 1056 3384 primo
1084 3314 1280 3384 quinti,
1337 3313 1529 3366 decimi
1558 3323 1649 3366 aut
1681 3315 1825 3384 vice-

253 3382 382 3436 simi
436 3385 562 3435 anni
613 3382 947 3452 principatus
1000 3382 1115 3438 sui;
1158 3383 1365 3452 Quippe
1414 3384 1527 3438 haec
1571 3383 1828 3438 vocabula

256 3452 397 3507 nihil
440 3453 584 3505 aliud
627 3455 952 3519 signiﬁcant,
995 3470 1156 3522 quam
1192 3452 1432 3507 Natalem
1477 3455 1686 3523 imperii
1737 3456 1826 3523 qui

253 3525 448 3594 quinto
477 3538 850 3594 quoqueanno
879 3540 943 3578 ac
981 3525 1193 3578 decimo
1221 3533 1557 3589 recurrente,
1595 3527 1828 3578 maxima

256 3593 451 3663 pompa
486 3607 547 3646 ac
593 3593 890 3649 festivitate
933 3595 1328 3648 celebrabatur.
1367 3594 1608 3646 Durabat
1646 3604 1827 3649 autem

257 3661 669 3718 btec’l‘estivitas
700 3681 808 3718 uno
852 3675 945 3718 aut
973 3666 1142 3718 altero
1174 3665 1280 3727 die,
1325 3680 1433 3732 quo
1463 3665 1736 3719 circenses
1764 3681 1828 3718 ac

259 3734 557 3788 theatrales
601 3734 704 3788 ludi
751 3734 1068 3788 edebantur.
1116 3733 1349 3788 Proinde
1375 3749 1495 3785 cum
1526 3733 1826 3787 Dalmatius

257 3819 368 3856 non
401 3807 472 3858 sit
524 3804 696 3858 factus
734 3805 916 3858 Czusar
986 3819 1083 3858 vin
1123 3803 1396 3858 Kalendas
1442 3805 1690 3872 Augusti,
1734 3805 1823 3873 qui

255 3875 376 3928 dies
419 3889 619 3926 annum
672 3873 883 3941 imperii
939 3874 1280 3928 Constantini
1351 3873 1679 3927 tricesimum
1744 3878 1823 3928 in-

254 3944 530 4008 choabat,
579 3945 872 4013 improprie
918 3945 1128 3999 locutus
1168 3941 1691 4014 estillieronymus,
1733 3944 1822 4013 qui

253 4014 528 4068 Caesarem
583 4014 729 4067 illum
792 4023 1032 4068 creatum
1081 4029 1202 4068 esse
1252 4013 1387 4066 dixit
1437 4013 1822 4067 tri’cennalibus

256 4084 622 4138 Constantini.
675 4085 896 4139 Rectius
937 4085 1199 4140 Eusebius
1241 4093 1428 4138 noster
1472 4084 1574 4137 hoc
1621 4083 1737 4138 loco
1769 4086 1821 4138 id

259 4153 427 4207 refert
486 4164 607 4222 post
640 4156 978 4218 tricennalia,
1027 4155 1316 4223 incipiente
1362 4157 1472 4222 jam
1514 4169 1566 4207 IV
1603 4155 1823 4221 periodo

257 4223 540 4278 decennali
586 4225 792 4293 imperii
842 4225 1203 4280 Coristantiui.
1233 4224 1366 4277 Nam
1399 4235 1518 4294 post
1553 4225 1823 4278 tricenna—

261 4294 391 4346 lium
417 4294 756 4348 festivitatem
783 4311 974 4349 novam
1003 4296 1280 4363 periodum
1307 4295 1652 4358 inchoabant,
1671 4296 1822 4363 quasi

262 4363 572 4418 tricesimus
597 4382 772 4418 annus
798 4366 888 4434 qui
921 4377 1130 4420 tantum
1162 4365 1427 4419 delibatus
1459 4365 1654 4428 fuerat,
1677 4381 1826 4420 com-

259 4433 438 4501 pletus
464 4435 580 4506 jam
610 4446 770 4488 esset.
806 4433 981 4504 Atque
1007 4447 1066 4489 ut
1092 4435 1463 4506 jurisconsltlti
1513 4435 1696 4489 dicere
1726 4451 1824 4506 isoo

259 4508 397 4567 lent,
429 4507 480 4558 in
533 4505 884 4573 dignitatibus
930 4505 1129 4560 annum
1162 4517 1396 4572 emptum
1436 4520 1532 4575 pro
1564 4505 1829 4573 completo

260 4577 448 4628 haberi
483 4591 497 4628 :
527 4575 597 4628 ita
623 4577 781 4628 etiam
814 4578 864 4629 in
895 4577 1412 4644 quinquennalibus,
1440 4577 1826 4630 decennalibus

254 4655 312 4699 et
336 4646 556 4714 reliquis
610 4647 913 4712 hujusmodi
952 4647 1334 4701 festivitatibus
1389 4647 1569 4700 facere
1598 4660 1823 4700 consue-

254 4728 470 4770 verant.
510 4716 599 4769 Sic
645 4717 1031 4786 intelligendus
1069 4728 1151 4772 est
1195 4719 1344 4771 locus
1384 4718 1564 4771 Amm.
1601 4715 1826 4771 Marcel-

259 4785 352 4838 lini
407 4786 457 4839 in
494 4787 582 4837 lib.
624 4803 734 4851 xw,
769 4785 854 4841 ubi
903 4789 968 4841 de
1011 4788 1395 4842 lricennalibus
1421 4786 1719 4840 Constantii
1750 4788 1827 4839 lo-

253 4859 445 4926 quitur
492 4859 571 4908 bis
611 4858 792 4910 verbis
839 4875 852 4911 :
896 4859 1103 4910 Arelate
1134 4859 1348 4911 hiemem
1390 4873 1548 4925 agens
1574 4856 1829 4909 Constan-

256 4933 385 4988 tius,
411 4937 524 4990 post
571 4927 850 4980 theatrales
879 4928 1030 4981 ludos
1057 4941 1210 4995 atque
1271 4929 1522 4980 circenses
1550 4929 1826 4979 ambitiow

254 4996 425 5049 editos
461 5010 742 5063 imperatu,
771 5001 858 5052 die
910 5015 958 5052 v1
1007 4999 1136 5051 Idus
1173 4998 1434 5063 Octobris,
1484 4999 1572 5065 qui
1621 4998 1826 5056 imperii

254 5065 374 5133 ejus
425 5083 620 5120 annum
681 5074 999 5122 tricesimum
1058 5069 1391 5131 terminabat,
1442 5077 1548 5121 etc.
1594 5066 1827 5120 Omnino

256 5136 401 5187 enim
435 5135 774 5194 Marcellinus
806 5156 1004 5192 annum
1025 5155 1130 5192 xxx
1156 5139 1500 5192 terminatum
1530 5138 1708 5206 posuit
1731 5154 1827 5206 pro

260 5207 536 5269 inchoato,
580 5212 649 5261 ob
681 5225 797 5262 eam
828 5226 985 5275 quam
1016 5211 1123 5262 dixi
1157 5209 1444 5262 rationem.

333 5275 444 5342 (53)
472 5278 797 5348 Προφητῶν
834 5280 1022 5333 θείων.
1057 5279 1234 5332 Codex
1271 5278 1404 5333 Fuit.
1429 5277 1586 5331 θείων
1613 5294 1796 5348 προφη
1810 5307 1826 5316 .

257 5344 389 5420 τῶν.
560 5344 716 5417 ρζιιιιο
767 5363 884 5416 post.
924 5350 1064 5404 οὑτω
1086 5349 1219 5418 δῆτα
1245 5349 1475 5420 χρόνων,
1509 5361 1615 5402 etc.
1658 5344 1828 5420 ἰτυ’.ιύ

262 5416 418 5490 locus
447 5417 534 5490 ille
557 5416 712 5486 quem
749 5437 810 5472 ex
843 5422 1038 5474 divinis
1069 5416 1256 5490 prophi
1277 5416 1342 5474 is
1372 5422 1506 5473 citat
1538 5419 1826 5482 Eusebius,

262 5486 458 5558 legitur
494 5489 691 5558 incap.
719 5506 788 5543 \'tl
835 5486 1088 5544 Danielis'.

335 5557 445 5628 (59)
491 5557 602 5611 Τὸν
645 5557 899 5625 ἐπάξιον
939 5561 1124 5617 αὑτοῦ
1154 5561 1402 5629 καρπόν.
1454 5559 1827 5614 Constantium

259 5626 529 5700 gestirem
564 5631 828 5700 intelligit.
872 5632 970 5685 llic
1003 5634 1145 5685 enim
1186 5626 1414 5696 primum
1462 5633 1526 5683 ad
1569 5633 1831 5700 regendas

261 5698 464 5752 Gallias
495 5714 522 5750 a
559 5710 709 5765 patre
735 5698 928 5756 {uissus
953 5703 1146 5756 fuerat.
1173 5701 1365 5755 Postea
1404 5716 1529 5753 vero
1562 5701 1612 5754 in
1635 5698 1827 5756 Orien-

264 5778 369 5822 tem
412 5771 707 5825 trauslatus
747 5782 850 5836 est,
895 5783 947 5826 ut
990 5775 1143 5827 docet
1174 5773 1422 5826 Julianus
1460 5772 1510 5825 in
1545 5773 1826 5826 oratione:

1998 3335 2112 3407 (60)
2152 3333 2482 3389 Βασιλικοῦ
2509 3332 2852 3407 τεθρίππου.
2904 3329 3045 3407 Nihil
3089 3329 3192 3407 h_r3c
3231 3329 3347 3407 loco
3379 3329 3512 3407 vidit

1929 3397 2194 3473 interpres
2235 3407 2327 3474 qui
2379 3407 2522 3458 hunc
2563 3397 2737 3474 lacum
2781 3403 2850 3455 ita
2878 3401 3072 3474 vertit,
3106 3397 3276 3454 Porro
3304 3401 3510 3474 imperii

1926 3472 2316 3548 quadrifariam
2368 3473 2861 3548 dispertitijngtnn.
2896 3473 3298 3548 quasiquntuor
3341 3472 3509 3548 equis.

1929 3540 1984 3602 id
2020 3540 2133 3608 est,
2155 3546 2279 3607 sibi,
2307 3553 2355 3597 et
2387 3545 2557 3596 tribus
2591 3543 2716 3610 ﬁliis
2739 3540 3042 3596 Cmsaribus
3076 3541 3377 3601 fortissimis
3413 3540 3481 3592 im

1927 3634 2143 3689 ponens.
2199 3615 2361 3682 Atqui
2423 3613 2692 3689 Eusebius
2737 3621 2969 3680 quatuor
3009 3611 3254 3688 Caesares
3311 3612 3525 3688 diserte.

1929 3678 2081 3750 dicit,
2117 3700 2253 3755 quos
2290 3678 2529 3755 quatuor
2571 3682 2727 3750 cquis
2757 3678 3073 3755 comparat.
3101 3680 3192 3747 qui
3233 3693 3339 3755 uno
3383 3678 3512 3755 jngn

1930 3749 2160 3825 copulati
2195 3749 2552 3825 imperialem.
2579 3749 2803 3825 currum
2857 3749 3169 3825 trahebant,
3201 3750 3286 3802 cui
3316 3750 3502 3816 auriga

1929 3819 2158 3893 prieerat
2188 3819 2610 3893 Constantinus.
2630 3821 2877 3893 Quatuor
2912 3830 3091 3893 autem
3115 3819 3357 3872 Caesares
3371 3829 3508 3893 sunt

1927 3887 2534 3962 Constantiuusjunior,
2574 3891 2922 3962 Constantius
2963 3899 3016 3962 et
3051 3889 3325 3962 C_ot_istans_
3362 3887 3509 3962 Con-

1926 3968 2147 4020 stantini
2174 3959 2514 4034 imperatoris
2539 3962 2656 4027 lilii,
2679 3971 2733 4016 et
2759 3960 3055 4015 Dalmatius
3077 3959 3220 4014 ﬁlius
3237 3959 3511 4024 Dalmatii,

1925 4038 1992 4092 de
2019 4053 2126 4107 quo
2159 4051 2340 4105 Supra.
2409 4069 2414 4073 λ

2001 4127 2110 4198 (fit)
2133 4125 2299 4198 Vulg.
2319 4123 2425 4178 τὸν
2449 4123 2549 4178 ἐπὶ
2579 4121 2694 4192 γῆς
2717 4123 2926 4198 μόνος.
2955 4119 3064 4198 Diu.
3092 4132 3179 4174 me
3227 4117 3378 4198 torsit
3414 4118 3515 4198 hic

1932 4189 2104 4252 locus:
2157 4189 2393 4250 Taudem
2443 4189 2973 4247 vero'(:ertissitnmu
3019 4189 3136 4257 ejus
3178 4189 3510 4244 emendatio-

1933 4283 2052 4322 nem
2085 4265 2442 4335 deprehendi.
2473 4263 2665 4318 Scribo
2697 4257 3071 4335 igitur,ToG-cg
3097 4261 3205 4333 γὰρ
3243 4259 3368 4335 ’τῶν
3419 4259 3516 4335 ειν-

1933 4329 2168 4408 Ορῶπων
2191 4334 2486 4408 φύσειξτῶν
2517 4335 2610 4408 ἐπὶ
2655 4329 2760 4403 γῆς
2799 4333 2977 4408 μόνῃ,
3001 4331 3108 4408 τῶν
3149 4329 3517 4408 ἇπάντωνμδε-

1931 4403 2172 4482 δῶρηται
2204 4403 2508 4477 βασιλεύς,
2542 4405 2594 4482 id
2643 4416 2756 4482 est,
2793 4403 2907 4482 Hoc
2933 4403 3086 4482 enim
3109 4403 3237 4482 __soli
3279 4403 3514 4482 puricium

1861 4502 1904 4556 Β
1932 4471 2048 4548 quis
2068 4471 2303 4556 'inuter'ra
2331 4487 2450 4530 sunt
2487 4475 2836 4556 animantium
2863 4473 3235 4556 Itoniiuihlkus
3273 4471 3515 4532 indulsit,

1935 4543 1992 4602 ut
2041 4550 2250 4604 scilicet
2311 4546 2644 4601 monarcbiae
2698 4544 2894 4596 divina:
2945 4543 3358 4595 sim-litmtinem
3420 4555 3518 4593 ex-

1930 4622 2208 4688 primeret.
2261 4619 2404 4672 Idem
2461 4615 2660 4688 repetit
2729 4614 2988 4666 Eusebius
3021 4612 3188 4688 _infra
3229 4627 3352 4679 pag.
3388 4611 3514 4688 (ill,

1932 4681 2018 4744 ubi
2047 4699 2328 4744 enumerat
2352 4681 2635 4745 beneﬁcia,
2660 4698 2778 4750 qua:
2819 4697 2990 4751 genus
3021 4683 3314 4736 humanum
3344 4696 3371 4732 a
3405 4681 3514 4751 Deo

1932 4760 2108 4814 Verbo
2145 4758 2353 4826 accepit
2376 4749 2695 4826 τΒασιλικόν
2717 4749 2960 4826 τε-τολῦτο
2990 4752 3217 4826 τὸγζῶον
3235 4749 3515 4826 Δἀτιειργάο

1931 4830 2071 4895 ζετο,
2094 4829 2252 4901 μόνον
2273 4821 2381 4881 τῶν
2411 4825 2630 4901 επὶ-γῆς
2657 4823 2959 4901 βασιλεύειν
2989 4825 3084 4875 καὶ
3109 4821 3513 4901 βασιλεύεσθαι.

1929 4893 2072 4955 τοῦτ’
2095 4893 2292 4953 εἰδέναι
2313 4893 2615 4960 ἀναδείξας.
2641 4899 2706 4946 At
2745 4896 3014 4960 interpres
3041 4909 3138 4961 pro
3183 4893 3374 4962 μόνος,
3412 4893 3514 4946 hoc

1931 4972 2050 5025 loco
2108 4973 2301 5037 legisse
2352 4965 2788 5037 videlunvéuog.
2827 4964 2918 5018 Sic
2945 4960 3509 5037 eniin_ve_rtit,_lstam

1930 5046 2065 5094 enim
2087 5031 2290 5109 imperii
2315 5040 2540 5107 formam
2568 5031 2806 5105 lea-qua:
2842 5051 2935 5089 rex
2969 5035 3200 5088 omnium
3222 5031 3509 5098 nullumm-

1931 5127 1996 5165 lto
2018 5114 2190 5182 generi
2214 5112 2415 5163 tribuit.

2004 5204 2118 5274 (6‘).)
2159 5205 2354 5272 Νόμος
2379 5200 2488 5274 γὰρ
2517 5195 2712 5264 οὗτος.
2738 5197 2864 5274 ηερε
2913 5197 3227 5274 de_summo
3266 5193 3508 5248 omnium

1934 5267 2181 5342 Re'ge'ac
2231 5267 2338 5326 Deo
2381 5267 2656 5332 dicuntur,
2699 5269 2789 5337 qui
2823 5267 3073 5342 v_e_re_le_x
3113 5275 3196 5342 est
3231 5279 3297 5319 ac
3327 5278 3515 5318 norma

1935 5338 2096 5414 regite
2125 5343 2426 5413 pmestatis.
2446 5342 2627 5396 Potest
2656 5344 2816 5414 etiam
2847 5339 2933 5393 hic
2959 5338 3060 5407 legi
3089 5340 3279 5414 pavos,
3301 5345 3359 5414 u_t
3386 5349 3515 5388 sen-

1933 5406 2026 5470 sus
2055 5406 2139 5468 sit'
2166 5415 2336 5480 solum
2386 5415 2549 5466 Deum
2591 5411 2792 5480 regiam
2851 5406 3173 5478 potestatem
3229 5406 3511 5480 obtinere,

1933 5487 2130 5554 quippe
2174 5477 2260 5552 qm
2298 5482 2444 5537 solus
2481 5475 3018 5554 mnuilhrslmbcret,
3055 5488 3109 5554 et
3140 5475 3514 5554 monarehiam

1932 5546 2204 5608 nluineat.‘
2245 5554 2426 5622 Itaque
2479 5555 2530 5606 in
2586 5546 2863 5622 superiore
2909 5550 3138 5622 periodo.
3170 5546 3514 5622 scribendum

1934 5628 2144 5696 videtur
2195 5615 2354 5696 μόνῃ’
2384 5624 2543 5694 μόνος
2571 5615 2687 5696 τῶν
2709 5615 3006 5696 ,ἀπάντων
3021 5615 3322 5696 δεδώρηται
3361 5615 3518 5696 βασιρ

1933 5696 2079 5760 λεύς.
2127 5687 2332 5765 Νέψιέ
2360 5687 2518 5747 aliter
2566 5691 2855 5765 Eusebium
2903 5687 3514 5765 scripsisse’existimo:

1937 5756 2391 5822 Sententia'mim
2419 5763 2762 5836 apertissima
2800 5771 2881 5816 est
2924 5771 2978 5816 et
3015 5756 3445 5830 elegantissima,
3470 5756 3521 5810 si
