3926 6264
382 352 515 433 i351

1102 377 1372 436 EUSEBU
1410 378 1890 440 CESARIENSIS
1929 379 2079 437 OPP.
2120 380 2300 436 PARS
2339 379 2379 434 Ι.
2418 410 2487 420 -
2525 377 2913 436 HISTORICA.

3494 376 3645 430 £532

384 516 572 557 eorum
607 516 726 568 rex,
778 500 878 556 soli
921 503 1168 557 onmium
1218 519 1340 574 quae
1395 504 1451 559 in
1501 515 1645 559 terra
1674 515 1800 561 sunt
1839 506 1954 561 ani-

2066 504 2345 577 βασιλικῆς
2367 502 2647 572 ἐξουσίας,
2679 504 2708 557 6
2740 501 2839 574 τὴν
2858 498 3000 555 κατὰ
3032 499 3247 553 πάντων
3291 497 3423 570 μίαν
3463 497 3647 568 ἀρχὴν

382 592 673 657 tuautium,
722 594 960 649 lmmano
989 594 1174 660 generi
1217 595 1461 650 indulsit.
1498 597 1710 668 Quippe
1753 597 1841 652 hic
1868 612 1957 652 re-

380 685 484 755 gite
513 685 801 753 potestatis
836 683 920 739 lex
970 694 1079 752 est,
1138 700 1262 756 quae
1301 701 1495 742 omnes
1544 689 1703 743 unius
1733 689 1959 759 imperio

384 775 669 844 subjacerc
700 771 969 833 decernit.
1003 779 1175 835 Porro
1207 780 1498 850 imperium
1532 781 1831 850 singulare,
1868 797 1960 835 su-

380 884 478 939 pra
509 886 699 925 omnes
738 881 915 926 status
943 881 997 927 et
1045 874 1551 930 administrationes
1600 877 1825 931 eminet.
1864 876 1961 930 Et-

377 962 526 1017 enim
567 966 859 1018 mnltorum
905 966 1102 1035 aaquali
1135 966 1278 1021 inter
1305 982 1364 1022 se
1403 975 1675 1036 potestate
1704 968 1960 1037 prmdito-

379 1070 500 1110 rum
527 1056 829 1111 dominatio
859 1073 980 1129 qtue
1011 1059 1138 1114 huic
1162 1060 1413 1129 opposita
1445 1068 1548 1127 est,
1584 1061 1740 1115 turba
1777 1062 1960 1131 potius

381 1162 447 1202 ac
488 1144 752 1202 tumultus
801 1150 905 1204 dici
940 1150 1120 1205 debet.
1169 1150 1407 1206 Proinde
1460 1167 1601 1206 unus
1644 1152 1813 1218 Deus,
1851 1168 1958 1209 non

379 1243 488 1298 duo
520 1253 705 1298 tresve
737 1254 833 1297 aut
879 1245 1044 1298 etiam
1088 1244 1287 1314 plures.
1331 1244 1467 1299 Nam
1520 1247 1744 1301 deorum
1774 1247 1958 1301 multi-

382 1337 511 1390 tudo
540 1336 707 1413 διο
733 1337 900 1391 Deum
930 1337 1146 1406 penitus
1178 1338 1337 1392 tollit.
1377 1335 1526 1391 Unus
1577 1353 1699 1403 rex,
1731 1339 1958 1409 ejusque

379 1441 561 1481 sermo
589 1440 644 1481 et
672 1427 822 1498 regia
852 1427 941 1481 lex
970 1442 1076 1480 una
1110 1443 1126 1491 ;
1177 1434 1299 1497 qum
1343 1444 1452 1482 non
1488 1428 1670 1484 verbis
1701 1444 1766 1482 ac
1796 1428 1957 1499 sylla-

379 1512 465 1568 bis
499 1517 815 1569 emmtiatur
842 1531 858 1580 ;
890 1529 992 1570 nec
1023 1517 1073 1568 in
1100 1516 1308 1571 chartis
1339 1526 1433 1570 aut
1471 1516 1670 1571 tabulis
1717 1517 1956 1588 perscri-

379 1619 491 1677 pta,
561 1608 820 1678 temporis
870 1607 1263 1680 longinquitate
1293 1611 1709 1680 corrumpitur:
1743 1613 1835 1666 sed
1880 1614 1961 1666 vi-

382 1715 483 1756 vus
511 1715 576 1757 ac
613 1717 710 1770 per
739 1716 798 1757 se
829 1701 1138 1758 subsistens
1172 1701 1265 1757 Dei
1314 1701 1545 1766 Sermo;
1580 1705 1671 1774 qui
1707 1706 1960 1764 omnibus

379 1796 474 1866 qui
507 1796 606 1850 sub
641 1796 759 1864 ipso
816 1804 871 1851 et
912 1806 1034 1863 post
1085 1796 1259 1863 ipsum
1318 1806 1465 1861 sunt,
1508 1796 1685 1852 Patris
1733 1815 1955 1869 regnum

380 1863 625 1956 disponit
646 1863 813 1957 atque
842 1887 1081 1941 ordinat.
1110 1885 1263 1941 Hunc
1297 1887 1553 1942 ccelestes
1592 1863 1837 1942 ambiunt
1863 1903 1959 1943 ex-
1991 1863 2031 1920 Β

383 1980 609 2044 ercitus,
637 1989 691 2035 et
722 1978 931 2034 infinita
961 1978 1275 2048 angelorum
1310 1979 1480 2034 millia
1515 1981 1624 2035 Deo
1646 1981 1959 2038 ministran-

383 2073 562 2138 tium;
618 2080 816 2127 turmae
862 2073 990 2126 item
1042 2070 1478 2126 innumerabiles
1538 2073 1748 2128 militiae
1795 2089 1955 2144 supra

382 2167 643 2219 mumlum
676 2165 887 2233 positae,
919 2175 972 2219 et
1007 2163 1360 2217 invisibilium
1388 2163 1678 2233 Spirituum
1708 2181 1723 2227 ;
1756 2167 1847 2234 qui
1877 2166 1960 2220 in-

379 2267 463 2313 tra
504 2257 630 2313 cmli
666 2268 819 2327 septa
851 2258 1174 2322 residentes,
1205 2255 1374 2309 totius
1406 2255 1590 2310 mundi
1617 2257 1866 2312 ordinem
1896 2272 1961 2314 ac

380 2349 800 2418 dispositionem
848 2360 1066 2404 curant.
1123 2348 1365 2416 Quorum
1430 2348 1673 2403 omnium
1734 2349 1840 2405 dux
1895 2365 1960 2404 ac

384 2442 647 2511 princeps
703 2448 810 2507 est,
872 2441 1058 2509 regius
1112 2440 1207 2496 Dei
1259 2441 1476 2511 Sermo,
1533 2443 1685 2498 velut
1739 2442 1958 2511 quidam

382 2533 583 2590 summi
644 2533 993 2605 imperatoris
1039 2532 1353 2604 praefectus.
1414 2536 1570 2593 llunc
1633 2538 1958 2608 magistrum

380 2626 613 2693 militias,
646 2642 899 2697 maguum
933 2627 1244 2696 pontiﬁcem
1271 2629 1590 2700 prophetam
1615 2629 1815 2695 Patris,
1846 2647 1959 2685 ma-

380 2720 470 2791 gni
504 2719 717 2774 consilii
760 2722 1050 2785 nuntium;
1098 2726 1336 2790 paternae
1383 2721 1521 2777 Incis
1570 2723 1958 2794 splendorem;

378 2812 726 2882 unigenitum
761 2811 981 2881 Filium,
1036 2814 1269 2884 aliisque
1311 2816 1621 2883 hujusmodi
1663 2816 1960 2872 innumeris

380 2906 660 2960 vocabulis
727 2919 884 2961 sacra
940 2907 1320 2979 theologorum
1379 2908 1656 2978 appellant
1713 2915 1955 2965 oracula.

380 2995 553 3063 Quem
582 2998 799 3068 quidem
830 2999 1012 3053 vivum
1043 3000 1391 3067 Sermonem,
1425 3001 1595 3073 legem
1633 3016 1700 3057 ac
1733 3004 1958 3073 sapien-

380 3092 535 3156 tiam,
575 3092 863 3162 omuisque
913 3094 1041 3148 boni
1104 3096 1563 3166 camplementum
1619 3094 1783 3151 Pater
1832 3111 1957 3151 cum

2059 598 2403 670 ὁριζόμενος·
2463 594 2725 668 μοναρχία
2772 593 2831 648 δὲ
2887 592 2988 663 τῆς
3037 592 3256 645 πάντων
3318 590 3644 661 ὑπέρκειται

2061 687 2378 752 συστάσεώς
2410 704 2470 740 τε
2512 687 2608 741 καὶ
2637 686 2986 755 διοικήσεως·
3033 682 3265 756 ἀναρχία
3302 682 3413 753 γὰρ
3439 680 3646 752 μᾶλλον

2060 782 2155 835 καὶ
2195 781 2413 844 στάσις,
2462 780 2496 850 ἡ
2545 778 2605 845 ἐξ
2638 777 2905 848 ἰσοτιμίας
2950 773 3497 846 ἀντιπαρεξαγομένη
3542 789 3647 826 πο-

2059 875 2294 946 λυαρχία
2317 892 2330 906 ·
2362 873 2442 927 διὸ
2473 873 2536 945 δὴ
2566 867 2647 937 εἷς
2679 872 2842 935 Θεὸς,
2892 868 3004 923 ἀλλ’
3035 869 3097 921 ού
3130 868 3247 933 δύο,
3293 868 3418 922 οὐδὲ
3463 868 3641 936 τρεῖς,

2058 967 2179 1022 οὐδὲ
2218 965 2298 1019 ἔτι
2340 963 2582 1027 πλείονες
2604 980 2618 995 ·
2650 960 2892 1034 ἀκριϐῶς
2929 958 3038 1029 γάρ
3063 956 3220 1014 ἄθεον
3241 957 3304 1011 τὸ
3341 954 3640 1010 πολύθεον·

2060 1054 2142 1124 εἷς
2169 1056 2441 1130 βασιλεὺς,
2467 1057 2561 1110 καὶ
2585 1055 2615 1107 6
2636 1053 2823 1109 τούτου
2851 1052 3006 1121 λόγος
3032 1052 3125 1104 καὶ
3164 1052 3328 1123 νόμος
3362 1046 3645 1120 βασιλικὸς

2060 1148 2141 1217 εἷς
2187 1152 2317 1224 (65),
2367 1151 2428 1204 οὐ
2461 1152 2668 1221 ῥήμασι
2715 1147 2808 1203 καὶ
2855 1144 3144 1209 συλλαϐαῖς
3199 1141 3641 1214 ὲκφωνούμενος,

2059 1246 2167 1300 οὐδ’
2190 1246 2247 1298 ὲν
2270 1245 2508 1316 γραφαῖς
2541 1242 2635 1296 καὶ
2690 1240 2912 1312 στήλαις
2950 1241 3143 1313 χρόνου
3186 1237 3353 1308 μήκει
3390 1230 3643 1288 δαπανώ-

2063 1355 2221 1410 μενος
2243 1378 2258 1402 ,
2290 1335 2397 1402 ζῶν
2424 1336 2480 1389 δὲ
2520 1336 2614 1388 καὶ
2643 1334 2886 1404 ὑφεστὼς
2940 1333 3073 1396 Θεὸς
3126 1330 3299 1399 Λόγος
3319 1368 3337 1394 ,
3388 1330 3502 1392 τοῖς
3545 1328 3641 1382 ὑπ’

2060 1429 2219 1485 αὑτὸν
2242 1428 2333 1481 καὶ
2368 1430 2483 1499 μετ’
2510 1428 2669 1482 αὑτὸν
2698 1428 2868 1483 ἆπασι
2924 1426 3021 1498 τὴν
3046 1424 3139 1478 τοῦ
3166 1422 3383 1495 Πατρὸς
3424 1420 3644 1474 διατατ-

2057 1522 2280 1593 τόμενος
2307 1520 2600 1591 βασιλείαν.
2634 1520 2892 1592 Στρατιαὶ
2911 1519 2970 1573 δὲ
3002 1517 3189 1572 τοῦτον
3212 1515 3455 1587 οὐράνιοι
3482 1528 3642 1583 περι-

2060 1613 2283 1667 πολοῦσι
2307 1653 2323 1680 ,
2385 1613 2640 1685 μυριάδες
2683 1630 2742 1666 τε
2812 1611 3062 1683 ἀγγέλων
3105 1609 3240 1665 Θεοῦ
3286 1607 3642 1679 λειτουργῶν.

2061 1707 2242 1779 πλήθη
2264 1725 2324 1761 τε
2352 1707 2777 1779 στρατοπεδείας
2807 1704 3177 1779 ύπερκοσμίου
3198 1743 3213 1765 ,
3246 1701 3357 1756 τῶν
3404 1717 3464 1754 τε
3509 1700 3647 1753 εἵσω

2059 1799 2288 1872 οὐρανοῦ
2316 1799 2641 1870 πνευμάτων
2672 1798 2896 1868 ἀφανῶν
2920 1838 2935 1863 ,
2963 1800 3029 1870 τῇ
3052 1796 3146 1851 τοῦ
3193 1794 3395 1858 παντὸς
3433 1793 3645 1863 κόσμου

2059 1890 2210 1954 τάξει
2240 1890 2696 1963 διακονουμένων·
2729 1882 2804 1945 ὧν
2849 1889 3067 1945 πάντων
3104 1889 3132 1939 6
3177 1885 3457 1958 βασιλικὸς
3497 1882 3639 1972 καθ-

2059 1987 2274 2056 ηγεῖται
2312 1983 2483 2052 Λόγος
2505 2024 2520 2050 ,
2547 1979 2641 2039 οἶά
2679 2000 2762 2049 τις
2791 1982 3028 2055 μεγάλου
3070 1978 3333 2051 βασιλέως
3375 1976 3645 2047 ὕπαρχος.

2073 2077 2529 2151 Ἀρχιστράτηγον
2561 2076 2721 2131 αὑτὸν
2746 2075 2842 2130 καὶ
2878 2072 3140 2147 ἀρχιερέα
3184 2071 3357 2153 μέγαν
3379 2109 3394 2135 ,
3439 2066 3652 2138 προφή-

2058 2189 2159 2243 την
2208 2189 2268 2226 τε
2314 2169 2408 2224 τοῦ
2450 2170 2661 2243 Πατρὸς
2697 2171 2790 2224 καὶ
2852 2168 3094 2241 μεγάλης
3146 2165 3340 2238 βουλῆς
3389 2160 3648 2232 ἄγγελον,

2060 2264 2238 2334 φωτός
2262 2280 2322 2317 τε
2359 2263 2702 2334 ἀπαύγασμα
2741 2259 3013 2334 πατρικοῢ
3034 2301 3049 2326 ,
3098 2256 3363 2331 μονογενῆ
3402 2272 3465 2308 τε
3491 2252 3647 2317 Υἰὸν,

2068 2358 2163 2412 καὶ
2218 2354 2423 2410 τούτων
2486 2355 2650 2426 ἕτερα
2714 2354 2882 2425 μυρία
2931 2347 3277 2414 θεσπίζουσιν
3330 2342 3652 2416 ἀκδαφωνοῦο

2060 2467 2151 2504 σαι
2183 2448 2444 2518 θεολόγων
2486 2446 2688 2518 φωναί·
2725 2446 2784 2499 ὃν
2812 2445 2875 2517 δὴ
2911 2444 3089 2510 ζῶντα
3124 2442 3298 2511 Λόγον
3341 2439 3439 2494 καὶ
3479 2437 3650 2508 νόμον

2060 2545 2157 2599 καὶ⁵
2189 2543 2402 2613 σοφίαν,
2433 2538 2637 2609 ἀγαθοῦ
2665 2556 2725 2593 τε
2762 2538 3036 2610 πλήρωμα
3070 2534 3273 2598 παντὸς
3314 2534 3346 2587 6
3373 2531 3650 2601 γεννήσας

2059 2637 2507 2711 ὑποστησάμενος
2556 2633 2811 2703 μέγιστον
2837 2671 2853 2691 ,
2896 2628 3099 2699 ἀγαθὸν
3171 2626 3311 2698 δόμα
3368 2622 3481 2692 (64)
3530 2624 3649 2684 τοῖς

2059 2734 2167 2790 ὑπὸ
2206 2733 2304 2806 τὴν
2342 2728 2619 2805 βασιλείαν
2671 2726 2835 2779 πᾶσιν
2886 2722 3233 2795 ἐδωρήσατο·
3276 2721 3307 2773 6
3340 2717 3400 2771 δὲ
3440 2715 3651 2786 διήκων

2057 2827 2128 2881 τὰ
2148 2827 2343 2890 πάντα,
2377 2825 2554 2895 πάντη
2585 2839 2646 2877 τε
2675 2815 3167 2893 ἐπιπορευόμενος.
3198 2811 3295 2870 καὶ
3337 2809 3438 2878 τὰς
3459 2830 3520 2867 τε
3548 2810 3646 2866 τοῦ

2062 2918 2272 2989 Πατρὸς
2326 2915 2554 2988 χάριτας
2617 2913 2864 2984 ἀφθόνως
2936 2908 3186 2976 ὲξαπλῶν
3257 2909 3338 2971 είς
3410 2905 3646 2967 πάντας,

2063 3006 2224 3078 μέχρι
2268 3007 2363 3060 καὶ
2400 3005 2511 3060 τῶν
2546 3005 2640 3059 ἐπὶ
2683 3005 2790 3076 γῆς
2818 3002 3086 3074 λογικῶν.
3120 3001 3180 3055 τὸ
3226 2999 3328 3070 τῆς
3363 2996 3649 3069 βασιλικῆς

2057 3098 2374 3163 δυναστείας
2406 3097 2638 3163 ἐξέτεινε
2683 3098 2938 3169 μίμημα,
2989 3094 3201 3158 θεῖκαῖς
3235 3091 3497 3162 δυνάμεσι
3544 3088 3648 3159 τὴν

379 3186 798 3251 constituisset,
826 3187 1039 3241 cunctis
1084 3188 1175 3257 qui
1229 3189 1456 3258 imperio
1501 3203 1600 3244 suo
1652 3188 1954 3260 subiacent,

2066 3192 2244 3246 είκόνα
2262 3189 2359 3262 τὴν
2382 3189 2545 3245 αὑτοῦ
2570 3189 2704 3260 (64‘)
2738 3188 3115 3258 πεποιημένην
3153 3183 3443 3257 ἀνθρώπου
3465 3182 3648 3253 ψυχὴν

380 3291 657 3333 summum
702 3278 807 3333 hoc
859 3278 1059 3334 bonum
1112 3282 1354 3337 muneris
1403 3280 1522 3336 loco
1570 3282 1810 3341 donavit.
1864 3282 1958 3340 Ille

380 3385 515 3425 vero
537 3380 735 3425 cuncta
767 3385 1096 3442 permanans
1126 3385 1182 3428 et
1210 3374 1410 3444 ubique
1445 3376 1726 3442 incedens,
1774 3387 1829 3433 et
1858 3377 1961 3434 Pa.

383 3462 486 3517 tris
533 3462 800 3518 beneﬁcia
836 3461 1056 3534 copiose
1102 3464 1156 3519 in
1192 3467 1475 3522 universos
1513 3469 1835 3536 extendens,
1868 3484 1961 3523 us-

383 3570 489 3623 que
522 3557 589 3611 ad
617 3556 732 3628 ipsa
757 3572 879 3628 quae
915 3558 968 3612 in
1008 3559 1169 3614 terris
1220 3559 1422 3629 degunt
1475 3562 1685 3617 ratione
1731 3562 1955 3631 prmdita

380 3650 662 3713 animalia,
692 3651 1106 3708 similitudinem
1140 3653 1277 3723 regii
1299 3653 1637 3723 principatus
1660 3655 1956 3723 produxit;

379 3742 621 3799 hominis
647 3745 890 3799 animum
928 3747 994 3800 ad
1025 3746 1314 3816 imaginem
1348 3747 1517 3817 ipsius
1546 3745 1840 3800 formatum
1869 3745 1958 3799 di-

379 3835 525 3891 vinis
556 3851 833 3901 exornans
863 3838 1241 3893 facultatibus.
1293 3837 1501 3893 Idcirco
1556 3837 1796 3891 hominis
1843 3836 1962 3891 ani-

379 3942 501 3980 mus
531 3927 669 3984 alias
706 3944 927 4001 quoque
953 3933 1185 3986 virtutes
1212 3930 1398 3986 divina
1458 3930 1690 4000 quadam
1742 3929 1958 3984 deriva-

2063 3283 2492 3354 κατακοσμήσας
2511 3299 2526 3312 ·
2556 3281 2709 3336 ἐνθεν
2742 3282 2880 3353 αὐτῇ
2920 3280 3016 3334 καὶ
3065 3278 3176 3332 τῶν
3216 3276 3393 3334 ἄλλων
3433 3272 3652 3345 ἀρετῶν

2061 3377 2095 3446 ἡ
2131 3376 2404 3439 κοινωνία,
2454 3373 2642 3445 θεῖκῆς
2684 3372 2745 3438 ἐξ
2796 3372 3097 3445 ἀπορροίας
3149 3369 3420 3441 περίεστι.
3468 3367 3654 3429 Μόνος

2067 3468 2165 3539 μὲν
2199 3466 2308 3538 γὰρ
2343 3465 2504 3535 σοφὸς
2551 3465 2581 3517 6
2625 3465 2719 3519 καὶ
2765 3464 2897 3527 Θεὸς
2947 3463 3123 3535 μόνος.
3173 3462 3230 3514 '0
3267 3460 3310 3513 δ’
3340 3459 3503 3521 αὐτὸς
3549 3456 3652 3526 τὴν

2063 3564 2249 3617 οὐσίαν
2278 3560 2477 3630 ἀγαθὸς
2507 3561 2687 3630 μόνος,
2724 3557 2869 3628 ἰσχύϊ
2905 3556 2961 3611 δὲ
2988 3555 3212 3619 δυνατὸς
3245 3553 3410 3615 αὐτὸς
3443 3552 3605 3622 μόνος
3629 3566 3648 3580 ·

2065 3655 2158 3709 καὶ
2201 3654 2481 3724 γεννήτωρ
2537 3651 2635 3722 μὲν
2687 3646 2754 3705 αὖ
2792 3651 2891 3721 τῆς
2933 3646 3315 3718 δικαιοσύνης,
3360 3642 3546 3714 πατὴρ
3592 3639 3655 3694 δὲ

2061 3748 2218 3817 λόγου
2254 3747 2349 3800 καὶ
2382 3742 2574 3814 σοφίας
2597 3783 2613 3808 ,
2648 3743 2800 3816 πηγή
2828 3759 2888 3795 τε
2933 3741 3111 3811 φωτὸς
3154 3740 3250 3792 καὶ
3299 3735 3448 3805 ζωῆς
3469 3776 3485 3801 ,
3514 3734 3656 3804 ἀλη-

2063 3838 2213 3902 θείας
2242 3854 2302 3891 τε
2328 3835 2423 3891 καὶ
2454 3835 2656 3906 ἀρετῆς
2681 3834 2914 3906 ταμίας,
2943 3834 3038 3887 καὶ
3058 3832 3121 3903 δὴ
3147 3829 3424 3902 βασιλείας
3455 3826 3654 3897 αὐτῆς,

2064 3930 2240 4001 ἀρχῆς
2262 3945 2323 3981 τε
2347 3928 2529 4000 πάσης
2562 3927 2659 3981 καὶ
2682 3925 2933 4000 ἐξουσίας
2960 3922 3313 3995 καθηγεμὼν.

382 4021 528 4077 tione
555 4025 862 4094 participat.
901 4025 1063 4081 Solus
1089 4029 1235 4081 enim
1271 4027 1490 4097 sapiens
1518 4035 1599 4081 est
1644 4027 1710 4095 is,
1742 4027 1834 4097 qni
1870 4024 2018 4082 solus
2076 4030 2241 4080 etiam
2271 4036 2357 4081 est
2389 4026 2550 4081 Dens.
2581 4024 2729 4080 Idem
2791 4023 2948 4079 solus
3004 4031 3199 4077 natura
3260 4020 3472 4076 bonus:
3503 4017 3658 4073 solus

379 4111 542 4169 fortis
569 4125 626 4170 et
659 4127 872 4185 potens.
907 4117 1052 4173 Idem
1070 4121 1299 4188 iustitiae
1324 4132 1666 4191 procreator,
1699 4131 1852 4192 pater
1904 4123 2130 4177 rationis
2156 4132 2320 4190 atque
2381 4121 2703 4191 sapientiae;
2758 4119 2880 4175 l’ons
2945 4115 3084 4171 lucis
3153 4129 3219 4169 ac
3251 4114 3410 4179 vitae;
3442 4112 3657 4168 verita-

381 4208 452 4263 tis
478 4223 544 4264 ac
568 4209 790 4266 virtutis
826 4210 1208 4282 dispensator:
1256 4214 1425 4283 ipsius
1457 4213 1696 4283 denique
1742 4213 1956 4284 imperii
1994 4225 2051 4269 et
2080 4213 2418 4291 principatus
2446 4212 2625 4267 onmis
2656 4225 2721 4265 ac
2761 4206 3050 4280 potestatis
3078 4212 3289 4260 auctor.

991 4308 1222 4366 CAPUT
1256 4308 1348 4365 ιν.

451 4395 655 4452 Verum
709 4399 850 4454 unde
889 4400 1202 4455 hominibus
1246 4401 1427 4456 datum
1474 4409 1558 4457 est
1608 4401 1722 4456 haec
1754 4400 1961 4456 nosse?

378 4488 501 4559 quis
534 4488 650 4546 haec
694 4491 1006 4546 mortalium
1056 4492 1283 4547 auribus
1337 4494 1689 4548 annuutiavit
1729 4493 1752 4548 ?
1812 4493 1964 4549 Unde

378 4581 585 4636 carnali
616 4581 814 4651 lingute
837 4584 890 4639 id
922 4598 1243 4639 concessum
1271 4594 1378 4652 est,
1419 4595 1481 4639 ut
1508 4600 1597 4643 res
1627 4600 1657 4640 a
1703 4600 1872 4641 carne
1907 4594 1964 4641 et

378 4675 629 4743 corporis
658 4677 802 4730 mole
836 4686 1074 4731 semotas
1107 4677 1440 4746 loqueretur.
1469 4677 1604 4743 Quis
1633 4677 1961 4733 invisibilem

379 4780 565 4844 regem
595 4769 820 4838 propius
850 4769 1102 4834 intuitus,
1140 4770 1238 4824 has
1279 4769 1331 4822 in
1371 4768 1465 4824 illo
1491 4770 1646 4825 dotes
1690 4784 1756 4824 ac
1791 4770 1963 4824 virtu-

381 4869 464 4916 tes
492 4859 902 4919 vidit?Etenim
951 4860 1218 4916 elementa
1258 4862 1479 4932 quidem
1530 4861 1799 4916 aliiuitate
1837 4876 1960 4916 cum

379 4955 704 5025 corporibus
751 4956 1068 5023 conjuncta,
1101 4968 1156 5010 et
1185 4972 1272 5013 res
1318 4973 1384 5012 ex
1431 4957 1625 5012 iisdem
1677 4956 1962 5012 elementis

377 5048 721 5114 compositze,
756 5049 1003 5122 corporis
1029 5049 1283 5104 sensibus
1313 5050 1711 5120 percipiuntur.
1762 5047 1960 5129 Verum

381 5156 541 5193 nemo
581 5156 815 5208 unquam
855 5140 1124 5196 invisibile
1168 5142 1302 5196 illud
1335 5157 1565 5211 regnum
1609 5156 1718 5212 quo
1764 5152 1963 5196 cuneta

379 5230 776 5299 gubernantur,
816 5234 1064 5303 corporis
1110 5234 1286 5289 oculis
1341 5249 1401 5288 se
1443 5234 1667 5313 vidisse.
1694 5234 1965 5304 gloriatus

381 5332 503 5378 est:
540 5338 642 5379 nec
695 5326 944 5381 mortalis
990 5336 1209 5392 natura,
1261 5326 1545 5396 sapientiae
1599 5324 1963 5395 pulchritudi-

380 5439 453 5494 ita
512 5440 825 5508 legerimus.
870 5441 937 5498 Et
987 5442 1105 5497 haec
1160 5442 1415 5513 periodus
1459 5457 1582 5497 cum
1621 5442 1965 5512 prmcedente

380 5513 580 5580 optime
607 5514 922 5567 cohaerebit.

454 5583 565 5654 ((55)
590 5583 744 5653 Vulg.
783 5587 816 5637 ό
844 5585 1059 5639 τούτου
1095 5585 1297 5654 λόγος,
1326 5584 1421 5639 καὶ
1438 5583 1624 5653 νόμος
1639 5582 1967 5648 βασιλικὸς

379 5646 489 5719 sle.
525 5646 580 5707 In
619 5646 739 5707 cod.
796 5654 931 5708 Fuk.
961 5658 1112 5710 deest
1136 5646 1610 5724 νῖιεῖιιιιωριῇῖηεξ
1637 5653 1803 5708 Filius
1820 5646 1963 5706 enim

382 5724 478 5776 Dei
501 5732 583 5794 est
624 5738 803 5794 sermo
844 5741 938 5776 seu
979 5727 1115 5779 ratio
1145 5736 1199 5779 et
1222 5723 1309 5780 lex
1350 5727 1444 5780 Dei
1477 5723 1678 5789 Patris,
1711 5736 1768 5778 ut
1804 5725 1966 5794 paulo

382 5803 503 5862 post
530 5792 663 5862 dicit
681 5792 977 5862 Eusebius.

454 5861 567 5934 (64)
602 5860 922 5930 Μέγιστον,
944 5864 1171 5935 ἀγαθὸν
1212 5865 1383 5936 δόμα.
1423 5864 1659 5922 Delcnda
1697 5880 1797 5921 vox
1839 5865 1968 5934 ἁγα-

2601 4301 2998 4360 ΚΕΦΛΛΛΙΟΝ
3041 4302 3113 4355 Δ’.

2146 4399 2307 4455 Ἀλλά
2359 4398 2529 4454 ταῦτα
2583 4397 2748 4452 πόθεν
2785 4392 3097 4465 ἀνθρώποις
3148 4390 3383 4456 etSt-Evn;
3456 4388 3557 4452 Τίς
3607 4378 3659 4441 δ’

2065 4494 2203 4566 ἀκοῇ
2229 4492 2440 4564 θνητῶν
2483 4490 2656 4544 ταῦτα
2694 4488 3088 4559 διηκονήσατο;
3123 4483 3296 4537 Πόθεν
3345 4482 3404 4542 δὲ
3438 4481 3661 4554 γλάπτῃ

2067 4587 2290 4659 σαρκὸς,
2317 4584 2388 4642 τὰ
2413 4583 2630 4649 σαρκῶν
2654 4581 2910 4652 ἀλλότρια
2945 4579 3040 4632 καὶ
3075 4577 3344 4649 σωμάτων
3377 4573 3664 4643 ἀποφθέγ-

2065 4678 2292 4750 γεσθαι;
2322 4677 2415 4742 Τίς
2459 4677 2552 4731 τὸν
2576 4675 2760 4746 ἁφανῆ
2803 4670 3027 4744 βασιλέα
3059 4667 3381 4731 διοπτεύσας
3400 4706 3415 4732 ,
3453 4666 3664 4729 ταύτας

2069 4773 2127 4824 ὲν
2162 4768 2312 4840 αὑτῷ
2354 4768 2566 4822 κατεῖδε
2618 4769 2914 4839 δυνάμεις;
2946 4763 3209 4841 Αἰσθήσει
3259 4764 3355 4835 μὲν
3402 4761 3513 4833 γάρ
3563 4778 3667 4815 σω-

2073 4862 2258 4934 μάτων
2286 4858 2491 4932 άδελφά
2521 4864 2779 4932 στοιχεῖα,
2812 4859 2886 4914 τά
2906 4861 2954 4913 τ’
2976 4861 3041 4912 ἐκ
3067 4857 3271 4910 τούτων
3299 4855 3665 4927 συγκρίματα

2068 4954 2575 5027 καταλαμϐάνεται·
2618 4954 2732 5009 ἀλλ’
2791 4952 2966 5017 οὐδείς
3009 4969 3097 5005 πω
3140 4949 3409 5020 σωμάτων
3459 4948 3672 5016 ὀφθαλ-

2075 5053 2196 5121 μοῖς
2224 5050 2324 5121 τὴν
2354 5047 2497 5101 κατὰ
2528 5047 2746 5101 πάντων
2775 5040 2958 5115 ἀφοίνῆ
3007 5040 3286 5114 βασιλείαν
3323 5041 3447 5111 ὕψει
3488 5057 3675 5111 παρα-

2072 5140 2285 5205 λαϐὼν,
2332 5138 2706 5211 ἑσεμνύνατο,
2755 5135 2877 5189 οὐδὲ
2928 5133 3098 5206 θνητὴ
3149 5133 3312 5203 φύσις
3359 5131 3421 5184 τὸ
3469 5130 3671 5199 σοφίας

2072 5228 2370 5301 κατενόησε
2399 5228 2609 5292 κάλλος.
2642 5227 2738 5292 Τίς
2760 5226 2817 5280 δὲ
2844 5223 3065 5297 σαρκῶν
3096 5223 3350 5294 αἰσθήσει
3383 5221 3445 5274 τὸ
3464 5220 3673 5274 δικαιο-

2078 5321 2246 5393 σύνης
2291 5321 2457 5375 ένεῖδε
2494 5320 2825 5395 πρόσωπον;
2881 5317 3138 5388 Ἑννόμου
3165 5315 3209 5369 δ’
3232 5313 3413 5388 ἀρχῆς
3445 5312 3543 5367 καὶ
3564 5311 3669 5383 βα·

2068 5436 2179 5501 θόν,
2206 5436 2289 5490 vel
2320 5446 2465 5491 certe
2491 5451 2588 5490 vox
2607 5434 2745 5505 δόμα
2767 5450 2781 5463 ·
2814 5432 3074 5486 alterutra
3119 5431 3263 5485 enim
3324 5434 3663 5505 vosnvacat.

2066 5499 2249 5559 Malim
2281 5517 2459 5561 tamen
2485 5499 2836 5573 posterinrcu‘t
2852 5518 3045 5573 vocent
3056 5514 3391 5573 expungere.
3410 5499 3502 5552 Sic
3516 5512 3665 5573 etum

2069 5578 2330 5632 Eusebius
2346 5578 2428 5631 inf
2430 5569 2499 5629 ra‘
2511 5590 2625 5640 cap.
2640 5575 2793 5629 l'2.—
2810 5574 2986 5626 Monet
3029 5571 3343 5630 Hellllt'llt‘ll,
3368 5569 3664 5639 legendum

2070 5650 2263 5721 potius
2282 5649 2448 5721 videri
2476 5643 2986 5721 μεγίστων-ἀγαθῶν
3201 5641 3356 5721 Eutr.
3525 5708 3543 5721 _
3614 5707 3632 5721 θ

2122 5717 2274 5802 μιν)
2319 5718 2439 5786 Τὴν
2452 5708 2679 5844 [εἰκόνα
2707 5708 3052 5785 τὴνάὐτοῦ.
3082 5708 3136 5766 Ἐ
3141 5723 3261 5768 orte
3288 5710 3387 5782 τὴν
3418 5708 3543 5764 κατ’
3576 5708 3670 5766 εει

2122 5806 2205 5844 ινα
2234 5789 2421 5844 αὑτοῦ.
2469 5789 2611 5843 θοιτ.

2073 5806 2205 5845 κονα
2234 5802 2398 5845 αῡτου
2409 5829 2421 5843 ο
2452 5802 2548 5844 ΕΒΙ
2559 5805 2611 5843 το
