3926 6264
266 346 404 403 1535

1395 346 1483 402 DE
1523 345 1867 401 LAUDIBUS
1904 344 2389 401 CONSTANTINI.

3382 347 3517 403 I356

263 466 482 537 σιλικῆς
516 467 763 532 ἐξουσίας
813 466 975 521 πόθεν
1019 465 1327 538 ἀνθρώποις
1382 464 1706 535 ὐπεισῆλθεν
1757 464 1841 517 ἐν-

1951 478 2065 517 nem
2138 464 2297 535 611
2356 461 2713 531 intelligentia
2772 476 3006 531 unquam
3070 461 3521 532 comprehendit?

264 559 621 624 νοια;Πόθεν
660 559 1093 631 αὐτοκρατορικὴ
1141 558 1371 629 δύναμις
1421 558 1498 628 τῷ
1545 559 1709 630 σαρκὶ
1747 559 1841 611 καὶ

264 653 461 724 αἵματι
496 654 884 725 πεπιλημένῳ;
922 653 1018 715 Τίς
1047 653 1104 705 δέ
1144 652 1241 716 τὰς
1285 654 1510 720 ἀφανεῖς
1552 652 1644 704 καὶ
1668 652 1839 722 ἀσχη-

269 746 562 817 ματίστους
592 746 763 809 ἰδέας,
800 748 894 798 καὶ
944 745 1043 816 τὴν
1074 743 1361 815 ἀσώματον
1411 743 1505 797 καὶ
1537 744 1841 814 ἀσχημάτι-

267 853 393 890 στον
420 837 606 891 οὐσίαν
641 840 751 900 τοῖς
773 837 865 889 ἐπὶ
895 837 997 906 γῆς
1027 835 1420 908 ἐξηγόρευσεν;
1468 835 1604 887 Ἀλλ’
1632 831 1698 906 ἦν
1732 836 1841 906 ἀρα

262 926 470 979 τούτων
504 920 583 988 εἷς
613 928 883 998 ἑρμηνεὺς
902 967 916 990 ,
962 929 989 979 6
1017 926 1103 979 διὰ
1134 925 1350 978 πάντων
1374 924 1526 994 ήκων
1568 922 1661 975 τοῦ
1704 921 1838 975 Θεοῦ

263 1018 460 1087 Λόγος,
498 1020 526 1071 6
550 1019 650 1089 τῆς
689 1022 745 1072 ἐν
781 1017 1085 1090 ἀνθρώποις
1118 1017 1338 1087 λογικῆς
1370 1017 1464 1069 καὶ
1505 1017 1694 1086 νοερᾶς
1732 1032 1838 1067 πα-

262 1111 370 1183 τὴρ
426 1110 609 1173 οὐσίας
635 1153 648 1177 ,
708 1110 865 1180 μόνος
925 1110 1021 1180 μὲν
1070 1109 1170 1178 τῆς
1211 1108 1305 1161 τοῦ
1343 1107 1554 1179 Πατρὸς
1588 1106 1839 1177 θεότητος

263 1203 593 1274 ἐξημμένος,
628 1206 740 1266 τοῖς
762 1202 818 1255 δέ
854 1202 1133 1272 σφετέροις
1156 1201 1399 1269 ἐκγόνοις
1422 1199 1520 1264 τὰς
1567 1199 1838 1270 πατρικὰς

261 1297 566 1368 ἀπορροίας
635 1294 903 1366 ἐπάρδων.
970 1294 1161 1347 Ἔνθεν
1237 1294 1441 1347 ἆπασιν
1510 1291 1835 1364 ἀνθρώποις,

266 1389 525 1460 Ἕλλησιν
550 1386 685 1458 ὁμοῦ
720 1388 813 1440 καὶ
861 1387 1175 1459 βαρϐάροις,
1220 1388 1268 1439 οἱ
1316 1385 1641 1455 κατὰφύσιν
1688 1388 1840 1439 αὐτο⁴

266 1480 461 1550 μαθεῖς
502 1480 785 1551 λογισμοὶ,
836 1479 983 1533 ἐνθεν
1025 1479 1185 1548 λόγου
1236 1480 1329 1532 καὶ
1384 1480 1574 1548 σοφίας
1616 1479 1835 1543 ἔννοιαι,

262 1572 419 1625 ἐνθεν
460 1573 774 1644 φρονήσεως
823 1572 916 1626 καὶ
955 1571 1300 1644 δικαιοσύνης
1335 1573 1655 1645 σπέρματα,
1689 1572 1839 1626 ἐνθεν

263 1667 322 1719 αἱ
350 1665 459 1719 τῶν
488 1665 689 1737 τεχνῶν
716 1665 1048 1736 καταλήψεις
1066 1707 1080 1730 ,
1112 1665 1260 1719 ἔνθεν
1290 1666 1492 1737 ἀρετῆς
1542 1668 1837 1738 ἐπιστήμη,

265 1758 461 1827 σοφίας
496 1776 556 1811 τε
591 1758 741 1828 φίλον
766 1758 972 1830 ὄνομα,
1011 1760 1103 1812 καὶ
1145 1759 1341 1829 σεμνὸς
1383 1760 1670 1828 φιλοσόφου
1716 1779 1842 1814 παι-

1950 555 2210 622 Quisnam
2244 569 2370 609 vero
2390 554 2613 625 justitite
2635 553 2842 607 vultum
2869 554 3049 609 carnis
3076 555 3245 609 oculis
3267 554 3514 624 aspexit?

1948 645 2102 701 Unde
2145 646 2371 715 legitimi
2420 646 2631 716 imperii
2685 656 2740 700 et
2787 646 2946 715 regia:
3012 649 3294 715 potestatis
3372 645 3520 704 notio

1950 736 2258 790 hominibus
2285 736 2467 789 oblata
2489 736 2614 791 est?
2646 734 2800 791 Unde
2824 736 3119 804 imperialis
3149 739 3384 804 potentia
3417 738 3521 792 ho-

1950 826 2080 880 mini
2107 840 2173 879 ex
2202 841 2367 880 carne
2400 836 2456 882 et
2484 827 2748 899 sanguine
2794 829 3121 897 compacto?
3165 828 3295 896 Quis
3332 830 3521 886 invisi-

1948 920 2113 976 bilem
2143 931 2199 975 et
2234 921 2423 992 ﬁgurae
2451 922 2627 976 omnis
2672 931 2953 991 expertem
2996 921 3248 990 formam,
3279 924 3400 992 quis
3433 925 3520 979 in-

1949 1028 2265 1084 corpoream
2296 1015 2646 1083 externisque
2674 1025 2949 1071 carentem
2998 1015 3351 1072 lineamentis
3392 1018 3517 1072 sub-

1946 1108 2230 1171 stantiam,
2265 1108 2586 1163 mortalibus
2625 1109 2919 1174 exposuit?
2948 1108 3099 1164 Unus
3140 1119 3290 1164 certe
3323 1110 3519 1165 borum

1950 1200 2219 1269 interpres
2248 1198 2371 1264 fuit,
2408 1215 2506 1269 per
2552 1200 2736 1256 omnia
2782 1215 3117 1269 permanans
3161 1201 3256 1256 Dei
3304 1199 3517 1257 Sermo.

1948 1293 2048 1360 Qui
2082 1292 2363 1347 rationalis
2409 1302 2463 1346 et
2511 1293 2893 1351 intellectualis
2941 1296 3260 1349 substantia:
3308 1310 3428 1364 quae
3466 1296 3518 1349 in

1949 1385 2260 1439 hominibus
2308 1386 2674 1454 conspicitur,
2719 1395 2877 1457 pater
2919 1393 3001 1440 est
3049 1401 3112 1440 ac
3161 1394 3517 1455 procreator:

1947 1477 2038 1545 qui
2088 1491 2212 1529 cum
2269 1476 2417 1531 solus
2470 1477 2650 1532 Patris
2714 1478 2991 1533 cohzereat
3040 1478 3333 1544 divinitati,
3378 1477 3520 1533 ﬁlios

1946 1581 2075 1622 suos
2108 1568 2351 1636 paternis
2384 1566 2676 1623 cllluxibus
2723 1569 2885 1639 rigat.
2936 1567 3075 1623 llinc
3114 1569 3384 1623 universis
3414 1567 3518 1623 ho-

1947 1661 2207 1725 minibus,
2233 1660 2439 1717 Graecis
2473 1664 2683 1733 pariter
2715 1672 2768 1717 et
2793 1663 3064 1726 barbaris,
3098 1662 3374 1715 naturales
3401 1663 3520 1717 sine

1948 1753 2111 1808 ullius
2144 1756 2463 1825 magisterio
2497 1756 2984 1811 ratiocinationes:
3029 1756 3156 1810 hinc
3188 1754 3417 1809 rationis
3457 1770 3519 1810 ac

261 1851 410 1914 δείας
436 1850 573 1922 ἔρως
594 1869 607 1883 ο
637 1852 786 1905 ἔνθεν
829 1852 1034 1921 ἀγαθοῦ
1064 1851 1262 1915 παντὸς
1288 1853 1383 1906 καὶ⁸
1423 1852 1585 1905 καλοῦ
1620 1852 1841 1922 γνῶσις,

1951 1846 2223 1915 sapientiae
2247 1847 2541 1902 notiones:
2572 1849 2700 1901 hinc
2728 1846 3027 1916 prudentiae
3068 1861 3134 1901 ac
3170 1845 3393 1919 iustitiae
3431 1861 3520 1899 se-

261 1941 416 1996 ἐνθεν
464 1944 630 1998 αὐτοῦ
682 1945 952 2013 φαντασία
1009 1943 1180 2006 Θεοῦ,
1239 1945 1331 1997 καὶ
1377 1943 1490 2013 βίος
1535 1943 1843 2007 θεοσεϐείας

262 2031 504 2098 ἐπάξιος,
534 2032 683 2086 ἐνθεν
710 2032 981 2105 ἀνθρώπῳ
1009 2033 1285 2104 βασιλείας
1321 2034 1493 2103 ἰσχὺς,
1520 2036 1614 2087 καὶ
1643 2034 1842 2106 κράτος

263 2122 475 2193 ἄμαχον
509 2124 617 2177 τῶν
644 2124 735 2177 ἐπὶ
758 2124 863 2195 γῆς
880 2123 1157 2179 ἁπάντων.
1199 2126 1285 2188 Ὠς
1317 2124 1372 2177 δὲ
1396 2126 1485 2178 τὸν
1511 2126 1630 2178 κατ’
1661 2124 1843 2179 είκὸνα

261 2214 397 2267 Θεοῦ
422 2216 515 2269 καὶ
535 2215 656 2268 καθ’
679 2216 935 2287 ὁμοίωσιν
960 2219 1015 2269 ἐν
1033 2215 1316 2288 ἀνθρώπου
1338 2215 1480 2287 ψυχῇ
1500 2217 1841 2289 χαρακτῆρα,

259 2305 419 2373 λόγος
463 2309 490 2360 6
532 2307 641 2360 τῶν
673 2308 905 2376 λογικῶν
949 2308 1146 2378 ύφίστη
1202 2308 1417 2381 πατὴρ,
1470 2308 1743 2379 βασιλικόν
1783 2326 1843 2361 τε

257 2397 419 2450 τοῦτο
456 2398 516 2451 τί,
546 2397 681 2462 ζῶον
708 2400 1092 2471 ἀπειργάζετο,
1123 2401 1281 2472 μόνον
1312 2402 1420 2455 τῶν
1451 2403 1543 2454 ἐπὶ
1566 2402 1671 2471 γῆς
1700 2401 1846 2471 βασι-

256 2488 438 2542 λεύειν
488 2492 580 2543 καὶ
640 2491 1018 2562 βασιλεύεσθαι
1070 2493 1216 2547 τοῦτ’
1280 2494 1476 2547 εἰδέναι
1540 2495 1840 2560 ἀναδείξας,

259 2580 601 2652 προμελετᾷν
626 2600 687 2635 τε
714 2583 809 2636 καὶ
837 2584 1293 2655 προδιδάσκεσθαι
1341 2585 1452 2658 (65)
1495 2585 1703 2639 ἐνθένδε
1743 2588 1843 2656 τῆς

257 2672 511 2741 οὐρανίου
555 2672 833 2743 βασιλείας
861 2676 959 2746 τὴν
988 2676 1404 2748 ἐπηγγελμένην
1440 2677 1647 2741 ἐλπίδα,
1683 2678 1748 2731 δι’
1780 2679 1843 2750 ἢν

257 2764 352 2817 καὶ
394 2766 638 2835 ἀφῖκται,
690 2766 905 2837 θνητοῖς
950 2786 1007 2821 τε
1055 2771 1133 2831 είς
1181 2769 1397 2838 ὁμιλίαν
1461 2770 1630 2824 ἐλθεῖν
1682 2771 1844 2835 αὐτὸς

256 2855 285 2906 6
310 2853 422 2906 τῶν
448 2855 650 2908 παίδων
678 2858 777 2910 οὐκ
805 2857 1047 2912 ἀπώκνει
1084 2858 1284 2930 πατὴρ,
1311 2859 1380 2912 τὰ
1409 2860 1453 2913 δ’
1481 2860 1644 2913 αὐτοῦ
1671 2878 1845 2933 γεωρ-

256 2944 375 3012 γῶν
405 2946 514 3017 (66)
576 2949 864 3019 σπέρματα
908 2952 1002 3003 καὶ
1057 2951 1155 3015 τὰς
1200 2951 1407 3006 ἀνωθεν
1452 2954 1843 3025 ἀνανεούμενος

256 3038 559 3108 χορηγίας,
589 3041 840 3111 οὐρανίου
889 3042 1132 3112 μεθέξειν
1175 3043 1478 3114 βασιλείας,
1520 3048 1632 3109 τοῖς
1681 3048 1843 3099 πᾶσιν

258 3129 680 3200 εὐηγγελίζετο,
740 3134 923 3187 ἐκάλει
966 3152 1024 3187 τε
1077 3137 1171 3189 καὶ
1221 3137 1523 3209 παρεκάλει
1557 3139 1692 3209 πρὸς
1743 3139 1841 3209 τὴν

1944 1941 2130 1993 mina:
2168 1940 2293 1996 hinc
2334 1941 2531 1995 artium
2580 1940 2993 2010 comprehensio
3040 1959 3054 1995 :
3113 1939 3243 1993 hinc
3284 1940 3504 1994 virtutis

1943 2032 2193 2096 scientia,
2259 2041 2310 2087 et
2366 2048 2561 2088 nomen
2614 2028 2991 2102 pliilos0phim,
3059 2041 3114 2086 et
3167 2033 3515 2086 venerandus

1944 2139 2103 2177 amor
2151 2125 2432 2193 sapientia:
2477 2146 2488 2179 :
2533 2125 2657 2179 hinc
2701 2125 2877 2178 omnis
2907 2123 3033 2178 boui
3077 2122 3397 2191 honestique
3422 2136 3516 2175 co-

1944 2213 2148 2282 gnitio:
2182 2214 2308 2267 hinc
2340 2214 2509 2284 ipsius
2539 2213 2631 2268 Dei
2657 2214 2841 2267 efficta
2880 2214 2935 2268 in
2992 2213 3173 2266 animo
3215 2213 3429 2283 imago:
3462 2222 3519 2266 et

1944 2304 2162 2359 vivendi
2198 2308 2343 2359 ratio
2381 2306 2565 2359 divino
2592 2306 2760 2359 cultui
2794 2316 2918 2375 apte
2974 2306 3327 2375 respondens.
3382 2305 3521 2360 Hinc

1945 2398 2148 2452 homini
2193 2398 2273 2452 vis
2322 2399 2563 2468 suppetit
2615 2399 2787 2469 regia,
2839 2410 2894 2452 et
2944 2399 2995 2453 in
3055 2408 3251 2453 cuncta
3297 2412 3417 2466 quae
3463 2397 3517 2451 in

1948 2500 2089 2543 terra
2157 2498 2303 2555 sunt,
2369 2490 2663 2560 imperium
2722 2490 3161 2562 inexpugnabile.
3222 2491 3515 2561 Postquam

1945 2596 2076 2635 vero
2128 2581 2271 2635 ratio
2331 2580 2419 2634 illa
2477 2582 2824 2637 rationalium
2896 2599 3116 2652 parens,
3167 2585 3219 2637 in
3278 2584 3519 2638 hominis

1946 2675 2128 2728 animo
2168 2672 2400 2743 eﬂigiem
2432 2674 2627 2729 indidit
2666 2690 2732 2730 ex
2776 2675 3014 2746 imagine
3060 2692 3123 2731 ac
3164 2676 3520 2731 similitudine

1947 2767 2037 2821 Dei
2072 2782 2411 2834 expressam,
2464 2769 2855 2838 hominemque
2912 2784 3139 2839 prorsus
3191 2770 3370 2839 regale
3401 2771 3519 2825 ani-

1947 2858 2055 2912 mal
2095 2857 2309 2924 eﬂ‘ecit;
2364 2862 2453 2913 uni
2501 2876 2569 2914 ex
2616 2861 2851 2915 terrenis
2912 2861 3281 2915 animantibus
3324 2861 3373 2915 ei
3418 2862 3519 2915 tri-

1946 2952 2138 3017 lmens,
2168 2960 2226 3006 ut
2255 2967 2483 3021 regnare
2514 2961 2568 3007 et
2603 2954 2849 3022 regnanti
2879 2968 3070 3022 parere
3098 2962 3282 3008 nosset
3309 2969 3324 3020 ;
3353 2964 3520 3019 utque

1946 3045 2193 3115 proludia
2220 3060 2283 3099 ac
2315 3046 2574 3115 protemia
2617 3047 2729 3114 spei
2765 3048 2920 3117 regni
2968 3046 3210 3101 caelestis
3244 3047 3389 3115 quod
3424 3060 3521 3099 no-

1948 3142 2031 3195 bis
2056 3140 2386 3209 promissum
2417 3149 2524 3203 est,
2556 3138 2665 3205 jam
2704 3149 2814 3193 tum
2848 3140 2917 3194 ab
2967 3140 3069 3194 hac
3112 3141 3224 3193 vita
3264 3139 3515 3207 auspica-

257 3221 373 3275 ἂνω
399 3226 622 3293 πορείαν
653 3228 941 3297 εὐτρεπεῖς
971 3222 1134 3291 εἶναι,
1162 3228 1259 3300 τὴν
1283 3229 1503 3296 ἐπάξιον
1525 3230 1714 3302 στολὴν
1740 3231 1839 3301 τῆς

1951 3239 2096 3285 retur
2127 3250 2140 3285 :
2173 3231 2328 3301 cujus
2356 3232 2529 3301 gratia
2564 3232 2679 3300 ipse
2711 3231 2954 3298 advenit,
3014 3240 3069 3285 et
3121 3245 3243 3284 cum
3277 3229 3521 3283 mortali-

258 3313 507 3384 κλήσεως
561 3317 1183 3387 παρασκευασαμένους·
1245 3319 1484 3390 ἐπλήρου
1531 3337 1589 3372 τε
1618 3321 1841 3392 ἀρρήτῳ

1951 3323 2045 3376 bus
2084 3322 2296 3376 versari
2340 3321 2456 3391 ipse
2506 3330 2693 3392 utpote
2722 3322 2978 3375 ‘liliorum
3008 3330 3179 3391 'pater
3227 3335 3334 3374 non
3372 3318 3523 3373 refu-

258 3403 488 3475 δυνάμει
515 3405 613 3477 τὴν
647 3407 960 3477 σύμπασαν,
991 3409 1124 3477 ὅσην
1161 3410 1189 3462 6
1221 3409 1369 3479 ήλιος
1399 3412 1589 3483 ἐφορᾷ,
1624 3410 1842 3482 τοῦκη-

1951 3413 2050 3481 git:
2086 3427 2184 3467 sua
2224 3413 2454 3481 ipsemet
2486 3412 3026 3475 excolens‘semina,
3060 3421 3115 3466 et
3158 3410 3402 3465 caelestia
3433 3425 3521 3464 re-

264 3496 568 3568 ρύγματος,
597 3500 675 3571 τῷ
705 3502 806 3571 τῆς
835 3501 974 3554 κατά
994 3502 1098 3572 γῆν
1130 3501 1409 3571 βασιλείας
1444 3506 1719 3575 μιμήματι
1747 3506 1842 3576 τὴν

1951 3519 2153 3559 novans
2178 3504 2354 3559 dona:
2386 3506 2627 3562 caelestis
2659 3506 2808 3575 regni
2842 3504 3098 3561 omnibus
3151 3504 3361 3572 c0piam
3405 3504 3524 3556 fore

262 3592 517 3661 οὐράνιον
564 3594 1001 3666 ἐκτυπούμενος,
1039 3598 1123 3666 ἐφ’
1162 3597 1229 3667 ἢν
1267 3598 1355 3649 καὶ
1383 3598 1631 3650 σπεύδειν
1652 3599 1714 3652 τὸ
1740 3601 1842 3653 πᾶν

1951 3598 2308 3651 annnntiavit.
2355 3598 2598 3652 Cunctos
2648 3599 2777 3651 item
2828 3599 3046 3651 vocavit
3090 3615 3103 3650 :
3164 3599 3522 3663 hortatusque

259 3684 370 3736 τῶν
396 3684 695 3758 ἀνθρώπων
720 3668 979 3760 παρορμᾷ
1005 3689 1163 3758 γένος
1184 3731 1198 3755 ,
1244 3690 1452 3762 ἀγαθὴν
1484 3690 1673 3745 ἐλπίδα
1716 3691 1842 3744 ταύ-

1951 3699 2032 3744 est
2060 3699 2117 3741 ut
2144 3690 2210 3742 ad
2250 3689 2393 3743 illam
2422 3690 2475 3742 in
2513 3691 2713 3743 caelum
2739 3690 3133 3758 profectioiiem
3169 3686 3403 3757 prompti
3456 3701 3521 3739 ac

260 3790 363 3846 την
386 3776 656 3848 προϐεϐλη
665 3778 841 3848 μένος.
865 3776 871 3783 ’

1951 3783 2125 3851 parati
2157 3790 2360 3845 essent,
2387 3792 2705 3849 vestemque
2733 3797 2797 3835 ea
2826 3780 3113 3834 vocatione
3162 3780 3377 3847 dignam
3417 3776 3521 3829 sibi

262 3878 671 3936 compararent.
732 3870 798 3924 Et
835 3870 1203 3941 inexplicabili
1235 3871 1468 3940 quadam
1517 3873 1718 3928 virtute
1781 3875 2102 3928 universum
2164 3882 2438 3927 terrarum
2480 3874 2665 3927 orbem
2718 3872 2810 3941 qui
2863 3870 2995 3925 solis
3044 3871 3215 3925 radiis
3284 3869 3522 3922 illustra-

264 3974 375 4028 tur,
408 3966 800 4033 praedicatione
828 3982 923 4021 sua
963 3967 1206 4035 implevit
1236 3985 1248 4019 :
1288 3969 1491 4022 terreni
1538 3970 1690 4039 regni
1760 3971 2121 4025 similitudine
2182 3970 2515 4038 exprimens
2560 3984 2787 4040 regnum
2820 3969 3103 4023 caelorum.
3132 3967 3212 4021 Ad
3236 3968 3376 4038 quod
3409 3967 3523 4037 ipse

266 4058 576 4113 universum
605 4074 774 4128 genus
808 4060 1105 4113 humanum
1139 4060 1331 4115 incitat
1363 4068 1525 4131 atque
1565 4061 1834 4132 impellit;
1878 4064 1980 4120 hac
2007 4063 2203 4119 ﬁducia
2232 4064 2482 4133 bonaque
2508 4078 2603 4133 spe
2635 4064 2888 4118 omnibus
2921 4070 3214 4117 ostentata.

813 4153 1111 4206 ΚΕΦΑΛΑΙ
1119 4154 1209 4206 ΟΝ
1238 4154 1313 4208 E'.

337 4236 448 4309 Ἦς
474 4247 503 4298 6
556 4246 653 4315 μὲν
700 4244 778 4314 τῷ
818 4245 935 4315 Θεῷ
977 4244 1128 4313 φίλος
1167 4245 1412 4299 ἐντεῦθεν
1458 4247 1558 4318 ήδη
1609 4246 1842 4319 μεθέξει,

261 4338 387 4400 ταῖς
444 4337 707 4406 ἐμφύτοις
736 4336 811 4407 τῷ
854 4336 973 4406 Θεῷ
1004 4337 1303 4407 κοσμηθεὶς
1341 4340 1589 4408 ἀρεταῖς,
1620 4340 1714 4393 καὶ
1744 4340 1845 4405 τὰς

267 4425 478 4479 ἐκεῖθεν
524 4426 824 4497 ἀπορροίας
881 4429 946 4497 τῇ
1016 4426 1158 4497 ψυχῇ
1215 4428 1700 4500 καταδεδεγμένος·
1749 4431 1844 4483 καὶ

2568 4154 2797 4211 CAPUT
2842 4156 2903 4209 V.

2028 4248 2198 4319 Cujus
2229 4248 2444 4317 quidem
2475 4249 2587 4317 spei
2634 4257 2821 4302 noster
2849 4247 2937 4303 hic
2966 4246 3075 4301 Deo
3120 4248 3317 4303 charus
3350 4247 3524 4316 impe-

1952 4348 2123 4404 rator,
2156 4341 2321 4394 etiam
2358 4340 2410 4393 in
2444 4340 2547 4394 hac
2577 4340 2686 4392 vita
2721 4338 2779 4392 ﬁt
2804 4339 3078 4408 particeps
3116 4357 3129 4405 ;
3177 4340 3379 4407 quippe
3428 4340 3520 4406 qni

1950 4432 2152 4486 innatis
2182 4432 2475 4485 virtutibus
2501 4447 2529 4485 a
2558 4431 2668 4485 Deo
2699 4440 3000 4485 exornatus
3031 4431 3123 4493 sit,
3166 4440 3221 4484 et
3268 4431 3526 4485 ccelestes

268 4517 485 4587 λογικὸς
538 4519 635 4589 μὲν
681 4521 746 4571 ἐκ
784 4518 877 4571 τοῦ
928 4518 1154 4571 καθόλου
1182 4519 1421 4588 γεγονὼς
1447 4521 1625 4589 λόγου,
1654 4524 1842 4592 σοφίας

1951 4521 2178 4577 eﬂluxus
2214 4538 2277 4577 ex
2310 4523 2402 4577 illo
2432 4522 2578 4576 fonte
2612 4522 2664 4575 in
2704 4522 2946 4575 animum
2981 4521 3332 4573 derivaverit.
3361 4520 3527 4590 612

266 4611 327 4664 δέ
353 4612 611 4684 μετουσίᾳ
638 4613 816 4680 σοφὸς,
862 4613 1064 4682 ἀγαθὸς
1100 4613 1143 4666 δ’
1188 4615 1391 4683 ἀγαθοῦ
1433 4617 1717 4687 κοινωνία,
1751 4618 1845 4671 καὶ

265 4704 475 4769 δίκαιος
510 4707 709 4776 μετοχῇ
742 4706 1108 4777 δικαιοσύνης,
1140 4704 1371 4778 σώφρων
1397 4725 1457 4760 τε
1492 4708 1843 4779 σωφροσύνης

309 4950 508 5025 (65)Vu
520 4948 588 5015 lg.
604 4947 994 5025 :zpoyelegxba:
998 4965 1060 5001 τε
1073 4948 1169 5025 καὶ
1187 4949 1647 5025 προδιλεάζεσραι
1658 4950 1832 5025 ,δε

266 5020 500 5077 béndum
533 5029 658 5087 puto
690 5020 1046 5091 προμελετᾷν.
1076 5020 1166 5072 Sic
1204 5022 1344 5073 enim
1378 5022 1639 5074 Eusebius
1672 5022 1847 5091 loqui-

270 5074 356 5144 iiii-
382 5074 545 5148 infra:
579 5091 667 5161 ubi
702 5074 773 5161 de
802 5074 925 5161 ‘Deo
964 5074 1139 5161 Verbo
1168 5091 1452 5161 itagscribit
1494 5107 1507 5143 :
1545 5074 1757 5161 Μέτροῖ
1789 5109 1847 5144 τε

268 5163 413 5231 ζωῆς
445 5162 556 5231 τοῖς
577 5160 666 5213 τὸν
693 5160 891 5231 θνητὸν
909 5158 1179 5231 διανύουσι
1207 5159 1316 5228 βίον
1335 5158 1845 5231 διαθεσμοθετήσας,

269 5229 778 5311 προεμμελετέν-ἐν
813 5229 962 5311 *τῷδε
1118 5230 1393 5311 ’προοίμια
1437 5229 1543 5300 τῆς
1585 5229 1723 5311 ὑπὲρ
1757 5232 1849 5283 τὸν

268 5299 572 5374 νῦνγαίῶνα
612 5299 756 5374 ζῳῆς
810 5301 1011 5353 ἅπασιν
1047 5299 1360 5374 ἀνθρώποις
1404 5299 1845 5374 συγκεχώρηκεν.

274 5373 473 5423 Eadem
529 5373 815 5440 utrobique
860 5373 1121 5423 sententia
1178 5382 1277 5423 est.
1327 5372 1533 5440 Quippe
1577 5377 1629 5425 in
1660 5372 1845 5425 altero

273 5443 393 5494 loco
422 5444 487 5495 de
545 5458 709 5511 regno
748 5442 950 5495 cmlesti
1002 5441 1273 5511 loquitur;
1301 5440 1349 5511 in
1396 5441 1566 5495 altero
1613 5444 1678 5495 tle
1736 5443 1843 5494 vita

272 5522 474 5564 aeterna
499 5510 879 5576 :etntrittsqne
913 5510 1152 5579 proludia
1181 5510 1421 5577 quaedam
1454 5526 1516 5562 ac
1533 5514 1849 5577 przeexerci-

277 5592 511 5634 tamenta
537 5581 846 5636 hominibus
891 5581 941 5633 in
977 5581 1077 5634 hac
1123 5580 1233 5632 vita
1276 5596 1305 5631 a
1343 5580 1522 5632 divino
1546 5580 1724 5635 V'erbo
1772 5583 1847 5635 ait

273 5667 399 5705 esse
430 5666 708 5705 concessa.
733 5653 909 5716 Quare
950 5666 1052 5702 non
1094 5649 1281 5703 dubito
1314 5650 1443 5718 quin
1481 5649 1742 5704 Eusebius
1774 5653 1847 5705 ita

275 5722 600 5792 scripserit:
652 5720 987 5792 προμελετᾷν
1024 5719 1231 5792 τεκαὶ
1257 5719 1708 5792 προοιμιάζεσθαι
1765 5723 1852 5773 ἐν·

277 5790 428 5845 θένδι
491 5792 590 5859 τῆς
628 5790 878 5861 οὐρανίου
910 5790 1184 5860 βασιλείας
1215 5790 1314 5861 τὴν
1341 5792 1751 5864 ἐπηγγελμένην
1775 5792 1849 5845 ἐλο

1952 4617 2165 4671 Etenim
2196 4616 2481 4671 rationalis
2519 4615 2737 4685 quidem
2767 4626 2850 4668 est
2878 4629 2942 4666 ex
2978 4612 3065 4665 illa
3098 4611 3395 4665 universali
3444 4627 3530 4663 ra-

1954 4710 2141 4775 tione;
2184 4710 2404 4779 sapiens
2433 4723 2569 4765 vero
2605 4707 3032 4776 participatione
3068 4704 3268 4759 divina:
3314 4703 3534 4772 sapien-

1945 4954 2095 5007 πίδα.
2120 4956 2295 5024 Atque
2327 4955 2397 5008 ita
2427 4970 2616 5010 sensus
2643 4963 2724 5008 est
2754 4952 3149 5024 apertissimus.
3170 4949 3526 5024 >Subaudien-

1946 5026 2072 5077 dum
2103 5035 2184 5077 est
2208 5021 2396 5080 autem
2423 5024 2644 5079 verbum
2681 5021 2965 5086 ἀναδείξας
2986 5063 2998 5085 ,
3041 5022 3181 5091 quod
3231 5022 3527 5088 praecssit.

1950 5094 2073 5149 "me
2110 5112 2234 5149 cum
2299 5097 2466 5149 multo
2513 5104 2639 5148 ante
2683 5097 3046 5163 scripsissem,
3096 5102 3284 5146 nactus
3308 5092 3528 5163 tandem

1947 5164 2302 5219 Fuketianum
2337 5168 2604 5228 codicem,
2642 5161 2816 5218 meam
2857 5163 3227 5231 conjecturam
3274 5161 3388 5230 ejus
3431 5177 3531 5214 au-

1947 5238 2198 5291 ctoritate
2244 5234 2619 5291 contir’matam
2652 5235 2842 5288 saltem
2880 5250 2944 5286 ex
2985 5244 3140 5300 parte
3178 5232 3527 5299 deprehendi.

1949 5303 2003 5376 In
2036 5320 2100 5358 eo
2134 5307 2277 5358 enim
2312 5307 2507 5376 legitur
2539 5324 2552 5357 :
2596 5306 2936 5376 προμελετᾷν
2963 5321 3022 5355 τε
3057 5304 3150 5356 καὶ
3179 5301 3532 5373 προδιδάσκε-

1948 5373 2093 5436 σθαι,
2124 5379 2346 5441 optime.

2020 5446 2131 5516 (liti)
2177 5446 2251 5500 Τὰ
2288 5446 2528 5501 δἀὐτοῦ
2564 5447 2874 5516 γεωργῶν,
2901 5443 3075 5516 Malim
3114 5442 3531 5516 διετίθετο-τάκ

1948 5512 2137 5569 αὐτοῦ.
2168 5516 2335 5570 Porro
2376 5528 2486 5571 tota
2529 5512 2642 5571 haec
2673 5512 2899 5570 Eusebii
2935 5515 3125 5582 pagina
3158 5514 3312 5566 valde
3350 5512 3530 5566 hiulca

1949 5597 2053 5651 est,
2080 5588 2148 5639 ob
2178 5586 2533 5654 frequentiam
2583 5589 2805 5641 nimiam
2838 5587 3125 5639 verborum
3167 5598 3287 5651 quae
3321 5583 3372 5636 in
3398 5584 3533 5654 nim-

1953 5658 2190 5726 perfecto
2226 5652 2467 5726 tempore
2518 5657 2691 5727 posita
2739 5660 3008 5726 leguntur.
3050 5654 3126 5709 Ex
3164 5670 3272 5722 quo
3314 5652 3534 5707 taadiosa

1957 5743 2019 5783 ac
2048 5742 2262 5783 morosa
2295 5728 2516 5786 exsistit
2538 5727 2741 5785 oratio.
