3926 6264
449 301 589 358 ἰῖιπό
1159 296 1430 353 EUSEBII
1467 295 1940 354 CESABlERSIS
1977 293 2128 353 OPP.
2167 294 2349 352 PARS
2371 297 2424 352 .l.
2465 327 2536 338 -—
2572 295 2961 353 HISTORICA.

3554 300 3676 357 1336

447 425 569 488 tim,
595 421 769 478 bonus
802 418 1062 476 bonitatis
1098 418 1239 473 illius
1276 421 1684 475 communione.
1745 419 1813 475 Et
1843 418 2012 487 justu:

2141 418 2274 490 ἰδέᾳ,
2297 419 2391 473 καὶ
2419 420 2518 491 τῆς
2545 419 2803 474 ἀνωτάτω
2824 416 3110 492 μετασχὼν
3130 416 3409 489 δυνάμεως
3429 417 3647 492 ἀνδρεῖος
3661 441 3676 453 ·

447 514 667 585 quidem
720 523 804 568 est
860 512 1006 567 illius
1061 511 1778 580 participationejustitim;
1821 523 2028 580 tempe-

450 619 582 659 r-ms
635 618 701 658 ex
745 603 839 657 illo
878 601 1258 670 temperantiae
1311 604 1647 673 exemplari;
1687 603 1846 658 fortis
1894 616 2025 658 vero

450 696 646 750 divina:
672 695 890 748 virtutis
919 693 1208 749 beneﬁcio.
1243 693 1341 751 Hic
1371 711 1504 766 ergo
1541 696 1665 766 jure
1691 695 1899 766 optimo
1923 694 2027 749 im-

448 797 673 853 perator
704 785 1009 852 vocabitur,
1033 788 1125 856 qui
1162 786 1404 841 animum
1430 802 1586 842 suum
1619 786 1872 843 omnibus
1909 787 2021 840 vir-

447 891 622 934 tutum
652 878 929 935 coloribus
959 895 1025 937 ac
1051 881 1396 938 lineamentis
1439 882 1506 936 ad
1549 879 1794 937 caelestis
1850 881 2024 949 impe-

445 971 511 1024 rii
545 970 960 1028 similitudinem
999 972 1234 1029 efﬂuxit.
1277 974 1378 1041 Qui
1426 988 1557 1030 vero
1592 974 1662 1029 ab
1694 972 1780 1029 bis
1807 972 2023 1028 alienus

446 1063 742 1127 exstiterit,
777 1073 833 1117 et
862 1064 954 1134 qui
1002 1064 1160 1133 bujus
1197 1067 1437 1123 universi
1486 1081 1666 1137 regem
1718 1066 2023 1137 abnegave-

445 1154 536 1218 rit,
576 1170 676 1211 nec
709 1154 987 1211 caelestem
1014 1158 1319 1213 animorum
1366 1169 1647 1226 parentem
1696 1158 2021 1228 agnoverit;

445 1262 549 1301 nec
579 1248 1000 1303 convenientem
1051 1249 1372 1318 imperatori
1425 1248 1629 1304 cultum
1665 1260 1829 1319 atque
1858 1264 2022 1305 orna-

446 1346 558 1392 tum
592 1340 905 1408 sumpserit,
947 1339 1041 1393 sed
1073 1338 1425 1394 defosmitate
1453 1355 1519 1395 ac
1544 1340 1880 1410 turpitudine
1915 1339 2025 1394 aui-

445 1445 594 1483 mum
648 1430 972 1499 impleverit,
1020 1442 1073 1486 et
1122 1446 1221 1501 pro
1277 1431 1544 1501 imperiali
1584 1433 2020 1494 mansuetudine.

445 1521 576 1576 fera:
638 1522 829 1578 bellua:
888 1524 1284 1579 immanitatem
1336 1524 1614 1590 induerit;
1669 1539 1766 1595 pro
1810 1524 2021 1580 liberali

442 1614 639 1669 affectu
679 1614 999 1685 pestiferum
1039 1618 1409 1685 improbitatis
1430 1633 1696 1673 venenum
1725 1636 1741 1688 ;
1771 1634 1870 1689 pro
1896 1635 2023 1690 pru-

441 1707 621 1762 dentia
656 1708 939 1763 stultitiam
967 1724 985 1774 ;
1010 1709 1268 1779 denique,
1288 1708 1413 1764 loco
1458 1710 1691 1765 rationis
1718 1724 1785 1765 ac
1808 1710 2023 1779 sapien-

2128 510 2270 583 ἀτάρ
2318 508 2383 577 δὴ
2431 512 2525 565 καὶ
2590 509 2843 581 βασιλεὺς
2885 509 3078 583 ἀληθεῖ
3119 510 3262 583 λόγῳ
3313 513 3678 585 χρηματίσειεν

2126 598 2280 668 οὗτος
2308 603 2440 675 (67),
2468 605 2497 657 6
2529 605 2628 676 τῆς
2647 605 2903 659 ἐπέκεινα
2927 602 3199 675 βασιλείας
3229 605 3287 659 τὸ
3309 606 3561 679 μίμημα,
3594 611 3679 684 βι-

2126 696 2358 781 σιλικαῖς
2388 698 2609 770 ἀρεταῖς
2626 697 2724 770 τὴν
2754 697 2931 771 ψυχὴν
2959 698 3419 772 μεμορφωμιένος⁸
3446 699 3475 753 6
3494 699 3549 753 δὲ
3570 702 3680 755 τούς

2124 806 2233 844 των
2260 788 2666 861 ἀπεξενωμένος
2688 832 2702 855 ,
2730 792 2826 851 καὶ
2870 791 2960 845 τὸν
2983 791 3207 863 βασιλέα
3229 792 3336 846 τῶν
3358 792 3491 847 ὅλων
3518 793 3678 867 ἀπαρ-

2125 883 2329 954 νηθεὶς,
2365 883 2499 954 μηδὲ
2541 883 2633 938 τὸν
2661 885 2984 958 ἐπουράνιον
3023 885 3212 957 ψυχῶν
3259 886 3679 958 ἐπιγραψάμενος

2126 976 2356 1049 πατέρα,
2392 977 2525 1049 μηδὲ
2547 978 2640 1031 τὸν
2686 978 2963 1051 πρέποντα
2996 978 3210 1050 βασιλεῖ
3244 980 3451 1050 κόσμον
3486 979 3679 1053 περιθέο

2129 1086 2307 1140 μενος,
2351 1070 2629 1141 ἀμορφίαν
2675 1070 2732 1124 δὲ
2760 1072 2854 1125 καὶ
2898 1066 3087 1142 αἶσχος
3115 1069 3398 1125 ἀναλαϐὼν
3426 1072 3494 1143 τῇ
3527 1071 3676 1144 ψυχῇ,

2124 1161 2217 1214 καὶ
2246 1160 2412 1233 θηρὸς
2452 1162 2552 1233 μὲν
2580 1163 2776 1235 ἀγρίου
2818 1162 2989 1234 θυμὸν
3029 1162 3315 1233 βασιλικῆς
3365 1163 3679 1236 ἡμερότητος

2122 1250 2735 1323 ἀντικαταλλαξάμενος,
2768 1253 2843 1307 ἰὸν
2866 1253 2923 1307 δὲ
2941 1254 3177 1325 δυσαλθῆ
3202 1253 3399 1318 κακίας
3417 1255 3527 1307 ἀντ’
3548 1254 3677 1308 ἐλευ-

2122 1342 2304 1413 θερίου
2341 1342 2653 1410 διαθέσεως,
2690 1345 2904 1416 μωρίαν
2947 1344 2993 1398 δ’
3038 1346 3160 1399 ἀντί
3206 1346 3554 1417 φρονήσεως,
3596 1348 3677 1401 καὶ

2120 1433 2240 1486 ἀντὶ
2293 1432 2452 1502 λόγου
2499 1434 2593 1487 καί¹
2636 1434 2827 1504 σοφίας
2870 1435 2970 1507 τὴν
3034 1436 3235 1500 παντὸς
3289 1435 3676 1509 δυσειδεστάτην

2122 1522 2363 1593 ἀλογίαν,
2385 1522 2444 1590 ἐξ
2467 1519 2536 1597 ἧς
2570 1522 2758 1597 ὥσπερ
2801 1525 2909 1579 ἀπὸ
2942 1525 3141 1597 πικροῦ
3186 1526 3433 1597 πόματος
3459 1525 3597 1598 (68),
3618 1528 3675 1582 τὰ

2119 1616 2423 1693 λυμαγτικά
2462 1620 2792 1690 σννομαρτεῖ
2823 1618 3197 1692 βλαστήματα,
3234 1618 3351 1690 βίος
3378 1618 3580 1684 ἄσωτος
3597 1621 3677 1675 καὶ

2120 1708 2512 1779 ἀσωστος(69),
2541 1710 2866 1778 πλεονεξίαι,
2897 1710 3218 1784 μιαιφονίαι.
3244 1710 3676 1783 θεομαχίαι,δυσ-

442 1801 552 1867 tize,
591 1800 945 1857 fmdissimam
997 1802 1239 1856 omnium
1292 1803 1551 1857 vitiorum
1605 1802 2012 1874 insipientiam;

2125 1802 2327 1857 σέϐειαι
2345 1819 2360 1833 υ
2391 1803 2601 1867 τούτοις
2626 1804 2880 1871 ὲνδοθεὶς,
2911 1804 3014 1859 κᾶν
3037 1803 3330 1876 νομίζηταί
3353 1820 3485 1858 ποτε
3502 1822 3675 1878 τυραν-

439 1908 504 1948 ex
534 1908 639 1963 qua
668 1903 922 1964 tanquam
953 1910 1018 1950 ex
1048 1910 1230 1950 amara
1262 1896 1502 1963 potione,
1558 1896 1862 1966 perniciosa
1921 1914 2021 1951 na-

439 1998 669 2043 scuntur
697 1990 940 2059 germina
969 2008 984 2059 ;
1012 1991 1120 2044 vita
1151 1989 1365 2044 scilicet
1419 1989 1790 2061 intemperans
1813 2000 1868 2045 et
1896 2006 2022 2061 per-

438 2079 574 2141 dita.
605 2080 957 2149 cupiditates,
1008 2082 1206 2145 caedes,
1267 2079 1468 2134 bellum
1525 2081 1792 2136 adversus
1823 2081 2015 2147 Deum,

438 2172 727 2243 impietas:
760 2174 877 2243 qui,
917 2175 1167 2243 inquam,
1196 2173 1281 2227 his
1324 2174 1583 2229 omnibus
1627 2173 1778 2229 vitiis
1809 2173 2017 2229 manci-

437 2274 598 2331 palus
630 2264 822 2331 fuerit,
856 2265 903 2322 is
930 2265 1058 2321 licet
1100 2266 1383 2336 tyrannica
1435 2265 1693 2321 violentia
1746 2265 2016 2322 dominari

437 2355 713 2411 interdum
746 2357 1017 2422 videatur,
1069 2373 1259 2413 revera
1302 2368 1483 2414 tamen
1531 2359 1830 2429 imperator
1870 2376 2010 2415 nun;

435 2463 598 2514 quam
649 2450 846 2505 merito
891 2451 1130 2506 dicetur.
1183 2450 1301 2518 Quo
1346 2453 1495 2508 enim
1556 2452 1719 2508 modo
1771 2453 2015 2509 cmlestis

436 2540 771 2597 tuonarcltize
837 2542 1253 2600 similitudinem
1301 2543 1656 2613 exprimeret,
1710 2544 1803 2615 qui
1867 2546 2016 2601 mille

434 2633 739 2687 dmmouum
809 2632 974 2689 falsas
1021 2644 1190 2705 atque
1243 2633 1582 2690 adulterinas
1644 2634 1907 2704 imagines
1958 2637 2010 2691 in

434 2723 621 2778 animo
666 2738 770 2779 suo
815 2724 1112 2796 impressas
1139 2725 1361 2795 gestat?
1400 2727 1520 2793 Quo
1566 2735 1728 2796 pacto
1756 2726 2014 2797 princeps

433 2818 507 2873 sit
538 2829 594 2873 et
620 2819 866 2873 omnium
912 2818 1189 2884 dominus,
1217 2820 1263 2874 is
1293 2821 1383 2889 qui
1418 2819 1661 2875 inﬁnitos
1684 2834 1750 2876 ac
1775 2820 2014 2876 saevissi-

433 2924 554 2966 mos
590 2911 839 2966 dominos
873 2911 1093 2969 sibimet
1125 2913 1238 2982 ipse
1267 2912 1571 2968 asciverit?
1612 2913 1703 2983 qui
1730 2928 1919 2969 servus
1942 2916 2014 2967 sit

433 3000 594 3056 fmdae
622 3000 892 3068 libidinis,
924 3017 1116 3058 servus
1145 3002 1332 3059 etlusae
1368 3004 1424 3058 in
1472 3002 1734 3060 mulieres
1758 3004 2010 3071 insaniae,

433 3108 625 3148 servus
655 3094 901 3163 pecunize
928 3094 1089 3151 malis
1116 3095 1335 3152 artibus
1360 3104 1554 3164 partae,
1583 3110 1775 3151 servus
1803 3096 2013 3152 iracun-

433 3186 536 3243 diae
568 3195 623 3240 et
658 3186 883 3252 furoris,
908 3202 1103 3245 servus
1133 3198 1309 3245 metus
1340 3203 1407 3243 ac
1444 3190 1681 3258 pavoris,
1735 3199 2011 3261 postremo

435 3287 787 3331 cruentornm
844 3278 1188 3346 daemonum,
1242 3289 1300 3334 et
1355 3281 1647 3352 spirituum
1712 3281 2010 3350 perniciem

430 3369 634 3424 animis
672 3374 977 3426 creantlum
1001 3370 1112 3427 vile
1142 3372 1498 3443 mancipium?
1532 3373 1694 3429 Solus
1740 3389 1871 3444 ergo
1907 3376 2011 3428 im-

432 3474 655 3532 perator
681 3464 1015 3535 astipulante
1042 3464 1201 3521 nobis
1231 3466 1478 3521 veritatis
1521 3466 1832 3523 testimonio
1869 3483 2009 3538 pra:-

429 3555 682 3625 dicetur,
715 3558 803 3612 hic
839 3558 1139 3627 imperator
1179 3558 1423 3612 omnium
1462 3558 1571 3614 Deo
1613 3559 2007 3615 cbarissimus:

428 3650 523 3719 qui
563 3650 710 3707 solus
740 3650 899 3719 liber,
934 3666 1029 3706 seu
1062 3650 1245 3720 potius
1274 3651 1453 3721 reipsa
1501 3651 1755 3707 dominus
1779 3660 1883 3708 est.
1907 3651 2008 3720 Qui

428 3750 486 3797 et
514 3745 869 3810 pecuniarum
895 3742 1197 3814 cupiditate
1226 3753 1282 3800 et
1310 3743 1599 3798 mulierum
1630 3758 1817 3800 amore
1844 3759 2008 3814 snpe-

427 3835 542 3890 rior
586 3845 670 3891 est
717 3854 731 3889 :
782 3835 962 3892 victor
998 3837 1360 3906 voluptatum,
1412 3836 1578 3890 etiam
1610 3834 1828 3890 illarum
1870 3851 2010 3907 quas

428 3936 622 3982 natura
653 3927 943 3997 permittit,
973 3928 1063 3997 qui
1097 3942 1204 3981 non
1236 3925 1407 3980 furori
1451 3935 1509 3981 et
1550 3926 1844 3982 iracundiae
1887 3940 2012 3981 suc-

422 4021 655 4085 cumbit,
707 4020 804 4075 sed
858 4035 952 4075 eos
997 4017 1225 4074 affectus
1273 4018 1327 4073 in
1386 4027 1658 4088 potestate
1705 4017 2009 4083 babet,ltic

429 4127 624 4167 revera
654 4114 974 4183 imperator,
991 4111 1406 4167 convenientem
1437 4111 1650 4166 actibus
1677 4111 1793 4167 suis
1827 4110 2009 4181 appel-

424 4202 682 4259 lationem
710 4204 976 4269 sortitus;
1030 4216 1163 4258 vere
1198 4201 1421 4268 Victor;
1451 4203 1657 4273 quippe
1679 4202 1771 4272 qui
1798 4204 1864 4258 de
1889 4217 2011 4272 per-

427 4296 833 4352 turbationibus
853 4310 974 4365 qua:
997 4296 1279 4351 hominum
1328 4295 1543 4350 animos
1568 4295 1774 4351 elidere
1804 4296 2004 4361 solent,

423 4388 712 4445 victoriam
747 4390 1065 4459 reportavit.
1103 4388 1205 4457 Qui
1234 4391 1300 4445 ad
1346 4391 1682 4459 primitivum
1737 4389 1868 4444 illud
1908 4404 2009 4443 ex-

2122 1900 2241 1970 νικῇ
2276 1896 2367 1969 βίᾳ
2400 1900 2641 1969 κρατεῖν,
2665 1898 2778 1952 ἀλλ’
2803 1897 2958 1954 οὔπω
2972 1898 3194 1972 τάληθεί
3210 1898 3356 1969 λόγῳ
3371 1899 3673 1971 χρηματίσει

2121 1987 2374 2059 βασιλεὺς
2410 1982 2584 2054 οὗτος.
2612 1989 2738 2054 Πῶς
2774 1989 2803 2043 δ
2822 1984 2837 2006 ⁹
2856 1991 2922 2045 ἂν
2947 1990 3007 2044 τὸ
3038 1990 3264 2063 μίμημα
3293 1991 3399 2061 τῆς
3441 2008 3672 2063 μοναρχι-

2119 2079 2221 2151 κῆς
2252 2078 2500 2143 ἐξουσίας
2532 2073 2645 2144 οἷός
2673 2098 2732 2134 τε
2763 2080 2830 2135 ἂν
2850 2080 2937 2152 εἴη
2964 2080 3151 2154 φέρειν
3174 2121 3190 2146 ,
3223 2083 3253 2135 6
3291 2080 3494 2153 μυρίας
3516 2080 3675 2152 ψευδο-

2118 2169 2502 2241 γραφουμένας
2528 2170 2798 2241 δαιμόνων
2829 2171 3044 2235 εἰκόνας
3064 2173 3130 2243 τῇ
3154 2171 3325 2224 αὐτοῦ
3350 2171 3495 2244 ψυχῇ
3538 2189 3672 2224 τετυ-

2118 2262 2401 2333 πωμένος;
2431 2261 2557 2326 Πῶς
2581 2262 2627 2316 δ’
2660 2263 2844 2336 ἀρχῶν
2875 2263 2966 2317 καὶ
2992 2264 3103 2318 τῶν
3124 2263 3263 2318 ὅλων
3307 2262 3518 2335 κύριος,
3540 2266 3566 2318 6
3589 2281 3673 2334 μυ-

2118 2354 2266 2427 ρίους
2291 2354 2412 2408 καθ’
2441 2353 2634 2410 ἑαυτοῦ
2675 2361 2905 2427 πικροὺς
2948 2355 3215 2420 δεσπότας
3252 2355 3671 2427 ὲφειλκυσμένος,

2115 2445 2208 2498 καὶ
2233 2442 2416 2508 δοῦλος
2445 2444 2544 2515 μὲν
2599 2446 2828 2515 αἰσχρᾶς
2869 2444 3085 2516 ἡδονῆς,
3113 2444 3296 2510 δοῦλος
3322 2445 3370 2499 δ’
3402 2446 3671 2500 ἀκολάστου

2114 2538 2565 2608 γυναικομανίας,
2593 2536 2779 2602 δοῦλος
2810 2536 2868 2590 δὲ
2894 2538 3194 2610 χρημάτων
3219 2538 3279 2604 ἐξ
3313 2539 3502 2593 ἀδίκου
3536 2557 3670 2613 πορι-

2115 2626 2359 2700 ζομένων
2380 2668 2396 2683 .
2419 2628 2607 2693 δοῦλος
2649 2627 2822 2700 θυμοῦ
2856 2629 2950 2682 καὶ
2973 2629 3166 2701 ὀργῆς,
3201 2629 3391 2695 δοῦλος
3414 2630 3567 2700 φόϐου
3595 2633 3671 2686 καὶ

2110 2719 2383 2792 δειμάτων
2409 2763 2423 2787 ,
2451 2721 2637 2786 δοῦλος
2670 2721 2970 2793 μιαιφόνων
2996 2721 3297 2793 δαιμόνων,
3331 2721 3512 2787 δοῦλος
3531 2722 3672 2793 ψυχο-

2115 2813 2330 2887 φθόρων
2359 2814 2720 2886 πνευμάτων;
2751 2814 2844 2868 Διὸ
2868 2812 2932 2886 δὴ
2965 2815 3127 2886 μόνος
3149 2815 3279 2887 ἡμῖν
3312 2814 3558 2885 βασιλεὺς
3592 2816 3670 2868 σὺν

2113 2905 2341 2980 ἀληθείᾳ
2376 2907 2614 2979 μάρτυρι
2644 2907 2971 2980 κεκηρύχΘω
2990 2948 3006 2975 ,
3029 2909 3058 2962 6
3091 2906 3170 2979 τῷ
3201 2906 3540 2978 παμϐασιλεῖ
3572 2905 3670 2976 Θεῷ

2113 2998 2285 3069 φίλος,
2311 3000 2340 3052 6
2372 3000 2437 3071 δὴ
2488 2999 2649 3071 μόνος
2690 2999 3003 3072 ἐλεύθερος,
3058 2998 3259 3071 μᾶλλον
3303 2998 3367 3052 δὲ
3418 3000 3447 3051 6
3492 2997 3670 3069 Κύριος

2111 3092 2357 3165 ἀληθῶς,
2391 3094 2487 3148 καὶ
2516 3093 2814 3166 χρημάτων
2850 3093 2947 3165 μὲν
2973 3090 3248 3165 ἀνώτερος
3272 3132 3287 3156 ,
3323 3090 3588 3161 γυναικῶν
3622 3090 3670 3144 δὲ

2113 3185 2404 3258 ἐπιθυμίας
2454 3188 2749 3259 κρείττων,
2784 3186 3012 3259 νικητὴς
3067 3186 3126 3239 δὲ
3185 3183 3393 3258 ἡδονῶν
3446 3184 3537 3239 καὶ
3578 3182 3668 3236 τῶν

2112 3274 2256 3330 κατά
2295 3274 2488 3345 φύσιν,
2532 3277 2748 3348 κρατῶν
2796 3276 2855 3329 δὲ
2902 3274 3076 3347 θυμοῦ
3123 3276 3220 3330 καὶ
3244 3276 3447 3347 ὀργῆς,
3493 3272 3666 3327 ἀλλὀὐ

2112 3371 2506 3444 κρατούμενος·
2534 3371 2891 3443 αὐτοκράτωρ
2932 3368 3149 3442 ἀληθῶς
3170 3363 3350 3432 οὗτος,
3381 3366 3668 3441 φερώνυμον

2108 3464 2176 3533 τῇ
2206 3461 2401 3535 πράξει
2433 3460 2544 3531 (70)
2575 3461 2755 3532 φέρων
2787 3460 2887 3531 τὴν
2916 3458 3247 3530 ὲπηγορίαν’
3294 3457 3348 3509 Ν
3356 3456 3539 3528 ικητὴς
3563 3452 3667 3506 ὲτύ-

2113 3574 2229 3628 μως
2258 3555 2392 3627 (71),
2434 3556 2463 3608 6
2494 3554 2595 3625 τὴν
2620 3552 2777 3625 νίκην
2823 3551 2933 3607 τῶν
2981 3547 3467 3605 καταπαλαιόντων
3504 3544 3666 3618 θνητὸν

2110 3649 2265 3718 γένος
2307 3647 2495 3702 παθῶν
2535 3646 2811 3720 ἀράμενος
2832 3663 2845 3675 ·
2883 3647 2912 3698 6
2945 3644 3084 3717 πρὸς
3127 3644 3229 3714 τὴν
3262 3641 3561 3715 ἀρχέτυπον
3587 3636 3664 3693 τοῦ

2114 3742 2354 3813 μεγάλου
2409 3739 2675 3812 βασιλέως
2720 3738 3172 3810 ἀπεικονισμένος
3216 3736 3363 3792 ἰδέαν
3393 3776 3409 3802 ,
3442 3736 3531 3789 καὶ
3568 3734 3664 3796 ταῖς

2109 3834 2169 3901 ἐξ
2200 3834 2371 3907 αὐτῆς
2421 3832 2531 3887 τῶν
2576 3832 2787 3904 ἀρετῶν
2816 3832 3044 3900 αὐγαῖς,
3079 3829 3269 3901 ῶσπερ
3301 3829 3364 3883 ἐν
3408 3826 3664 3896 κατόπτρῳ

2107 3927 2174 3997 τῇ
2225 3924 2433 3997 διανοίᾳ
2477 3923 2818 3997 μορφωθεὶς,
2873 3919 2934 3987 ἐξ
2982 3920 3162 3975 αὐτῶν
3205 3920 3262 3974 δὲ
3313 3915 3664 3976 ἀποτελεσθεὶς

2110 4018 2342 4091 σώφρων
2364 4058 2379 4082 ,
2407 4016 2611 4087 ἀγαθὸς
2632 4056 2647 4082 ,
2674 4017 2884 4080 δίκαιος
2908 4054 2924 4082 ,
2958 4013 3220 4086 ἀνδρεῖος,
3247 4011 3503 4083 εὐσεϐὴς,
3536 4007 3661 4079 φιλό-

2108 4112 2261 4177 θεος·
2298 4111 2515 4183 ἀληθῶς
2556 4111 2621 4182 δὴ
2655 4111 2749 4164 καί⁵
2780 4109 2941 4182 μόνος
2977 4106 3265 4178 φιλόσοφος
3298 4104 3412 4176 (‘72)
3443 4101 3661 4175 βασιλεὺς

2105 4199 2336 4269 οὗτοςμό
2370 4204 2561 4257 ἑαυτὸν
2587 4201 2763 4266 εἰδὼς,
2789 4201 2883 4256 καὶ
2909 4200 3010 4265 τὰς
3035 4199 3233 4264 ἔξωθεν
3262 4196 3443 4269 αὐτῷ,
3490 4192 3660 4267 μᾶλλον

2104 4298 2147 4352 δ’
2180 4296 2468 4369 οὐρανόθεν
2516 4294 2891 4368 ὲπαρδομένας
2942 4292 3143 4357 παντὸς
3181 4287 3387 4360 ἀγαθοῦ
3430 4284 3661 4361 χορηγίας

2106 4390 2556 4460 ἐξεπιστάμενος·
2587 4391 2617 4443 6
2647 4388 2750 4457 τῆς
2786 4386 3058 4459 μονάρχου
3081 4381 3402 4445 δυναστείας
3439 4381 3498 4433 τὸ
3521 4375 3658 4432 σεϐά-

421 4482 637 4554 emplar
674 4485 873 4539 summi
916 4483 1159 4539 omnium
1201 4483 1552 4554 imperatoris
1600 4481 1809 4538 ellictus
1839 4483 2003 4555 613

2117 4499 2267 4555 σμιον
2300 4482 2596 4556 πρόσρημα
2647 4478 2725 4551 τῷ
2755 4480 2855 4551 τῆς
2888 4477 3204 4550 ἀμπεχόνης
3238 4471 3497 4545 ἐξαιρέτῳ
3529 4485 3659 4540 ταρι-

419 4584 530 4639 est,
591 4584 649 4630 et
706 4574 934 4631 eﬂ'usum
987 4592 1053 4632 ex
1112 4575 1207 4630 illo
1278 4575 1488 4632 caelesti
1548 4575 1852 4646 exemplari
1895 4577 2004 4630 vir-

422 4675 597 4723 tutum
626 4669 971 4737 splendorem
997 4670 1049 4725 in
1081 4681 1264 4726 mente
1291 4670 1443 4727 velut
1469 4671 1521 4727 in
1555 4672 1779 4740 speculo
1813 4670 2001 4727 refert.

492 4801 605 4873 (6'7)
620 4800 778 4875 Yulg.
787 4804 1139 4871 χρηματίσει
1161 4798 1361 4870 οὗτος.
1384 4802 1565 4859 Codex
1581 4801 1717 4857 Fnk.
1740 4820 1846 4875 χρη
1856 4804 2013 4874 ματί-

421 4867 565 4929 σειεν
591 4867 774 4937 οὗτος,
787 4867 958 4941 longe
978 4877 1197 4927 rectius.

491 4946 604 5016 (68)
659 4946 888 5012 Ὥσπερ
947 4944 1067 4999 ἀπὸ
1131 4945 1345 5013 πικροῦ
1402 4944 1688 5013 πόματος.
1735 4942 2010 5013 Interpres

417 5018 615 5081 vertit,
644 5031 712 5068 ea:
764 5031 869 5083 qua
919 5026 1169 5086 tanquam
1211 5031 1277 5067 ea:
1326 5032 1512 5068 amara
1558 5016 1738 5086 stirpe,
1769 5016 2008 5082 germina

415 5088 714 5155 perniciosa
746 5084 1058 5140 nascuntur.
1094 5087 1247 5151 Quod
1283 5086 1469 5150 procul
1506 5084 1671 5139 dubio
1707 5086 2008 5153 elegantius

414 5167 519 5211 est.
546 5155 734 5226 Neque
775 5157 921 5209 enim
969 5155 1120 5227 πόμα
1149 5166 1208 5227 et
1255 5156 1542 5227 βλάστημα
1578 5155 1739 5227 ullam
1777 5157 1918 5227 inter
1945 5170 2006 5208 se

415 5229 619 5281 habent
646 5224 1108 5280 'convenientiat'n.
1149 5224 1375 5281 Videtur
1418 5224 1595 5280 tamen
1636 5224 1897 5280 Eusebius
1923 5227 1998 5278 alo

414 5295 603 5351 ludere
648 5298 754 5352 hoc
808 5297 925 5349 loco
976 5297 1043 5349 ad
1076 5295 1298 5351 calicem
1336 5298 1671 5365 iniquitatis,
1707 5298 1773 5350 de
1807 5311 1912 5363 quo
1947 5297 2001 5348 in

420 5368 646 5438 psalmis
666 5368 867 5421 dicitur
892 5382 906 5418 :
940 5365 1127 5438 Bibeut
1155 5384 1220 5420 ea:
1240 5368 1337 5421 hoc
1367 5385 1544 5421 omnes
1570 5368 1865 5438 peccatores
1895 5375 1996 5419 ter-

416 5437 691 5509 rthsal.
731 5452 926 5509 LXXIV,
945 5437 1024 5509 9).
1048 5449 1157 5493 etc.

489 5506 603 5577 (69)
648 5508 801 5579 Vulg.
836 5508 934 5561 καὶ
977 5506 1233 5573 suam.
1273 5506 1389 5561 Non
1438 5508 1626 5561 dubito
1666 5507 1796 5577 quin
1834 5507 2000 5561 Euse-

414 5576 538 5632 bius
585 5576 861 5646 Scripserit
898 5579 992 5632 καὶ
1024 5580 1290 5641 ἀσωστος.
1329 5579 1420 5632 Est
1471 5580 1615 5631 enim
1654 5576 1872 5647 elegans
1907 5593 2003 5644 pa-

417 5652 747 5719 t‘Onomasia,
779 5649 892 5719 βίος
936 5649 1145 5712 ἄσωτος
1181 5651 1276 5702 καὶ
1307 5649 1571 5710 ἀσωστος.
1609 5665 1768 5716 quam
1832 5650 1996 5719 latina

417 5718 597 5788 lingua
629 5718 931 5787 exprnuete
963 5736 1066 5771 non
1112 5730 1308 5785 potest.
1344 5722 1398 5773 lu
1435 5719 1645 5774 Fuketii
1686 5719 1871 5774 codice
1901 5718 1998 5774 de-

414 5799 545 5843 sunt
575 5792 655 5843 lut:
695 5802 852 5841 voces
889 5788 983 5842 καί
1014 5788 1237 5852 σωστός.

2110 4574 2346 4646 ϐλήματι
2377 4573 2695 4643 διαφαίνων,
2728 4571 2825 4626 καὶ
2849 4571 2949 4641 τὴν
2973 4569 3289 4641 πρέπςυσαν
3320 4564 3467 4635 αὐτῷ
3480 4559 3658 4634 βασιλι-

2110 4669 2212 4742 κὴν
2235 4665 2523 4740 ἁλουργίδα
2551 4666 2711 4739 μόνος
2736 4662 2974 4730 ἐπαξίως
2999 4657 3521 4735 ὲμπεριειλημμένος
3544 4650 3655 4753 (Ἱδῇ

2191 4800 2302 4873 (70)
2343 4798 2695 4873 Φερώνυμοχ
2729 4794 3070 4873 τῇςίράξει.
3116 4793 3243 4849 Dua:
3289 4793 3486 4847 ultima:
3524 4802 3655 4842 voces

2115 4868 2311 4929 desunt
2350 4874 2402 4923 in
2422 4868 2623 4923 codice
2649 4868 2881 4923 Fuketii.
3358 4888 3361 4893 ·

2183 4944 2295 5014 (71)
2332 4939 2595 5014 Νικητὴς
2618 4933 3178 5014 ἐτύμωςηᾹΙΙυόίςβιᾶ
3221 4946 3508 5014 pronomen
3537 4928 3655 4983 Con-

2109 5004 2357 5069 stantini.
2405 5004 2984 5082 Nant'Constatitiutts
3030 5005 3278 5082 _V_i_t:toris
3304 5004 3459 5082 _sibi_
3486 5013 3655 5082 prono-

2111 5067 2231 5138 inen
2286 5084 2612 5143 adsciverat,
2654 5092 2713 5134 ut
2747 5080 2927 5133 notavi
2979 5077 3045 5129 ad
3083 5075 3252 5129 libros
3294 5071 3372 5127 De
3411 5067 3512 5126 vita
3533 5067 3652 5123 Con-

2106 5164 2447 5308 ῗῗαὲὕΐῦλξίὲε
2487 5224 2525 5308 (ξ
2548 5220 2631 5308 δὴ
2652 5221 2750 5275 καὶ
2770 5220 2959 5300 pot-oc
2973 5216 3326 5286 φιλόσοφος.
3348 5212 3516 5269 Codex
3534 5204 3646 5264 Fui.

2108 5292 2323 5367 ἀληθῶς
2353 5294 2417 5364 δὴ
2442 5294 2536 5346 καὶ
2566 5292 2992 5367 μόνοςητειειίιιξ.

2181 5349 3041 5437 ('75).Bdotltihr‘dloqmjlda,
3068 5359 3257 5437 μόιςος
3738 5376 3745 5385 ι

2109 5424 2627 5505 περιεὶλημμένοςξ
2656 5424 2874 5505 Quaeret
2893 5424 2996 5485 ’ἰήιε
3030 5424 3258 5505 aliquis.
3284 5441 3378 5477 cur
3418 5424 3643 5505 Eusebius

2109 5500 2305 5561 diierit
2324 5500 2732 5559 Gut—istantinuut
2766 5502 2939 5554 solum
2968 5501 3387 5573 regali‘parpura
3416 5500 3640 5573 amictum

2109 5576 2296 5632 fuisse.
2332 5575 2576 5641 Quatuor
2608 5573 2751 5626 enim
2786 5581 2915 5626 tunc
2944 5569 3099 5625 erant
3125 5569 3396 5629 Ctesarcs,
3423 5569 3506 5633 qui
3532 5573 3641 5629 PII!"

2108 5663 2298 5718 puram
2316 5640 2631 5718 gestabant.
2656 5643 2815 5718 certe
2846 5642 3091 5718 Cafsares
3120 5650 3407 5718 purpuram
3430 5640 3640 5718 gestasse

2108 5705 2264 5772 docet
2299 5705 2475 5769 Avium.
2528 5713 2865 5768 Marcellinus
2918 5714 2970 5764 iu
3025 5705 3161 5763 libro
3195 5724 3319 5767 ιη,
3360 5705 3440 5759 ubi
3482 5706 3638 5772 narrat

2104 5769 2377 5858 quomodo
2416 5785 2770 5840 Constantius
2813 5780 3083 5837 lulianum
3133 5781 3396 5835 Caesarem
3418 5769 3636 5827 declara-
