3926 6264
264 299 406 354 1357

1399 296 1488 351 DE
1526 294 1875 353 LAUDIBUS
1911 294 2390 354 CONSTANTINI.

3376 291 3513 347 i338

264 420 531 486 Βασιλεὺς
551 410 726 484 οὗτος,
751 422 781 475 ὁ
805 437 1021 493 νυκτωρ
1049 419 1142 474 καὶ
1169 418 1287 491 μεθ’
1311 418 1524 489 ἡμέραν
1556 416 1648 472 τὸν
1694 419 1811 471 ὲποι

1915 465 1917 471 ,
1947 417 2022 472 Ex
2054 417 2138 474 bis
2158 417 2439 482 tenuatus,
2476 424 2803 480 temperans,
2837 411 3013 469 bonus
3040 453 3056 480 ,
3087 412 3284 485 justus,
3327 413 3507 481 fortis,

266 510 453 584 ράνιον
510 508 946 583 ἀνακαλούμενος
980 510 1234 582 Πατέρα,
1280 510 1310 563 ὁ
1362 508 1549 564 τοῦτον
1609 510 1667 563 ὲν
1723 512 1843 573 ταῖς

261 605 455 675 εὐχαῖς
486 601 886 675 ἐπιϐοώμενος,
920 605 949 656 ὁ
983 602 1083 673 τῆς
1122 601 1380 656 ἀνωτάτω
1420 600 1696 672 βασιλείας
1732 601 1841 673 ὀρι-

257 696 559 767 γνώμενος·
600 697 674 767 μὴ
702 694 810 767 γὰρ
835 694 903 747 τά
926 694 1168 766 παρόντα
1189 692 1313 759 ἄξια
1340 692 1434 747 τοῦ
1459 692 1842 765 παμϐασιλέως

259 785 399 839 θεοῦ
426 784 711 849 συνειδὼς,
744 784 814 838 τὰ
836 783 1006 854 θνητά
1044 786 1136 838 καὶ
1175 774 1413 858 ἐπίκηρα
1459 786 1554 839 καὶ
1596 785 1838 854 ποταμοῦ

258 876 417 948 δίκην
468 876 660 948 ῥέοντα
709 874 802 928 καὶ
843 873 1220 947 ἀπολλύμενα,
1271 876 1369 947 τὴν
1418 875 1688 948 ἄφθαρτον
1746 876 1840 929 καὶ

258 962 551 1036 ἀσώματον
572 963 665 1017 τοῦ
698 963 833 1017 Θεοῦ
870 964 1145 1036 βασιλείαν
1174 965 1347 1028 ποθεῖ,
1379 965 1636 1036 κάκείνης
1658 968 1839 1036 τυχεῖν

258 1054 501 1125 εὔχεται,
518 1053 606 1107 διὰ
624 1053 995 1127 μεγαλόφρονα
1013 1054 1291 1125 λογισμὸν,
1310 1053 1453 1127 ὑπὲρ
1477 1054 1576 1125 τὴν
1588 1053 1838 1125 οὐράνιον

255 1146 426 1211 ἀψίδα
447 1146 545 1217 τὴν
560 1145 795 1200 διάνοιαν
810 1146 1159 1218 μετεωρίσας,
1190 1146 1283 1199 καὶ
1304 1143 1413 1198 τῶν
1435 1141 1569 1214 (75⁸)
1583 1145 1698 1196 ἐκεῖ
1725 1143 1835 1214 φώρ

254 1254 368 1290 των
383 1238 605 1292 ἄλεκτον
624 1236 784 1291 πόθον
800 1237 1267 1308 ὲνεστερνισμένος
1288 1254 1301 1267 ο
1326 1231 1401 1292 ὧν
1426 1240 1491 1309 τῇ
1517 1236 1832 1309 παραθέσει,

257 1326 485 1390 σκότους
502 1326 652 1380 οὐδὲν
671 1325 945 1397 διαφέρειν
982 1328 1193 1398 ἡγεῖται
1212 1325 1279 1379 τά
1300 1324 1395 1379 τοῦ
1428 1325 1689 1397 παρόντος
1718 1325 1833 1397 βίου

251 1417 444 1490 τίμιαο
489 1418 587 1488 τήν
640 1434 699 1470 τε
739 1416 847 1488 γὰρ
901 1416 1201 1489 ἀνθρώπων
1253 1417 1460 1490 ἀρχὴν,
1501 1416 1695 1488 θνητοῦ
1739 1418 1834 1472 καὶ

255 1510 592 1583 προσκαίρου
622 1509 760 1580 βίου,
798 1509 997 1582 μικρὰν
1027 1509 1119 1564 κα)¹
1142 1509 1499 1582 ὀλιγοχρόνιον
1519 1508 1833 1564 ἐπιστασίαν

248 1597 421 1655 οὖσαν
444 1603 564 1673 ὁρᾷ,
585 1603 645 1656 οὐ
672 1600 869 1674 μακρῷ
895 1600 1175 1673 κρείττονα
1198 1601 1298 1672 τῆς
1321 1600 1556 1655 αἰπόλιον
1581 1599 1614 1672 ἢ
1644 1600 1833 1672 ποιμέ-

254 1709 361 1744 νων
388 1692 420 1763 ﬁ
450 1691 718 1762 βουκόλων
751 1692 944 1764 ἀρχῆς,
974 1691 1173 1763 μᾶλλον
1204 1691 1280 1755 δὲ,
1305 1693 1400 1746 καὶ
1427 1692 1827 1765 ἐργωδεστέραν

1943 510 2085 579 pius,
2127 517 2340 563 amator
2378 506 2468 563 Dei
2501 526 2514 562 :
2548 508 2801 579 quodque
2836 507 2910 562 illi
2941 506 3028 560 ttni
3051 509 3325 573 convenit,
3357 523 3508 562 ama-

1942 608 2027 653 tor
2060 599 2339 669 sapientiae
2368 606 2451 653 est
2486 599 2782 669 imperator
2810 608 3016 653 noster.
3050 598 3261 669 Quippe
3288 599 3378 669 qui
3409 614 3502 655 se-

1942 692 2114 761 ipsum
2156 692 2322 763 probe
2352 691 2539 750 novit:
2576 699 2632 746 et
2660 691 2752 762 qui
2784 691 3145 761 extrinsecus,
3178 706 3295 758 seu,
3329 701 3388 746 ut
3416 707 3506 748 ve-

1942 785 2054 839 rius
2085 784 2285 847 dicam,
2313 783 2527 839 ctelitus
2564 783 2665 839 sibi
2693 798 3008 839 concessam
3059 799 3180 840 esse
3239 786 3501 840 bonorum

1938 875 2179 930 omnium
2214 875 2542 931 alﬂueut-iam
2576 877 2848 947 intelligit.
2884 876 2984 945 Qui
3013 875 3309 948 singularis
3334 877 3504 946 impe-

1940 969 2005 1023 rii
2057 980 2341 1040 augustam
2404 969 2845 1040 appellationem,
2900 970 3086 1026 eximii
3136 969 3501 1040 paludamenti

1938 1062 2288 1132 praerogativa
2315 1063 2654 1118 demonstrat
2678 1080 2691 1129 ;
2724 1071 2779 1118 et
2805 1061 3165 1118 conveniente
3190 1061 3291 1115 sibi
3327 1063 3501 1131 impe-

1936 1151 2053 1206 riali
2087 1167 2324 1221 purpura
2381 1154 2531 1210 solus
2582 1154 2779 1209 merito
2833 1154 3063 1209 amictus
3096 1161 3198 1208 est.
3226 1152 3326 1208 Hic
3371 1168 3500 1209 vere

1936 1238 2253 1310 imperator,
2281 1245 2371 1312 qui
2408 1251 2570 1299 noctu
2600 1252 2763 1313 atque
2818 1243 3051 1298 interdiu
3104 1242 3379 1299 ccelestem
3416 1242 3499 1297 in-
3584 1292 3602 1312 λ

1933 1342 2089 1387 vocat
2117 1331 2332 1388 Patrem
2359 1352 2375 1401 ;
2417 1335 2508 1404 qui
2534 1335 2586 1390 in
2612 1333 2864 1406 precibus
2886 1348 3041 1404 opem
3067 1334 3184 1404 ejus
3211 1333 3494 1404 implorat;

1931 1421 2021 1492 qui
2058 1423 2295 1479 ctelestis
2319 1425 2468 1495 regni
2504 1423 2697 1496 ﬂagrat
2724 1425 3011 1481 desiderio.
3035 1422 3169 1479 Nam
3196 1439 3318 1480 cum
3342 1424 3498 1480 intel-

1931 1513 2063 1584 ligat
2094 1530 2180 1571 res
2209 1517 2493 1585 prementis
2518 1516 2858 1583 saeculi,cum
2890 1531 3101 1572 summo
3124 1515 3363 1572 omnium
3393 1514 3497 1570 im-

1931 1615 2179 1676 peratore
2229 1608 2339 1664 Deo
2370 1609 2593 1665 minime
2646 1623 2770 1665 esse
2825 1609 3221 1680 comparandas
3247 1648 3261 1672 ,
3298 1609 3494 1678 quippe

1930 1715 2049 1769 qum
2074 1700 2328 1756 mortales
2352 1703 2461 1756 sint
2482 1712 2535 1757 et
2562 1701 2802 1766 caducae,
2824 1712 2880 1756 et
2912 1701 3090 1755 amnis
3131 1700 3301 1755 instar
3324 1698 3494 1753 ﬂuen-

251 1783 284 1854 ἢ
340 1757 759 1858 δυσκολωτέρων
963 1757 1296 1857 θρεμμάτων
1338 1757 1581 1856 ἡγεῖται·
1615 1757 1742 1849 τάς·
1765 1803 1811 1838 τε

1929 1799 2009 1845 tes
2036 1799 2198 1860 atque
2257 1791 2473 1845 assidue
2521 1801 2834 1860 pereuntes,
2877 1791 3083 1846 idcirco
3128 1789 3491 1860 corruptionis

248 1874 362 1927 τῶν
389 1875 575 1947 δήμων
605 1875 908 1948 ὲκὸοήσεις,
942 1879 1035 1931 κα)⁸
1064 1878 1163 1944 τάς
1188 1879 1433 1935 κολάκων
1476 1879 1660 1950 φωνὰς
1694 1881 1827 1952 πρὸς

248 1965 408 2035 ὄχλου
447 1967 654 2022 τίθεται
682 1969 792 2040 (75)
828 1969 1028 2040 μᾶλλον
1053 1970 1085 2044 ἦ
1122 1972 1257 2045 πρὸς
1288 1973 1483 2045 ἡδονῆς
1504 2012 1519 2037 ,
1548 1973 1637 2028 διά
1666 1976 1825 2047 στερ-

250 2059 343 2129 ρὸν
378 2054 509 2130 ἦθος
537 2059 631 2113 κα)⁹
671 2061 899 2132 γνησίαν
946 2059 1123 2135 ψυχῆς
1177 2063 1471 2119 παίδευσιν.
1526 2065 1683 2120 Ἀλλά
1730 2069 1825 2122 καὶ

245 2153 347 2223 τὴν
370 2153 481 2206 τῶν
507 2153 764 2224 ὑπηκόων
810 2154 1137 2227 δορυφορίαν
1172 2155 1283 2228 (76)
1306 2196 1320 2220 ,
1356 2159 1621 2230 μυριάδας
1660 2179 1826 2236 στρα-

244 2245 509 2310 τοπέδων,
547 2244 781 2299 ὁπλιτῶν
806 2245 985 2311 πεζῶν
1005 2263 1067 2300 τε
1098 2247 1233 2319 ὁμοῦ
1263 2251 1355 2303 καὶ
1396 2250 1632 2304 ἱππικῶν
1662 2252 1822 2308 δοῦλα

243 2338 340 2391 καὶ
377 2338 593 2410 ὑπήκοα
626 2338 801 2412 πλήθη
826 2380 840 2404 ,
886 2340 1137 2412 οὐδαμῶς
1168 2341 1311 2413 ὁρῶν
1349 2344 1780 2416 καταπλήττεται
1803 2363 1817 2379 ⁸

241 2428 352 2481 οὐδ’
407 2430 499 2483 ἐπὶ
552 2432 617 2501 τῇ
667 2431 871 2485 τούτων
913 2433 1055 2506 ἀρχῇ
1112 2434 1413 2505 τυφούται,
1449 2438 1693 2509 στρέφων
1740 2439 1820 2503 είς

241 2519 408 2573 αὐτὸν
446 2519 544 2592 τὴν
579 2521 817 2575 διάνοιαν
854 2522 988 2598 (77),
1018 2525 1116 2597 τὴν
1148 2528 1331 2599 κοινὴν
1353 2518 1609 2583 ἁπάντων
1658 2530 1817 2600 φύσιν

239 2612 334 2664 καὶ
368 2613 494 2683 παρ’
547 2613 722 2684 ἑαυτῷ
751 2613 960 2685 βλέπων
984 2633 999 2647 ι
1046 2616 1250 2687 ἐσθῆτά
1297 2636 1360 2689 γε
1399 2620 1505 2691 μὴν
1536 2622 1813 2696 χρυσοϋφῆ

238 2702 507 2767 ποικίλοις
525 2703 741 2758 ἄνθεσιν
766 2704 1167 2778 ὲξυφασμένην,
1199 2708 1489 2780 ἁλουργίδα
1516 2729 1575 2765 τε
1611 2711 1813 2782 βασιλι-

236 2792 343 2865 κὴν
372 2792 468 2846 σὺν
494 2793 641 2864 αὐτῷ
671 2794 990 2867 διαδήματι,
1023 2797 1176 2870 γελᾷ,
1201 2801 1325 2862 τοὺς
1358 2798 1583 2865 πολλοὺς
1608 2800 1816 2873 θεώμε-

234 2902 327 2949 νος
350 2886 855 2959 ὲκπεπληγμένους,
881 2889 1055 2944 καὶτὸ
1073 2891 1363 2964 φάντασμα
1389 2893 1580 2967 κομιδῇ
1605 2895 1813 2966 νηπίων

233 2975 413 3048 δίκην,
466 2973 576 3032 οἷόν
622 2978 676 3034 τι
726 2980 1117 3052 μορμολύκειον
1178 2982 1519 3050 θειάζοντας⁸
1564 2986 1813 3059 οὐδαμῶς

232 3068 398 3161 αὐτὸς
440 3069 548 3141 (78)
593 3070 665 3124 τά
727 3072 889 3144 ὅμοια
940 3073 1218 3141 πεπονθὼς
1258 3075 1324 3129 δι’
1379 3077 1685 3150 ἐπιστήμην
1715 3079 1807 3133 τοῦ
1836 3101 1882 3161 C

232 3159 404 3223 θείου,
432 3163 498 3233 τῇ
524 3161 667 3234 ψυχῇ
708 3163 828 3217 ἀντ)¹
871 3164 1310 3237 περιϐλήματος,
1349 3170 1670 3242 σωφροσύνῃ
1716 3171 1809 3224 καὶ¹

229 3252 580 3327 δικαιοσύνῃ,
608 3254 861 3327 εὐσεϐείᾳ
909 3273 968 3310 τε
1022 3258 1117 3311 καὶ
1165 3263 1286 3323 ταῖς
1325 3259 1537 3325 λοιπαῖς
1586 3263 1811 3333 ἀρεταῖς

232 3346 686 3416 πεποικιλμένον,
742 3347 834 3401 τὸν
862 3349 949 3400 ἐπ’
981 3347 1238 3420 ἀληθείας
1286 3350 1564 3423 πρέποντα
1605 3351 1812 3422 βασιλεῖ

230 3437 435 3508 κόσμον
461 3438 823 3511 περιτίθησιν.
861 3441 981 3494 Ἔτι
1016 3440 1121 3513 μὴν
1170 3441 1306 3514 πρὸς
1349 3441 1557 3507 τούτοις
1590 3441 1661 3496 τὰ
1692 3460 1809 3514 τρι-

229 3526 444 3599 πόθητα
467 3533 579 3593 τοῖς
602 3530 814 3594 πολλοῖς
833 3533 936 3604 χρή
948 3550 1088 3604 ματα
1106 3574 1121 3599 ,
1166 3534 1364 3607 χρυσὸν
1395 3533 1537 3603 λέγω
1581 3535 1675 3589 καὶ
1712 3535 1811 3607 ἄρ-

229 3637 401 3691 γυρον
438 3622 532 3674 καὶ
560 3622 659 3675 ὅσα
686 3622 847 3676 λίθων
878 3623 1214 3695 θαυμάζεται
1252 3626 1413 3696 γένη,
1460 3624 1640 3691 λίθους
1679 3627 1809 3699 ἀλη-

228 3710 341 3775 θῶς
366 3712 631 3784 ὐπάρχειν
660 3714 952 3784 ἀνωφελεῖς
986 3717 1080 3769 καὶ
1123 3715 1393 3789 ἄχρηστον
1429 3716 1559 3788 ὓλην
1578 3756 1593 3779 ,
1620 3712 1708 3771 οἶα
1740 3722 1804 3790 τῇ

228 3804 391 3873 φύσει
424 3804 553 3859 ὄντα
573 3806 851 3876 τυγχάνει,
883 3807 1109 3860 τοιαῦτα
1131 3808 1225 3860 καὶ
1255 3808 1383 3861 ὅντα
1411 3807 1628 3878 βλέπει,
1655 3810 1806 3864 οὐδὲν

227 3893 369 3964 πρὸς
401 3894 588 3948 κακῶν
641 3895 888 3967 ἀλέξημα
912 3891 1000 3950 οἷά
1049 3913 1109 3949 τε
1145 3896 1275 3949 ὅντα
1327 3896 1569 3969 βοηθεῖν·
1604 3899 1658 3952 τί
1698 3898 1805 3971 γάρ

224 3984 402 4038 ταῦτα
430 3987 565 4058 πρὸς
589 3986 759 4040 νόσων
785 3986 1105 4060 ἀπαλλαγὴν
1125 4030 1139 4055 ,
1174 3990 1206 4061 ἢ
1248 3988 1477 4043 θανάτου
1522 3990 1804 4061 ἀποφυγὴν

229 4076 442 4146 inﬂat;
475 4079 665 4148 Ὅμως
686 4079 730 4132 δ’
756 4076 873 4146 οὖν,
906 4080 1108 4152 καίπερ
1140 4079 1313 4134 ταῦτα
1342 4080 1494 4146 εἰδὼς
1510 4084 1805 4156 ἐπιστημό-

225 4184 356 4231 νως,
386 4168 566 4222 αὐτῶν
593 4172 659 4241 τῇ
687 4171 882 4241 χρήσει
918 4170 1054 4242 πρὸς
1077 4172 1325 4243 εὐπρεπῆ
1353 4173 1461 4227 τῶν
1485 4175 1803 4247 ἀρχομένων

224 4258 454 4329 κόσμον,
488 4258 692 4314 ἀπαθεῖ
716 4260 960 4332 λογισμῷ
987 4261 1284 4317 διατίθεται
1313 4263 1455 4335 (79),
1480 4263 1651 4335 γελῶν
1676 4266 1803 4331 τούς

220 4419 325 4498 vit.
370 4416 475 4498 §e_d
513 4417 824 4498 responderi
859 4425 1090 4498 _potest,
1125 4416 1414 4498 Eusebium
1459 4434 1565 4473 nou
1615 4420 1796 4498 dicere
1828 4444 1869 4498 ο

221 4488 544 4554 simpliciter
589 4488 1004 4542 Constantinum
1062 4490 1238 4541 solum
1294 4489 1549 4541 amictum
1629 4489 1794 4545 fuisse

226 4574 465 4625 purpura
494 4576 509 4622 ;
547 4559 638 4611 sed
679 4557 853 4610 solum
889 4558 1084 4609 merito
1110 4572 1398 4626 purpuram
1440 4568 1695 4614 gestasse.
1726 4591 1795 4600 —-

224 4629 395 4683 Porro
428 4628 705 4700 legendum
727 4628 881 4700 nobis
910 4627 1118 4681 videtur
1139 4628 1675 4700 ἐμπεριδεϐλημένος
1699 4646 1794 4700 pro

220 4696 769 4771 ἐμπεριειλημμένος.
797 4696 953 4771 Ept'r.

292 4765 428 4837 (73':
475 4765 626 4837 Vulg.
663 4770 788 4821 τόν.
824 4767 1175 4822 Correxitnus
1200 4765 1329 4821 τῶν.
1359 4766 1515 4821 Eut'r.

295 4836 641 4909 (Ἰαυγιιιεξῆ
669 4837 1148 4905 δυσκολωτέραν.
1200 4837 1341 4906 Lego
1381 4836 1793 4909 δυπολωτέρων

216 4907 576 4982 θρεμμάτων,
602 4909 923 4982 quodAmit-or
951 4909 1297 4982 interpretem
1323 4924 1424 4960 uott
1448 4909 1672 4982 -vidisse.
1690 4907 1793 4964 Est

215 4977 380 5033 enitit'
413 4979 573 5033 homo
615 4980 852 5030 omnium
900 4977 1212 5031 animalium
1261 4977 1711 5043 morosissimum,
1739 4990 1795 5035 et

216 5051 362 5118 quod
385 5048 690 5101 dillirillitne,
730 5048 950 5118 regitur.
1080 5117 1083 5118 ν
1300 5045 1305 5049 ’

287 5119 401 5189 (75)
444 5118 598 5188 Vulg.
622 5118 785 5189 πρὸς
814 5117 1002 5187 ὄχλου
1028 5117 1312 5189 τίθεσθαι.
1346 5116 1539 5189 Scribe
1562 5117 1789 5172 τίθεται.

214 5199 274 5240 ιιι
298 5185 383 5243 est
407 5191 457 5242 in
476 5185 594 5241 cod.
621 5185 855 5240 Fuke‘tii.
879 5190 1042 5239 Porro
1067 5188 1327 5256 interpres
1347 5191 1482 5240 banc.
1504 5188 1788 5242 lectionem

215 5274 323 5311 non
353 5260 605 5312 intellexit
629 5276 642 5322 ;
671 5272 831 5325 quam
854 5256 1043 5310 Latine
1069 5258 1135 5309 ad
1168 5259 1389 5309 verbum
1414 5258 1483 5309 ita
1510 5273 1792 5323 possumus

216 5328 584 5390 interpretari,
618 5327 866 5379 molestin-
887 5327 1057 5389 potius
1081 5326 1460 5395 deputntquom
1488 5328 1757 5392 voluptati.

288 5399 398 5467 (76)
428 5397 546 5465 Τὴν
570 5396 689 5450 τῶν
707 5397 989 5463 ὑπηκόων
1022 5395 1401 5464 δορυφορίαν.
1433 5396 1788 5450 Scribendutu

212 5468 431 5520 videtur
456 5467 809 5536 δωροφορίαν.
842 5468 1039 5534 Duplex
1081 5482 1223 5518 etum
1251 5467 1589 5519 subditorum
1621 5482 1794 5533 genus

217 5538 305 5592 hic
337 5538 582 5599 designat
607 5538 894 5599 Eusebius;
927 5545 1165 5589 armatos
1203 5536 1430 5599 scilicet,
1482 5544 1537 5589 et
1572 5538 1790 5606 provin-

214 5608 405 5660 ciales.
438 5607 675 5673 Quorum
711 5608 762 5659 hi
803 5607 1021 5674 quidem
1054 5607 1308 5670 pecunias
1331 5621 1394 5657 ac
1421 5607 1619 5667 tributa
1654 5622 1782 5659 cou-

215 5676 394 5746 ferttut
426 5676 731 5746 imperatori
758 5693 771 5729 :
806 5675 947 5746 quod
981 5674 1307 5745 δωροφορεῖν
1334 5686 1485 5727 vocat
1528 5676 1788 5729 Eusebius

216 5762 281 5801 ac
309 5745 676 5812 Tltemistius;
708 5744 1071 5827 letti'scilicet
1097 5744 1356 5801 vocabulo
1398 5762 1509 5801 rctu
1546 5747 1786 5799 omnium

1926 1897 2123 1951 expers
2153 1898 2219 1937 ac
2268 1882 2516 1947 spiritale
2560 1883 2654 1938 Dei
2710 1899 2935 1956 regnum
2966 1883 3323 1953 concupiscit.
3357 1882 3488 1937 Illud

1925 1990 2145 2043 regnum
2180 1974 2439 2044 consequi
2469 1983 2622 2045 optat
2651 1989 2717 2030 ac
2740 1984 3013 2045 precatur,
3042 1989 3155 2044 prae
3178 1974 3343 2027 animi
3379 1972 3490 2028 cel-

1923 2064 2179 2130 situdine,
2235 2079 2396 2135 supra
2430 2064 2578 2134 ipsos
2617 2066 2740 2121 caeli
2792 2063 3032 2121 fornices
3062 2073 3295 2120 mentem
3333 2079 3485 2118 suam

1925 2156 2218 2221 attollens,
2275 2165 2329 2212 et
2368 2156 2762 2226 splendentium
2820 2155 2931 2212 illic
2981 2156 3242 2211 luminum
3304 2156 3515 2216 incre-.

1921 2248 2068 2304 dibili
2095 2249 2324 2317 quodam
2359 2249 2631 2305 desiderio
2662 2251 2927 2321 percitus.
2972 2248 3091 2304 Prae
3112 2248 3307 2318 quibus
3336 2257 3483 2302 tene-

1920 2338 2045 2393 bras
2076 2353 2195 2393 esse
2219 2338 2520 2403 exls1imat,
2553 2354 2888 2409 quaecunque
2911 2339 2962 2393 in
2992 2338 3098 2393 hoc
3127 2338 3326 2392 mundo
3358 2350 3485 2406 pre-

1921 2430 2054 2485 tiosa
2087 2430 2378 2485 babentur.
2406 2428 2541 2484 Nam
2575 2430 2855 2498 imperium
2879 2445 2987 2501 quo
3008 2431 3256 2485 homines
3288 2443 3483 2499 regun-

1921 2529 2029 2583 tur,
2054 2537 2173 2575 cum
2205 2519 2335 2575 uibil
2366 2521 2510 2575 aliud
2546 2523 2617 2577 sit
2645 2537 2805 2588 quam
2858 2522 3102 2577 mortalis
3133 2522 3256 2577 vitae
3286 2522 3476 2593 exigua

1917 2630 1980 2669 ac
2006 2616 2183 2670 brevis
2222 2617 2555 2686 procuratio,
2606 2615 2747 2671 baud
2789 2615 2957 2669 multo
2989 2615 3333 2684 praestantius
3359 2629 3481 2670 esse

1916 2714 2100 2760 censet
2125 2720 2285 2775 quam
2314 2706 2599 2776 imperium
2648 2705 3025 2775 caprariorum
3065 2714 3159 2758 aut
3204 2713 3476 2774 pastorum

1915 2806 2005 2848 aut
2029 2796 2381 2852 bubulcorum
2411 2818 2423 2853 :
2458 2799 2567 2853 sed.
2586 2798 2767 2869 potius
2795 2796 3065 2852 dilIicilius
3107 2807 3163 2853 et
3192 2797 3475 2852 tnorosiori

1914 2887 2207 2957 praesidens
2229 2890 2429 2957 pecori.
2460 2889 2564 2945 Sed
2604 2900 2658 2943 et
2679 2889 2999 2960 populorum
3032 2889 3473 2955 acclamationes,

1912 2987 1967 3033 et
2004 2992 2165 3035 voces
2197 2979 2557 3047 adulatorum,
2583 2981 2843 3036 molestiae
2866 2982 3045 3051 potius
3066 2982 3285 3051 deputat
3311 2996 3473 3052 quam

1912 3071 2192 3141 voluptati,
2216 3073 2287 3127 ob
2310 3074 2671 3128 constantiam
2703 3088 2910 3129 morum
2939 3084 2991 3128 et
3015 3074 3278 3128 sinceram
3310 3073 3473 3127 animi

1909 3159 2271 3228 disciplinam.
2330 3161 2597 3217 Prmterea
2665 3162 2879 3232 quoties
2928 3164 3266 3217 subditorum
3316 3163 3477 3218 obse-

1909 3253 2127 3320 quium;
2160 3253 2375 3323 quoties
2398 3252 2822 3308 innumerabiles
2848 3253 3059 3323 copias,
3098 3263 3153 3309 et
3177 3262 3286 3307 tatn
3319 3255 3473 3323 pedi-

1910 3354 2020 3398 tum
2052 3358 2211 3415 quam
2244 3343 2485 3415 equitum
2518 3344 2729 3415 agmina
2757 3344 2858 3401 sibi
2882 3343 3199 3399 famulantia
3233 3359 3297 3399 ac
3329 3345 3474 3399 dicto

1909 3437 2180 3491 audientia
2216 3445 2525 3501 contuetur,
2580 3452 2918 3507 nequaquam
2954 3436 3311 3491 admiratione
3352 3450 3475 3505 per-

1907 3528 2347 3600 cellitur,ueque
2393 3544 2514 3584 eam
2572 3529 2642 3584 ob
2696 3543 2917 3584 causam
2971 3528 3322 3582 intumescit:
3379 3526 3470 3580 sed

1907 3620 2103 3675 mentis
2137 3620 2255 3675 acie
2302 3620 2353 3674 in
2400 3620 2754 3690 semetipsum
2788 3634 3073 3683 conversa,
3123 3633 3468 3673 communem

1905 3712 2146 3765 omnium
2174 3710 2452 3765 hominum
2479 3721 2727 3765 naturam
2764 3711 2814 3764 in
2840 3725 2898 3764 se
2930 3724 3145 3781 quoque
3198 3709 3466 3780 agnoscit.

1907 3801 2119 3856 Vestem
2146 3802 2359 3870 quidem
2392 3815 2526 3856 auro
2560 3800 2820 3855 intextam
2851 3808 2907 3855 et
2945 3800 3114 3854 variis
3136 3798 3359 3853 ﬂoribus
3382 3799 3467 3867 pi-

1906 3902 2074 3958 ctam,
2123 3891 2455 3962 imperialem
2489 3892 2615 3947 item
2647 3906 2941 3962 purpuram
2979 3906 3085 3946 una
3128 3906 3248 3945 cum
3285 3890 3469 3944 diade-

1904 3996 2047 4041 male
2076 3985 2306 4052 deridet,
2335 4001 2568 4042 cernens
2603 3984 3004 4040 multitudinem
3038 3982 3342 4050 huiusmodi
3379 3996 3465 4036 re-

1906 4092 2022 4129 rum
2053 4076 2414 4134 admiratione
2437 4076 2766 4150 perculsam,
2799 4066 2859 4130 et
2884 4090 3097 4130 omnem
3130 4075 3273 4129 hunc
3298 4087 3469 4143 appa-

1903 4179 2077 4223 ratum
2099 4168 2245 4225 velut
2279 4169 2483 4225 larvam
2517 4169 2806 4239 quamdam
2849 4182 2997 4223 more
3045 4182 3340 4237 puerorum
3374 4181 3467 4220 su-

1901 4260 2240 4331 spicientem.
2291 4260 2487 4317 Verum
2541 4263 2655 4332 ipse
2710 4261 2844 4317 nihil
2895 4258 3197 4331 bujusmodi
3253 4272 3462 4327 passus,

1901 4416 2305 4470 acerbissimam
2348 4416 2627 4473 obveians.
2669 4412 2749 4472 llli
2793 4433 2925 4472 vero
2982 4416 3235 4486 pecunias
3266 4413 3320 4467 in
3371 4415 3469 4470 sti-

1899 4487 2152 4555 pendium
2180 4488 2470 4555 accipiunt.

1965 4554 2076 4627 (77)
2096 4556 2246 4627 Vulg.
2268 4554 2542 4627 στρέφων
2563 4558 2650 4625 είς
2661 4555 2857 4625 αὐτὴν
2875 4556 2989 4621 τὴν
3004 4555 3290 4616 διάνοιαν.
3319 4557 3469 4615 Scri-

1894 4624 2124 4697 beudum
2147 4624 2229 4679 est
2263 4624 2448 4697 prccul
2494 4629 2656 4681 dubio
2691 4630 2768 4692 εἰς
2795 4624 2979 4683 αὐτόν.
3017 4633 3158 4697 quod
3203 4634 3368 4685 miror
3400 4627 3468 4681 ab

1896 4696 2192 4757 interprete
2220 4696 2654 4750 animadversum
2696 4714 2799 4752 non
2833 4698 3018 4752 fuisse.

1966 4763 2080 4885 (78)
2114 4766 2397 4836 Οὐδαμῶς
2419 4768 2619 4832 αὐτός.
2647 4766 2996 4834 Transposita
3033 4767 3117 4819 bic
3163 4778 3286 4821 sunt
3317 4782 3470 4819 voca-

1990 4850 2040 4885 τι.
2062 4845 2114 4885 111
2143 4839 2313 4885 cuivis
2337 4847 2578 4885 armaret-
2602 4836 2745 4885 Lean
2772 4838 2927 4885 igitur
2958 4837 3209 4885 οὐδαμῶς
3237 4840 3281 4885 δ’
3307 4837 3469 4885 αὐτὸς

1893 4834 2040 4921 bula,
2062 4834 2114 4887 ut
2143 4834 2313 4889 cuivis
2337 4847 2578 4921 apparet.
2602 4836 2745 4921 Lego
2772 4838 2927 4905 igitur
2946 4837 3209 4921 ,οὐδαμῶς
3237 4840 3281 4921 δ’
3307 4837 3469 4921 αὐτος

1890 4904 1958 4977 τὰ
1983 4906 2149 4977 ῥμοια
2194 4904 2495 4969 πεπονθὼς,
2533 4904 2842 4977 ἐπιστήμην
2880 4906 2973 4960 τοῦ
3010 4904 3174 4971 θείου,
3201 4918 3305 4963 etc.
3333 4908 3469 4962 Male

1895 4974 1945 5027 itt
1975 4975 2130 5048 Euk.
2150 4977 2352 5048 codice
2373 4978 2567 5044 legttttr
2589 4976 2654 5048 δι’
2688 4974 2996 5048 ἐπιστήμην
3020 4977 3110 5030 τοῦ
3140 4979 3322 5032 θείου.

1963 5045 2074 5113 (79)
2122 5045 2644 5116 Ἀπαθεῖλογισμῷ
2690 5045 3178 5102 διατίθὲτὰιΛιΙοηι
3205 5047 3467 5111 est,qttod

1891 5128 2051 5188 supra
2082 5116 2258 5173 dixit.
2293 5116 2545 5187 οὐδαμῶς
2571 5118 2618 5169 τ’
2641 5118 2800 5181 αὐτὸς
2845 5116 2914 5170 τὰ
2953 5118 3113 5188 ὅμοια
3162 5116 3462 5182 πεπονθώς.

1892 5184 2060 5238 l’orro
2102 5196 2245 5240 totus
2276 5188 2365 5240 ltic
2420 5184 2569 5241 locus
2605 5190 2673 5239 ita
2720 5184 3130 5253 distittgue'udus
3175 5197 3338 5252 atque
3369 5204 3465 5241 ex-

1891 5257 2172 5327 poueudus
2221 5269 2341 5310 est:
2377 5258 2566 5327 Ὅμως
2610 5257 2655 5310 δ’
2687 5252 2779 5311 οὖν
2827 5252 3029 5327 καίπερ
3075 5256 3247 5311 ταῦτα
3284 5256 3466 5327 ,εἰδὼς

1889 5326 2264 5394 ἐπιστημόνως
2311 5325 2487 5379 αὐτῶν
2518 5329 2595 5451 sib
2634 5329 2857 5449 χρήσει.
2894 5325 3030 5398 πρὸς
3062 5325 3313 5398 εὐπρεπῆ
3356 5326 3467 5379 τῶν

1889 5396 2202 5451 ἀογομένων
2225 5396 2424 5451 κόσμον
2450 5399 2561 5450 ἀπα
2599 5402 2649 5451 εἰ
2696 5396 2917 5451 .ογισυ.ῶ
2941 5397 3250 5451 διατίθεται.
3279 5397 3329 5449 id
3358 5409 3462 5451 est.

1889 5345 2264 5394 επιστημονως
2311 5345 2487 5379 αυτων
2518 5346 2567 5396 τ,
2634 5346 2668 5398 χ
2707 5345 2857 5399 ησει.
2894 5345 3030 5398 προς
3062 5345 3313 5398 εὐπρεπη
3356 5345 3462 5379 των

1888 5396 2202 5466 ἀρχομένων
2225 5396 2424 5466 κόσμον
2450 5345 2649 5451 ἀπαᾌεῖ
2675 5345 2917 5466 λογισμῷ
2941 5397 3250 5455 διατίθεται,
3279 5397 3329 5449 id
3358 5409 3462 5461 est,

1887 5463 1997 5517 Séd’
2022 5467 2256 5532 quamvis
2307 5463 2362 5518 id
2392 5469 2581 5531 optime
2610 5463 2759 5520 norit
2781 5463 2898 5529 tmo‘
2923 5483 3105 5517 eorum
3159 5481 3329 5518 rerum
3364 5482 3461 5519 usu

1886 5537 2127 5597 edoctus,
2192 5545 2363 5589 tamen
2412 5551 2537 5603 erga
2593 5534 2855 5586 decentem
2908 5544 3151 5587 ornatum
3217 5535 3461 5588 subdito-

1889 5619 2003 5655 rum
2039 5618 2253 5655 suorum
2306 5620 2628 5673 nequaquam
2673 5622 2853 5657 nmmo
2891 5615 3260 5660 commovetur.
3307 5603 3462 5673 Quod

1890 5675 2030 5726 idem
2056 5682 2139 5726 est
2160 5689 2242 5745 ac
2264 5673 2306 5726 si
2337 5677 2572 5728 diceret:
2598 5691 2700 5729 nou
2724 5676 3054 5745 concupiscit
3080 5689 3209 5745 opes
3231 5690 3292 5728 ac
3323 5674 3461 5729 divi-

1890 5745 1993 5799 tias
2017 5743 2352 5800 subditorum
2379 5759 2624 5811 suorum,
2643 5760 2740 5800 uec
2776 5744 2879 5799 illis
2920 5743 3128 5800 invidet
3157 5747 3459 5816 elegantem
