3926 6264
413 306 552 364 1359

1176 304 1444 360 EUSEBII
1482 302 1957 362 CESARIENSIS
1991 303 2143 360 OPP.
2181 302 2361 360 PARS
2398 304 2439 367 Ι,
2481 333 2553 345 —
2588 301 2976 360 HlSTORlCA.

3498 308 3616 362 1540

413 423 654 478 animum
680 433 834 475 suum
866 417 1093 472 scientia
1121 418 1233 481 Dei,
1267 418 1416 473 velut
1458 416 1624 492 eu
1653 421 1977 474 vestimento

2112 416 2250 472 αὕτα
2277 416 2366 471 διά
2386 417 2685 489 νηπιότητα
2723 416 2936 489 φρενῶν
2972 414 3370 487 ἐπτοημένους,
3408 420 3620 489 κραιπά-

415 514 670 584 quodam,
701 511 1082 579 temperantia,
1128 510 1366 580 iustitia,
1409 512 1611 581 pietate
1646 527 1711 567 ac
1749 513 1977 582 reliquis

415 608 712 663 virtutibus
739 607 1036 676 variegato,
1067 606 1277 672 induit;
1309 615 1497 677 utpote
1523 608 1669 663 cultu
1708 623 1840 663 vero
1875 609 1978 663 im-

417 698 654 767 peratori
686 697 923 751 maxime
964 699 1344 753 conveniente.
1377 699 1455 752 Ad
1486 699 1600 755 hmc
1649 700 1865 755 divitias
1913 701 1979 754 ad

419 802 555 859 quas
586 786 867 841 hominum
914 796 1035 841 vota
1085 789 1379 855 suspirant,
1426 803 1615 842 aurum
1664 789 1874 844 scilicet
1928 799 1983 844 et

421 890 727 950 argentum,
760 889 815 934 et
841 895 1175 949 qnzecunque
1205 882 1256 933 in
1290 880 1661 937 admiratione
1714 882 1983 936 habentur

420 972 655 1039 lapidum
690 987 887 1042 genera
914 988 929 1029 :
960 972 1163 1041 lapides
1192 988 1378 1027 revera
1402 987 1523 1028 esse
1556 973 1803 1044 intelligit
1830 989 1982 1043 pror—

421 1077 516 1119 sus
541 1063 779 1125 inutiles,
801 1074 854 1117 et
873 1078 987 1117 rem
1009 1063 1125 1117 sine
1145 1062 1251 1117 ullo
1274 1062 1470 1118 fructu.
1491 1063 1676 1131 Qualia
1704 1065 1864 1133 igitur
1885 1064 1986 1118 ista

420 1163 609 1221 suapte
637 1165 826 1206 natura
846 1153 1129 1220 sunt,tanti
1156 1154 1266 1221 ipse
1287 1169 1347 1208 ea
1366 1154 1632 1220 aestimat;
1653 1154 1780 1208 nihil
1804 1155 1987 1225 utique

422 1245 492 1298 ad
526 1245 892 1312 depulsionem
923 1244 1184 1298 malorum
1210 1246 1564 1300 conducentia
1598 1264 1614 1313 ;
1653 1261 1811 1316 quam
1842 1247 1987 1301 enim

433 1336 540 1388 vim
564 1350 627 1388 ac
648 1335 899 1389 virtutem
922 1335 1033 1389 haec
1060 1336 1259 1389 habent
1277 1336 1356 1391 vel
1375 1337 1439 1390 ad
1454 1338 1721 1393 sanandos
1744 1337 1987 1402 morbos,

423 1423 509 1479 vel
551 1423 619 1479 ad
659 1435 884 1480 mortem
913 1424 1368 1494 propulsandam?
1422 1427 1618 1481 Verum
1651 1428 1899 1497 quamvis
1934 1426 1986 1482 id

425 1516 497 1570 ita
519 1531 637 1571 esse
657 1516 898 1586 apprimé
922 1517 1081 1581 norit,
1117 1526 1293 1573 tamen
1328 1518 1395 1573 ad
1422 1519 1701 1573 decentem
1733 1527 1983 1574 ornatum

2077 511 2177 583 λης
2201 527 2265 580 γε
2304 509 2407 581 μὴν
2434 510 2528 563 καὶ
2559 508 2760 580 μέθης,
2791 509 2891 580 τῆς
2934 525 2996 561 τε
3036 506 3293 579 περιττῆς
3330 509 3620 579 καρυκείας,

2079 598 2166 655 οἷα
2212 600 2643 672 γαστριμάργοις
2711 600 2949 665 οἰκείας,
3002 599 3302 669 ἀπέχεται,
3358 599 3623 670 προσήκειν

2080 694 2286 765 ἑτέροις
2318 694 2488 746 ταῦτα
2512 734 2527 759 ,
2561 692 2674 746 ἀλλ’
2717 693 2815 763 οὐχ
2866 692 3041 763 ἑαυτῷ
3093 689 3483 761 ὑπολαμϐάνων
3504 706 3516 720 ·
3542 691 3624 764 Cri-

2086 785 2243 858 μιοῦν
2300 785 2408 857 γὰρ
2459 784 2530 839 τά
2586 785 2822 856 μεγάλα,
2879 784 2974 837 καὶ
3026 784 3086 837 τὸ
3121 783 3222 853 τῆς
3265 781 3441 851 ψυχῆς
3465 781 3626 853 νοερὸν

2085 875 2364 948 ἀμαυροῦν
2405 875 2475 929 τὰ
2503 876 2729 930 τοιαῦτα
2767 876 3088 930 πέπεισται·
3131 875 3337 928 τούτων
3376 873 3440 945 δὴ
3487 873 3629 929 ἓνεκα

2086 968 2324 1030 πάντων,
2357 968 2386 1020 ὁ
2434 966 2503 1021 τὰ
2534 967 2653 1021 θεῖα
2692 966 3115 1038 πεπαιδευμένος
3143 965 3392 1036 βασιλεὺς
3411 1003 3425 1027 ,
3462 964 3547 1017 καὶ
3572 964 3631 1018 τά

2094 1059 2303 1132 μεγάλα
2326 1058 2567 1131 φρονῶν,
2596 1057 2689 1113 τοῦ
2721 1059 2989 1130 παρόντος
3029 1057 3145 1128 βίου
3186 1056 3294 1109 τῶν
3335 1056 3633 1126 κρειττόνων

2091 1151 2323 1219 ἐφίεται,
2354 1150 2444 1203 τὸν
2474 1149 2694 1222 Πατέρα
2718 1148 2897 1203 καλῶν
2919 1149 3009 1202 τὸν
3047 1148 3368 1219 ἐπουράνιον
3388 1187 3403 1207 ,
3441 1145 3530 1200 καὶ
3551 1146 3633 1218 τὴν

2092 1242 2302 1296 ἐκείνου
2358 1240 2637 1313 βασιλείαν
2700 1240 2917 1304 ποθῶν,
2963 1240 3140 1294 πάντα
3169 1255 3228 1291 τε
3272 1239 3370 1292 σὺν
3413 1237 3636 1315 εὐσεϐείᾳ

2094 1335 2378 1407 πράττων,
2413 1336 2506 1389 καὶ
2533 1338 2644 1399 τοῖς
2674 1335 2764 1388 ὑπ’
2802 1333 2951 1405 αὐτῷ
2990 1333 3316 1405 ἀρχομένοις
3346 1331 3422 1395 ὡς
3451 1330 3549 1385 ὑπὸ
3579 1331 3639 1386 δι-

2094 1426 2346 1497 δασκάλῳ
2399 1427 2809 1498 παιδευομένοις
2860 1425 3078 1496 ἀγαθῷ,
3137 1426 3236 1497 τὴν
3284 1423 3380 1479 τοῦ
3428 1424 3639 1495 μεγάλου

2101 1518 2363 1590 βασιλέως
2386 1519 2715 1588 θεογνωσίαν
2743 1518 3195 1591 προϐαλλόμενος.

3772 292 3775 365 ι

3774 394 3777 465 i

425 1610 771 1666 subditorum
822 1627 984 1668 causa
1018 1613 1083 1667 iis
1126 1612 1336 1678 utitur;
1368 1612 1536 1667 animi
1572 1613 1756 1682 vigore
1784 1612 1916 1667 nihil
1965 1612 2033 1668 ob
2066 1614 2180 1669 haec
2217 1614 2523 1678 immutato,
2552 1613 2735 1668 ridens
2782 1628 2876 1667 eos
2907 1614 3176 1677 homines,
3224 1610 3317 1681 qui
3347 1611 3416 1666 ob
3460 1609 3642 1680 simpli-

426 1704 646 1761 citatem
678 1716 839 1778 atque
861 1707 1183 1775 imperitiam
1228 1708 1328 1761 ista
1376 1708 1661 1763 mirantur.
1691 1706 1859 1764 Porro
1897 1723 1927 1761 a
1958 1709 2174 1779 crapula
2205 1724 2270 1764 ac
2299 1709 2631 1773 temulentia,
2671 1709 2819 1764 etab
2856 1707 3143 1778 exquisitis
3162 1706 3425 1777 cupediis,
3483 1714 3643 1775 utpote

427 1796 852 1864 quaalurconum
917 1799 1151 1867 propriae
1214 1799 1343 1862 sint,
1399 1797 1636 1853 abstinet
1676 1807 1835 1867 atque
1896 1798 2176 1863 abhorret,
2225 1797 2346 1855 aliis
2400 1798 2503 1854 ista
2572 1799 2864 1853 convenire
2910 1812 3160 1863 censens,
3207 1812 3314 1853 non
3350 1796 3472 1852 sibi.
3534 1795 3642 1856 Bac

428 1891 571 1945 enim
603 1893 886 1961 plurimum
918 1892 1111 1948 aﬂ‘erre
1138 1895 1468 1960 nocumenti,
1500 1903 1554 1949 et
1616 1895 1908 1949 intellectui
1937 1896 2186 1951 tenebras
2226 1895 2522 1958 oll‘uiidere,
2592 1910 2689 1966 pro
2755 1904 2905 1950 certo
2974 1894 3155 1950 habet.
3187 1891 3285 1949 His
3331 1893 3567 1948 omnibus
3590 1893 3644 1948 de

431 1985 613 2038 causis
646 1986 960 2053 imperator,
988 1999 1170 2040 rerum
1231 1986 1536 2041 divinarum
1602 1988 1830 2042 scientia
1896 1988 2211 2052 instructus,
2270 1998 2324 2042 et
2358 1988 2561 2058 ingenti
2615 1989 2796 2042 animo
2827 1990 3109 2057 praeditus,
3166 1989 3231 2042 ad
3269 2002 3360 2043 res
3420 1988 3641 2057 praesenti

436 2080 539 2133 vita
570 2081 972 2148 praestantiores
1002 2081 1228 2151 aspirat,
1259 2080 1534 2136 cmlestem
1579 2081 1838 2137 invocans
1886 2081 2390 2150 Patrem;ejusque
2449 2097 2675 2153 regnum
2703 2083 2953 2137 omnibus
3015 2082 3156 2136 votis
3214 2080 3543 2146 desiderans,
3597 2090 3641 2136 et

435 2183 624 2228 cuncta
653 2187 773 2226 cum
806 2173 1061 2241 singulari
1108 2174 1312 2245 pietate
1338 2171 1577 2227 faciens:
1609 2174 1876 2229 universis
1927 2174 2161 2242 denique
2194 2174 2420 2243 imperio
2443 2168 2540 2227 suo
2564 2172 2844 2241 subjectis,
2871 2188 3006 2243 quos
3064 2172 3211 2228 velut
3271 2172 3504 2241 optimus
3554 2186 3647 2225 nia-

434 2266 610 2338 gister
654 2265 978 2325 erudiendos
1015 2268 1274 2331 suscepit,
1310 2263 1507 2318 summi
1547 2263 1888 2335 imperatoris
1938 2279 2002 2318 ac
2048 2263 2137 2317 Dei
2163 2264 2407 2318 notitiam
2434 2264 2673 2317 tradens.

1030 2355 1259 2412 CAPUT
1301 2354 1387 2413 Vl.

508 2449 684 2504 Porro
717 2448 859 2503 Deus
898 2446 1045 2502 velut
1076 2448 1300 2517 pignora
1333 2446 1581 2516 quaedam
1606 2445 1804 2501 futura;
1825 2459 2000 2499 remu-

438 2541 740 2597 nerationis
773 2542 822 2596 ei
863 2545 919 2595 in
972 2551 1314 2595 antecessum
1363 2540 1609 2608 praebens
1633 2579 1649 2607 ,
1683 2537 2007 2592 tricennales

437 2633 538 2703 ipsi
574 2648 804 2688 coronas
829 2632 1037 2696 tribuit,
1065 2610 1312 2686 felicibus
1343 2645 1610 2685 annorum
1636 2628 1854 2685 circulis
1880 2644 2009 2683 con-

439 2734 635 2781 textas.
667 2724 893 2794 Jamque
925 2724 1167 2779 terdenis
1218 2736 1488 2776 annorum
1511 2719 1704 2791 spatiis
1725 2719 2007 2783 confectis,

438 2816 680 2885 publicas
703 2817 1050 2885 populorum,
1076 2830 1169 2870 seu
1214 2814 1394 2884 potius
1426 2814 1588 2867 totius
1622 2812 1810 2867 mundi
1862 2811 2011 2867 festi-

439 2910 658 2973 vitales,
714 2909 984 2963 universis
1040 2908 1354 2963 hominibus
1417 2907 1693 2962 celebrare
1734 2905 2005 2960 concedit.

439 2999 661 3054 Interim
688 3016 814 3055 vero
855 3001 982 3053 dum
1021 3000 1275 3054 mortales
1303 2999 1527 3055 ﬂoribus
1561 2997 1891 3070 cognitionis
1915 2996 2007 3051 Dei

440 3091 673 3147 redimiti
704 3092 997 3155 exsultant,
1032 3107 1137 3144 non
1190 3090 1483 3145 absurdum
1550 3088 1713 3144 fuerit
1758 3087 2010 3144 cmlestes

439 3183 604 3237 etiam
625 3184 823 3237 choros
850 3191 1055 3234 natura;
1088 3181 1296 3249 legibus
1330 3181 1604 3242 incitatos,
1633 3194 1755 3234 cum
1779 3180 2012 3233 terrenis

440 3277 646 3347 pariter
673 3274 867 3344 gaudio
892 3274 1131 3328 exsilire.
1163 3274 1449 3343 Ipsumque
1473 3273 1608 3326 adeo
1634 3272 2008 3327 universorum

448 3383 662 3439 regem,
699 3367 873 3420 instar
905 3366 1090 3435 Optimi
1148 3366 1317 3436 patris
1353 3365 1537 3419 latitia
1572 3363 1706 3419 allici
1755 3363 2012 3418 credibile

444 3467 549 3522 eat,
580 3459 706 3513 dum
739 3459 911 3512 bonos
940 3457 1078 3510 lilios
1109 3457 1276 3511 Deum
1302 3458 1405 3511 rite
1430 3456 1668 3511 colentes
1700 3455 1884 3520 videt;
1924 3452 2009 3509 at-

444 3564 552 3619 que
575 3550 643 3604 ob
678 3549 728 3602 id
760 3548 1017 3611 maxime,
1061 3547 1361 3617 principem
1411 3558 1799 3618 auctoremque
1823 3562 2008 3602 earum

446 3655 651 3705 rerum,
682 3640 928 3709 pluribus
955 3654 1216 3693 annorum
1242 3636 1530 3693 curriculis
1558 3637 2011 3692 lionorare.Adeo

2618 2354 3015 2408 ΚΕΦΑΛΑΙΟΝ
3054 2356 3145 2422 ς’.

2186 2446 2244 2500 '0
2275 2446 2329 2500 δὲ
2361 2446 2469 2500 τῶν
2510 2447 2813 2518 ἀμοιϐαίων
2857 2447 2923 2500 τὰ
2962 2448 3201 2517 ἐχέγγυα
3243 2445 3647 2520 προμνώμενος,

2103 2539 2686 2609 τριακονταετηρικοὺς
2729 2536 2876 2607 αὐτῷ
2915 2536 3155 2609 διανέμει
3196 2537 3490 2605 στεφάνους
3526 2536 3648 2606 (80),

2105 2629 2311 2699 χρόνων
2344 2628 2566 2698 ἀγαθοῖς
2593 2629 2863 2701 περιόδοις
2894 2629 3355 2694 ἀποτελεσθέντας
3375 2647 3389 2659 ·
3436 2631 3650 2701 τριττοὺς

2104 2735 2165 2771 τε
2207 2718 2307 2791 ἤδη
2351 2718 2587 2773 δεκάδων
2646 2720 2942 2792 περιελθὼν
3006 2720 3269 2787 κύκλους,
3337 2723 3649 2792 πανδήμους,

2111 2811 2308 2883 μᾶλλον
2332 2812 2388 2866 δὲ
2418 2811 2528 2884 (81)
2577 2812 2846 2882 κοσμικὰς
2882 2813 3107 2885 ὲορτάς,
3143 2816 3311 2867 πᾶσιν
3345 2813 3548 2886 ἐφίησιν
3577 2817 3652 2868 ἁν-

2108 2896 2347 2969 θρώποις
2366 2899 2623 2954 ἐκτελεῖν.
2661 2899 2781 2953 Τῶν
2814 2900 2857 2951 δ’
2880 2901 2972 2953 ἐπὶ
3002 2904 3103 2972 γῆς
3138 2902 3467 2971 θεογνωσίας
3496 2904 3652 2956 ἄνθεσι

2109 2988 2574 3061 φαιδρυνομένων,
2608 2992 2706 3044 οὐκ
2735 2993 2843 3045 ἀπὸ
2873 2991 3076 3046 σκοποῦ
3121 2992 3184 3047 ἂν
3225 2995 3339 3066 εἴη,
3377 2996 3469 3048 καὶ
3493 2993 3581 3059 τὰς
3605 2996 3652 3049 ἐν

2109 3082 2320 3154 οὐρανῷ
2352 3084 2569 3156 χορείας
2599 3084 2783 3155 νόμοις
2810 3085 3025 3154 φύσεως
3070 3084 3393 3157 ἑλκομένας,
3437 3089 3543 3149 τοῖς
3579 3086 3654 3139 ἐπὶ

2110 3173 2214 3242 γῆς
2248 3175 2580 3246 συγχαίρειν,
2629 3175 2789 3229 αὐτόν
2833 3193 2889 3228 τε
2916 3176 3007 3228 τὸν
3044 3177 3136 3229 ἐπὶ
3178 3176 3400 3230 πάντων
3440 3175 3652 3248 βασιλέα,

2112 3268 2316 3339 πατρὸς
2353 3267 2558 3337 ἀγαθοῦ
2593 3268 2770 3339 δίκην,
2804 3267 2888 3337 ἐφ’
2914 3268 3050 3331 υίοῖς
3081 3267 3308 3336 ἀγαθοῖς
3347 3266 3654 3322 θεοσεϐοὖσιν

2110 3359 2518 3431 εὐφραίνεσθαι,
2564 3360 2657 3413 καὶ
2702 3359 2876 3433 ταύτῃ
2913 3359 3147 3431 μάλιστα
3195 3360 3289 3414 τὸν
3340 3359 3656 3433 καθηγεμόνα

2110 3451 2203 3505 καὶ
2223 3448 2330 3504 τῶν
2354 3451 2575 3519 ἀγαθῶν
2595 3452 3165 3525 αῖτιον,πολυχρονίοις
3178 3453 3459 3525 γεραίρειν
3479 3454 3654 3524 τιμαῖςυ

2109 3542 2184 3607 ὼς
2221 3542 2295 3614 μὴ
2327 3544 2596 3613 ἀπαρκεῖν
2620 3546 2769 3616 τρεῖς
2799 3546 2855 3596 ὲν
2887 3544 3075 3598 δεκάσι
3109 3545 3393 3618 περιόδους
3434 3547 3496 3615 τῇ
3530 3544 3657 3615 βασι-

2111 3634 2251 3706 λείᾳ,
2281 3634 2464 3706 μένειν
2491 3636 2547 3689 δὲ
2576 3636 2746 3707 αὐτὴν
2778 3635 2888 3707 (82)
2920 3637 3013 3690 ἐπὶ
3038 3638 3326 3708 μήκιστον,
3356 3637 3449 3689 καὶ
3477 3637 3550 3699 είς
3573 3653 3659 3706 μα-

445 3741 506 3784 ιιι
530 3747 633 3784 non
655 3730 766 3798 jam
797 3730 929 3783 satis
964 3730 1186 3793 habeat,
1220 3730 1474 3783 terdenos
1533 3743 1802 3782 annorum
1837 3730 2005 3782 circu-

2116 3727 2244 3799 κρὸν
2272 3727 2660 3798 παραπέμπειν
2684 3727 2877 3784 αίῶνα.
2913 3727 3057 3782 Αἰὼν
3077 3728 3121 3781 δ’
3150 3730 3178 3781 ὁ
3203 3729 3446 3800 σύμπας,
3467 3729 3658 3799 ἀγήρως

448 3819 528 3874 los
554 3820 781 3889 imperio
818 3819 935 3889 ejus
967 3821 1243 3874 tribuere:
1272 3819 1364 3874 sed
1394 3819 1524 3874 illud
1553 3821 1604 3873 in
1635 3819 2011 3891 longissimum

448 3920 698 3978 tempus,
751 3919 806 3965 et
866 3911 920 3965 in
958 3911 1205 3965 ultimum
1265 3926 1438 3979 usque
1487 3926 1660 3965 mvum
1726 3912 2010 3981 producat.

447 4001 646 4058 Evum
677 4003 841 4075 615
872 4019 1036 4072 porro
1072 4007 1341 4075 integrum
1374 4020 1474 4059 nec
1515 4008 1751 4059 senescit
1779 4021 2012 4075 unquam

450 4109 551 4149 nec
595 4094 819 4161 interit;
852 4095 1073 4165 ejusque
1120 4112 1220 4151 nec
1248 4096 1457 4150 initium
1487 4111 1587 4152 nec
1619 4098 1779 4153 linem
1807 4109 2016 4154 mentes

450 4185 762 4239 mortalium
798 4187 1063 4256 dispicere
1113 4196 1357 4256 possunt.
1403 4187 1510 4242 Sed
1564 4202 1736 4256 neque
1768 4199 2014 4244 centrum

450 4363 653 4438 cultum
676 4373 837 4431 atque
853 4373 1126 4438 orna_tum,
1146 4379 1204 4421 ut
1231 4367 1310 4421 far
1321 4382 1411 4422 ere
1436 4367 1609 4422 solent
1635 4368 1905 4438 principes
1931 4368 2017 4423 in-

450 4435 739 4509 v_i_di_atqne
770 4435 933 4488 avari.
963 4434 1106 4509 Talis
1131 4449 1246 4492 erat
1280 4434 1683 4493 Valentinianus
1708 4434 1896 4507 major,
1925 4440 2016 4509 qui

454 4505 653 4578 divites
672 4519 867 4578 omnes
892 4520 958 4560 ac
985 4507 1121 4578 bene
1156 4510 1385 4578 vestitus
1406 4511 1629 4572 oderat,
1670 4505 2021 4578 qnetiiaduio-

454 4573 579 4629 dum
609 4567 772 4627 refert
793 4577 971 4629 Ainni.
993 4576 1353 4631 Marcellinus.
1374 4577 1486 4631 Non
1515 4580 1586 4631 ita
1603 4567 2015 4644 Constantinus;

455 4645 649 4718 quippe
672 4644 762 4711 qui
795 4654 1019 4718 etsuum
1044 4646 1156 4713 ipse
1182 4647 1382 4701 cnltnui
1411 4660 1572 4715 atque
1594 4660 1845 4703 ornatum
1870 4650 2018 4718 parvi

456 4714 715 4778 faciebat;
728 4721 782 4766 et
795 4715 1040 4770 subditos
1055 4733 1181 4769 suos
1208 4714 1494 4771 ambitioso
1529 4719 1749 4771 vestiunt
1766 4714 1913 4773 cultu
1926 4734 2016 4772 or-

458 4787 594 4843 nari.
622 4801 725 4836 non
744 4783 1205 4855 intolestelerebnt.
1226 4786 1351 4840 Haec
1377 4788 1496 4840 ideo
1511 4788 1753 4855 pluribus
1769 4791 2016 4854 exposui,

454 4855 677 4926 quodet
704 4854 931 4906 obscura
965 4867 1108 4918 sunt,
1126 4859 1264 4910 etab
1288 4854 1577 4926 interprete
1599 4873 1701 4911 non
1727 4858 2016 4912 intellectu.

525 4922 636 4995 (80)
682 4926 1374 4994 Τριακονταετηρικοὺς...
1420 4922 1777 4995 στεφάνους.
1818 4928 2021 4983 Alludit

457 4993 785 5067 atl'corotias
806 5010 1017 5067 aureas,
1049 4993 1180 5065 quas
1215 4993 1575 5066 provinciales
1603 5000 2018 5067 imperatoribus

2116 3821 2210 3872 καὶ
2241 3820 2616 3891 ἀτελεύτητος,
2652 3820 2765 3874 οὔτ’
2781 3823 2944 3893 ἀρχῇ,
2980 3820 3102 3875 οὔτε
3132 3824 3448 3896 περιγραφῇ
3481 3818 3659 3892 θνητῶν

2115 3911 2393 3983 λογισμοῖς
2415 3913 2676 3984 πεφυκὼς
2704 3914 2955 3986 ὁρᾶσθαι,
2979 3913 3094 3968 ἀλλ’
3123 3914 3230 3967 οὐδ’
3264 3917 3332 3969 ὲκ
3364 3912 3521 3986 μέσου
3559 3912 3661 3967 κένσ

2114 4019 2244 4072 τρου
2261 4004 2665 4076 λαμϐάνεσθαιο
2694 4005 2813 4060 οὐδὲ
2831 4006 2893 4060 τὸ
2920 4005 3015 4060 νῦν
3048 4005 3220 4060 αὑτοῦ
3245 4005 3535 4078 λεγόμενον
3564 4004 3657 4073 (85)

2117 4095 2292 4164 ἐφιεὶς
2344 4098 2457 4159 τοῖς
2526 4096 2765 4151 ἐθέλουσι
2818 4098 3295 4170 περιδράττεσθαι,
3360 4101 3483 4172 μήτι
3512 4114 3569 4167 γε
3610 4094 3660 4148 τὸ

2122 4186 2311 4259 μέλλον
2342 4186 2505 4261 (84)ἢ
2530 4188 2591 4242 τὸ
2617 4190 2947 4263 παρῳχηκὸς
2978 4190 3071 4245 τοῦ
3100 4193 3291 4265 χρόνου
3318 4211 3333 4223 ·
3367 4192 3427 4245 τὸ
3459 4191 3548 4262 μὲν
3569 4188 3661 4260 γὰρ

2122 4366 2553 4442 ῖπηρρτθιρνιμη,
2580 4368 3001 4442 quinquennalia
3061 4378 3117 4424 et
3158 4368 3410 4442 similia.
3440 4369 3586 4423 Certe
3615 4365 3658 4418 in

2120 4435 2305 4507 codice
2349 4436 2554 4491 Fuketii
2591 4435 2660 4490 i'ta
2692 4435 2949 4503 scriptum
2996 4440 3168 4507 reperi
3203 4447 3259 4493 ut
3288 4440 3630 4507 conjecerain.

2191 4505 2303 4575 (82)
2343 4507 2558 4561 Μένειν
2578 4507 2646 4561 δὲ
2675 4509 2887 4576 αὐτήν.
2940 4509 3036 4563 llic
3058 4505 3216 4564 locus
3242 4509 3323 4561 sic
3357 4505 3487 4561 niilii
3528 4506 3662 4576 resti-

2122 4577 2349 4650 tuendus
2390 4578 2637 4650 videtur:
2676 4579 2761 4643 Ὠς
2918 4581 3189 4649 ἀπαρκεῖν
3222 4581 3385 4650 τρεῖς.
3414 4579 3469 4630 έν
3500 4575 3661 4629 δεκάσι

2121 4646 2396 4721 περιόδους
2421 4650 2487 4719 τῇ
2508 4648 2762 4721 ,βασιλείᾳ
2799 4646 3004 4721 νέμειν,
3025 4646 3194 4720 αὐτὴν
3220 4646 3275 4721 δέ
3305 4648 3399 4702 ἐπὶ
3427 4650 3661 4720 μήκιστον

2120 4716 2215 4768 καὶ
2246 4718 2325 4780 εὶς
2356 4716 2562 4795 μακρὸν
2590 4716 2978 4795 παραπέμπειν
3002 4716 3196 4795 αἰῶνα.
3224 4720 3393 4795 Error
3415 4716 3563 4771 natus
3592 4725 3660 4769 est

2121 4799 2186 4838 ex
2219 4800 2348 4861 voce
2380 4789 2585 4858 νέμειν,
2619 4789 2779 4858 quam
2811 4794 2862 4844 in
2914 4791 3095 4861 μένειν
3145 4791 3349 4844 librarii
3389 4795 3657 4861 mutarunt.

2123 4858 2344 4923 proclivi
2372 4875 2584 4932 errore.
2615 4863 2763 4926 Quod
2799 4862 2841 4913 si
2878 4858 3059 4932 μένειν
3092 4862 3325 4932 retinere
3353 4861 3473 4929 quis
3502 4859 3657 4922 vellet,

2126 4929 2627 5001 tune_scribenduin_
2653 4944 2793 5001 esset
2825 4929 3307 5001 παραπέμπεσθαι.

2196 4996 2307 5070 (85)
2344 4998 2496 5065 Vulg.
2527 4999 2669 5053 οὐδὲ
2692 4994 3108 5055 τὸνύπ⁹ἀὺτὸῦ
3124 5003 3467 5070 λεγόμενον.
3489 4994 3661 5070 Procul

457 5061 715 5137 Romanis
763 5061 957 5118 oll'erre
1003 5044 1267 5129 sideban'i,
1317 5044 1434 5121 noui
1474 5070 1643 5120 ευιυιιι
1677 5044 1757 5121 lob
1804 5044 2005 5134 imperii

2122 5044 2657 5122 (Ιιιὺιοέονίυῗιηάυηι
2688 5082 2770 5123 est
2801 5087 2814 5122 :
2848 5072 2968 5124 οὐδὲ
2996 5072 3058 5124 τὸ
3092 5071 3184 5123 νῦν
3205 5044 3368 5125 Etcf-Eos
3399 5068 3661 5137 λεγόμενον

456 5134 747 5203 primitias,
781 5148 962 5206 verum
1007 5137 1168 5190 etiam
1213 5138 1265 5190 in
1308 5139 1799 5206 quinquennalibus
1827 5152 2013 5193 eorum

456 5218 521 5256 ac
554 5204 957 5256 decennalibus.

526 5270 645 5347 (8l)_
670 5274 832 5347 _V'nlg.
862 5272 1212 5343 πανδήμους
1233 5275 1301 5329 δὲ
1321 5279 1578 5347 μᾶλλον.
1608 5278 1773 5333 Nemo
1794 5289 1897 5343 est,
1920 5281 2011 5347 qui

459 5357 563 5396 non
600 5342 773 5421 videat
804 5342 1143 5421 scribendum
1177 5342 1337 5421 esse,
1361 5349 1700 5421 πανδήμους,
1734 5342 2012 5421 μᾶλλονδὲ

457 5411 734 5484 κοσμικὰς,
756 5413 963 5484 ἑορτάς.
995 5415 1084 5468 Ait
1123 5416 1262 5469 enim
1289 5411 1582 5483 Eusebius,
1614 5411 1711 5473 has
1734 5411 2011 5475 'tricenna-

459 5480 585 5560 lium
617 5480 953 5560 festivitates,
983 5503 1085 5539 non
1126 5486 1299 5560 solum
1339 5480 1653 5557 populorum
1686 5489 2009 5560 frequentia,

460 5552 552 5601 sed
577 5554 737 5603 etiam
775 5557 939 5609 totius
976 5558 1157 5608 niundi
1193 5552 1463 5612 communi
1498 5560 1679 5612 laetitia
1728 5552 2011 5615 celebrari.

460 5618 664 5696 Quippe
696 5620 951 5696 festorum
974 5626 1076 5680 alia
1106 5635 1229 5678 sunt
1255 5629 1486 5695 publica,
1520 5630 1622 5682 alia
1646 5630 1873 5696 privata.
1897 5632 2015 5684 Alia

461 5690 673 5768 urbium
703 5694 939 5814 proRria,
972 5697 1076 5750 alia
1107 5690 1272 5750 tOtius
1310 5690 1618 5765 provinciae.
1646 5690 1906 5762 Quaedam
1936 5712 2016 5753 tu-

465 5768 571 5813 tius
619 5760 769 5814 orbis
847 5766 1046 5814 omani.
1092 5774 1150 5814 ut
1191 5763 1443 5814 Kalendae
1477 5766 1769 5814 Jnnttnrim-
1814 5768 2016 5814 Natalis

465 5760 571 5813 tius
619 5760 769 5815 orbis
799 5760 1046 5829 Romani,
1092 5774 1150 5818 ut
1190 5760 1443 5823 Kalendae
1477 5760 1769 5836 Januaiiw,
1813 5768 2017 5827 Natalis

2121 5136 2297 5213 έφιεὶς
2311 5141 2421 5201 τοῖς
2440 5138 2679 5213 ἐθέλουσι
2708 5142 3174 5213 περιδράττεσθαι.
3198 5143 3315 5207 Quo
3346 5136 3500 5213 modo
3517 5136 3658 5190 etiam

2120 5207 2249 5276 legit
2288 5212 2573 5277 interpres.
2616 5207 2792 5278 llnjns
2824 5207 3002 5265 autem
3040 5212 3437 5265 emendationis
3489 5219 3659 5261 auctor

2117 5287 2199 5328 est
2230 5279 2342 5346 ipse
2369 5280 2650 5342 Eusebius,
2681 5282 2774 5349 qui
2805 5282 2965 5347 paulo
2991 5293 3112 5348 post
3145 5282 3215 5334 ita
3241 5282 3428 5334 scribit
3454 5280 3517 5331 de
3543 5294 3658 5349 pr.»-

2119 5350 2256 5421 senti
2292 5359 2531 5417 tempore
2574 5368 2587 5402 :
2617 5351 2679 5404 τὸ
2701 5347 2757 5403 δέ
2803 5367 2866 5419 γε
2898 5347 3000 5404 νῦν
3023 5351 3187 5405 αὐτοῦ
3221 5351 3536 5421 λεγόμενον,
3560 5347 3659 5415 ἄμα

2116 5416 2491 5494 νοήματιὶέιο.
2589 5490 2600 5494 _
2816 5416 2854 5494 ⁷-
2964 5490 2974 5494 Α
3209 5489 3224 5494 _
3295 5416 3364 5421 ’⁷
3608 5483 3636 5494 Α.

2191 5488 2304 5561 (84)
2348 5490 2602 5561 νυΙε.μή
2635 5505 2754 5545 τισι
2794 5489 2861 5543 τὸ
2899 5490 3153 5559 μέλλον.
3209 5489 3471 5557 Interpres
3517 5488 3658 5539 vertit

2122 5559 2310 5613 nedum
2338 5559 2579 5627 futurum
2608 5571 2809 5621 tempus
2825 5574 2914 5613 aut
2942 5563 3289 5627 prwtert’lunt.
3318 5561 3488 5625 Quare
3512 5568 3656 5622 appa-

2125 5640 2346 5702 ret‘euni
2384 5630 2577 5699 legisse
2606 5635 2831 5702 μήτοιγε
2860 5630 2919 5684 τὸ
2939 5631 3148 5702 μέλλον,
3172 5633 3398 5702 optime._
3419 5628 3471 5681 in
3494 5627 3657 5702 codice

2124 5696 2555 5775 linitascriliitur
2583 5696 2857 5775 μὴ’τιςτὸ
2900 5696 3110 5775 μέλλον.
3133 5696 3345 5775 -—'l\'os,
3372 5696 3658 5775 doctissimo

2128 5754 2431 5829 licinicben
2457 5754 2845 5839 asseiitieiit'es,
2878 5754 3007 5845 μήτι
3033 5789 3097 5841 γε
3125 5754 3452 5841 scripsimus.
3484 5765 3625 5821 Eois.
