3926 6264
479 309 622 367 13ἑῖ

1153 303 1426 360 EUSEBH
1468 299 1940 361 CESARIENSIS
1973 297 2043 355 Ol

2169 297 2351 355 PARS
2384 298 2427 355 l.
2466 328 2537 340 —
2569 293 2979 352 HISTORICA.’

3575 296 3704 352 ιειι

485 432 686 490 tiarum
739 426 1142 496 receptaculum
1187 425 1241 482 in
1273 441 1339 480 eo
1367 425 1614 480 condidit
1647 438 1710 478 ac
1731 420 2043 477 substravit.

2158 417 2458 492 τετρακτὺν
2485 417 2794 488 ἐπινοήσας,
2822 415 2947 486 γῆν,
2981 411 3146 487 ὕδωρ,
3179 413 3338 485 ἀέρα,
3367 415 3501 486 πῦρ,
3541 417 3709 487 πηγὰς

489 520 686 575 tteinde
715 518 769 572 in
807 516 1033 573 materia
1080 515 1396 585 qualitatem
1438 515 1672 580 creavit,
1700 512 1899 568 binarii
1948 527 2042 565 nu—

486 592 618 668 meri
644 611 879 680 potentia
910 610 1166 666 decorum
1197 609 1428 672 iaciens.
1489 607 1539 662 id
1584 607 1728 677 quod
1761 606 1911 674 prius
1959 618 2048 659 ex-

484 723 608 779 pers
631 713 746 760 erat
770 705 1092 759 venustatis.
1131 702 1383 758 Posthtcc
1420 716 1522 773 ope
1550 700 1777 756 ternarii
1811 699 2043 762 numeri,

481 812 681 865 corpus
702 810 766 850 ex
791 795 1019 850 materia
1050 793 1333 863 formaque
1366 794 1750 862 compositum,
1785 790 1945 845 trium
1969 792 2045 846 di-

478 888 820 943 mensionum
844 901 1011 956 capax
1049 885 1217 953 fecit;
1255 885 1603 957 longitudinis
1646 884 1876 946 scilicet,
1925 882 2042 936 lati-

480 979 682 1034 tudinis
738 990 792 1034 et
844 968 1161 1035 altitudinis.
1216 978 1354 1033 Tum
1411 993 1480 1033 ex
1526 977 1802 1045 geminato
1836 977 2045 1033 binario

472 1069 890 1137 quaternarium
918 1069 1306 1124 elementorum
1337 1082 1624 1121 numerum
1680 1075 2041 1131 commentus,

485 1165 706 1222 terram,
746 1173 962 1228 aquam,
990 1172 1171 1212 acrem
1225 1165 1279 1210 et
1336 1156 1540 1226 ignem,
1592 1156 1745 1226 quasi
1782 1170 2043 1225 perennes

472 1250 646 1322 616
678 1250 934 1318 quosdam
967 1247 1143 1303 fontes
1176 1246 1241 1300 ad
1278 1246 1438 1315 hujus
1473 1246 1714 1302 universi
1756 1246 2040 1301 utilitatem

480 1339 757 1409 produxit.
816 1337 986 1393 Porro
1054 1337 1436 1407 quaternarius
1501 1336 1782 1392 denarium
1848 1335 2039 1407 gignit.

486 1427 658 1483 Unum
699 1428 842 1481 enim
866 1468 880 1493 ,
926 1429 1050 1491 duo,
1079 1428 1181 1481 tria
1204 1436 1258 1481 et
1278 1436 1535 1496 quatuor,
1564 1426 1843 1481 denarium
1862 1440 2043 1480 nume-

481 1535 601 1574 rum
631 1519 937 1574 ahsolvunt.
973 1515 1271 1572 Ternarius
1300 1528 1479 1573 autem
1507 1517 1733 1589 junctus
1777 1532 1899 1572 cum
1948 1515 2044 1573 de-

481 1612 656 1676 nario,
692 1611 891 1666 mensis
915 1610 1146 1681 spatium
1177 1609 1344 1663 dedit.
1381 1609 1581 1664 Mensis
1617 1618 1794 1662 autem
1835 1608 2043 1664 duode-

481 1705 587 1760 cim
615 1703 1048 1767 circuitiouibus,
1092 1702 1222 1757 solis
1250 1716 1468 1756 cursum
1513 1701 1768 1756 absolvit.
1824 1700 1903 1755 Ex
1937 1716 2042 1771 quo

2154 510 2418 573 ἀεννάους
2450 510 2529 571 είς
2563 506 2663 579 τήν
2684 498 2838 560 τοῦδε
2863 504 2958 558 τοῦ
2982 505 3180 569 παντὸς
3206 504 3548 577 προύϐάλετο
3562 524 3710 578 χορη-

2150 601 2275 671 γίαν
2290 617 2303 631 ’
2339 600 2641 671 τετρακτὺς
2664 598 2721 652 δὲ
2742 598 2905 669 γεννᾷ
2935 596 3161 651 δεκάδα’
3186 596 3244 651 ἓν
3265 596 3404 669 γὰρ,
3425 595 3538 661 δύο,
3572 598 3703 664 τρία,

2148 690 2412 762 τέσσαρα,
2446 688 2538 742 τὸν
2585 688 2716 743 δέκα
2769 686 3105 742 συντελοῦσιν
3160 687 3426 760 ἀριθμόνο
3461 687 3612 758 τριάς
3657 689 3706 743 δὲ

2153 782 2547 854 συμπλακεῖσα
2580 781 2804 851 δεκάτῃ,
2849 780 3015 851 μηνὸς
3059 781 3252 852 ἀνεῦρε
3281 779 3489 851 φύσιν*
3525 780 3626 850 μὴν
3657 780 3706 835 ὁὶ

2155 876 2385 947 τροπαῖς
2437 871 2643 926 δώδεκα
2668 911 2682 936 ,
2729 873 2882 943 ἡλίου
2943 872 3189 945 περίοδον
3243 872 3522 944 ἐπλήρου·
3572 872 3706 926 ἐνθεν

2148 964 2409 1020 ἐνιαυτῶν
2435 962 2643 1028 κύκλοι,
2680 963 2884 1037 καιρῶν
2919 981 2980 1017 τε
3013 963 3325 1035 μεταϐολαὶ,
3356 968 3452 1017 τὸν
3483 962 3705 1034 ἄμορφον

2149 1057 2242 1111 καὶ
2280 1056 2514 1109 ἀνείδεον
2548 1054 2741 1119 αίῶνα,
2777 1055 2963 1128 ὥσπερ
2997 1057 3055 1110 ὲν
3096 1055 3341 1128 ποικιλίᾳ
3378 1056 3595 1126 γραφῆς
3621 1074 3725 1115 πιδ-¹

2146 1146 2422 1211 λυανθοῦς,
2455 1146 2747 1219 ὲμόρφουν,
2770 1149 2849 1212 είς
2872 1147 3186 1203 ἀνάπαυλαν
3207 1149 3303 1202 καὶ⁵
3327 1147 3594 1219 θυμηδίαν
3612 1148 3705 1205 τῶν

2149 1240 2207 1293 ὲν
2230 1239 2378 1311 αὐτῷ
2405 1239 2496 1293 τὸν
2520 1241 2618 1310 τῆς
2643 1239 2788 1311 ζωῆς
2808 1240 3195 1296 διιππευόντων
3221 1241 3443 1313 δρόμον.
3494 1241 3578 1306 Ὧς
3611 1242 3704 1313 γὰρ

2146 1333 2239 1386 καὶ
2278 1333 2389 1395 τοῖς
2427 1331 2512 1384 ἐπ’
2538 1331 2712 1385 ἐλπίδι
2743 1332 3010 1404 βραϐείων
3035 1334 3092 1386 ὲν
3120 1333 3289 1402 ἀγῶνι
3330 1333 3464 1397 τοὺς
3498 1332 3705 1406 δρόμους

2145 1422 2493 1488 διεξανύουσι,
2526 1423 2757 1486 σταδίοις
2784 1422 3013 1495 ὥρισται
3035 1423 3103 1478 τὰ
3121 1425 3492 1497 διαστήματα,
3528 1428 3629 1489 τοῖς
3654 1443 3703 1480 τε

2151 1515 2372 1587 μακρὰς
2396 1515 2623 1588 πορείας
2660 1516 3018 1587 ὁδοιποροῦσι,
3045 1515 3307 1588 σταθμοῖς
3336 1534 3453 1570 τισι
3479 1519 3571 1572 καὶ
3593 1535 3700 1573 στα-

2145 1607 2700 1681 δίοιςιπεριγράφεται
2731 1609 2765 1679 ή
2788 1607 3078 1680 λεωφόρος,
3103 1606 3179 1672 ὼς
3199 1609 3264 1663 ἂν
3289 1607 3368 1680 μὴ
3385 1610 3470 1671 είς
3503 1610 3702 1682 ἄπειρόν

2146 1715 2230 1761 τις
2261 1697 2359 1769 τὴν
2386 1698 2704 1765 προσδοκίαν
2732 1700 2985 1753 ἐκτείνων
3007 1700 3283 1771 ἀποκάμοι
3307 1703 3377 1772 τῇ
3427 1701 3700 1775 προθυμίᾳ,

481 1812 745 1851 annorum
776 1795 962 1850 circuli
1006 1804 1062 1850 et
1108 1802 1485 1864 tempestatum
1533 1793 1860 1847 mutationes
1888 1832 1903 1854 ,
1964 1793 2043 1847 in-

2149 1788 2239 1842 τὸν
2267 1789 2428 1843 αὑτὸν
2459 1789 2521 1862 δὴ
2537 1791 2734 1863 τρόπον
2762 1791 2857 1844 καὶ
2883 1792 2975 1845 τὸν
2997 1791 3289 1863 σύμπαντα
3317 1793 3494 1846 σὶὦνα
3534 1796 3701 1864 σοφίας

483 1888 653 1944 forme
675 1899 835 1958 atque
862 1889 1010 1944 omni
1033 1889 1213 1956 specie
1242 1902 1440 1942 carens
1487 1902 1660 1941 arvum
1690 1886 1842 1941 vario
1887 1886 2041 1955 quasi

480 1980 720 2036 colorum
762 1980 964 2033 lumine
1004 1979 1390 2040 distinxerunt.
1425 1977 1492 2032 ad
1523 1978 1762 2048 requiem
1799 1985 1853 2031 et
1898 1977 2045 2031 oble-

479 2073 769 2127 elationem
794 2086 980 2126 eorum
1011 2072 1102 2141 qui
1138 2072 1261 2125 vitae
1299 2071 1533 2140 spatium
1559 2072 1877 2125 decurrunt.
1910 2070 2042 2124 Nam

482 2172 542 2217 ut
579 2164 646 2218 iis
673 2165 763 2234 qui
796 2179 891 2234 spe
920 2164 1264 2234 praamiorum
1300 2162 1539 2233 impulsi,
1587 2163 1640 2218 in
1666 2163 1841 2218 sacris
1869 2174 2045 2219 certa-

482 2255 718 2309 minibus
742 2269 903 2309 cursu
929 2258 1281 2319 contendunt,
1308 2253 1592 2308 intervalla
1618 2255 1810 2309 stadiis
1844 2254 2044 2309 distin-

482 2357 568 2402 cta
601 2348 765 2401 sunt:
817 2354 872 2401 et
902 2346 1352 2417 quemadmodum
1378 2347 1593 2417 longum
1624 2348 1728 2403 iter
1757 2347 2042 2416 ingressis,

480 2436 566 2492 via
592 2436 801 2504 publica
836 2436 1206 2493 mansionibus
1234 2437 1558 2506 quibusdam
1600 2445 1653 2492 et
1683 2439 1874 2493 stadiis
1911 2438 2038 2493 dell-

480 2528 592 2584 nita
622 2537 725 2592 est,
761 2543 826 2583 ne
849 2529 970 2599 quis
994 2539 1264 2599 protracta
1296 2531 1347 2584 in
1396 2530 1722 2585 immensum
1755 2543 2045 2600 exspecta-
2072 2526 2075 2529 “

483 2623 627 2677 tione
659 2622 993 2677 alacritatem
1025 2621 1194 2675 animi
1232 2620 1536 2688 infringat:
1580 2621 1658 2676 sic
1702 2620 1863 2691 plane
1899 2626 2042 2677 sum-

488 2729 609 2768 mus
636 2714 877 2767 omnium
908 2715 1205 2782 imperator
1239 2715 1399 2778 Deus,
1424 2721 1595 2767 totum
1635 2728 1806 2767 arvum
1835 2715 2045 2783 sapien-

483 2806 570 2860 tiae
605 2805 835 2863 vinculis
867 2808 1150 2862 astrictum
1183 2807 1515 2870 moderatur,
1551 2816 1606 2861 et
1639 2806 1809 2861 instar
1843 2805 2045 2876 auriga:

480 2914 806 2973 quocunque
857 2903 1031 2959 visum
1079 2912 1162 2958 est
1199 2902 1370 2959 ducit.
1410 2901 1556 2958 Idem
1593 2902 1683 2958 ille
1736 2903 2046 2957 moderator

482 2992 744 3057 universi,
774 3009 945 3048 aevum
976 3007 1133 3050 antea
1180 3010 1374 3065 expers
1427 2995 1631 3066 ﬁguras,
1665 2996 1908 3051 colorum
1949 3010 2040 3050 ve-

481 3091 697 3137 nustate
726 3093 781 3138 et
829 3086 1144 3140 ammnitate
1171 3085 1362 3140 ﬂorum
1392 3087 1872 3151 circumvestiens;
1903 3086 2041 3141 diem

480 3174 699 3241 quidem
731 3175 964 3230 candore
992 3191 1055 3229 ac
1094 3177 1224 3231 solis
1265 3179 1431 3233 radiis
1463 3178 1794 3234 illustravit:
1826 3190 2042 3234 noctem

483 3277 616 3317 vero
648 3272 768 3317 atro
803 3264 983 3320 colore
1025 3264 1366 3331 sutiundens,
1419 3267 1695 3323 stellarum
1750 3268 2044 3324 luminibus

479 3354 638 3423 quasi
679 3355 999 3424 quihusdam
1027 3358 1208 3413 aureis
1238 3360 1496 3414 ramentis
1550 3362 1876 3428 conspersit.
1903 3359 2041 3428 Quin

481 3438 644 3491 etiam
704 3454 933 3496 accensa
972 3442 1177 3503 luciferi
1244 3445 1397 3507 face,
1466 3457 1519 3502 et
1564 3447 1774 3503 lunaris
1823 3449 2044 3507 luminis

481 3528 747 3584 varietate
770 3569 786 3594 ,
813 3540 869 3585 et
889 3542 1160 3588 astrorum
1187 3535 1624 3605 splendidissimo
1643 3548 1817 3602 coetu,
1846 3537 2042 3594 malum

480 3635 641 3675 omne
671 3631 925 3693 tanquam
963 3626 1159 3695 ingens
1206 3627 1425 3697 peplum
1478 3628 1759 3700 multiplici
1799 3632 2041 3687 colorum

482 3722 764 3768 venustate
824 3719 1127 3771 exornavit.
1176 3719 1365 3774 Aerem
1409 3719 1538 3773 item
1574 3735 1696 3775 cum
1739 3735 1771 3776 e
1823 3723 2039 3778 sublimi

483 3803 534 3857 in
569 3805 896 3873 profundum
925 3811 1274 3875 extendisset,
1301 3810 1527 3880 ejusque
1562 3827 1663 3883 ope
1690 3823 1857 3869 totam
1892 3815 2044 3870 orbis

480 3893 817 3952 latitudinem
873 3914 937 3954 ac
984 3900 1376 3970 longitudinem
1441 3903 1859 3974 rel'rigerasset,
1895 3910 2042 3964 omni

479 3989 657 4042 avium
693 4004 891 4057 genere
913 3992 1157 4047 decorari
1183 3996 1469 4065 praecepit,
1493 3998 1706 4054 cunctis
1737 4014 1831 4070 per
1861 4016 2040 4057 aerem
2080 4056 2087 4063 ,

481 4079 917 4134 commeantibus
948 4092 1057 4136 tam
1106 4084 1411 4142 visibilibus
1441 4105 1602 4158 quam
1654 4090 2046 4160 invisibilihus,

481 4166 582 4221 hoc
612 4168 757 4222 velut
781 4169 1101 4226 immensum
1122 4174 1348 4244 pelagus
1370 4180 1437 4232 ad
1457 4181 1749 4236 natandum
1770 4184 2043 4252 aperiens.

481 4256 704 4313 Terram
733 4260 964 4329 denique
993 4278 1115 4317 cum
1155 4264 1207 4319 in
1245 4268 1419 4322 medio
1454 4268 1628 4325 instar
1655 4273 1831 4327 centri
1874 4274 2040 4330 libra-

479 4348 673 4416 visset,
712 4351 927 4408 Oceano
952 4354 1328 4424 circumdedit,
1359 4361 1593 4416 cteruleo
1628 4364 1796 4420 vestis
1817 4380 1930 4421 sua:
1953 4382 2045 4423 co-

2149 1880 2365 1953 δεσμοῖς
2408 1885 2437 1936 ὁ
2479 1883 2587 1936 τῶν
2625 1884 2762 1938 ὅλων
2795 1885 3058 1949 Βασιλεὺς
3093 1885 3447 1958 περιλαϐὼν,
3483 1887 3598 1956 ἄγει
3625 1888 3701 1943 καὶ

2150 1972 2324 2044 φέρει,
2363 1975 2619 2039 ποικίλως
2641 1974 2894 2047 ήνιοχῶν,
2988 1976 3169 2040 καλῶς
3203 1976 3352 2047 ἔχειν
3380 1976 3530 2051 αὑτῷ
3555 1996 3698 2034 κατα-

2150 2068 2413 2137 φαίνεται.
2457 2071 2514 2124 Ὀ
2538 2071 2594 2125 δὲ
2626 2073 2788 2135 αὐτὸς
2806 2070 3089 2143 χρώμασιν
3139 2072 3367 2144 ὡραίοις
3395 2073 3492 2126 καὶ
3518 2077 3701 2146 νεαροῖς

2148 2160 2334 2213 ἄνθεσι
2388 2160 2478 2214 τὸν
2526 2163 2655 2235 πρὶν
2696 2163 3103 2236 ἀσχημάτιστον
3151 2165 3456 2235 ἀμφιεννὺς
3511 2165 3696 2228 αἰῶνα,

2148 2251 2346 2323 λευκὴν
2380 2252 2481 2324 μὲν
2517 2255 2829 2327 ὲφαίδρυνεν
2858 2257 3071 2329 ἡμέραν
3110 2257 3280 2329 ἡλίῳ,
3323 2257 3496 2310 νύκτα
3528 2257 3568 2311 δ’
3591 2259 3698 2312 ὑπο-

2152 2341 2399 2414 στρώσας
2427 2344 2740 2418 μελαντέρῳ
2764 2347 3037 2419 χρώματι,
3069 2348 3259 2422 ὥσπερ
3283 2347 3411 2402 τινά
3445 2350 3694 2420 χρυσοϋφῆ

2147 2434 2432 2505 ψήγματα,
2459 2436 2694 2491 στίλϐειν
2726 2440 2784 2491 ἐν
2807 2439 2942 2512 αὐτῇ
2971 2439 3071 2503 τὰς
3091 2440 3198 2493 τῶν
3222 2440 3473 2511 ἀστέρων
3507 2439 3696 2511 λαμπη-

2148 2524 2303 2588 δόνας
2341 2525 2595 2597 ἐποίησεο
2634 2529 2919 2601 φωσφόρου
2956 2530 3002 2584 δ’
3027 2529 3232 2600 ἐξάψας
3260 2529 3524 2604 λαμπρὰς
3571 2532 3690 2582 ἀκεῖ-

2151 2633 2266 2680 νας,
2301 2617 2528 2691 σελήνης
2560 2636 2619 2672 τε
2654 2620 2923 2676 ποικιλίαν
2949 2622 3208 2693 φέγγους,
3241 2622 3467 2694 ἄστρων
3492 2640 3548 2676 τε
3586 2640 3696 2676 συν-

2151 2706 2305 2772 όδους
2332 2709 2676 2780 πολυαυγεῖς,
2710 2712 2801 2766 τὸν
2836 2712 3123 2784 σύμπαντα
3141 2714 3394 2786 οὐρανὸν,
3428 2711 3532 2769 οἷον
3548 2715 3692 2788 μέγαν

2152 2799 2376 2867 πέπλον,
2410 2796 2698 2868 ’παντοίοις
2743 2805 2959 2877 γραφῆς
3006 2806 3258 2860 κάλλεσιν
3302 2807 3688 2878 ἐστεφάνωσεν·

2151 2891 2289 2963 ἀέρα
2322 2891 2366 2944 δ’
2396 2891 2639 2957 ἐκτείνας
2662 2896 2742 2958 είς
2782 2895 2943 2965 βάθος
2970 2896 3175 2951 ἄνωθεν
3209 2898 3269 2964 ἐξ
3306 2898 3508 2969 ὕψους,
3540 2900 3689 2970 πλάτη

2150 3001 2210 3036 τε
2244 2984 2336 3037 καὶ
2366 2985 2511 3056 μήκη
2535 2984 2627 3038 τοῦ
2656 2985 2969 3057 σύμπαντος
2994 2989 3199 3060 κόσμου
3224 2993 3292 3061 τῇ
3328 2991 3516 3044 τούτου
3539 2991 3691 3062 ψυχῶ-

2156 3091 2252 3138 σας
2275 3074 2497 3147 δυνάμει
2523 3075 2653 3148 (91),
2686 3081 2906 3148 πτηνοῖς
2928 3079 3130 3133 ἅπασιν
3150 3080 3328 3151 ἀνῆκε
3365 3082 3684 3154 μορφοῦσθαι,

2071 3135 2112 3192 C
2145 3135 2255 3230 τοῖς
2288 3135 2542 3240 δι”ἀέρος
2573 3135 2902 3240 φερομένοις.
2933 3171 3163 3240 ἀφανέσι
3195 3135 3315 3241 (62)
3362 3135 3553 3228 τε·
3578 3135 3688 3248 ὀριιιζ

2150 3258 2351 3328 μένοις,
2386 3258 2528 3330 μέγα
2547 3259 2783 3330 πέλαγος
2817 3260 3137 3327 ὲξαπλώσας
3158 3263 3525 3336 διανήξεσθαι,
3552 3264 3684 3335 γῆνδ⁹

2146 3350 2204 3400 ὲν
2228 3349 2377 3421 μέσῳ
2396 3351 2618 3423 κέντρου
2649 3351 2804 3423 δίκην
2835 3351 3309 3426 σταθμησάμενος,
3337 3354 3555 3427 ὠκεανῷ
3577 3357 3683 3409 ταύ-

2144 3459 2244 3515 την
2265 3442 2573 3515 περιέλαϐε,
2607 3447 2881 3515 σμαραγεῖ
2897 3462 2957 3499 τε
2992 3445 3184 3510 πόντος
3206 3449 3297 3501 ἐπ’
3327 3448 3483 3518 αὐτῇ,
3511 3445 3580 3518 τῷ
3602 3446 3681 3516 τῆς

2148 3534 2435 3607 περιϐολῆς
2459 3533 2639 3605 κυανῷ
2658 3535 2908 3608 χρώματι
2932 3537 3417 3612 καλλωπιζομένην
3434 3539 3680 3612 (95)Ταύ-

2144 3644 2244 3698 την
2265 3627 2308 3679 δ’
2332 3627 2513 3681 ἑστίαν
2544 3628 2637 3683 καὶ
2659 3628 2876 3701 τιθηνὸν
2903 3632 2997 3684 καὶ
3032 3632 3244 3704 μητέρα
3275 3610 3679 3697 ζώωννὰπάντων

2145 3720 2252 3774 τῶν
2272 3721 2331 3773 ἐν
2362 3721 2498 3792 αὐτῇ
2548 3720 2888 3788 καταδείξας,
2922 3723 3174 3796 ὀμϐρίοις
3216 3741 3279 3778 τε
3328 3725 3423 3778 καὶ
3463 3724 3679 3796 πηγαίοις

2145 3813 2378 3884 νάμασιν
2414 3812 2696 3885 ἀρδεύσας,
2735 3814 2979 3887 χλοάζειν
3004 3816 3280 3881 παντοίοις
3302 3821 3397 3872 καὶ
3419 3821 3587 3888 φυτοῖς
3603 3818 3677 3871 καὶ

2144 3905 2366 3977 ὡραίοις
2396 3905 2611 3961 ἄνθεσιν
2647 3911 2725 3974 είς
2755 3908 2988 3983 εὔθυμον
3014 3910 3158 3981 ζωῆς
3185 3911 3483 3965 ἀπόλαυσιν
3505 3911 3676 3982 ἐδωρή-

2147 4010 2275 4048 σατο
2295 4011 2308 4025 ⁸
2356 3992 2509 4059 ζώων
2532 3995 2575 4048 δ’
2603 3998 2661 4050 ὲν
2689 3998 2824 4070 αὐτῇ
2853 3997 2915 4050 τὸ
2954 3996 3278 4070 τιμιώτατον
3301 4003 3395 4057 καὶ
3429 4001 3563 4072 αὐτῷ
3582 3999 3675 4070 Θεῷ

2146 4089 2297 4160 φίλον
2333 4091 2454 4144 κατ’
2488 4092 2677 4147 είκόνα
2712 4092 2809 4166 τὴν
2851 4095 3016 4149 αὑτοῦ
3066 4096 3442 4168 πλασάμενος,
3484 4095 3566 4150 νοῦ
3602 4096 3675 4147 καὶ

2145 4183 2454 4256 ἐπιστήμης
2482 4183 2766 4256 επήϐολον,
2803 4186 2960 4256 λόγου
3000 4205 3059 4241 τε
3102 4189 3196 4243 καὶ
3229 4166 3422 4260 σοφίας
3460 4189 3671 4257 ἔγγονον,

2144 4278 2360 4348 λογικὸν
2391 4279 2694 4349 ἄνθρωπον,
2726 4280 2832 4337 τῶν
2871 4282 3074 4337 λοιπῶν
3120 4283 3220 4338 ὅσα
3244 4284 3385 4338 κατά
3423 4284 3518 4355 γῆν
3545 4282 3671 4353 ἓρπει

2144 4374 2238 4427 καὶ
2261 4373 2502 4444 νέμεται,
2533 4374 2729 4445 ἀρχικῇ
2756 4375 2980 4446 δυνάμει
3011 4380 3253 4449 κρατεῖν,
3283 4377 3453 4448 τούτῳ
3486 4375 3668 4429 ἔδωκεν

477 4439 592 4496 lore
622 4443 1007 4500 exsultantem.
1040 4445 1192 4502 lianc
1228 4462 1358 4503 vero
1410 4462 1766 4521 posteaquam
1822 4457 2041 4511 domici-

2146 4439 2428 4538 ἄνθρωπος
2461 4439 2659 4539 γὰρ.
2680 4439 2846 4539 αθτῷ,
3051 4439 3165 4522 ’τῶν
3192 4439 3287 4523 ἐπὶ
3313 4439 3499 4540 γῆς’τὸ
3518 4466 3668 4535 θεοφι-

546 4691 656 4759 (91)
696 4692 995 4762 Ψυχώσας
1026 4692 1292 4763 δυνάμει.
1334 4693 1501 4751 Totus
1549 4697 1635 4753 hic
1666 4698 1816 4756 locus
1843 4701 1922 4756 sic
1970 4703 2047 4757 le-

476 4764 922 4843 “qntillS‘Vitl‘ellll‘
960 4766 1160 4843 :Attﬁxq
1195 4782 1256 4843 τε
1294 4767 1390 4843 καὶ
1418 4767 1590 4843 πλάτη
1615 4771 1680 4843 τῇ
1714 4770 1902 4824 τούτου
1943 4773 2045 4843 ψυ-

476 4831 656 4911 χώσας
682 4832 927 4911 δυνάμει.
965 4831 1243 4911 Quomodo
1276 4838 1439 4911 etiam
1464 4831 1591 4911 legit'
1632 4831 1914 4911 iiiterpres.
1949 4831 2045 4898 Ᾰι-

460 4919 581 4974 ,quc
606 4906 674 4974 ita
702 4904 964 4974 scriptum
997 4907 1170 4974 reperi
1196 4906 1246 4958 itt
1281 4908 1466 4961 codice
1494 4904 1724 4964 F'uketii.

546 4972 656 5043 (92)
696 4971 922 5048 Τοῖς-δι’
947 4971 1121 5043 ἀέρος
1148 4975 1503 5048 φερομένοις
1535 4978 1808 5048 ἀφανέσι.
1836 4979 2045 5038 Daemo-

476 5059 573 5097 nes
600 5044 773 5120 aerios
795 5044 1007 5120 videtur
1035 5044 1348 5120 intelligere,
1381 5049 1447 5120 de
1478 5044 1672 5120 quibus
1696 5066 1855 5120 supra
1895 5052 2043 5108 locu-

476 5124 563 5167 tus
589 5123 671 5167 est
696 5114 748 5167 in
778 5114 1044 5183 principio
1092 5115 1254 5182 hujus
1297 5114 1582 5172 orationis.
1616 5114 1785 5174 Porro
1813 5132 1918 5176 tam
1946 5125 2043 5178 ho-

474 5199 572 5261 t_t_os
597 5188 869 5261 da’utona-s
896 5199 1055 5261 quam
1084 5187 1252 5239 malos
1291 5200 1576 5261 possumus
1600 5190 1689 5243 hic
1717 5191 2039 5261 intelligere.

473 5253 606 5307 Nam
636 5264 687 5306 ct
720 5253 847 5307 boni
893 5254 1290 5324 spiritus,quos
1321 5256 1562 5333 angelos
1593 5273 1866 5333 vocamus
1945 5278 2043 5333 per

474 5337 654 5377 aerem
683 5332 1006 5386 commeant,
1032 5323 1294 5400 tanquam
1320 5323 1484 5392 legati
1516 5329 1734 5400 quidam
1767 5323 1927 5400 atque
1946 5323 2043 5387 'in-

477 5402 758 5460 tcrpretes,
791 5402 916 5465 vota
950 5402 1128 5465 uestra
1161 5394 1224 5465 ad
1263 5393 1432 5448 Deum
1466 5393 1922 5465 perferentesfet
1953 5418 2038 5456 re-

474 5476 668 5538 spousa
720 5461 874 5538 nobis
901 5477 928 5515 a
961 5462 1068 5516 Deo
1100 5479 1164 5518 ac
1192 5461 1852 5538 beneficiaapportantcs.
1887 5472 2040 5538 Quod

472 5532 687 5609 quidam
722 5533 899 5609 etiam‘
938 5543 1149 5609 veteres
1192 5532 2038 5609 philosophittonignorarunt.

472 5600 542 5653 At
572 5602 833 5678 interpres
863 5601 1147 5678 Eusebium
1174 5600 1519 5678 de_piseihns
1550 5606 1637 5678 hic
1673 5600 1813 5677 loqui
1852 5614 2042 5665 existi-

475 5670 660 5746 mavit.
692 5670 764 5721 Ite
795 5671 1128 5746 daemonibus
1155 5670 1666 5746 aeriisaugustinus
1692 5670 2037 5746 in'epistJ9:

476 5738 687 5803 Quanto
715 5739 1057 5805 perniciosius
1082 5752 1155 5794 est
1188 5738 1489 5811 sacriﬁca-re
1510 5738 1917 5816 da‘moniisﬂtoc
1939 5762 2033 5818 est,

2375 4636 2396 4662 Ι

2145 4706 2339 4778 iniqua:
2363 4704 2590 4775 spiritali
2612 4718 2885 4778 creatum?
2920 4726 3039 4778 quia
3069 4710 3123 4763 in
3158 4712 3257 4763 Itoc
3283 4710 3510 4778 proximo
3544 4715 3668 4759 etca-

2144 4776 2368 4843 liginoso
2389 4776 2865 4849 caeloinhabitam,
2926 4776 3176 4849 tanquam
3211 4776 3448 4833 iniceret:
3492 4788 3667 4849 carcere

2143 4862 2262 4912 suo,
2292 4846 2783 4917 rprtt'destinalaiest
2817 4846 3072 4915 supplicio
3102 4852 3430 4917 sempiterno.
3463 4848 3666 4917 Athana-

2144 4918 2257 4969 sius
2289 4916 2338 4970 in
2377 4916 2511 4969 libro
2562 4916 2639 4969 De
2667 4916 3076 4983 Incarnatione;
3111 4931 3165 4973 et
3200 4915 3327 4974 ante
3353 4933 3526 4973 omnes
3551 4915 3663 4968 Pau-

2143 4985 2564 5056 lusiinjjlpistola
2597 4988 2661 5039 ad
2696 4988 2971 5056 Ephesios.

2200 5052 2473 5129 i9_5)Vulg:
2495 5052 2968 5129 κυανῷχρώματι
2986 5057 3480 5129 mammam.
3504 5052 3661 5129 Scribe

2145 5122 2649 5198 καλλωπιζομένην.
2669 5122 2967 5197 Ἐξίῦεεῐιιιοι·
2991 5140 3189 5184 terram
3213 5122 3422 5183 Oceano
3449 5122 3582 5198 quasi
3606 5122 3663 5172 vi-

2146 5198 2245 5250 ridi
2278 5196 2437 5265 pallio
2460 5192 2714 5250 amictam
2755 5192 2877 5251 e—sse
2902 5200 3056 5251 dicit.
3086 5200 3177 5252 Sic
3215 5199 3375 5251 David
3402 5192 3661 5263 inpsallllo

2143 5282 2233 5320 CIII
2265 5284 2277 5320 :
2314 5266 2544 5334 Abgssus
2578 5268 2710 5319 sicut
2744 5269 3103 5323 vestimentum
3126 5270 3346 5321 amictus
3376 5267 3499 5335 ejus,
3528 5272 3657 5335 terra

2144 5336 2373 5399 scilicet,
2397 5329 2853 5408 quemadmodum
2879 5342 3097 5408 exponit
3130 5329 3475 5408 Theodoritus
3498 5342 3545 5386 et
3561 5329 3657 5383 llic-

2147 5420 2401 5474 ronymus
2442 5408 2493 5458 in
2527 5416 2685 5474 caput
2709 5422 2723 5459 t
2750 5406 2960 5474 Agmei.‘
2982 5409 3149 5461 Porro
3177 5409 3333 5462 verba
3369 5407 3451 5459 illa
3482 5414 3654 5472 σμαρα·

2144 5477 2229 5544 γεῖ
2249 5474 2315 5548 ξδέ
2335 5492 2394 5526 τε
2425 5475 2615 5548 πόντος
2636 5476 2738 5548 ἐπ’,
2760 5477 2898 5548 αὐτῇ
2952 5479 3174 5531 deleuda
3216 5487 3357 5542 sunt,
3378 5483 3546 5548 utpote
3570 5485 3652 5548 su-

2144 5544 2430 5617 perilnaet
2488 5544 3116 5617 ahVltocilot-ofprorsns
3145 5548 3337 5602 aliena.
3373 5546 3458 5617 Est
3504 5547 3649 5617 eum“

2144 5610 2331 5684 versus
2364 5614 2637 5668 Homerici
2672 5610 2909 5671 clausula
2939 5633 3002 5670 ex
3031 5616 3219 5670 Iliadis
3242 5616 3479 5684 secundo.
3505 5610 3553 5684 in
3575 5622 3648 5684 co:

2142 5684 2260 5756 dice
2288 5682 2428 5756 Fnk1
2459 5684 2653 5756 legitur
2703 5690 2978 5756 σμαραγεῖ
3006 5704 3064 5739 τε
3108 5688 3297 5750 πόντος
3328 5683 3406 5756 ἐπ’
3427 5681 3545 5756 αὐτῇ
3586 5681 3649 5743 τῷ

2141 5753 2239 5822 τῆς
2269 5753 2557 5823 περιϐολῆς
2592 5753 2773 5824 κυανῷ
2806 5753 3051 5826 χρώματι
3094 5753 3532 5820 καλλωπιζομένηο
