3926 6264
200 324 341 378 1345

1316 326 1403 381 DE
1441 323 1783 380 LAUDIBUS
1818 324 2293 388 CONSTANTINI.

3262 366 3263 369 η
3300 340 3437 395 1546

196 442 457 495 λέστατον
480 458 493 473 ·
598 442 692 495 καὶ
717 441 784 495 τά
806 440 913 495 τῶν
944 442 1153 512 ἀλόγων
1182 444 1311 514 γένη
1345 442 1633 505 δουλεύειν,
1683 435 1755 494 οἷο

1869 440 1998 497 lium
2021 452 2356 515 matremque
2379 464 2441 503 ac
2467 450 2732 504 nutricem
2788 451 3027 507 omnium
3058 466 3178 522 quae
3209 454 3261 509 in
3319 456 3431 524 ipsa

199 533 402 603 Πατὴρ
425 532 837 603 παραδέδωκεν·
895 532 1198 604 ἅνθρωπος,
1352 533 1446 586 καὶ
1505 532 1771 586 θάλατταν

200 625 421 695 πλωτὴν
447 625 636 695 ἀνῆκε,
667 625 761 678 καὶ
788 624 891 695 γῆν
928 626 1202 688 παντοίοις
1236 627 1421 695 φυτοῖς
1460 624 1768 694 ἐστεφάνω-

197 732 326 769 σεν·
466 717 559 768 καὶ
607 715 861 785 δυνάμεις
899 717 1327 787 ἐπιστημονικὰς
1380 716 1459 779 εἰς
1501 714 1770 768 παντοίων

199 808 543 880 μαθημάτων
568 808 832 880 ὑποδοχὴν
859 808 1197 880 ἐδωρήσατο·
1225 804 1269 876 ᾧ
1291 809 1385 862 καὶ
1410 809 1479 862 τὰ
1506 809 1564 861 ἐν
1588 808 1769 878 βυθοῖς

192 896 457 969 ἐρποντα,
480 898 699 969 πτηνῶν
720 915 779 950 τε
808 898 877 950 τὰ
912 898 1176 969 μετάρσια
1231 900 1333 952 ὑπὸ
1362 902 1515 971 χεῖρα
1544 900 1770 969 πεποίη-

192 1006 320 1044 ται·
362 985 406 1059 ᾧ
449 992 542 1044 καὶ
577 990 675 1055 τὰς
702 991 985 1061 οὐρανίους
1016 990 1309 1061 ἐξεκάλυψε
1354 992 1604 1063 Θεωρίας,
1646 992 1767 1063 δρό-

196 1098 337 1154 μους
358 1100 417 1135 τε
448 1082 620 1153 ἡλίου,
643 1084 736 1137 καὶ
764 1083 992 1153 σελήνης
1011 1083 1236 1155 τροπὰς,
1254 1084 1533 1156 περιόδους
1549 1102 1609 1137 τε
1632 1083 1766 1137 πλα-

193 1175 374 1245 νήτων
406 1175 499 1227 καὶ
521 1175 772 1229 ἀπλανῶν
801 1178 1043 1248 ἀστέρων
1076 1180 1343 1250 ἐκφήνας·
1374 1179 1655 1251 ἄνθρωπος
1674 1221 1688 1245 ,
1721 1172 1765 1247 ᾧ

194 1269 348 1339 μόνῳ
374 1269 482 1322 τῶν
509 1270 601 1322 ἐπὶ⁸
635 1269 757 1340 γῆς,
794 1270 883 1323 τὸν
916 1271 1131 1343 Πατέρα
1162 1271 1448 1342 γινώσκειν
1474 1272 1566 1326 τὸν
1605 1274 1766 1326 ἐπου-

196 1362 402 1432 ράνιον,
428 1362 522 1415 καὶ
542 1362 632 1415 τὸν
661 1363 831 1433 μέγαν
863 1363 957 1415 τοῦ
986 1363 1297 1435 σύμπαντος
1318 1365 1510 1430 αἰῶνος
1545 1365 1765 1435 βασιλέα

191 1454 474 1526 γεραίρειν
504 1454 692 1526 ὕμνοις
735 1454 1031 1521 διετάξατο.
1074 1456 1233 1510 Ἀλλά
1274 1457 1381 1529 γὰρ
1424 1458 1516 1510 ἐπὶ
1557 1458 1764 1522 τούτοις

193 1546 399 1599 ἆπασιν
421 1548 448 1598 ὁ
482 1547 805 1617 κοσμοποιὸς
835 1546 1117 1619 τέτταρσιν
1148 1547 1391 1601 ἐνιαυτοῦ
1421 1553 1644 1620 τροπαῖς
1673 1549 1763 1603 τὸν

190 1638 463 1708 ἄτρεπτον
522 1637 694 1691 αἰῶνα
748 1638 1109 1711 περιεζώννυ,
1155 1644 1463 1712 χειμερίους
1493 1642 1587 1711 μὲν
1617 1641 1762 1713 ῶρας

189 1728 314 1800 ἔαρι
342 1729 703 1800 περιγράψας,
722 1729 880 1802 ἔαρος
901 1732 944 1784 δ’
963 1732 1246 1785 ἐνιαυσίων
1262 1730 1417 1803 ὡρῶν
1446 1732 1618 1804 ἀρχὴν
1650 1732 1759 1803 (94)

1871 544 1997 588 sunt
2028 537 2382 591 animantium
2416 538 2706 603 effecisset,
2739 550 2791 597 et
2834 544 3026 613 partim
3060 546 3383 612 pluvialibus
3412 588 3430 611 ,

1872 626 2067 695 partim
2101 628 2327 682 fontium
2381 632 2535 699 aquis
2581 634 2900 703 irrigasset;
2930 640 3075 689 omni
3127 638 3437 706 plantarum

1871 733 1935 771 ac
1958 717 2147 771 ﬂorum
2178 734 2373 789 genere
2425 722 2602 776 virere
2642 725 2707 777 ad
2752 727 2999 779 humana:
3032 727 3154 780 vita:
3191 729 3434 783 oblecta-

1872 809 2072 863 tionem
2100 810 2283 879 jussit.
2313 810 2556 880 Cumque
2594 814 2646 866 in
2670 828 2731 867 ea
2768 818 3275 884 prmstantissimum
3310 821 3432 873 ani-

1870 900 1993 954 mali
2036 901 2243 971 ipsique
2272 902 2500 956 cbarum
2534 903 2829 971 divinitati,
2865 906 2929 957 ad
2966 905 3251 977 imaginem
3277 924 3429 963 suam

1870 990 2253 1056 formavisset;
2285 992 2561 1047 hominem
2593 995 2826 1060 scilicet,
2880 1007 3056 1051 mente
3107 1014 3168 1051 ac
3203 999 3432 1054 scientia

1868 1079 2169 1148 prmditunt,
2201 1089 2254 1135 ct
2280 1082 2503 1138 rationis
2535 1098 2597 1136 ac
2627 1085 2907 1153 sapientiae
2927 1085 3091 1139 fetum
3117 1104 3130 1153 ;
3162 1089 3437 1157 principa-

1869 1178 1979 1223 tum
1998 1172 2043 1224 ei
2061 1183 2221 1241 atque
2240 1173 2522 1241 imperium
2546 1176 2598 1228 in
2619 1176 2824 1246 reliqua
2843 1195 2960 1248 qua:
2977 1179 3125 1233 humi
3141 1190 3364 1249 serpunt
3382 1190 3436 1236 et

1865 1261 2027 1331 617
2061 1274 2353 1331 pascuntur
2385 1266 2664 1337 animalia,
2710 1271 3001 1325 concessit.
3046 1272 3255 1341 Quippe
3289 1271 3437 1327 Deus

1867 1354 2136 1408 hominem
2186 1370 2295 1426 pra:
2358 1356 2576 1425 reliquis
2623 1370 2781 1413 terrae
2829 1362 3194 1417 animantibus
3252 1379 3439 1419 amore
3508 1352 3513 1363 ’

1866 1444 2179 1511 complexus
2209 1448 2322 1515 est;
2361 1457 2415 1502 et
2468 1456 2723 1517 tanquam
2750 1449 2911 1503 Pater
2957 1467 3117 1507 omne
3151 1453 3436 1509 brutorum

1866 1551 2036 1606 genus
2069 1538 2183 1606 ejus
2211 1539 2473 1608 obsequio
2500 1554 2563 1593 ac
2590 1541 2894 1596 ministerio
2921 1542 3217 1612 deputavit.
3263 1542 3438 1615 Hujus

1865 1629 2038 1696 gratia
2096 1644 2244 1685 mare
2298 1632 2601 1703 navigabile
2644 1632 2858 1699 effecit,
2923 1644 3236 1704 terramque
3286 1638 3435 1691 omni

1867 1717 2170 1785 plantarum
2194 1735 2392 1789 genere
2420 1724 2723 1777 exornavit.
2758 1724 2893 1778 lluic
2932 1724 3207 1792 ingenium
3256 1726 3437 1779 scien-

194 1819 507 1890 ίσορῤόποις
546 1819 912 1884 ταλαντεύσας
948 1819 1132 1890 ζυγοῖς
1152 1840 1167 1852 ·
1199 1823 1431 1876 κᾶπειτα
1462 1822 1618 1894 ἔαρος
1663 1840 1755 1875 πο-

1864 1808 1954 1861 liis
1981 1810 2254 1871 idoneum,
2285 1822 2339 1866 et
2370 1813 2612 1867 omnium
2655 1815 3065 1883 disciplinarum
3109 1832 3277 1887 capax
3322 1818 3433 1872 lar-

188 1908 467 1979 λυκαρπία
499 1910 590 1963 τὸν
622 1910 909 1982 σύμπαντα
944 1913 1288 1983 στεφανώσας
1327 1914 1517 1979 αἰῶνα,
1572 1913 1758 1985 θέρους

187 2001 342 2074 ἀκμῇ
366 2004 550 2056 τοῦτον
569 2005 1090 2077 μεταπαραδέδωκεν
1119 2006 1249 2078 (95)·
1276 2003 1373 2060 εἷθ’
1394 2003 1479 2060 οἷα
1509 2007 1755 2078 καμάτου

184 2093 581 2161 διαναπαύσας,
614 2097 949 2168 ἀνεκτήσατο
993 2098 1345 2170 μετοπωρινῷ
1392 2098 1752 2170 διαστήματι·

188 2185 384 2258 ὑγραῖς
410 2188 453 2241 δ’
476 2188 633 2241 αὐτὸν
666 2188 885 2261 ὄμϐρων
911 2190 1200 2261 χειμερίων
1221 2191 1413 2261 φοραῖς
1433 2182 1619 2262 ὥσπερ
1636 2191 1757 2245 τινὰ

187 2279 466 2353 βασιλικὸν
520 2282 853 2352 ἀποσμήχων
913 2282 1108 2346 ἵππον,
1164 2283 1260 2337 καὶ
1320 2285 1430 2345 τοῖς
1478 2281 1537 2347 ἐξ
1590 2282 1753 2337 αὐτοῦ

186 2374 394 2444 νάμασι
434 2372 684 2445 λαμπρὸν
720 2371 1166 2444 ἀπεργαζόμενος
1190 2413 1205 2437 ,
1249 2374 1361 2438 τοῖς
1397 2374 1446 2426 τ’
1482 2373 1541 2439 ἐξ
1584 2374 1755 2428 ὑετῶν

184 2462 479 2535 αὐτάρκως
517 2462 713 2525 πιάνας
744 2461 1099 2532 ἀρδεύμασιν,
1139 2459 1295 2525 αὖθις
1323 2462 1484 2515 αὐτὸν
1513 2462 1671 2533 ἔαρος
1697 2463 1754 2516 ἐν

186 2553 480 2625 προθύροις
510 2554 686 2624 ἵστησι
713 2550 923 2615 πύλαις.
964 2552 1198 2606 Ἐνθένδε
1223 2549 1315 2607 οὖν
1340 2553 1418 2624 τῷ
1439 2553 1534 2607 τοῦ
1554 2555 1755 2619 παντὸς

184 2645 432 2700 ἐνιαυτοῦ
467 2646 650 2717 κύκλῳ
676 2646 909 2701 τοιαῖσδε
943 2646 1132 2715 σοφίας
1169 2646 1346 2717 ήνίαις
1379 2648 1407 2699 ὁ
1447 2646 1619 2718 μέγας
1662 2646 1756 2717 βα-

186 2736 370 2801 σιλεὺς
423 2730 525 2791 ὦδε
580 2740 1007 2810 περιδησάμενος
1054 2739 1145 2791 τὸν
1194 2737 1359 2791 αὐτοῦ
1411 2738 1601 2803 αἰῶνα,
1650 2738 1754 2792 ὐπὸ

187 2829 397 2899 μείζονι
434 2832 697 2904 φέρεσθαι
730 2832 1005 2897 διετάξατο
1038 2831 1341 2904 κυϐερνήτῃ
1388 2830 1518 2903 (96),
1554 2830 1631 2902 τῷ
1657 2833 1754 2886 αὐ-

178 2919 279 2972 τοῦ
308 2925 584 2991 μονογενεῖ
608 2923 763 2992 Λόγῳ
781 2963 794 2985 ,
827 2922 904 2994 τῷ
931 2923 995 2995 δὴ
1043 2922 1205 2993 κοινῷ
1238 2922 1345 2975 τῶν
1383 2922 1517 2976 ὅλων
1542 2923 1753 2994 Σωτῆρι

184 3010 283 3075 τὰς
307 3012 403 3065 τοῦ
426 3015 623 3077 παντὸς
644 3014 915 3085 παραδοὺς
935 3015 1110 3086 ἡνίας·
1145 3016 1173 3067 ὁ
1193 3015 1236 3067 δ’
1250 3010 1338 3068 οἷα
1366 3014 1515 3086 παρά
1543 3015 1755 3087 Πατρδς

1858 1900 2002 1966 gitus
2038 1911 2143 1955 est.
2198 1901 2337 1958 Huic
2376 1905 2631 1958 animalia
2665 1907 2716 1959 in
2743 1907 3014 1975 profundo
3066 1911 3341 1974 natantia,
3376 1921 3431 1966 et

1856 2006 1951 2060 per
1980 1994 2211 2048 sublime
2244 1995 2488 2051 volantes
2525 2012 2671 2063 aves,
2714 1998 2769 2053 in
2801 2014 2990 2053 manus
3020 2000 3261 2055 tradidit.
3285 2002 3421 2058 lluic

1855 2083 2157 2138 caelestium
2213 2100 2394 2140 rerum
2454 2088 2739 2142 scientiam
2788 2098 2843 2144 et
2905 2094 3420 2163 contemplationem

1855 2178 2088 2245 aperuit,
2116 2178 2255 2233 luna
2287 2193 2495 2243 cursus,
2527 2180 2655 2235 solis
2692 2184 3075 2239 conversiones
3096 2227 3110 2251 ,
3147 2197 3199 2241 et
3228 2201 3416 2241 erran-

1858 2268 1988 2321 tium
2017 2282 2083 2322 ac
2117 2269 2343 2324 fixerunt
2377 2270 2611 2324 siderum
2658 2273 2918 2330 circuitus
2950 2275 3224 2345 patefecit.
3277 2275 3417 2332 Huic

1852 2360 2084 2429 denique
2118 2360 2217 2416 soli
2248 2377 2315 2415 ex
2330 2364 2581 2418 omnibus
2610 2380 2730 2433 qua:
2757 2366 2808 2420 in
2840 2377 2980 2421 terra
3011 2378 3137 2424 sunt
3169 2372 3415 2425 animan-

1856 2453 2015 2516 tibus,
2071 2451 2285 2508 Patrem
2345 2452 2621 2510 coelestem
2663 2471 2989 2526 agnoscere,
3047 2470 3100 2515 et
3146 2477 3418 2516 summum

1856 2543 2023 2598 totius
2042 2544 2141 2597 aevi
2174 2544 2557 2613 imperatorem
2588 2546 2839 2603 laudibus
2863 2550 3164 2615 celebrare,
3193 2552 3247 2606 in
3275 2570 3428 2608 inan-

1852 2636 1994 2689 datis
2020 2636 2186 2690 dedit.
2218 2636 2422 2693 Prazter
2457 2639 2573 2694 haac
2598 2624 3044 2711 omnia'magnus
3089 2645 3177 2699 ille
3228 2649 3413 2703 mtmdi

1852 2726 2054 2796 opifex,
2083 2728 2428 2785 immutabile
2457 2746 2631 2785 aevum
2666 2742 2904 2801 quatuor
2933 2737 3062 2790 anni
3111 2738 3429 2791 mutationi-

1854 2819 1953 2873 bus
1974 2821 2146 2875 cinxit
2179 2838 2193 2874 :
2225 2822 2421 2877 hiemis
2447 2823 2664 2891 quidem
2708 2834 3087 2894 tempestatem
3121 2829 3419 2883 terminans

1853 2926 2019 2978 vere;
2077 2928 2173 2967 ver
2204 2923 2385 2969 autem
2420 2917 2561 2984 quod
2606 2917 2732 2970 anni
2785 2926 3170 2987 tempestatum
3216 2920 3430 2976 initium

1851 3016 1960 3069 est,
1991 3004 2136 3059 velut
2172 3020 2324 3075 aequa
2369 3006 2525 3062 lance
2553 3011 2881 3077 ponderans.
2922 3010 3131 3065 Deinde
3158 3028 3279 3066 eum
3313 3014 3435 3066 uni-

183 3101 394 3172 ἀγαθοῦ
420 3104 509 3157 τὸν
536 3104 735 3176 κλῆρον
759 3104 1198 3177 ὑποδεδεγμένος,
1231 3106 1363 3177 ὁμοῦ
1394 3123 1452 3159 τε
1484 3106 1552 3159 τὰ
1578 3108 1755 3163 πάντα

1862 3111 2075 3152 versum
2118 3113 2291 3153 zevum
2340 3101 2728 3171 multiplicibus
2778 3103 2920 3159 veris
2967 3104 3230 3162 fructibus
3276 3121 3436 3162 exor-

170 3190 285 3243 ·δσα
296 3189 457 3253 κύτος
468 3191 696 3263 οὐρανοῦ
718 3192 847 3245 εἴσω
863 3208 922 3244 τε
946 3194 1040 3247 καὶ
1070 3195 1226 3258 ἐκτὸς
1255 3194 1415 3248 αὑτοῦ
1446 3214 1512 3249 πε
1522 3197 1755 3267 ριλαϐὼν

187 3281 325 3352 (96‘)
349 3281 480 3351 ἔχει,
518 3284 618 3353 μιᾷ
652 3284 1047 3355 συνδησάμενος
1087 3286 1340 3357 ἁρμονία,
1373 3287 1555 3360 εὐθείᾳ
1577 3289 1761 3361 περαί-

184 3391 266 3429 νει
305 3374 418 3446 {97)
440 3392 455 3407 ·
483 3376 578 3428 σύν
609 3376 730 3449 δίκῃ
752 3377 821 3431 τὰ
850 3376 1132 3448 πρόσφορα
1163 3380 1277 3441 τοῖς
1298 3380 1437 3433 κατά
1464 3380 1567 3451 γῆν
1595 3380 1758 3434 αὐτοῦ

183 3464 423 3532 λογικοῖς
456 3465 764 3537 θρέμμασιν
796 3467 1281 3538 ἐπισκοπούμενος,
1317 3470 1488 3541 μέτρα
1527 3489 1587 3525 τε
1613 3472 1758 3543 ζωῆς

181 3558 302 3620 τοῖς
353 3556 444 3609 τὸν
498 3556 688 3628 θνητὸν
739 3557 1010 3612 διανύουσι
1073 3559 1185 3629 βίον
1239 3559 1756 3634 διαθεσμοθετήσας,

184 3648 605 3720 προεμμελετᾷν
634 3652 689 3701 ἐν
722 3650 856 3721 τῷδε
880 3651 947 3705 τὰ
973 3652 1234 3722 προοίμια
1263 3653 1364 3723 τῆς
1392 3654 1531 3725 ὑπὲρ
1550 3656 1641 3709 τὸν
1664 3655 1757 3709 νῦν

184 3740 359 3794 αίῶνα
392 3737 559 3810 ζωῆς,
593 3741 795 3795 ἅπασιν
824 3742 1130 3814 ἀνθρώποις
1148 3745 1584 3817 συγκεχώρηκεν·
1618 3744 1757 3802 εἶναι

181 3833 328 3905 γὰρ,
370 3830 633 3887 εἶναικαὶ
667 3835 806 3904 ὐπέρ
845 3834 937 3887 τὸν
981 3836 1223 3907 παρόντα
1267 3837 1437 3889 αἰῶνα
1483 3838 1632 3893 θείαν
1663 3840 1757 3893 καὶ

188 3926 469 3996 μακαρίαν
499 3924 664 3998 ζωὴν,
696 3927 790 3980 καὶ
815 3929 927 3989 τοῖς
967 3922 1025 3979 εὖ
1054 3927 1498 3998 διηγωνισμένοις
1530 3931 1587 3982 ἐν
1615 3932 1755 3999 ἀγα-

185 4015 295 4068 θῶν
342 4016 522 4070 ἐλπίσι
568 4016 956 4088 τεταμιεῦσθαι
987 4018 1212 4084 ἐδίδαξε·
1261 4021 1353 4072 καὶ
1400 4021 1457 4073 ἐν
1491 4024 1603 4084 τοῖς
1655 4022 1753 4093 μὲν

186 4108 479 4178 σωφρόνως
496 4109 588 4162 καὶ
605 4109 843 4174 εὐσεϐῶς
876 4110 1183 4181 βεϐιωκόσι,
1211 4112 1309 4182 τὴν
1329 4112 1540 4165 ἐνθένδε
1571 4116 1662 4167 ἐπὶ
1685 4114 1753 4169 τά

182 4200 418 4270 κρείττω
457 4200 751 4270 μετάϐασίν
764 4218 823 4254 τε
853 4202 944 4254 καὶ
970 4202 1247 4272 μετοικίαν
1268 4204 1612 4274 γενήσεσθαι,
1642 4207 1754 4269 τοῖς

180 4289 239 4342 δέ
259 4288 640 4360 ἐληλεγμένοις
666 4292 722 4343 ἐν
755 4290 909 4361 τῷδε,
944 4291 1118 4363 χῶρον
1150 4293 1439 4363 ἀπονεῖμαι
1458 4292 1549 4347 τὸν
1580 4310 1751 4365 προσ-

181 4384 403 4452 ήκοντα.
450 4378 563 4435 Εἶθ’
593 4384 667 4446 ὼς
704 4384 761 4435 ἐν
793 4382 1001 4450 ἀγῶνος
1040 4382 1239 4449 ἄθλοις,
1290 4386 1573 4449 παντοίους
1636 4388 1750 4449 τοῖς

1866 3202 2067 3258 nasset,
2104 3194 2307 3248 aestatis
2353 3195 2539 3249 ardori
2591 3195 2720 3249 illud
2777 3198 3015 3253 tradidit.
3067 3198 3255 3254 Postea
3304 3216 3435 3255 vero

1864 3284 2010 3338 velut
2065 3285 2264 3341 laboris
2312 3288 2669 3343 cessationem
2725 3303 2788 3343 ac
2838 3292 3079 3359 requiem
3107 3294 3433 3360 concedens,

1865 3377 2165 3430 autumnali
2201 3378 2486 3434 intervallo
2533 3380 2709 3448 ipsum
2748 3382 3086 3438 refocillavit.
3150 3384 3433 3439 Postremo

1866 3468 2016 3522 velut
2048 3470 2259 3538 regium
2282 3486 2505 3539 equum,
2536 3472 2773 3528 humidis
2806 3475 3155 3531 hibernorum
3180 3475 3431 3531 imbrium

1862 3558 2103 3630 lapsibus
2144 3562 2317 3629 ipsum
2351 3564 2704 3632 abstergens,
2760 3575 2815 3620 et
2857 3582 2923 3621 ex
2983 3569 3094 3623 alto
3130 3555 3434 3624 liuentibus

1863 3650 2020 3719 aquis
2051 3652 2275 3719 politum
2328 3654 2502 3722 ipsum
2558 3670 2621 3708 ac
2668 3655 3008 3724 splendidum
3066 3660 3316 3723 reddens,
3378 3670 3434 3713 et

1863 3744 2098 3797 assiduis
2162 3743 2465 3812 pluviarum
2518 3745 2926 3810 irrigationibns
2981 3750 3429 3817 pinguefaciens,

1862 3848 2050 3888 rursus
2080 3834 2253 3902 ipsum
2283 3835 2334 3887 in
2370 3836 2514 3889 veris
2546 3837 2833 3892 constituit
2856 3840 3140 3893 vestibulo.
3171 3843 3250 3896 Ad
3287 3842 3430 3897 hunc

1859 3922 2076 3976 modum
2130 3937 2371 3977 summus
2422 3924 2663 3978 omnium
2718 3925 3033 3993 imperator,
3076 3941 3197 3981 cum
3256 3944 3430 3982 aevum

1858 4032 2015 4072 suum
2053 4018 2217 4073 totius
2246 4018 2372 4071 anni
2412 4017 2617 4073 circulo
2653 4018 2957 4086 bujusmodi
2987 4020 3180 4075 divinae
3210 4022 3430 4091 sapien-

1859 4110 1947 4162 tiae
1972 4110 2199 4164 habenis
2229 4109 2594 4172 astrinxisset,
2623 4111 3068 4179 praastantissimo
3102 4112 3427 4166 moderatori

1860 4199 1990 4253 illud
2025 4199 2317 4268 regendum
2373 4198 2637 4261 tradidit,
2688 4199 2969 4267 unigenito
2996 4200 3203 4255 scilicet
3233 4202 3427 4268 Verbo,

1857 4293 1940 4344 cui
1980 4300 2163 4359 utpote
2201 4290 2472 4344 communi
2522 4291 2762 4344 omnium
2808 4306 2990 4345 rerum
3018 4294 3426 4357 conservatori,

1859 4381 2017 4449 lmjus
2047 4382 2283 4436 universi
2319 4382 2561 4435 habenas
2592 4381 2887 4436 conunisit.
2940 4380 3031 4437 Ille
3073 4399 3203 4438 vero
3226 4424 3242 4449 ,
3285 4384 3429 4439 velut

181 4476 523 4547 νενικηκόσιν
557 4476 931 4547 ἀναγορεύσας
954 4477 1268 4545 στεφάνους,
1295 4476 1487 4540 ἄλλους
1520 4477 1603 4547 ἐφ’
1635 4478 1750 4530 ἐτέ-

1862 4472 2203 4527 ltmreditaria
2231 4481 2380 4526 sorte
2419 4473 2486 4526 ab
2517 4475 2723 4542 optimo
2749 4473 2911 4527 Patre
2942 4483 3165 4543 accepta
3185 4515 3198 4535 ,
3228 4485 3424 4528 cuncta

184 4584 301 4638 ροις
323 4568 431 4637 (98)
458 4568 667 4640 ἀρετῶν
689 4568 959 4640 βραϐείοις
984 4573 1256 4637 στεφανοῖ,
1273 4570 1483 4640 βασιλεῖ
1503 4570 1549 4623 δ’
1564 4569 1753 4642 ἀγαθῷ

182 4658 462 4729 θεοσεϐείᾳ
516 4660 954 4731 κοσμησαμένῳ,
1021 4661 1243 4731 μείζονα
1314 4664 1750 4733 προητοιμάσθαι

185 4752 446 4823 κηρύττει
474 4752 580 4806 τῶν
624 4752 871 4806 ἐπάθλων
898 4754 967 4807 τά
987 4754 1145 4825 γέρα,
1172 4747 1246 4807 ὧν
1286 4757 1401 4819 τοῖς
1442 4756 1751 4827 προοιμίοις

183 4841 435 4898 ἐντεῦθεν
470 4844 567 4916 ήδη
607 4843 999 4916 πανηγυρίζειν
1031 4844 1272 4909 δίδωσιν,
1322 4847 1481 4918 ἑορτῇ
1529 4847 1748 4903 τελείων

255 4980 365 5057 (94)
430 4982 644 5057 ’βαρος
671 4982 723 5035 δ’
743 4984 1065 5038 ἐνιαυσίων
1089 4985 1255 5054 ὡρῶν
1300 4988 1513 5057 ἀρχήν.
1560 4989 1740 5049 Malim

179 5051 544 5123 scribereéep
576 5052 655 5123 δέ,
679 5063 783 5107 etc.

253 5121 364 5191 (95)
396 5121 547 5192 Vulg.
569 5122 783 5176 τοῦτόν
800 5139 1108 5193 μεπαταρα
1121 5125 1395 5181 δέδωκεν.
1412 5129 1637 5183 Videtur
1657 5133 1746 5187 hic

181 5194 388 5273 aliqpid
422 5193 769 5273 deessequpd
797 5195 868 5246 ita
910 5197 1161 5273 sup-plere
1217 5213 1525 5273 possumus,
1556 5199 1744 5273 θέρους

179 5265 331 5334 ἀκμῇ
362 5261 520 5335 τοῦτο
540 5263 783 5335 ἀμᾶσθαι
816 5261 1229 5335 παραδέδωκενί
1251 5268 1448 5322 Verum
1484 5285 1540 5321 re
1571 5261 1747 5325 at'ten;

179 5333 287 5409 tius
315 5333 618 5409 exn-mitrata
635 5334 787 5409 _nihil
822 5333 907 5387 hic
939 5338 1128 5409 deesse
1159 5347 1377 5391 cense‘o.
1398 5338 1540 5406 Lego
1565 5340 1749 5409 itaque

178 5403 372 5477 θέρους
397 5402 545 5477 ἀκμῇ
571 5404 754 5477 τοῦτον
787 5405 1195 5477 παραδέδωκεν,
1226 5409 1413 5477 supple
1437 5402 1527 5461 τδν
1549 5402 1743 5464 αἰῶνα.

178 5473 463 5553 [ﬁt-caluer-
482 5475 605 5541 legit
624 5473 978 5553 interpres..l_n
997 5478 1181 5530 codice
1197 5473 1544 5549 tt‘ukilegitur
1558 5479 1747 5553 θέρους

175 5544 329 5611 ἀκμῇ
368 5540 553 5614 τοῦτον
582 5540 1113 5614 μεταπαραδέδωκεν.

250 5615 360 5687 (θϐ)
376 5614 388 5629 ”
404 5613 523 5687 Υίτό
532 5612 747 5679 μείζονι
761 5612 1059 5682 φέρεσθαι.
1072 5656 1108 5668 ..
1127 5618 1476 5687 κυϐερνήτῃ.
1495 5618 1746 5686 Maiorem

178 5683 413 5757 appellat
438 5681 775 5757 Filium,nou
801 5681 1019 5757 quidem
1050 5687 1164 5754 ipso
1194 5681 1376 5757 Patre,
1396 5681 1489 5742 scd
1523 5681 1740 5757 reliquis

176 5754 429 5807 onmibus
460 5754 715 5823 majorem
762 5755 1085 5824 intelligens.
1123 5758 1198 5811 Ac
1230 5756 1458 5813 fortasse
1498 5754 1739 5829 suspice-

1860 4579 1980 4633 quae
2015 4575 2119 4617 tam
2145 4564 2404 4618 interiore
2427 4577 2591 4632 quam
2616 4566 2890 4618 exteriore
2908 4564 3032 4618 caali
3061 4565 3264 4618 ambitu
3292 4581 3428 4619 con-

1856 4659 2114 4723 tinentur,
2163 4656 2422 4711 concordi
2474 4657 2617 4710 inter
2653 4670 2712 4709 se
2761 4670 3029 4710 consensu
3089 4657 3424 4720 devinciens,

1853 4761 1997 4805 recta
2036 4748 2416 4819 progreditur;
2451 4748 2807 4802 rationalibus
2830 4747 2946 4800 suis
2983 4746 3215 4800 alumnis
3247 4748 3336 4814 qui
3372 4746 3425 4799 in

1851 4845 2013 4899 terris
2073 4844 2298 4914 degunt,
2343 4854 2680 4911 quacunque
2732 4841 2803 4894 ad
2847 4841 3086 4909 ipsorum
3140 4840 3424 4894 utilitatem

1849 5002 1938 5048 tur
1966 4988 2232 5054 quispiam
2264 4987 2330 5040 ab
2353 4984 2583 5041 Eusebio
2611 4986 2872 5051 scriptum
2896 5000 3016 5039 esse
3040 4984 3147 5037 ὑπὸ
3175 4984 3369 5052 μείονι.
3485 5012 3499 5030 ο

1942 5062 2053 5128 96⁶)
2078 5056 2432 5128 Περιλαϐών.
2467 5056 2629 5128 Forte
2657 5057 2960 5128 legendum
3011 5054 3327 5128 περιλαϐόν,
3371 5063 3426 5106 ut

1915 5062 2053 5184 γθδο)
2078 5062 2432 5127 Περιλαόών.
2467 5062 2629 5109 Forte
2682 5062 2960 5124 legendum
3011 5062 3327 5138 περιλαϐόν..
3371 5063 3424 5106 ιιι

1849 5148 1910 5187 re
1934 5140 2116 5185 eratnr
2143 5130 2207 5181 ad
2242 5127 2301 5179 τὸ
2326 5127 2506 5190 κύτος
2524 5141 2537 5155 ·
2567 5125 2667 5180 nisi
2694 5126 2815 5195 quis
2839 5127 2989 5179 malit
3025 5141 3241 5179 sumere
3264 5140 3424 5187 κυτος

1849 5213 2080 5272 οὐρανου
2107 5213 2204 5266 pro
2229 5213 2475 5268 ουρανος.
3160 5267 3170 5278 .

1923 5270 2055 5347 (ξξῖ).
2096 5268 2308 5347 Εὐθλεζᾳ
2354 5268 2638 5334 περαίνει.
2686 5268 2915 5347 _Rectius
2966 5266 3019 5347 iq
3053 5267 3241 5321 codice
3286 5265 3423 5347 ῐοῄυκ.

1851 5336 2109 5393 scribitur
2137 5337 2319 5400 εὐθέα,
2346 5351 2400 5391 et
2431 5350 2555 5407 post
2588 5339 2808 5391 verbum
2855 5336 3105 5408 περαίνει
3137 5340 3425 5406 apponitur

1851 5410 2027 5463 Inedia
2059 5408 2351 5461 distinctio.

1922 5478 2033 5548 (98)
2064 5475 2223 5546 Vulg.
2276 5477 2485 5541 ἄλλοις
2508 5477 2860 5545 ἐφ’ἐτέροις.
2894 5478 3009 5531 Non
3050 5476 3239 5548 dubito
3291 5478 3421 5548 quin

1854 5545 2120 5601 Eusebius
2148 5545 2426 5615 scripserit
2458 5548 2650 5609 ἄλλους
2682 5549 2778 5618 μὲν
2807 5550 3012 5619 ἑτέροις
3052 5545 3264 5619 ἀρετῶν
3289 5546 3421 5619 βρα-

1852 5619 2018 5679 ϐείοις
2044 5620 2316 5685 στεφανοῖ,
2344 5634 2504 5686 quam
2552 5620 2872 5681 scripturam
2902 5618 3209 5687 sequenlia
3247 5618 3420 5669 niani-

1848 5690 1984 5741 feste
2013 5691 2355 5743 confirmant.
2382 5687 2437 5743 In
2462 5689 2647 5743 codice
2671 5687 2804 5742 Fuk.
2830 5690 3090 5759 scriptum
3114 5698 3193 5741 est
3228 5687 3422 5753 ἄλλους

1848 5759 1932 5829 ἐφ’
1967 5759 2191 5831 ἑτέροις.
