3926 6264
503 291 649 348 1547

501 407 793 477 pertinent,
836 417 1043 458 summa
1079 417 1200 457 cum
1232 403 1488 472 aequitate
1533 404 1894 471 pr05piciens.
1936 406 2068 460 Cer-
2097 410 2142 466 Α

501 508 667 569 toque
699 496 912 550 vivendi
939 496 1120 564 spatio
1152 497 1472 550 mortalibus
1496 497 1818 565 praestituto,
1850 497 2071 551 univer-

500 592 575 645 sis
601 590 909 644 bominibus
944 587 1238 650 concessit,
1273 597 1332 642 ut
1358 588 1410 642 in
1443 588 1546 643 hac
1580 589 1688 642 vita
1726 589 2068 658 prmstantio-

497 683 576 736 ris
606 681 884 748 cujusdam
910 689 966 734 et
985 690 1204 734 aeterna:
1230 682 1352 733 vitae
1378 679 1644 750 proludiis
1662 687 2066 736 exercerentur.

497 775 630 828 Nam
689 781 810 840 post
843 772 1004 842 hujus
1053 774 1152 828 aevi
1205 772 1534 826 curriculum
1590 771 1752 824 aliam
1807 781 2069 840 prieterea

491 865 661 938 618
688 865 926 918 divinam
967 882 1031 919 ac
1062 867 1275 920 beatam
1321 865 1488 918 vitam
1526 879 1812 933 superesse
1849 865 2065 930 docuit;

494 961 563 1014 iis
599 961 689 1027 qui
735 958 897 1027 hujus
941 960 1068 1013 vita:
1115 968 1395 1012 certamen
1447 971 1570 1010 cum
1615 969 1709 1024 spe
1767 954 2067 1009 cmlestium

493 1052 764 1106 bonorum
797 1052 1090 1115 obiissent,
1118 1050 1452 1105 reconditam
1483 1064 1547 1101 ac
1586 1057 1963 1117 prmparatam.
2006 1046 2071 1100 Et

493 1159 589 1196 eos
617 1143 834 1211 quidem
869 1144 962 1211 qui
997 1145 1240 1197 modeste
1266 1157 1327 1197 ac
1369 1142 1456 1210 pie
1483 1143 1650 1194 vitam
1684 1141 2066 1208 transegerint,

492 1218 619 1290 bino
656 1236 721 1288 ad
754 1235 978 1290 meliora
1015 1235 1388 1302 migraturos:
1421 1234 1526 1288 illis
1575 1249 1706 1288 vero
1744 1235 1835 1303 qui
1881 1235 1932 1288 in
1969 1234 2067 1289 hac

491 1327 601 1378 vita
626 1326 891 1380 scelerum
921 1326 1157 1379 convicti
1191 1325 1412 1388 fuerint,
1436 1340 1704 1395 congruas
1734 1327 1890 1380 sedes
1912 1340 2068 1392 para-

493 1427 576 1469 tas
597 1431 721 1470 esse
753 1417 1094 1484 praemonuit.
1137 1415 1383 1469 Postbzec
1417 1415 1560 1470 sicut
1593 1417 1644 1470 in
1675 1415 2068 1470 distribuendis

494 1508 857 1560 certaminum
913 1507 1154 1576 praaniiis
1197 1506 1314 1560 fieri
1359 1505 1540 1571 solet,
1582 1509 1757 1560 varias
1805 1506 2067 1574 cujusque

495 1600 706 1670 generis
738 1615 971 1653 coronas
1005 1598 1310 1653 victoribus
1342 1598 1487 1652 clara
1517 1613 1651 1652 voce
1680 1597 2061 1667 pronuntians;

493 1689 631 1745 alios
672 1691 886 1756 quidem
923 1688 1042 1742 aliis
1077 1690 1336 1742 virtutum
1367 1689 1606 1769 praami‘is
1633 1699 1880 1743 coronat.
1915 1685 2062 1741 Bono

490 1791 670 1834 autem
705 1783 1039 1850 imperatori,
1063 1783 1152 1850 qui
1178 1781 1397 1848 pietatis
1423 1762 1758 1835 ornamentis
1781 1779 2062 1832 decoratus
2093 1762 2134 1816 Β

491 1871 586 1935 sit,
615 1872 774 1941 Iunge
817 1873 1020 1942 majora
1074 1873 1436 1928 certaminum
1488 1872 1708 1942 praemia
1759 1880 2058 1940 prmparata

489 1976 612 2016 esse
664 1962 969 2018 denuntiat.
1015 1964 1256 2029 Quorum
1293 1963 1444 2033 quasi
1502 1962 1761 2030 prommia
1818 1961 2062 2030 quaedam

492 2055 580 2108 bic
631 2056 898 2110 celebrari
946 2057 1249 2126 permittit;
1320 2053 1679 2109 festivitatem
1731 2055 1941 2110 scilicet
1994 2069 2062 2108 ex

489 2144 742 2212 perfectis
791 2149 1029 2200 numeris
1068 2147 1445 2216 compositam,
1488 2145 1744 2200 ternariis
1782 2156 1838 2199 et
1887 2147 2061 2198 unita-

489 2238 636 2292 tiltus
669 2239 974 2308 triplicatis.
1011 2240 1088 2292 Ac
1120 2239 1328 2308 primus
1367 2238 1583 2307 quidem
1611 2237 1902 2302 ternarius,
1935 2237 2059 2291 uui-

493 2332 624 2386 tatis
659 2344 848 2401 partus
893 2341 1016 2399 est;
1071 2332 1252 2388 unitas
1287 2347 1418 2386 vero
1466 2345 1813 2385 numerorum
1866 2340 2056 2391 mater,

491 2424 708 2478 cunctis
749 2425 1028 2478 mensibus
1071 2439 1134 2477 ac
1163 2423 1597 2492 tempestatibus,
1648 2422 1806 2476 annis
1847 2437 2061 2492 quoque

489 2526 544 2569 et
570 2517 824 2570 omnibus
857 2525 1158 2585 temporum
1186 2515 1401 2569 circulis
1420 2515 1691 2585 praesidet.
1720 2513 1850 2580 Quae
1891 2514 2063 2568 multi-

486 2609 692 2662 tudinis
744 2609 921 2664 omnis
985 2609 1356 2678 principium,
1424 2608 1838 2665 fundamentum
1891 2619 2058 2679 atque

481 2699 811 2754 elementum
864 2702 1058 2756 merito
1105 2701 1205 2756 dici
1259 2711 1434 2772 potest
1488 2702 1657 2773 μονάς
1701 2717 1733 2755 a
1795 2702 2054 2755 manendo

481 2792 774 2860 appellata.
831 2793 1038 2864 Quippe
1081 2811 1202 2849 cum
1234 2797 1414 2850 omnis
1460 2795 1746 2850 multitudo
1779 2794 2059 2848 minuatur

479 2890 648 2949 atque
695 2892 949 2950 augescat
994 2900 1091 2952 pro
1134 2900 1488 2938 numerorum
1538 2885 1917 2939 imminutione
1965 2891 2058 2937 aut

482 2972 814 3041 adjectione,
868 2975 981 3030 sola
1031 2977 1216 3031 unitas
1263 2979 1618 3033 stabilitatem
1651 2991 1714 3030 ac
1743 2976 2056 3030 firmitatem

481 3066 674 3119 sortita
706 3077 787 3120 est
815 3107 830 3131 ,
889 3066 958 3120 ab
983 3069 1128 3122 omni
1161 3069 1504 3124 multitudine
1542 3078 1596 3123 et
1639 3069 1938 3138 procreatis
1989 3082 2055 3122 ex

481 3173 546 3212 se
576 3159 817 3213 numeris
845 3171 1154 3231 segregata.
1188 3162 1422 3230 Ideoque
1449 3161 1794 3217 indivisibilis
1829 3161 1972 3216 illius
2002 3169 2057 3215 et

481 3249 552 3303 ab
605 3251 725 3304 aliis
782 3253 1034 3307 omnibus
1092 3253 1344 3308 discretae
1393 3255 1709 3309 substantiae
1753 3253 2057 3323 imaginem

481 3341 726 3410 praefert,
755 3342 911 3410 cujus
968 3344 1021 3397 vi
1076 3359 1140 3399 ac
1179 3345 1627 3416 participatione,
1679 3346 2056 3401 universarum

481 3445 662 3486 rerum
693 3446 886 3488 natura
911 3434 1186 3491 subsistit.
1224 3435 1416 3492 Unitas
1448 3440 1591 3492 enim
1632 3439 1810 3493 omnis
1843 3437 2056 3492 numeri

479 3524 662 3592 Opifex
703 3533 822 3578 est:
870 3528 1309 3596 quandoquidem
1373 3529 1773 3600 compositione
1823 3539 1878 3584 et
1900 3527 2058 3598 [adje-

482 3615 667 3669 ctione
703 3617 996 3684 unitatum,
1030 3619 1210 3673 omnis
1241 3631 1454 3676 constat
1481 3622 1788 3677 multitudo.
1818 3623 1884 3676 Et
1939 3623 2058 3677 sine

482 3707 692 3763 unitate
724 3709 940 3778 quidem
965 3750 981 3775 ,
1010 3727 1362 3766 numerorum
1385 3714 1690 3768 substantia
1721 3714 2053 3784 cogitatione

480 3804 864 3871 comprehendi
905 3819 1012 3858 non
1045 3814 1238 3873 potest.
1292 3805 1411 3876 lpsa
1456 3820 1586 3859 vero
1625 3815 1774 3861 extra
1805 3807 2053 3861 multitno

483 3895 666 3949 dinem
695 3897 966 3963 subsistit,
1023 3897 1342 3967 longissime
1393 3908 1642 3967 secreta,
1703 3909 1758 3955 et
1805 3901 2056 3956 omnibus

483 3987 724 4041 numeris
745 3989 1116 4057 praestantior,
1147 3999 1342 4044 cuncta
1375 3988 1579 4045 faciens
1604 4002 1659 4045 et
1691 3993 2053 4057 constituens,

481 4079 596 4147 ipsa
636 4096 764 4134 vero
809 4098 839 4134 a
877 4082 1024 4137 nullo
1081 4084 1477 4138 incrementum
1534 4085 1827 4154 accipiens.
1883 4084 2055 4154 Hujus

480 4182 661 4226 autem
690 4172 864 4226 aliinis
893 4185 977 4229 est
1004 4176 1298 4241 ternarins,
1343 4177 1435 4245 qui
1467 4191 1567 4231 nec
1600 4178 1717 4246 ipse
1745 4177 1919 4232 scindi
1956 4178 2056 4231 tice

418 4273 424 4280 '
481 4263 646 4317 dividi
692 4274 907 4334 p0test,
938 4265 1255 4336 primusque
1298 4278 1384 4322 est
1438 4283 1784 4323 numerorum
1845 4271 1935 4337 qui
1987 4284 2052 4324 ex

478 4357 703 4424 paribus
739 4367 794 4411 et
822 4358 1122 4427 imparibus
1151 4361 1434 4429 compositi
1469 4368 1615 4414 sunt.
1641 4359 1773 4414 Nam
1810 4361 2054 4415 binarius

1250 285 1514 340 EL‘SEBII
1552 283 2024 341 CAESARIEKSIS
2060 283 2210 340 OPP.
2255 285 2428 342 PARS
2461 287 2502 341 l.
2541 315 2611 327 —
2649 285 3037 342 HISTOIilCA.

3605 293 3626 345 Ι
3637 293 3748 346 5οί8

2168 403 2228 468 ἐξ
2255 402 2499 475 ἀριθμῶν
2534 403 2884 475 συγκειμένῃ,
2908 401 3140 474 τριάδων
3168 402 3408 474 μονάδων
3431 419 3489 456 τε
3513 407 3757 473 τριπλαν⁶

2169 495 2357 549 σιὸνων
2388 495 2530 565 (99)'
2555 490 2629 549 ὧν
2669 498 2702 567 ή
2738 496 2836 565 μὲν
2859 495 3046 568 πρώτη
3077 497 3254 566 τριὰς,
3293 495 3518 566 μονάδος
3554 495 3620 548 ἂν
3656 495 3757 563 γέ-

2167 605 2308 640 νοιτο
2352 587 2588 656 ἔγγονος,
2628 587 2794 658 μονὰς
2840 588 2895 641 δὲ
2931 589 3114 658 μήτηρ
3166 586 3432 659 ἀριθμῶν,
3479 587 3670 658 μηνῶν
3702 585 3752 638 θ’

2167 680 2420 733 ἁπάντων
2467 681 2561 733 καὶ
2597 681 2754 752 ὡρῶν
2790 681 2882 734 καὶ
2927 679 3191 733 ἐνιαυτῶν
3219 680 3400 750 πάσης
3427 697 3488 731 τε
3533 679 3754 750 χρόνων

2169 773 2416 842 περιόδου
2483 773 2856 845 πρεσϐεύουσα
2906 773 3036 844 ήδη,
3100 774 3194 825 καὶ
3243 771 3444 834 παντὸς
3501 769 3751 841 πλήθους

2167 864 2330 936 ἀρχὴ,
2365 865 2632 938 καταϐολή
2671 883 2731 918 τε
2765 865 2856 918 καὶ
2879 867 3156 934 στοιχεῖον,
3199 864 3418 927 εἰκότως
3447 863 3512 916 ἂν
3549 861 3752 932 ῥηθείη

2170 957 2356 1028 μονάς,
2394 958 2542 1030 παρὰ
2567 958 2626 1010 τὸ
2655 957 2833 1028 μένειν
2866 957 3248 1028 ὠνομασμένη
3271 957 3353 1010 ὅτι
3380 956 3446 1025 δὴ
3483 953 3755 1025 μειουμέο

2167 1067 2257 1104 νου
2295 1051 2389 1103 καὶ
2427 1050 2724 1120 αὐξομένου
2769 1049 2966 1112 παντὸς
3008 1049 3273 1119 πλήθους,
3314 1047 3457 1101 κατά
3496 1047 3598 1116 τὴν
3631 1044 3754 1097 τῶν

2167 1139 2416 1211 ἀριθμῶν
2445 1139 2727 1212 ὑφαίρεσιν
2770 1158 2828 1194 τε
2877 1141 2972 1193 καὶ
3016 1139 3349 1210 προσθήκην,
3389 1137 3526 1208 μόνη
3573 1135 3755 1206 μονὰς

2169 1235 2356 1288 στάσιν
2383 1236 2476 1289 καὶ
2503 1234 2669 1306 μονὴν
2692 1235 2902 1307 εἴληφε,
2936 1233 3300 1306 μεμονωμένη
3335 1231 3572 1302 πληθύος
3601 1231 3756 1283 ἀπά-

2169 1345 2287 1398 σης,
2331 1328 2423 1380 καὶ
2477 1327 2586 1380 τῶν
2614 1327 2672 1394 ἐξ
2698 1326 2868 1397 αὐτῆς
2913 1325 3262 1396 γεννωμένων
3309 1323 3583 1395 ἀριθμῶν,
3645 1319 3754 1389 φέυ

2170 1420 2338 1490 ρουσά
2395 1436 2455 1472 τε
2509 1418 2692 1473 εἰκόνα
2739 1420 2840 1490 τῆς
2891 1418 3188 1489 ἀμερίστου
3251 1416 3341 1469 καὶ
3386 1411 3754 1484 διακεκριμέ-

2165 1527 2262 1582 νης
2314 1511 2422 1564 τῶν
2465 1510 2638 1565 ἄλλων
2678 1510 2882 1574 οὐσίας,
2939 1505 3007 1581 ἧς
3057 1508 3281 1577 δυνάμει
3319 1507 3413 1560 καὶ
3461 1506 3672 1575 μετοχῇ
3717 1503 3753 1574 ἠ

2166 1602 2272 1655 τῶν
2305 1602 2472 1655 ὄντων
2521 1602 2772 1656 ἁπάντων
2825 1601 3120 1670 συνέστηκε
3166 1600 3344 1669 φύσις.
3394 1598 3582 1660 Μονὰς
3632 1597 3753 1667 γὰρ

2166 1694 2363 1757 παντὸς
2391 1695 2717 1766 δημιουργὸς
2749 1693 3003 1765 ἀριθμοῦ,
3047 1691 3275 1762 ἐπείπερ
3303 1690 3446 1744 κατὰ
3485 1690 3750 1743 σύνθεσιν

2164 1789 2257 1841 καὶ
2300 1788 2614 1858 προσθήκην
2651 1787 2891 1856 μονάδων
2914 1826 2928 1850 ,
2982 1787 3087 1838 πᾶν
3121 1785 3322 1856 πλῆθος
3371 1784 3749 1854 κρατύνεται·

2165 1880 2272 1933 οὐδ’
2308 1881 2452 1933 ἔστιν
2482 1879 2655 1943 άλλως
2683 1879 2804 1950 δίχα
2837 1879 3083 1950 μονάδος,
3124 1878 3307 1931 οὐσίαν
3338 1877 3590 1949 ἀριθμῶν
3622 1880 3755 1930 ἑπι-

2165 1970 2384 2040 νοῆσαι”
2423 1969 2560 2040 αὓτη
2591 1970 2636 2022 δ’
2667 1970 2822 2033 ἐκτὸς
2859 1969 2924 2022 ἂν
2955 1969 3041 2038 εἴη
3091 1967 3345 2039 πλήθους,
3397 1966 3755 2038 πορρωτάτω

2163 2079 2220 2114 τε
2243 2061 2336 2116 καὶ
2356 2061 2616 2133 κρείττων
2648 2060 2880 2132 ἀριθμοῦ
2918 2061 3141 2122 παντὸς,
3179 2059 3353 2112 πάντα
3384 2058 3616 2111 ποιοῦσα
3651 2056 3755 2109 καὶ

2165 2151 2521 2222 ὑφισταμένη,
2555 2150 2832 2221 τεινομένη
2867 2150 2922 2204 δὲ
2951 2151 3038 2202 ὑπ’
3064 2148 3277 2210 οὐδενὸς
3300 2146 3542 2200 πώποτε.
3569 2146 3753 2218 Τριάς

2163 2245 2220 2298 δὲ
2253 2243 2424 2315 ταύτῃ
2457 2242 2742 2312 συγγενὴς,
2783 2243 3034 2312 ἀσχιστος
3066 2239 3325 2304 ὡσαύτως
3362 2240 3458 2292 καὶ
3494 2240 3752 2310 ἀδιαίρε-

2161 2354 2271 2400 τος,
2295 2338 2389 2390 καὶ
2409 2334 2598 2407 πρώτη
2624 2333 2732 2386 τῶν
2758 2332 2816 2398 ἐξ
2845 2334 3046 2406 ἀρτίων
3074 2335 3166 2387 καὶ
3192 2333 3464 2405 περιττῶν
3484 2333 3752 2402 ἀριθμῶν

2164 2429 2571 2500 συνεσταμένων
2591 2445 2604 2459 ⁸
2635 2428 2820 2501 ἄρτιος
2849 2427 2956 2498 γὰρ
2987 2430 3015 2481 ὁ
3035 2427 3127 2480 δύο
3161 2426 3360 2497 μονάδα
3383 2423 3752 2497 προσλαϐὼν,

2159 2522 2375 2592 τριάδος
2427 2521 2649 2594 πρώτην
2690 2520 2950 2594 περιττὴν
2994 2519 3251 2589 ἐγέννησε
3308 2517 3508 2587 φύσιν·
3543 2513 3751 2589 πρώτη

2159 2614 2215 2667 δὲ
2246 2613 2403 2685 τριὰς
2431 2613 2775 2683 δικαιοσύνην
2817 2611 3109 2676 ἀνέδειξεν,
3139 2611 3382 2682 ἰσότητος
3415 2609 3754 2680 καθηγησα-

2163 2705 2318 2776 μένη,
2353 2705 2428 2768 ὡς
2455 2704 2520 2758 ἂν
2550 2704 2724 2777 ἀρχὴν
2753 2704 2850 2758 καὶ
2894 2703 3168 2774 μεσότητα
3206 2701 3298 2754 καὶ
3328 2700 3584 2769 τελευτὴν
3615 2699 3756 2769 ἴσην

2159 2798 2507 2853 ἀπολαϐοῦσα
2527 2816 2538 2830 ·
2564 2797 2730 2851 ἐἰκὼν
2763 2797 2820 2850 δὲ
2845 2796 3015 2850 ταῦτα
3040 2795 3307 2869 μυστικῆς
3333 2795 3429 2848 καὶ
3457 2793 3757 2861 παναγίας

2158 2892 2253 2945 καὶ
2291 2890 2575 2961 βασιλικῆς
2603 2889 2818 2961 τριάδος
2839 2906 2851 2919 ⁸
2891 2889 2924 2960 ἢ
2954 2890 3051 2961 τῆς
3084 2890 3322 2960 ἀνάρχου
3354 2887 3448 2940 καὶ
3468 2887 3754 2955 άγενήτου

2160 2981 2372 3052 φύσεως
2398 2981 2704 3054 ἠρτημένη,
2736 2981 2836 3051 τῆς
2859 2980 2968 3034 τῶν
2998 2980 3241 3050 γενητῶν
3270 2979 3526 3034 ἀπάντων
3547 2979 3754 3043 οὐσίας

2159 3073 2228 3128 τὰ
2255 3074 2543 3146 σπέρματα
2574 3074 2668 3127 καὶ
2702 3075 2828 3138 τοὺς
2855 3073 3046 3143 λόγους
3080 3074 3172 3126 καὶ
3221 3072 3320 3136 τὰς
3359 3071 3541 3135 αἰτίας
3579 3071 3756 3124 ἀπεί-

2159 3166 2316 3237 ληφε.
2345 3165 2455 3219 Καὶ
2481 3163 2695 3236 τριάδος
2725 3163 2824 3233 μὲν
2844 3162 3090 3232 δύναμις,
3130 3160 3353 3224 εἰκότως
3375 3159 3441 3212 ἂν
3462 3159 3574 3230 ἄρα
3602 3175 3752 3210 mv-

2157 3257 2248 3322 τὸς
2293 3257 2435 3329 ἀρχὴ
2478 3255 2794 3327 νομισθειηο
2822 3252 2984 3316 δεκὰς
3027 3252 3171 3306 δὲτὸ
3217 3252 3432 3306 πάντων
3479 3249 3752 3322 ἀριθμῶν

2159 3348 2331 3417 πέρας
2375 3345 2740 3408 ἀπολαϐοῦσα,
2785 3345 2976 3418 μέχρις
3029 3342 3201 3413 αὐτῆς
3247 3342 3309 3396 τὸ
3359 3342 3466 3396 πᾶν
3521 3342 3750 3412 ἵστησι,

2158 3438 2370 3509 πλήρης
2392 3437 2486 3490 καὶ
2512 3435 2824 3498 παντέλειος
2848 3434 3211 3505 ὠνομασμένη
3249 3433 3473 3495 εἰκότως
3491 3472 3506 3496 ,
3549 3433 3652 3484 ἅτε
3680 3431 3750 3502 δὴ

2157 3530 2337 3592 πάσας
2359 3528 2500 3592 ἰδέας
2527 3528 2620 3582 καὶ
2646 3527 2822 3581 πάντα
2841 3527 3014 3598 μέτρα
3033 3527 3246 3579 πάντων
3269 3524 3396 3596 ἁριθ
3405 3525 3544 3595 μῶν,
3562 3524 3753 3592 λόγων

2157 3642 2216 3678 τε
2246 3622 2342 3676 καὶ
2375 3620 2699 3692 συμφωνιῶν
2721 3621 2815 3674 καὶ
2844 3619 3140 3691 ἁρμονιῶν,
3178 3619 3524 3690 περιέχουσα.
3556 3619 3755 3673 Μονά-

2156 3714 2244 3779 δες
2282 3715 2412 3782 γοῦν
2447 3713 2763 3784 αὐξηθεῖσαι
2814 3713 2955 3767 κατά
2999 3713 3267 3776 σύνθεσιν,
3300 3715 3412 3775 τοῖς
3454 3712 3587 3764 δέκα
3650 3729 3756 3764 πε-

2162 3809 2514 3882 ριορίζονται·
2552 3807 2766 3880 μητέρα
2804 3824 2864 3859 τε
2900 3805 3104 3877 ταύτην
3133 3807 3228 3859 καὶ
3270 3805 3584 3876 πηξαίωρον
3645 3823 3756 3858 m-

2158 3903 2434 3974 ριγραφὴν
2483 3900 2559 3971 (1)
2626 3899 3007 3970 κτησάμεναι,
3059 3898 3248 3971 ῶσπερ
3305 3900 3364 3951 ὲν
3415 3897 3751 3969 περιδρόμῳ

2156 3993 2456 4064 καμπτῆρα
2505 3991 2866 4063 περιθέουσιν.
2918 3987 3052 4045 Εἶτα
3108 3990 3304 4044 κύκλον
3353 3990 3749 4061 ἐργασάμεναι

2153 4086 2423 4156 δεύτερον,
2458 4086 2553 4140 καὶ
2586 4083 2748 4138 πάλιν
2785 4083 2965 4155 τρίτον
3009 4083 3104 4136 καὶ
3146 4084 3405 4154 τέταρτον
3440 4083 3535 4136 καὶ
3570 4082 3750 4152 μέχρι

2154 4176 2260 4230 τῶν
2305 4177 2456 4243 δέκα,
2496 4176 2587 4229 τὸν
2631 4175 2822 4230 ἑκατὸν
2865 4176 2930 4228 ἐκ
2977 4174 3213 4229 δεκάδων
3267 4175 3393 4229 δέκα
3429 4175 3745 4247 πληροῦσι·

2155 4266 2392 4321 κᾶπειτα
2424 4268 2515 4321 ἐπὶ
2555 4266 2654 4338 τὴν
2696 4266 2918 4338 πρώτην
2961 4267 3346 4338 ἀνατρέχουσιν
3392 4268 3748 4338 ἀφετηρίανο

2157 4359 2450 4413 κάντεῦθεν
2474 4359 2635 4413 πάλιν
2661 4359 2964 4432 ἀρξάμεναι
2993 4361 3089 4414 καὶ
3121 4359 3212 4412 ἐπὶ
3243 4359 3334 4413 τὸν
3364 4359 3494 4412 δέκα
3537 4358 3749 4429 προελ-

479 4462 743 4503 uumerus
771 4467 888 4519 par,
921 4453 1174 4522 adjuncta
1207 4455 1310 4508 sibi
1335 4453 1544 4508 unitate
1589 4453 1912 4519 ternarium,
1939 4454 2050 4520 pri-

2162 4448 2365 4514 θοῦσαι,
2403 4450 2626 4514 δεκάκις
2661 4467 2720 4504 τε
2762 4451 2853 4504 τὸν
2898 4451 3092 4506 ἑκατὸν
3121 4449 3589 4522 άμφιδραμοῦσαι,
3629 4467 3747 4503 παρ

480 4555 628 4594 mum
656 4558 1004 4597 numerorum
1033 4545 1323 4612 imparium
1352 4546 1680 4614 procreavit.
1725 4544 1896 4600 Porro
1937 4555 2048 4599 ter-

477 4634 950 4703 nariusjustitiam
979 4635 1185 4706 primus
1217 4635 1527 4690 hominibus
1566 4636 1826 4699 ostendit,
1863 4650 2048 4705 aequa-

475 4725 682 4780 litatem
707 4729 908 4782 docens
936 4747 949 4782 :
981 4731 1178 4800 quippe
1213 4731 1301 4798 qui
1328 4727 1674 4799 principium,
1700 4729 1957 4790 medium,
1985 4743 2049 4782 ac

476 4818 639 4872 finem
671 4821 869 4876 habeat
897 4823 1146 4892 aequalia.
1174 4824 1353 4891 Atque
1382 4821 1495 4874 haec
1527 4820 1773 4891 mysticae
1795 4860 1813 4886 ,
1857 4835 2047 4874 sacro-

473 4922 678 4966 sanctae
710 4923 764 4967 et
790 4915 952 4979 regiae
979 4915 1265 4969 Trinitatis
1292 4914 1584 4986 imaginem
1605 4913 1885 4980 referunt;
1927 4927 2047 4981 quae

542 5092 654 5165 (99)
688 5093 839 5166 Vulg.
1172 5094 1239 5148 δὲ
1253 5095 1712 5166 τριπλασιό-νωιτ.
1732 5092 1913 5166 Prima
1939 5107 2042 5166 vos

474 5163 710 5219 ileestitt
743 5163 928 5221 codice
953 5165 1087 5219 Fuk.
1121 5178 1174 5220 et
1202 5179 1346 5219 recte
1369 5167 1608 5234 quidem,
1641 5165 1692 5217 ni
1724 5164 1897 5217 fallor.
1936 5163 2040 5215 Sed

471 5245 528 5289 et
553 5236 696 5288 aliud
733 5237 989 5290 mendum
1015 5237 1102 5289 hic
1146 5237 1295 5290 latet.
1324 5235 1504 5302 Quare
1557 5245 1702 5288 totus
1758 5235 1909 5287 locus
1966 5235 2040 5285 ita

473 5307 970 5377 iuiliicorrigeudus
994 5307 1233 5377 videtur:
1261 5301 1506 5358 ἐντεῦθεν
1523 5305 1622 5377 ἤδη
1646 5301 2041 5377 πανηγυρίζειν

470 5375 680 5448 δίδωσιν
713 5378 871 5447 ἑορτῇ
893 5375 1110 5448 τελείων
1140 5378 1198 5442 ἐξ,
1222 5373 1843 5448 ἀριθμῷνᾼσυγκειμένῃ.
1873 5373 2045 5426 Δεκά-

469 5450 576 5499 δων
594 5446 690 5516 μὲν
710 5446 1122 5516 τριπλασιόνων,
1140 5447 1368 5517 τριάδων
1385 5446 1440 5498 δὲ
1469 5446 2007 5508 δεκαπλασιόνων.ριι
2019 5462 2043 5495 ει

473 5520 848 5572 emendatione
875 5517 1003 5569 nihil
1028 5520 1252 5569 certius.
1277 5517 1408 5568 Nam
1437 5518 1814 5569 tricennaliuni
1891 5519 2046 5573 festio

478 5587 636 5646 vitas,
660 5590 723 5640 de
757 5605 857 5654 qua
890 5591 1001 5654 agit
1023 5588 1307 5648 Eusebius,
1329 5595 1540 5639 constat
1564 5601 1627 5639 ex
1658 5585 1898 5638 numeris
1927 5599 2043 5654 pcr-

476 5653 916 5719 fectis,'den’ariis
933 5653 1145 5710 scilicet
1171 5658 1476 5723 triplicatis,
1505 5665 1556 5708 et
1585 5657 1839 5708 ternariis
1863 5653 2042 5706 decies

480 5727 740 5792 It'petttis.
773 5728 903 5792 Quae
936 5728 1129 5782 deinde
1178 5735 1482 5794 sequuntur
1533 5725 1753 5779 Eusebii
1783 5725 1949 5778 verba
1973 5725 2040 5777 de

2153 4540 2393 4612 λίσυρτοι
2425 4541 2515 4595 διὰ
2550 4542 2658 4595 τῶν
2702 4542 2879 4596 αὐτῶν
2929 4545 3266 4615 καμπτήρων
3307 4542 3552 4614 μακροὺς
3591 4541 3748 4596 δολι-

2155 4635 2373 4705 χεύουσι
2405 4635 2672 4700 διαύλους,
2707 4636 2768 4702 ἐξ
2793 4635 2971 4689 αὐτῶν
2997 4639 3077 4700 εἰς
3098 4636 3292 4700 ἑαυτὰς
3322 4635 3749 4706 ἀνακυκλούμεν-

2154 4744 2261 4780 ναι.
2311 4726 2433 4780 Τῶν
2477 4726 2608 4796 γοῦν
2654 4728 2787 4782 δέκα
2843 4729 2903 4782 τὸ
2951 4729 3197 4792 δέκατον,
3248 4727 3446 4798 μονάς·
3493 4727 3630 4780 δέκα
3680 4727 3745 4782 δὲ

2154 4819 2400 4889 μονάδες,
2450 4819 2577 4891 μίαν
2615 4821 2974 4890 ἀποφαίνουσι
3003 4821 3232 4874 δεκάδα·
3266 4820 3426 4884 δεκὰς
3449 4820 3508 4872 δὲ
3551 4820 3742 4891 πέρας

2155 4911 2427 4982 μονάδων,
2488 4914 2642 4983 ὅρος,
2707 4913 2802 4968 καὶ
2851 4915 3115 4987 καμπτὴρ
3167 4913 3562 4977 καταστατικός
3609 4912 3739 4986 (2r

2157 5092 2410 5155 denario,
2437 5093 2871 5148 emendationem
2897 5103 3138 5147 nostram
3165 5103 3348 5160 aperte
3375 5091 3739 5152 conﬁrmant.

2223 5165 2299 5228 (Ι)
2325 5163 2674 5230 Πηξαίωρον
2703 5165 3094 5232 περιγραφήν.
3125 5164 3480 5217 Scribeudum
3511 5163 3743 5219 videtur

2151 5233 2242 5286 mi
2259 5233 2567 5305 πηξάωρον.
2588 5232 2681 5288 Sic
2713 5245 2864 5288 vocat
2880 5235 3160 5288 denarium
3180 5235 3650 5305 numerum,quod
3665 5235 3743 5288 sit

2154 5303 2416 5358 terminus
2457 5303 2522 5356 ac
2586 5313 2730 5357 meta
2793 5319 3169 5357 numerorum.
3243 5303 3486 5372 Eleganti
3538 5313 3734 5357 autem

2153 5374 2507 5427 translatione
2555 5389 2583 5426 a
2637 5375 2781 5428 circo
2831 5376 3018 5442 petita,
3053 5375 3139 5442 ait.
3171 5375 3406 5425 unitates
3438 5373 3736 5442 denarium

2151 5444 2384 5497 circuire
2443 5444 2594 5512 quasi
2636 5441 2859 5496 metam.
2891 5446 3068 5514 Quare
3110 5441 3377 5514 ὥσπερέν
3409 5441 3736 5514 περιδρόμῳ

2153 5515 2472 5566 vertendum
2509 5522 2632 5565 erat
2672 5522 2926 5581 tanquam
2970 5513 3024 5563 in
3089 5513 3417 5566 circoJlinc
3462 5524 3542 5564 est
3576 5513 3730 5580 quod

2152 5598 2402 5652 Carceres
2458 5584 2620 5634 etiam
2676 5587 2922 5634 nominat
2981 5582 3140 5644 infra,
3176 5599 3297 5636 cum
3352 5583 3481 5636 dicit
3509 5582 3603 5634 ἐπὶ
3628 5581 3733 5652 τὴν

2151 5651 2374 5722 πρώτην
2400 5652 2784 5722 ἀνατρέχουσιν
2815 5653 3138 5722 ἀφετηρίαν.

2223 5723 2298 5791 (2)
2331 5721 2638 5791 Καμπτὴῤ
2695 5721 3145 5789 καταστατικίῖς.
3205 5721 3515 5794 ιοεεηάιιω
3588 5732 3731 5792 puto
