3926 6264
193 288 332 344 1549

1321 286 1410 341 DE
1444 287 1742 347 LAUDIBU
1755 289 1793 345 S
1828 282 2317 349 CONSTANTINI.

3312 304 3334 357 Ι
3346 304 3453 360 550

194 404 462 479 καμπτὴρ
497 404 595 477 μὲν
631 405 734 476 τῆς
772 406 1030 481 ἀπειρίας
1072 408 1183 461 τῶν
1231 371 1513 479 ἀριθμῶν·
1550 410 1677 481 ὅρος
1721 408 1762 461 δὲ

1880 425 2001 465 cum
2034 409 2085 464 in
2114 420 2307 463 natura
2336 417 2490 465 ortus
2519 424 2582 465 ac
2606 411 2859 483 principii
2895 423 3121 483 experte
3158 417 3448 486 consistat,

193 500 286 555 καὶ
315 498 471 562 τέλος
521 498 796 569 μονάδων·
828 499 963 569 ὁμοῦ
1008 500 1065 554 δὲ
1104 500 1262 572 τριάς
1294 500 1475 555 δεκάδι
1528 501 1773 572 συμπλα-

192 596 373 657 κεῖσα,
404 592 586 664 τρίτον
616 610 674 645 τε
710 593 1066 665 περιελθοῦσα
1091 596 1187 666 τὴν
1225 596 1333 648 τῶν
1377 596 1508 650 δέκα
1556 595 1770 649 κύκλων

191 686 463 757 περίοδον,
527 685 902 754 φυσικώτατον
946 688 1176 759 ἀριθμὸν
1232 691 1417 760 γεννᾷ,
1471 690 1562 743 τὸν
1616 690 1771 761 τριά-

188 799 356 834 κοντα
378 798 390 810 ·
420 781 449 834 ὃ
475 782 582 852 γάρ
620 783 677 835 ὲν
708 782 898 852 μονάσι
929 782 1105 854 τριάς,
1137 782 1294 836 τοῦτο
1327 785 1383 835 ὲν
1408 783 1592 836 δεκάσι
1618 801 1770 854 τρια-

187 874 410 937 κοντάς.
457 874 616 944 Ὄρος
656 894 715 928 τε
767 875 962 942 πάγιος
1007 870 1159 939 οὗτος
1231 875 1325 928 τοῦ
1361 876 1612 946 δευτέρου
1647 875 1767 946 μεθ’

184 965 342 1033 ἥλιον
377 964 613 1035 μεγάλου
645 966 827 1037 φωστῆ
839 984 927 1037 ρος
946 983 958 996 ·
985 966 1212 1036 σελήνης
1236 966 1365 1034 γοῦν
1388 968 1633 1038 περίοδος
1662 968 1767 1021 ἀπὸ

188 1058 413 1111 συνόδου
436 1058 526 1110 ἐπὶ
548 1058 785 1120 σύνοδον,
823 1058 987 1127 μηνὸς
1022 1058 1217 1111 κύκλον
1240 1058 1620 1130 ἀπειργάζετο’
1647 1058 1767 1130 μεθ’

184 1149 244 1202 ὃν
267 1146 425 1214 αὖθις
456 1149 629 1221 ἀρχὴν
653 1151 918 1218 γενέσεως
943 1150 1310 1215 ἀπολαϐοῦσα,
1334 1153 1454 1205 νέου
1482 1153 1656 1222 φωτὸς
1677 1154 1767 1207 καὶ

184 1241 323 1295 νέων
352 1240 573 1311 ἡμερῶν
599 1241 924 1311 ἀπάρχεται,
972 1242 1266 1313 τριάκοντα
1303 1242 1401 1313 μὲν
1432 1242 1767 1314 κοσμηθεῖσα

188 1332 387 1402 μονάσι
425 1332 523 1402 (5),
560 1332 704 1402 τρισὶ
732 1332 788 1384 δὲ
806 1333 1096 1403 τιμηθεῖσα
1118 1334 1325 1397 δεκάσι,
1347 1336 1475 1389 δέκα
1505 1337 1561 1390 δὲ
1584 1338 1766 1409 τριάσι

184 1422 594 1494 φαιδρυνθεῖσα.
649 1422 869 1488 Τούτοις
919 1425 1103 1487 αὐτοῖς
1146 1424 1214 1478 τὰ
1247 1428 1343 1497 τῆς
1388 1444 1765 1498 κοσμοκράτο-

184 1518 353 1590 ρικῆς
392 1519 564 1589 ἀρχῆς
597 1518 689 1571 τοῦ
724 1517 962 1588 Νικητοῦ
1005 1517 1285 1588 βασιλέως,
1330 1519 1464 1590 πρὸς
1490 1520 1583 1572 τοῦ
1627 1520 1765 1573 πάν-

180 1629 295 1664 των
352 1610 572 1680 ἀγαθῶν
605 1612 829 1682 δοτῆρος
870 1610 1211 1681 τετιμημένα
1256 1609 1354 1680 (4),
1400 1612 1534 1664 νέων
1589 1613 1765 1683 ἀρχῆς

180 1704 405 1773 ἀγαθῶν
432 1703 877 1775 ἐπιλαμϐάνεται,
911 1703 1047 1766 τέως
1083 1702 1181 1773 μὲν
1212 1705 1763 1777 τριακονταετηρικάς

183 1796 384 1866 ὲορτάς
415 1795 869 1866 ἀποπληροῦντα,
912 1795 1013 1867 ἤδη
1052 1795 1095 1846 δ’
1120 1796 1365 1849 ἐντεῦθεν
1413 1797 1766 1867 μακροτέρων

182 1891 538 1961 ἐφαπτόμενα
566 1890 968 1961 διαστημάτων,
995 1890 1362 1961 προμνώμενά
1376 1907 1435 1943 τε
1464 1890 1764 1960 μελλόντων

181 1980 408 2048 ἀγαθῶν
434 1979 672 2047 ἐλπίδας,
702 1983 757 2033 ἐν
788 1982 1023 2052 οὐρανίῳ
1048 1982 1293 2054 βασιλεία
1313 2000 1325 2013 ·
1359 1983 1486 2037 ἔνθα
1516 1986 1767 2057 στρατιαὶ

182 2070 383 2141 φώτων
401 2071 639 2143 ἀπείρων
653 2074 685 2124 ἀ
693 2072 794 2143 μφὶ
808 2072 914 2125 τῶν
930 2073 1024 2143 (4‘)
1046 2074 1261 2129 πάντων
1279 2075 1498 2146 βασιλέα
1512 2078 1767 2150 χορεύου-

183 2182 295 2231 σιν,
325 2166 422 2235 οὐχ
456 2165 575 2229 ὲνδς
604 2165 774 2235 ἡλίου,
806 2166 1020 2220 πάντων
1044 2166 1089 2219 δ’
1123 2168 1308 2222 αὐτόθι
1336 2170 1404 2223 τὰ
1440 2168 1593 2238 φῶτα
1613 2168 1763 2239 ἡλίου

179 2256 471 2328 κρείττονα
526 2257 878 2328 ἐπαγομένων
925 2258 1024 2329 (5),
1073 2260 1512 2331 φαιδρυνομένων
1561 2278 1619 2313 τε
1671 2261 1765 2314 καὶ⁹

178 2349 619 2404 ἀποστιλϐόντων
649 2353 712 2421 τῇ
749 2352 910 2424 αἴγλῃ
944 2353 1052 2406 τῶν
1099 2355 1198 2426 τῆς
1217 2354 1391 2408 ἀϊδίου
1421 2358 1603 2427 πηγῆς
1626 2374 1766 2426 μαρ-

186 2440 473 2514 μαρυγῶν.
510 2442 679 2494 Ἔνθα
721 2442 832 2513 ζωὴ
869 2444 1064 2517 ψυχῆς,
1114 2447 1172 2498 ὲν
1218 2446 1433 2514 ἀγαθῶν
1466 2448 1765 2519 ἀκηράτοις

183 2533 441 2587 κάλλεσιν
473 2533 571 2603 (6),
595 2533 721 2586 ἔνθα
746 2534 875 2604 βίος,
910 2536 1090 2605 πάσης
1118 2537 1273 2600 ἐκτὸς
1294 2538 1605 2609 ἀχθηδόνος,
1638 2538 1765 2592 ἔνθα

186 2625 464 2696 σώφρονος
482 2626 574 2679 καὶ
604 2627 873 2694 παναγίας
900 2628 1089 2698 ἡδονῆς
1116 2629 1435 2694 ἀπόλαυσις,
1463 2632 1555 2683 καὶ
1576 2631 1765 2702 χρόνος

182 2719 438 2791 ἆχρονος,
460 2721 488 2772 ὁ
516 2718 799 2790 μακραίων
829 2720 920 2772 καὶ
959 2720 1329 2792 ἀτελεύτητος,
1358 2724 1435 2786 εἰς
1464 2723 1767 2794 ἀπερίγρα-

184 2828 288 2881 φον
324 2810 474 2874 τέλος
514 2811 907 2881 μηκυνόμενος,
966 2812 1146 2865 οὐκέθ’
1180 2813 1400 2886 ἡμερῶν
1441 2817 1534 2869 καὶ
1583 2816 1764 2887 μηνῶν

182 2904 568 2974 διαστήμασιν,
594 2905 700 2956 οὐδ’
728 2904 992 2959 ἐνιαυτῶν
1037 2905 1276 2972 κύκλοις,
1329 2908 1535 2979 καιρῶν
1580 2926 1639 2961 τε
1674 2910 1766 2962 καὶ

182 2997 393 3067 χρόνων
420 2996 689 3067 περιόδοις
710 2997 1203 3069 ἀναμετρούμενος
1238 3002 1334 3071 μιᾷ
1365 3000 1408 3053 δ’
1426 3003 1503 3065 εἰς
1539 3001 1766 3071 ἄπειρον

182 3089 536 3161 ἐκτεινομένη
553 3087 664 3159 ζωῇ
685 3089 943 3162 διαρκῶν,
979 3092 1076 3162 οὐχ
1102 3092 1192 3161 ὑφ’
1222 3093 1373 3164 ἡλίου
1396 3095 1760 3169 φωτιζομένῃ,
1790 3141 1832 3199 C

183 3180 292 3233 οὐδ’
315 3180 560 3252 ἀστέρων
587 3181 781 3252 πλήθει
810 3183 904 3236 καὶ
939 3184 1168 3256 σελήνης
1196 3185 1391 3253 αὐγαῖς
1418 3186 1764 3257 καταλαμπο-

190 3271 350 3345 μένῃ,
377 3272 490 3325 ἀλλ’
512 3273 672 3326 αὐτὸν
702 3273 897 3346 ἐχούσῃ
931 3274 1193 3347 φωστῆρα
1242 3275 1334 3329 τὸν
1385 3276 1515 3329 Θεὸν
1561 3278 1759 3346 Λόγον,

184 3365 277 3417 τὸν
326 3365 586 3435 μονογενῆ
622 3366 794 3419 Παῖδα
839 3365 934 3419 τοῦ
972 3367 1386 3438 Παμϐασιλέως.
1443 3368 1615 3440 Παρὸ,
1666 3369 1763 3422 καὶ

186 3458 338 3530 ἥλιον
361 3458 523 3511 αὐτὸν
570 3458 931 3529 δικαιοσύνης,
979 3460 1072 3513 καὶ
1123 3461 1238 3529 φῶς
1286 3462 1544 3515 ἐπέκεινα
1572 3462 1763 3532 φώτων

185 3552 642 3620 ἀπάντων,λόγων
656 3553 760 3605 ἀπό
767 3555 952 3625 ρῤητοι
965 3552 1157 3625 μύουσι
1171 3555 1455 3625 θεολογίαι·
1470 3556 1657 3610 τοῦτον
1668 3557 1763 3610 αὐ-

180 3644 273 3697 τὸν
289 3645 637 3716 δικαιοσύνης
667 3648 868 3710 ἀκτῖσι,
898 3649 1088 3717 σοφίας
1102 3668 1162 3703 τε
1179 3651 1391 3718 αὐγαῖς,
1417 3649 1514 3713 τὰς
1535 3667 1764 3720 παμμα-

180 3738 382 3809 καρίας
409 3740 787 3810 καταλάμπειν
813 3740 1092 3811 δυνάμεις,
1115 3742 1213 3807 τάς
1230 3759 1288 3794 τε
1314 3741 1565 3811 εὐσεϐείᾳ
1620 3759 1763 3813 παρ-

180 3830 594 3900 εσκευασμένας
619 3830 795 3900 ψυχὰς
828 3832 946 3884 ἀντὶ
978 3833 1077 3903 τῆς
1115 3832 1365 3903 οὐρανίου
1413 3832 1763 3902 περιφερείας

178 3922 296 3982 τοῖς
323 3919 487 3972 αὐτοῦ
522 3920 741 3983 κόλποις
766 3921 1128 3983 ἀπολαϐόντα,
1157 3921 1264 3975 τῶν
1294 3922 1507 3977 οἰκείων
1535 3925 1765 3990 ἐπαγγε-

179 4009 316 4063 λιῶν
348 4010 529 4083 ἔργοις
559 4011 880 4065 πιστοῦσθαι
912 4013 1011 4076 τὰς
1040 4014 1380 4085 ὑποσχέσεις,
1412 4014 1758 4084 πιστεύομεν·

178 4101 394 4171 θνητῶν
423 4102 466 4154 δ’
492 4103 769 4174 ὀφθαλμὸς
799 4104 899 4156 οὐκ
921 4100 1079 4168 εἶδεν,
1113 4105 1234 4158 οὐδὲ
1263 4106 1398 4176 ἀκοή
1428 4123 1511 4168 τις
1539 4104 1760 4173 διέγνω,

178 4191 298 4244 ἀλλ’
328 4193 445 4246 οὐδὲ
480 4193 604 4258 νοῦς
648 4196 828 4266 σάρκα
862 4196 1241 4267 ἠμφιεσμένος
1308 4190 1418 4259 οἶός
1458 4213 1519 4249 τε
1562 4196 1628 4250 ἂν
1676 4196 1760 4267 εῖη

177 4285 494 4357 διαθρῆσαι,
535 4286 707 4351 ἀτοῖς
758 4289 1012 4361 εὐσεϐείᾳ
1047 4289 1579 4361 διακοσμησαμένοις
1632 4305 1763 4361 προ-

178 4377 528 4448 ητοίμασται·
547 4378 732 4452 ὥσπερ
745 4376 837 4435 οὖν
855 4382 948 4435 καὶ
973 4382 1075 4447 σοὶ,
1106 4382 1327 4453 βασιλεῦ
1356 4380 1760 4445 θεοσεϐέστατε,

1876 503 2116 557 omnium
2150 519 2267 572 quae
2299 514 2475 557 ortum
2510 505 2711 560 habent
2755 508 3181 563 substantiarum
3216 508 3447 578 semina,

1877 596 2135 659 rationes,
2157 612 2461 666 causasque
2496 599 2546 651 in
2574 614 2631 651 se
2652 599 2818 669 619
2842 601 3103 653 continet.
3129 601 3191 655 Et
3224 604 3448 658 ternarii

1874 686 2091 757 quidem
2136 688 2413 755 potentia,
2457 692 2698 744 Omnium
2745 707 2925 745 rerum
2975 693 3295 762 principium
3326 694 3450 763 jure

1874 778 2070 833 merito
2092 790 2399 834 censeatur.
2439 781 2701 836 Denarius
2731 798 2860 837 vero
2893 784 3053 838 tinem
3095 801 3446 842 numerorum

1872 873 2116 927 omnium
2158 874 2446 928 continens
2476 914 2490 938 ,
2540 886 2735 928 cuncta
2766 876 2831 928 ad
2865 891 2922 930 se
2950 891 3120 944 usque
3160 893 3447 948 progressa

1872 966 2015 1020 sistit
2042 981 2106 1020 ac
2147 964 2405 1019 terminat
2447 984 2462 1019 :
2498 966 2794 1036 plenusque
2835 980 2891 1023 et
2924 971 3284 1039 undeqnaque
3321 987 3447 1040 per-

1874 1057 2047 1111 fectus
2082 1059 2275 1113 merito
2298 1059 2624 1128 appellatur,
2657 1060 2855 1127 quippe
2876 1061 2964 1129 qui
2996 1076 3186 1114 omnes
3214 1066 3447 1130 species,

1870 1165 2164 1219 omnesque
2216 1166 2589 1215 numerorum,
2634 1153 2938 1215 rationum,
2991 1165 3353 1210 concentuum
3393 1166 3450 1212 et

1870 1243 2276 1297 harmoniarum
2329 1246 2515 1297 modos
2569 1258 2633 1297 ac
2694 1260 2981 1300 mensuras
3044 1248 3446 1317 complectitur.

1872 1332 2124 1388 Unitates
2154 1342 2300 1386 certe
2346 1348 2443 1403 per
2491 1336 2941 1401 compositionem
2978 1346 3182 1401 aut-tte,
3223 1339 3448 1394 denario
3482 1380 3488 1387 .

1872 1424 2160 1487 liniuntur,
2196 1434 2250 1479 et
2280 1425 2536 1479 tlecadem
2570 1440 2795 1480 matrem
2822 1444 2883 1481 ac
2925 1431 3260 1485 terminalem
3302 1433 3444 1487 limi-

1868 1517 2130 1570 tationem
2190 1517 2418 1583 sortitae,
2478 1527 2734 1588 tanquam
2791 1520 2842 1572 in
2888 1520 3119 1576 circensi
3169 1525 3442 1579 curriculo

1867 1610 2011 1661 circa
2043 1608 2185 1662 hanc
2209 1619 2408 1661 metam
2438 1608 2756 1664 decurrunt.
2794 1611 2996 1664 Deinde
3019 1618 3289 1681 secumlo,
3331 1625 3443 1669 ter-

1868 1701 1943 1755 tio
1965 1712 2017 1755 et
2044 1711 2261 1769 quarto,
2292 1716 2464 1770 usque
2497 1702 2562 1755 ad
2600 1704 2869 1756 decimum
2905 1706 3153 1760 confecto
3185 1708 3442 1776 circuitu,

1868 1794 2243 1847 centenarium
2279 1808 2558 1846 numerum
2601 1809 2667 1847 ex
2700 1794 2883 1848 decem
2924 1796 3161 1852 denariis
3196 1798 3442 1866 implent.

1872 1886 2007 1941 lliuc
2036 1886 2100 1939 ad
2127 1888 2329 1950 primos
2350 1901 2596 1940 carceres
2633 1901 2888 1952 reversae,
2914 1904 2977 1941 ac
3000 1892 3227 1960 repetito
3248 1892 3444 1946 iterum

1868 1994 2029 2034 Cursu
2055 1981 2121 2032 ad
2150 1980 2433 2033 denarium
2463 1995 2799 2048 progressze;
2852 1992 3136 2050 postquam
3183 1995 3446 2039 centena-

1869 2070 2012 2124 rium
2064 2070 2248 2124 decies
2303 2071 2698 2137 circuiverint,
2762 2073 2957 2127 iterum
3008 2078 3445 2145 retrocedentes,

1867 2165 2014 2218 circa
2055 2164 2276 2218 easdem
2306 2172 2480 2218 melas
2521 2163 2868 2233 longissimos
2905 2181 3098 2219 cursus
3125 2168 3444 2233 coniiciunt,

1868 2272 1896 2309 a
1973 2257 2167 2325 seipsis
2225 2257 2277 2309 in
2343 2259 2663 2325 semetipsas
2730 2273 2826 2327 per
2888 2274 3077 2329 gyrum
3132 2262 3444 2316 redeuntes.

1867 2351 2076 2421 Quippe
2104 2352 2153 2405 in
2187 2351 2409 2405 denario
2434 2352 2631 2415 unitas,
2677 2364 2804 2420 pars
2833 2354 3040 2406 decima
3075 2364 3193 2418 est;
3230 2356 3446 2408 decem-

1866 2459 1972 2514 que
2025 2445 2262 2498 nnitates
2295 2460 2456 2497 untnn
2508 2443 2752 2499 eiiiciunt
2801 2446 3111 2500 denarium.
3176 2445 3445 2503 Denarius

1866 2553 2017 2603 vero,
2054 2538 2342 2601 terminus,
2383 2536 2530 2601 linis,
2567 2548 2709 2590 meta
2750 2552 2815 2592 ac
2855 2537 3120 2606 perfeCtio
3146 2548 3226 2592 est
3262 2540 3445 2592 unita-

1869 2639 2002 2696 tum;
2063 2640 2206 2683 meta
2257 2630 2475 2698 quidem
2526 2629 2811 2683 infinitatis
2868 2645 3256 2695 numerorum;
3322 2630 3446 2687 ﬁnis

1868 2736 2019 2787 vero,
2065 2721 2115 2775 id
2148 2730 2259 2783 est,
2311 2721 2572 2790 perfectio
2604 2721 2891 2774 nnitatum.
2954 2720 3129 2775 Porro
3170 2727 3445 2779 ternarius

1867 2828 1991 2867 cum
2023 2813 2249 2867 denario
2275 2812 2435 2866 simul
2458 2812 2700 2881 junctus,
2734 2814 2823 2867 ubi
2850 2814 3035 2868 decem
3062 2815 3442 2870 circuitioaum

1867 2907 2054 2961 orbem
2123 2904 2399 2975 peregerit
2436 2944 2450 2969 ,
2520 2906 2871 2959 tricenarinm
2920 2907 3094 2975 gignit
3155 2924 3443 2963 numerum

1869 2998 2106 3052 maxime
2137 2997 2463 3051 naturalem.
2490 2998 2641 3063 Quod
2673 2998 2816 3051 enim
2852 2999 3122 3052 ternarius
3144 3001 3298 3053 estin
3322 3000 3445 3053 uni-

1869 3090 2090 3152 tatibus,
2148 3089 2378 3152 idipsum
2433 3089 2485 3143 in
2528 3090 2765 3143 denariis
2808 3098 2890 3143 est
2941 3089 3284 3146 tricenarius.
3344 3090 3443 3147 Hic

1866 3182 2030 3235 etiam
2058 3190 2238 3235 certus
2269 3190 2353 3236 est
2392 3180 2548 3235 limes
2573 3182 2748 3250 magni
2783 3182 2927 3236 illius
2958 3181 3271 3247 luminaris,
3297 3185 3440 3250 quod

1867 3276 2162 3328 secundum
2192 3282 2275 3328 est
2305 3289 2333 3326 a
2363 3274 2500 3329 sole.
2558 3272 2767 3343 Quippe
2795 3273 2935 3328 lunae
2987 3290 3182 3329 cursus
3227 3290 3255 3328 a
3293 3276 3440 3331 coitu

1866 3382 1987 3422 cum
2021 3367 2135 3421 sole
2159 3368 2225 3421 ad
2256 3367 2565 3435 proximum
2598 3366 2830 3432 coitum,
2863 3370 3066 3423 mensis
3096 3369 3280 3423 orbem
3313 3384 3443 3423 con-

1865 3461 1977 3515 ﬁcit
2013 3478 2025 3515 :
2056 3477 2164 3531 quo
2217 3462 2469 3515 confecto
2498 3502 2515 3528 ,
2585 3478 2773 3515 rursus
2820 3463 2973 3530 quasi
3028 3472 3180 3517 ortus
3230 3464 3439 3517 initium

1866 3551 2083 3618 adepta,
2115 3566 2312 3603 novum
2345 3550 2546 3615 lumen,
2578 3566 2852 3619 novosque
2889 3552 3004 3606 dies
3039 3552 3325 3607 instaurat.
3361 3553 3441 3609 Ac

1867 3642 2084 3710 triginta
2121 3640 2339 3711 quidem
2376 3641 2674 3694 unitatibns
2701 3681 2717 3704 ,
2776 3643 2949 3695 tribus
2984 3657 3111 3696 vero
3144 3654 3443 3698 exornatur

1865 3733 2124 3797 denariis,
2184 3747 2248 3785 ac
2308 3732 2565 3786 ternariis
2632 3733 2841 3785 decem.
2894 3734 3088 3787 Iisdem
3145 3736 3362 3790 dotibus
3409 3752 3439 3788 a

1863 3839 2077 3878 summo
2105 3824 2345 3876 omnium
2381 3824 2642 3877 bonorum
2679 3822 2938 3888 largitore
2978 3838 3299 3880 exornatum
3337 3828 3440 3880 im-

1862 3915 2070 3985 perium
2103 3915 2331 3984 Augusti
2364 3915 2533 3969 nostri
2570 3914 2808 3969 Victoris
2831 3956 2844 3980 ,
2887 3927 2938 3971 et
2983 3918 3133 3971 orbis
3164 3928 3437 3971 terrarum

1864 4009 2092 4073 domini,
2124 4024 2385 4062 novorum
2418 4010 2679 4063 bonorum
2706 4009 2922 4063 initium
2949 4014 3148 4077 sumit;
3177 4010 3442 4065 hactenus

1862 4099 2078 4170 quidem
2114 4101 2497 4155 tricennalium
2534 4101 2887 4156 festivitatem
2931 4102 3190 4172 explens;
3219 4105 3286 4157 ab
3313 4104 3441 4159 hinc

1861 4208 1995 4247 vero
2024 4194 2265 4265 longiora
2307 4195 2420 4264 jam
2468 4196 2752 4249 intervalla
2801 4205 3102 4263 temporum
3142 4197 3439 4264 attingens,

1863 4293 1916 4339 et
1954 4300 2103 4354 spent
2154 4285 2465 4339 futurorum
2507 4286 2771 4340 bonorum
2821 4285 2872 4338 in
2906 4285 3118 4340 caelesti
3167 4287 3442 4353 spondens

1862 4395 2049 4448 regno.
2106 4378 2212 4434 Ubi
2261 4394 2367 4432 non
2400 4379 2592 4434 unicus
2641 4378 2745 4442 sol,
2800 4379 2895 4434 scd
2956 4380 3440 4434 innumerabilium

175 4462 224 4537 ᾧ
249 4470 397 4542 μόνῳ
420 4470 528 4526 τῶν
556 4472 616 4538 ἐξ
647 4474 842 4539 αίῶνος
877 4474 1127 4527 ἐντεῦθεν
1164 4474 1264 4546 ήδη
1302 4474 1393 4527 τὸν
1426 4474 1761 4546 ἀνθρώπειον

1868 4471 2129 4526 luminum
2176 4472 2393 4541 agmina
2436 4472 2583 4526 circa
2621 4487 2894 4526 summum
2938 4472 3181 4525 omnium
3209 4472 3445 4539 impera-

177 4564 531 4637 ἀποκαθάραι
594 4566 728 4637 βίον,
780 4567 942 4631 αὐτὸς
992 4570 1020 4622 ό
1055 4568 1164 4622 τῶν
1215 4568 1351 4621 ὅλων
1385 4567 1758 4639 παμϐασιλεύς

177 4655 315 4720 Θεὸς
347 4658 688 4732 ἐδωρήσατο·
722 4654 767 4730 ᾧ
798 4660 980 4714 καὶτὸ
1008 4658 1172 4713 αὐτοῦ
1216 4662 1482 4733 σωτήριον
1523 4659 1757 4724 ἀνέδειξε

184 4906 533 4982 transpositis
558 4907 856 4973 vocabulis,
882 4911 1169 4982 καμπτὴρ,
1193 4911 1317 4982 ὄρος
1340 4910 1760 4982 καταστατικός.

183 4978 329 5050 Idem
355 4978 501 5032 enim
546 4990 663 5050 est!
686 4983 826 5050 quod
860 4978 1001 5034 infra
1039 4978 1240 5036 dicitur
1273 4983 1399 5050 ὄρος
1429 4980 1647 5048 πάγιος.
1700 4981 1758 5034 In

182 5048 590 5123 cod_ice__ta_men
624 5048 759 5123 F_nk.
795 5050 989 5123 legitur
1019 5053 1144 5123 ὄρος
1162 5052 1256 5104 καὶ
1290 5048 1575 5123 καμπτήρ..

256 5118 335 5191 (5)
366 5117 519 5191 Vulg.
544 5118 859 5186 τριάκοντα
882 5121 999 5191 μὲν
1029 5117 1763 5191 κοσμηθεῖσαμοιθάςῬτο-

182 5190 270 5263 cui
300 5190 463 5242 dubio
515 5191 863 5263 scribendum
903 5199 987 5245 est
1039 5190 1254 5263 μονάσι,
1292 5190 1435 5263 quod
1473 5196 1642 5245 miror
1687 5194 1755 5247 ab

184 5258 483 5326 interprete
520 5261 959 5315 animadversum
997 5258 1100 5315 non
1136 5258 1325 5327 l'uisSe,
1354 5279 1475 5316 cum
1518 5277 1751 5331 sequen-

184 5330 257 5381 tia
287 5330 336 5381 id
361 5340 546 5397 aperte
580 5342 1029 5385 commonstrent.
1054 5334 1319 5387 Caeterum
1350 5345 1562 5385 veteres
1598 5336 1752 5385 Inna-

184 5414 298 5452 rem
330 5416 569 5454 mensem
607 5403 823 5469 triginta
857 5404 1049 5456 diebus
1086 5404 1261 5457 metiri
1291 5404 1481 5459 solitos
1509 5419 1627 5456 esse
1656 5408 1752 5457 d0-

183 5472 301 5522 cuit
325 5473 487 5522 etiam
521 5470 783 5524 Eusebius
812 5488 971 5540 supra
1008 5475 1059 5525 itt
1096 5475 1193 5525 hac
1222 5476 1465 5527 oratione
1490 5514 1504 5539 ,
1534 5484 1587 5526 et
1642 5472 1751 5527 Ge-

183 5541 365 5593 tninns
423 5542 472 5592 in
505 5540 747 5609 lsagoge.
801 5542 1247 5613 Emendationcm
1284 5560 1447 5613 porro
1509 5554 1751 5598 nostram

181 5613 471 5664 continuat
505 5614 664 5663 etiam
700 5615 864 5666 codex
892 5612 1116 5665 Fuketii.

251 5682 328 5751 (4)
363 5680 519 5755 Yulg.
547 5680 695 5755 πρὸς
715 5683 818 5737 τοῦ
846 5683 1086 5736 πάντων
1110 5682 1346 5754 ἀγαθῶν
1368 5684 1622 5755 δοτῆρος
1654 5702 1748 5739 τεο

177 5750 520 5823 τψημένος.
562 5753 917 5810 Scrtbendum
948 5766 1031 5811 est
1058 5750 1418 5828 τετιμημένα,
1450 5750 1526 5812 utw
1544 5750 1611 5812 ei
1658 5774 1745 5812 se-

1869 4576 2039 4621 torem
2069 4564 2349 4619 exsultant
2380 4583 2393 4618 :
2427 4579 2656 4633 quorum
2688 4564 2899 4634 singula
2954 4564 3065 4618 sole
3101 4564 3218 4632 ipso
3255 4564 3442 4632 splen-

1868 4658 2078 4714 didiora
2122 4665 2273 4725 sunt,
2315 4666 2369 4712 et
2421 4656 2696 4712 radiorum
2737 4670 2803 4711 ex
2855 4666 3061 4711 aeterno
3097 4655 3243 4712 fonte
3276 4655 3444 4727 620

1848 4907 2165 4976 quentibus
2194 4922 2260 4962 ac
2310 4905 2745 4979 praecedentibus
2811 4901 3103 4979 manifeste
3145 4901 3441 4969 colligitur.

1864 4973 2124 5052 Sequitur
2152 4982 2295 5052 enim
2313 4973 2754 5052 ’ἀποπληροῦντα
2779 5017 2793 5041 ,
2829 4973 3185 5052 ἐφαπτόμενα
3214 4984 3266 5024 et
3304 4987 3441 5052 πρρ-

1866 5049 2145 5119 μνώμενοι.
2178 5049 2463 5103 Praecessit
2490 5045 2669 5119 att—tem
2701 5046 2767 5119 τά
2798 5045 2896 5114 τῆς
2926 5045 3442 5119 κοσμοκρατορικῆς

1863 5114 2055 5191 ἀρχῆς.
2093 5120 2261 5174 Porro
2290 5123 2402 5174 haec
2429 5118 2626 5172 locutio
2647 5117 2805 5185 paulo
2825 5116 3012 5191 durior
3037 5116 3165 5165 mihi
3192 5114 3439 5191 videtur}

1866 5181 2189 5258 ttiailletnque
2243 5191 2565 5259 simpliciter
2617 5181 2812 5259 dicere
2870 5187 2902 5255 ἡ
2958 5181 3439 5259 κοσμοκρατορικὴ

1855 5262 1997 5332 ἀρχὴ
2021 5256 2382 5332 τετιμημένη,
2441 5271 2550 5334 etc.
2604 5256 2885 5334 Caeterunl
2921 5268 2974 5334 et
3023 5256 3175 5334 lianc
3225 5266 3442 5320 quoque

1855 5323 2287 5385 eitiendationeut
2322 5323 2613 5384 conﬁrmat
2643 5330 2810 5381 codex
2848 5323 3079 5378 Fnkelii.

1927 5404 2026 5469 (4⁵)
2060 5401 2203 5454 Τῶν.
2246 5400 2405 5455 Forte
2430 5401 2541 5453 τόν.
2574 5399 2728 5452 ICDIT.

1929 5463 2018 5539 ('5).
2051 5473 2204 5539 Vulg.
2256 5472 2420 5540 φῶτα
2463 5471 2642 5538 ἡλίου
2672 5469 2981 5535 κρείττονα
3027 5463 3438 5540 ἐπᾳειὶομένων.

1856 5535 2017 5597 Forte
2051 5535 2431 5613 ἐπαγομένων.
2484 5535 2565 5595 Ita
2595 5552 2743 5595 certe
2794 5541 2846 5591 iu
2899 5539 3087 5591 codice
3120 5535 3254 5592 Fuit.
3298 5536 3439 5589 scri-

1857 5626 2007 5753 “iis?
2037 5630 2407 5753 Ιέἒξίάιγίαθῶν
2426 5681 2747 5753 ἀκηράτοις
2764 5679 3078 5733 κάλλεσιν.
3097 5674 3437 5753 Codex_Fttk.

1855 5748 2117 5827 ἀκράτοις
2155 5748 2351 5811 habet:
2384 5748 2819 5809 fortewEusebius
2840 5753 3132 5820 scripserat
3165 5748 3437 5820 ἀοράτοις.
