3926 6264
456 335 590 392 1331

1228 332 1499 390 EUSEBll
1537 326 2005 389 CESARIENSIS
2041 327 2190 385 OPP.
2229 324 2409 384 PARS
2444 326 2487 383 ι.
2513 356 2586 368 --
2616 323 3006 381 HISTORICA.

3582 325 3748 378 135:

454 453 791 509 manantium
818 451 1029 521 fulgore
1059 450 1432 506 illustrantur.
1471 448 1575 504 Ubi
1603 449 1716 503 vita
1752 444 2027 505 estanimi

2156 444 2382 517 ςημεϊον,
2434 441 2503 496 δι’
2530 434 2592 497 οὗ
2634 442 2728 497 τὸν
2778 441 3009 495 θάνατον
3040 439 3580 510 καταγωνισάμενος,
3633 439 3745 493 τὸν

456 546 509 601 in
536 549 800 601 bonorum
854 542 1264 613 incorruptibili
1310 541 1753 625 pulchritudine,
1796 539 1886 594 ubi
1926 539 2036 593 vita

454 641 604 696 omni
673 637 928 693 molestia
993 635 1204 703 libera,
1259 636 1351 692 ubi
1406 635 1666 692 modesta:
1729 641 2043 702 sanctaque

454 730 749 801 voluptatis
804 729 1036 794 fruitio,
1103 739 1314 800 tempus
1377 729 1498 783 sine
1557 738 1821 795 tempore,
1864 739 2037 780 aevum

454 823 674 893 longum
707 837 773 877 ac
805 822 932 878 linis
960 835 1162 891 expers
1196 832 1251 878 et
1302 822 1355 877 in
1388 821 1567 891 spatia
1605 819 1754 875 nullo
1807 817 2040 889 termino

392 931 402 943 '
451 915 868 983 circumscripta
914 925 1248 985 porrectum,
1299 929 1400 970 nec
1441 910 1678 983 amplius
1722 910 1933 965 dierum
1971 924 2036 964 ac

454 1004 723 1061 mensium
770 1005 1110 1071 intervallis,
1163 1020 1262 1059 nec
1302 1018 1570 1057 annorum
1618 998 1881 1066 circulis,
1937 1013 2037 1054 nec

2140 534 2282 589 κατὰ
2302 533 2410 588 τῶν
2443 532 2652 606 ἐχθρῶν
2683 533 2874 606 ἤγειρε
2916 532 3182 605 θρίαμϐον
3218 532 3297 601 (7)
3318 548 3333 561 ·
3364 530 3393 584 ὃ
3418 531 3483 602 δὴ
3511 547 3748 601 νικητι-

2140 627 2236 679 κὸν
2266 627 2549 698 τρόπαιον,
2579 626 2848 698 δαιμόνων
2886 624 3274 697 ἀποτρόπαιον,
3308 625 3421 687 τοῖς
3453 623 3553 694 τῆς
3586 622 3747 675 πλάο

2139 736 2239 789 νης
2274 717 2589 789 ίνδάλμασιν
2618 716 3081 790 ἀντιπαρατάξας,
3130 713 3275 789 [τὰς]
3320 714 3463 770 κατὰ
3503 716 3745 769 πάντων

2141 811 2317 866 ἀθέων
2361 812 2634 884 πολεμίων
2679 830 2738 866 τε
2782 813 2876 866 καὶ
2905 810 3218 885 βαρϐάρων,
3260 811 3363 883 ἤδη
3407 810 3465 864 δὲ
3503 809 3599 863 καὶ
3633 808 3747 862 αὖ.

2140 904 2250 959 τῶν
2295 904 2607 977 βαρϐάρων,
2641 905 2816 959 ἄλλων
2863 904 3094 959 τουτωνὶ
3144 903 3435 976 δαιμόνων,
3487 903 3613 974 ἣρω
3676 899 3745 954 τὸ

2141 1000 2287 1061 νῖκος
2322 996 2420 1069 (8).

457 1105 849 1167 tempestatum
879 1098 1091 1151 vicibus
1153 1094 1511 1161 diStinctnm,
1583 1091 1678 1148 sed
1719 1090 1846 1144 vitae
1881 1089 2096 1145 cuidam
2136 1089 2189 1143 in
2216 1088 2542 1145 immensum
2580 1089 2857 1161 productae
2926 1088 3217 1146 sufﬁciens.
3268 1087 3397 1155 Quae
3430 1103 3537 1142 non
3593 1085 3749 1141 solis

461 1189 630 1245 radiis
667 1204 766 1245 nec
798 1200 1069 1244 astrorum
1115 1186 1322 1242 lunaeve
1362 1184 1654 1258 splendore
1695 1183 2025 1247 illustratur,
2065 1182 2161 1237 sed
2202 1180 2474 1237 luminare
2515 1181 2692 1252 ipsum
2733 1183 2895 1238 habet
2970 1180 3141 1237 Deum
3208 1179 3483 1246 Verbum,
3536 1178 3749 1249 unige-

460 1285 633 1340 nilum
653 1282 851 1338 Filium
884 1281 1082 1339 summi
1107 1282 1351 1337 omnium
1377 1276 1859 1351 imperatorisDei.
1908 1274 2082 1343 Quam
2120 1275 2190 1330 ob
2214 1289 2437 1330 causam
2479 1275 2631 1331 illum
2692 1274 2861 1330 solem
2910 1289 3029 1330 esse
3076 1274 3320 1345 justitiaa,
3374 1284 3433 1328 et
3477 1272 3746 1326 omnium

461 1375 724 1431 luminum
759 1375 1274 1446 praestantissimum
1320 1372 1501 1427 lumen
1528 1413 1544 1438 ,
1579 1370 1780 1427 divinis
1826 1383 2043 1424 arcana;
2085 1367 2370 1439 theologia:
2391 1367 2734 1424 sermonibus
2771 1367 3025 1422 traditur.
3089 1366 3464 1436 Eumde‘mque
3524 1365 3749 1421 beatis-

457 1468 626 1524 simas
671 1469 794 1524 illas
833 1478 1134 1539 potestates
1173 1465 1403 1537 justitiae
1449 1463 1619 1520 radiis
1659 1473 1716 1518 et
1760 1461 2041 1531 sapientia;
2078 1460 2370 1531 splendore
2437 1460 2789 1525 collustrare,
2863 1467 2919 1514 et
2997 1458 3209 1514 animas
3261 1459 3543 1514 hominum
3594 1471 3749 1510 vera

458 1558 656 1629 pietate
724 1568 1034 1626 exornatas,
1082 1573 1188 1613 non
1255 1557 1378 1613 coeli
1412 1552 1641 1620 ambitu,
1697 1554 1792 1609 sed
1828 1553 1951 1607 sinu
2004 1567 2103 1609 suo
2140 1551 2533 1623 accipientem:
2592 1551 2861 1622 promissa
2915 1566 3012 1607 sua
3081 1551 3241 1606 rebus
3301 1550 3432 1619 ipsis
3500 1548 3750 1602 ﬁrmare

458 1661 623 1722 atque
678 1654 978 1724 adimplere
1038 1652 1339 1709 credimus.
1397 1649 1704 1707 Mortalium
1757 1665 1889 1705 vero
1948 1664 2047 1705 nec
2084 1649 2278 1705 oculus
2322 1648 2460 1704 vidit
2503 1662 2603 1703 nec
2656 1648 2803 1703 auris
2869 1647 3116 1718 accepit;
3167 1661 3265 1704 nec
3342 1660 3495 1701 mens
3547 1645 3750 1700 carnis

459 1750 603 1808 mole
625 1753 956 1808 circumdata
991 1751 1305 1823 perspicere
1368 1763 1609 1818 unquam
1635 1748 1858 1818 poterit,
1917 1760 1980 1802 ea
2008 1760 2130 1817 qua:
2166 1747 2369 1816 pietate
2417 1738 2658 1816 praaditis
2698 1745 3008 1800 hominibus
3052 1753 3179 1799 sunt
3220 1752 3524 1814 prmparata
3558 1759 3572 1795 :
3610 1756 3750 1809 qua:

459 1843 588 1900 item
626 1842 747 1912 tibi,
799 1843 1216 1912 religiosissime
1275 1842 1595 1914 imperator.
1645 1839 1747 1896 Cui
1804 1839 1909 1895 soli
1959 1855 2026 1894 ex
2065 1840 2318 1895 omnibus
2346 1840 2438 1908 qui
2460 1854 2700 1909 unquam
2742 1839 3092 1902 exstiterunt,
3119 1852 3366 1892 sunnnus
3424 1836 3517 1889 ille
3569 1835 3752 1903 hujus

460 1939 700 1994 universi
732 1939 1035 2009 imperator
1068 1936 1212 1993 Deus
1250 1936 1305 1992 id
1349 1938 1580 2008 largitus
1626 1947 1729 2000 est,
1783 1945 1841 1990 ut
1906 1935 2075 1991 vitam
2136 1934 2420 1990 hominum
2484 1949 2864 2005 perpurgares.
2901 1933 2997 1990 Cui
3039 1934 3203 1988 etiam
3233 1931 3471 1988 salutare
3514 1946 3749 2002 Signum

460 2033 722 2098 ostendit,
776 2030 934 2101 cujus
981 2032 1185 2087 virtute
1234 2046 1357 2087 cum
1409 2040 1644 2085 mortem
1694 2037 2043 2099 superasset,
2084 2027 2419 2097 triumphum
2475 2030 2542 2083 de
2599 2028 2847 2082 hostibus
2874 2035 3085 2097 egerat.
3122 2024 3274 2091 Quod
3296 2024 3521 2094 quidem
3549 2024 3750 2079 victo-

462 2125 558 2181 rite
583 2135 843 2195 tropaaum
870 2134 924 2179 et
950 2124 1255 2181 daemonum
1287 2124 1588 2196 ﬂagellum,
1653 2140 1777 2179 cum
1813 2134 1866 2179 tu
1907 2124 2219 2181 simulacris
2246 2123 2453 2178 erroris
2478 2127 2849 2194 apposuisses,
2875 2124 2941 2178 de
3007 2121 3263 2177 omnibus
3317 2120 3501 2191 impiis
3558 2118 3755 2177 hosti-

460 2220 564 2278 bus
583 2236 648 2276 ac
675 2220 944 2290 barbaris,
980 2236 1045 2275 ac
1082 2221 1149 2275 de
1187 2221 1320 2291 ipsis
1356 2220 1696 2275 daemonibus
1728 2219 1872 2292 quod
1900 2219 2047 2276 aliud
2085 2229 2171 2273 est
2196 2218 2557 2274 barbarorum
2595 2232 2788 2289 genus.
2820 2217 3107 2272 victoriam
3131 2215 3444 2286 reportasti.

1051 2311 1282 2369 CAPUT
1348 2311 1459 2369 Vl].

535 2401 672 2457 Nam
697 2417 820 2459 cum
853 2402 972 2458 dua:
995 2403 1051 2458 in
1085 2404 1244 2459 nobis
1268 2403 1379 2459 sint
1416 2403 1739 2459 substantiae
1770 2402 1873 2458 sibi
1903 2400 2044 2457 invi-

462 2510 582 2552 cem
616 2496 946 2568 conjunctae,
984 2497 1155 2552 animi
1182 2497 1393 2554 scilicet
1418 2508 1476 2554 et
1498 2498 1782 2569 corporis:
1813 2512 2042 2567 quorum

464 2589 572 2645 hoc
598 2590 817 2659 quidem
848 2591 1167 2661 conspectui
1196 2595 1503 2662 expositum
1530 2602 1644 2658 est;
1671 2591 1763 2646 ille
1783 2593 1850 2645 ab
1876 2590 2046 2646 oculis

462 2692 740 2750 remotus;
789 2686 1055 2739 adversus
1095 2694 1389 2755 utrumque
1433 2698 1623 2743 eorum
1673 2684 1778 2738 duo
1809 2682 2044 2738 hostium

463 2788 530 2829 ac
556 2774 916 2831 barbarorum
953 2790 1195 2846 genera;
1235 2776 1475 2833 alterum
1517 2774 1769 2842 occulte;
1815 2774 2043 2829 alterum

463 2866 644 2938 palam
670 2875 726 2924 et
745 2878 935 2939 aperto
956 2878 1134 2924 marte
1170 2869 1343 2925 aciem
1373 2870 1673 2924 instruunt.
1714 2868 1782 2922 Et
1809 2866 2042 2921 alterum

462 2959 687 3027 quidem
753 2975 986 3031 corpora
1042 2961 1319 3030 componit
1378 2959 1703 3031 corporibus
1751 2978 1765 3014 :
1808 2959 2044 3015 alterum

463 3066 600 3109 vero
652 3052 991 3123 incorporeis
1039 3052 1302 3123 cujusque
1332 3052 1481 3108 modi
1528 3053 1797 3108 machinis
1842 3053 2046 3108 nudum

465 3143 706 3200 hominis
751 3145 992 3199 animum
1032 3152 1328 3215 oppugnat.
1367 3142 1541 3199 Porro
1577 3143 1797 3199 barbari
1841 3142 1920 3198 illi
1955 3144 2047 3214 qui

467 3240 568 3295 sub
595 3248 877 3309 aspectum
906 3238 1136 3306 cadunt,
1166 3238 1316 3293 velut
1341 3238 1603 3294 nomades
1628 3237 1849 3307 quidam
1871 3238 2050 3309 feriet

467 3338 756 3401 agrestes;
789 3329 881 3399 qui
915 3328 1048 3384 nihil
1076 3345 1107 3383 a
1132 3329 1331 3385 belluis
1359 3329 1585 3395 distant,
1636 3330 1690 3385 in
1736 3325 2073 3386 mansuetos

468 3421 754 3478 hominum
804 3435 997 3492 greges
1045 3420 1306 3492 impetum
1342 3420 1595 3489 faciunt;
1644 3416 1819 3491 "agros
1873 3437 2048 3493 popu-

2698 2308 3091 2363 ΚΕΦΑΛΔΙΟΝ
3119 2307 3194 2362 Z'.

2217 2404 2373 2457 Δυοῖν
2419 2401 2610 2474 γάρτοι
2677 2397 2892 2472 φύσεων
2940 2403 3000 2456 ἐν
3028 2403 3162 2472 ἡμῖν
3205 2399 3753 2471 συμπεπλεγμένων,

2144 2495 2323 2568 ψυχῆς
2377 2496 2523 2566 λέγω
2563 2496 2658 2550 καὶ
2703 2495 2976 2568 σώματος,
3019 2496 3117 2549 καὶ
3157 2494 3252 2548 τοῦ
3299 2494 3400 2565 μὲν
3448 2495 3754 2565 ὁρωμένου

2147 2594 2263 2655 τοῖς
2291 2592 2449 2656 πᾶσι,
2497 2591 2592 2645 τοῦ
2621 2593 2666 2646 δ’
2700 2590 2941 2662 ἀφανοῦς
2988 2588 3349 2653 καθεστῶτος,
3400 2589 3497 2642 ἐπὶ
3521 2589 3757 2653 τούτοις

2148 2684 2367 2738 ἐναντία
2397 2683 2650 2756 βάρϐαρα
2679 2683 2775 2737 καλ⁹
2819 2681 3052 2753 πολέμια
3089 2681 3245 2751 γένη,
3274 2680 3335 2734 τὸ
3366 2680 3463 2750 μὲν
3485 2681 3755 2750 ἀφανῶς,

2147 2776 2208 2830 τὸ
2236 2777 2279 2831 δ’
2310 2777 2377 2831 ἐκ
2417 2776 2513 2830 τοῦ
2553 2774 2883 2848 προφανοῦς,
2933 2772 3306 2845 παρετάττετο
3326 2789 3340 2802 ·
3384 2773 3480 2826 καὶ
3528 2772 3591 2825 τὸ
3642 2773 3758 2843 μὲν

2149 2867 2377 2940 σώματα
2434 2866 2647 2940 σώματι
2700 2864 3161 2938 προϐεϐλημένον,
3216 2863 3278 2919 τὸ
3325 2863 3369 2918 δ’
3419 2863 3756 2934 ἀσωμάτοις

2150 2962 2502 3035 παμμαχίαις
2530 2959 2740 3032 γυμνὴν
2769 2960 2939 3032 αὐτὴν
2983 2958 3289 3030 ἐπολιόρκει
3316 2957 3415 3029 τὴν
3441 2956 3755 3030 ἀνθρώπου

2146 3053 2357 3125 ψυχήν⁸
2402 3049 2500 3107 εἷθ’
2527 3055 2578 3106 οἱ
2621 3052 2719 3124 μὲν
2746 3051 2932 3124 όρατοὶ
2976 3049 3264 3123 βάρϐαροι,
3315 3048 3546 3119 νομάδες
3587 3049 3756 3113 τινὲς

2149 3144 2226 3216 (9)
2259 3145 2461 3218 ἄγριοι,
2500 3143 2683 3217 θηρῶν
2721 3143 2873 3197 οὐδὲν
2914 3142 3281 3214 διαφέροντες,
3318 3142 3411 3195 ἐπὶ
3451 3141 3554 3203 τὰς
3597 3141 3757 3211 ἡμέ-

2153 3255 2276 3310 ρους
2302 3236 2411 3290 τῶν
2433 3233 2732 3307 ἀνθρώπων
2757 3234 2983 3304 ἐφοίτων
3005 3233 3224 3303 ἀγέλας,
3254 3230 3438 3304 χώρας
3457 3230 3757 3303 δῃοῦντες,

2150 3327 2335 3391 πόλεις
2364 3324 2958 3397 ἐξανδραποδιζόμενοι,
3006 3323 3184 3379 λύκων
3223 3322 3449 3396 ἁπηνῶν
3482 3323 3649 3395 δίκην
3684 3324 3757 3377 ἐκ

2148 3418 2248 3490 τῆς
2268 3419 2484 3491 ἐρήμης
2504 3421 2615 3482 τοῖς
2636 3417 2780 3473 κατὰ
2797 3417 2951 3471 πόλιν
2979 3418 3222 3481 ἐπιόντες
3243 3434 3257 3448 ο
3288 3418 3523 3472 κᾶπειτα
3542 3417 3607 3471 λυ
3615 3435 3758 3488 μαι-

469 3514 683 3577 Iantnr;
733 3513 895 3567 urbes
921 3514 975 3567 in
1004 3514 1326 3568 servitutem
1358 3516 1645 3584 redigunt;
1681 3522 1737 3571 et
1792 3524 2046 3586 tanquam

2156 3510 2367 3583 νόμενοι
2398 3510 2544 3573 ὅσοις
2583 3509 2649 3564 ἂν
2670 3510 2916 3563 δύναιντο
2938 3526 2951 3539 ·
2988 3510 3037 3563 oi
3083 3508 3127 3562 δ’
3156 3509 3380 3579 ἀφανεῖς
3417 3508 3610 3581 ἐχθροὶ
3636 3509 3754 3579 ψυ-

464 3604 625 3676 62]
653 3604 917 3659 immanes
943 3602 1050 3674 lupi
1077 3619 1145 3659 ex
1179 3604 1476 3662 solitudine
1512 3618 1956 3678 prorumpentes,
1991 3608 2047 3663 in

2156 3603 2405 3675 χοφθόροι
2430 3603 2705 3673 δαίμονες,
2745 3603 2794 3655 oi
2826 3600 2891 3672 δὴ
2924 3599 3215 3674 βαρϐάρων
3246 3602 3500 3656 ἁπάντων
3530 3602 3758 3672 ἀπηνέ-

382 3764 387 3770 ,
467 3698 749 3751 civitatum
781 3695 991 3752 incolas
1020 3697 1272 3762 irruunt;
1305 3706 1360 3752 et
1386 3713 1742 3768 quoscunque
1775 3699 2048 3769 potuerint

2156 3713 2355 3768 στεροι,
2381 3695 2525 3766 ἀμφὶ
2550 3694 2640 3748 τὸν
2673 3696 2809 3764 ἀέρα
2840 3694 2988 3748 τόνδε
3020 3693 3345 3770 ποτώμενοι,
3382 3695 3488 3749 πᾶν
3520 3694 3586 3747 τὸ
3619 3693 3758 3765 θνη-

466 3786 812 3844 interimunt.
843 3789 1152 3845 lnvisibiles
1183 3799 1367 3844 autem
1404 3766 1618 3857 hostes,
1650 3766 1741 3862 qui
1769 3766 1827 3845 et
1854 3792 2050 3847 barba-

2156 3766 2261 3842 rva
2285 3787 2441 3857 γένος
2482 3789 2750 3858 μηχαναῖς
2794 3785 3054 3841 πολυθέου
3111 3766 3756 3859 κακίαςέξηνδραποδὶ-

468 3880 544 3935 ris
565 3880 821 3953 omnibus
856 3881 1194 3946 crudeliores
1219 3889 1366 3950 sunt,
1399 3881 1673 3937 daemones
1699 3882 1911 3938 scilicet
1935 3882 2055 3937 ani-

467 3986 678 4026 marum
730 3981 1102 4042 corruptores,
1144 3988 1242 4042 per
1292 3988 1474 4029 aerem
1529 3974 2050 4039 circumvolitantes,

466 4062 879 4132 superstitionis
956 4063 1133 4133 impiae
1185 4065 1458 4121 machinis
1517 4066 1831 4121 universum
1881 4081 2054 4137 genus

469 4155 765 4209 humanum
817 4156 918 4210 sub
980 4156 1237 4212 ditionem
1279 4175 1431 4214 suam
1481 4159 1799 4228 redegerant
1854 4175 1868 4212 :
1917 4160 2054 4214 adeo

468 4256 528 4299 ut
556 4260 718 4302 verus
759 4246 902 4302 Deus
929 4263 1036 4302 non
1072 4249 1306 4318 amplius
1342 4250 1413 4304 ab
1464 4248 1597 4319 ipsis
1627 4249 1774 4306 Deus
1826 4250 2055 4306 habere-

470 4351 589 4404 tur;
645 4340 739 4395 sed
787 4339 1072 4409 multiplici
1112 4355 1303 4396 errore
1359 4339 1565 4411 absque
1603 4340 1712 4395 ullo
1750 4341 2054 4399 divinitatis

469 4430 617 4485 vultu
673 4432 774 4487 hac
835 4433 959 4487 illac
1006 4432 1518 4488 circumferrentur.
1551 4432 1692 4488 Deos
1755 4435 1903 4489 enim
1960 4436 2054 4502 qui

470 4537 741 4591 nusquam
776 4532 832 4579 et
879 4523 1068 4577 nullibi
1092 4533 1240 4588 sunt,
1265 4524 1448 4579 nescio
1478 4526 1619 4579 unde
1640 4525 1741 4579 sibi
1779 4529 2056 4580 asciscen-

472 4624 578 4680 tes,
612 4629 736 4669 eum
768 4615 859 4684 qui
893 4614 1042 4669 solus
1077 4630 1143 4670 ac
1185 4630 1346 4670 verus
1382 4625 1468 4670 est
1522 4616 1691 4683 Deus,
1732 4619 1959 4689 perinde
1990 4632 2055 4671 ac

468 4703 518 4757 si
555 4719 661 4758 non
690 4715 858 4771 esset,
892 4705 1042 4761 nullo
1089 4707 1144 4760 in
1179 4708 1353 4775 pretio
1388 4709 1714 4763 habuerunt.
1772 4708 1962 4780 Itaque
1992 4720 2048 4765 et

469 4810 758 4865 corporum
816 4797 1098 4867 generatio
1133 4799 1203 4852 ab
1240 4799 1308 4852 iis
1353 4814 1452 4868 pro
1504 4800 1611 4856 deo
1651 4803 1793 4855 culta
1849 4812 1931 4858 est
1959 4820 1973 4857 :
2005 4812 2059 4858 et

470 4888 810 4942 contrarium
856 4889 984 4945 huic
1011 4905 1248 4955 numen,
1294 4907 1584 4959 corporum
1623 4894 1879 4949 videlicet
1916 4898 2058 4951 inte-

2151 3883 2303 3948 ζοντο
2321 3899 2335 3912 '
2370 3880 2445 3945 ὡς
2470 3881 2682 3957 ,μηκέτ’
2707 3881 2891 3946 αὐτοῖς
2920 3877 3062 3936 εἶναι
3078 3881 3210 3934 Θεὸν
3245 3881 3336 3934 τὸν
3357 3878 3533 3951 ἀληθῆ
3572 3878 3749 3945 Θεὸν,

2150 3973 2288 4029 ἀλλά
2304 3992 2427 4028 τινα
2455 3972 2624 4028 πολὺν
2653 3975 2747 4028 καὶ
2778 3974 2936 4031 ἄθεον
2962 3974 3161 4029 πλάνον
3187 3973 3417 4028 ἀλᾶσθαι
3434 3991 3448 4003 ·
3473 3974 3605 4037 τοὺς
3629 3972 3755 4043 γὰρ

2155 4067 2377 4139 μηδαμῆ
2411 4067 2676 4139 μηδαμῶς
2705 4067 2864 4131 ὄντας
2897 4068 2997 4121 οὐκ
3030 4063 3130 4120 οἷδ’
3158 4065 3351 4120 ὁπόθεν
3383 4065 3755 4136 παραγαγόν-

2150 4179 2262 4226 τες,
2299 4160 2390 4214 τὸν
2425 4161 2555 4215 ὄντα
2583 4162 2679 4215 καὶ
2715 4160 2873 4231 μόνον
2910 4158 3127 4232 ἀληθῶς
3166 4158 3312 4221 ὄντα,
3344 4156 3419 4221 ὡς
3442 4157 3546 4210 οὐκ
3580 4156 3749 4220 ὄντα,

2152 4253 2429 4326 πάρεργον
2464 4255 2807 4324 ἐποιήσαντο.
2839 4250 3032 4306 Ἔνθεν
3061 4250 3245 4314 αὐτοῖς
3267 4251 3300 4320 ή
3325 4249 3435 4303 τῶν
3463 4248 3751 4319 σωμάτων

2153 4344 2368 4414 γένεσις
2421 4343 2685 4416 ἐνομίσθη
2736 4342 2890 4408 Θεὸς,
2947 4343 3043 4396 καὶ
3091 4342 3253 4396 πάλιν
3285 4340 3444 4404 ἄλλος
3487 4341 3750 4404 ἐναντίος

2151 4437 2328 4508 τούτῳ
2368 4435 2509 4501 θεὸς,
2570 4438 2599 4490 ό
2630 4434 2739 4488 τῶν
2786 4434 2965 4489 αὐτῶν
3006 4433 3274 4506 διαφθορὰ
3309 4450 3376 4487 τε
3422 4433 3519 4486 καὶ
3557 4431 3743 4495 λύσις.

2168 4530 2307 4583 Ἀλλ’
2339 4531 2369 4582 ὁ
2399 4529 2497 4600 μὲν
2531 4528 2747 4601 πρῶτος
2771 4527 2973 4590 αὐτοῖς.
2992 4527 3069 4589 ὡς
3088 4526 3153 4580 ἂν
3181 4525 3443 4595 γενέσεως
3466 4524 3745 4595 ἀρχηγὸς,

2168 4621 2486 4694 Ἀφροδίτης
2509 4620 2715 4692 ὀργίοις
2734 4621 2958 4691 ἐτιμᾶτο
2980 4636 2994 4649 ·
3024 4622 3052 4673 ό
3070 4618 3128 4671 δὲ
3159 4616 3405 4687 δεύτερος
3434 4616 3509 4679 ὡς
3538 4615 3605 4669 ἂν
3642 4633 3749 4669 πο-

2155 4711 2252 4775 λὺς
2275 4713 2370 4765 καὶ
2407 4710 2501 4766 τοῦ
2529 4710 2723 4782 θνητοῦ
2759 4710 3069 4783 κατισχύων
3100 4711 3310 4778 γένους,
3356 4704 3608 4762 Πλούτων
3643 4710 3747 4763 καὶ

2157 4803 2401 4868 Θάνατος
2427 4804 2772 4874 ὠνομάζετοο
2823 4803 2899 4866 ὡς
2939 4803 3051 4875 γὰρ
3099 4801 3461 4874 μηδετέρανῆ
3504 4801 3607 4873 τὴν
3650 4802 3745 4855 διὰ

2159 4900 2423 4965 γενέσεως
2451 4896 2596 4967 ζωὴν
2620 4896 2817 4960 ειδότες
2864 4898 2913 4951 οἱ
2938 4895 3050 4949 τότ’
3073 4894 3369 4965 ἄνθρωποι,
3411 4893 3510 4965 τὴν
3529 4893 3747 4965 ’ζαὴς

468 4979 609 5034 ritus
657 4993 722 5033 ac
750 4980 1053 5038 dissolutio.
1083 4981 1163 5038 Ac
1205 4984 1355 5052 prior
1397 4984 1616 5053 quidem
1646 4984 1736 5040 ille
1781 4985 1939 5052 deus,
1974 4995 2050 5040 ut-

2163 4987 2342 5040 αὶτίαν
2370 4987 2466 5040 καὶ
2510 4986 2749 5056 γένεσιν,
2799 4986 2922 5042 θεὸν
2978 4981 3117 5038 εἶναι
3145 4984 3477 5054 ἀπέφαινον·
3536 4983 3638 5035 καὶ
3666 4984 3747 5047 ὡς

468 5080 594 5143 pote
668 5074 1038 5141 generationis
1114 5089 1344 5144 auctor,
1419 5076 1643 5134 Veneris
1708 5078 1930 5132 nomine
1994 5090 2051 5135 et

541 5234 1216 5321 (“7)Ίξ”ιὲίγειρεμθρίαμϐον·ἔ
1268 5236 1484 5321 Melius“
1502 5236 1728 5321 dixisset
1761 5232 1865 5321 ἦγε
1891 5234 1964 5321 _[r.
1996 5237 2061 5309 ἦ·

468 5303 652 5377 γαγε]·
688 5303 793 5358 nun
814 5303 958 5384 enini
978 5303 1175 5360 dicitur
1194 5306 1428 5386 ἐγείρειν
1458 5306 1745 5378 θρίαμϐον,
1766 5303 1858 5362 sed
1882 5303 2057 5376 ἄγειν.

471 5376 548 5430 De
583 5387 782 5440 tropa-0
805 5376 1022 5442 quidem
1060 5388 1207 5431 recte
1236 5379 1338 5430 dict
1368 5386 1544 5442 potest.
1577 5376 1829 5442 ἐγείρειν.

543 5397 548 5427 ι
583 5394 782 5440 πορευο
805 5394 1022 5442 (ιυιυειιι
1060 5394 1207 5431 I'eCle
1236 5394 1338 5430 llICI
1368 5394 1544 5444 pOICSl
1577 5394 1829 5449 εγειρειν.

543 5444 619 5517 (8)
648 5446 804 5511 Ἥρω
826 5442 892 5517 τό
914 5443 1106 5512 νῖκος.
1132 5446 1659 5517 Christopliorsonns
1679 5448 1876 5517 legisse
1903 5447 2056 5500 vide-

474 5513 564 5568 tur
589 5514 760 5586 ῆρατο
788 5513 966 5577 νίκας,
995 5527 1103 5569 etc.
1156 5517 1221 5570 Et
1275 5520 1341 5570 de
1356 5513 1593 5570 Christo
1625 5513 1757 5571 liaec'
1779 5517 1885 5572 dici
1920 5531 2052 5570 cen-

472 5584 759 5653 suit."l:‘.g—o
784 5599 912 5636 vero
948 5601 1005 5638 re
1035 5586 1296 5640 attentius
1344 5589 1677 5650 examinata,
1718 5589 1831 5641 haec
1863 5587 1918 5640 in
1958 5601 2050 5638 se-

469 5656 903 5725 cundapersona
942 5654 1047 5708 dici
1100 5656 1485 5710 animadverti.
1537 5658 1849 5725 Alloquitur
1903 5656 2052 5725 enim

473 5722 740 5791 Eusebius
771 5723 946 5791 ipsum
980 5726 1385 5791 imperatorem.
1407 5726 1569 5779 Certe
1600 5722 1766 5780 verba
1791 5727 1878 5779 illa
1911 5723 2054 5777 κατὰ

472 5790 688 5844 πάντων
705 5788 973 5858 πολεμίων
989 5808 1045 5843 τε
1058 5788 1160 5845 ’καὶ
1181 5788 1486 5863 βαρϐάρων,
1510 5798 1576 5849 de
1603 5796 1926 5865 imperatore
1940 5796 2056 5849 [nec

2160 5078 2352 5150 μηκέτ’
2384 5077 2536 5142 ὄντες
2585 5078 2725 5150 μετὰ
2774 5078 3022 5143 θάνατον,
3061 5076 3290 5149 νικητὴν
3341 5074 3595 5129 ἁπάντων
3647 5078 3750 5133 καὶ

2167 5237 2272 5292 dici
2302 5238 2654 5292 convincunt.

2236 5306 2620 5378 (ευ-Νομάδες
2640 5305 2820 5371 τινές.
2856 5303 2994 5378 Male
3016 5304 3283 5378 interpres
3298 5311 3534 5370 pastores
3549 5302 3743 5351 vertit.

2162 5375 2277 5446 Ego
2304 5375 2548 5432 Graecam
2575 5393 2763 5431 vocem
2793 5376 3032 5430 retinere
3056 5377 3257 5434 malim,
3287 5383 3381 5424 aut
3409 5380 3560 5446 certe
3580 5386 3745 5446 vagos

2161 5439 2398 5501 vErtere.
2438 5445 2530 5501 Sic
2556 5448 2700 5500 enim
2731 5446 2910 5500 Latini
2928 5455 3127 5499 vocant
3150 5446 3434 5507 barbaros,
3461 5440 3555 5506 qui
3581 5439 3745 5506 equis

2162 5527 2257 5569 aut
2296 5516 2554 5584 plaustris
2585 5517 2913 5575 insidentes,
2950 5517 3053 5568 hac
3093 5514 3231 5584 illae
3273 5508 3746 5584 circumferuntur

2160 5579 2453 5640 sine—tecto
2482 5602 2546 5640 ac
2574 5586 2707 5640 lare.
2740 5585 3058 5649 l‘lujusmodi
3089 5582 3339 5636 homines
3388 5596 3454 5634 eo
3480 5579 3626 5646 quod
3658 5582 3745 5631 vi-

2161 5664 2283 5708 ctus
2313 5672 2479 5710 causa
2505 5658 2623 5710 loca
2673 5671 2869 5723 pascua
2910 5665 3293 5723 sectarentur,
3348 5650 3742 5723 νομάδες-ενοι

2159 5724 2489 5848 ἓὶρὲἱερειιιιο
2514 5734 2634 5793 post
2657 5719 2828 5783 codex
2854 5722 3163 5779 Fuk.habet
3180 5720 3573 5792 λυμαινόμενοι
3590 5719 3743 5781 ὅσαις

2197 5813 2225 5847 ν
2288 5812 2519 5848 war/to.
3030 5814 3037 5821 “

2197 5813 2225 5847 ν
2255 5812 2519 5850 ουναιντο.
3030 5814 3037 5821 “
