3926 6264
482 362 623 418 1555

1186 354 1457 414 EUSEBII
1495 353 1976 431 CESd-RIEIVSIS
2014 352 2164 410 OPP.
2208 352 2384 408 PARS
2420 353 2461 409 Ι.
2501 382 2571 393 -
2608 350 2998 409 HISTORICA.

3568 358 3687 413 1356

480 494 605 534 num
635 494 834 535 numen
864 475 1049 533 colere
1098 484 1260 543 atque
1316 476 1612 529 observare
1668 473 2039 529 instituerunt.

2148 471 2399 542 βασιλέα⁸
2436 459 2662 542 θηλειῶν
2701 489 2761 525 τε
2801 471 3059 536 ὡσαύτως
3088 472 3327 527 νεανικαὶ
3370 472 3553 543 ψυχαὶ,
3594 479 3687 531 τῶν

476 569 557 623 Ad
591 570 735 623 hunc
765 566 980 620 modum
1030 564 1083 617 lii
1140 562 1355 633 quidem
1388 563 1593 617 insania
1630 563 1841 633 perciti,
1898 563 2043 618 viros

476 675 690 715 summo
725 657 966 713 omnium
1002 654 1315 724 imperatori
1361 656 1589 718 dicatos,
1616 655 1771 723 quasi
1800 655 2045 709 victimas

477 750 806 805 daemonibus
831 747 943 802 suis
965 747 1294 801 mactabant.
1318 745 1394 800 Illi
1423 761 1553 801 vero
1585 755 1769 816 utpote
1798 746 2043 816 generosi

476 858 615 897 verm
662 840 882 910 pietatis
933 847 1112 903 testes,
1156 849 1211 893 et
1237 839 1524 909 gloriosam
1551 854 1649 909 pro
1670 837 1914 893 veritatis
1946 837 2041 893 de-

474 939 719 993 fensione
764 946 994 993 mortem
1050 937 1169 992 vita:
1205 936 1306 1006 ipsi
1354 943 1684 1006 anteponere
1731 934 2041 1000 assuefacti,

477 1038 681 1084 tantam
730 1029 1026 1100 tyrannicae
1092 1027 1478 1084 dominationis
1531 1027 1844 1083 violentiam
1887 1027 2039 1082 nihili

473 1114 721 1170 fecerunt
761 1135 775 1170 :
812 1117 943 1186 quin
989 1115 1191 1184 potius,
1232 1116 1374 1170 sicut
1422 1114 1621 1171 milites
1667 1115 1763 1170 Dei
1794 1116 2039 1183 decebat,

474 1204 774 1261 tolerantia:
825 1206 994 1261 armis
1047 1206 1285 1274 muniti,
1351 1206 1579 1277 quodvis
1627 1207 1821 1263 mortis
1875 1223 2042 1278 genus

471 1297 747 1367 despectui
798 1298 1109 1353 habuerunt
1149 1314 1164 1350 :
1210 1298 1390 1367 ignem
1445 1297 1655 1352 scilicet
1710 1312 1773 1353 ac
1815 1296 2038 1365 ferrum,

470 1389 747 1444 clavorum
806 1389 1176 1459 conﬁxiones,
1233 1391 1473 1455 bestias,
1529 1390 1822 1460 profundos
1877 1391 2041 1445 maris

471 1480 733 1550 gurgites,
769 1480 1130 1536 abscissiones
1182 1480 1551 1536 membrorum
1581 1495 1647 1537 ac
1675 1480 2037 1551 perustiones,

472 1570 788 1627 eti‘ossioncs
829 1571 1130 1637 oculorum,
1171 1572 1340 1628 totius
1371 1574 1614 1642 corporis
1652 1572 2037 1638 mutilationes,

472 1664 670 1717 famem
706 1663 936 1731 denique
968 1674 1024 1717 et
1055 1662 1271 1717 metalla
1307 1678 1371 1717 ac
1399 1662 1631 1717 vincula.
1664 1662 1796 1730 Quae
1822 1664 2037 1733 quidem

470 1756 652 1810 omnia
691 1756 762 1812 ob
796 1770 1036 1810 amorem
1085 1770 1194 1825 quo
1230 1770 1359 1825 erga
1397 1755 1597 1826 Regem
1648 1770 1803 1810 suum
1840 1753 2037 1825 ﬂagra-

2145 568 2353 640 ἀνδρῶν
2380 567 2477 637 οὐχ
2514 561 2675 639 ἦττον
2700 563 3096 636 ὴρρενωμέναι,
3128 564 3183 614 αἱ
3226 562 3320 633 μὲν
3355 563 3479 625 τοὺς
3520 564 3689 626 αὐτοὺς

2141 663 2251 723 τοῖς
2265 658 2519 730 ἀνδράσιν
2536 658 2751 728 ἀγῶνας
2780 656 3103 717 ύποστᾶσαι,
3121 650 3218 708 ἶσα
3253 654 3353 725 τῆς
3387 655 3578 726 ἀρετῆς
3607 658 3691 709 άπ-

2142 751 2440 821 ηνέγκαντο
2468 750 2713 823 βραϐεῖα,
2738 751 2792 802 αἱ
2828 749 2874 802 δ’
2892 749 2984 801 ἐπὶ
3006 747 3180 818 φθορᾷ
3202 746 3305 799 τῶν
3337 746 3591 817 σωμάτων
3614 748 3689 800 t1-

2143 841 2390 912 κόμεναι,
2432 840 2623 894 θᾶττον
2659 839 2759 909 τὴν
2789 838 2965 909 ψυχὴν
2996 837 3227 906 θανάτῳ,
3266 836 3298 905 ἢ
3326 834 3388 888 τδ
3420 835 3571 906 σῶμα
3603 854 3692 890 πα-

2148 932 2477 1004 ραδεδώκασι
2510 932 2644 1002 (l2),
2687 930 2877 1002 μυρίαι
2911 946 2970 983 τε
3004 929 3158 983 ἄλλαι
3180 928 3313 1000 πρὸς
3343 927 3452 980 τῶν
3480 929 3591 980 κατ’
3615 928 3690 980 ἑθ-

2142 1043 2231 1089 νος
2280 1025 2575 1096 ἀρχόντων,
2618 1025 2873 1096 πορνείας
2919 1022 3145 1093 ἀπειλὴν
3198 1021 3317 1093 μηδ’
3356 1020 3541 1092 ἄκροις
3577 1021 3690 1074 ὠσὶν

2143 1116 2442 1171 ἐπακούσαι
2481 1115 2854 1186 δεδυνημέναι,
2894 1117 3001 1168 πᾶν
3058 1111 3197 1177 εἶδος
3250 1112 3690 1185 στρεϐλωτηρίων,

2142 1209 2322 1263 πᾶσάν
2352 1225 2410 1261 τε
2450 1207 2627 1279 ψῆφον
2672 1207 3040 1277 θανατηφόρον
3066 1204 3346 1277 εὐθαρσῶς
3385 1204 3688 1275 ὑπέστησαν.

2154 1302 2290 1355 Ἀλλ’
2325 1304 2373 1355 οἱ
2415 1301 2513 1373 μὲν
2560 1300 2654 1354 τοῦ
2692 1300 2927 1372 μεγάλου
2962 1298 3234 1360 Βασιλέως
3278 1296 3567 1368 πρόμαχοι,
3609 1298 3692 1361 τῆς

2142 1388 2399 1443 πολυθέου
2429 1394 2686 1462 στρατιᾶς
2714 1384 2816 1442 ὧδέ
2861 1406 2936 1460 πη
2964 1389 3091 1451 τοὺς
3116 1387 3307 1452 ἄθλους
3343 1386 3520 1457 ψυχῆς
3545 1389 3693 1459 ἐρρω-

2144 1482 2288 1554 μένῳ
2326 1482 2568 1554 λογισμῷ
2602 1480 3035 1553 κατηγωνίζοντο
3057 1497 3071 1510 ⁸
3110 1481 3161 1533 oi.
3185 1478 3227 1533 δ’
3258 1479 3445 1550 ἐχθροὶ
3476 1479 3551 1547 τῷ
3571 1479 3690 1550 Θεῷ,

2141 1575 2234 1629 καὶ
2262 1570 2363 1648 τῆς
2398 1574 2697 1648 ἀνθρώπων
2730 1574 2977 1645 πολέμιοι
3019 1573 3312 1643 σωτηρίας,
3362 1572 3556 1635 παντὸς
3584 1571 3694 1643 ἀνη-

2143 1666 2308 1737 μέρου
2347 1665 2618 1738 βαρϐάρου
2667 1667 2903 1738 χείρους,
2956 1664 3231 1728 τοιαύταις
3263 1663 3481 1734 ἔχαιρον
3505 1661 3691 1733 ἀνθρωα

2141 1756 2310 1810 πίνων
2348 1758 2592 1829 αἱμάτων
2626 1759 2877 1823 σπονδαῖς
2902 1775 2916 1789 ·
2965 1759 3015 1812 οἳ
3042 1760 3089 1811 τ’
3124 1753 3190 1811 αὖ
3220 1755 3427 1810 τούτων
3449 1756 3691 1827 ὑπηρέται

474 1850 627 1912 bant,
667 1849 920 1903 omnibus
969 1848 1129 1904 bonis
1179 1863 1245 1903 ac
1293 1847 1502 1903 deliciis
1531 1847 1742 1918 potiora
1794 1863 1913 1903 esse
1934 1848 2035 1903 sibi

2146 1848 2391 1914 τοιαύτας
2407 1852 2587 1915 αὐτοῖς
2603 1852 2897 1923 προπόσεις
2917 1851 2976 1917 ἐξ
3000 1851 3185 1906 ἀδίκου
3215 1850 3524 1922 μιαιφονίας
3546 1850 3690 1921 πρού-

470 1950 874 2011 persuaserant.
917 1939 1166 1996 Mulieres
1189 1955 1402 2013 quoque
1436 1957 1540 1997 non
1574 1940 1768 1996 minori
1800 1943 2037 2012 praedita:

473 2035 670 2090 robore
711 2049 872 2103 quam
903 2035 1025 2100 viri,
1070 2034 1187 2089 alia;
1224 2033 1413 2089 eadem
1454 2049 1574 2104 quae
1607 2034 1707 2089 viri
1739 2036 2035 2089 certamina

473 2125 789 2192 subeuntes,
842 2124 1069 2194 aequalia
1121 2124 1339 2178 virtutis
1385 2125 1589 2194 adepta:
1625 2134 1751 2179 sunt
1794 2125 2032 2194 pratmia.

470 2220 604 2274 Aliae
654 2234 777 2274 cum
828 2226 1153 2288 raperentur
1203 2218 1270 2272 ad
1331 2227 1614 2288 stuprum,
1667 2217 1832 2271 vitam
1877 2215 2038 2272 citius

473 2328 634 2379 quam
675 2313 932 2384 pudorem
963 2311 1203 2383 corporis
1237 2311 1317 2366 sui
1369 2310 1602 2381 prodere
1645 2311 2034 2367 sustinuerunt.

475 2403 757 2459 Sexcentaa
809 2404 938 2460 item
969 2404 1107 2470 aliae,
1142 2417 1264 2458 cum
1311 2401 1483 2471 stupri
1526 2402 1702 2460 minas
1749 2417 1884 2472 quas
1916 2419 2038 2472 pro-

470 2496 773 2550 vinciarum
821 2495 1081 2565 praesides
1135 2495 1270 2565 ipsis
1318 2492 1674 2561 intentabant,
1732 2508 1800 2549 ne
1854 2495 2036 2548 auditu

471 2590 687 2660 quidem
717 2597 874 2644 tenus
910 2588 1055 2644 ferre
1085 2587 1407 2657 potuissent,
1434 2587 1617 2644 omnia
1644 2596 2036 2643 tormentorum

470 2696 691 2752 genera,
722 2689 775 2735 et
806 2695 1182 2751 quamcunque
1214 2681 1500 2751 capitalem
1544 2681 1870 2736 sententiam
1913 2678 2037 2734 forti

472 2775 653 2829 animo
676 2771 839 2845 623
877 2771 1238 2842 pertulerunt.
1277 2772 1361 2826 Ad
1409 2771 1556 2827 hunc
1591 2771 1807 2827 modum
1842 2770 2037 2825 summi

468 2867 715 2922 omnium
789 2864 1138 2935 imperatoris
1193 2864 1289 2919 Dei
1345 2863 1721 2931 antesignani,
1779 2862 2040 2917 adversus

470 2958 772 3013 exercitum
815 2957 1014 3012 multos
1070 2956 1361 3012 colentium
1417 2956 1544 3012 deos
1612 2954 1904 3011 fortissime
1942 2954 2038 3009 de-

472 3051 777 3105 certabant.
809 3049 1089 3105 Daamones
1118 3062 1247 3103 vero
1278 3057 1460 3116 utpote
1493 3049 1677 3103 hostes
1707 3046 1824 3113 Dei,
1856 3055 1913 3103 et
1941 3047 2042 3101 hu-

473 3159 648 3198 manm
694 3142 885 3197 salutis
909 3140 1139 3205 inimici,
1172 3140 1452 3210 quibusvis
1498 3140 1748 3196 barbaris
1771 3138 2041 3196 crudelio-

473 3252 583 3302 res,
617 3235 881 3304 ejusmodi
928 3232 1278 3289 libationibus
1311 3232 1528 3286 humani
1558 3233 1771 3286 cruoris
1799 3231 2041 3287 delecta-

474 3331 695 3386 bantur.
735 3326 1047 3394 Eorumque
1094 3326 1369 3395 adjutores
1420 3334 1474 3380 et
1527 3324 1856 3389 administri,
1915 3324 2041 3379 talia

434 3427 438 3430 ‘
475 3422 606 3491 ipsis
632 3420 819 3490 pocula
841 3434 909 3475 ex
938 3417 1155 3486 injustis
1180 3416 1415 3472 caedibus
1441 3415 1833 3486 propinabant:
1865 3414 2041 3470 dirum

473 3514 580 3571 hoc
632 3524 796 3582 atque
822 3513 1050 3584 impium
1099 3511 1350 3582 epulum,
1385 3510 1451 3565 ad
1498 3510 1791 3580 perniciem
1826 3510 2044 3579 generis

474 3608 701 3663 humani
759 3609 842 3665 eis
892 3609 1216 3677 praebentes.
1256 3604 1387 3671 Quae
1412 3619 1535 3659 cum
1566 3604 1637 3657 ita
1667 3618 1727 3658 se
1757 3602 2041 3669 haberent,

474 3717 665 3757 eorum
698 3701 791 3771 qui
836 3699 1289 3769 opprimebantur
1341 3695 1481 3751 Deus
1510 3711 1573 3749 ac
1615 3685 1869 3750 Dominus
1913 3695 2040 3765 quid

476 3794 662 3849 facere
711 3791 936 3849 debuit?
1000 3790 1194 3847 Utrum
1247 3788 1693 3843 charissimorum
1764 3787 2041 3844 hominum

475 3887 706 3944 salutem
739 3885 1033 3956 negligere,
1088 3892 1145 3939 et
1196 3881 1494 3937 familiares
1523 3894 1653 3937 suos
1681 3881 1822 3935 hunc
1853 3881 1904 3935 in
1929 3895 2044 3935 mo-

478 3982 606 4035 dum
652 3985 987 4049 oppugnatos
1018 3974 1337 4045 despicere?
1379 3971 1541 4043 Atqui
1574 3987 1677 4028 nec
1713 3973 2043 4044 gubernator

477 4071 571 4125 ille
606 4072 842 4140 prudens
871 4083 1108 4139 unquam
1145 4066 1251 4123 dici
1271 4074 1491 4135 posset,
1519 4064 1610 4134 qui
1648 4079 1838 4119 navem
1881 4066 2042 4121 simul

475 4179 601 4219 cum
635 4162 766 4232 ipsis
801 4160 1113 4215 vectoribus
1140 4158 1307 4228 mergi
1342 4157 1576 4222 sineret;
1620 4171 1720 4211 nec
1749 4156 2042 4225 quidquam

476 4260 546 4313 ad
573 4254 944 4322 navigantium
963 4253 1190 4307 salutem
1214 4250 1435 4306 solertia
1466 4265 1562 4305 sua
1590 4258 1753 4317 atque
1776 4248 2043 4303 industria

476 4345 812 4404 contulisset.
850 4342 1033 4412 Neque
1072 4342 1179 4397 dux
1216 4340 1302 4395 ille
1324 4348 1516 4396 cautus
1551 4353 1787 4409 unquam
1815 4348 1869 4394 et
1919 4353 2042 4406 pro-

477 4442 637 4494 vidus
660 4438 957 4499 diceretur,
984 4436 1076 4505 qui
1118 4433 1457 4488 necessarios
1488 4446 1619 4487 suos
1648 4431 1847 4486 inultos
1879 4439 2044 4499 atque

2139 1958 2320 2007 πινον,
2365 1942 2566 2015 πικράν
2612 1944 2813 2015 ταύτην
2881 1943 2974 1997 καὶ
3026 1944 3197 2015 ἀσεϐῆ
3247 1941 3564 1997 πανδαισίαν
3595 1942 3689 2013 (15)

2139 2037 2224 2089 ἐπ’
2240 2035 2444 2108 ὀλέθρῳ
2459 2036 2551 2090 τοῦ
2573 2038 2753 2092 κοινοῦ
2779 2038 2970 2106 γένους
2986 2039 3169 2103 αὐτοῖς
3190 2034 3688 2109 παρασκευάζοντες.

2140 2128 2357 2183 Τούτων
2397 2122 2498 2182 ὧδε
2523 2131 2775 2201 ἐχόντων,
2800 2131 2901 2184 τίν’
2934 2131 3101 2203 ἐχρῆν
3129 2130 3220 2184 τὸν
3249 2130 3361 2183 τῶν
3391 2145 3691 2183 καταπονου-

2144 2222 2320 2293 μένων
2343 2221 2567 2293 βασιλέα
2594 2223 2727 2278 Θεὸν
2754 2222 3189 2296 διαπράξασθαι;
3211 2218 3363 2295 ’Ἃρά
3388 2239 3451 2292 γε
3476 2222 3568 2294 τὴν
3594 2222 3686 2275 τῶν

2142 2313 2413 2384 φιλτάτων
2466 2314 2756 2387 παρελθεῖν
2808 2316 3105 2386 σωτηρίαν,
3153 2316 3248 2368 καί⁵
3282 2313 3525 2385 παριδεῖν
3573 2312 3691 2367 οὔτω

2140 2407 2266 2470 τοὺς
2286 2406 2519 2471 οἰκείους
2552 2408 3071 2480 πολιορκουμένους;
3114 2407 3252 2459 Ἀλλ’
3282 2406 3411 2460 οὔτε
3456 2406 3689 2479 κυϐερνή-

2140 2515 2240 2569 της
2263 2496 2418 2551 οὔπω
2454 2500 2573 2552 ποτ’
2602 2498 2669 2553 ἂν
2700 2498 2918 2570 λεχθείη
2952 2498 3062 2569 (14)
3092 2498 3271 2567 σοφὸς,
3304 2499 3357 2550 εί
3384 2497 3519 2551 κατά
3543 2496 3690 2568 βυθῶν

2144 2589 2439 2663 αὔτανδρον
2456 2592 2517 2645 τὸ
2540 2592 2744 2663 σκάφος
2762 2590 3007 2657 ἐκδώσει,
3028 2591 3193 2663 μηδὲν
3214 2592 3350 2662 παρ’
3371 2590 3556 2644 ἑαυτοῦ
3579 2591 3690 2663 πρὸς

2141 2682 2240 2753 τὴν
2282 2681 2391 2737 τῶν
2427 2683 2770 2754 ἐμπλεόντων
2814 2684 3085 2756 σωτηρίαν
3144 2672 3544 2757 πορισάμενοςο
3588 2683 3688 2737 οὔτε

2145 2775 2449 2847 στρατηγὸς
2498 2774 2651 2829 οὔπω
2695 2778 2812 2829 ποτ’
2838 2776 2904 2830 ἂν
2939 2777 3148 2845 γένοιτο
3196 2778 3426 2847 ἀφειδὴς
3472 2776 3596 2847 (15),
3628 2776 3689 2839 ὡς

2143 2871 2269 2934 τοὺς
2291 2869 2453 2923 αὐτοῦ
2480 2870 2789 2942 γνωρίμους
2824 2871 3135 2944 ἀτιμωρητὶ
3164 2876 3277 2937 τοῖς
3308 2872 3519 2943 ὲχθροῖς
3542 2888 3689 2944 παρα-

2145 2962 2422 3035 χωρῆσαι·
2472 2963 2585 3018 ἀλλ’
2622 2964 2742 3017 οὐδὲ
2770 2966 2974 3036 ποιμὴν
3008 2965 3232 3035 ἀγαθὸς,
3271 2965 3377 3037 τῆς
3413 2964 3567 3018 αὑτοῦ
3594 2965 3689 3017 ποί-

2149 3072 2288 3126 μνης
2318 3054 2379 3108 τὸ
2432 3051 2843 3126 πεπλανημένον
2880 3056 3107 3120 ἀπαθῶς
3141 3057 3361 3129 παρίδοι
3398 3057 3463 3110 ἂν
3503 3054 3689 3129 θρέμμα

2147 3147 2283 3220 (16),
2316 3146 2451 3201 ἀλλά
2476 3146 2546 3200 τά
2570 3148 2667 3218 μὲν
2694 3144 2752 3202 εὖ
2783 3148 2975 3224 ἔχοντα
3007 3148 3174 3219 αὐτῷ,
3202 3149 3259 3203 ἐν
3287 3149 3518 3219 ἀσφαλεῖ
3535 3148 3689 3217 κείμεη

2143 3258 2209 3294 να
2232 3239 2564 3310 καταλείψει,
2587 3240 2687 3311 τῆς
2714 3239 2770 3293 δὲ
2789 3240 2882 3293 τού
2910 3240 3156 3312 πεπλανη
3165 3240 3330 3313 μένου
3364 3242 3519 3312 χάριν
3550 3255 3689 3308 σωτη-

2149 3334 2287 3405 ρίας,
2329 3333 2436 3386 πᾶν
2479 3332 2655 3397 ὁτιοῦν
2689 3334 2782 3387 καὶ
2801 3333 3002 3399 πάθοι,
3048 3335 3097 3387 εἰ
3145 3335 3240 3387 καὶ
3287 3335 3431 3406 πρὸς
3460 3332 3611 3405 θῆρας
3636 3333 3685 3383 ἀ-

2142 3423 2327 3497 γρίους
2344 3422 2723 3495 συμπλακῆναι
2741 3424 2866 3478 δέοι.
2897 3424 3031 3478 Ἀλλ’
3047 3427 3146 3479 οὐκ
3163 3421 3230 3496 ἦν
3257 3425 3453 3495 ἀλόγου
3478 3424 3687 3496 θρέμμα-

2145 3533 2235 3580 τος
2266 3518 2299 3587 ὴ
2336 3514 2537 3586 σπουδὴ
2574 3515 2654 3586 τῷ
2692 3516 3192 3588 μεγάλῳ’Βασιλεῖ,
3224 3516 3285 3569 τὸ
3321 3516 3386 3587 δὴ
3419 3518 3521 3567 πᾶν
3545 3513 3683 3581 αὐτῷ.

2143 3609 2242 3679 τῆς
2266 3608 2470 3671 οἰκείας
2497 3609 2751 3678 στρατιᾶς
2778 3609 2872 3663 καὶ
2897 3607 3005 3661 τῶν
3030 3608 3096 3661 δι’
3121 3608 3282 3662 αὐτὸν
3305 3605 3683 3679 πολεμουμένων

2144 3700 2325 3771 χάριν,
2369 3698 2760 3762 ἐσπουδάζετο·
2800 3694 2874 3753 ῶν
2905 3702 3030 3765 τοὺς
3056 3700 3272 3770 ἀγῶνας
3293 3701 3392 3755 καὶ
3418 3703 3537 3763 τοὺς
3570 3699 3683 3768 ὑπὲρ

2145 3789 2423 3852 εὐσεϐείας
2459 3787 2653 3852 ἄθλους
2685 3789 3102 3860 ἀποδεξάμενος,
3150 3791 3277 3854 τοὺς
3323 3793 3419 3863 μὲν
3448 3790 3537 3862 τὴν
3575 3788 3683 3860 πρὸς

2146 3880 2307 3933 αὐτὸν
2338 3865 2719 3949 στειλαμένους
2757 3879 3003 3949 πορείαν,
3028 3881 3140 3942 τοῖς
3169 3880 3299 3951 παρ’
3332 3879 3477 3950 αὐτῷ
3498 3894 3679 3948 νικηςηα

2150 3972 2285 4045 ρίοις
2313 3974 2552 4043 τιμήσας
2582 3972 2717 4044 (l7),
2761 3974 2880 4035 ταῖς
2910 3972 3029 4026 κατ’
3060 3973 3285 4044 οὐρανὸν
3312 3973 3606 4043 ἀγγελικαῖς
3622 3970 3682 4022 ἐν·

2148 4067 2353 4137 ἐγραφε
2375 4065 2609 4137 χορείαις
2627 4082 2641 4096 ·
2662 4065 2787 4127 τοὺς
2809 4064 2851 4117 δ’
2876 4066 2967 4118 ἐπὶ
2981 4065 3085 4136 γῆν
3106 4065 3422 4135 ἐφύλαττεν,
3445 4065 3680 4126 εὐσεϐείας

2146 4157 2374 4230 ζώπυρα
2418 4158 2708 4230 σπέρματα
2749 4160 2861 4222 τοῖς
2902 4158 3193 4228 ὀψιγόνοις,
3229 4157 3424 4234 θεατάς
3465 4158 3569 4228 ἅμα
3602 4156 3679 4225 τῆς

2146 4251 2287 4304 κατά
2326 4250 2434 4304 τῶν
2466 4250 2678 4304 ἀσεϐῶν
2705 4249 2882 4321 δίκης,
2916 4250 3132 4320 καὶτῆς
3169 4250 3277 4304 τῶν
3320 4246 3678 4320 πεπραγμένων

2147 4341 2384 4412 ἱστορίας
2412 4339 2679 4411 ἐξηγητὰς
2697 4338 3090 4410 γενησομένους
3108 4355 3121 4368 ·
3151 4335 3246 4391 εἶτ’
3267 4340 3359 4393 ἐπὶ
3383 4339 3476 4409 τὴν
3503 4338 3677 4408 ἄμυναν

2144 4433 2252 4486 τῶν
2296 4432 2566 4503 πολεμίων
2606 4432 2700 4503 τὴν
2733 4430 2896 4496 αὐτοῦ
2938 4430 3118 4497 δεξιὰν
3156 4432 3423 4497 ἐκτείνας,
3459 4431 3555 4483 ὑπὸ
3579 4428 3676 4482 νεύ-

479 4531 790 4588 indefensos
828 4528 1079 4585 hostibus
1121 4525 1462 4596 prodidisset.
1504 4523 1610 4580 Sed
1653 4537 1830 4593 neque
1869 4522 2040 4578 bonus

2146 4542 2296 4596 ματι,
2340 4527 2464 4587 τοὺς
2515 4525 2612 4595 μὲν
2651 4525 2859 4596 ἀθρόως
2896 4525 3121 4594 ἀφανεῖς
3171 4525 3548 4595 κατεστήσατο,
3585 4520 3677 4588 θεη-

476 4634 665 4697 pastor
690 4639 846 4682 ovem
887 4620 1068 4693 gregis
1095 4623 1179 4675 sui
1220 4633 1250 4674 a
1281 4618 1489 4689 reliquo
1515 4617 1729 4688 agmine
1781 4617 2040 4673 aberran-

2144 4616 2324 4679 λάτοις
2384 4616 2615 4686 πληγαῖς
2659 4616 3239 4687 προτιμωρησάμενος,
3293 4615 3487 4678 αὐτούς
3536 4630 3587 4666 τε
3617 4613 3676 4665 οξ-

558 4830 773 4907 (ηγει
790 4792 1064 4907 εὸῗᾳῷμα
1081 4822 1567 4907 μαραδεξώᾳαψ.
1612 4822 1668 4877 ln
1703 4821 1843 4907 libro
1863 4831 2040 4907 octava

2150 4834 2223 4907 ac
2258 4817 2678 4907 fe‘recinimalam
2708 4830 2914 4907 partem
2943 4823 3081 4907 sumi
3122 4824 3429 4907 soleanvox
3465 4817 3672 4907 ἀφειδῄς.

486 4894 743 4955 Historia:
778 4894 1170 4951 Ecclesiasticre
1192 4937 1209 4961 ,
1240 4895 1383 4948 unde
1420 4895 1536 4947 haec
1560 4906 1699 4961 pene
1733 4894 1799 4947 ad
1829 4894 2054 4947 verbum

445 4969 752 5022 --tr;mslata
778 4975 938 5032 sunt,
990 4967 1191 5023 rectius
1218 4964 1414 5034 legitur
1444 4962 1480 5034 ἦ
1511 4962 1573 5015 τὸ
1599 4962 1757 5036 σῶμα
1779 4965 1845 5034 τῇ
1883 4962 2058 5033 φθορᾷ

487 5057 565 5092 πα
574 5036 925 5109 ραδεδὼκασι.

1085 5106 1307 5173 ταύτην
1321 5105 1420 5179 καί
1432 5082 1652 5179 εὐσεϐῆ
1674 5101 2056 5179 πανδαισίαν.

485 5173 631 5247 Lego
651 5173 832 5248 ἀσεϐῆ
862 5173 984 5232 cum
1029 5176 1349 5244 interprete.
1388 5176 1445 5229 ln
1476 5174 1612 5228 Fuk.
1645 5173 1766 5228 cod.
1798 5174 2057 5242 scriptum

483 5262 568 5306 est
591 5248 843 5306 δυσσεϐῆ.
1970 5300 1975 5303 1

557 5265 845 5390 ἒῖῗῗῗέἓέ
867 5315 1242 5390 ,κυϐερνήτης
1289 5315 1453 5390 οὔπω
1497 5316 1623 5390 πίστ’
1663 5313 1740 5367 ἄν
1767 5300 2042 5390 Δλεχθείη..

485 5379 664 5445 Malim
702 5390 941 5444 scribere
960 5379 1081 5441 οὔτε
1112 5379 1447 5457 κυϐερνήτης
1480 5379 1635 5448 οὗτός
1664 5385 1780 5436 ποτ’
1812 5379 1898 5449 ἄν,
1939 5392 2043 5457 etc.

487 5462 580 5515 Sic
628 5460 682 5512 in
738 5469 997 5527 sequente
1050 5451 1699 5527 periodogc'orrigendum
1745 5464 1874 5527 puto
1922 5451 2044 5507 οὔτε

491 5528 790 5601 στραῖηγὺς
815 5522 973 5601 οὗτός
1012 5522 1128 5583 ποτ’
1152 5525 1217 5601 ᾂν
1244 5526 1452 5601 γένοιτο
1474 5522 1857 5595 Ὗάφειδὴς,⁷ὡς,
1891 5533 1997 5576 etc.
2025 5560 2042 5588 ,

489 5593 578 5654 ubi
613 5593 765 5661 οὗτος
791 5600 1007 5666 ponitur
1033 5613 1126 5665 pro
1157 5593 1381 5666 ἐκεῖνος.

563 5670 671 5739 (ιδ)
697 5660 935 5722 Γέιῖοιτο
974 5660 1240 5739 ἀφειδὴς.
1290 5665 1415 5739 _Scio
1458 5665 1674 5739 quidem
1709 5661 1903 5739 ἀφειδῆ
1938 5660 2043 5739 t_l_ici

489 5731 874 5809 posse'ducem
923 5731 1029 5809 qui
1054 5731 1677 5809 sumnipsiusviitenon
1707 5731 1907 5809 parcit.
1938 5731 2047 5809 νβ-

484 5801 610 5866 ἓυιιι
642 5821 764 5862 cum
806 5807 918 5863 haec
943 5801 1066 5859 laus
1117 5801 1301 5859 militis
1362 5806 1430 5860 sit
1462 5804 1638 5874 potius
1666 5818 1825 5873 quant
1877 5801 2048 5867 duris,

2158 4889 2691 4964 libentiushocloco
2722 4893 2951 4964 legerem
2989 4893 3354 4964 eocpetliﬁg,-id
3389 4901 3487 4957 est,
3504 4897 3673 4964 cautus

2158 4976 2222 5015 ac
2249 4960 2508 5028 providus
2529 4959 2745 5016 ductor.
2764 4957 2853 5016 Sic
2878 4957 3459 5022 AmmXMar'cellinus,
3486 4961 3545 5014 de
3568 4957 3674 5028 Cor-

2159 5026 2358 5085 bulone
2386 5031 2744 5086 celeberrimo
2779 5032 3146 5086 Romanorum
3180 5036 3317 5086 duce
3343 5032 3570 5098 loquens,
3594 5026 3672 5085 ait.

2162 5099 2563 5154 Provinciarum
2604 5100 2741 5167 ﬁdus
2784 5102 3027 5170 defensor
3071 5110 3120 5155 et
3150 5112 3355 5155 cautus.
3383 5100 3437 5155 Si
3467 5097 3671 5170 quisu-

2160 5185 2285 5224 men
2315 5165 2911 5238 vulgatam‘lectionem
2944 5173 3177 5227 retinere
3211 5171 3361 5225 malit
3388 5210 3405 5236 ,
3453 5165 3668 5236 equidem

2157 5254 2263 5294 non
2299 5242 2724 5309 repugnaverint.

2228 5301 2527 5380 (l6)'VGIg.
2556 5310 2791 5379 παρίδοι
2833 5309 3157 5380 ἁγδρέμμα.
3191 5309 3384 5365 Facilis
3405 5315 3512 5380 erat
3536 5301 3666 5369 hujus

2155 5378 2257 5449 loci
2287 5378 2577 5449 cerrectlo.
2603 5382 2733 5446 Quis
2755 5383 2895 5435 enim
2914 5378 3023 5434 non
3049 5378 3195 5435 videt
3217 5378 3664 5449 scribendumfsfe

2154 5442 2367 5530 παρίδοι
2399 5448 2464 5501 ἂν
2495 5436 2737 5530 θρέμῖμα,
2776 5454 3047 5520 quomodo
3069 5451 3235 5506 etiam
3278 5451 3330 5504 in
3358 5446 3528 5502 codice
3553 5436 3662 5495 Fuit.

2151 5531 2413 5583 Scrlpllllll
2451 5536 2644 5589 reperi.

2157 5658 2172 5660 μ
2219 5589 2329 5659 (i7)
2360 5587 2514 5658 Vulg.
2542 5589 2665 5656 τοῖς
2695 5592 2827 5660 παρ’
2848 5589 3046 5645 αὐτῶν
3063 5589 3414 5660 νικητηρίοις
3426 5581 3661 5660 τιμήσᾳς-

2151 5650 2295 5732 [δεδέο
2309 5650 2439 5732 ίπαρ“
2455 5650 2623 5730 ἇύτῷ,
2640 5650 2701 5713 ut
2718 5650 2862 5731 loqui
2880 5663 3017 5716 solet
3034 5650 3587 5732 Eusebiusl’aulo'post
3601 5650 3661 5699 le-

2154 5730 2401 5803 gendum
2418 5742 2500 5785 est
2524 5730 2795 5803 ἐξηγηταὶ
2818 5732 3189 5803 γενησόμενοι.
3215 5731 3492 5797 Utramque
3506 5732 3657 5799 eluen-

2157 5799 2431 5856 dationem
2463 5799 2748 5857 continuat
2774 5799 2947 5858 cOdex'
2977 5799 3112 5857 rut.
