3926 6264
259 319 392 373 i357

1387 321 1474 376 DE
1508 321 1851 380 LAUDIBUS
1882 324 2363 381 CONSTANTINI.

3361 333 3500 390 £558

252 437 421 500 κείοις
445 437 670 508 χείλεσι,
697 440 790 507 τὴν
825 439 1148 510 παλινῳδίαν
1176 440 1272 510 τῆς
1305 440 1411 492 τῶν
1444 439 1806 512 πεπλημμελη

1940 455 2067 506 tem,
2118 445 2324 513 absque
2361 445 2470 498 ullo
2511 445 2711 500 doloris
2758 463 2922 503 sensu
2974 421 3316 518 negiexerit;
3369 455 3530 521 quin.

253 526 430 600 μένων
459 530 644 598 σφίσιν
676 531 875 594 αὐτοῖς,
908 531 1002 583 καὶ
1035 531 1110 603 μὴ
1141 530 1503 602 βουλομένοις,
1535 528 1664 603 ᾇσαι
1695 549 1827 586 κατ-

249 623 600 690 αναγκάσαςο
663 623 788 688 τοὺς
835 623 880 677 δ’
914 623 1022 678 ἀπὸ
1070 623 1256 696 χθονὸς
1312 625 1553 696 ἤγειρεν,
1611 624 1830 694 ὑψώσας

247 712 378 776 τοὺς
409 712 576 766 πάλαι
619 716 906 779 ταπεινοὺς
952 716 1050 769 καὶ
1094 716 1232 788 πρὸς
1266 716 1521 771 ἁπάντων
1582 719 1829 786 ἀπεγνω-

250 802 505 873 σμένους.
538 805 648 857 Καὶ
670 805 812 858 τοῦθ’
838 807 867 859 ὁ
900 806 1070 878 μέγας
1091 807 1349 871 Βασιλεὺς
1371 808 1653 880 οὐρανόθεν
1671 811 1760 882 ὲνή
1771 828 1829 882 ρ-

248 910 360 959 γει,
379 895 605 966 ὁπλίτην
642 895 850 966 ἄμαχον
875 897 965 950 τὸν
992 898 1154 951 αὐτοῦ
1181 899 1486 970 θεράποντα
1522 901 1832 971 προστησά-

253 1003 413 1057 μενος
437 1005 451 1018 ο
500 989 678 1060 χαίρει
728 990 836 1062 γὰρ
880 984 980 1044 ὧδε
1023 993 1507 1064 προσφωνούμενος
1551 993 1830 1059 εὐσεϐείας

249 1077 524 1150 ὑπερϐολῇ
563 1080 844 1149 βασιλεὺς·
889 1083 948 1135 ὃν
981 1082 1044 1154 δὴ
1083 1086 1308 1156 νικητὴν
1341 1085 1540 1149 παντὸς
1577 1087 1672 1139 τοῦ
1720 1087 1828 1140 τῶν

251 1169 526 1240 πολεμίων
571 1172 816 1244 ἀπέφηνε
875 1176 1082 1244 γένους,
1118 1177 1215 1231 ἕνα
1245 1181 1388 1230 κατὰ
1425 1178 1634 1230 πολλῶν
1687 1181 1830 1248 ἐγεί-

247 1276 384 1329 ρας’
438 1261 485 1312 oi
527 1261 624 1332 μὲν
657 1263 764 1333 γὰρ
807 1259 947 1335 ἦσαν
1001 1267 1206 1338 μυρίοι,
1261 1269 1444 1322 πολλοί
1491 1287 1549 1322 τε
1596 1270 1826 1336 πολλῶν,

247 1349 346 1403 ἅτε
399 1351 668 1422 δαιμόνων
727 1357 838 1426 (18)
897 1358 1059 1427 φίλοι,
1115 1360 1313 1431 μᾶλλον
1349 1361 1405 1414 δὲ
1461 1361 1610 1414 οὐδὲν
1661 1359 1826 1434 ἦσαν,

244 1441 370 1495 ὅθεν
390 1444 503 1496 οὐδ’
537 1446 674 1500 εἰσίν
705 1447 850 1518 (19)·
886 1452 914 1502 ὁ
939 1450 983 1504 δ’
1011 1451 1069 1518 ἐξ
1103 1453 1219 1517 ἐνὸς
1254 1447 1333 1518 εἷς
1366 1454 1638 1524 βασιλεὺς,
1662 1456 1826 1510 εἰκὼν

243 1535 366 1599 ἐνὸς
389 1537 483 1589 τοῦ
519 1540 904 1610 παμϐασιλέως
927 1559 940 1571 ·
976 1544 1070 1598 καὶ
1096 1546 1146 1596 οἱ
1176 1544 1294 1614 μὲν,
1336 1544 1479 1616 ἀθέῳ
1503 1545 1669 1618 ψυχῇ,
1704 1550 1828 1612 τοὺς

243 1628 492 1693 εὐσεϐεῖς
533 1631 732 1704 ἀνδρας
767 1634 1070 1704 μιαιφόνοις
1113 1635 1346 1708 ἀνῄρουν
1382 1640 1646 1707 σφαγαῖς
1689 1643 1718 1693 ὁ
1746 1639 1823 1704 δὲ,

242 1719 337 1772 τὸν
369 1721 535 1774 αὐτοῦ
564 1723 794 1795 Σωτῆρα
831 1727 1183 1799 μιμούμενος,
1219 1729 1314 1782 καὶ
1343 1728 1502 1797 μόνον
1534 1728 1724 1794 σώζειν
1747 1733 1825 1783 εί-

241 1810 370 1876 δὼς,
419 1815 674 1880 καὶτοὺς
729 1817 922 1883 ἀθέους
970 1820 1195 1884 ἔσωζεν.
1242 1820 1484 1874 εὐσεϐεῖν
1536 1821 1819 1878 διδάσκων.
1858 1795 1903 1854 Β

241 1899 380 1967 Εἴθ’,
415 1902 504 1960 οἷιι
528 1910 753 1980 νικητὴς
780 1910 1012 1982 ἀληθῶς,
1046 1913 1106 1966 τὸ
1130 1913 1303 1968 διττὸν
1333 1915 1508 1968 ἐκεῖνο
1537 1914 1826 1988 βαρϐάρων

239 1996 398 2048 ἐνίκα
420 1999 596 2065 γένος,
651 2002 860 2074 ἀνδρῶν
898 2004 997 2075 μὲν
1035 2005 1104 2058 τὰ
1135 2005 1385 2078 ἀνήμερα
1408 2005 1549 2076 φῦλα
1580 2005 1826 2076 λογικαῖς

238 2086 527 2178 ὲξημερῶν
580 2094 916 2164 πρεσϐείαις,
960 2098 1054 2150 καὶ
1093 2099 1219 2160 τοὺς
1265 2098 1579 2178 κρείτετονας
1629 2099 1825 2153 εἰδέναι

238 2177 334 2229 καὶ
377 2179 452 2251 μὴ
485 2182 697 2250 ἀγνοεῖν
732 2185 1148 2255 ἐπαναγκάζων,
1183 2187 1243 2252 ἐξ
1277 2177 1478 2259 ἀνόμου
1507 2207 1566 2243 τε
1599 2191 1693 2244 καὶ
1725 2190 1823 2262 θη-

242 2267 466 2345 ριώδους
496 2273 611 2343 βίου
648 2277 739 2330 ἐπὶ
769 2278 832 2331 τὸ
860 2278 1075 2348 λογικὸν
1105 2281 1200 2334 καὶ
1233 2281 1454 2351 νομικὸν
1487 2280 1824 2354 μεθαρμοζό-

245 2376 422 2426 ιιενος,
469 2365 530 2418 τὸ
556 2366 600 2419 δ’
625 2368 832 2432 ἀπηνὲς
866 2370 960 2424 καὶ
989 2361 1413 2443 ἀπηγριωμένον
1444 2375 1543 2444 τῆς
1583 2373 1822 2443 ἀφανοῦς

235 2445 507 2519 δαιμόνων
530 2455 766 2524 φύσεως,
807 2458 989 2530 ἔργοις
1018 2459 1200 2524 αὐτοῖς
1225 2460 1564 2532 ἀπελέγχων,
1593 2463 1698 2516 ὑπὸ
1721 2462 1817 2516 τοῦ

238 2541 546 2611 κρείττονος
578 2549 745 2602 πάλαι
779 2551 1129 2622 νενικημένον
1157 2551 1292 2623 (20).
1351 2553 1408 2605 '0
1442 2553 1540 2623 μὲν
1575 2552 1682 2625 γὰρ
1709 2571 1818 2606 κοι-

236 2644 326 2706 νὸς
363 2641 477 2696 τῶν
508 2641 645 2695 ὅλων
675 2641 868 2714 Σωιὲὴρ
893 2644 1020 2707 τοὺς
1044 2645 1270 2713 ἀφανεῖς
1303 2643 1524 2713 ἀφανῶς
1552 2643 1814 2716 ἠμύνατο,

232 2736 265 2788 ὁ
298 2735 345 2789 δ’
378 2731 467 2789 οἷα
502 2733 737 2804 μεγάλου
783 2733 1048 2804 βασιλέως
1091 2735 1352 2807 ὕπαρχος,
1399 2738 1510 2800 τοῖς
1534 2737 1819 2807 νενικημέ-

234 2845 351 2892 νοις
377 2827 594 2898 ἐπεξῄει
633 2826 767 2898 (21),
802 2827 926 2891 τοὺς
959 2827 1126 2881 πάλαι
1170 2829 1394 2900 νεκροὺς
1423 2828 1516 2882 καὶ
1544 2827 1819 2881 ἀπολωλό-

232 2934 333 2982 τας
359 2917 655 2981 σκυλεύων,
683 2919 777 2971 καὶ
803 2917 873 2972 τὰ
900 2918 1119 2991 λάφυρα
1138 2919 1405 2991 διανέμων
1431 2919 1677 2988 ἀφθόνως
1706 2922 1819 2984 τοῖς

233 3009 328 3063 τοῦ
359 3009 578 3080 νικητοῦ
604 3010 981 3082 στρατιώταις.

1933 536 2111 603 potius
2149 535 2364 590 caeteris
2410 534 2665 590 omnibus
2714 538 2911 605 quibus
2962 538 3099 593 bene
3134 549 3240 605 est,
3277 541 3330 596 in
3387 553 3500 596 tutu
3527 539 3548 557 "

1934 625 2162 690 relictis,
2193 628 2355 682 unius
2383 625 2501 696 ejus
2525 643 2648 698 qua:
2673 630 2970 696 aberravit,
3008 634 3288 688 servanda:
3330 649 3497 689 causa
3544 620 3546 624 ’

1932 719 2066 773 nihil
2095 735 2201 774 non
2235 720 2598 775 libentissime
2621 736 2881 791 passurus
2926 725 3030 790 sit;
3083 735 3306 794 paratus
3332 728 3498 780 etiam

1933 829 2054 868 cum
2091 813 2418 868 immanibus
2464 815 2678 879 bestiis,
2711 815 2755 869 si
2802 831 2938 884 opus
2979 825 3142 882 esset,
3184 817 3496 873 decernere.

1933 905 2087 960 Enim
2113 919 2243 960 vero
2273 920 2517 961 summus
2541 907 2784 961 omnium
2815 908 3143 972 moderator,
3170 923 3276 964 non
3311 910 3377 964 de
3401 923 3500 965 ove

1933 997 2161 1052 rationis
2189 1007 2412 1067 experte
2460 997 2741 1054 laborabat
2768 1016 2782 1053 :
2814 1001 2906 1055 sed
2942 1016 3042 1070 pro
3088 1000 3336 1057 exercitu
3379 1016 3499 1066 suo,

1930 1101 2027 1156 pro
2071 1088 2154 1143 his
2176 1088 2268 1158 qui
2297 1089 2467 1158 ipsius
2500 1105 2666 1144 causa
2693 1094 3159 1162 oppugnabantur,
3191 1092 3339 1146 omni
3368 1107 3499 1146 cura

1932 1192 1996 1232 ac
2028 1179 2208 1234 studio
2237 1179 2534 1250 satagebat.
2579 1179 2818 1247 Quorum
2848 1182 3144 1236 certamina
3173 1191 3228 1237 et
3255 1197 3352 1252 pro
3386 1183 3503 1250 pie-

1934 1276 2042 1323 tate
2086 1269 2393 1325 exantlatos
2439 1269 2655 1325 labores
2695 1286 2818 1326 cum
2870 1271 3074 1338 judicio
3117 1287 3216 1328 suo
3252 1288 3502 1342 compro-

1929 1363 2134 1428 basset,
2164 1377 2259 1418 eos
2297 1364 2512 1432 quidem
2559 1363 2650 1432 qui
2691 1363 2804 1433 jam
2835 1365 2901 1417 ad
2945 1365 3118 1433 ipsum
3149 1365 3498 1434 migrassent,

1932 1455 2348 1525 triumphalibus
2380 1456 2518 1525 apud
2572 1470 2630 1509 se
2661 1458 2995 1510 ornamentis
3038 1457 3344 1522 decoratos,
3382 1470 3497 1512 cm-

1929 1547 2157 1602 lestibus
2187 1549 2502 1619 angelorum
2559 1548 2743 1601 choris
2801 1548 3150 1617 ascripserat.
3195 1546 3346 1602 Alios
3369 1561 3500 1602 vero

1930 1639 2072 1694 velut
2108 1640 2344 1695 rediviva
2397 1641 2640 1709 quaedam
2691 1641 2907 1710 pietatis
2955 1639 3188 1707 semina,
3241 1639 3500 1694 adhucin

1937 1743 2078 1786 terra
2121 1731 2356 1786 servavit
2388 1731 2454 1786 ad
2503 1741 2769 1800 posteros,
2798 1741 2856 1784 ut
2893 1740 2947 1786 et
2983 1732 3182 1800 sumpti
3215 1731 3282 1786 de
3316 1729 3497 1800 impiis

1931 1824 2182 1894 supplicii
2220 1833 2570 1893 spectatores,
2601 1833 2657 1878 et
2695 1840 2874 1878 rerum
2914 1832 3191 1892 gestarum
3229 1837 3367 1892 quas
3396 1822 3497 1890 ipsi

1931 1917 2044 1969 suis
2094 1915 2270 1970 oculis
2321 1915 2687 1984 aspexissent,
2756 1915 3098 1970 narrationes
3145 1914 3495 1969 exsisterent.

1929 2006 2174 2061 Posthaec
2203 2021 2326 2061 cum
2350 2007 2414 2062 ad
2443 2005 2783 2063 ulciscendos
2809 2007 2993 2062 hostes
3028 2004 3312 2060 brachium
3337 2021 3496 2060 suum

1881 2125 1884 2130 -
1929 2098 2223 2152 extendere
2266 2098 2544 2166 ctepisset,
2581 2097 2696 2165 ipso
2726 2099 2908 2153 statim
2947 2107 3078 2151 nutu
3113 2096 3235 2152 illos
3277 2096 3494 2166 quidem

1928 2199 2153 2258 repente
2176 2203 2209 2244 e
2239 2191 2416 2245 medio
2444 2191 2684 2256 sustulit,
2729 2173 2785 2245 et
2819 2188 3036 2245 caelitus
3058 2187 3275 2246 inﬂictis
3303 2191 3496 2246 verbe-

1927 2280 2078 2335 ribus
2113 2280 2265 2351 prius
2306 2281 2670 2346 excruciatos,
2708 2279 3033 2350 palinodiam
3068 2280 3330 2336 scelerum
3365 2297 3495 2338 suo-

1927 2388 2042 2424 rum
2097 2387 2194 2426 suo
2229 2373 2396 2442 ipsius
2424 2389 2520 2429 ore
2545 2387 2762 2438 canere,
2791 2371 2875 2428 vel
2904 2373 3105 2429 invitos
3138 2374 3338 2443 coegit.
3383 2373 3493 2430 Hos

1921 2478 2052 2518 vero
2086 2465 2176 2532 qui
2221 2465 2454 2519 humiles
2485 2475 2646 2520 erant
2682 2475 2736 2520 et
2789 2464 3005 2533 abjecti,
3045 2474 3102 2520 et
3129 2465 3202 2520 ab
3240 2465 3494 2520 omnibus

1924 2554 2308 2622 propemodum
2340 2555 2624 2624 deplorati,
2664 2555 2806 2610 Deus
2857 2555 2923 2609 ab
2957 2555 3121 2610 humo
3164 2555 3218 2609 in
3263 2554 3494 2610 sublime

1922 2643 2194 2715 fastigium
2222 2647 2433 2699 extulit.
2473 2647 2650 2712 Atque
2678 2646 2728 2700 id
2773 2662 3015 2703 summus
3043 2647 3284 2702 omnium
3325 2646 3495 2716 impe-

1921 2746 2068 2791 rator
2090 2737 2230 2792 Deus
2255 2737 2466 2792 coalitus
2502 2737 2667 2810 624
2703 2739 3053 2806 perpetravit,
3083 2753 3205 2793 cum
3232 2736 3492 2792 famulum

1921 2843 2097 2886 suum-
2123 2829 2276 2898 quasi
2336 2831 2626 2900 quemdam
2687 2831 2945 2885 invictum
2999 2831 3255 2896 militem,
3285 2830 3341 2885 in
3377 2845 3496 2885 me-

1923 2918 2067 2972 dium
2098 2919 2462 2988 produxisset.
2527 2919 2738 2976 Gaudet
2781 2922 2926 2976 enim
2981 2922 3276 2991 imperator
3305 2929 3494 2977 noster

1846 3004 1888 3060 C
1923 3009 1992 3064 ob
2023 3009 2280 3063 eximiam
2308 3011 2586 3079 pietatem,
2606 3012 2700 3066 Dei
2732 3011 2966 3066 famulus
2997 3012 3279 3083 appellari.
3318 3012 3490 3080 Quem

231 3103 454 3173 quidem
509 3103 651 3158 Deus
699 3102 942 3160 omnium
991 3104 1254 3174 cujusque
1301 3103 1518 3175 generis
1569 3102 1807 3158 hosﬁum
1849 3103 2111 3156 victorem
2152 3102 2421 3170 praestitit,
2461 3118 2583 3157 cum
2613 3104 2764 3158 illum
2803 3104 2978 3160 solum
3017 3113 3206 3160 contra
3231 3104 3492 3175 plurimos

231 3197 540 3253 excitasset.
592 3197 724 3252 Nam
767 3197 844 3252 illi
905 3198 1122 3267 quidem
1165 3209 1324 3254 erant
1374 3196 1843 3258 innumerabiles;
1887 3194 2188 3264 multique,
2217 3204 2404 3264 utpote
2469 3196 2764 3250 multorum
2807 3197 3111 3253 daemonum
3166 3196 3346 3251 amici.
3379 3195 3495 3251 imo

230 3304 363 3346 vero
403 3289 540 3344 nihil
598 3301 799 3356 erant,
867 3289 1098 3360 ideoque
1129 3290 1184 3343 in
1225 3289 1513 3360 praesentia
1553 3287 1689 3341 nihil
1755 3295 1900 3341 sunt.
1939 3285 2040 3340 Hic
2073 3295 2250 3340 autem
2285 3300 2422 3340 unus
2446 3301 2514 3341 ex
2542 3302 2647 3341 uno
2685 3289 3000 3358 imperator,
3035 3287 3196 3342 unius
3221 3287 3315 3343 Dei
3343 3301 3494 3342 sum-

231 3386 304 3436 mi
337 3385 582 3440 omnium
657 3386 1002 3456 imperatoris
1056 3384 1282 3456 eﬂigiem
1319 3386 1481 3454 gerit.
1507 3384 1605 3450 illi
1654 3385 1848 3439 animis
1886 3383 2067 3452 impiis
2110 3384 2343 3452 praediti,
2389 3385 2503 3452 pios
2533 3386 2679 3441 viros
2720 3387 2963 3440 cruentis
3010 3386 3252 3441 caedibus
3312 3395 3494 3440 sustu-

233 3479 436 3545 lerunt,
482 3482 572 3536 hic
600 3482 911 3539 Servatoris
948 3485 1032 3540 sui
1067 3484 1374 3554 exemplum
1440 3483 1725 3537 imitatus:
1759 3496 1860 3534 nec
1895 3482 2190 3549 quidquam
2253 3479 2405 3534 aliud
2458 3495 2616 3547 quam
2679 3495 2902 3535 servare
2963 3481 3209 3536 homines
3267 3479 3490 3541 callens.

232 3575 383 3643 ipsos
413 3586 576 3631 etiam
610 3578 808 3646 impios
871 3579 1130 3641 servavit,
1157 3580 1225 3632 ad
1254 3592 1436 3632 veram
1468 3577 1722 3646 pietatem
1751 3589 1844 3629 eos
1882 3575 2188 3628 instituens.
2259 3572 2462 3628 Deinde
2496 3589 2662 3640 vero,
2696 3583 2881 3641 utpote
2928 3589 3118 3628 revera
3162 3574 3355 3640 victor,
3393 3577 3493 3627 du-

229 3669 351 3737 plex
421 3670 552 3725 illud
603 3672 959 3727 barbarorum
1035 3687 1210 3743 genus
1266 3673 1544 3741 superavit
1582 3688 1598 3723 :
1639 3671 1889 3725 homines
1926 3669 2140 3738 quidem
2171 3667 2320 3738 ipsos
2358 3669 2645 3723 barbarica
2687 3668 2908 3724 feritate
2939 3669 3214 3732 praeditos,
3259 3669 3493 3737 prudcn-

231 3760 378 3815 tibus
448 3759 811 3830 legationibus
875 3762 1328 3825 mansuefaciens,
1361 3775 1676 3831 cugensque
1705 3759 2004 3829 potioribus
2063 3773 2184 3813 sese
2248 3759 2588 3827 submittere,
2621 3769 2676 3815 et
2708 3763 2776 3814 ah
2822 3760 3099 3831 illegitima
3153 3759 3490 3814 aehelluina

227 3850 446 3904 vivendi
520 3852 733 3905 ratione
786 3866 881 3906 eos
935 3851 1000 3905 ad
1056 3851 1273 3906 civilem
1334 3850 1821 3918 humanioremque
1861 3850 2172 3904 traducens.
2233 3847 2369 3903 Illud
2400 3863 2531 3903 vero
2589 3850 2807 3907 crudele
2835 3862 2998 3922 atque
3025 3851 3304 3908 eli‘eratum
3346 3852 3492 3906 invi-

228 3947 467 4001 sibilium
515 3948 818 4002 daemonum
889 3961 1080 4014 genus.
1123 3949 1284 4002 rebus
1322 3946 1453 4015 ipsis
1494 3945 1840 4010 convincens,
1878 3944 2199 4012 jampridem
2234 3959 2264 3998 a
2291 3943 2399 4000 Deo
2431 3944 2598 4001 fuisse
2620 3955 2953 4015 superatum.
2989 3945 3123 4001 Nam
3185 3948 3492 4001 communis

226 4040 445 4106 quidem
483 4041 723 4096 omnium
790 4041 1066 4105 Servator,
1121 4038 1420 4096 invisibiles
1490 4041 1712 4110 spiritus
1774 4039 2027 4095 invisibili
2073 4038 2306 4108 quadam
2348 4039 2550 4096 virtute
2586 4040 2984 4111 proﬂigaverat.
3037 4041 3135 4098 Hic
3172 4057 3302 4100 vero
3368 4053 3489 4099 tau-

298 4316 408 4388 (ιε)
435 4317 588 4382 Vulg.
631 4318 734 4372 ἅτε
759 4318 908 4371 κατὰ
951 4318 1266 4384 δαιμόνων.
1305 4315 1401 4388 Hic
1428 4316 1579 4371 incus
1607 4329 1796 4388 corru-

222 4385 448 4456 ptusfst
469 4407 482 4442 :
503 4405 658 4456 quem
679 4391 747 4441 ita
773 4390 1161 4441 restituendum
1185 4400 1304 4456 esse
1320 4387 1570 4456 existimo
1587 4403 1598 4438 :
1615 4385 1674 4439 Οἱ
1699 4388 1794 4456 μὲν

220 4455 743 4540 γςὶρψῆσανιμωρίριλ
766 4457 947 4540 πολλοί
979 4455 1278 4540 “tegi-toni}?
1296 4457 1390 4510 ἆτε
1404 4455 1672 4525 δαιμόνων
1701 4455 1795 4539 διαὶ
1830 4479 1872 4533 D

221 4527 404 4582 αὐτῶν
430 4528 592 4597 φίλοι,
612 4527 677 4581 ’ίὰ
708 4539 790 4583 est
817 4547 830 4583 :
866 4527 1101 4581 Namilli
1128 4528 1336 4596 quidem
1358 4535 1508 4580 erant
1531 4543 1688 4595 prope
1717 4528 1791 4579 in-

221 4599 594 4663 numerabiles,
623 4599 1109 4668 mulliquewutpole
1156 4599 1434 4668 multorum
1491 4600 1789 4668 diametrum

220 4678 378 4738 atque
404 4669 636 4736 ipsorum
671 4666 849 4722 amici.
879 4667 1074 4722 Vocem
1111 4667 1254 4720 κατά
1291 4667 1556 4738 expunxi,
1589 4666 1790 4734 quippe

220 4736 344 4808 qua:
377 4753 408 4791 e
442 4739 724 4808 superiore
760 4738 896 4791 linea
947 4740 1050 4791 huc
1079 4738 1399 4808 irrepserat.
1461 4736 1539 4808 Ac
1586 4752 1681 4806 per
1733 4738 1790 4788 il-

218 4807 305 4862 los
328 4806 546 4877 quidem
568 4809 1005 4868 innumerabiles,
1025 4806 1284 4862 adversus
1301 4822 1436 4874 quos
1462 4806 1785 4877 Deusunum

217 4876 636 4931 ConStantinnm
667 4879 945 4937 excitavit.
988 4877 1242 4945 intelligit
1275 4876 1539 4931 Eusebius
1573 4876 1787 4929 Maxen-

219 4949 378 5011 tium,
415 4948 800 5002 Maximianum
824 4948 1153 5009 Herculium,
1193 4947 1540 5001 Maximinum
1567 4955 1620 5000 et
1644 4945 1786 4998 Lici-

216 5021 414 5089 ninm_;
448 5019 642 5089 quibus
684 5017 903 5087 adiungi
939 5017 1511 5089 potestADiocletiauus
1540 5026 1594 5089 et
1619 5015 1784 5070 Gale-

220 5089 356 5140 rius.
387 5087 488 5140 Per
520 5087 640 5141 illos
665 5097 840 5140 autem
861 5085 1074 5140 'multos
1103 5087 1406 5141 daemonum
1435 5085 1596 5140 simul
1621 5095 1785 5153 atque

215 5157 462 5222 ipsorum
492 5159 716 5220 amicos,
745 5155 998 5226 intelligit
1021 5158 1279 5224 prmsides
1301 5172 1364 5210 ac
1386 5167 1628 5210 rectores
1659 5170 1784 5223 pro-

214 5228 544 5292 vinciarum,
587 5237 641 5279 et
675 5226 880 5280 militia:
908 5227 1106 5291 duces;
1137 5227 1226 5294 qui
1261 5237 1318 5279 ut
1365 5227 1783 5295 imperatoribus

214 5295 678 5365 gratiﬁcarentur,
699 5295 1037 5364 Christianos
1058 5297 1257 5365 ubique
1277 5297 1569 5351 vexabant.
1598 5295 1784 5365 Potest

215 5364 380 5417 etiam
407 5363 596 5424 Scribi.
624 5368 718 5421 ἅτε
756 5368 822 5421 ὲκ
851 5366 1117 5436 δαιμόνων
1141 5363 1235 5418 παὶ
1272 5365 1449 5419 αὐτῶν
1480 5365 1642 5434 φίλοι,
1676 5364 1782 5416 alio

215 5450 401 5499 sensu,
436 5436 488 5490 id
510 5445 610 5501 est,
640 5438 793 5491 multi
811 5445 990 5505 utpote
1011 5452 1075 5488 ea:
1097 5437 1274 5489 multis
1303 5437 1628 5490 dwmonibus
1651 5436 1780 5505 orti,

213 5522 498 5575 eorumque
524 5509 819 5562 dwmonum
864 5504 1044 5559 antici.
1078 5506 1178 5572 Qui
1209 5521 1400 5560 sensus
1423 5504 1778 5575 verior_vide-

217 5584 325 5645 tur.
352 5573 659 5645 Respondet
685 5579 826 5630 enim
864 5577 929 5629 iis
962 5591 1081 5645 qua:
1128 5585 1432 5645 sequuntur
1452 5578 1480 5629 ὁ
1505 5575 1551 5628 δ’
1574 5573 1634 5638 ἐξ
1661 5573 1780 5636 ἐνὸς

212 5639 319 5714 εἷς,
348 5639 693 5701 οιο.ἈΙιυι1ἱι
719 5657 896 5701 autem
925 5639 1188 5700 Eusebius
1206 5639 1280 5700 ad
1305 5645 1429 5700 illud
1465 5647 1736 5714 Evangelii
1760 5661 1774 5698 :

220 5713 328 5785 Vos
357 5731 421 5768 ea:
457 5729 604 5781 patre
623 5717 830 5769 diabolo
855 5717 979 5770 estis
1007 5714 1193 5782 (Joau.
1218 5731 1338 5776 vui,
1373 5716 1479 5785 ιι).
1513 5714 1567 5769 1η
1591 5713 1778 5769 codice

217 5784 353 5840 lt'ult.
385 5787 456 5839 ita
497 5787 690 5857 legitur
727 5786 813 5842 hic
851 5787 1076 5851 locus,oi
1103 5787 1336 5858 μὲνγὰρ
1382 5782 1522 5858 ἦσαν
1569 5785 1772 5858 μύριοι,

1905 4314 2087 4368 πολλοί
2119 4331 2179 4366 τε
2208 4313 2418 4368 πολλῶν
2441 4314 2533 4368 ἆτε
2581 4313 2724 4385 φίλοι
2751 4314 3037 4385 δαιμόνων.
3072 4313 3200 4382 Qum
3244 4315 3400 4371 lectio
3427 4325 3484 4373 et

1903 4386 2201 4443 sunplicior
2227 4395 2310 4436 est
2338 4395 2392 4438 et
2421 4386 2623 4438 verior.

1977 4454 2088 4522 (19)
2123 4452 2376 4508 Μᾶλλον
2409 4452 2478 4507 δὲ
2525 4454 2708 4508 οὐδὲν

1904 4525 2148 4596 Imitatus
2180 4525 2269 4578 hic
2294 4539 2415 4596 esse
2436 4525 2661 4596 ,videtur
2698 4523 2963 4596 Eusebius
2994 4525 3306 4596 Dionysium
3357 4528 3500 4586 Ale-.

1903 4594 2250 4658 thlldi‘illtlm,
2287 4595 2376 4662 qui
2432 4595 2482 4648 in
2519 4595 2745 4664 epistola
2783 4591 3026 4664 Paschali
3082 4591 3149 4650 de
3212 4594 3474 4650 Macriani

1907 4665 2191 4749 tyrannide
2218 4665 2286 4717 ita
2322 4663 2581 4749 loquitur,
2679 4665 2778 4749 μεν
2820 4663 3142 4749 οὐκέστιν,
3190 4666 3476 4749 ἐξελιιμηδὲ

1893 4731 1987 4806 ἦν.
2010 4746 2140 4794 etc.,
2172 4750 2306 4806 quas
2327 4733 2579 4804 leguntur
2610 4731 2784 4790 in'lib.
2818 4749 2894 4788 vn
2929 4735 3182 4789 Historia:
3209 4731 3476 4791 Ecclesiu-

1894 4804 2061 4867 s‘ticm,
2085 4819 2207 4871 cap.
2239 4804 2332 4857 25.

1962 4875 2076 4944 (20)
2096 4943 2101 4944 ν
2119 4874 2492 4944 Ἀπελέγχων
2512 4873 2631 4928 ὑπὸ
2664 4873 2770 4928 τοῦ
2798 4873 3136 4942 κρείττονος
3163 4875 3348 4930 πάλαι
3375 4893 3474 4930 νε-

1893 4943 2236 5012 νικημένον.
2274 4943 2545 5012 lnterpres
2589 4955 2711 5013 post
2742 4947 2962 4998 verbum
2994 4945 3313 5015 άπελέγχων
3357 4947 3473 5001 dis-

1897 5015 2209 5068 tinctionent
2244 5015 2496 5084 apposuit
2530 5015 2830 5084 vertitque,
2877 5016 3048 5079 τείρεα
3089 5018 3331 5083 coarguit
3386 5034 3440 5068 re

1892 5085 2180 5152 pressitque
2211 5083 2386 5146 utpote
2416 5085 2556 5150 quod
2586 5084 2704 5152 jam
2741 5083 2867 5136 olim
2923 5084 3112 5152 fuisset
3140 5083 3204 5136 ab
3230 5086 3343 5152 ipso
3365 5085 3473 5138 Deo

1891 5164 2216 5220 superatum.
2249 5153 2365 5219 Ego
2400 5169 2530 5207 vero
2579 5154 2790 5208 sublata
2820 5155 3168 5209 distinctione
3201 5155 3474 5222 interpre-

1894 5234 2036 5276 tatus
2066 5239 2208 5287 sutn,
2237 5227 2388 5277 rebus
2414 5225 2538 5291 ipsis
2572 5224 2880 5276 convincens
2903 5265 2917 5284 ,
2946 5223 3271 5292 jampridem
3302 5241 3334 5276 a
3360 5223 3472 5276 Deo

1891 5295 2053 5361 fuisse
2077 5305 2404 5359 superatum.
2438 5293 2631 5348 Lector
2655 5294 2819 5362 igitur
2855 5306 3033 5346 utram
3077 5292 3327 5346 maluerit
3384 5296 3469 5346 in-

1890 5362 2335 5430 terpretationem
2383 5364 2567 5434 eliget.
2621 5363 2818 5416 Parum
2854 5364 2999 5434 enim
3035 5364 3282 5416 interest.
3329 5362 3474 5429 Quo.

1888 5434 2050 5487 modo
2071 5442 2251 5486 autem
2293 5433 2623 5500 rebus’ipsis
2641 5433 3034 5487 Constantinus
3062 5434 3340 5487 dazmones
3373 5448 3468 5487 su-

1886 5512 2108 5573 peratos
2130 5503 2453 5567 convicerit,
2483 5504 2725 5558 declarat
2756 5503 2940 5556 statim
2972 5500 3237 5556 Eusebius
3263 5542 3279 5564 ,
3339 5518 3468 5559 cum

1886 5576 1963 5626 ait
1995 5587 2182 5627 eorum
2216 5573 2438 5626 delubra
2469 5589 2499 5628 a
2541 5573 2900 5629 Constantino
2931 5587 3052 5628 esse
3086 5573 3314 5642 spoliata
3341 5613 3357 5638 ,
3412 5585 3468 5629 et

1885 5644 2208 5697 Christianis
2232 5643 2452 5698 donata.
2969 5661 2972 5664 ‘

1958 5711 2070 5784 (21)
2098 5711 2250 5782 Vulg.
2264 5713 2411 5784 Ῑοῐς
2455 5712 2867 5784 νενικημένοις
2896 5713 3168 5784 ὑπεξῄει.
3201 5713 3468 5772 Scribun-

1885 5780 2011 5838 dutn
2039 5780 2123 5839 εει
2155 5780 2393 5856 ἐπεξῄει.
2457 5849 2465 5858 _

2752 4451 2936 4525 ἦσαν,
2982 4453 3120 4507 ὅθεν
3145 4455 3272 4508 οὺδ⁴
3296 4457 3477 4511 εἰσίν.
