4154 6634
1376 683 2671 894 ΕΥΣΕΒΙΟΥ

1573 996 1801 1084 ΤΟΥ
1872 994 2475 1085 ΠΑΜΦΙΛΟΥ

847 1184 2350 1322 ΕΚΚΑΗΣΙΑΣΤΙΚΗΣ
2427 1180 3207 1323 ΙΣΤΟΡΙΑΣ

1519 1426 2036 1548 ΒΙΒΛΙΑ
2087 1432 2533 1551 ΔΕΚΑ.

1138 1831 1897 1994 EUSEBII
2001 1834 2916 1990 PAMPHILI

933 2126 2206 2259 ECCLESIASTICE
2315 2117 3123 2257 HISTORLE

1641 2385 1968 2472 LIBRI
2028 2382 2424 2474 DECEM

441 2582 757 2647 Henricus
798 2582 1105 2645 Vsusws
1134 2580 1423 2644 Graecum
1457 2584 1700 2639 textum
1735 2574 1982 2638 collatis
2013 2579 2290 2654 quatuor
2339 2589 2495 2636 mss.
2541 2571 2875 2638 codicibus
2934 2573 3337 2649 emendant,
3384 2562 3606 2640 Latine

1417 2684 1607 2749 vertit
1638 2688 1697 2746 et
1727 2680 2241 2744 adnotationibus
2264 2679 2633 2747 illustravit.

1800 2846 1887 2897 Ed.
1918 2845 2074 2896 Paris.
2103 2844 2266 2908 1659.)

1194 3168 1787 3268 EPISTOLA
1861 3172 2860 3277 NUNCUPATORIA.

571 3378 1059 3438 iuusrmssmts
1111 3380 1192 3431 ει·
1228 3388 1799 3434 nnvansnmssrms
1841 3383 2391 3453 Ascninplscoﬂs,
2436 3394 2744 3442 EPISCOPIS
2785 3398 2869 3444 ει*
2911 3390 3223 3449 ainvnso
3276 3391 3479 3453 cinno

1666 3494 1974 3539 ECCLESIE
1999 3496 2258 3541 GALLICA
2266 3498 2384 3542 NB.

485 3680 639 3745 Post
669 3692 760 3745 tot
793 3683 1152 3745 Gra’corum
1182 3681 1444 3742 Patrum
1482 3681 1780 3744 editiones
1822 3704 1955 3764 quce
1978 3687 2200 3749 vestris
2236 3687 2544 3766 auspiciis
2588 3689 2653 3750 in
2686 3690 2881 3754 lucem
2914 3693 3207 3758 hactenus
3233 3690 3643 3780 prodierunt,

404 3784 474 3845 id
502 3802 694 3844 unum
725 3782 926 3842 adhuc
954 3781 1221 3842 restabat
1248 3825 1265 3854 ,
1318 3781 1738 3844 illustrissimi
1771 3786 2138 3859 Antistites,
2172 3795 2242 3847 ut
2275 3789 2535 3851 Eusebii
2583 3791 2983 3858 Cc’esariensis
3028 3798 3473 3867 Ecclesiastica
3525 3807 3651 3867 Hi—

405 3888 602 3949 storia
650 3887 849 3946 multo
905 3904 1086 3966 quam
1137 3886 1393 3948 antehac
1438 3886 1818 3949 emendatior
1867 3908 1939 3948 ac
1983 3891 2241 3967 purior,
2272 3891 2383 3952 sub
2414 3895 2606 3954 vestri
2630 3897 2900 3958 nominis
2961 3900 3150 3962 titulo
3183 3910 3254 3963 ac
3284 3908 3646 3982 patrocinio

407 3992 736 4055 catholicis
765 3990 1117 4051 hominibus
1149 3988 1515 4050 donaretur;
1549 3990 1628 4051 1d
1658 3994 1818 4052 enim
1851 3992 2176 4067 Ecclesiae,
2213 3996 2392 4074 cujus
2421 3998 2761 4059 commodis
2791 4000 3038 4063 assidue
3068 4006 3428 4082 consulitis,
3463 4011 3651 4073 utili-
3718 4014 3725 4021 ’

406 4104 536 4164 tas;
568 4092 633 4154 id
665 4094 1053 4154 eruditorum
1074 4093 1347 4152 omnium
1373 4101 1550 4162 vota;
1582 4091 1650 4153 id
1677 4103 1990 4172 postremo
2015 4093 2324 4155 Eusebius
2355 4096 2486 4173 ipse
2506 4115 2618 4157 suo
2646 4096 2906 4176 quodam
2920 4101 3101 4182 jure,
3136 4123 3171 4161 α
3194 4106 3371 4167 vobis
3396 4124 3651 4186 pascere

406 4196 804 4258 videbantur.
845 4194 1026 4269 Nam,
1062 4202 1130 4253 ut
1166 4193 1237 4254 de
1263 4192 1545 4253 Ecclesia
1571 4196 1779 4273 primo
1819 4194 1954 4255 loco
1987 4194 2209 4269 dicam,
2249 4194 2405 4275 quid
2434 4194 2518 4255 ad
2552 4196 2792 4258 laudem
2828 4201 2956 4280 eius
2999 4202 3360 4281 illustrius,
3391 4208 3542 4286 quid
3568 4211 3654 4274 ad

405 4301 814 4383 defensionem
842 4301 1101 4379 fortius,
1135 4298 1287 4377 quid
1311 4297 1391 4357 ad
1419 4299 1939 4377 propagationem
1971 4299 2219 4373 utilius,
2244 4299 2397 4380 quid
2418 4299 2499 4361 ad
2528 4317 2771 4362 morum
2800 4322 2871 4363 ac
2896 4303 3248 4384 disciplina:
3277 4312 3651 4387 gravitatem

404 4404 850 4468 restituendam
907 4405 1118 4482 aptius
1161 4403 1447 4482 proferri
1492 4412 1698 4482 potest
1746 4420 1926 4484 quam
1975 4403 2249 4464 historia
2293 4422 2501 4465 rerum
2545 4401 3152 4470 ecclesiasticarum?
3197 4410 3339 4471 Jam
3371 4422 3515 4475 vero
3569 4417 3652 4479 ad

402 4508 856 4572 convincendos
905 4507 1225 4568 haereticos
1268 4505 1475 4581 nihil,
1519 4526 1646 4566 meo
1696 4506 1941 4587 quidem
1964 4506 2213 4586 judicio
2238 4550 2255 4580 ,
2293 4507 2610 4588 efﬁcacius
2640 4517 2725 4569 est
2757 4517 2939 4590 atque
2973 4513 3291 4590 potentius
3319 4532 3502 4595 quam
3531 4518 3649 4582 hoc

402 4632 595 4694 genus
624 4613 1016 4692 scriptionis.
1068 4611 1315 4692 Quippe
1358 4612 1675 4672 hominum
1718 4612 1913 4673 animi
1957 4611 2500 4690 disputationibus
2560 4631 2629 4674 ac
2675 4613 3120 4676 ratiocinando
3176 4635 3334 4696 cegre
3375 4638 3437 4680 se
3479 4623 3652 4683 vinci

402 4720 764 4796 patiuntur.
794 4717 877 4777 Et
914 4716 1155 4795 quoties
1186 4716 1561 4776 constrictos
1600 4733 1663 4776 se
1710 4712 1959 4789 vident,
1990 4733 2100 4776 nec
2156 4715 2374 4776 habent
2405 4714 2576 4795 quod
2602 4714 3039 4796 respondeant,
3073 4736 3200 4780 non
3236 4729 3362 4782 tam
3389 4724 3653 4786 veritati

409 4818 478 4881 id
523 4821 843 4881 ascribunt
896 4837 1078 4899 quam
1127 4818 1632 4880 adversariorum
1685 4818 1753 4880 in
1809 4818 2191 4893 disputando
2244 4818 2590 4882 subtilitati
2631 4838 2701 4881 ac
2751 4821 3056 4884 versutia.
3110 4822 3287 4886 Certe
3340 4823 3647 4890 diuturno

405 4925 824 5004 experimento
883 4923 1351 5003 comprobatum
1405 4933 1515 4993 est,
1565 4940 1672 4983 seu
1724 4923 1984 5001 scriptis
2031 4940 2137 4981 seu
2186 4923 2328 4984 viva
2370 4940 2516 4984 voce
2558 4923 2743 4985 editis
2789 4922 3334 5002 disputationibus
3396 4929 3651 4992 accendi

402 5031 621 5108 potius
650 5029 1081 5089 haereticorum
1125 5031 1368 5089 animos
1419 5046 1602 5108 quam
1639 5028 1877 5089 sanari.
1911 5027 2204 5088 Historia
2246 5046 2389 5088 vero
2429 5040 2641 5089 rerum
2670 5026 3220 5093 ecclesiasticarum
3244 5076 3263 5105 ,
3305 5050 3443 5092 cum
3472 5050 3536 5093 se
3582 5035 3651 5094 in

404 5134 646 5195 animos
682 5131 1009 5211 legentium
1037 5132 1358 5211 placidius
1388 5132 1702 5206 insinuet,
1745 5131 1930 5209 longe
1955 5130 2306 5212 faciliorem
2350 5128 2422 5191 de
2453 5131 2533 5191 iis
2564 5131 2902 5193 victoriam
2931 5135 3145 5215 refert.
3179 5134 3336 5209 Quis
3363 5144 3448 5196 est
3492 5135 3649 5197 enim

407 5255 487 5299 ea:
533 5235 789 5297 diversae
830 5236 1132 5316 factionis
1183 5234 1574 5307 hominibus,
1627 5235 1741 5315 qui
1772 5253 1906 5295 eum
1943 5232 2421 5296 ecclesiasticam
2467 5233 2799 5296 historiam
2847 5242 3078 5297 attente
3112 5238 3487 5316 perlegerit,
3523 5252 3650 5300 non

405 5342 618 5402 statim
655 5341 897 5421 pudore
933 5339 1244 5422 suffusus,
1304 5357 1574 5400 errorem
1602 5356 1782 5399 suum
1815 5339 1952 5399 illic
1994 5336 2352 5398 damnatum
2389 5345 2737 5416 agnoscat,
2794 5356 2974 5418 seque
3018 5340 3187 5407 velut
3234 5339 3568 5403 membrum
3612 5360 3653 5402 a

403 5441 650 5521 reliquo
697 5459 962 5521 corpore
1002 5440 1333 5519 praecisum
1389 5439 1632 5519 deﬂeat.
1675 5438 1920 5500 Etenim
1968 5459 2106 5503 cum
2146 5438 2565 5501 ecclesiastica
2612 5436 2888 5500 historia
2929 5439 3092 5501 nihil
3116 5439 3300 5501 aliud
3338 5441 3652 5503 contineat

408 5558 591 5620 quam
644 5540 1143 5620 apostolicarum
1184 5538 1421 5601 sedium
1455 5544 1817 5617 perpetuam
1864 5541 2339 5614 successionem,
2372 5538 2811 5618 episcoporum
2854 5538 2977 5602 sibi
3021 5538 3283 5601 invicem
3331 5537 3657 5602 succeden-

409 5645 567 5706 tium
593 5645 807 5708 seriem
829 5691 845 5713 ,
876 5645 1160 5705 illustria
1190 5642 1449 5725 denique
1479 5643 1808 5704 doctorum
1849 5653 1906 5706 et
1939 5650 2287 5722 martyrum
2323 5659 2445 5721 pro
2489 5642 2728 5722 pietate
2759 5643 3096 5704 certamina
3118 5661 3141 5702 ,τ
3190 5658 3269 5702 ea:
3318 5640 3548 5719 quibus
3589 5643 3657 5706 hi

406 5750 655 5827 quidem
688 5751 967 5830 furorem
995 5747 1329 5826 gentilium
1355 5746 1704 5808 tolerantia
1733 5766 1858 5811 suis
1879 5745 2267 5828 fortitudine
2305 5754 2687 5826 superarunt
2715 5767 2737 5816 ,-
2776 5744 2880 5806 illi
2909 5762 3052 5807 vero
3080 5745 3511 5807 hcereticorum
3542 5746 3656 5826 qui

734 5856 1009 5917 ΡΑτιιοι..
1044 5854 1161 5914 Gn.
1220 5830 1339 5912 XX
1356 5897 1369 5911 .

3220 5840 3249 5913 1
