4154 6410
458 304 519 363 εἰ
1447 298 1716 357 νΑιεδιι
1757 297 2092 354 EPISTOLA

2068 298 2092 352 ι
2132 294 2696 353 NUNCUPATORIA.
3642 299 3708 354 12

453 426 753 492 adversus
782 420 1125 488 Ecclesium
1180 421 1656 484 insurrexerunt
1699 437 1993 500 perversa
2025 418 2319 497 dogmata
2357 418 2617 496 scriptis
2640 414 2772 477 suis
2801 418 3284 497 confutaverunt
3304 439 3326 480 :
3356 435 3710 501 quicunque

453 553 533 596 ex
562 531 871 594 heereticis
903 527 985 587 ad
1013 527 1201 606 hujus
1230 525 1512 586 historia
1561 522 1883 584 lectionem
1926 520 2143 582 oculos
2192 532 2377 600 atque
2417 524 2694 582 animum
2744 520 3119 592 intenderit,
3163 526 3444 601 fateatur
3474 540 3709 582 necesse

453 645 542 697 est
574 656 633 696 se
660 634 736 695 ab
770 631 882 693 illa
917 629 1349 709 apostolorum
1394 628 1819 700 successione,
1850 624 1925 684 ab
1964 625 2080 685 illo
2115 624 2446 685 doctorum
2485 633 2538 685 et
2572 632 2919 703 martyrum
2949 644 3152 704 grege,
3189 627 3264 689 ab
3302 627 3416 687 illa
3446 626 3709 707 denique

454 742 892 820 episcoporum
940 734 1367 794 communione
1403 748 1674 809 prorsus
1705 728 1977 789 alienum
2010 747 2154 791 esse.
2188 730 2437 807 Quippe
2468 732 2540 789 ab
2576 727 2794 788 iisdem
2832 730 2965 791 illis
3005 732 3441 808 apostolorum
3472 753 3710 794 succes-

454 842 725 912 soribus,
765 839 876 919 qui
913 834 1146 897 easdem
1175 835 1377 894 adhuc
1409 834 1577 892 sedes
1628 841 1684 892 et
1716 830 2039 891 cathedras
2080 831 2357 892 obtinent
2391 831 2453 890 in
2503 831 2729 910 quibus
2763 832 2909 892 olim
2954 835 3233 907 apostoli
3268 837 3593 908 sederunt,
3634 835 3706 897 ab

455 950 587 1010 illis
620 949 775 1025 ipsis
805 945 914 1024 qui
958 941 1353 1003 Novatianos
1384 946 1437 997 et
1471 937 1833 997 Donatistae
1861 944 1915 995 et
1958 936 2312 996 Artemonis
2346 945 2683 995 sectatores
2713 935 3228 1011 condemnarunt,
3261 959 3438 998 suum
3469 958 3709 1020 quoque

453 1066 721 1111 errorem
751 1043 899 1121 puri
924 1039 1230 1101 sententia
1260 1034 1729 1096 condemnatum
1762 1032 2149 1111 intelligunt.
2185 1032 2428 1093 Pudeat
2462 1034 2662 1111 igitur
2704 1035 2849 1095 illos
2881 1047 3123 1114 oportet
3153 1041 3393 1100 erroris
3425 1058 3496 1098 ac
3526 1043 3709 1100 noci-

454 1154 603 1214 tatis
635 1167 759 1210 suae
782 1191 800 1221 ,
857 1147 1342 1225 quotiescunque
1374 1143 1437 1203 in
1467 1140 1739 1202 historia
1770 1139 2185 1200 ecclesiastica
2223 1148 2515 1219 tanquam
2553 1142 2616 1200 in
2643 1141 2893 1220 speculo
2943 1144 3267 1204 ceritatem
3307 1148 3708 1221 conspiciunt

452 1265 506 1315 et
538 1251 978 1331 antiquitatem
1002 1292 1018 1318 ,
1058 1245 1416 1322 dogmatum
1445 1260 1704 1301 suorum
1753 1240 1960 1301 errori
2000 1239 2393 1318 novitatique
2422 1250 2893 1319 repugnantem.
2932 1246 3128 1321 Atque
3156 1243 3281 1304 ha-c
3312 1246 3510 1305 obiter
3541 1246 3709 1305 dicta

449 1356 579 1415 sint
617 1351 689 1412 de
725 1349 1153 1412 ecclesiastij
1190 1341 1476 1404 historia:
1505 1341 1821 1418 pracipua
1869 1337 2185 1409 utilitate,
2221 1342 2400 1420 cujus
2446 1342 2843 1419 potissimum
2894 1362 3080 1403 causa
3105 1388 3121 1417 ,
3156 1363 3329 1404 novre
3355 1346 3542 1425 hujus
3578 1347 3704 1408 edi-

454 1459 650 1520 tionis
686 1454 839 1514 mihi
877 1473 914 1512 a
944 1449 1119 1510 vobis
1154 1465 1307 1508 cura
1339 1444 1629 1504 mandata
1662 1451 1772 1502 est.
1804 1442 1927 1503 Nec
1958 1459 2101 1501 vero
2130 1442 2333 1502 solum
2369 1443 2663 1504 Ecclesia:
2693 1444 3056 1517 commodis,
3098 1444 3203 1503 sed
3233 1454 3286 1504 et
3318 1447 3709 1506 eruditorum

446 1557 729 1619 omnium
768 1551 933 1612 votis
972 1548 1085 1609 hac
1142 1545 1413 1606 editione
1457 1541 1902 1614 consuluistis,
1937 1558 2200 1619 quorum
2232 1541 2524 1620 plerique
2569 1543 2809 1619 partim
2855 1544 3060 1604 (ἐναυσί
3105 1554 3436 1603 contextus
3475 1548 3709 1605 mendis

453 1678 524 1720 ac
552 1656 753 1725 vitiis,
798 1651 1032 1731 partim
1066 1648 1440 1709 Latinorum
1474 1646 1881 1722 interpretum
1910 1642 2234 1703 erroribus
2258 1687 2275 1716 ,
2310 1643 2383 1703 ab
2418 1643 2676 1705 Eusebii
2707 1645 2917 1705 nostri
2949 1644 3212 1706 lectione
3267 1646 3562 1706 hactenus
3611 1649 3713 1706 de-

454 1761 872 1825 ‘terrebantur.
906 1756 993 1816 Ac
1043 1772 1114 1812 ne
1147 1752 1289 1831 quis
1318 1751 1484 1829 forte
1526 1745 1874 1808 minuenda:
1923 1744 2197 1805 aliorum
2235 1745 2493 1823 gloriae,
2547 1748 2782 1826 meique
2821 1750 3027 1826 operis
3056 1748 3448 1827 praedicandi
3483 1770 3668 1811 causa
3693 1795 3710 1821 ,

459 1861 632 1925 istud
660 1880 699 1920 a
744 1877 833 1918 me
865 1856 1101 1916 dictum
1147 1857 1374 1929 putet,
1412 1848 1761 1908 doctissimi
1789 1846 2057 1907 hominis
2091 1847 2515 1906 testimonium
2554 1846 2654 1905 hic
2691 1866 3002 1924 apponam
3024 1891 3039 1920 ,
3071 1850 3181 1928 qui
3214 1858 3354 1907 ante
3385 1849 3496 1907 hos
3529 1861 3713 1909 octo-

457 1969 635 2048 ginta
663 1980 856 2024 annos
886 1958 1045 2021 idem
1078 1954 1150 2016 de
1181 1953 1396 2017 Greca
1445 1951 1705 2012 Eusebii
1750 1950 2023 2011 editione
2075 1950 2267 2029 deque
2299 1949 2547 2009 Latinis
2597 1951 3044 2029 interpretibus
3073 1953 3389 2031 judicium
3436 1953 3610 2013 ιυιίι,
3648 1954 3715 2013 ι,

458 2077 545 2131 est
569 2069 843 2129 Joannes
871 2059 1240 2131 Curterius,
1277 2056 1387 2136 qui
1425 2056 1493 2117 in
1541 2053 1806 2131 epistola
1848 2072 2029 2134 quam
2055 2052 2408 2113 Parisiensi
2438 2052 2706 2113 editioni
2734 2054 3013 2134 praﬂxit
3038 2098 3056 2127 ,
3088 2056 3389 2114 Joannem
3433 2057 3713 2134 Rupe/u-

455 2171 729 2232 caldium
761 2162 1113 2247 alloquitur
1141 2163 1241 2224 his
1270 2159 1474 2221 verbis
1509 2179 1531 2219 :
1562 2181 1589 2214 ι
1622 2159 1698 2219 Si
1738 2156 1802 2217 in
1838 2159 2019 2218 istam
2049 2157 2409 2219 Gracorum
2452 2155 2736 2217 historice
2767 2158 3192 2218 ecclesiastica
3219 2168 3543 2218 auctorum
3584 2162 3716 2217 edi-

456 2276 687 2334 tionem
717 2271 1109 2333 intueamur,
1159 2258 1313 2342 quid
1360 2277 1427 2317 ea
1479 2274 1754 2335 unquam
1800 2254 2033 2316 editum
2063 2254 2513 2334 depravalius?
2549 2252 2627 2313 Id
2670 2274 2775 2331 ego
2813 2274 2968 2331 serpe
3016 2266 3158 2315 ante
3201 2277 3398 2316 annos
3436 2277 3567 2327 sex,
3604 2258 3714 2337 qui

457 2375 675 2438 Graeca
704 2371 833 2449 ejus
868 2366 1127 2427 lectione
1159 2361 1498 2422 delectarer
1525 2401 1541 2429 ,
1582 2376 1719 2417 cum
1751 2376 1933 2416 essem
1966 2365 2300 2434 expertus,
2335 2363 2388 2415 et
2442 2357 2743 2429 Rufinum
2785 2360 2965 2437 cujus
3001 2367 3272 2436 tempore
3318 2358 3590 2415 nondum
3625 2360 3714 2415 ita

456 2480 763 2551 corrupta
789 2471 986 2552 fuisse
1041 2464 1425 2544 exemplaria
1472 2462 1767 2524 credatur
1801 2460 2029 2543 facile,
2085 2460 2444 2521 Musculum
2483 2459 2742 2541 denique
2787 2462 2989 2538 ipsum
3038 2462 3101 2519 in
3147 2462 3477 2520 consilium
3530 2459 3714 2517 adhi-

455 2577 739 2651 buissem,
773 2583 1017 2635 tantum
1047 2577 1214 2631 abest
1248 2579 1317 2629 ut
1352 2586 1564 2627 eorum
1599 2565 1997 2628 versionibus
2033 2566 2147 2626 sim
2180 2565 2437 2646 adjutus
2463 2607 2480 2636 ,
2517 2575 2582 2623 ut
2624 2563 2804 2622 illum
2839 2561 3028 2641 (quod
3061 2563 3279 2623 merito
3312 2561 3709 2639 reprehendit

456 2680 898 2760 Hieronymus)
936 2678 1001 2738 in
1031 2673 1300 2736 Eusebio
1332 2668 1644 2734 reddendo
1677 2690 1903 2749 parum
1938 2672 2173 2747 integre
2202 2687 2264 2728 se
2289 2666 2697 2747 praestitisse;
2730 2675 2783 2726 et
2817 2665 2979 2725 hunc
3012 2683 3134 2723 non
3162 2674 3403 2724 tantum
3432 2663 3712 2733 mendosi

458 2786 831 2868 exemplaris
864 2781 1065 2845 Greeci
1096 2779 1187 2839 vel
1219 2778 1373 2839 leves
1404 2793 1645 2835 errores
1678 2793 1804 2835 non
1838 2772 2370 2840 animadvertisse,
2405 2771 2512 2830 sed
2543 2788 2690 2829 suos
2724 2769 2787 2828 in
2838 2769 3179 2827 versionem
3211 2769 3519 2846 inﬁnitos,
3557 2786 3713 2845 par-

457 2894 567 2952 tim
600 2865 877 2967 ignavia,
908 2884 1143 2963 partim
1174 2879 1246 2939 de
1290 2876 1637 2951 industria,
1681 2882 1750 2935 ut
1784 2874 1916 2934 suis
1947 2870 2238 2949 partibus
2282 2872 2514 2951 [areret
2544 2911 2560 2939 ,
2607 2868 2912 2927 invexisse
2956 2865 3479 2946 deprehenderim.
3543 2889 3573 2922 ι
3630 2868 3711 2925 Et

448 2989 649 3071 paulo
702 2995 846 3066 post
885 2985 957 3044 de
1012 2978 1574 3058 Christophorsoni
1622 2973 2139 3053 interpretatione
2190 2973 2281 3031 ita
2326 2968 2758 3049 pronuntiat:
2807 2992 2834 3022 α
2872 2968 3029 3047 Ejus
3067 2968 3220 3028 libri
3255 2966 3709 3027 emendatione:

452 3068 1027 3165 anilitatipubliew
1059 3080 1283 3141 tandiu
1321 3096 1448 3139 non
1476 3075 1877 3148 invidissem,
1925 3073 2054 3131 nisi
2096 3073 2470 3149 promissam
2518 3068 3083 3146 Christophorsoni
3133 3068 3713 3145 interpretationem

462 3193 643 3252 etiam
673 3184 1148 3266 exspectandam
1180 3182 1568 3243 censuissem.
1627 3176 1963 3256 Sperabam
2013 3175 2172 3235 enim
2204 3173 2354 3253 quia
2397 3172 2542 3232 bene
2578 3170 2827 3232 doctum
2873 3171 3180 3232 hominem
3225 3180 3281 3230 et
3334 3169 3709 3230 catholicum

461 3311 623 3363 esse,
658 3289 873 3350 deinde
915 3288 1095 3349 bonis
1148 3282 1607 3361 exemplaribus
1655 3280 1940 3359 adjutum
1982 3278 2180 3357 fuisse
2225 3275 2552 3335 audiebam
2579 3320 2597 3348 ,
2637 3296 2763 3336 non
2792 3274 3161 3355 praclarum
3211 3276 3391 3333 modo
3428 3282 3481 3333 et
3513 3283 3711 3332 tutam

460 3395 799 3454 versionem
847 3388 1121 3469 aliquam
1159 3384 1547 3455 emissurum,
1576 3380 1681 3443 sed
1712 3383 1775 3442 in
1804 3379 2118 3460 publicati
2166 3377 2402 3438 codicis
2435 3378 2642 3439 (ἲν-ωσὶ
2693 3376 3171 3437 emendationem
3218 3373 3411 3453 (quod
3452 3373 3604 3434 solet
3637 3368 3711 3430 ab

459 3491 905 3573 interpretibus
942 3487 1222 3549 omnibus
1251 3501 1379 3546 non
1428 3482 1657 3563 omitti)
1698 3483 2021 3542 variarum
2066 3479 2402 3539 lectionum
2451 3490 2504 3539 et
2561 3478 3021 3539 eorrectionum
3064 3474 3502 3536 adnotationes
3537 3476 3709 3554 adje-

462 3611 733 3665 cturum.
796 3599 1012 3660 Verum
1065 3594 1247 3673 longe
1292 3590 1482 3651 aliter
1522 3588 1754 3650 accidit
1786 3596 1972 3667 atque
2006 3586 2458 3664 exspectabam.
2511 3581 2833 3662 Siquidem
2872 3589 2939 3641 ut
2987 3581 3059 3641 de
3109 3582 3238 3659 ejus
3282 3580 3551 3640 editione
3593 3578 3711 3638 hoc

463 3705 665 3765 solum
688 3718 854 3761 nunc
886 3699 1091 3758 dicam
1114 3738 1130 3765 ,
1166 3693 1335 3775 quod
1362 3694 1533 3772 piam
1569 3689 1817 3772 quidem
1866 3700 1919 3752 et
1961 3691 2336 3751 catholicam
2363 3732 2382 3762 ,
2418 3687 2520 3747 sed
2554 3687 2905 3748 inchoatum
2944 3686 3160 3764 potius
3201 3702 3382 3763 quam
3431 3694 3712 3742 exactam

464 3816 573 3867 aut
604 3805 940 3883 perfectam
974 3797 1191 3858 multis
1226 3793 1582 3856 rationibus
1616 3792 1788 3853 credi
1837 3810 1959 3871 par
1994 3800 2119 3851 est:
2168 3791 2258 3850 sic
2297 3789 2627 3849 meliorum
2656 3786 2941 3848 codicum
2973 3786 3200 3866 quibus
3242 3786 3371 3863 ipse
3402 3804 3551 3843 usus
3584 3794 3712 3856 est,

466 3910 762 3986 exiguum
793 3912 899 3965 aut
931 3905 1060 3984 fere
1108 3899 1353 3960 nullum
1382 3899 1663 3976 fructum
1693 3895 1774 3955 ad
1802 3896 2030 3956 multos
2070 3893 2274 3955 redire
2296 3892 2501 3966 video,
2536 3910 2674 3953 cum
2714 3899 3013 3970 quantum
3051 3909 3151 3950 eos
3183 3897 3431 3950 secutus
3462 3885 3557 3946 vel
3601 3890 3716 3946 im-

464 4017 723 4074 mutarit
767 4009 858 4070 vel
887 4006 1231 4076 addiderit,
1264 4004 1400 4063 suis
1435 4000 1614 4073 locis,
1646 4009 1715 4060 ut
1751 3998 1997 4070 decuit,
2030 4000 2157 4058 sive
2188 3996 2269 4057 ad
2317 3997 2684 4059 ercorum
2721 3994 3219 4059 restitutionem,
3253 3993 3381 4051 sive
3427 3992 3508 4048 ad
3534 3994 3714 4069 [idem

464 4113 740 4175 versioni
769 4129 893 4172 suae
923 4120 974 4169 et
1006 4104 1447 4166 auctoritatem
1492 4095 2009 4177 comparandam,
2040 4112 2167 4155 non
2196 4096 2544 4155 admoneat.
2582 4115 2611 4150 ι
2652 4091 2873 4151 Petrus
2904 4107 3147 4169 quoque
3170 4087 3543 4147 Halloixius
3565 4134 3578 4155 ,
3614 4089 3716 4147 vir

463 4216 528 4275 in
557 4213 782 4293 primis
812 4206 1094 4269 eruditus
1149 4221 1221 4261 ac
1270 4199 1571 4276 diligens,
1609 4198 1673 4255 in
1705 4205 1867 4256 tomo
1918 4195 1983 4255 ll
2008 4240 2025 4266 ,
2062 4212 2182 4273 quo
2223 4192 2572 4252 illustrium
2612 4185 2955 4250 Orientalis
3000 4183 3293 4244 Ecclesia!
3332 4187 3715 4262 scriptorum

464 4285 636 4380 Vit-as
671 4310 1029 4390 complexus
1063 4314 1172 4373 est,
1218 4303 1281 4360 in
1310 4297 1742 4361 nolationibus
1792 4296 1873 4355 ad
1929 4297 2123 4356 Vitam
2161 4292 2231 4355 S.
2280 4290 2665 4369 Hegesippi,
2712 4304 2854 4364 cap.
2899 4287 2963 4357 3,
3016 4287 3088 4345 de
3128 4285 3393 4345 Joannis
3427 4285 3714 4346 Christo-

459 4416 765 4502 phorsoni
808 4412 1090 4473 versione
1140 4405 1294 4467 idem
1346 4402 1514 4484 quod
1542 4401 1873 4463 Curterius
1925 4398 2112 4459 sentit
2168 4416 2184 4457 :
2234 4418 2262 4454 α
2321 4392 2449 4456 Uno
2503 4391 2731 4463 verbo,
2781 4389 3033 4469 inquit,
3069 4408 3273 4449 omnes
3304 4392 3430 4471 fere
3473 4410 3716 4451 ιγνονρ,

462 4488 1045 4591 ll'liristophorsoni,
1078 4504 1186 4585 qui
1224 4509 1365 4561 sunt
1395 4518 1519 4560 non
1545 4500 1742 4578 pauci
1770 4543 1786 4571 ,
1820 4495 2133 4557 adficerent
2180 4495 2359 4554 etiam
2403 4491 2679 4551 Baronio
2703 4533 2720 4563 ,
2772 4507 2907 4549 cum
2944 4488 3074 4567 ejus
3104 4508 3338 4568 semper
3369 4499 3592 4549 utatur
3650 4510 3715 4548 in

463 4620 714 4686 citando
747 4613 1014 4676 Eusebio
1047 4608 1345 4669 versione.
1378 4607 1481 4665 Ita
1542 4604 1633 4682 ﬁt,
1675 4612 1747 4663 ut
1775 4601 1926 4662 aliis
1954 4601 2119 4660 alios
2148 4595 2539 4677 sequentibus
2567 4639 2584 4666 ,
2614 4611 2721 4652 nec
2759 4594 2962 4671 fontes
3012 4587 3260 4649 Grccos
3295 4590 3718 4648 examinanti-

462 4724 597 4793 bus,
629 4718 825 4799 primi
854 4714 1125 4795 alicujus
1161 4710 1522 4789 interpretis
1551 4726 1793 4769 errores
1823 4706 1904 4765 ad
1941 4701 2436 4784 quamplurimas
2473 4699 2816 4776 scriptores
2838 4739 2856 4769 ,
2894 4695 3006 4772 qui
3035 4692 3171 4752 sola
3200 4692 3497 4752 nituntur
3528 4693 3717 4769 prio-

462 4844 600 4886 rum
630 4822 1029 4889 auctoritate,
1063 4819 1125 4876 in
1156 4818 1513 4875 immensum
1546 4808 2016 4890 diffundantur.
2049 4806 2153 4866 Ex
2187 4822 2309 4882 quo
2344 4803 2525 4862 etiam
2546 4845 2561 4873 ,
2593 4807 2827 4880 quanta
2856 4796 2939 4857 sit
2972 4795 3209 4872 tingue
3257 4791 3485 4853 Graue
3514 4811 3718 4852 neces-

460 4933 642 4995 sitas.
680 4929 745 4987 in
765 4932 1065 5004 promptu
1095 4930 1177 4980 est
1211 4936 1599 4997 cognoscere.
1641 4940 1670 4971 ιι
1705 4915 1875 4975 Idem
1905 4914 1972 4975 in
2015 4910 2221 4972 eodem
2256 4907 2499 4985 capite,
2528 4922 2676 4985 pag.
2709 4904 2867 4974 731,
2907 4900 2998 4959 ait
3030 4917 3091 4957 se
3130 4897 3390 4959 libenter
3418 4898 3719 4957 adnotare

465 5045 707 5088 errores
741 5024 846 5105 qui
879 5029 1221 5082 occurrunt
1252 5021 1317 5078 in
1348 5017 1627 5077 versione
1657 5007 2246 5088 Christophorsoni,
2277 5024 2353 5066 ne
2385 5006 2513 5086 ejus
2542 5002 2821 5062 versione
2851 4999 3110 5059 lectores
3137 5000 3203 5058 in
3235 5016 3501 5058 errorem
3535 5000 3719 5057 indu.

462 5138 711 5192 cantur.
746 5096 832 5187 λθ
861 5124 1091 5185 malum
1122 5121 1368 5202 quidem
1396 5120 1600 5199 ipsum
1626 5160 1645 5190 ,
1679 5122 1749 5175 ut
1791 5113 2017 5174 videtis
2043 5153 2060 5183 ,
2103 5108 2290 5170 multi
2320 5104 2889 5167 animadverterunt
2917 5145 2934 5175 ,
2967 5098 3374 5175 damnumque
3405 5096 3571 5157 illud
3598 5114 3725 5174 pu-

464 5232 691 5296 blicum
720 5228 1032 5300 dolebant,
1065 5225 1232 5306 quod
1258 5234 1385 5283 tam
1416 5220 1602 5281 utiles
1638 5217 2041 5298 antiquitatis
2075 5213 2507 5275 ecclesiastica
2536 5209 2729 5279 libri,
2762 5216 2816 5267 et
2857 5202 3260 5266 scribentium
3300 5213 3354 5261 et
3403 5201 3720 5275 interpre-

465 5347 597 5400 tum
628 5333 813 5411 culpa
842 5350 914 5391 ac
942 5300 1322 5409 negligentia
1353 5323 1505 5384 adeo
1538 5320 1870 5399 depravati
1905 5319 2281 5396 legerentur.
2315 5313 2590 5391 Quidam
2619 5312 2802 5373 etiam
2828 5327 2946 5388 pro
2976 5306 3158 5368 virili
3186 5312 3368 5383 parte
3390 5300 3723 5362 remedium

464 5403 751 5498 adhibere
775 5479 791 5504 ,
828 5403 1377 5494 certis‘duntaxat
1413 5425 1567 5486 locis
1598 5431 2016 5484 tentaverunt.
2046 5420 2168 5483 Sed
2197 5439 2370 5480 nemo
2422 5417 2624 5479 adhuc
2674 5414 2919 5477 exstitit
2966 5413 3076 5492 qui
3108 5426 3332 5470 novam
3381 5403 3725 5465 Eusebiani

467 5541 673 5619 operis
704 5539 1038 5599 editionem
1067 5531 1668 5606 emendationemque
1699 5527 2037 5604 susciperet
2063 5546 2085 5594 ;
2119 5543 2226 5584 seu
2255 5520 2422 5602 quod
2456 5521 2694 5581 laboris
2733 5511 3164 5596 magnitudine
3207 5508 3495 5588 plerique
3525 5505 3725 5563 deter-

466 5606 801 5705 rebantur;
849 5653 957 5695 seu
1002 5630 1170 5712 quod
1205 5627 1591 5706 scriptorum
1624 5623 2073 5701 exemplarium
2098 5622 2285 5700 copia
2328 5631 2383 5679 et
2438 5620 2569 5679 otio
2605 5635 2678 5676 ac
2724 5615 2988 5695 reliquis
3041 5612 3347 5673 subsidiis
3381 5628 3514 5689 que:
3542 5606 3627 5667 ad
3656 5607 3725 5667 id

470 5760 627 5821 opus
664 5738 1005 5802 necessaria
1037 5741 1215 5810 sunt,
1253 5730 1759 5793 destituerentur.
1796 5729 1995 5789 Donec
2026 5744 2157 5799 vos,
2190 5742 2309 5803 pro
2341 5732 2543 5785 vestro
2578 5724 2644 5785 in
2693 5721 3139 5794 rempublicam
3175 5718 3552 5780 litterariam
3596 5722 3727 5775 stu-
