4154 6492
425 342 494 395 13
1410 334 1681 398 VALESll
1720 340 2057 402 EPISTULA
2093 343 2661 423 NUNCUPATORIA.
3603 356 3671 414 ιι

424 458 555 528 dio,
590 455 660 519 id
687 475 844 535 opus
905 462 1185 538 aggressi
1215 461 1383 533 estis,
1412 479 1751 540 novamque
1778 464 2141 527 Eusebiana
2180 466 2461 528 historia
2494 466 2822 528 editionem
2873 470 3212 532 curandam
3255 481 3435 553 atque
3483 474 3676 537 ador-

419 552 691 615 nandam
739 557 894 617 mihi
943 559 1337 618 commisistis
1369 580 1388 619 :
1426 568 1497 618 ut
1547 563 1775 622 amotis
1822 565 2225 639 superiorum
2265 563 2611 626 editionum
2658 568 2842 629 vitiis
2875 576 3061 649 atque
3106 569 3675 651 mendis,planior

422 653 706 732 deinceps
740 657 841 716 via
893 655 974 715 ad
1024 658 1427 716 certissimam
1469 674 1682 717 rerum
1738 660 2295 721 ecclesiasticarum
2339 664 2636 725 notitiam
2687 665 3028 729 lectoribus
3072 679 3472 734 sterneretur.
3530 674 3670 750 Quo

419 762 664 821 nomine
708 762 981 822 studiosi
1029 769 1190 821 certe
1242 780 1445 821 omnes
1479 762 1655 821 vobis
1699 763 2047 839 plurimum
2079 766 2318 839 debent,
2353 784 2618 844 quorum
2656 772 2989 834 commodis
3018 775 3414 857 utilitatique
3449 789 3670 839 nostra

422 880 610 939 opera
641 863 992 922 consultum
1024 881 1150 921 esse
1184 860 1500 921 voluistis.
1539 864 1838 923 Caterum
1864 874 2095 942 prater
2124 867 2236 928 has
2273 890 2492 931 causas
2527 888 2682 950 quas
2700 873 2836 950 jam
2865 885 3353 949 commemoravi,
3396 898 3530 959 qua
3557 899 3668 941 vos

420 958 502 1017 ad
523 976 748 1018 novam
783 960 1252 1020 Ecclesiastica
1286 960 1586 1021 Historia
1618 962 1945 1025 editionem
1976 965 2396 1042 impulerunt,
2427 969 2678 1029 suberat
2705 971 2885 1031 etiam
2914 973 3044 1032 alia
3071 1019 3087 1048 ,
3131 992 3520 1054 nequaquam
3544 1020 3562 1051 ,
3596 986 3669 1038 ut

421 1056 729 1130 arbitror,
760 1061 1189 1135 pratereunda
1221 1084 1242 1123 :
1273 1064 1440 1142 quod
1468 1066 1707 1127 scilicet
1737 1069 2005 1131 Eusebio
2042 1070 2113 1131 de
2143 1071 2319 1132 vobis
2352 1072 2540 1154 deque
2590 1074 2919 1136 Gallicana
2952 1076 3236 1140 Ecclesia
3279 1079 3507 1159 optime
3551 1103 3671 1144 mea

420 1160 547 1219 rito
590 1164 857 1238 gratiam
889 1166 1120 1242 referre
1152 1166 1514 1231 studuistis.
1563 1170 1758 1231 Nemo
1794 1182 1954 1233 certe
2007 1183 2092 1235 est
2143 1194 2220 1236 ea:
2262 1177 2546 1255 antiquis
2582 1176 2871 1240 Ecclesia
2933 1182 3348 1260 scriptoribus
3396 1186 3509 1264 qui
3568 1195 3663 1247 tot

420 1258 712 1322 Ecclesia
743 1261 1079 1326 Gallicana
1124 1266 1374 1333 laudes.
1412 1278 1506 1329 tot
1538 1272 1813 1350 insignia
1859 1284 2044 1355 atque
2090 1286 2449 1336 ornamenta
2501 1278 2765 1355 scriptis
2800 1279 2932 1339 suis
2980 1258 3351 1345 inteauerit.
3398 1268 3558 1345 Nam
3606 1286 3665 1347 si

419 1366 856 1444 antiquitatem
883 1381 1139 1447 spectes,
1174 1372 1344 1451 quod
1382 1377 1779 1455 pracipuum
1809 1389 2239 1456 argumentum
2285 1387 2371 1441 est
2405 1380 2803 1453 nobilitatis,
2833 1382 2937 1444 hic
2971 1390 3059 1442 est
3092 1385 3200 1462 qui
3245 1382 3621 1446 Crescentem
3644 1430 3663 1458 ,

418 1460 607 1523 Pauli
652 1470 931 1544 apostoli
978 1471 1396 1550 discipulum,
1434 1478 1503 1537 ia
1552 1479 1795 1540 Gallias
1843 1484 2078 1542 venisse
2108 1490 2406 1556 testatur,
2455 1484 2664 1564 ibique
2721 1460 3127 1564 Evangelium
3155 1488 3551 1565 pradicasse.
3594 1488 3666 1551 Si

417 1570 775 1631 antistitum
803 1576 1193 1637 sanctitatem
1224 1582 1705 1660 contemplemur
1742 1603 1813 1643 ac
1845 1585 2222 1659 doctrinam,
2261 1587 2595 1649 Pothinum
2630 1588 2813 1650 nobis
2845 1596 3030 1669 atque
3074 1592 3376 1653 Irenaum
3408 1592 3668 1671 Lugdu-

416 1687 625 1733 nenses
656 1678 980 1756 episcopos
1021 1685 1288 1762 profert.
1325 1683 1604 1759 Quorum
1640 1686 1746 1746 ille
1788 1707 1928 1749 cum
1980 1690 2321 1751 Ecclesium
2356 1708 2529 1752 suum
2576 1693 2828 1775 optimis
2860 1691 3155 1770 exemplis
3182 1710 3253 1752 ac
3283 1691 3664 1753 documentis

417 1771 770 1836 diutissime
799 1782 1088 1852 rescisset,
1130 1785 1373 1846 tandem
1402 1795 1824 1868 nonagenario
1858 1797 2060 1875 major
2100 1798 2291 1859 vitam
2322 1798 2572 1860 illustri
2606 1801 2913 1879 martyrio
2950 1801 3329 1864 terminavit.
3361 1790 3485 1862 Hic
3513 1807 3662 1863 vero

414 1873 563 1951 ﬁdei
599 1872 977 1942 Christiana
1009 1894 1283 1946 assertor
1314 1889 1738 1966 fortissimus,
1772 1892 2071 1956 adversus
2106 1917 2310 1958 omnes
2353 1899 2608 1959 hareses
2650 1898 3165 1960 luculentissimis
3212 1899 3395 1961 libris
3455 1898 3665 1962 decer-

414 1974 597 2036 tavit.
632 1976 772 2035 Jam
827 1980 883 2039 si
919 1991 1267 2061 martyrum
1296 1988 1738 2067 fortitudinem
1779 2002 1833 2053 et
1879 1997 2122 2057 sincera
2168 1996 2514 2058 earumdem
2563 1998 2879 2078 passionis
2902 1996 3060 2059 Acta
3099 2000 3429 2069 desideres,
3482 2000 3665 2061 nulla

413 2082 575 2135 Certe
616 2076 895 2141 Ecclesia
953 2083 1067 2144 hac
1115 2087 1181 2145 in
1218 2104 1285 2147 re
1332 2088 1556 2152 Gallia
1599 2106 1826 2156 nostra
1874 2098 2266 2177 anteferendu
2312 2107 2422 2179 est.
2472 2076 2827 2179 Epistolam
2882 2100 3042 2159 enim
3101 2101 3531 2162 Viennensium
3586 2120 3662 2162 ac

410 2172 920 2253 Lugdunensium
950 2185 1161 2243 statim
1203 2191 1628 2266 proferemus,
1670 2194 1839 2274 quod
1869 2172 2357 2276 pulcherrimum
2374 2173 2482 2260 ἐει
2519 2172 2705 2278 atque
2742 2200 3228 2263 vetustissimum
3284 2202 3487 2266 totius
3530 2206 3658 2268 Ec-

411 2271 608 2334 clesia
638 2276 704 2335 in
736 2277 852 2339 hoc
887 2299 1107 2359 genere
1138 2304 1615 2359 monumentum.
1670 2299 1756 2358 De
1784 2300 1964 2381 cujus
2012 2298 2304 2364 laudibus
2339 2323 2477 2364 cum
2518 2303 2716 2364 multa
2751 2303 2886 2383 jam
2940 2301 3110 2365 dicta
3157 2308 3285 2367 sint
3332 2326 3370 2366 a
3406 2307 3657 2394 multis,

409 2382 583 2432 nemo
619 2383 819 2437 tamen
847 2400 967 2459 pro
1002 2386 1182 2449 illius
1217 2390 1526 2471 dignitate
1550 2396 1845 2461 hactenus
1876 2410 1962 2462 est
1999 2401 2271 2467 lacutus.
2304 2404 2471 2465 Adeo
2505 2404 2632 2484 ejus
2662 2401 2942 2481 epistola
2995 2407 3281 2465 meritum
3310 2424 3381 2467 oc
3410 2382 3659 2486 pondus

411 2497 643 2542 omnem
697 2485 948 2552 dicendi
977 2501 1100 2555 vim
1132 2510 1407 2577 superat.
1441 2506 1640 2579 Atque
1700 2507 1768 2567 id
1795 2500 2159 2588 fatebuntur
2194 2512 2542 2591 quicunque
2575 2528 2701 2570 eam
2735 2509 2960 2587 sapius
3002 2503 3287 2583 legerint.
3342 2506 3477 2582 Quo
3511 2506 3658 2586 plus

414 2581 571 2640 enim
621 2583 875 2662 legitur,
920 2611 985 2653 eo
1017 2615 1253 2675 semper
1279 2602 1526 2664 videtur
1558 2625 1682 2665 esse
1709 2611 2138 2684 prastantiar.
2172 2611 2310 2671 Hoc
2341 2630 2484 2671 vero
2535 2619 2659 2669 tam
2690 2608 2929 2687 insigne
2960 2605 3250 2669 Ecclesia
3284 2617 3498 2670 vestra
3532 2630 3658 2670 mo-

408 2692 763 2744 numentum
794 2691 908 2749 uni
938 2692 1205 2758 Eusebio
1244 2710 1561 2780 acceptum
1601 2707 1765 2783 ferre
1796 2707 2095 2772 debemus.
2131 2711 2257 2785 Qui
2298 2710 2426 2772 nisi
2483 2710 2920 2771 Historiarum
2967 2725 3226 2767 suarum
3273 2708 3455 2770 libris
3492 2711 3659 2770 illud

408 2784 799 2866 intezuisset,
836 2805 1008 2858 tanto
1039 2804 1442 2884 antiquitatis
1486 2812 1913 2877 ecclesiasticae
1948 2819 2237 2878 thesauro
2269 2837 2433 2880 nunc
2462 2804 2731 2901 fortasse
2762 2833 3128 2880 careremus.
3175 2812 3362 2890 Quod
3408 2812 3464 2875 si
3511 2813 3654 2895 ﬁdei

405 2890 737 2956 sinceritas
766 2919 835 2959 ac
865 2902 1239 2981 simplicitas
1266 2923 1610 2990 quaratur,
1648 2917 1867 2978 Gallos
1895 2927 2148 2980 nostros
2178 2921 2485 2984 Eusebius
2518 2924 2583 2984 in
2628 2923 2726 2984 his
2761 2920 2942 2982 libris
2972 2910 3114 2978 hinc
3146 2910 3460 2995 pracipue
3489 2938 3656 2977 eom-

405 2993 649 3054 mendat
675 3017 698 3057 :
729 2992 874 3061 dum
902 3007 993 3064 ait
1028 3011 1514 3085 persecutionem
1545 3016 1923 3079 Diocletiani
1956 3020 2017 3079 in
2050 3018 2406 3082 Occidentis
2447 3022 2742 3100 partibus
2771 3026 2842 3081 ac
2893 3017 3243 3097 prasertim
3297 3018 3362 3077 in
3395 3016 3608 3077 Gallia
3634 3085 3652 3113 ,

404 3093 531 3152 cito
565 3104 687 3157 esse
716 3118 1160 3184 compressam,
1204 3112 1323 3173 Deo
1374 3115 1509 3176 illis
1558 3129 1821 3199 propter
1870 3120 2015 3201 ﬁdei
2048 3125 2469 3186 sinceritatem
2514 3125 2842 3203 benignius
2878 3118 3259 3198 indulgente.
3299 3119 3443 3179 Jam
3477 3093 3648 3196 vero;

405 3198 539 3303 qua»
566 3195 856 3303 Ecclesia
885 3204 1220 3271 Gallicana
1252 3232 1379 3273 non
1407 3195 1722 3292 postrema
1754 3195 1892 3281 laus
1921 3230 2048 3297 est,
2080 3231 2445 3302 perpetuam
2478 3195 2805 3303 illiusjam
2837 3221 2977 3283 inde
3012 3195 3313 3297 a'primis
3348 3220 3647 3301 tempori-'-

404 3290 518 3351 bus
545 3300 681 3353 cum
714 3296 849 3357 sede
877 3300 1155 3364 Romana
1187 3290 1664 3387 consensionem,
1700 3317 1765 3377 in
1802 3318 1899 3379 his
1926 3290 2187 3379 Eusebii
2220 3318 2400 3379 libris
2442 3336 2565 3378 non
2599 3317 2778 3378 semel
2811 3319 2952 3384 licet
2989 3325 3454 3404 deprehendere.
3506 3329 3653 3391 Pri-

403 3404 568 3458 mum
601 3402 844 3479 quidem
897 3407 964 3467 in
1012 3412 1277 3488 epistola
1308 3429 1653 3495 martyrum
1687 3421 2215 3500 Lugdunensium,
2281 3441 2464 3502 quam
2520 3422 2644 3496 illi,
2678 3422 2879 3485 adhuc
2920 3429 2987 3485 in
3035 3402 3275 3487 carcere
3312 3430 3534 3505 positi.
3568 3432 3651 3492 ad

401 3499 801 3566 Eleutherum
832 3512 1244 3591 scripserunt,
1277 3529 1424 3582 tunc
1460 3523 1742 3585 Romana
1771 3499 1947 3586 urbis
1979 3528 2375 3604 episcopum;
2406 3545 2549 3585 nam
2587 3545 2726 3586 cum
2755 3526 2982 3590 Αδίαηί
3020 3528 3251 3590 (meris
3282 3533 3365 3590 ad
3398 3532 3651 3611 Lugdu’

401 3603 605 3661 nensis
636 3603 927 3667 Ecclesia
953 3611 1181 3688 fratres
1213 3615 1378 3673 datis
1407 3636 1508 3676 eos
1538 3603 2021 3694 consuluissent,
2048 3622 2200 3701 quid
2227 3619 2612 3681 sentiendum
2638 3628 2790 3681 esset
2828 3621 2900 3682 de
2927 3641 3089 3683 nova
3117 3627 3481 3704 prophetia,
3514 3648 3647 3707 qua

403 3713 552 3764 tunc
581 3709 752 3785 apud
782 3709 1119 3789 Phrygiam
1158 3734 1363 3776 recens
1395 3717 1619 3781 exorta
1650 3722 2057 3799 gravissimos
2091 3724 2399 3783 tumultus
2432 3742 2545 3801 per
2576 3732 2768 3785 totam
2798 3724 3011 3787 Asiam
3059 3730 3407 3805 excitarat,
3443 3732 3648 3794 Galli-

403 3805 547 3866 cani
575 3819 878 3888 martyres
909 3831 1033 3872 rem
1061 3814 1145 3874 ad
1189 3814 1593 3876 Eleutherum
1643 3818 1997 3881 detulerunt
2023 3867 2039 3893 ,
2075 3831 2146 3881 ut
2196 3822 2327 3901 ejus
2359 3824 2730 3894 interventu,
2764 3825 2947 3903 cujus
2999 3829 3065 3889 in
3101 3829 3380 3891 Ecclesia
3413 3850 3645 3894 summa

402 3918 531 3969 erat
565 3916 951 3993 auctoritas,
997 3936 1132 3995 pax
1160 3920 1414 3979 Asianis
1445 3923 1899 3987 restitueretur.
1936 3921 2217 3986 Alterum
2257 3924 2444 4005 hujus
2494 3926 2845 3988 concordia
2891 3928 3238 4008 exemplum
3279 3930 3643 4009 suppeditat

400 4011 676 4089 synodus
711 4015 1064 4091 Gallicana,
1104 4021 1169 4081 in
1214 4040 1336 4102 qua
1366 4027 1641 4085 Irenaus
1691 4044 1816 4085 una
1859 4046 1994 4087 cum
2028 4027 2323 4107 pluribus
2355 4030 2708 4092 Galliarum
2740 4032 3087 4110 episcopis,
3141 4033 3414 4094 Victoris
3463 4053 3643 4113 papa

400 4119 718 4180 sententia
752 4119 822 4181 de
857 4122 1265 4186 celebratione
1286 4130 1431 4206 festi
1466 4129 1807 4202 Paschalis,
1841 4120 1915 4192 ab
1945 4132 2215 4194 Eusebio
2255 4134 2497 4194 dicitur
2526 4134 2990 4213 subscripsisse.
3027 4132 3193 4193 Idem
3237 4150 3479 4213 quoque
3510 4134 3642 4194 Ire-

398 4236 566 4280 naus
601 4222 898 4285 adversus
954 4226 1274 4290 Florinum
1322 4233 1433 4311 qui
1483 4232 1823 4293 Ecclesium
1878 4236 2209 4295 Romanam
2260 4238 2622 4313 pernicioso
2661 4238 2988 4298 schismate
3034 4234 3354 4315 turbabat,
3384 4236 3642 4314 fortiter

398 4321 772 4389 insurreait.
805 4328 1225 4392 Pratermitto
1260 4330 1592 4403 Reticium,
1630 4333 1981 4393 Maternum
2010 4354 2081 4395 ac
2117 4324 2463 4409 Marinum,
2497 4325 2722 4398 Gallia
2759 4338 3107 4416 episcopos,
3152 4336 3264 4414 qui
3312 4354 3450 4396 cum
3486 4336 3641 4395 Mil-

397 4423 566 4484 liade
588 4443 758 4504 papa
796 4431 861 4489 in
892 4430 1129 4508 synodo
1169 4429 1450 4490 Romana
1482 4426 1816 4492 residentes
1837 4477 1852 4505 ,
1882 4452 2068 4493 unam
2117 4454 2254 4495 cum
2307 4430 2421 4495 illo
2469 4435 2767 4497 adversus
2815 4439 3130 4498 Donatum
3162 4436 3358 4496 tulere
3390 4444 3640 4496 senten-

396 4522 569 4584 tiam.
605 4523 757 4585 Cum
791 4527 993 4605 igitur
1037 4538 1127 4590 tot
1162 4541 1467 4612 tantaque
1519 4526 1861 4598 Gallicana
1896 4536 2184 4599 Ecclesia
2230 4538 2444 4601 laudes
2488 4541 2562 4602 ab
2611 4541 2880 4602 Eusebio
2932 4549 3416 4601 commemorata
3467 4541 3635 4611 sint,

392 4628 623 4686 nemini
650 4629 875 4689 mirum
908 4631 1113 4694 videri
1143 4631 1338 4709 debet,
1370 4630 1427 4697 si
1455 4656 1574 4718 pro
1606 4641 1801 4700 tantis
1830 4650 2287 4703 antecessorum
2322 4653 2672 4705 vestrorum
2694 4648 3034 4724 praconiis
3075 4647 3230 4709 hanc
3268 4648 3324 4708 ei
3367 4648 3637 4727 gratiam

392 4732 622 4807 referre
642 4731 1002 4809 studuistis,
1028 4746 1095 4797 ut
1140 4734 1585 4803 Ecclesiastica
1620 4743 1751 4823 ejus
1783 4745 2065 4806 Historia
2101 4756 2280 4825 quam
2309 4740 2449 4825 ﬁeri
2473 4763 2679 4826 posset
2714 4750 3208 4813 emendatissimo
3236 4760 3419 4832 atque
3448 4770 3636 4811 orna-

393 4827 658 4902 tissima,
696 4834 917 4892 vestris
946 4839 1251 4914 auspiciis
1283 4840 1568 4903 ederetur
1597 4843 1663 4902 ia
1693 4839 1913 4905 lucem.
1947 4843 2146 4919 Quam
2195 4845 2258 4904 in
2291 4864 2416 4906 rem
2453 4865 2590 4908 cum
2627 4865 2718 4907 me
2747 4855 2937 4908 unum
2965 4869 3044 4910 ea:
3077 4849 3360 4911 omnibus
3390 4849 3631 4928 delege-

393 4929 564 5002 ritis,
599 4932 870 5010 equidem
901 4938 1245 5016 plurimum
1289 4945 1466 5007 vobis
1519 4965 1584 5006 eo
1630 4947 1880 5007 nomine
1923 4967 2014 5008 me
2059 4946 2271 5009 debere
2301 4950 2645 5028 profiteor,
2702 4952 2811 5030 qui
2860 4948 2933 5010 de
2978 4970 3066 5011 me
3119 4960 3244 5011 tam
3295 4952 3633 5029 honoriﬁce

395 5031 730 5094 'enseritis.
767 5035 1060 5117 Intelligo
1093 5049 1293 5104 tamen
1325 5053 1623 5123 quantum
1661 5046 1817 5106 mihi
1843 5064 1879 5104 a
1907 5045 2083 5109 vobis
2138 5065 2298 5108 onus
2332 5050 2414 5109 sit
2449 5049 2812 5127 impositum
2853 5071 2874 5111 :
2924 5058 2992 5110 ut
3025 5057 3168 5129 po’s‘t
3218 5054 3343 5112 tres
3377 5052 3631 5112 Latinos

391 5133 754 5212 interpretes
784 5153 1049 5218 quartus
1094 5142 1226 5225 ipse
1252 5148 1624 5226 procedam,
1680 5158 1735 5209 et
1779 5150 2040 5211 eamdem
2088 5139 2225 5212 cum
2281 5145 2417 5214 illis
2452 5154 2947 5216 existimationis
2976 5154 3169 5214 aleam
3191 5154 3459 5216 subeam.
3508 5151 3632 5218 Sed

387 5235 680 5309 quoniam
708 5237 854 5300 huic
898 5242 1204 5307 desiderio
1253 5258 1455 5310 vestro
1502 5268 1573 5310 ac
1622 5253 1912 5312 mandato
1948 5254 2263 5332 refragari
2309 5257 2483 5334 nefas
2531 5255 2684 5315 mihi
2726 5258 2900 5336 fuit,
2950 5256 3117 5319 hunc
3174 5255 3447 5316 laborem
3494 5262 3608 5315 tur

384 5350 609 5411 vestra,
667 5351 795 5404 tum
832 5345 1090 5412 Eusebii
1139 5371 1325 5413 causa
1363 5352 1761 5414 libentissime
1809 5355 2097 5434 suscepi,
2130 5375 2481 5436 omnemque
2524 5358 2590 5416 in
2632 5357 3004 5419 emendando
3051 5366 3107 5418 et
3159 5359 3625 5438 interpretando

382 5437 724 5503 molestiam
758 5444 1061 5506 diuturna
1115 5452 1420 5526 patientia
1468 5452 1764 5515 concoxi.
1823 5448 1960 5515 Alii
2000 5454 2246 5534 quidem
2288 5463 2342 5514 et
2396 5456 2646 5534 ingenio
2698 5464 2753 5515 et
2801 5456 3095 5519 doctrina
3141 5458 3622 5529 instructiores,

289 5607 296 5616 .
379 5539 571 5616 plura
609 5555 661 5605 et
694 5546 952 5607 meliora
978 5549 1389 5629 praestabunt.
1427 5553 1559 5630 Ego
1595 5551 1662 5614 id
1688 5555 1986 5633 perficere
2015 5563 2277 5616 conatus
2305 5575 2462 5631 sum,
2495 5576 2570 5618 ne
2598 5559 2741 5638 quis
2777 5559 2843 5619 in
2868 5558 2987 5620 hoc
3018 5576 3203 5640 opere
3230 5558 3627 5636 diligentiam

377 5660 567 5705 meam
587 5647 737 5726 jure
765 5653 982 5711 merito
1017 5651 1416 5715 desideraret.
1458 5656 1646 5731 Quod
1675 5656 1917 5737 quidem
1950 5665 2161 5718 utrum
2196 5667 2563 5720 consecutus
2603 5661 2718 5720 sim
2744 5704 2762 5733 ,
2817 5679 2928 5720 vos
2956 5703 2973 5730 ,
3027 5658 3449 5720 illustrissimi
3503 5660 3627 5720 An-

378 5742 628 5824 tistites,
658 5766 783 5827 pro
815 5758 1018 5813 vestra
1057 5753 1347 5834 (equitate
1388 5755 1789 5832 judicabitis.
1826 5755 2130 5820 Caterum
2160 5757 2219 5819 si
2252 5758 2413 5820 hunc
2440 5774 2477 5820 α
2513 5778 2600 5821 me
2629 5770 2981 5839 susceptum
3033 5768 3216 5839 atque
3247 5758 3621 5821 exhaustum
