4154 6436
464 345 531 400 ιδ
1729 345 1998 400 YALESII
2039 345 2104 398 Pl

2088 345 2440 401 RLFATlO.
3654 353 3719 408 l6

461 457 732 518 laborem
775 460 954 521 vobis
1007 459 1318 538 placuisse
1364 457 1771 530 intellexero,
1819 463 2215 539 promptiore
2263 463 2547 540 deinceps
2601 471 2656 524 el
2715 463 3029 524 alacriore
3080 483 3285 524 animo
3331 466 3720 545 reliquorum

460 561 888 625 ecclesiastica:
914 563 1198 625 historiw
1226 565 1613 641 scriptorum
1642 563 1978 624 editionem
2007 567 2366 643 aggrediar,
2401 566 2697 646 cobisque
2723 568 3079 646 faventibus
3114 567 3268 626 idem
3300 570 3362 627 in
3395 570 3526 628 illis
3552 571 3722 649 quod

459 665 527 726 in
553 665 821 728 Eusebio
855 677 1156 746 pra'slare
1184 667 1484 730 conabor.

2039 772 2425 828 lllustrissima:
2464 789 2527 828 ac
2564 773 3052 828 Reverendissima‘:
3084 776 3145 830 D.
3190 776 3251 830 ν.
3289 775 3717 841 addictissimus,

2493 889 2764 945 [immicus
2798 889 3081 945 VsLssws.

3427 1066 3686 1087 _

597 1229 693 1286 Αι)
733 1227 1034 1286 EOSDEM
1077 1226 1707 1285 ILLUSTRISSIMOS
1746 1226 2219 1292 ANTISTITES,

1904 1226 2219 1292 ISTITES,
2265 1227 2362 1282 DE
2403 1226 2606 1283 ΝΟΫΑ
2650 1226 3110 1284 EUSEBIAN£
3156 1228 3538 1286 HISTORIA!

1673 1341 2048 1398 EDITIOA‘E
2085 1341 2354 1397 PR£FA
2368 1343 2509 1399 TIO.

542 1647 805 1709 Peracto
849 1642 1158 1707 solemnis
1207 1643 1714 1720 nuncupationis
1764 1642 2013 1716 ofﬁcio,
2061 1640 2194 1721 jam
2245 1649 2498 1719 tempus
2552 1649 2691 1715 est,
2750 1643 3176 1706 illustrissimi
3227 1646 3605 1717 Antistites,
3649 1651 3716 1707 ut

463 1747 679 1826 operis
737 1745 864 1807 mei
921 1745 1299 1823 singillatim
1366 1746 1552 1807 vobis
1610 1747 1926 1808 rationem
1991 1747 2278 1808 reddam.
2333 1747 2493 1807 Cum
2560 1749 2733 1810 enim
2787 1756 2996 1808 vestra
3061 1748 3467 1824 potissimum
3523 1764 3714 1808 causa

462 1856 809 1925 vestroque
858 1845 1044 1924 jussu
1107 1843 1211 1907 hic
1267 1862 1298 1907 a
1355 1863 1457 1907 me
1512 1858 1856 1924 susceptus
1901 1847 1983 1907 sit
2040 1847 2259 1920 labor,
2315 1862 2431 1908 vos
2492 1866 2620 1919 pra:
2672 1849 2917 1909 caeteris
2966 1848 3268 1908 omnibus
3320 1848 3534 1924 operis
3591 1846 3713 1907 mt-i

460 1949 729 2011 lectores
767 1964 838 2010 ac
867 1947 1120 2025 judices
1153 1953 1213 2006 et
1260 1953 1412 2021 Opto
1450 1946 1643 2006 simul
1699 1954 1759 2008 et
1807 1963 2020 2025 spero.
2057 1948 2199 2008 Tria
2241 1957 2389 2008 sunt
2420 1949 2616 2025 igitur
2650 1966 2793 2028 quae
2842 1949 2903 2008 in
2945 1947 3058 2010 hac
3093 1948 3383 2009 editione
3420 1955 3717 2024 priestare

460 2048 710 2110 studui.
761 2047 1040 2108 Primum
1094 2053 1190 2106 est
1235 2045 1435 2106 Graeci
1492 2053 1708 2107 textus
1762 2047 2164 2119 emendatio;
2207 2050 2564 2110 secundum
2626 2051 2845 2110 Latina
2901 2049 3188 2126 ejusdem
3243 2049 3715 2124 interpretatio,

465 2152 723 2211 tertium
779 2153 873 2210 est
927 2146 1246 2225 expositio
1280 2147 2086 2210 obscuriorum-locorum.
2125 2150 2197 2208 Et
2251 2151 2540 2212 Latinam
2594 2151 2860 2228 quidem
2911 2151 3503 2226 interpretationem
3544 2151 3716 2227 quod

463 2251 710 2321 attinet,
755 2255 895 2327 post
935 2255 1061 2308 tres
1098 2245 1478 2307 Eusebianm
1514 2247 1823 2308 Historiae
1861 2248 2272 2326 interpretes,
2311 2249 2449 2328 ipse
2481 2260 2769 2330 quartam
2804 2251 3154 2312 elaboravi.
3190 2253 3714 2311 Etttendationetn

463 2367 616 2413 vero
666 2359 862 2428 atque
911 2345 1386 2423 expositionem
1449 2346 1804 2407 Eusebiani
1856 2347 2117 2424 operis,
2163 2364 2352 2408 nemo
2412 2357 2558 2408 ante
2620 2365 2738 2408 nos
2800 2356 3181 2409 tontaverat.
3237 2351 3471 2408 Verum
3529 2356 3592 2408 ut
3638 2349 3720 2410 de

465 2453 743 2532 singulis
812 2467 932 2512 suo
986 2449 1126 2511 loco
1174 2456 1366 2527 atque
1416 2449 1643 2510 ordine
1689 2450 2060 2512 distinctius
2109 2449 2347 2525 dicam,
2381 2451 2593 2514 ordiar
2623 2453 2897 2531 primum
2934 2453 3013 2514 ab
3052 2452 3523 2513 emendatione.
3562 2457 3716 2524 Qut-

459 2571 720 2635 cunque
753 2569 981 2613 novam
1018 2557 1306 2610 veterum
1343 2551 1728 2628 scriptorum
1772 2551 2122 2612 editionem
2157 2551 2656 2628 aggrediuntur,
2709 2553 2751 2612 ii
2797 2570 3060 2613 necesse
3095 2553 3331 2614 habent
3371 2555 3447 2613 ab
3483 2572 3713 2612 enimt-

461 2659 725 2720 datione
772 2653 1033 2714 initium
1086 2650 1323 2712 laboris
1371 2654 1471 2715 sui
1519 2654 1778 2715 ducere.
1819 2654 1921 2713 Sic
1966 2653 2288 2728 Origenes
2335 2672 2477 2715 cum
2538 2671 2764 2716 nevam
2810 2655 3226 2734 Septuaginta
3284 2656 3714 2733 lnterpretum

461 2758 816 2821 editionem
853 2751 1283 2828 suscepisset,
1335 2753 1667 2831 multaque
1702 2754 1766 2812 in
1810 2752 1889 2813 iis
1925 2752 2118 2813 dubia
2152 2771 2223 2813 ac
2257 2753 2664 2815 dissonantia
2717 2755 2797 2815 ob
2833 2755 3208 2816 varietatem
3257 2757 3715 2833 exemplarium

463 2862 848 2942 reperisset,
886 2859 951 2918 in
992 2874 1213 2918 eorum
1274 2853 1729 2915 emendatione
1776 2853 2058 2928 primum
2099 2852 2446 2927 laboravit;
2505 2861 2569 2916 et
2617 2854 2866 2916 collatis
2915 2855 3326 2934 Septuaginta
3374 2858 3713 2917 Senioruni

463 2961 946 3044 exemplaribus
995 2957 1222 3035 partim
1262 2972 1406 3014 cum
1458 2954 1784 3016 Hebraico
1828 2962 2002 3016 textu
2033 3000 2050 3026 ,
2095 2957 2321 3033 partim
2369 2973 2511 3017 cum
2554 2957 2758 3017 tribus
2795 2957 2939 3017 aliis
2989 2957 3386 3018 editionibus
3414 3001 3429 3027 ,
3469 2960 3718 3036 Aquila;

464 3069 749 3137 scilicet,
801 3055 1271 3122 'l‘heodotionis
1322 3066 1384 3115 et
1442 3052 1849 3132 Symmachi,
1906 3072 2161 3116 errores
2216 3055 2329 3134 qui
2387 3057 2453 3118 in
2517 3058 2926 3135 Septuaginta
2976 3057 3314 3118 Seniorum
3368 3060 3713 3122 editionem

459 3169 886 3244 irrepserant,
938 3172 1168 3220 omnes
1221 3153 1507 3216 sustulit.
1563 3153 1740 3215 Idem
1805 3155 1977 3216 enim
2029 3155 2164 3233 ipse
2213 3157 2427 3219 innuit
2492 3158 2556 3218 in
2607 3166 2871 3219 tractatu
2928 3177 3037 3219 vin
3107 3161 3171 3220 in
3215 3160 3569 3221 Mauhaum
3617 3165 3715 3226 his

467 3267 746 3333 verbis:
805 3262 945 3321 «1n
999 3256 1478 3333 exemplaribus
1539 3256 1804 3334 quidem
1856 3256 2113 3317 Veteris
2167 3257 2562 3318 'l‘estamenti
2620 3275 3026 3338 qumcunque
3088 3259 3349 3322 fuerunt
3411 3263 3715 3326 inconso-

459 3371 716 3440 nantia,
763 3367 895 3426 Deo
929 3366 1296 3442 praestante,
1332 3365 1626 3436 coeptare
1652 3357 1976 3432 potuimus
1999 3400 2015 3427 ,
2055 3367 2305 3418 utentes
2329 3360 2581 3436 judicio
2614 3367 2981 3421 (ceterarum
3017 3360 3398 3422 editionum.
3424 3364 3511 3424 Ea
3542 3370 3715 3426 enim

464 3492 610 3556 qum
664 3469 1047 3533 videbantur
1098 3462 1267 3540 apud
1328 3461 1746 3539 Septuaginta
1798 3460 1994 3522 dubia
2057 3479 2201 3522 esse
2260 3468 2521 3539 prepter
2577 3464 3068 3525 consonantiam
3123 3465 3661 3542 exemplariorum
3697 3512 3715 3542 ,

461 3576 772 3638 facientes
821 3565 1141 3647 judicium
1176 3580 1254 3625 ex
1287 3561 1687 3623 editionibus
1720 3560 1994 3639 reliquis
2023 3603 2041 3634 ,
2090 3562 2549 3622 convenientia
2601 3562 3023 3623 servavimus.
3061 3585 3089 3617 ι
3147 3563 3450 3640 Origenis
3501 3585 3720 3627 exem-

468 3679 643 3757 plum
698 3678 960 3734 secutus
1016 3673 1232 3745 postea
1286 3665 1358 3728 Β.
1406 3664 1884 3743 Hieronymus,
1940 3681 2172 3724 novam
2229 3665 2581 3727 editionem
2638 3665 3047 3744 Septuaginta
3091 3667 3523 3747 Interpretum
3571 3688 3603 3731 a
3649 3687 3717 3730 se

467 3777 904 3850 emendatam“
944 3779 1009 3834 et
1042 3768 1370 3831 asteriscis
1401 3770 1737 3848 obelisque
1767 3769 2138 3830 distinctam
2182 3787 2315 3829 sum
2362 3769 2598 3846 linguae
2637 3769 3014 3832 hominibus
3053 3772 3272 3844 dedit,
3322 3772 3487 3832 sicut
3524 3776 3718 3833 variis

466 3884 532 3945 in
570 3883 726 3944 locis
759 3881 899 3957 ipse
932 3881 1225 3939 testatur.
1258 3871 1470 3948 Atque
1519 3877 1586 3930 ut
1626 3867 1706 3928 de
1756 3867 2044 3945 profanis
2085 3867 2512 3944 scriptoribus
2553 3867 2742 3929 etiam
2787 3869 3052 3946 loquar,
3101 3867 3319 3928 Crates
3353 3876 3411 3928 et
3444 3871 3719 3930 Aristar-

468 3985 668 4056 chus,
720 3975 1162 4059 grammatici,
1214 3970 1328 4051 qui
1379 3967 1896 4031 accuratissimas
1942 3966 2273 4027 Homerici
2329 3967 2634 4028 carminis
2687 3966 3010 4027 editiones
3056 3966 3499 4039 elaborarunt,
3557 3971 3714 4028 nihil

466 4088 638 4152 aliud
688 4087 825 4148 fere
871 4099 1064 4162 quam
1109 4074 1630 4141 emendationem
1679 4071 2297 4148 distinctionemque
2348 4069 2522 4129 illius
2576 4069 2791 4147 operis
2837 4067 3298 4149 prmstiterunt.
3344 4068 3482 4128 Pari
3522 4070 3719 4145 igitur

469 4191 660 4254 modo
691 4203 835 4248 cum
881 4181 1259 4244 Eusebianae
1301 4178 1606 4248 Historiae
1641 4192 1875 4238 novam
1915 4174 2269 4236 editionem
2302 4174 2578 4235 condere
2617 4175 3049 4235 instituissem
3075 4219 3091 4246 ,
3127 4173 3192 4232 in
3232 4174 3372 4250 ejus
3409 4179 3716 4235 emenda—

473 4293 651 4355 tione
703 4301 960 4349 omnem
1022 4280 1404 4342 industriam
1471 4295 1544 4339 ac
1603 4275 2004 4354 diligentiam
2060 4274 2359 4336 adhibui.
2411 4276 2742 4338 Editiones
2795 4276 3174 4338 Eusebiante
3228 4279 3522 4339 Historim
3575 4281 3719 4340 dum

470 4402 718 4457 tantum
763 4391 1076 4451 hactenus
1110 4383 1326 4444 Graece
1361 4380 1740 4459 prodierunt
1774 4401 1788 4440 :
1825 4379 2020 4440 altera
2060 4377 2476 4451 Parisiensis,
2520 4395 2708 4456 quam
2747 4378 3062 4440 Robertus
3103 4380 3461 4456 Stephanus
3511 4397 3713 4440 excu-

467 4502 601 4576 dit;
636 4497 730 4558 vir
759 4496 838 4559 de
873 4490 1103 4554 litteris
1137 4504 1214 4549 eo
1244 4486 1514 4548 nomine
1548 4486 1793 4563 optime
1827 4486 2095 4547 meritus
2119 4528 2136 4556 ,
2173 4485 2345 4562 quod
2387 4501 2617 4561 corpus
2654 4484 2941 4546 historiae
2971 4483 3421 4546 ecclesiasticae
3453 4482 3713 4558 elegan-

469 4602 742 4665 tissimis
777 4599 944 4679 typis
981 4594 1226 4675 primus
1261 4589 1610 4670 publicavit
1637 4612 1654 4663 ;
1680 4591 1877 4652 altera
1909 4597 2006 4650 est
2041 4590 2446 4652 Genevensis
2479 4590 2705 4651 editio.
2736 4591 2975 4651 Verum
3012 4589 3145 4649 htec
3175 4587 3240 4646 in
3278 4587 3498 4648 Grteco
3533 4595 3712 4649 textu

467 4707 819 4770 editionem
859 4702 1030 4763 illam
1077 4695 1338 4759 Roberti
1375 4694 1678 4772 Stephani
1715 4695 1962 4772 ubique
2003 4695 2362 4772 expressit,
2401 4693 2526 4756 nisi
2567 4695 2743 4773 quod
2783 4694 2987 4757 varias
3037 4694 3354 4754 leCIiones
3391 4701 3452 4753 et
3489 4710 3712 4753 emen-

469 4805 760 4868 dationes
787 4801 864 4864 ad
905 4801 1068 4860 latus
1108 4796 1655 4876 habetappositas
1685 4815 1765 4860 ex
1797 4798 2128 4860 codicibus
2157 4799 2490 4860 doctorum
2525 4799 2851 4872 virorum;
2906 4805 2966 4860 et
3000 4796 3262 4859 lacunas
3299 4795 3545 4872 aliquot
3575 4812 3718 4874 (ιυω

467 4909 536 4970 in
595 4904 774 4966 libris
824 4901 911 4961 De
947 4899 1078 4959 vita
1126 4897 1531 4959 Constantini
1576 4907 1967 4972 occurrunt,
2002 4915 2075 4959 ex
2126 4897 2354 4958 iisdem
2402 4897 2736 4959 codicibus
2786 4898 3132 4976 supplevit.
3172 4898 3443 4958 Proinde
3491 4899 3552 4956 in
3592 4917 3716 4958 una

469 5014 780 5075 duntaxat
820 5005 1082 5069 Roberti
1133 4997 1436 5079 Stephani
1481 4998 1774 5061 editione
1827 4998 1984 5058 mihi
2040 4997 2460 5060 lab0randum
2509 4996 2654 5059 fuit.
2688 4998 2892 5072 Quam
2943 4999 3206 5079 quidem
3253 5016 3396 5060 cum
3437 5007 3717 5077 quatuor

469 5111 926 5190 manuscriptis
983 5107 1241 5186 Optima:
1307 5110 1473 5164 notae
1532 5102 1865 5164 codicibus
1921 5110 2164 5181 quanta
2225 5102 2405 5182 potui
2465 5102 2803 5181 diligentia
2866 5104 3212 5177 collatam,
3279 5105 3499 5165 multis
3559 5104 3719 5167 locis

473 5219 752 5284 restitui.

553 5325 797 5387 Horum
831 5325 1111 5399 quatuor
1141 5315 1434 5379 codicum
1473 5315 1639 5376 duos
1678 5313 1868 5377 nobis
1910 5312 2431 5376 subministravit
2479 5310 2861 5374 bibliotheca
2891 5308 3114 5386 Regia.
3164 5309 3344 5370 Prior
3387 5305 3716 5370 Francisci

473 5419 664 5499 primi
698 5417 952 5498 praefert
995 5415 1314 5492 insignia;
1362 5420 1510 5474 ante
1547 5411 2063 5491 quadringentos
2109 5412 2254 5490 plus
2285 5411 2503 5473 minus
2536 5428 2741 5473 annos
2783 5413 3059 5492 scriptus
3095 5414 3156 5476 in
3196 5414 3410 5476 charta
3445 5415 3720 5495 bomby-

471 5525 617 5586 cina
670 5528 729 5585 et
776 5519 1140 5598 singulares
1191 5519 1513 5582 interdum
1567 5518 1830 5581 exhibet
1886 5519 2237 5593 lectiones,
2299 5519 2709 5597 multumque
2745 5536 2779 5581 a
2813 5520 3082 5599 reliquis
3119 5519 3453 5581 codicibus
3479 5520 3717 5580 discre-

469 5636 723 5710 pantes.
772 5626 890 5687 Hic
935 5629 1030 5687 est
1066 5615 1260 5702 quem
1316 5626 1383 5686 in
1417 5624 1945 5686 adnotationibus
1978 5624 2249 5702 Regium
2291 5624 2574 5685 codicem
2609 5625 2960 5686 nominavi.
3003 5621 3179 5680 Alter
3228 5627 3325 5680 est
3375 5636 3454 5681 ex
3491 5617 3722 5679 biblio-

476 5729 654 5792 theca
693 5725 1014 5799 Mediczea,
1042 5741 1183 5803 quae
1218 5741 1388 5788 nunc
1420 5724 1489 5785 in
1514 5725 1775 5801 Regiam
1817 5722 2140 5798 translata,
2179 5741 2304 5786 uno
2333 5721 2691 5800 eodemque
2724 5723 2937 5800 [ὶεείε
2971 5722 3373 5786 bibliotheca;
3408 5724 3722 5786 vocabulo
