4154 6414
432 383 490 436 Π
1699 372 1966 432 VALESII
2004 371 2072 428 PI

2035 372 2401 429 'REFATIO.
3607 366 3675 420 18

426 504 749 561 censetur.
797 494 917 555 Hic
965 494 1038 557 ad
1080 493 1567 558 distinctionem
1613 495 1854 574 prioris
1885 494 2063 554 illius
2093 492 2376 566 codicis,
2415 490 2759 552 Medicteus
2803 489 3002 550 codex
3041 490 3106 549 in
3148 487 3675 549 adnotationibus

425 602 662 666 nostris
693 599 1072 678 appellatur.
1109 599 1232 672 Qui
1271 602 1417 662 licet
1455 599 1645 678 paulo
1681 599 2004 661 recentior
2036 597 2141 669 sit,
2183 615 2260 658 ex
2295 597 2539 671 Optimo
2579 601 2787 655 tamen
2825 592 3172 668 exemplari
3205 599 3263 652 et
3295 591 3375 654 ab
3416 591 3668 653 erudita

429 725 621 769 manu
659 706 1026 784 descriptus
1076 707 1195 764 est.
1246 698 1521 760 Duobus
1568 697 1670 759 his
1715 695 2202 775 exemplaribus
2239 711 2402 754 usus
2442 701 2575 754 erat
2608 693 2927 754 Robertus
2975 690 3337 767 Stephanus
3374 689 3436 750 in
3473 691 3673 751 Euse-

423 803 632 867 bianze
674 801 977 863 Historias
1023 798 1330 862 editione.
1395 797 1467 856 Et
1521 795 1584 856 in
1636 795 1780 873 ipso
1830 793 2093 870 quidem
2147 799 2324 854 textu
2378 791 2796 862 excudendo,
2845 793 3116 872 Regium
3163 799 3490 875 exemplar
3538 795 3671 858 fere

422 903 667 982 ubique
702 907 961 963 secutus
994 905 1127 970 est,
1161 914 1438 975 raroque
1465 895 1807 957 admodum
1846 895 1922 955 ab
1958 896 2098 971 ejus
2132 891 2405 954 discedit
2447 892 2735 969 vestigiis
2761 938 2777 966 ,
2818 895 2985 958 sicut
3016 899 3078 960 in
3117 899 3274 961 meis
3306 886 3705 963 adnotatio-I

424 1009 620 1072 nibus
652 1003 1015 1069 observavi.
1067 1003 1139 1063 In
1179 1003 1459 1081 capitum
1497 1005 1708 1060 autem
1757 997 2184 1058 distinctione
2211 1041 2226 1068 ,
2279 995 2660 1055 Medicaeum
2712 994 3002 1059 codicem
3043 1001 3393 1076 expressit,
3431 1001 3499 1062 in
3538 1021 3668 1082 quo

426 1113 587 1175 tituli
638 1109 916 1188 singulis
971 1105 1332 1184 capitibus,
1388 1107 1446 1161 et
1487 1097 1750 1177 quidem
1805 1095 2094 1156 miniatis
2144 1094 2380 1155 litteris
2438 1093 2874 1172 praefiguntur.
2927 1097 3185 1159 Tertius
3243 1099 3345 1161 his
3397 1105 3669 1165 accessit

423 1215 619 1277 codex
659 1204 1160 1273 eminentissimi
1194 1199 1542 1265 cardinalis
1572 1197 1725 1258 Julii
1755 1195 2086 1257 Mazarini.
2115 1197 2208 1255 De
2239 1194 2422 1271 cujus
2455 1193 2846 1270 exemplaris
2879 1195 3160 1260 bonitate
3198 1215 3270 1261 ac
3307 1203 3665 1277 praestantia

421 1323 767 1394 antequam
797 1312 1003 1373 dicam
1030 1354 1046 1384 ,
1090 1325 1190 1370 res
1230 1304 1546 1385 postulat,
1581 1303 1778 1381 idque
1822 1302 2037 1379 ipsum
2072 1319 2102 1362 a
2140 1316 2240 1360 me
2272 1298 2560 1376 ﬂagitare
2598 1298 2946 1374 videmini,
2981 1305 3319 1367 Antistites
3361 1305 3670 1368 illustris-

419 1419 608 1493 simi,
648 1426 718 1483 ut
762 1419 842 1481 de
891 1412 1214 1480 cardinale
1263 1408 1780 1472 eminentissimo
1830 1425 1863 1469 a
1915 1424 2045 1486 quo
2090 1406 2373 1468 codicem
2422 1403 2606 1465 illum
2655 1405 3127 1468 commodatum
3171 1409 3421 1486 accepi,
3470 1429 3666 1491 pauca

420 1520 733 1581 dicantur.
777 1521 930 1580 Nam
965 1533 1109 1580 cum
1158 1514 1264 1575 hic
1295 1509 1852 1574 eminentissimus
1890 1509 2186 1587 princeps
2237 1515 2297 1568 et
2346 1507 2421 1568 ad
2456 1524 2705 1568 summa
2765 1524 3037 1587 qumque
3083 1517 3308 1584 natus,
3358 1513 3667 1592 singulari

418 1621 695 1700 quadam
738 1614 1192 1680 benevolentia
1226 1612 1471 1672 litteras
1511 1609 1998 1687 complectatur,
2049 1625 2164 1669 nos
2198 1610 2311 1688 qui
2346 1609 2423 1668 ah
2458 1607 2721 1668 ineunte
2751 1614 2935 1668 astate
2966 1610 3039 1670 ad
3070 1610 3419 1674 litterarum
3454 1613 3667 1676 studia

419 1722 706 1782 animum
741 1716 1216 1798 applicuimus,
1269 1710 1501 1788 ingrati
1544 1710 1830 1787 profecto
1867 1710 2072 1770 simus
2101 1753 2116 1781 ,
2165 1708 2290 1769 nisi
2341 1716 2472 1769 tum
2529 1713 2747 1768 nostro
2773 1752 2788 1776 ,
2826 1713 2957 1769 tum
2997 1711 3327 1773 communi
3375 1712 3665 1773 omnium

419 1825 819 1886 eruditorum
855 1821 1141 1891 nomine,
1175 1815 1439 1894 gratiam
1474 1814 1531 1876 ei
1563 1824 1867 1894 quantam
1917 1830 2284 1891 possumus,
2321 1819 2383 1874 et
2421 1830 2575 1874 voce
2609 1823 2672 1875 et
2703 1811 2962 1891 scriptis
2995 1813 3225 1874 referre
3265 1812 3667 1875 studeamus.

421 1925 617 1985 Porro
655 1939 785 2002 quo
812 1922 1034 1984 favore
1067 1930 1436 2000 quantaque
1471 1921 1918 1983 benevolentia
1955 1928 2380 2000 prosequatur
2411 1919 2693 1992 litteras,
2748 1926 3018 1979 testatur
3055 1918 3303 1996 prolixa
3343 1917 3483 1996 ejus
3521 1934 3666 1994 erga

425 2023 720 2086 homines
753 2025 1044 2085 eruditos
1085 2022 1436 2084 liberalitas
1473 2039 1543 2083 ac
1581 2019 2069 2097 muniﬁcentia;
2111 2038 2302 2100 quam
2342 2019 2644 2099 quidem,
2699 2028 2769 2080 ut
2813 2019 2892 2080 de
2928 2019 3070 2082 aliis
3108 2019 3266 2079 nihil
3302 2018 3540 2090 dicam,
3588 2017 3664 2078 ad

421 2138 521 2184 me
569 2140 832 2201 quoque
870 2124 1032 2199 nihil
1072 2123 1442 2206 hujusmodi
1487 2133 1852 2205 sperantem
1904 2142 1975 2186 ac
2026 2143 2104 2186 ne
2145 2125 2530 2202 cogitantem
2572 2123 2877 2204 quidem,
2926 2141 3134 2204 nuper
3178 2121 3378 2184 voluit
3436 2137 3665 2198 perve-

421 2222 588 2282 nire.
644 2221 822 2282 ldem
873 2223 1151 2286 declarat
1199 2226 1711 2306 locupletissima
1761 2224 1900 2302 ejus
1943 2223 2362 2285 bibliotheca.
2409 2223 2615 2297 Quam
2665 2241 2809 2284 cum
2868 2221 3226 2285 innumeris
3279 2220 3669 2300 eptimorum

419 2325 801 2404 scriptorum
850 2330 1376 2407 exemplaribus,
1434 2330 1657 2408 partim
1709 2328 2008 2401 excusis,
2073 2329 2299 2404 partim
2353 2343 2544 2388 manu
2601 2327 2878 2388 exaratis
2932 2324 3348 2394 instruxerit,
3405 2338 3533 2383 non
3596 2325 3668 2382 ut

422 2437 667 2493 veteres
712 2431 809 2492 illi
857 2434 1157 2495 Romanas
1190 2434 1365 2496 urbis
1406 2442 1740 2496 senatores
1776 2449 1941 2511 quos
1983 2448 2058 2492 eo
2092 2433 2354 2493 nomine
2392 2431 2768 2511 perstringit
2800 2430 3182 2490 Ammianus
3216 2424 3664 2497 Marcellinus,

419 2547 558 2590 eam
594 2531 794 2592 instar
827 2533 1159 2610 cujusdam
1194 2535 1478 2614 sepulcri
1513 2540 1822 2614 perpetuo
1855 2532 2133 2594 clausam
2173 2531 2408 2595 habet:
2451 2532 2560 2593 sed
2597 2530 2770 2592 velut
2805 2529 3119 2610 publicam
3156 2527 3417 2588 domum
3451 2524 3666 2585 omni-

419 2625 541 2688 bus
574 2630 779 2708 aperit
817 2633 1125 2708 eruditis;
1169 2635 1468 2713 ultroque
1500 2634 1574 2694 ad
1611 2650 1746 2693 eam
1789 2633 2016 2691 invitat
2051 2631 2382 2710 singulos;
2423 2637 2484 2691 et
2515 2630 3101 2709 manuscriptorum
3137 2627 3434 2689 codicum
3479 2639 3662 2683 usum

418 2729 766 2802 studiosis,
820 2735 1336 2813 quotiescunque
1390 2748 1554 2812 Opus
1604 2732 1994 2804 habuerint,
2050 2731 2394 2792 liberaliter
2438 2732 2746 2808 impertit.
2799 2732 2964 2806 Quid
3009 2730 3212 2791 dicam
3270 2727 3348 2788 de
3405 2723 3667 2802 reliquis

417 2825 590 2888 illius
630 2830 974 2892 virtutibus
1012 2838 1073 2892 et
1105 2832 1363 2894 eximiis
1400 2830 1600 2893 animi
1641 2831 1950 2891 dotibus?
1984 2829 2141 2908 quid
2177 2831 2256 2893 de
2288 2831 2566 2893 mirabili
2611 2831 3050 2893 moderatione
3082 2846 3152 2890 ac
3190 2827 3492 2896 lenitate,
3539 2840 3666 2901 qua

415 2929 758 2994 intestinos
808 2941 1017 2996 motus
1065 2953 1136 2998 ac
1185 2938 1500 2999 tumultus
1541 2937 1681 2998 sine
1727 2935 1925 2997 ullius
1968 2936 2125 2998 civis
2176 2955 2406 3000 cruore
2453 2937 3040 3018 compescuit?Sed
3097 2937 3227 2997 haec
3273 2933 3432 2996 alias
3479 2950 3513 2994 a
3564 2948 3666 2993 me

414 3032 846 3107 commodius,
878 3041 986 3096 aut
1017 3035 1094 3096 ab
1124 3035 1270 3096 aliis
1300 3037 1602 3098 dicentur
1633 3035 1946 3096 ornatius.
1996 3037 2176 3098 Nunc
2223 3038 2397 3099 enim
2444 3056 2552 3102 eas
2600 3045 2845 3102 tantum
2885 3040 3060 3101 illius
3103 3039 3324 3101 laudes
3364 3036 3660 3116 persequi

414 3129 766 3205 constitui,
815 3149 960 3211 quae
1004 3136 1297 3212 privatim
1353 3141 1674 3218 pertinent
1705 3138 1782 3200 ad
1823 3140 2039 3202 studia
2076 3140 2459 3206 litterarum.
2501 3147 2886 3223 Temperare
2921 3153 3131 3206 tamen
3172 3143 3328 3205 mihi
3366 3147 3503 3221 ipse
3535 3161 3660 3206 non

414 3241 720 3301 possum,
767 3230 925 3306 quin
966 3232 1069 3295 hic
1101 3235 1178 3294 de
1215 3255 1365 3316 pace
1399 3237 1645 3314 aliquid
1691 3238 1894 3299 dicam
1927 3283 1943 3312 ,
1992 3257 2182 3318 quam
2232 3243 2791 3306 eminentissimus
2842 3248 3184 3309 cardinalis
3229 3249 3406 3308 omni
3448 3246 3663 3308 studio

413 3335 604 3404 atque
656 3331 967 3396 industria
1026 3355 1197 3400 nunc
1241 3337 1518 3400 maxime
1563 3346 1744 3414 urget
1792 3356 1864 3399 ac
1913 3346 2289 3414 promovet,
2343 3349 2406 3402 et
2453 3359 2643 3418 quam
2697 3342 2870 3406 brevi
2911 3363 3022 3423 per
3075 3363 3399 3423 praecones
3451 3349 3663 3426 regios

413 3424 670 3502 publice
704 3433 1244 3507 pronuntiandam
1304 3453 1447 3497 esse
1490 3454 1849 3513 speramus.
1897 3436 2150 3516 Quippe
2184 3457 2254 3499 ea
2313 3458 2413 3502 res
2457 3440 2771 3522 praecipue
2821 3445 2894 3505 ad
2937 3447 3348 3511 commodum
3390 3424 3663 3526 pertinet

418 3531 767 3591 litterarum
796 3574 814 3604 ,
852 3550 1011 3610 quas
1055 3533 1226 3612 pacis
1258 3534 1549 3594 alumnas
1584 3552 1727 3594 esse
1751 3580 1766 3606 ,
1801 3541 1862 3595 et
1897 3534 2019 3595 sub
2058 3537 2198 3613 ejus
2237 3539 2462 3599 umbra
2493 3557 2562 3600 ac
2603 3541 2897 3616 praesidio
2929 3548 3389 3624 conquiescere
3413 3596 3429 3624 ,
3472 3569 3663 3614 nemo

413 3636 511 3691 est
557 3628 670 3707 qui
706 3631 971 3692 nesciat.
1021 3632 1181 3692 Cum
1229 3631 1428 3709 igitur
1467 3632 1812 3694 cardinalis
1861 3634 2426 3698 eminentissimus
2474 3639 2920 3715 gubernaculis
2969 3647 3342 3725 reipublicae
3386 3651 3658 3725 primum

411 3735 706 3795 admotus
733 3778 752 3807 ,
783 3735 1024 3797 bellum
1059 3753 1250 3814 grave
1282 3752 1426 3798 cum
1472 3735 1778 3811 Hispanis
1818 3751 1945 3796 non
1992 3738 2329 3799 conﬂasset
2364 3740 2539 3816 ipse,
2583 3742 2691 3803 sed
2729 3745 3070 3806 conﬂatum
3107 3747 3236 3826 jam
3281 3751 3660 3829 reperisset,

412 3833 635 3903 variis,
673 3841 740 3895 ut
779 3835 843 3896 in
881 3842 1049 3896 tanta
1081 3853 1170 3904 re,
1201 3834 1493 3894 consiliis
1527 3834 1636 3895 diu
1673 3843 1732 3894 et
1765 3844 2060 3896 accurate
2099 3838 2454 3913 perpensis,
2490 3840 2550 3899 id
2589 3840 2836 3902 tandem
2871 3846 3228 3919 constituit,
3262 3851 3660 3914 edomandos

410 3937 720 4000 diuturno
770 3937 946 4000 bello
998 3956 1139 4000 esse
1187 3938 1548 4016 Hispanos,
1602 3955 1802 4016 reque
1849 3938 1991 4016 ipsa
2044 3941 2482 4004 admonendos
2528 3954 2840 4021 quantum
2887 3947 3049 4009 Galli
3105 3953 3338 4022 armis,
3389 3953 3661 4030 Opibus,

408 4034 827 4109 fortitudine,
867 4043 1222 4104 constantia
1275 4051 1333 4104 et
1370 4043 1639 4121 reliquis
1685 4042 1764 4104 ad
1811 4042 2052 4104 bellum
2105 4048 2491 4109 necessariis
2536 4050 2851 4112 subsidiis
2901 4052 3267 4130 pollerent;
3326 4061 3392 4115 ut
3442 4053 3659 4118 hostes

410 4139 852 4201 imbecillitate
885 4158 1001 4203 sua
1036 4153 1096 4206 et
1130 4145 1460 4208 Gallorum
1498 4147 1779 4223 potentia
1810 4147 2062 4224 cognita
2087 4192 2104 4221 ,
2148 4151 2483 4226 segniores
2537 4153 2959 4232 imposterum
3014 4162 3229 4218 essent
3278 4157 3354 4218 ad
3403 4166 3660 4220 nostros

412 4252 521 4302 aut
565 4245 760 4303 armis
801 4249 908 4304 aut
946 4244 1182 4323 injuria
1229 4245 1672 4309 lacessendos.
1726 4245 1946 4326 Neque
1985 4248 2156 4310 enim
2198 4251 2437 4313 ﬁrmam
2475 4269 2548 4315 ac
2579 4270 2872 4316 securam
2923 4274 3137 4334 pacem
3180 4274 3326 4319 cum
3364 4257 3660 4322 hostibus

410 4347 597 4407 aliter
633 4365 821 4424 posse
856 4349 1197 4423 constitui,
1229 4367 1419 4430 quam
1449 4368 1594 4411 cum
1629 4351 1718 4411 illi
1751 4343 1950 4412 Gallis
1985 4369 2054 4415 se
2089 4353 2155 4415 in
2203 4357 2491 4432 gerendo
2529 4359 2698 4420 bello
2741 4359 3017 4438 impares
3054 4375 3198 4420 esse
3243 4358 3484 4421 crebris
3519 4359 3655 4420 cla-

410 4450 602 4513 dibus
660 4453 800 4515 suis
851 4453 1391 4532 delrimentisque
1438 4456 1825 4520 sensissent.
1877 4458 2102 4533 Itaque
2153 4477 2297 4524 cum
2351 4461 2624 4541 Hispani
2673 4463 2741 4525 id
2792 4481 2936 4527 sero
2974 4467 3228 4528 tandem
3283 4465 3546 4544 perinde
3588 4485 3660 4527 ac

408 4553 694 4633 Phryges
751 4557 1264 4633 intellexissent,
1327 4567 1458 4619 tum
1518 4559 1780 4622 demum
1843 4563 2181 4624 cardinalis
2242 4564 2800 4630 eminentissimus
2858 4576 3294 4648 opportunum
3353 4568 3659 4630 ineundae

412 4655 584 4728 pacis
618 4663 869 4732 tempus
899 4659 1125 4720 adesse
1155 4659 1670 4722 animadvertetis
1699 4705 1716 4734 ,
1767 4677 1908 4723 eam
1960 4677 2109 4724 cum
2164 4663 2462 4728 hostibus
2495 4665 2701 4729 facere
2737 4683 2862 4729 non
2903 4669 3248 4744 recusavit,
3304 4677 3363 4731 et
3401 4669 3480 4729 de
3507 4669 3658 4747 jure

409 4763 660 4830 nostro,
694 4759 772 4821 de
803 4777 1050 4825 summa
1092 4765 1286 4826 totius
1323 4765 1497 4841 belli,
1530 4767 1608 4828 de
1639 4785 1753 4846 spe
1784 4767 2066 4848 denique
2105 4777 2298 4849 atque
2334 4771 2596 4834 victoria
2627 4791 2820 4852 quam
2873 4792 3034 4853 pene
3067 4775 3212 4853 jam.
3243 4776 3306 4836 in
3365 4776 3658 4836 manibus

409 4855 800 4924 habebamus
830 4908 848 4936 ,
889 4865 1134 4944 aliquid
1175 4871 1565 4944 concedere,
1619 4889 1750 4950 quo
1805 4875 2194 4953 pepulorum
2241 4877 2602 4938 commodis
2657 4884 2719 4938 et
2755 4861 3073 4942 bonorum
3120 4880 3413 4941 omnium
3453 4878 3656 4950 votis.

406 4965 606 5026 totius
641 4968 923 5048 denique
953 4971 1300 5035 Christiani
1343 4977 1520 5037 orbis
1554 4978 1878 5040 desiderio
1911 4979 2393 5056 gratificaretur.
2443 4981 2513 5042 In
2567 4999 2698 5060 quo
2744 4981 3136 5060 singularem
3186 4981 3323 5060 ejus
3369 4981 3658 5061 pruden-

404 5069 557 5130 tiam
590 5079 649 5132 et
685 5073 1028 5136 salutarem
1063 5079 1432 5155 reipublicae
1468 5082 1854 5159 sapientiam
1888 5083 2189 5162 equidem
2223 5085 2376 5146 satis
2409 5086 2626 5148 mirari
2659 5103 2787 5148 non
2825 5101 3116 5165 possum.

481 5222 706 5302 Neque
737 5225 909 5287 enim
941 5227 1025 5290 ob
1067 5229 1252 5290 aliam
1287 5249 1540 5293 causam
1579 5235 1799 5296 tandiu
1841 5236 2033 5299 dilata
2079 5256 2197 5315 pax
2229 5249 2356 5313 est,
2383 5256 2586 5318 quam.
2614 5244 2681 5302 ut
2711 5239 3088 5302 diuturnior
3119 5237 3427 5315 deinceps
3480 5245 3654 5298 esset

404 5339 476 5385 ac
507 5326 774 5389 ﬁrmior.
799 5330 1012 5408 Atque
1044 5330 1179 5394 hinc
1199 5333 1409 5396 obiter
1438 5338 1605 5398 dicta
1633 5339 1762 5399 sint
1787 5340 1868 5401 de
1899 5341 2205 5404 laudibus
2236 5343 2583 5404 cardinalis
2600 5343 3127 5406 eminentissimi.
3155 5343 3281 5416 Qui
3316 5358 3459 5402 cum
3490 5340 3659 5400 inter

405 5443 579 5489 arma
612 5427 857 5490 litteras
897 5448 968 5491 ac
1016 5431 1328 5495 litteratos
1375 5453 1604 5498 omnes
1649 5438 2121 5517 benignissime
2170 5441 2389 5502 fovere
2439 5460 2770 5524 nunquam
2824 5444 3172 5514 destiterit,
3207 5443 3412 5503 multo
3451 5441 3655 5516 magis

406 5531 794 5607 sperandum
830 5543 925 5593 est
959 5533 1163 5605 illum,
1200 5539 1374 5614 pacis
1405 5555 1540 5600 sum
1574 5547 1861 5619 tempore
1885 5586 1901 5612 ,
1945 5546 2202 5606 easdem
2237 5551 2408 5606 artes
2458 5547 2784 5625 praecipuo
2816 5546 3091 5625 quodam
3127 5543 3345 5606 studio
3387 5558 3460 5602 ac
3492 5557 3649 5618 Pm'

407 5628 687 5691 videntia
719 5632 1208 5708 complexurum
1246 5655 1263 5695 :
1297 5636 1814 5717 eﬂ'ecturumque
1862 5647 1931 5700 ut
1971 5641 2131 5701 Galli
2168 5643 2397 5715 nostri,
2445 5643 2560 5722 qui
2609 5661 2938 5705 armorum
2985 5643 3191 5721 gloria
3239 5656 3367 5717 pra;
3397 5639 3644 5701 castesis

405 5735 709 5811 gentibus
739 5751 993 5815 semper
1023 5737 1462 5813 eminuerunt,
1497 5754 1670 5802 nunc
1709 5741 2064 5806 litterarum
2102 5743 2287 5806 laude
2321 5753 2380 5808 et
2415 5745 2804 5824 Optimarum
2836 5745 3068 5810 artium
3103 5745 3336 5807 studiis
3359 5744 3645 5805 antecel-
