4154 6414
496 320 562 376 i9
1766 320 2028 380 uuas"
2067 318 2455 393 purum.
3668 310 3740 366 20

495 440 653 504 lant.
686 441 806 503 Sed
844 459 1015 503 nunc
1041 448 1291 522 tempus
1316 449 1436 515 est,
1465 448 1530 504 ut
1560 459 1636 504 eo
1657 442 1834 509 unde
1859 443 2135 522 digressi
2160 460 2386 507 sumus
2412 445 2826 505 revertamur.
2849 437 3108 500 Tertius
3136 434 3328 513 igitur
3359 433 3471 497 ille
3504 432 3732 503 codex,

396 542 399 545 ’
492 565 689 627 quem
722 551 1066 612 cardinalis
1102 547 1597 612 eminentissimi
1643 546 2029 613 bibliotheca
2078 548 2264 610 nobis
2311 546 2774 626 suppeditavit,
2805 545 3094 605 omnium
3148 557 3314 620 quos
3363 540 3489 600 vidi
3528 542 3733 601 Euse-

491 649 840 713 bianorum
875 653 1168 714 codicum
1202 652 1391 727 longe
1425 651 1711 726 optimus
1757 657 1852 710 est
1896 665 1969 710 ac
2004 649 2507 711 vetustissimus.
2550 645 2884 723 Quotquot
2915 645 3088 704 enim
3138 641 3623 704 emendationes
3668 641 3731 702 in

486 748 640 815 aliis
669 751 1143 828 exemplaribus
1171 753 1555 831 reperimus,
1594 771 1700 815 eas
1748 753 1952 814 codex
1988 753 2096 815 ille
2140 770 2366 814 omnes
2409 750 2713 821 exhibet;
2749 753 2965 809 multa
2999 765 3148 808 vero
3187 746 3326 808 alia;
3354 745 3423 807 in
3469 746 3578 805 illo
3620 744 3731 806 ha-

489 852 731 913 bentur
783 854 1290 927 emendationes,
1345 874 1506 935 quas
1540 857 1603 916 in
1652 857 1797 917 aliis
1846 856 2325 934 exemplaribus
2379 871 2507 916 non
2559 855 2792 931 reperi,
2840 850 3383 931 quemadmodum
3435 867 3509 909 ex
3569 848 3732 909 meis

489 953 1016 1019 adnotationibus
1066 962 1343 1023 studiosi
1403 963 1671 1024 lectores
1726 972 2033 1041 poterunt
2083 979 2496 1039 cognoscere.
2549 961 2838 1037 Scriptus
2887 966 2985 1019 est
3036 958 3098 1018 in
3141 954 3535 1015 membranis
3583 962 3729 1017 ante

487 1058 936 1135 septingentos
971 1062 1113 1137 plus
1156 1063 1370 1126 minus
1412 1082 1640 1139 annos,
1685 1066 2167 1142 elegantissime
2198 1065 2393 1126 simul
2448 1073 2510 1126 et
2560 1062 3113 1126 emendatissime.
3165 1057 3416 1118 Scholia
3461 1071 3728 1133 (ιυοιιιιθ

486 1160 565 1220 ad
601 1160 764 1223 latus
801 1163 1121 1227 interdum
1157 1165 1344 1229 habet
1375 1171 1687 1246 apposita,
1723 1185 1898 1229 nunc
1930 1168 2191 1244 antiqua
2228 1185 2444 1236 manu,
2479 1186 2649 1229 nunc
2690 1167 3072 1234 recentiore,
3101 1178 3244 1241 quae
3278 1177 3394 1219 nos
3432 1159 3495 1218 in
3530 1158 3729 1217 adno-

486 1262 838 1325 tationibus
872 1267 1110 1328 nostris
1144 1281 1264 1329 suo
1298 1283 1569 1345 quasque
1618 1268 1756 1330 loco
1788 1267 2283 1344 descripsimus.
2315 1268 2512 1328 Multa
2545 1284 2808 1345 quoque
2835 1264 2957 1326 alia
2996 1264 3059 1323 in
3089 1261 3335 1338 Optimo
3367 1260 3480 1319 illo
3512 1259 3726 1319 eodice

485 1362 882 1425 observanda
925 1373 1101 1436 sunt,
1148 1364 1380 1442 partim
1419 1364 1483 1424 in
1524 1364 1920 1433 accentibus,
1963 1364 2189 1441 partim
2243 1366 2309 1424 in
2362 1362 2778 1423 distinctione
2822 1378 2938 1421 seu
2976 1361 3528 1437 interpunctione.
3569 1358 3727 1418 Nam

483 1464 656 1542 Quod
708 1467 969 1543 quidem
1023 1467 1098 1528 ad
1150 1474 1457 1529 accentus
1498 1468 1750 1538 attinet,
1789 1484 1957 1543 saepe
1999 1466 2065 1529 in
2118 1467 2233 1528 illo
2279 1466 2499 1527 codice
2545 1474 2866 1525 acuuntur
2901 1464 3230 1532 vocabula,
3281 1479 3425 1541 qum
3464 1462 3527 1520 in
3578 1460 3723 1519 aliis

484 1567 964 1643 exemplaribus
994 1577 1321 1631 accentum
1355 1570 1591 1632 habent
1622 1571 2129 1632 circumﬂexum.
2173 1569 2458 1648 Exempli
2492 1570 2693 1646 gratia
2741 1576 2861 1635 πίας
2894 1575 2956 1629 et
2998 1576 3186 1644 ιαὶσαρ
3237 1565 3300 1624 in
3352 1564 3464 1623 illo
3508 1564 3726 1622 codice

485 1684 743 1747 semper
773 1681 1112 1735 acuuntur.
1149 1673 1384 1735 Contra
1419 1692 1569 1736 vero
1602 1686 1778 1753 σγῖσι,
1813 1675 1983 1751 quod
2020 1676 2085 1735 in
2118 1676 2264 1737 aliis
2294 1674 2632 1736 codicibus
2663 1683 2852 1734 acuto
2886 1660 3153 1732 notatur
3175 1677 3467 1736 accentu,
3506 1667 3568 1726 in
3612 1667 3722 1725 illo

485 1768 703 1829 codice
728 1772 1268 1834 circumﬂectitur.
1300 1774 1510 1851 Atque
1539 1772 1599 1833 id
1624 1773 1883 1852 quidem
1908 1773 2140 1834 rectius
2171 1782 2350 1850 puto.
2393 1771 2575 1845 Quod
2603 1779 2815 1832 autem
2843 1778 3082 1847 spectat
3104 1770 3178 1830 ad
3212 1769 3721 1849 distinctionem,

484 1885 676 1943 quam
715 1887 832 1932 nos
867 1875 1059 1949 vulgo
1092 1875 1678 1953 interpunctionem
1706 1891 2038 1947 vocamus,
2072 1874 2175 1935 hic
2206 1877 2407 1936 codex
2449 1875 2610 1935 adeo
2650 1884 2943 1936 accurate
2974 1874 3317 1934 distinctus
3344 1880 3463 1943 est,
3493 1878 3557 1931 ut
3590 1878 3720 1934 tota

480 1969 915 2051 distinguendi
954 1979 1261 2039 rationem
1293 1996 1362 2041 ac
1386 1978 1745 2051 scientiam,
1779 1996 1921 2056 quas
1963 1978 2457 2057 haudquaquam
2482 1978 2640 2039 levis
2663 1977 2961 2037 momenti
2984 1985 3096 2045 est,
3122 1996 3196 2037 ex
3221 1977 3337 2036 hoc
3357 1996 3483 2035 uno
3504 1976 3721 2037 codice

479 2072 689 2146 possis
716 2089 1127 2150 cognoscere.
1160 2078 1346 2142 Certe
1376 2090 1716 2159 antequam
1746 2099 1894 2142 eum
1918 2086 2144 2143 nactus
2165 2096 2400 2151 essem,
2423 2081 2646 2140 mediae
2679 2079 3109 2138 dis:inctiouis
3145 2078 3484 2138 utilitatem
3510 2097 3579 2137 ac
3607 2095 3723 2137 ne-

478 2176 840 2238 cessitatem
869 2180 1155 2242 nondum
1190 2202 1677 2262 perspexeram;
1736 2201 1929 2263 quam
1964 2199 2132 2245 unus
2168 2183 2275 2244 ille
2306 2184 2507 2244 codex
2541 2181 2767 2246 scdulo
2800 2183 3127 2258 inspectus
3156 2191 3349 2259 atque
3380 2199 3720 2249 excussus,

478 2279 630 2339 mihi
669 2280 923 2342 tandem
961 2282 1285 2360 patefecit.
1324 2286 1557 2347 Verum
1592 2287 1669 2348 de
1693 2286 2113 2347 distinctione
2147 2286 2450 2359 pluribus
2483 2285 2642 2346 inl’ra
2668 2286 2900 2347 dicturi
2930 2303 3183 2345 sumus.
3214 2285 3375 2343 Illud
3415 2293 3719 2359 prteterea

473 2379 543 2447 in
583 2381 1018 2442 vetustissimo
1048 2383 1158 2443 illo
1190 2384 1406 2448 codice
1435 2385 1794 2458 observavi,
1816 2384 2330 2465 quotiescunque
2355 2385 2536 2461 plena
2567 2384 2893 2444 distinctio
2924 2401 3036 2444 seu
3071 2391 3247 2445 τελεία
3297 2396 3493 2463 στιγμή
3527 2402 3723 2461 appo-

471 2481 591 2541 sita
631 2488 725 2543 est
762 2482 826 2542 in
861 2483 1078 2563 aliqua
1113 2483 1303 2557 linea,
1340 2485 1606 2562 primam
1640 2485 1974 2563 sequentis
2009 2483 2197 2543 linem
2231 2483 2501 2545 litteram
2543 2495 2717 2545 extra
2759 2487 3151 2565 reliquarum
3202 2488 3498 2547 ordinem
3559 2505 3723 2547 con-

470 2584 658 2663 Spici,
694 2595 755 2648 et
805 2587 1191 2649 exteriorem
1248 2589 1598 2666 marginem
1638 2588 2011 2649 subradere.
2066 2585 2267 2662 quue
2306 2585 2610 2646 indicium
2665 2594 2780 2656 est,
2812 2605 3045 2650 novum
3083 2600 3276 2669 caput
3329 2600 3437 2653 aut
3484 2610 3716 2652 novam

470 2688 811 2765 periodum
845 2689 1129 2757 inchoari
1167 2700 1307 2769 post
1342 2691 1592 2752 ﬁnalem
1629 2691 1804 2753 illam
1847 2688 2369 2750 distinctionem.
2406 2688 2578 2749 Idem
2618 2689 2678 2749 in
2713 2691 2855 2751 aliis
2888 2710 3146 2771 quoque
3185 2695 3441 2770 scriptis
3477 2694 3720 2753 codici-

471 2788 596 2855 bus
630 2790 989 2854 observavi.
1038 2792 1221 2853 Certo
1274 2794 1337 2853 in
1380 2792 1707 2856 veteribus
1743 2792 1855 2851 sch
1884 2790 2030 2852 edis
2070 2789 2475 2850 bibliotheca)
2521 2791 2731 2867 Regia:
2767 2811 2910 2871 qum
2954 2794 3149 2852 libros
3184 2794 3441 2854 Eusebii
3479 2794 3561 2851 De
3590 2795 3722 2852 rita

472 2896 880 2959 Constantini
908 2900 1264 2968 continent,
1298 2896 1382 2959 ita
1435 2912 1688 2971 semper
1723 2893 1859 2958 ﬁeri
1901 2891 2345 2965 animadverti,
2368 2893 2623 2967 quoties
2654 2910 2888 2953 novum
2913 2900 3098 2969 caput
3132 2894 3485 2953 inchoatur.
3515 2894 3719 2965 Quare

467 3005 602 3059 tum
641 3011 941 3078 praeterea
991 3001 1275 3062 codicem
1331 2995 1682 3057 habuimus
1746 3011 1821 3055 ex
1880 2992 2274 3057 bibliotheca
2323 2992 2742 3052 illustrissimi
2799 2992 2917 3052 Vili
2966 2993 3203 3055 Nirolai
3258 2995 3570 3064 Fui-ko-tii,
3603 2993 3717 3073 qui

466 3099 789 3175 generalis
847 3100 915 3159 in
968 3106 1196 3159 senatu
1251 3093 1594 3157 Parisiensi
1648 3091 2092 3171 procuratoris
2131 3088 2411 3150 cilicium
2460 3106 2712 3167 gerens,
2767 3089 3198 3169 prmiectitt‘am
3262 3094 3445 3151 simul
3486 3094 3716 3168 regali:

464 3199 672 3268 aerarii
710 3216 956 3260 summa
990 3215 1135 3260 cum
1176 3197 1360 3258 laude
1393 3192 1826 3255 administrat.
1866 3193 2077 3269 Atque
2111 3189 2212 3250 his
2244 3198 2520 3268 quatuor
2555 3190 3005 3267 manuscriptis
3033 3191 3364 3251 codicibus
3396 3194 3470 3253 ad
3498 3212 3718 3254 einen.

464 3297 789 3364 dationem
828 3298 1137 3359 libr0rum
1166 3292 1624 3365 Ecclesiastica:
1658 3291 1979 3355 Historia
2006 3289 2107 3350 usi
2141 3305 2389 3352 sumus.
2422 3290 2648 3351 Libros
2683 3309 2833 3351 vero
2864 3293 2949 3352 De
2980 3293 3110 3350 vita
3150 3293 3299 3370 imp.
3347 3293 3717 3352 Constanti-

462 3398 535 3455 ni
576 3412 718 3461 cum
771 3398 974 3467 tribus
1018 3395 1301 3473 antiquis
1355 3391 1689 3452 codicibus
1743 3391 2165 3451 contulimus.
2192 3390 2443 3453 Primos
2493 3398 2588 3450 est
2648 3391 2887 3468 Regius
2932 3394 3063 3465 ille,
3119 3394 3196 3453 de
3232 3412 3363 3472 quo
3412 3398 3714 3473 superius

462 3495 623 3569 dixi,
659 3498 722 3557 in
764 3514 893 3577 quo
925 3506 1072 3560 ante
1106 3498 1303 3560 libros
1341 3496 1793 3558 Ecclesiastica:
1814 3495 2123 3556 Historia
2151 3504 2430 3573 quatuor
2472 3494 2615 3553 libri
2647 3495 2728 3553 De
2760 3496 2888 3553 vita
2928 3496 3074 3572 imp.
3103 3495 3528 3563 Constantini.
3560 3499 3711 3557 licet

461 3614 594 3667 non
633 3598 881 3670 eadem,
919 3607 1164 3661 vetusta
1222 3596 1648 3658 nihilominus
1702 3613 1895 3656 manu
1956 3594 2299 3673 perscripti
2349 3595 2670 3672 leguntur.
2724 3595 3086 3656 Secundum
3146 3596 3355 3656 locum
3417 3598 3713 3658 obtinent

463 3697 714 3760 SChOtitB
771 3707 1019 3761 veteres
1072 3700 1478 3761 bibliothecas
1534 3699 1767 3775 ltegim.
1815 3699 1917 3759 Sic
1976 3705 2189 3759 autem
2244 3712 2400 3761 voco
2448 3699 2723 3768 chartas,
2773 3716 2883 3774 per
2933 3698 3394 3777 quaterniones
3437 3697 3703 3775 quidem

461 3799 737 3876 digestas
788 3799 898 3860 sed
947 3798 1323 3869 dissolutas,
1365 3815 1484 3859 nec
1521 3799 1586 3859 in
1632 3798 1871 3858 codicis
1917 3798 2175 3858 modum
2205 3807 2586 3875 compactas.
2636 3798 2711 3858 lu
2762 3797 2866 3857 his
2912 3799 3195 3868 schedis,
3240 3810 3467 3875 ρτηιιρι·
3507 3799 3710 3859 libros

461 3898 726 3961 Eusebii
763 3898 849 3957 Dc
894 3899 1024 3959 vita
1061 3897 1479 3971 Constantini,
1527 3910 1589 3962 et
1635 3899 2331 3977 Orationemlejusdem
2384 3899 2788 3977 imperatoris
2823 3902 2907 3957 ad
2958 3909 3228 3972 sanctos,
3272 3902 3512 3977 primus
3543 3920 3711 3977 qua-

460 3997 673 4058 ternio
699 3996 1158 4058 Ecclesiastica:
1186 3998 1495 4071 Historiae
1528 3998 1842 4067 habetur;
1878 3998 2066 4074 cujus
2099 4004 2158 4055 et
2194 3996 2254 4055 in
2285 3994 2821 4057 adnotationibus
2855 3997 3013 4057 meis
3049 4003 3440 4059 mentionem
3472 4003 3708 4077 smpius

459 4101 605 4167 feci.
639 4101 877 4162 Caetera
915 4102 1133 4163 nescio
1165 4114 1297 4178 quo
1342 4116 1491 4161 casu
1541 4102 1895 4177 perierunt.
1951 4097 2237 4157 Tertium
2289 4097 2476 4158 nobis
2509 4098 2794 4158 codicem
2834 4102 3269 4176 suppeditavit
3318 4102 3707 4165 bibliotheca

457 4202 833 4273 Fuketiana.
884 4202 957 4262 In
1006 4218 1135 4281 quo
1182 4209 1329 4260 ante
1392 4207 1668 4279 quatuor
1713 4198 1914 4258 libros
1962 4197 2047 4257 De
2113 4198 2246 4257 vita
2294 4198 2444 4275 imp.
2482 4197 2905 4272 Constantini,
2955 4206 3249 4278 prmtixus
3302 4213 3398 4265 est
3440 4208 3706 4269 Eusebii

456 4304 901 4384 Panegyricus,
934 4303 1143 4365 dictus
1171 4304 1378 4367 eidem
1414 4285 1840 4377 Constantino
1878 4320 2052 4375 anno
2114 4304 2255 4382 ejus
2293 4304 2548 4383 imperii
2593 4306 2942 4369 tricesimo.
2981 4310 3099 4371 Hic
3131 4313 3361 4383 codex,
3406 4314 3705 4390 quaiuvis

456 4410 689 4472 intima:
735 4411 1096 4483 vetustatis,
1124 4422 1219 4473 est
1253 4417 1462 4474 tamen
1501 4411 1761 4488 eptimm
1795 4417 1985 4482 notae,
2027 4410 2379 4488 multisque
2415 4411 2478 4470 in
2513 4411 2674 4471 locis
2714 4416 3114 4477 emendatior
3151 4428 3211 4479 et
3238 4418 3514 4497 amplior
3542 4420 3706 4480 duu-

457 4511 580 4573 bus
620 4513 747 4574 illis
786 4513 1113 4591 prioribus
1143 4514 1387 4593 quibus
1422 4515 1484 4575 in
1524 4515 1811 4577 editione
1849 4531 1964 4576 sua
1999 4533 2157 4577 usus
2189 4524 2285 4576 est
2324 4516 2643 4578 ltobcrtus
2675 4518 3060 4596 Stephanus.

535 4619 770 4680 Prmter
798 4619 918 4695 hos
960 4636 1149 4680 manu
1184 4630 1476 4680 exaratos
1510 4618 1788 4689 codices,
1823 4618 2195 4695 adjumento
2230 4619 2414 4685 nobis
2446 4618 2708 4681 fuerunt
2745 4621 2927 4682 varia)
2953 4623 3265 4685 lectiones
3298 4631 3359 4685 et
3390 4628 3699 4687 emenda-

456 4720 672 4781 tiones
703 4737 866 4798 quas
915 4723 1037 4791 viri
1072 4722 1241 4784 docti
1292 4722 1370 4783 ad
1415 4722 1768 4799 marginem
1824 4722 2130 4783 editionis
2179 4723 2439 4785 Roberti
2480 4723 2787 4800 Stephani
2841 4743 3030 4789 manu
3064 4745 3181 4791 sua
3213 4730 3701 4796 adnotaverant.

457 4822 828 4901 Cujusmodi
872 4826 1129 4897 codices
1163 4824 1347 4885 multi
1383 4825 1735 4885 etiamnum
1785 4825 2223 4903 reperiuntur.
2257 4826 2376 4887 Sed
2416 4843 2531 4886 nos
2566 4827 2770 4889 tribus
2804 4830 3123 4907 prtecipue
3158 4831 3254 4889 usi
3291 4847 3546 4900 sumus,
3584 4834 3703 4911 qui

456 4926 649 4988 etiam
699 4926 761 4987 in
805 4927 1332 5001 adnotationibus
1367 4930 1604 4990 nostris
1652 4927 1886 5004 szepius
1938 4941 2547 4993 commemorantur.
2598 4932 2849 5007 Primus
2900 4931 3018 4994 fuit
3066 4936 3333 5007 Adriani
3383 4938 3699 5009 Turnebi,

453 5045 647 5107 quem
691 5029 801 5090 ille
834 5048 977 5092 cum
1010 5031 1239 5104 codice,
1265 5032 1467 5111 Regio
1498 5049 1568 5094 ac
1601 5033 1905 5094 Medicaeo
1930 5033 2422 5110 diligentissime
2448 5037 2836 5099 contulerat.
2866 5040 3043 5101 Libri
3080 5057 3229 5101 vero
3269 5041 3351 5099 De
3384 5043 3512 5104 rita
3549 5042 3697 5120 imp.

455 5125 861 5191 Constantini
914 5147 1057 5192 cum
1102 5131 1459 5208 Anglicano
1507 5132 1786 5212 quodam
1831 5134 2182 5207 exemplari
2231 5135 2451 5195 collati
2502 5143 2709 5207 erant,
2763 5137 2901 5197 sive
2948 5137 3153 5214 ipsius
3202 5138 3508 5209 Adriani,
3561 5142 3700 5203 sive

451 5225 704 5288 Odonis
754 5230 1039 5291 Turnebi
1094 5248 1316 5293 manu.
1367 5233 1548 5293 Alter
1595 5233 1803 5295 codex
1852 5233 1974 5295 fuit
2017 5233 2316 5295 Vulcobii
2360 5255 2378 5294 :
2436 5252 2628 5313 quem
2680 5236 2989 5313 quoniam
3059 5239 3340 5300 Renatus
3401 5241 3698 5313 Mormus,

453 5326 744 5388 medicus
774 5329 1181 5405 Parisiensis,
1217 5333 1375 5395 mihi
1420 5334 1963 5408 commodaverat,
1998 5336 2287 5397 codicem
2320 5336 2535 5397 Morini
2570 5337 2633 5396 in
2674 5338 3203 5399 adnotationibus
3239 5356 3465 5400 vocare
3494 5341 3697 5401 soleo.

453 5427 574 5490 llic
612 5430 781 5491 liber
820 5441 1042 5509 praeter
1071 5453 1177 5495 eas
1212 5439 1702 5500 emendationes
1738 5456 1882 5517 qum
1932 5440 1995 5499 in
2048 5438 2212 5500 libro
2244 5438 2529 5500 Turnebi
2582 5439 2923 5510 habentur,
2973 5457 3321 5516 perpaucas
3351 5440 3508 5499 alias
3540 5456 3703 5499 con-

455 5528 639 5590 tinet.
700 5530 960 5593 Tertius
1003 5533 1202 5595 codex
1262 5535 1383 5596 fuit
1441 5535 1706 5597 Henrici
1764 5538 2012 5606 Savilii,
2074 5538 2198 5599 viri
2263 5537 2663 5610 doctissimi,
2700 5540 2781 5599 ad
2838 5556 2935 5600 me
2975 5541 3212 5599 missus
3259 5557 3339 5600 ex
3398 5540 3621 5615 Anglia
3661 5556 3698 5600 a

452 5631 689 5695 Jacobo
742 5636 999 5698 Usserio
1034 5640 1464 5702 Armachano.
1498 5641 1651 5701 Nam
1685 5659 1828 5702 cum
1862 5642 1925 5703 in
1970 5643 2208 5704 Usserii
2245 5643 2413 5705 notis
2446 5643 2520 5703 ad
2551 5641 2935 5720 Martyrium
2964 5643 3037 5703 Β.
3074 5640 3441 5721 Poiycarpi,
3474 5658 3701 5703 manu-

457 5729 765 5810 scriptum
806 5736 1182 5799 Eusebianae
1223 5738 1526 5800 Historiae
1570 5739 1855 5801 codicem
1891 5755 1969 5801 ex
2003 5738 2387 5802 bibliotheca
2423 5737 2745 5801 Saviliana
2779 5738 3025 5800 laudari
3071 5736 3699 5813 animadvertissem,
