  <div class='ocr_page' id='page_1' title='image "/cluster/home/n/w/nwhite01/storage/ocr_20150623/20:no.2/coo.31924054873009/020.png"; bbox 0 0 4154 6410; ppageno 0'>
   <div class='ocr_carea' id='block_1_1' title="bbox 430 362 3678 431">
    <p class='ocr_par' dir='ltr' id='par_1_1' title="bbox 430 362 3678 431">
     <span class='ocr_line' id='line_1_1' title="bbox 430 362 3678 431; baseline 0.004 -13"><span class='ocrx_word' id='word_1_1' title='bbox 430 362 498 418; x_wconf 74' lang='grc'>21</span> <span class='ocrx_word' id='word_1_2' title='bbox 1710 369 1981 430; x_wconf 77' lang='lat' dir='ltr'><strong>VALESII</strong></span> <span class='ocrx_word' id='word_1_3' title='bbox 2018 366 2410 429; x_wconf 68' lang='lat' dir='ltr'><strong>PREFATIO.</strong></span> <span class='ocrx_word' id='word_1_4' title='bbox 3607 372 3678 431; x_wconf 68' lang='lat'><strong>2?.</strong></span> 
     </span>
    </p>
   </div>
   <div class='ocr_carea' id='block_1_2' title="bbox 429 486 3675 574">
    <p class='ocr_par' dir='ltr' id='par_1_2' title="bbox 429 486 3675 574">
     <span class='ocr_line' id='line_1_2' title="bbox 429 486 3675 574; baseline 0.002 -25"><span class='ocrx_word' id='word_1_5' title='bbox 429 502 711 565; x_wconf 88' lang='lat' dir='ltr'><strong>eumque</strong></span> <span class='ocrx_word' id='word_1_6' title='bbox 748 486 1035 550; x_wconf 71' lang='lat' dir='ltr'><strong>corticem</strong></span> <span class='ocrx_word' id='word_1_7' title='bbox 1069 490 1330 568; x_wconf 64' lang='lat' dir='ltr'><strong>Optima;</strong></span> <span class='ocrx_word' id='word_1_8' title='bbox 1361 496 1527 554; x_wconf 75' lang='lat' dir='ltr'><strong>notua</strong></span> <span class='ocrx_word' id='word_1_9' title='bbox 1558 507 1701 554; x_wconf 92' lang='lat' dir='ltr'><strong>esse</strong></span> <span class='ocrx_word' id='word_1_10' title='bbox 1733 511 1813 556; x_wconf 78' lang='lat' dir='ltr'><strong>ex</strong></span> <span class='ocrx_word' id='word_1_11' title='bbox 1860 493 2105 574; x_wconf 81' lang='lat' dir='ltr'><strong>aliquot</strong></span> <span class='ocrx_word' id='word_1_12' title='bbox 2153 494 2311 555; x_wconf 92' lang='lat' dir='ltr'><strong>locis</strong></span> <span class='ocrx_word' id='word_1_13' title='bbox 2348 493 2426 554; x_wconf 89' lang='lat' dir='ltr'><strong>ab</strong></span> <span class='ocrx_word' id='word_1_14' title='bbox 2473 493 2739 555; x_wconf 88' lang='lat' dir='ltr'><strong>Usserio</strong></span> <span class='ocrx_word' id='word_1_15' title='bbox 2773 491 3044 570; x_wconf 89' lang='lat' dir='ltr'><strong>prolat-is</strong></span> <span class='ocrx_word' id='word_1_16' title='bbox 3076 492 3675 573; x_wconf 83' lang='lat' dir='ltr'><strong>deprehendissem,</strong></span> 
     </span>
    </p>
   </div>
   <div class='ocr_carea' id='block_1_3' title="bbox 442 586 3677 670">
    <p class='ocr_par' dir='ltr' id='par_1_3' title="bbox 442 586 3677 670">
     <span class='ocr_line' id='line_1_3' title="bbox 442 586 3677 670; baseline 0.002 -24"><span class='ocrx_word' id='word_1_17' title='bbox 442 586 757 665; x_wconf 79' lang='lat' dir='ltr'><strong>postulavi</strong></span> <span class='ocrx_word' id='word_1_18' title='bbox 794 586 874 649; x_wconf 90' lang='lat' dir='ltr'><strong>ab</strong></span> <span class='ocrx_word' id='word_1_19' title='bbox 904 604 980 650; x_wconf 91' lang='lat' dir='ltr'><strong>eo</strong></span> <span class='ocrx_word' id='word_1_20' title='bbox 1014 606 1125 667; x_wconf 90' lang='lat' dir='ltr'><strong>per</strong></span> <span class='ocrx_word' id='word_1_21' title='bbox 1153 589 1425 664; x_wconf 90' lang='lat' dir='ltr'><strong>litteras,</strong></span> <span class='ocrx_word' id='word_1_22' title='bbox 1458 598 1527 652; x_wconf 93' lang='lat' dir='ltr'><strong>ut</strong></span> <span class='ocrx_word' id='word_1_23' title='bbox 1564 593 1770 653; x_wconf 86' lang='lat' dir='ltr'><strong>varias</strong></span> <span class='ocrx_word' id='word_1_24' title='bbox 1793 593 1932 670; x_wconf 87' lang='lat' dir='ltr'><strong>ejus</strong></span> <span class='ocrx_word' id='word_1_25' title='bbox 1964 592 2207 654; x_wconf 83' lang='lat' dir='ltr'><strong>codicis</strong></span> <span class='ocrx_word' id='word_1_26' title='bbox 2234 592 2543 653; x_wconf 79' lang='lat' dir='ltr'><strong>lectiones</strong></span> <span class='ocrx_word' id='word_1_27' title='bbox 2568 588 2914 669; x_wconf 88' lang='lat' dir='ltr'><strong>(integrum</strong></span> <span class='ocrx_word' id='word_1_28' title='bbox 2950 590 3120 650; x_wconf 91' lang='lat' dir='ltr'><strong>enim</strong></span> <span class='ocrx_word' id='word_1_29' title='bbox 3152 589 3231 651; x_wconf 91' lang='lat' dir='ltr'><strong>ab</strong></span> <span class='ocrx_word' id='word_1_30' title='bbox 3269 607 3344 650; x_wconf 92' lang='lat' dir='ltr'><strong>eo</strong></span> <span class='ocrx_word' id='word_1_31' title='bbox 3376 591 3677 653; x_wconf 82' lang='lat' dir='ltr'><strong>collatum</strong></span> 
     </span>
    </p>
   </div>
   <div class='ocr_carea' id='block_1_4' title="bbox 430 689 3675 771">
    <p class='ocr_par' dir='ltr' id='par_1_4' title="bbox 430 689 3675 771">
     <span class='ocr_line' id='line_1_4' title="bbox 430 689 3675 771; baseline 0.001 -22"><span class='ocrx_word' id='word_1_32' title='bbox 430 704 574 750; x_wconf 91' lang='lat' dir='ltr'><strong>esse</strong></span> <span class='ocrx_word' id='word_1_33' title='bbox 609 689 1077 771; x_wconf 77' lang='lat' dir='ltr'><strong>existimabam)</strong></span> <span class='ocrx_word' id='word_1_34' title='bbox 1117 690 1194 752; x_wconf 91' lang='lat' dir='ltr'><strong>ad</strong></span> <span class='ocrx_word' id='word_1_35' title='bbox 1228 708 1331 754; x_wconf 89' lang='lat' dir='ltr'><strong>me</strong></span> <span class='ocrx_word' id='word_1_36' title='bbox 1360 694 1848 756; x_wconf 76' lang='lat' dir='ltr'><strong>transmitteret.</strong></span> <span class='ocrx_word' id='word_1_37' title='bbox 1882 693 1998 755; x_wconf 88' lang='lat' dir='ltr'><strong>Ille</strong></span> <span class='ocrx_word' id='word_1_38' title='bbox 2036 710 2186 755; x_wconf 86' lang='lat' dir='ltr'><strong>vero</strong></span> <span class='ocrx_word' id='word_1_39' title='bbox 2218 693 2503 754; x_wconf 89' lang='lat' dir='ltr'><strong>codicem</strong></span> <span class='ocrx_word' id='word_1_40' title='bbox 2539 692 2803 770; x_wconf 81' lang='lat' dir='ltr'><strong>quidem</strong></span> <span class='ocrx_word' id='word_1_41' title='bbox 2846 690 3055 769; x_wconf 87' lang='lat' dir='ltr'><strong>ipsum</strong></span> <span class='ocrx_word' id='word_1_42' title='bbox 3112 691 3175 751; x_wconf 93' lang='lat' dir='ltr'><strong>in</strong></span> <span class='ocrx_word' id='word_1_43' title='bbox 3216 690 3433 754; x_wconf 82' lang='lat' dir='ltr'><strong>charta</strong></span> <span class='ocrx_word' id='word_1_44' title='bbox 3466 691 3675 768; x_wconf 87' lang='lat' dir='ltr'><strong>scrip-</strong></span> 
     </span>
    </p>
   </div>
   <div class='ocr_carea' id='block_1_5' title="bbox 431 789 3672 869">
    <p class='ocr_par' dir='ltr' id='par_1_5' title="bbox 431 789 3672 869">
     <span class='ocr_line' id='line_1_5' title="bbox 431 789 3672 869; baseline 0.001 -20"><span class='ocrx_word' id='word_1_45' title='bbox 431 797 563 850; x_wconf 91' lang='lat' dir='ltr'><strong>tum</strong></span> <span class='ocrx_word' id='word_1_46' title='bbox 602 790 1021 867; x_wconf 77' lang='lat' dir='ltr'><strong>bombycina,</strong></span> <span class='ocrx_word' id='word_1_47' title='bbox 1048 792 1831 857; x_wconf 64' lang='lat' dir='ltr'><strong>bibliothecanoniensi</strong></span> <span class='ocrx_word' id='word_1_48' title='bbox 1865 813 1897 856; x_wconf 90' lang='lat' dir='ltr'><strong>a</strong></span> <span class='ocrx_word' id='word_1_49' title='bbox 1929 794 2169 856; x_wconf 86' lang='lat' dir='ltr'><strong>Savilio</strong></span> <span class='ocrx_word' id='word_1_50' title='bbox 2194 796 2497 854; x_wconf 92' lang='lat' dir='ltr'><strong>donatum</strong></span> <span class='ocrx_word' id='word_1_51' title='bbox 2531 789 2766 864; x_wconf 82' lang='lat' dir='ltr'><strong>fuisse,</strong></span> <span class='ocrx_word' id='word_1_52' title='bbox 2796 789 2950 851; x_wconf 78' lang='lat' dir='ltr'><strong>mihi</strong></span> <span class='ocrx_word' id='word_1_53' title='bbox 2977 790 3322 869; x_wconf 84' lang='lat' dir='ltr'><strong>rescripsit.</strong></span> <span class='ocrx_word' id='word_1_54' title='bbox 3356 790 3672 853; x_wconf 66' lang='lat' dir='ltr'><strong>Craterum</strong></span> 
     </span>
    </p>
   </div>
   <div class='ocr_carea' id='block_1_6' title="bbox 428 885 3675 972">
    <p class='ocr_par' dir='ltr' id='par_1_6' title="bbox 428 885 3675 972">
     <span class='ocr_line' id='line_1_6' title="bbox 428 885 3675 972; baseline -0 -19"><span class='ocrx_word' id='word_1_55' title='bbox 428 891 784 953; x_wconf 87' lang='lat' dir='ltr'><strong>editionem</strong></span> <span class='ocrx_word' id='word_1_56' title='bbox 816 885 1079 954; x_wconf 80' lang='lat' dir='ltr'><strong>Roberti</strong></span> <span class='ocrx_word' id='word_1_57' title='bbox 1113 894 1419 971; x_wconf 84' lang='lat' dir='ltr'><strong>Stephani</strong></span> <span class='ocrx_word' id='word_1_58' title='bbox 1454 896 1669 957; x_wconf 85' lang='lat' dir='ltr'><strong>statim</strong></span> <span class='ocrx_word' id='word_1_59' title='bbox 1703 897 1776 957; x_wconf 92' lang='lat' dir='ltr'><strong>ad</strong></span> <span class='ocrx_word' id='word_1_60' title='bbox 1815 913 1913 956; x_wconf 91' lang='lat' dir='ltr'><strong>me</strong></span> <span class='ocrx_word' id='word_1_61' title='bbox 1948 895 2158 967; x_wconf 86' lang='lat' dir='ltr'><strong>misit,</strong></span> <span class='ocrx_word' id='word_1_62' title='bbox 2196 894 2258 954; x_wconf 92' lang='lat' dir='ltr'><strong>in</strong></span> <span class='ocrx_word' id='word_1_63' title='bbox 2308 893 2492 972; x_wconf 84' lang='lat' dir='ltr'><strong>cujus</strong></span> <span class='ocrx_word' id='word_1_64' title='bbox 2543 893 2834 968; x_wconf 83' lang='lat' dir='ltr'><strong>margine</strong></span> <span class='ocrx_word' id='word_1_65' title='bbox 2881 892 3156 951; x_wconf 86' lang='lat' dir='ltr'><strong>Savilius</strong></span> <span class='ocrx_word' id='word_1_66' title='bbox 3190 890 3675 953; x_wconf 84' lang='lat' dir='ltr'><strong>emendationes</strong></span> 
     </span>
    </p>
   </div>
   <div class='ocr_carea' id='block_1_7' title="bbox 432 988 3673 1070">
    <p class='ocr_par' dir='ltr' id='par_1_7' title="bbox 432 988 3673 1070">
     <span class='ocr_line' id='line_1_7' title="bbox 432 988 3673 1070; baseline -0.002 -16"><span class='ocrx_word' id='word_1_67' title='bbox 432 1011 511 1055; x_wconf 77' lang='lat' dir='ltr'><strong>ex</strong></span> <span class='ocrx_word' id='word_1_68' title='bbox 544 1010 665 1054; x_wconf 92' lang='lat' dir='ltr'><strong>suo</strong></span> <span class='ocrx_word' id='word_1_69' title='bbox 698 993 808 1055; x_wconf 93' lang='lat' dir='ltr'><strong>illo</strong></span> <span class='ocrx_word' id='word_1_70' title='bbox 841 991 1280 1070; x_wconf 77' lang='lat' dir='ltr'><strong>man-ascripta</strong></span> <span class='ocrx_word' id='word_1_71' title='bbox 1314 990 1533 1054; x_wconf 85' lang='lat' dir='ltr'><strong>codice</strong></span> <span class='ocrx_word' id='word_1_72' title='bbox 1565 993 1979 1070; x_wconf 89' lang='lat' dir='ltr'><strong>depromptas</strong></span> <span class='ocrx_word' id='word_1_73' title='bbox 2013 992 2450 1051; x_wconf 85' lang='lat' dir='ltr'><strong>adnotaverat.</strong></span> <span class='ocrx_word' id='word_1_74' title='bbox 2482 989 2811 1062; x_wconf 79' lang='lat' dir='ltr'><strong>Quantum</strong></span> <span class='ocrx_word' id='word_1_75' title='bbox 2871 996 3077 1049; x_wconf 88' lang='lat' dir='ltr'><strong>tamen</strong></span> <span class='ocrx_word' id='word_1_76' title='bbox 3132 988 3449 1067; x_wconf 85' lang='lat' dir='ltr'><strong>conjicere</strong></span> <span class='ocrx_word' id='word_1_77' title='bbox 3490 991 3673 1066; x_wconf 82' lang='lat' dir='ltr'><strong>potui</strong></span> 
     </span>
    </p>
   </div>
   <div class='ocr_carea' id='block_1_8' title="bbox 431 1088 3672 1173">
    <p class='ocr_par' dir='ltr' id='par_1_8' title="bbox 431 1088 3672 1173">
     <span class='ocr_line' id='line_1_8' title="bbox 431 1088 3672 1173; baseline -0.003 -16"><span class='ocrx_word' id='word_1_78' title='bbox 431 1112 562 1159; x_wconf 91' lang='lat' dir='ltr'><strong>non</strong></span> <span class='ocrx_word' id='word_1_79' title='bbox 602 1112 826 1157; x_wconf 90' lang='lat' dir='ltr'><strong>omnes</strong></span> <span class='ocrx_word' id='word_1_80' title='bbox 868 1094 1093 1173; x_wconf 87' lang='lat' dir='ltr'><strong>scripti</strong></span> <span class='ocrx_word' id='word_1_81' title='bbox 1127 1095 1368 1156; x_wconf 92' lang='lat' dir='ltr'><strong>codicis</strong></span> <span class='ocrx_word' id='word_1_82' title='bbox 1416 1095 1727 1157; x_wconf 85' lang='lat' dir='ltr'><strong>lectiones</strong></span> <span class='ocrx_word' id='word_1_83' title='bbox 1784 1095 1860 1156; x_wconf 87' lang='lat' dir='ltr'><strong>ad</strong></span> <span class='ocrx_word' id='word_1_84' title='bbox 1919 1094 2086 1154; x_wconf 88' lang='lat' dir='ltr'><strong>latus</strong></span> <span class='ocrx_word' id='word_1_85' title='bbox 2130 1093 2440 1155; x_wconf 86' lang='lat' dir='ltr'><strong>editionis</strong></span> <span class='ocrx_word' id='word_1_86' title='bbox 2475 1093 2652 1153; x_wconf 92' lang='lat' dir='ltr'><strong>illius</strong></span> <span class='ocrx_word' id='word_1_87' title='bbox 2704 1090 3008 1171; x_wconf 90' lang='lat' dir='ltr'><strong>apposuit</strong></span> <span class='ocrx_word' id='word_1_88' title='bbox 3047 1088 3349 1157; x_wconf 89' lang='lat' dir='ltr'><strong>Savilius,</strong></span> <span class='ocrx_word' id='word_1_89' title='bbox 3405 1089 3516 1149; x_wconf 92' lang='lat' dir='ltr'><strong>sed</strong></span> <span class='ocrx_word' id='word_1_90' title='bbox 3567 1105 3672 1150; x_wconf 86' lang='lat' dir='ltr'><strong>eas</strong></span> 
     </span>
    </p>
   </div>
   <div class='ocr_carea' id='block_1_9' title="bbox 428 1186 3669 1275">
    <p class='ocr_par' dir='ltr' id='par_1_9' title="bbox 428 1186 3669 1275">
     <span class='ocr_line' id='line_1_9' title="bbox 428 1186 3669 1275; baseline -0.003 -18"><span class='ocrx_word' id='word_1_91' title='bbox 428 1202 672 1258; x_wconf 83' lang='lat' dir='ltr'><strong>tantum</strong></span> <span class='ocrx_word' id='word_1_92' title='bbox 739 1214 894 1275; x_wconf 88' lang='lat' dir='ltr'><strong>quas</strong></span> <span class='ocrx_word' id='word_1_93' title='bbox 949 1196 1155 1257; x_wconf 90' lang='lat' dir='ltr'><strong>bonas</strong></span> <span class='ocrx_word' id='word_1_94' title='bbox 1203 1203 1541 1273; x_wconf 89' lang='lat' dir='ltr'><strong>certasque</strong></span> <span class='ocrx_word' id='word_1_95' title='bbox 1593 1212 1736 1256; x_wconf 87' lang='lat' dir='ltr'><strong>esse</strong></span> <span class='ocrx_word' id='word_1_96' title='bbox 1786 1192 2220 1256; x_wconf 80' lang='lat' dir='ltr'><strong>existimabat.</strong></span> <span class='ocrx_word' id='word_1_97' title='bbox 2263 1192 2565 1266; x_wconf 72' lang='lat' dir='ltr'><strong>Qutedam</strong></span> <span class='ocrx_word' id='word_1_98' title='bbox 2626 1192 2796 1255; x_wconf 89' lang='lat' dir='ltr'><strong>enim</strong></span> <span class='ocrx_word' id='word_1_99' title='bbox 2850 1190 3157 1252; x_wconf 85' lang='lat' dir='ltr'><strong>lectiones</strong></span> <span class='ocrx_word' id='word_1_100' title='bbox 3204 1186 3283 1248; x_wconf 91' lang='lat' dir='ltr'><strong>ab</strong></span> <span class='ocrx_word' id='word_1_101' title='bbox 3328 1187 3585 1249; x_wconf 85' lang='lat' dir='ltr'><strong>Usserio</strong></span> <span class='ocrx_word' id='word_1_102' title='bbox 3635 1208 3669 1247; x_wconf 88' lang='lat' dir='ltr'><strong>e</strong></span> 
     </span>
    </p>
   </div>
   <div class='ocr_carea' id='block_1_10' title="bbox 428 1286 3673 1374">
    <p class='ocr_par' dir='ltr' id='par_1_10' title="bbox 428 1286 3673 1374">
     <span class='ocr_line' id='line_1_10' title="bbox 428 1286 3673 1374; baseline -0.002 -19"><span class='ocrx_word' id='word_1_103' title='bbox 428 1295 665 1373; x_wconf 90' lang='lat' dir='ltr'><strong>scripto</strong></span> <span class='ocrx_word' id='word_1_104' title='bbox 703 1295 813 1356; x_wconf 91' lang='lat' dir='ltr'><strong>illo</strong></span> <span class='ocrx_word' id='word_1_105' title='bbox 846 1296 1066 1358; x_wconf 88' lang='lat' dir='ltr'><strong>codice</strong></span> <span class='ocrx_word' id='word_1_106' title='bbox 1098 1292 1535 1371; x_wconf 85' lang='lat' dir='ltr'><strong>proferuntur,</strong></span> <span class='ocrx_word' id='word_1_107' title='bbox 1571 1311 1731 1374; x_wconf 89' lang='lat' dir='ltr'><strong>quas</strong></span> <span class='ocrx_word' id='word_1_108' title='bbox 1766 1310 1797 1353; x_wconf 91' lang='lat' dir='ltr'><strong>a</strong></span> <span class='ocrx_word' id='word_1_109' title='bbox 1837 1292 2074 1353; x_wconf 89' lang='lat' dir='ltr'><strong>Savilio</strong></span> <span class='ocrx_word' id='word_1_110' title='bbox 2114 1290 2579 1369; x_wconf 71' lang='lat' dir='ltr'><strong>praetermissus</strong></span> <span class='ocrx_word' id='word_1_111' title='bbox 2608 1306 2750 1352; x_wconf 89' lang='lat' dir='ltr'><strong>esse</strong></span> <span class='ocrx_word' id='word_1_112' title='bbox 2782 1296 3002 1367; x_wconf 89' lang='lat' dir='ltr'><strong>postea</strong></span> <span class='ocrx_word' id='word_1_113' title='bbox 3036 1286 3457 1365; x_wconf 81' lang='lat' dir='ltr'><strong>deprehendi.</strong></span> <span class='ocrx_word' id='word_1_114' title='bbox 3510 1288 3673 1347; x_wconf 72' lang='lat' dir='ltr'><strong>Prae-</strong></span> 
     </span>
    </p>
   </div>
   <div class='ocr_carea' id='block_1_11' title="bbox 427 1394 3672 1473">
    <p class='ocr_par' dir='ltr' id='par_1_11' title="bbox 427 1394 3672 1473">
     <span class='ocr_line' id='line_1_11' title="bbox 427 1394 3672 1473; baseline -0.002 -16"><span class='ocrx_word' id='word_1_115' title='bbox 427 1403 595 1457; x_wconf 89' lang='lat' dir='ltr'><strong>terea</strong></span> <span class='ocrx_word' id='word_1_116' title='bbox 625 1394 793 1456; x_wconf 88' lang='lat' dir='ltr'><strong>idem</strong></span> <span class='ocrx_word' id='word_1_117' title='bbox 826 1397 1102 1459; x_wconf 86' lang='lat' dir='ltr'><strong>Savilius</strong></span> <span class='ocrx_word' id='word_1_118' title='bbox 1129 1398 1204 1459; x_wconf 89' lang='lat' dir='ltr'><strong>ad</strong></span> <span class='ocrx_word' id='word_1_119' title='bbox 1230 1415 1406 1459; x_wconf 89' lang='lat' dir='ltr'><strong>oram</strong></span> <span class='ocrx_word' id='word_1_120' title='bbox 1447 1396 1628 1459; x_wconf 91' lang='lat' dir='ltr'><strong>illius</strong></span> <span class='ocrx_word' id='word_1_121' title='bbox 1654 1396 1953 1458; x_wconf 87' lang='lat' dir='ltr'><strong>editionis</strong></span> <span class='ocrx_word' id='word_1_122' title='bbox 1992 1395 2231 1457; x_wconf 91' lang='lat' dir='ltr'><strong>multas</strong></span> <span class='ocrx_word' id='word_1_123' title='bbox 2260 1394 2555 1473; x_wconf 86' lang='lat' dir='ltr'><strong>ascripsit</strong></span> <span class='ocrx_word' id='word_1_124' title='bbox 2588 1395 3078 1456; x_wconf 89' lang='lat' dir='ltr'><strong>emendationes</strong></span> <span class='ocrx_word' id='word_1_125' title='bbox 3112 1412 3191 1456; x_wconf 80' lang='lat' dir='ltr'><strong>ex</strong></span> <span class='ocrx_word' id='word_1_126' title='bbox 3222 1395 3444 1455; x_wconf 85' lang='lat' dir='ltr'><strong>codice</strong></span> <span class='ocrx_word' id='word_1_127' title='bbox 3477 1394 3672 1452; x_wconf 84' lang='lat' dir='ltr'><strong>Joan-</strong></span> 
     </span>
    </p>
   </div>
   <div class='ocr_carea' id='block_1_12' title="bbox 425 1490 3673 1577">
    <p class='ocr_par' dir='ltr' id='par_1_12' title="bbox 425 1490 3673 1577">
     <span class='ocr_line' id='line_1_12' title="bbox 425 1490 3673 1577; baseline -0 -23"><span class='ocrx_word' id='word_1_128' title='bbox 425 1493 527 1554; x_wconf 92' lang='lat' dir='ltr'><strong>nis</strong></span> <span class='ocrx_word' id='word_1_129' title='bbox 558 1491 1157 1570; x_wconf 88' lang='lat' dir='ltr'><strong>Christophorsoni,</strong></span> <span class='ocrx_word' id='word_1_130' title='bbox 1189 1514 1383 1577; x_wconf 92' lang='lat' dir='ltr'><strong>quem</strong></span> <span class='ocrx_word' id='word_1_131' title='bbox 1420 1497 1669 1559; x_wconf 84' lang='lat' dir='ltr'><strong>scilicet</strong></span> <span class='ocrx_word' id='word_1_132' title='bbox 1698 1494 2331 1574; x_wconf 82' lang='lat' dir='ltr'><strong>ChristOphorsonus</strong></span> <span class='ocrx_word' id='word_1_133' title='bbox 2364 1512 2511 1559; x_wconf 89' lang='lat' dir='ltr'><strong>cum</strong></span> <span class='ocrx_word' id='word_1_134' title='bbox 2547 1494 2796 1574; x_wconf 89' lang='lat' dir='ltr'><strong>aliquot</strong></span> <span class='ocrx_word' id='word_1_135' title='bbox 2849 1494 3302 1573; x_wconf 89' lang='lat' dir='ltr'><strong>manuscriptis</strong></span> <span class='ocrx_word' id='word_1_136' title='bbox 3336 1490 3673 1571; x_wconf 71' lang='lat' dir='ltr'><strong>exempia-</strong></span> 
     </span>
    </p>
   </div>
   <div class='ocr_carea' id='block_1_13' title="bbox 425 1590 1016 1655">
    <p class='ocr_par' dir='ltr' id='par_1_13' title="bbox 425 1590 1016 1655">
     <span class='ocr_line' id='line_1_13' title="bbox 425 1590 1016 1655; baseline 0.008 -5"><span class='ocrx_word' id='word_1_137' title='bbox 425 1590 602 1653; x_wconf 92' lang='lat' dir='ltr'><strong>ribus</strong></span> <span class='ocrx_word' id='word_1_138' title='bbox 638 1593 1016 1655; x_wconf 83' lang='lat' dir='ltr'><strong>contuierat.</strong></span> 
     </span>
    </p>
   </div>
   <div class='ocr_carea' id='block_1_14' title="bbox 499 1741 3669 1831">
    <p class='ocr_par' dir='ltr' id='par_1_14' title="bbox 499 1741 3669 1831">
     <span class='ocr_line' id='line_1_14' title="bbox 499 1741 3669 1831; baseline -0.001 -24"><span class='ocrx_word' id='word_1_139' title='bbox 499 1745 650 1809; x_wconf 66' lang='lat' dir='ltr'><strong>Haec</strong></span> <span class='ocrx_word' id='word_1_140' title='bbox 686 1754 835 1808; x_wconf 92' lang='lat' dir='ltr'><strong>sunt</strong></span> <span class='ocrx_word' id='word_1_141' title='bbox 883 1748 1199 1811; x_wconf 90' lang='lat' dir='ltr'><strong>librorum</strong></span> <span class='ocrx_word' id='word_1_142' title='bbox 1238 1750 1555 1825; x_wconf 86' lang='lat' dir='ltr'><strong>subsidia,</strong></span> <span class='ocrx_word' id='word_1_143' title='bbox 1592 1752 1833 1831; x_wconf 88' lang='lat' dir='ltr'><strong>quibus</strong></span> <span class='ocrx_word' id='word_1_144' title='bbox 1885 1750 2183 1815; x_wconf 89' lang='lat' dir='ltr'><strong>instructi</strong></span> <span class='ocrx_word' id='word_1_145' title='bbox 2229 1751 2614 1815; x_wconf 72' lang='lat' dir='ltr'><strong>Eusebianre</strong></span> <span class='ocrx_word' id='word_1_146' title='bbox 2646 1747 2949 1811; x_wconf 63' lang='lat' dir='ltr'><strong>Historia;</strong></span> <span class='ocrx_word' id='word_1_147' title='bbox 2998 1747 3193 1809; x_wconf 85' lang='lat' dir='ltr'><strong>libros</strong></span> <span class='ocrx_word' id='word_1_148' title='bbox 3232 1741 3669 1805; x_wconf 88' lang='lat' dir='ltr'><strong>emendandos</strong></span> 
     </span>
    </p>
   </div>
   <div class='ocr_carea' id='block_1_15' title="bbox 422 1844 3673 1929">
    <p class='ocr_par' dir='ltr' id='par_1_15' title="bbox 422 1844 3673 1929">
     <span class='ocr_line' id='line_1_15' title="bbox 422 1844 3673 1929; baseline -0 -23"><span class='ocrx_word' id='word_1_149' title='bbox 422 1849 852 1925; x_wconf 80' lang='lat' dir='ltr'><strong>suscepimus.</strong></span> <span class='ocrx_word' id='word_1_150' title='bbox 879 1849 997 1910; x_wconf 92' lang='lat' dir='ltr'><strong>Sed</strong></span> <span class='ocrx_word' id='word_1_151' title='bbox 1027 1866 1106 1910; x_wconf 89' lang='lat' dir='ltr'><strong>ne</strong></span> <span class='ocrx_word' id='word_1_152' title='bbox 1135 1849 1283 1926; x_wconf 89' lang='lat' dir='ltr'><strong>quis</strong></span> <span class='ocrx_word' id='word_1_153' title='bbox 1314 1847 1475 1909; x_wconf 86' lang='lat' dir='ltr'><strong>forte</strong></span> <span class='ocrx_word' id='word_1_154' title='bbox 1502 1849 1861 1929; x_wconf 89' lang='lat' dir='ltr'><strong>quidquam</strong></span> <span class='ocrx_word' id='word_1_155' title='bbox 1890 1868 1923 1910; x_wconf 89' lang='lat' dir='ltr'><strong>a</strong></span> <span class='ocrx_word' id='word_1_156' title='bbox 1948 1849 2138 1912; x_wconf 90' lang='lat' dir='ltr'><strong>nobis</strong></span> <span class='ocrx_word' id='word_1_157' title='bbox 2173 1858 2409 1913; x_wconf 89' lang='lat' dir='ltr'><strong>temere</strong></span> <span class='ocrx_word' id='word_1_158' title='bbox 2444 1854 2504 1912; x_wconf 91' lang='lat' dir='ltr'><strong>et</strong></span> <span class='ocrx_word' id='word_1_159' title='bbox 2540 1866 2652 1928; x_wconf 89' lang='lat' dir='ltr'><strong>pro</strong></span> <span class='ocrx_word' id='word_1_160' title='bbox 2681 1846 2943 1909; x_wconf 87' lang='lat' dir='ltr'><strong>arbitrio</strong></span> <span class='ocrx_word' id='word_1_161' title='bbox 2975 1850 3290 1907; x_wconf 87' lang='lat' dir='ltr'><strong>mutatum</strong></span> <span class='ocrx_word' id='word_1_162' title='bbox 3326 1860 3466 1904; x_wconf 90' lang='lat' dir='ltr'><strong>esse</strong></span> <span class='ocrx_word' id='word_1_163' title='bbox 3500 1844 3673 1905; x_wconf 75' lang='lat' dir='ltr'><strong>exis-</strong></span> 
     </span>
    </p>
   </div>
   <div class='ocr_carea' id='block_1_16' title="bbox 423 1946 3668 2025">
    <p class='ocr_par' dir='ltr' id='par_1_16' title="bbox 423 1946 3668 2025">
     <span class='ocr_line' id='line_1_16' title="bbox 423 1946 3668 2025; baseline 0 -21"><span class='ocrx_word' id='word_1_164' title='bbox 423 1947 626 2020; x_wconf 90' lang='lat' dir='ltr'><strong>timet,</strong></span> <span class='ocrx_word' id='word_1_165' title='bbox 659 1955 807 2011; x_wconf 91' lang='lat' dir='ltr'><strong>ante</strong></span> <span class='ocrx_word' id='word_1_166' title='bbox 838 1949 1055 2011; x_wconf 88' lang='lat' dir='ltr'><strong>omnia</strong></span> <span class='ocrx_word' id='word_1_167' title='bbox 1093 1948 1358 2010; x_wconf 91' lang='lat' dir='ltr'><strong>lectores</strong></span> <span class='ocrx_word' id='word_1_168' title='bbox 1392 1952 1670 2012; x_wconf 91' lang='lat' dir='ltr'><strong>monitos</strong></span> <span class='ocrx_word' id='word_1_169' title='bbox 1719 1967 1861 2011; x_wconf 89' lang='lat' dir='ltr'><strong>esse</strong></span> <span class='ocrx_word' id='word_1_170' title='bbox 1894 1953 2222 2024; x_wconf 89' lang='lat' dir='ltr'><strong>volumus,</strong></span> <span class='ocrx_word' id='word_1_171' title='bbox 2257 1950 2416 2012; x_wconf 88' lang='lat' dir='ltr'><strong>nihil</strong></span> <span class='ocrx_word' id='word_1_172' title='bbox 2454 1966 2570 2011; x_wconf 91' lang='lat' dir='ltr'><strong>nos</strong></span> <span class='ocrx_word' id='word_1_173' title='bbox 2601 1952 2743 2012; x_wconf 89' lang='lat' dir='ltr'><strong>sine</strong></span> <span class='ocrx_word' id='word_1_174' title='bbox 2781 1949 3173 2025; x_wconf 78' lang='lat' dir='ltr'><strong>Optimorum</strong></span> <span class='ocrx_word' id='word_1_175' title='bbox 3202 1946 3668 2024; x_wconf 73' lang='lat' dir='ltr'><strong>exemplarium</strong></span> 
     </span>
    </p>
   </div>
   <div class='ocr_carea' id='block_1_17' title="bbox 421 2052 3673 2136">
    <p class='ocr_par' dir='ltr' id='par_1_17' title="bbox 421 2052 3673 2136">
     <span class='ocr_line' id='line_1_17' title="bbox 421 2052 3673 2136; baseline 0.002 -29"><span class='ocrx_word' id='word_1_176' title='bbox 421 2063 738 2111; x_wconf 88' lang='lat' dir='ltr'><strong>consensu</strong></span> <span class='ocrx_word' id='word_1_177' title='bbox 775 2059 967 2133; x_wconf 88' lang='lat' dir='ltr'><strong>atque</strong></span> <span class='ocrx_word' id='word_1_178' title='bbox 997 2053 1377 2117; x_wconf 86' lang='lat' dir='ltr'><strong>auctoritate</strong></span> <span class='ocrx_word' id='word_1_179' title='bbox 1411 2054 1664 2119; x_wconf 89' lang='lat' dir='ltr'><strong>fecisse.</strong></span> <span class='ocrx_word' id='word_1_180' title='bbox 1698 2057 2013 2136; x_wconf 84' lang='lat' dir='ltr'><strong>Adeoque</strong></span> <span class='ocrx_word' id='word_1_181' title='bbox 2050 2059 2242 2120; x_wconf 91' lang='lat' dir='ltr'><strong>nobis</strong></span> <span class='ocrx_word' id='word_1_182' title='bbox 2284 2056 2515 2136; x_wconf 81' lang='lat' dir='ltr'><strong>religio</strong></span> <span class='ocrx_word' id='word_1_183' title='bbox 2554 2056 2697 2126; x_wconf 85' lang='lat' dir='ltr'><strong>fuit,</strong></span> <span class='ocrx_word' id='word_1_184' title='bbox 2734 2056 2798 2117; x_wconf 91' lang='lat' dir='ltr'><strong>in</strong></span> <span class='ocrx_word' id='word_1_185' title='bbox 2833 2056 2932 2117; x_wconf 91' lang='lat' dir='ltr'><strong>his</strong></span> <span class='ocrx_word' id='word_1_186' title='bbox 2969 2053 3154 2117; x_wconf 92' lang='lat' dir='ltr'><strong>libris</strong></span> <span class='ocrx_word' id='word_1_187' title='bbox 3192 2053 3438 2133; x_wconf 91' lang='lat' dir='ltr'><strong>aliquid</strong></span> <span class='ocrx_word' id='word_1_188' title='bbox 3477 2052 3673 2113; x_wconf 89' lang='lat' dir='ltr'><strong>inter-</strong></span> 
     </span>
    </p>
   </div>
   <div class='ocr_carea' id='block_1_18' title="bbox 422 2153 3672 2240">
    <p class='ocr_par' dir='ltr' id='par_1_18' title="bbox 422 2153 3672 2240">
     <span class='ocr_line' id='line_1_18' title="bbox 422 2153 3672 2240; baseline 0.001 -28"><span class='ocrx_word' id='word_1_189' title='bbox 422 2153 659 2228; x_wconf 90' lang='lat' dir='ltr'><strong>polare,</strong></span> <span class='ocrx_word' id='word_1_190' title='bbox 692 2164 761 2216; x_wconf 92' lang='lat' dir='ltr'><strong>ut</strong></span> <span class='ocrx_word' id='word_1_191' title='bbox 791 2174 868 2218; x_wconf 92' lang='lat' dir='ltr'><strong>ne</strong></span> <span class='ocrx_word' id='word_1_192' title='bbox 900 2163 1031 2217; x_wconf 89' lang='lat' dir='ltr'><strong>tum</strong></span> <span class='ocrx_word' id='word_1_193' title='bbox 1070 2155 1334 2236; x_wconf 90' lang='lat' dir='ltr'><strong>quidem</strong></span> <span class='ocrx_word' id='word_1_194' title='bbox 1360 2175 1503 2220; x_wconf 92' lang='lat' dir='ltr'><strong>cum</strong></span> <span class='ocrx_word' id='word_1_195' title='bbox 1540 2159 1752 2222; x_wconf 91' lang='lat' dir='ltr'><strong>locum</strong></span> <span class='ocrx_word' id='word_1_196' title='bbox 1790 2162 2207 2240; x_wconf 83' lang='lat' dir='ltr'><strong>depravatum</strong></span> <span class='ocrx_word' id='word_1_197' title='bbox 2254 2179 2396 2224; x_wconf 90' lang='lat' dir='ltr'><strong>esse</strong></span> <span class='ocrx_word' id='word_1_198' title='bbox 2431 2160 2966 2223; x_wconf 85' lang='lat' dir='ltr'><strong>manifestissime</strong></span> <span class='ocrx_word' id='word_1_199' title='bbox 3016 2157 3389 2239; x_wconf 79' lang='lat' dir='ltr'><strong>apparebat,</strong></span> <span class='ocrx_word' id='word_1_200' title='bbox 3445 2154 3672 2231; x_wconf 89' lang='lat' dir='ltr'><strong>conje-</strong></span> 
     </span>
    </p>
   </div>
   <div class='ocr_carea' id='block_1_19' title="bbox 420 2258 3669 2344">
    <p class='ocr_par' dir='ltr' id='par_1_19' title="bbox 420 2258 3669 2344">
     <span class='ocr_line' id='line_1_19' title="bbox 420 2258 3669 2344; baseline 0.003 -31"><span class='ocrx_word' id='word_1_201' title='bbox 420 2261 616 2316; x_wconf 66' lang='lat' dir='ltr'><strong>cturae</strong></span> <span class='ocrx_word' id='word_1_202' title='bbox 641 2263 875 2317; x_wconf 72' lang='lat' dir='ltr'><strong>nostrre</strong></span> <span class='ocrx_word' id='word_1_203' title='bbox 908 2258 1246 2335; x_wconf 81' lang='lat' dir='ltr'><strong>indulgere</strong></span> <span class='ocrx_word' id='word_1_204' title='bbox 1278 2264 1694 2328; x_wconf 88' lang='lat' dir='ltr'><strong>voluerimus.</strong></span> <span class='ocrx_word' id='word_1_205' title='bbox 1724 2267 2116 2344; x_wconf 86' lang='lat' dir='ltr'><strong>Argumento</strong></span> <span class='ocrx_word' id='word_1_206' title='bbox 2148 2268 2229 2329; x_wconf 89' lang='lat' dir='ltr'><strong>sit</strong></span> <span class='ocrx_word' id='word_1_207' title='bbox 2263 2268 2439 2329; x_wconf 86' lang='lat' dir='ltr'><strong>locus</strong></span> <span class='ocrx_word' id='word_1_208' title='bbox 2474 2266 2539 2327; x_wconf 91' lang='lat' dir='ltr'><strong>in</strong></span> <span class='ocrx_word' id='word_1_209' title='bbox 2573 2267 2697 2329; x_wconf 84' lang='lat' dir='ltr'><strong>tiue</strong></span> <span class='ocrx_word' id='word_1_210' title='bbox 2731 2265 2840 2327; x_wconf 89' lang='lat' dir='ltr'><strong>lib.</strong></span> <span class='ocrx_word' id='word_1_211' title='bbox 2870 2285 2912 2326; x_wconf 68' lang='grc' dir='ltr'><strong>ι</strong></span> <span class='ocrx_word' id='word_1_212' title='bbox 2942 2264 3189 2326; x_wconf 82' lang='lat' dir='ltr'><strong>Hister.</strong></span> <span class='ocrx_word' id='word_1_213' title='bbox 3211 2262 3412 2339; x_wconf 85' lang='lat' dir='ltr'><strong>Eccl.,</strong></span> <span class='ocrx_word' id='word_1_214' title='bbox 3443 2281 3504 2339; x_wconf 90' lang='lat' dir='ltr'><strong>p.</strong></span> <span class='ocrx_word' id='word_1_215' title='bbox 3526 2262 3669 2332; x_wconf 87' lang='lat'><strong>399,</strong></span> 
     </span>
    </p>
   </div>
   <div class='ocr_carea' id='block_1_20' title="bbox 420 2355 2060 2454">
    <p class='ocr_par' dir='ltr' id='par_1_20' title="bbox 420 2355 2060 2453">
     <span class='ocr_line' id='line_1_20' title="bbox 420 2355 2060 2453; baseline 0.01 -37"><span class='ocrx_word' id='word_1_216' title='bbox 420 2355 532 2434; x_wconf 82' lang='lat' dir='ltr'><strong>qui</strong></span> <span class='ocrx_word' id='word_1_217' title='bbox 588 2359 679 2420; x_wconf 86' lang='lat' dir='ltr'><strong>sic</strong></span> <span class='ocrx_word' id='word_1_218' title='bbox 729 2358 915 2423; x_wconf 86' lang='lat' dir='ltr'><strong>habet</strong></span> <span class='ocrx_word' id='word_1_219' title='bbox 971 2360 1081 2423; x_wconf 50' lang='lat' dir='ltr'><strong>:‘O</strong></span> <span class='ocrx_word' id='word_1_220' title='bbox 1118 2363 1164 2424; x_wconf 75' lang='grc' dir='ltr'><strong>δ’</strong></span> <span class='ocrx_word' id='word_1_221' title='bbox 1198 2372 1355 2447; x_wconf 76' lang='grc' dir='ltr'><strong>ἀρετῇ</strong></span> <span class='ocrx_word' id='word_1_222' title='bbox 1398 2373 1543 2450; x_wconf 76' lang='grc' dir='ltr'><strong>πάσῃ</strong></span> <span class='ocrx_word' id='word_1_223' title='bbox 1600 2377 1901 2438; x_wconf 74' lang='grc' dir='ltr'><strong>Θεοσεϐείας</strong></span> <span class='ocrx_word' id='word_1_224' title='bbox 1950 2380 2060 2453; x_wconf 62' lang='grc' dir='ltr'><strong>ἕκτη</strong></span> 
     </span>
    </p>
   </div>
   <div class='ocr_carea' id='block_1_21' title="bbox 2023 2355 3663 2454">
    <p class='ocr_par' dir='ltr' id='par_1_21' title="bbox 2023 2365 3663 2454">
     <span class='ocr_line' id='line_1_21' title="bbox 2023 2365 3663 2454; baseline -0.009 -19"><span class='ocrx_word' id='word_1_225' title='bbox 2023 2387 2219 2453; x_wconf 78' lang='grc' dir='ltr'><strong>τρεπῶς</strong></span> <span class='ocrx_word' id='word_1_226' title='bbox 2280 2378 2535 2454; x_wconf 69' lang='grc' dir='ltr'><strong>μίγιςτος</strong></span> <span class='ocrx_word' id='word_1_227' title='bbox 2583 2383 2791 2442; x_wconf 60' lang='lat' dir='ltr'><strong>amari;</strong></span> <span class='ocrx_word' id='word_1_228' title='bbox 2841 2379 3256 2433; x_wconf 62' lang='grc' dir='ltr'><strong>Κωνσταντίτεος.</strong></span> <span class='ocrx_word' id='word_1_229' title='bbox 3288 2365 3663 2425; x_wconf 86' lang='lat' dir='ltr'><strong>Poteramus</strong></span> 
     </span>
    </p>
   </div>
   <div class='ocr_carea' id='block_1_22' title="bbox 421 2455 2061 2553">
    <p class='ocr_par' dir='ltr' id='par_1_22' title="bbox 421 2455 2061 2545">
     <span class='ocr_line' id='line_1_22' title="bbox 421 2455 2061 2545; baseline 0.011 -29"><span class='ocrx_word' id='word_1_230' title='bbox 421 2455 525 2517; x_wconf 87' lang='lat' dir='ltr'><strong>hic</strong></span> <span class='ocrx_word' id='word_1_231' title='bbox 563 2474 771 2519; x_wconf 89' lang='lat' dir='ltr'><strong>veram</strong></span> <span class='ocrx_word' id='word_1_232' title='bbox 815 2459 1154 2525; x_wconf 79' lang='lat' dir='ltr'><strong>lectionem</strong></span> <span class='ocrx_word' id='word_1_233' title='bbox 1191 2466 1309 2525; x_wconf 86' lang='lat' dir='ltr'><strong>levi</strong></span> <span class='ocrx_word' id='word_1_234' title='bbox 1348 2470 1608 2545; x_wconf 84' lang='lat' dir='ltr'><strong>negotio</strong></span> <span class='ocrx_word' id='word_1_235' title='bbox 1650 2472 2022 2545; x_wconf 88' lang='lat' dir='ltr'><strong>restituere,</strong></span> <span class='ocrx_word' id='word_1_236' title='bbox 2057 2500 2061 2523; x_wconf 83' lang='grc'><em>‹</em></span> 
     </span>
    </p>
   </div>
   <div class='ocr_carea' id='block_1_23' title="bbox 2028 2455 3668 2553">
    <p class='ocr_par' dir='ltr' id='par_1_23' title="bbox 2057 2462 3668 2553">
     <span class='ocr_line' id='line_1_23' title="bbox 2057 2462 3668 2553; baseline -0.009 -18"><span class='ocrx_word' id='word_1_237' title='bbox 2057 2480 2123 2535; x_wconf 80' lang='lat' dir='ltr'><strong>et</strong></span> <span class='ocrx_word' id='word_1_238' title='bbox 2163 2492 2272 2550; x_wconf 83' lang='lat' dir='ltr'><strong>pro</strong></span> <span class='ocrx_word' id='word_1_239' title='bbox 2302 2477 2572 2553; x_wconf 67' lang='grc' dir='ltr'><strong>ἕκπρεπῶς</strong></span> <span class='ocrx_word' id='word_1_240' title='bbox 2607 2473 2946 2534; x_wconf 88' lang='lat' dir='ltr'><strong>emendare</strong></span> <span class='ocrx_word' id='word_1_241' title='bbox 2994 2476 3284 2547; x_wconf 74' lang='grc' dir='ltr'><strong>ἔκπρέπων.</strong></span> <span class='ocrx_word' id='word_1_242' title='bbox 3338 2463 3441 2523; x_wconf 90' lang='lat' dir='ltr'><strong>Sic</strong></span> <span class='ocrx_word' id='word_1_243' title='bbox 3494 2462 3668 2523; x_wconf 88' lang='lat' dir='ltr'><strong>enim</strong></span> 
     </span>
    </p>
   </div>
   <div class='ocr_carea' id='block_1_24' title="bbox 423 2560 3668 2647">
    <p class='ocr_par' dir='ltr' id='par_1_24' title="bbox 423 2560 3668 2647">
     <span class='ocr_line' id='line_1_24' title="bbox 423 2560 3668 2647; baseline 0.001 -30"><span class='ocrx_word' id='word_1_244' title='bbox 423 2576 572 2619; x_wconf 90' lang='lat' dir='ltr'><strong>eum</strong></span> <span class='ocrx_word' id='word_1_245' title='bbox 622 2560 886 2621; x_wconf 85' lang='lat' dir='ltr'><strong>Eusebii</strong></span> <span class='ocrx_word' id='word_1_246' title='bbox 951 2562 1158 2625; x_wconf 89' lang='lat' dir='ltr'><strong>locum</strong></span> <span class='ocrx_word' id='word_1_247' title='bbox 1211 2567 1362 2629; x_wconf 90' lang='lat' dir='ltr'><strong>citat</strong></span> <span class='ocrx_word' id='word_1_248' title='bbox 1411 2570 1707 2632; x_wconf 89' lang='lat' dir='ltr'><strong>Gelasius</strong></span> <span class='ocrx_word' id='word_1_249' title='bbox 1742 2573 2102 2647; x_wconf 80' lang='lat' dir='ltr'><strong>Cyzicenus</strong></span> <span class='ocrx_word' id='word_1_250' title='bbox 2160 2574 2225 2634; x_wconf 91' lang='lat' dir='ltr'><strong>in</strong></span> <span class='ocrx_word' id='word_1_251' title='bbox 2262 2574 2378 2635; x_wconf 89' lang='lat' dir='ltr'><strong>lib.</strong></span> <span class='ocrx_word' id='word_1_252' title='bbox 2419 2592 2500 2646; x_wconf 88' lang='grc' dir='ltr'>ιι,</span> <span class='ocrx_word' id='word_1_253' title='bbox 2557 2591 2675 2635; x_wconf 90' lang='lat' dir='ltr'><strong>nec</strong></span> <span class='ocrx_word' id='word_1_254' title='bbox 2726 2572 2910 2633; x_wconf 90' lang='lat' dir='ltr'><strong>aliter</strong></span> <span class='ocrx_word' id='word_1_255' title='bbox 2958 2567 3264 2631; x_wconf 84' lang='lat' dir='ltr'><strong>scribitur</strong></span> <span class='ocrx_word' id='word_1_256' title='bbox 3314 2564 3378 2626; x_wconf 88' lang='lat' dir='ltr'><strong>in</strong></span> <span class='ocrx_word' id='word_1_257' title='bbox 3441 2563 3554 2625; x_wconf 89' lang='lat' dir='ltr'><strong>lib.</strong></span> <span class='ocrx_word' id='word_1_258' title='bbox 3622 2578 3668 2621; x_wconf 90' lang='grc' dir='ltr'><strong>ιι</strong></span> 
     </span>
    </p>
   </div>
   <div class='ocr_carea' id='block_1_25' title="bbox 421 2659 3666 2753">
    <p class='ocr_par' dir='ltr' id='par_1_25' title="bbox 421 2659 3666 2753">
     <span class='ocr_line' id='line_1_25' title="bbox 421 2659 3666 2753; baseline 0.002 -35"><span class='ocrx_word' id='word_1_259' title='bbox 421 2659 682 2720; x_wconf 85' lang='lat' dir='ltr'><strong>Eusebii</strong></span> <span class='ocrx_word' id='word_1_260' title='bbox 745 2663 831 2722; x_wconf 85' lang='lat' dir='ltr'><strong>De</strong></span> <span class='ocrx_word' id='word_1_261' title='bbox 877 2664 1008 2724; x_wconf 79' lang='lat' dir='ltr'><strong>vita</strong></span> <span class='ocrx_word' id='word_1_262' title='bbox 1056 2666 1477 2747; x_wconf 82' lang='lat' dir='ltr'><strong>Constantini,</strong></span> <span class='ocrx_word' id='word_1_263' title='bbox 1541 2693 1676 2753; x_wconf 87' lang='lat' dir='ltr'><strong>cap.</strong></span> <span class='ocrx_word' id='word_1_264' title='bbox 1740 2678 1837 2752; x_wconf 86' lang='grc'><strong>19,</strong></span> <span class='ocrx_word' id='word_1_265' title='bbox 1905 2677 2012 2738; x_wconf 88' lang='lat' dir='ltr'><strong>ubi</strong></span> <span class='ocrx_word' id='word_1_266' title='bbox 2090 2678 2194 2740; x_wconf 90' lang='lat' dir='ltr'><strong>hic</strong></span> <span class='ocrx_word' id='word_1_267' title='bbox 2262 2676 2447 2739; x_wconf 89' lang='lat' dir='ltr'><strong>locus</strong></span> <span class='ocrx_word' id='word_1_268' title='bbox 2500 2676 2734 2739; x_wconf 87' lang='lat' dir='ltr'><strong>iisdem</strong></span> <span class='ocrx_word' id='word_1_269' title='bbox 2798 2674 2985 2751; x_wconf 87' lang='lat' dir='ltr'><strong>plane</strong></span> <span class='ocrx_word' id='word_1_270' title='bbox 3054 2668 3266 2732; x_wconf 89' lang='lat' dir='ltr'><strong>verbis</strong></span> <span class='ocrx_word' id='word_1_271' title='bbox 3328 2669 3666 2743; x_wconf 88' lang='lat' dir='ltr'><strong>repetitur.</strong></span> 
     </span>
    </p>
   </div>
   <div class='ocr_carea' id='block_1_26' title="bbox 420 2759 3669 2849">
    <p class='ocr_par' dir='ltr' id='par_1_26' title="bbox 420 2759 3669 2849">
     <span class='ocr_line' id='line_1_26' title="bbox 420 2759 3669 2849; baseline 0.002 -28"><span class='ocrx_word' id='word_1_272' title='bbox 420 2759 717 2839; x_wconf 83' lang='lat' dir='ltr'><strong>Denique</strong></span> <span class='ocrx_word' id='word_1_273' title='bbox 764 2763 982 2826; x_wconf 93' lang='lat' dir='ltr'><strong>nullus</strong></span> <span class='ocrx_word' id='word_1_274' title='bbox 1021 2763 1086 2826; x_wconf 91' lang='lat' dir='ltr'><strong>in</strong></span> <span class='ocrx_word' id='word_1_275' title='bbox 1138 2767 1256 2832; x_wconf 90' lang='lat' dir='ltr'><strong>hac</strong></span> <span class='ocrx_word' id='word_1_276' title='bbox 1306 2773 1594 2834; x_wconf 89' lang='lat' dir='ltr'><strong>editione</strong></span> <span class='ocrx_word' id='word_1_277' title='bbox 1654 2783 1869 2837; x_wconf 89' lang='lat' dir='ltr'><strong>nostra</strong></span> <span class='ocrx_word' id='word_1_278' title='bbox 1916 2777 2289 2838; x_wconf 88' lang='lat' dir='ltr'><strong>emendatus</strong></span> <span class='ocrx_word' id='word_1_279' title='bbox 2336 2783 2435 2838; x_wconf 91' lang='lat' dir='ltr'><strong>est</strong></span> <span class='ocrx_word' id='word_1_280' title='bbox 2481 2775 2682 2849; x_wconf 90' lang='lat' dir='ltr'><strong>locus,</strong></span> <span class='ocrx_word' id='word_1_281' title='bbox 2735 2775 2811 2837; x_wconf 92' lang='lat' dir='ltr'><strong>de</strong></span> <span class='ocrx_word' id='word_1_282' title='bbox 2867 2790 2999 2846; x_wconf 91' lang='lat' dir='ltr'><strong>quo</strong></span> <span class='ocrx_word' id='word_1_283' title='bbox 3038 2773 3102 2833; x_wconf 91' lang='lat' dir='ltr'><strong>in</strong></span> <span class='ocrx_word' id='word_1_284' title='bbox 3142 2767 3669 2834; x_wconf 85' lang='lat' dir='ltr'><strong>adnotationibus</strong></span> 
     </span>
    </p>
   </div>
   <div class='ocr_carea' id='block_1_27' title="bbox 423 2863 3670 2945">
    <p class='ocr_par' dir='ltr' id='par_1_27' title="bbox 423 2863 3670 2945">
     <span class='ocr_line' id='line_1_27' title="bbox 423 2863 3670 2945; baseline 0.002 -22"><span class='ocrx_word' id='word_1_285' title='bbox 423 2863 722 2925; x_wconf 85' lang='lat' dir='ltr'><strong>lectorem</strong></span> <span class='ocrx_word' id='word_1_286' title='bbox 768 2880 898 2925; x_wconf 89' lang='lat' dir='ltr'><strong>non</strong></span> <span class='ocrx_word' id='word_1_287' title='bbox 955 2868 1431 2945; x_wconf 89' lang='lat' dir='ltr'><strong>admonuerim,</strong></span> <span class='ocrx_word' id='word_1_288' title='bbox 1495 2882 1556 2937; x_wconf 92' lang='lat' dir='ltr'><strong>et</strong></span> <span class='ocrx_word' id='word_1_289' title='bbox 1613 2876 2088 2938; x_wconf 82' lang='lat' dir='ltr'><strong>emendationis</strong></span> <span class='ocrx_word' id='word_1_290' title='bbox 2146 2894 2301 2938; x_wconf 68' lang='lat' dir='ltr'><strong>meae</strong></span> <span class='ocrx_word' id='word_1_291' title='bbox 2368 2875 2682 2939; x_wconf 89' lang='lat' dir='ltr'><strong>rationem</strong></span> <span class='ocrx_word' id='word_1_292' title='bbox 2754 2888 2886 2935; x_wconf 87' lang='lat' dir='ltr'><strong>non</strong></span> <span class='ocrx_word' id='word_1_293' title='bbox 2951 2871 3363 2934; x_wconf 87' lang='lat' dir='ltr'><strong>reddiderim.</strong></span> <span class='ocrx_word' id='word_1_294' title='bbox 3426 2869 3670 2929; x_wconf 87' lang='lat' dir='ltr'><strong>Emen-</strong></span> 
     </span>
    </p>
   </div>
   <div class='ocr_carea' id='block_1_28' title="bbox 419 2962 3667 3055">
    <p class='ocr_par' dir='ltr' id='par_1_28' title="bbox 419 2962 3667 3055">
     <span class='ocr_line' id='line_1_28' title="bbox 419 2962 3667 3055; baseline 0.002 -34"><span class='ocrx_word' id='word_1_295' title='bbox 419 2962 703 3024; x_wconf 86' lang='lat' dir='ltr'><strong>dationis</strong></span> <span class='ocrx_word' id='word_1_296' title='bbox 756 2981 902 3044; x_wconf 88' lang='lat' dir='ltr'><strong>pars</strong></span> <span class='ocrx_word' id='word_1_297' title='bbox 955 2976 1051 3030; x_wconf 92' lang='lat' dir='ltr'><strong>est</strong></span> <span class='ocrx_word' id='word_1_298' title='bbox 1106 2987 1235 3033; x_wconf 90' lang='lat' dir='ltr'><strong>non</strong></span> <span class='ocrx_word' id='word_1_299' title='bbox 1286 2980 1643 3049; x_wconf 89' lang='lat' dir='ltr'><strong>postrema,</strong></span> <span class='ocrx_word' id='word_1_300' title='bbox 1699 2975 2033 3037; x_wconf 73' lang='lat' dir='ltr'><strong>distinctio</strong></span> <span class='ocrx_word' id='word_1_301' title='bbox 2089 2975 2227 3040; x_wconf 88' lang='lat' dir='ltr'><strong>sive</strong></span> <span class='ocrx_word' id='word_1_302' title='bbox 2277 2976 2750 3055; x_wconf 85' lang='lat' dir='ltr'><strong>interpunctio,</strong></span> <span class='ocrx_word' id='word_1_303' title='bbox 2796 2975 2876 3035; x_wconf 90' lang='lat' dir='ltr'><strong>de</strong></span> <span class='ocrx_word' id='word_1_304' title='bbox 2935 2990 3059 3049; x_wconf 89' lang='lat' dir='ltr'><strong>qua</strong></span> <span class='ocrx_word' id='word_1_305' title='bbox 3112 2970 3404 3033; x_wconf 89' lang='lat' dir='ltr'><strong>nonnihil</strong></span> <span class='ocrx_word' id='word_1_306' title='bbox 3466 2988 3499 3031; x_wconf 91' lang='lat' dir='ltr'><strong>a</strong></span> <span class='ocrx_word' id='word_1_307' title='bbox 3565 2983 3667 3028; x_wconf 82' lang='lat' dir='ltr'><strong>me</strong></span> 
     </span>
    </p>
   </div>
   <div class='ocr_carea' id='block_1_29' title="bbox 417 3062 3666 3154">
    <p class='ocr_par' dir='ltr' id='par_1_29' title="bbox 417 3062 3666 3154">
     <span class='ocr_line' id='line_1_29' title="bbox 417 3062 3666 3154; baseline 0.002 -31"><span class='ocrx_word' id='word_1_308' title='bbox 417 3062 762 3125; x_wconf 84' lang='lat' dir='ltr'><strong>dicendum</strong></span> <span class='ocrx_word' id='word_1_309' title='bbox 798 3073 918 3141; x_wconf 91' lang='lat' dir='ltr'><strong>est,</strong></span> <span class='ocrx_word' id='word_1_310' title='bbox 956 3084 1037 3129; x_wconf 87' lang='lat' dir='ltr'><strong>ne</strong></span> <span class='ocrx_word' id='word_1_311' title='bbox 1069 3069 1234 3132; x_wconf 81' lang='lat' dir='ltr'><strong>forte</strong></span> <span class='ocrx_word' id='word_1_312' title='bbox 1269 3074 1538 3137; x_wconf 90' lang='lat' dir='ltr'><strong>lectores</strong></span> <span class='ocrx_word' id='word_1_313' title='bbox 1572 3091 1739 3136; x_wconf 87' lang='lat' dir='ltr'><strong>novo</strong></span> <span class='ocrx_word' id='word_1_314' title='bbox 1774 3076 2321 3154; x_wconf 83' lang='lat' dir='ltr'><strong>interpunctionis</strong></span> <span class='ocrx_word' id='word_1_315' title='bbox 2354 3092 2588 3154; x_wconf 83' lang='lat' dir='ltr'><strong>genere</strong></span> <span class='ocrx_word' id='word_1_316' title='bbox 2621 3074 2796 3153; x_wconf 92' lang='lat' dir='ltr'><strong>quod</strong></span> <span class='ocrx_word' id='word_1_317' title='bbox 2835 3073 2895 3134; x_wconf 89' lang='lat' dir='ltr'><strong>in</strong></span> <span class='ocrx_word' id='word_1_318' title='bbox 2926 3073 3086 3135; x_wconf 89' lang='lat' dir='ltr'><strong>hanc</strong></span> <span class='ocrx_word' id='word_1_319' title='bbox 3120 3070 3466 3133; x_wconf 89' lang='lat' dir='ltr'><strong>editionem</strong></span> <span class='ocrx_word' id='word_1_320' title='bbox 3497 3088 3530 3130; x_wconf 89' lang='lat' dir='ltr'><strong>a</strong></span> <span class='ocrx_word' id='word_1_321' title='bbox 3565 3084 3666 3128; x_wconf 86' lang='lat' dir='ltr'><strong>me</strong></span> 
     </span>
    </p>
   </div>
   <div class='ocr_carea' id='block_1_30' title="bbox 419 3165 3661 3254">
    <p class='ocr_par' dir='ltr' id='par_1_30' title="bbox 419 3165 3661 3254">
     <span class='ocr_line' id='line_1_30' title="bbox 419 3165 3661 3254; baseline 0.002 -32"><span class='ocrx_word' id='word_1_322' title='bbox 419 3165 703 3241; x_wconf 88' lang='lat' dir='ltr'><strong>primum</strong></span> <span class='ocrx_word' id='word_1_323' title='bbox 740 3166 1064 3231; x_wconf 87' lang='lat' dir='ltr'><strong>invectum</strong></span> <span class='ocrx_word' id='word_1_324' title='bbox 1105 3178 1223 3243; x_wconf 88' lang='lat' dir='ltr'><strong>est,</strong></span> <span class='ocrx_word' id='word_1_325' title='bbox 1249 3175 1741 3237; x_wconf 88' lang='lat' dir='ltr'><strong>conturbentur.</strong></span> <span class='ocrx_word' id='word_1_326' title='bbox 1780 3175 2161 3254; x_wconf 85' lang='lat' dir='ltr'><strong>Quanquam</strong></span> <span class='ocrx_word' id='word_1_327' title='bbox 2195 3178 2249 3237; x_wconf 90' lang='lat' dir='ltr'><strong>si</strong></span> <span class='ocrx_word' id='word_1_328' title='bbox 2289 3174 2549 3254; x_wconf 88' lang='lat' dir='ltr'><strong>proprie</strong></span> <span class='ocrx_word' id='word_1_329' title='bbox 2585 3174 2760 3253; x_wconf 91' lang='lat' dir='ltr'><strong>loqui</strong></span> <span class='ocrx_word' id='word_1_330' title='bbox 2809 3174 3109 3245; x_wconf 85' lang='lat' dir='ltr'><strong>velimus,</strong></span> <span class='ocrx_word' id='word_1_331' title='bbox 3160 3186 3287 3231; x_wconf 91' lang='lat' dir='ltr'><strong>non</strong></span> <span class='ocrx_word' id='word_1_332' title='bbox 3324 3168 3385 3229; x_wconf 92' lang='lat' dir='ltr'><strong>id</strong></span> <span class='ocrx_word' id='word_1_333' title='bbox 3423 3185 3661 3228; x_wconf 88' lang='lat' dir='ltr'><strong>novum</strong></span> 
     </span>
    </p>
   </div>
   <div class='ocr_carea' id='block_1_31' title="bbox 417 3263 3663 3351">
    <p class='ocr_par' dir='ltr' id='par_1_31' title="bbox 417 3263 3663 3351">
     <span class='ocr_line' id='line_1_31' title="bbox 417 3263 3663 3351; baseline 0 -27"><span class='ocrx_word' id='word_1_334' title='bbox 417 3263 861 3325; x_wconf 86' lang='lat' dir='ltr'><strong>distinctionis</strong></span> <span class='ocrx_word' id='word_1_335' title='bbox 920 3283 1152 3344; x_wconf 62' lang='lat' dir='ltr'><strong>genus,</strong></span> <span class='ocrx_word' id='word_1_336' title='bbox 1207 3270 1317 3330; x_wconf 84' lang='lat' dir='ltr'><strong>sed</strong></span> <span class='ocrx_word' id='word_1_337' title='bbox 1372 3271 1885 3335; x_wconf 87' lang='lat' dir='ltr'><strong>vetustissimum</strong></span> <span class='ocrx_word' id='word_1_338' title='bbox 1944 3281 2065 3345; x_wconf 77' lang='lat' dir='ltr'><strong>est,</strong></span> <span class='ocrx_word' id='word_1_339' title='bbox 2100 3279 2162 3335; x_wconf 92' lang='lat' dir='ltr'><strong>et</strong></span> <span class='ocrx_word' id='word_1_340' title='bbox 2198 3273 2275 3335; x_wconf 88' lang='lat' dir='ltr'><strong>ab</strong></span> <span class='ocrx_word' id='word_1_341' title='bbox 2326 3271 2611 3351; x_wconf 88' lang='lat' dir='ltr'><strong>antiquis</strong></span> <span class='ocrx_word' id='word_1_342' title='bbox 2667 3270 2972 3331; x_wconf 92' lang='lat' dir='ltr'><strong>omnibus</strong></span> <span class='ocrx_word' id='word_1_343' title='bbox 3010 3276 3133 3330; x_wconf 89' lang='lat' dir='ltr'><strong>tam</strong></span> <span class='ocrx_word' id='word_1_344' title='bbox 3186 3266 3420 3327; x_wconf 77' lang='lat' dir='ltr'><strong>Graecis</strong></span> <span class='ocrx_word' id='word_1_345' title='bbox 3473 3282 3663 3344; x_wconf 91' lang='lat' dir='ltr'><strong>quam</strong></span> 
     </span>
    </p>
   </div>
   <div class='ocr_carea' id='block_1_32' title="bbox 417 3359 3668 3451">
    <p class='ocr_par' dir='ltr' id='par_1_32' title="bbox 417 3359 3668 3451">
     <span class='ocr_line' id='line_1_32' title="bbox 417 3359 3668 3451; baseline 0.002 -31"><span class='ocrx_word' id='word_1_346' title='bbox 417 3359 662 3422; x_wconf 88' lang='lat' dir='ltr'><strong>Latinis</strong></span> <span class='ocrx_word' id='word_1_347' title='bbox 700 3376 1080 3442; x_wconf 85' lang='lat' dir='ltr'><strong>usurpatum</strong></span> <span class='ocrx_word' id='word_1_348' title='bbox 1124 3389 1140 3429; x_wconf 91' lang='lat'><strong>:</strong></span> <span class='ocrx_word' id='word_1_349' title='bbox 1177 3371 1350 3439; x_wconf 90' lang='lat' dir='ltr'><strong>quod</strong></span> <span class='ocrx_word' id='word_1_350' title='bbox 1386 3371 1815 3433; x_wconf 89' lang='lat' dir='ltr'><strong>recentiorum</strong></span> <span class='ocrx_word' id='word_1_351' title='bbox 1854 3373 2240 3451; x_wconf 83' lang='lat' dir='ltr'><strong>negligentia</strong></span> <span class='ocrx_word' id='word_1_352' title='bbox 2273 3371 2528 3451; x_wconf 87' lang='lat' dir='ltr'><strong>penitus</strong></span> <span class='ocrx_word' id='word_1_353' title='bbox 2562 3370 2905 3441; x_wconf 89' lang='lat' dir='ltr'><strong>abolitum,</strong></span> <span class='ocrx_word' id='word_1_354' title='bbox 2944 3371 3059 3429; x_wconf 91' lang='lat' dir='ltr'><strong>hac</strong></span> <span class='ocrx_word' id='word_1_355' title='bbox 3083 3366 3365 3427; x_wconf 90' lang='lat' dir='ltr'><strong>editione</strong></span> <span class='ocrx_word' id='word_1_356' title='bbox 3396 3374 3668 3428; x_wconf 86' lang='lat' dir='ltr'><strong>conatus</strong></span> 
     </span>
    </p>
   </div>
   <div class='ocr_carea' id='block_1_33' title="bbox 415 3460 3666 3548">
    <p class='ocr_par' dir='ltr' id='par_1_33' title="bbox 415 3460 3666 3548">
     <span class='ocr_line' id='line_1_33' title="bbox 415 3460 3666 3548; baseline 0.002 -29"><span class='ocrx_word' id='word_1_357' title='bbox 415 3473 560 3519; x_wconf 90' lang='lat' dir='ltr'><strong>sum</strong></span> <span class='ocrx_word' id='word_1_358' title='bbox 594 3460 815 3520; x_wconf 87' lang='lat' dir='ltr'><strong>saltem</strong></span> <span class='ocrx_word' id='word_1_359' title='bbox 859 3478 937 3522; x_wconf 83' lang='lat' dir='ltr'><strong>ex</strong></span> <span class='ocrx_word' id='word_1_360' title='bbox 971 3471 1147 3542; x_wconf 82' lang='lat' dir='ltr'><strong>parte</strong></span> <span class='ocrx_word' id='word_1_361' title='bbox 1183 3484 1501 3530; x_wconf 84' lang='lat' dir='ltr'><strong>revocare.</strong></span> <span class='ocrx_word' id='word_1_362' title='bbox 1535 3469 1732 3531; x_wconf 88' lang='lat' dir='ltr'><strong>Prisci</strong></span> <span class='ocrx_word' id='word_1_363' title='bbox 1776 3471 2039 3548; x_wconf 89' lang='lat' dir='ltr'><strong>quidem</strong></span> <span class='ocrx_word' id='word_1_364' title='bbox 2087 3471 2207 3542; x_wconf 89' lang='lat' dir='ltr'><strong>illi,</strong></span> <span class='ocrx_word' id='word_1_365' title='bbox 2241 3488 2464 3532; x_wconf 88' lang='lat' dir='ltr'><strong>recens</strong></span> <span class='ocrx_word' id='word_1_366' title='bbox 2513 3479 2646 3534; x_wconf 91' lang='lat' dir='ltr'><strong>tum</strong></span> <span class='ocrx_word' id='word_1_367' title='bbox 2681 3468 2965 3530; x_wconf 91' lang='lat' dir='ltr'><strong>inventis</strong></span> <span class='ocrx_word' id='word_1_368' title='bbox 3014 3466 3371 3529; x_wconf 90' lang='lat' dir='ltr'><strong>litterarum</strong></span> <span class='ocrx_word' id='word_1_369' title='bbox 3420 3465 3666 3542; x_wconf 79' lang='lat' dir='ltr'><strong>figuris,</strong></span> 
     </span>
    </p>
   </div>
   <div class='ocr_carea' id='block_1_34' title="bbox 423 3559 3666 3642">
    <p class='ocr_par' dir='ltr' id='par_1_34' title="bbox 423 3559 3666 3642">
     <span class='ocr_line' id='line_1_34' title="bbox 423 3559 3666 3642; baseline 0.004 -28"><span class='ocrx_word' id='word_1_370' title='bbox 423 3573 551 3618; x_wconf 80' lang='lat' dir='ltr'><strong>uno</strong></span> <span class='ocrx_word' id='word_1_371' title='bbox 608 3566 828 3620; x_wconf 82' lang='lat' dir='ltr'><strong>tenore</strong></span> <span class='ocrx_word' id='word_1_372' title='bbox 875 3559 1015 3622; x_wconf 89' lang='lat' dir='ltr'><strong>sine</strong></span> <span class='ocrx_word' id='word_1_373' title='bbox 1064 3562 1192 3623; x_wconf 91' lang='lat' dir='ltr'><strong>ulla</strong></span> <span class='ocrx_word' id='word_1_374' title='bbox 1243 3582 1507 3641; x_wconf 86' lang='lat' dir='ltr'><strong>prorsus</strong></span> <span class='ocrx_word' id='word_1_375' title='bbox 1554 3566 1973 3628; x_wconf 89' lang='lat' dir='ltr'><strong>distinctione</strong></span> <span class='ocrx_word' id='word_1_376' title='bbox 2018 3569 2406 3631; x_wconf 90' lang='lat' dir='ltr'><strong>scribebant.</strong></span> <span class='ocrx_word' id='word_1_377' title='bbox 2454 3568 2611 3642; x_wconf 74' lang='lat' dir='ltr'><strong>Quae</strong></span> <span class='ocrx_word' id='word_1_378' title='bbox 2660 3585 2764 3630; x_wconf 90' lang='lat' dir='ltr'><strong>res</strong></span> <span class='ocrx_word' id='word_1_379' title='bbox 2820 3583 2964 3628; x_wconf 90' lang='lat' dir='ltr'><strong>cum</strong></span> <span class='ocrx_word' id='word_1_380' title='bbox 3023 3567 3366 3629; x_wconf 77' lang='lat' dir='ltr'><strong>maximam</strong></span> <span class='ocrx_word' id='word_1_381' title='bbox 3419 3574 3550 3627; x_wconf 91' lang='lat' dir='ltr'><strong>tum</strong></span> <span class='ocrx_word' id='word_1_382' title='bbox 3600 3565 3666 3628; x_wconf 91' lang='lat' dir='ltr'><strong>in</strong></span> 
     </span>
    </p>
   </div>
   <div class='ocr_carea' id='block_1_35' title="bbox 417 3653 3663 3749">
    <p class='ocr_par' dir='ltr' id='par_1_35' title="bbox 417 3653 3663 3749">
     <span class='ocr_line' id='line_1_35' title="bbox 417 3653 3663 3749; baseline 0.003 -33"><span class='ocrx_word' id='word_1_383' title='bbox 417 3653 697 3734; x_wconf 83' lang='lat' dir='ltr'><strong>legendo</strong></span> <span class='ocrx_word' id='word_1_384' title='bbox 728 3668 859 3719; x_wconf 88' lang='lat' dir='ltr'><strong>tum</strong></span> <span class='ocrx_word' id='word_1_385' title='bbox 897 3659 964 3719; x_wconf 93' lang='lat' dir='ltr'><strong>in</strong></span> <span class='ocrx_word' id='word_1_386' title='bbox 1001 3664 1478 3740; x_wconf 79' lang='lat' dir='ltr'><strong>pronuntiando</strong></span> <span class='ocrx_word' id='word_1_387' title='bbox 1511 3666 1777 3728; x_wconf 83' lang='lat' dir='ltr'><strong>haberet</strong></span> <span class='ocrx_word' id='word_1_388' title='bbox 1808 3667 2280 3741; x_wconf 81' lang='lat' dir='ltr'><strong>ditlicultatem,</strong></span> <span class='ocrx_word' id='word_1_389' title='bbox 2311 3676 2560 3733; x_wconf 89' lang='lat' dir='ltr'><strong>veteres</strong></span> <span class='ocrx_word' id='word_1_390' title='bbox 2595 3666 2992 3749; x_wconf 87' lang='lat' dir='ltr'><strong>grammatici</strong></span> <span class='ocrx_word' id='word_1_391' title='bbox 3030 3674 3159 3728; x_wconf 91' lang='lat' dir='ltr'><strong>tres</strong></span> <span class='ocrx_word' id='word_1_392' title='bbox 3195 3666 3516 3743; x_wconf 91' lang='lat' dir='ltr'><strong>posituras</strong></span> <span class='ocrx_word' id='word_1_393' title='bbox 3548 3683 3663 3725; x_wconf 86' lang='lat' dir='ltr'><strong>seu</strong></span> 
     </span>
    </p>
   </div>
   <div class='ocr_carea' id='block_1_36' title="bbox 419 3757 3666 3847">
    <p class='ocr_par' dir='ltr' id='par_1_36' title="bbox 419 3757 3666 3847">
     <span class='ocr_line' id='line_1_36' title="bbox 419 3757 3666 3847; baseline 0.002 -32"><span class='ocrx_word' id='word_1_394' title='bbox 419 3757 873 3819; x_wconf 89' lang='lat' dir='ltr'><strong>distinctiones</strong></span> <span class='ocrx_word' id='word_1_395' title='bbox 906 3761 1377 3838; x_wconf 81' lang='lat' dir='ltr'><strong>exc0gitarunt,</strong></span> <span class='ocrx_word' id='word_1_396' title='bbox 1417 3764 1656 3843; x_wconf 90' lang='lat' dir='ltr'><strong>quibus</strong></span> <span class='ocrx_word' id='word_1_397' title='bbox 1701 3766 1879 3845; x_wconf 89' lang='lat' dir='ltr'><strong>quasi</strong></span> <span class='ocrx_word' id='word_1_398' title='bbox 1915 3767 2301 3830; x_wconf 84' lang='lat' dir='ltr'><strong>stationibus</strong></span> <span class='ocrx_word' id='word_1_399' title='bbox 2349 3770 2735 3847; x_wconf 90' lang='lat' dir='ltr'><strong>quibusdam</strong></span> <span class='ocrx_word' id='word_1_400' title='bbox 2791 3784 2862 3829; x_wconf 90' lang='lat' dir='ltr'><strong>ac</strong></span> <span class='ocrx_word' id='word_1_401' title='bbox 2892 3764 3267 3827; x_wconf 88' lang='lat' dir='ltr'><strong>diversoriis</strong></span> <span class='ocrx_word' id='word_1_402' title='bbox 3314 3763 3666 3824; x_wconf 91' lang='lat' dir='ltr'><strong>continuus</strong></span> 
     </span>
    </p>
   </div>
   <div class='ocr_carea' id='block_1_37' title="bbox 419 3855 3670 3944">
    <p class='ocr_par' dir='ltr' id='par_1_37' title="bbox 419 3855 3670 3944">
     <span class='ocr_line' id='line_1_37' title="bbox 419 3855 3670 3944; baseline 0.002 -32"><span class='ocrx_word' id='word_1_403' title='bbox 419 3855 733 3916; x_wconf 88' lang='lat' dir='ltr'><strong>orationis</strong></span> <span class='ocrx_word' id='word_1_404' title='bbox 787 3873 1014 3918; x_wconf 91' lang='lat' dir='ltr'><strong>cursus</strong></span> <span class='ocrx_word' id='word_1_405' title='bbox 1065 3858 1599 3936; x_wconf 86' lang='lat' dir='ltr'><strong>distingueretur.</strong></span> <span class='ocrx_word' id='word_1_406' title='bbox 1670 3861 1941 3922; x_wconf 87' lang='lat' dir='ltr'><strong>Primam</strong></span> <span class='ocrx_word' id='word_1_407' title='bbox 2003 3869 2308 3925; x_wconf 90' lang='lat' dir='ltr'><strong>vocarunt</strong></span> <span class='ocrx_word' id='word_1_408' title='bbox 2363 3868 2736 3944; x_wconf 76' lang='grc' dir='ltr'><strong>ὑποστιγμήν,</strong></span> <span class='ocrx_word' id='word_1_409' title='bbox 2786 3863 2849 3924; x_wconf 87' lang='lat' dir='ltr'><strong>id</strong></span> <span class='ocrx_word' id='word_1_410' title='bbox 2894 3874 2989 3927; x_wconf 85' lang='lat' dir='ltr'><strong>est</strong></span> <span class='ocrx_word' id='word_1_411' title='bbox 3042 3862 3670 3927; x_wconf 81' lang='lat' dir='ltr'><strong>subdistinctionem;</strong></span> 
     </span>
    </p>
   </div>
   <div class='ocr_carea' id='block_1_38' title="bbox 418 3954 2058 4044">
    <p class='ocr_par' dir='ltr' id='par_1_38' title="bbox 418 3954 2058 4036">
     <span class='ocr_line' id='line_1_38' title="bbox 418 3954 2058 4036; baseline 0.005 -23"><span class='ocrx_word' id='word_1_412' title='bbox 418 3954 682 4015; x_wconf 79' lang='lat' dir='ltr'><strong>alteram</strong></span> <span class='ocrx_word' id='word_1_413' title='bbox 712 3964 905 4036; x_wconf 76' lang='grc' dir='ltr'><strong>μέσην,</strong></span> <span class='ocrx_word' id='word_1_414' title='bbox 943 3957 1007 4017; x_wconf 89' lang='lat' dir='ltr'><strong>id</strong></span> <span class='ocrx_word' id='word_1_415' title='bbox 1041 3965 1160 4031; x_wconf 91' lang='lat' dir='ltr'><strong>est,</strong></span> <span class='ocrx_word' id='word_1_416' title='bbox 1194 3958 1453 4018; x_wconf 84' lang='lat' dir='ltr'><strong>mediam</strong></span> <span class='ocrx_word' id='word_1_417' title='bbox 1481 3958 1984 4029; x_wconf 83' lang='lat' dir='ltr'><strong>distinctionem;</strong></span> <span class='ocrx_word' id='word_1_418' title='bbox 2019 3967 2058 4022; x_wconf 80' lang='lat' dir='ltr'><strong>tt</strong></span> 
     </span>
    </p>
   </div>
   <div class='ocr_carea' id='block_1_39' title="bbox 2030 3954 3670 4044">
    <p class='ocr_par' dir='ltr' id='par_1_39' title="bbox 2030 3961 3670 4044">
     <span class='ocr_line' id='line_1_39' title="bbox 2030 3961 3670 4044; baseline -0.003 -22"><span class='ocrx_word' id='word_1_419' title='bbox 2030 3962 2271 4024; x_wconf 67' lang='lat' dir='ltr'><strong>tertiam</strong></span> <span class='ocrx_word' id='word_1_420' title='bbox 2301 3970 2501 4023; x_wconf 71' lang='grc' dir='ltr'><strong>τελείαν</strong></span> <span class='ocrx_word' id='word_1_421' title='bbox 2524 3973 2774 4044; x_wconf 79' lang='grc' dir='ltr'><strong>στιγμήν,</strong></span> <span class='ocrx_word' id='word_1_422' title='bbox 2801 3962 2866 4024; x_wconf 79' lang='lat' dir='ltr'><strong>id</strong></span> <span class='ocrx_word' id='word_1_423' title='bbox 2898 3969 2991 4024; x_wconf 93' lang='lat' dir='ltr'><strong>est</strong></span> <span class='ocrx_word' id='word_1_424' title='bbox 3020 3963 3262 4043; x_wconf 80' lang='lat' dir='ltr'><strong>ﬁnalem</strong></span> <span class='ocrx_word' id='word_1_425' title='bbox 3290 3978 3401 4022; x_wconf 90' lang='lat' dir='ltr'><strong>seu</strong></span> <span class='ocrx_word' id='word_1_426' title='bbox 3427 3961 3670 4038; x_wconf 80' lang='lat' dir='ltr'><strong>plenam</strong></span> 
     </span>
    </p>
   </div>
   <div class='ocr_carea' id='block_1_40' title="bbox 416 4050 3671 4141">
    <p class='ocr_par' dir='ltr' id='par_1_40' title="bbox 416 4050 3671 4141">
     <span class='ocr_line' id='line_1_40' title="bbox 416 4050 3671 4141; baseline 0.002 -27"><span class='ocrx_word' id='word_1_427' title='bbox 416 4050 902 4120; x_wconf 75' lang='lat' dir='ltr'><strong>distinctionem.</strong></span> <span class='ocrx_word' id='word_1_428' title='bbox 938 4058 1175 4119; x_wconf 90' lang='lat' dir='ltr'><strong>Tribus</strong></span> <span class='ocrx_word' id='word_1_429' title='bbox 1211 4066 1422 4121; x_wconf 89' lang='lat' dir='ltr'><strong>autem</strong></span> <span class='ocrx_word' id='word_1_430' title='bbox 1461 4061 1714 4140; x_wconf 89' lang='lat' dir='ltr'><strong>punctis</strong></span> <span class='ocrx_word' id='word_1_431' title='bbox 1744 4061 2001 4123; x_wconf 89' lang='lat' dir='ltr'><strong>diverso</strong></span> <span class='ocrx_word' id='word_1_432' title='bbox 2038 4061 2169 4123; x_wconf 89' lang='lat' dir='ltr'><strong>situ</strong></span> <span class='ocrx_word' id='word_1_433' title='bbox 2205 4062 2535 4141; x_wconf 88' lang='lat' dir='ltr'><strong>dispositis</strong></span> <span class='ocrx_word' id='word_1_434' title='bbox 2569 4063 2861 4141; x_wconf 81' lang='lat' dir='ltr'><strong>singulas</strong></span> <span class='ocrx_word' id='word_1_435' title='bbox 2901 4064 3311 4123; x_wconf 89' lang='lat' dir='ltr'><strong>notaverunt.</strong></span> <span class='ocrx_word' id='word_1_436' title='bbox 3348 4059 3671 4121; x_wconf 81' lang='lat' dir='ltr'><strong>Punctum</strong></span> 
     </span>
    </p>
   </div>
   <div class='ocr_carea' id='block_1_41' title="bbox 423 4160 3671 4243">
    <p class='ocr_par' dir='ltr' id='par_1_41' title="bbox 423 4160 3671 4243">
     <span class='ocr_line' id='line_1_41' title="bbox 423 4160 3671 4243; baseline 0.003 -27"><span class='ocrx_word' id='word_1_437' title='bbox 423 4160 595 4219; x_wconf 88' lang='lat' dir='ltr'><strong>enim</strong></span> <span class='ocrx_word' id='word_1_438' title='bbox 629 4162 703 4221; x_wconf 92' lang='lat' dir='ltr'><strong>ad</strong></span> <span class='ocrx_word' id='word_1_439' title='bbox 742 4161 934 4223; x_wconf 90' lang='lat' dir='ltr'><strong>imam</strong></span> <span class='ocrx_word' id='word_1_440' title='bbox 965 4162 1241 4224; x_wconf 89' lang='lat' dir='ltr'><strong>litteram</strong></span> <span class='ocrx_word' id='word_1_441' title='bbox 1271 4162 1634 4239; x_wconf 86' lang='lat' dir='ltr'><strong>appositum</strong></span> <span class='ocrx_word' id='word_1_442' title='bbox 1668 4162 2285 4227; x_wconf 90' lang='lat' dir='ltr'><strong>subdistinctionem</strong></span> <span class='ocrx_word' id='word_1_443' title='bbox 2318 4165 2656 4243; x_wconf 88' lang='lat' dir='ltr'><strong>designat;</strong></span> <span class='ocrx_word' id='word_1_444' title='bbox 2692 4167 2896 4227; x_wconf 89' lang='lat' dir='ltr'><strong>media</strong></span> <span class='ocrx_word' id='word_1_445' title='bbox 2927 4181 3079 4227; x_wconf 85' lang='lat' dir='ltr'><strong>vero</strong></span> <span class='ocrx_word' id='word_1_446' title='bbox 3107 4161 3443 4223; x_wconf 89' lang='lat' dir='ltr'><strong>distinctio</strong></span> <span class='ocrx_word' id='word_1_447' title='bbox 3476 4176 3671 4238; x_wconf 87' lang='lat' dir='ltr'><strong>quam</strong></span> 
     </span>
    </p>
   </div>
   <div class='ocr_carea' id='block_1_42' title="bbox 420 4259 3673 4342">
    <p class='ocr_par' dir='ltr' id='par_1_42' title="bbox 420 4259 3673 4342">
     <span class='ocr_line' id='line_1_42' title="bbox 420 4259 3673 4342; baseline -0.001 -22"><span class='ocrx_word' id='word_1_448' title='bbox 420 4259 630 4322; x_wconf 91' lang='lat' dir='ltr'><strong>Latini</strong></span> <span class='ocrx_word' id='word_1_449' title='bbox 689 4278 929 4324; x_wconf 90' lang='lat' dir='ltr'><strong>moram</strong></span> <span class='ocrx_word' id='word_1_450' title='bbox 981 4263 1413 4342; x_wconf 84' lang='lat' dir='ltr'><strong>appellarunt,</strong></span> <span class='ocrx_word' id='word_1_451' title='bbox 1471 4264 1871 4340; x_wconf 81' lang='lat' dir='ltr'><strong>signiﬁcatur</strong></span> <span class='ocrx_word' id='word_1_452' title='bbox 1919 4270 2155 4342; x_wconf 91' lang='lat' dir='ltr'><strong>puncto</strong></span> <span class='ocrx_word' id='word_1_453' title='bbox 2193 4266 2272 4328; x_wconf 84' lang='lat' dir='ltr'><strong>ad</strong></span> <span class='ocrx_word' id='word_1_454' title='bbox 2326 4268 2604 4329; x_wconf 90' lang='lat' dir='ltr'><strong>mediam</strong></span> <span class='ocrx_word' id='word_1_455' title='bbox 2657 4266 2928 4329; x_wconf 90' lang='lat' dir='ltr'><strong>litteram</strong></span> <span class='ocrx_word' id='word_1_456' title='bbox 2976 4264 3191 4328; x_wconf 76' lang='lat' dir='ltr'><strong>atiixo.</strong></span> <span class='ocrx_word' id='word_1_457' title='bbox 3245 4262 3409 4323; x_wconf 85' lang='lat' dir='ltr'><strong>Illud</strong></span> <span class='ocrx_word' id='word_1_458' title='bbox 3457 4267 3673 4322; x_wconf 89' lang='lat' dir='ltr'><strong>autem</strong></span> 
     </span>
    </p>
   </div>
   <div class='ocr_carea' id='block_1_43' title="bbox 420 4361 3673 4443">
    <p class='ocr_par' dir='ltr' id='par_1_43' title="bbox 420 4361 3673 4443">
     <span class='ocr_line' id='line_1_43' title="bbox 420 4361 3673 4443; baseline -0.002 -21"><span class='ocrx_word' id='word_1_459' title='bbox 420 4372 759 4441; x_wconf 88' lang='lat' dir='ltr'><strong>punctum,</strong></span> <span class='ocrx_word' id='word_1_460' title='bbox 800 4362 972 4443; x_wconf 90' lang='lat' dir='ltr'><strong>quod</strong></span> <span class='ocrx_word' id='word_1_461' title='bbox 1004 4361 1079 4424; x_wconf 91' lang='lat' dir='ltr'><strong>ad</strong></span> <span class='ocrx_word' id='word_1_462' title='bbox 1118 4369 1307 4440; x_wconf 89' lang='lat' dir='ltr'><strong>caput</strong></span> <span class='ocrx_word' id='word_1_463' title='bbox 1340 4361 1568 4423; x_wconf 61' lang='lat' dir='ltr'><strong>litterae</strong></span> <span class='ocrx_word' id='word_1_464' title='bbox 1604 4364 1972 4441; x_wconf 84' lang='lat' dir='ltr'><strong>apponitur,</strong></span> <span class='ocrx_word' id='word_1_465' title='bbox 2012 4363 2268 4426; x_wconf 81' lang='lat' dir='ltr'><strong>ﬁnalem</strong></span> <span class='ocrx_word' id='word_1_466' title='bbox 2322 4365 2585 4427; x_wconf 90' lang='lat' dir='ltr'><strong>denotat</strong></span> <span class='ocrx_word' id='word_1_467' title='bbox 2628 4362 3139 4426; x_wconf 81' lang='lat' dir='ltr'><strong>distinctionem.</strong></span> <span class='ocrx_word' id='word_1_468' title='bbox 3186 4363 3423 4421; x_wconf 86' lang='lat' dir='ltr'><strong>Harum</strong></span> <span class='ocrx_word' id='word_1_469' title='bbox 3456 4368 3673 4419; x_wconf 62' lang='lat' dir='ltr'><strong>autem</strong></span> 
     </span>
    </p>
   </div>
   <div class='ocr_carea' id='block_1_44' title="bbox 422 4458 3674 4545">
    <p class='ocr_par' dir='ltr' id='par_1_44' title="bbox 422 4458 3674 4545">
     <span class='ocr_line' id='line_1_44' title="bbox 422 4458 3674 4545; baseline -0.004 -18"><span class='ocrx_word' id='word_1_470' title='bbox 422 4465 910 4528; x_wconf 88' lang='lat' dir='ltr'><strong>distinctionum</strong></span> <span class='ocrx_word' id='word_1_471' title='bbox 943 4481 1088 4543; x_wconf 59' lang='lat' dir='ltr'><strong>quas</strong></span> <span class='ocrx_word' id='word_1_472' title='bbox 1116 4462 1198 4525; x_wconf 91' lang='lat' dir='ltr'><strong>sit</strong></span> <span class='ocrx_word' id='word_1_473' title='bbox 1235 4462 1333 4523; x_wconf 89' lang='lat' dir='ltr'><strong>vis</strong></span> <span class='ocrx_word' id='word_1_474' title='bbox 1383 4482 1455 4525; x_wconf 91' lang='lat' dir='ltr'><strong>ac</strong></span> <span class='ocrx_word' id='word_1_475' title='bbox 1494 4463 1675 4537; x_wconf 86' lang='lat' dir='ltr'><strong>ratio,</strong></span> <span class='ocrx_word' id='word_1_476' title='bbox 1724 4465 1954 4527; x_wconf 86' lang='lat' dir='ltr'><strong>docent</strong></span> <span class='ocrx_word' id='word_1_477' title='bbox 1984 4466 2423 4545; x_wconf 88' lang='lat' dir='ltr'><strong>grammatici,</strong></span> <span class='ocrx_word' id='word_1_478' title='bbox 2485 4468 2768 4527; x_wconf 86' lang='lat' dir='ltr'><strong>Donatus</strong></span> <span class='ocrx_word' id='word_1_479' title='bbox 2801 4470 2861 4525; x_wconf 89' lang='lat' dir='ltr'><strong>et</strong></span> <span class='ocrx_word' id='word_1_480' title='bbox 2895 4461 3136 4524; x_wconf 85' lang='lat' dir='ltr'><strong>Marius</strong></span> <span class='ocrx_word' id='word_1_481' title='bbox 3173 4458 3571 4530; x_wconf 87' lang='lat' dir='ltr'><strong>Victorinus,</strong></span> <span class='ocrx_word' id='word_1_482' title='bbox 3610 4461 3674 4516; x_wconf 86' lang='lat' dir='ltr'><strong>et</strong></span> 
     </span>
    </p>
   </div>
   <div class='ocr_carea' id='block_1_45' title="bbox 419 4560 3676 4643">
    <p class='ocr_par' dir='ltr' id='par_1_45' title="bbox 419 4560 3676 4643">
     <span class='ocr_line' id='line_1_45' title="bbox 419 4560 3676 4643; baseline -0.002 -16"><span class='ocrx_word' id='word_1_483' title='bbox 419 4566 767 4628; x_wconf 87' lang='lat' dir='ltr'><strong>Diomedes</strong></span> <span class='ocrx_word' id='word_1_484' title='bbox 796 4565 863 4627; x_wconf 89' lang='lat' dir='ltr'><strong>in</strong></span> <span class='ocrx_word' id='word_1_485' title='bbox 894 4566 1007 4628; x_wconf 92' lang='lat' dir='ltr'><strong>lib.</strong></span> <span class='ocrx_word' id='word_1_486' title='bbox 1041 4583 1115 4634; x_wconf 84' lang='grc' dir='ltr'>ιι.</span> <span class='ocrx_word' id='word_1_487' title='bbox 1143 4564 1255 4643; x_wconf 88' lang='lat' dir='ltr'><strong>qui</strong></span> <span class='ocrx_word' id='word_1_488' title='bbox 1285 4582 1454 4627; x_wconf 91' lang='lat' dir='ltr'><strong>unus</strong></span> <span class='ocrx_word' id='word_1_489' title='bbox 1492 4566 1697 4627; x_wconf 90' lang='lat' dir='ltr'><strong>instar</strong></span> <span class='ocrx_word' id='word_1_490' title='bbox 1729 4568 2019 4630; x_wconf 89' lang='lat' dir='ltr'><strong>omnium</strong></span> <span class='ocrx_word' id='word_1_491' title='bbox 2060 4569 2248 4632; x_wconf 90' lang='lat' dir='ltr'><strong>nobis</strong></span> <span class='ocrx_word' id='word_1_492' title='bbox 2287 4571 2406 4632; x_wconf 90' lang='lat' dir='ltr'><strong>erit</strong></span> <span class='ocrx_word' id='word_1_493' title='bbox 2442 4569 2561 4630; x_wconf 90' lang='lat' dir='ltr'><strong>hoc</strong></span> <span class='ocrx_word' id='word_1_494' title='bbox 2598 4569 2764 4629; x_wconf 90' lang='lat' dir='ltr'><strong>loco.</strong></span> <span class='ocrx_word' id='word_1_495' title='bbox 2802 4590 2830 4624; x_wconf 86' lang='grc'><strong>‹‹</strong></span> <span class='ocrx_word' id='word_1_496' title='bbox 2868 4563 3187 4636; x_wconf 91' lang='lat' dir='ltr'><strong>Lectioni,</strong></span> <span class='ocrx_word' id='word_1_497' title='bbox 3216 4562 3457 4641; x_wconf 89' lang='lat' dir='ltr'><strong>inquit,</strong></span> <span class='ocrx_word' id='word_1_498' title='bbox 3500 4560 3676 4640; x_wconf 90' lang='lat' dir='ltr'><strong>posi-</strong></span> 
     </span>
    </p>
   </div>
   <div class='ocr_carea' id='block_1_46' title="bbox 422 4662 3672 4746">
    <p class='ocr_par' dir='ltr' id='par_1_46' title="bbox 422 4662 3672 4746">
     <span class='ocr_line' id='line_1_46' title="bbox 422 4662 3672 4746; baseline 0 -22"><span class='ocrx_word' id='word_1_499' title='bbox 422 4672 598 4726; x_wconf 89' lang='lat' dir='ltr'><strong>turas</strong></span> <span class='ocrx_word' id='word_1_500' title='bbox 629 4667 928 4727; x_wconf 84' lang='lat' dir='ltr'><strong>accedere</strong></span> <span class='ocrx_word' id='word_1_501' title='bbox 981 4664 1076 4724; x_wconf 91' lang='lat' dir='ltr'><strong>vel</strong></span> <span class='ocrx_word' id='word_1_502' title='bbox 1129 4663 1580 4726; x_wconf 87' lang='lat' dir='ltr'><strong>distinctiones</strong></span> <span class='ocrx_word' id='word_1_503' title='bbox 1635 4676 1911 4743; x_wconf 86' lang='lat' dir='ltr'><strong>oportet,</strong></span> <span class='ocrx_word' id='word_1_504' title='bbox 1962 4687 2124 4746; x_wconf 89' lang='lat' dir='ltr'><strong>quas</strong></span> <span class='ocrx_word' id='word_1_505' title='bbox 2166 4668 2366 4731; x_wconf 62' lang='lat' dir='ltr'><strong>Graeci</strong></span> <span class='ocrx_word' id='word_1_506' title='bbox 2413 4675 2584 4736; x_wconf 74' lang='grc' dir='ltr'><strong>θέσεις</strong></span> <span class='ocrx_word' id='word_1_507' title='bbox 2637 4674 2904 4741; x_wconf 83' lang='lat' dir='ltr'><strong>vocant;</strong></span> <span class='ocrx_word' id='word_1_508' title='bbox 2936 4665 3280 4745; x_wconf 65' lang='lat' dir='ltr'><strong>quaeinter</strong></span> <span class='ocrx_word' id='word_1_509' title='bbox 3328 4662 3672 4742; x_wconf 83' lang='lat' dir='ltr'><strong>legendum</strong></span> 
     </span>
    </p>
   </div>
   <div class='ocr_carea' id='block_1_47' title="bbox 423 4756 3677 4844">
    <p class='ocr_par' dir='ltr' id='par_1_47' title="bbox 423 4756 3677 4844">
     <span class='ocr_line' id='line_1_47' title="bbox 423 4756 3677 4844; baseline 0 -21"><span class='ocrx_word' id='word_1_510' title='bbox 423 4767 572 4826; x_wconf 91' lang='lat' dir='ltr'><strong>dant</strong></span> <span class='ocrx_word' id='word_1_511' title='bbox 602 4764 851 4844; x_wconf 87' lang='lat' dir='ltr'><strong>c0piam</strong></span> <span class='ocrx_word' id='word_1_512' title='bbox 885 4765 1186 4842; x_wconf 91' lang='lat' dir='ltr'><strong>spiritum</strong></span> <span class='ocrx_word' id='word_1_513' title='bbox 1224 4764 1579 4837; x_wconf 84' lang='lat' dir='ltr'><strong>reficiendi,</strong></span> <span class='ocrx_word' id='word_1_514' title='bbox 1626 4783 1706 4828; x_wconf 92' lang='lat' dir='ltr'><strong>ne</strong></span> <span class='ocrx_word' id='word_1_515' title='bbox 1738 4756 2228 4833; x_wconf 75' lang='lat' dir='ltr'><strong>continuatione</strong></span> <span class='ocrx_word' id='word_1_516' title='bbox 2277 4770 2555 4833; x_wconf 81' lang='lat' dir='ltr'><strong>deﬁciat.</strong></span> <span class='ocrx_word' id='word_1_517' title='bbox 2586 4771 2701 4831; x_wconf 72' lang='lat' dir='ltr'><strong>Hm</strong></span> <span class='ocrx_word' id='word_1_518' title='bbox 2740 4776 2865 4830; x_wconf 88' lang='lat' dir='ltr'><strong>tres</strong></span> <span class='ocrx_word' id='word_1_519' title='bbox 2908 4777 3083 4841; x_wconf 88' lang='lat' dir='ltr'><strong>sunt,</strong></span> <span class='ocrx_word' id='word_1_520' title='bbox 3124 4764 3479 4836; x_wconf 86' lang='lat' dir='ltr'><strong>distinctio,</strong></span> <span class='ocrx_word' id='word_1_521' title='bbox 3513 4763 3677 4831; x_wconf 70' lang='lat' dir='ltr'><strong>sub:-</strong></span> 
     </span>
    </p>
   </div>
   <div class='ocr_carea' id='block_1_48' title="bbox 422 4864 3667 4948">
    <p class='ocr_par' dir='ltr' id='par_1_48' title="bbox 422 4864 3667 4948">
     <span class='ocr_line' id='line_1_48' title="bbox 422 4864 3667 4948; baseline -0.002 -22"><span class='ocrx_word' id='word_1_522' title='bbox 422 4866 781 4940; x_wconf 89' lang='lat' dir='ltr'><strong>distinctio,</strong></span> <span class='ocrx_word' id='word_1_523' title='bbox 820 4866 1031 4927; x_wconf 88' lang='lat' dir='ltr'><strong>media</strong></span> <span class='ocrx_word' id='word_1_524' title='bbox 1072 4864 1400 4927; x_wconf 88' lang='lat' dir='ltr'><strong>distinctio</strong></span> <span class='ocrx_word' id='word_1_525' title='bbox 1447 4866 1587 4927; x_wconf 84' lang='lat' dir='ltr'><strong>sive</strong></span> <span class='ocrx_word' id='word_1_526' title='bbox 1639 4884 1840 4939; x_wconf 85' lang='lat' dir='ltr'><strong>mera,</strong></span> <span class='ocrx_word' id='word_1_527' title='bbox 1896 4869 2021 4940; x_wconf 90' lang='lat' dir='ltr'><strong>vel,</strong></span> <span class='ocrx_word' id='word_1_528' title='bbox 2061 4876 2129 4930; x_wconf 90' lang='lat' dir='ltr'><strong>ut</strong></span> <span class='ocrx_word' id='word_1_529' title='bbox 2166 4869 2550 4948; x_wconf 89' lang='lat' dir='ltr'><strong>quibusdam</strong></span> <span class='ocrx_word' id='word_1_530' title='bbox 2601 4869 2890 4940; x_wconf 88' lang='lat' dir='ltr'><strong>videtur,</strong></span> <span class='ocrx_word' id='word_1_531' title='bbox 2931 4864 3270 4929; x_wconf 87' lang='lat' dir='ltr'><strong>submedia</strong></span> <span class='ocrx_word' id='word_1_532' title='bbox 3327 4885 3343 4924; x_wconf 86' lang='lat'><strong>:</strong></span> <span class='ocrx_word' id='word_1_533' title='bbox 3394 4882 3667 4943; x_wconf 79' lang='lat' dir='ltr'><strong>quarum</strong></span> 
     </span>
    </p>
   </div>
   <div class='ocr_carea' id='block_1_49' title="bbox 425 4964 3675 5046">
    <p class='ocr_par' dir='ltr' id='par_1_49' title="bbox 425 4964 3675 5046">
     <span class='ocr_line' id='line_1_49' title="bbox 425 4964 3675 5046; baseline -0.001 -21"><span class='ocrx_word' id='word_1_534' title='bbox 425 4964 769 5025; x_wconf 87' lang='lat' dir='ltr'><strong>diversitas</strong></span> <span class='ocrx_word' id='word_1_535' title='bbox 803 4965 1008 5027; x_wconf 88' lang='lat' dir='ltr'><strong>tribus</strong></span> <span class='ocrx_word' id='word_1_536' title='bbox 1042 4966 1294 5044; x_wconf 91' lang='lat' dir='ltr'><strong>punctis</strong></span> <span class='ocrx_word' id='word_1_537' title='bbox 1326 4967 1583 5030; x_wconf 88' lang='lat' dir='ltr'><strong>diverso</strong></span> <span class='ocrx_word' id='word_1_538' title='bbox 1616 4967 1755 5028; x_wconf 91' lang='lat' dir='ltr'><strong>loco</strong></span> <span class='ocrx_word' id='word_1_539' title='bbox 1802 4968 2030 5046; x_wconf 90' lang='lat' dir='ltr'><strong>positis</strong></span> <span class='ocrx_word' id='word_1_540' title='bbox 2080 4969 2429 5030; x_wconf 84' lang='lat' dir='ltr'><strong>indicatur.</strong></span> <span class='ocrx_word' id='word_1_541' title='bbox 2484 4991 2514 5024; x_wconf 81' lang='grc'><em>»</em></span> <span class='ocrx_word' id='word_1_542' title='bbox 2560 4969 2637 5028; x_wconf 91' lang='lat' dir='ltr'><strong>Et</strong></span> <span class='ocrx_word' id='word_1_543' title='bbox 2668 4967 2858 5045; x_wconf 87' lang='lat' dir='ltr'><strong>paulo</strong></span> <span class='ocrx_word' id='word_1_544' title='bbox 2897 4974 3039 5044; x_wconf 87' lang='lat' dir='ltr'><strong>post</strong></span> <span class='ocrx_word' id='word_1_545' title='bbox 3075 4989 3091 5028; x_wconf 87' lang='lat'><strong>:</strong></span> <span class='ocrx_word' id='word_1_546' title='bbox 3126 4989 3157 5024; x_wconf 76' lang='grc' dir='ltr'><strong>ι</strong></span> <span class='ocrx_word' id='word_1_547' title='bbox 3195 4964 3536 5027; x_wconf 87' lang='lat' dir='ltr'><strong>Distinctio</strong></span> <span class='ocrx_word' id='word_1_548' title='bbox 3576 4968 3675 5024; x_wconf 90' lang='lat' dir='ltr'><strong>est</strong></span> 
     </span>
    </p>
   </div>
   <div class='ocr_carea' id='block_1_50' title="bbox 416 5065 3671 5146">
    <p class='ocr_par' dir='ltr' id='par_1_50' title="bbox 416 5065 3671 5146">
     <span class='ocr_line' id='line_1_50' title="bbox 416 5065 3671 5146; baseline -0.002 -17"><span class='ocrx_word' id='word_1_549' title='bbox 416 5066 662 5129; x_wconf 88' lang='lat' dir='ltr'><strong>silentii</strong></span> <span class='ocrx_word' id='word_1_550' title='bbox 699 5074 871 5138; x_wconf 82' lang='lat' dir='ltr'><strong>nota,</strong></span> <span class='ocrx_word' id='word_1_551' title='bbox 904 5084 1050 5128; x_wconf 89' lang='lat' dir='ltr'><strong>cum</strong></span> <span class='ocrx_word' id='word_1_552' title='bbox 1085 5084 1279 5130; x_wconf 86' lang='lat' dir='ltr'><strong>sensu</strong></span> <span class='ocrx_word' id='word_1_553' title='bbox 1312 5068 1651 5131; x_wconf 86' lang='lat' dir='ltr'><strong>terminato</strong></span> <span class='ocrx_word' id='word_1_554' title='bbox 1688 5069 1960 5130; x_wconf 89' lang='lat' dir='ltr'><strong>liberum</strong></span> <span class='ocrx_word' id='word_1_555' title='bbox 1996 5077 2092 5131; x_wconf 91' lang='lat' dir='ltr'><strong>est</strong></span> <span class='ocrx_word' id='word_1_556' title='bbox 2132 5087 2384 5132; x_wconf 90' lang='lat' dir='ltr'><strong>cessare</strong></span> <span class='ocrx_word' id='word_1_557' title='bbox 2421 5068 2763 5146; x_wconf 83' lang='lat' dir='ltr'><strong>prolixius.</strong></span> <span class='ocrx_word' id='word_1_558' title='bbox 2808 5071 2913 5130; x_wconf 88' lang='lat' dir='ltr'><strong>Est</strong></span> <span class='ocrx_word' id='word_1_559' title='bbox 2952 5065 3147 5146; x_wconf 85' lang='lat' dir='ltr'><strong>hujus</strong></span> <span class='ocrx_word' id='word_1_560' title='bbox 3179 5074 3325 5128; x_wconf 91' lang='lat' dir='ltr'><strong>nota</strong></span> <span class='ocrx_word' id='word_1_561' title='bbox 3364 5073 3671 5145; x_wconf 86' lang='lat' dir='ltr'><strong>punctum</strong></span> 
     </span>
    </p>
   </div>
   <div class='ocr_carea' id='block_1_51' title="bbox 418 5167 3678 5248">
    <p class='ocr_par' dir='ltr' id='par_1_51' title="bbox 418 5167 3678 5248">
     <span class='ocr_line' id='line_1_51' title="bbox 418 5167 3678 5248; baseline -0 -19"><span class='ocrx_word' id='word_1_562' title='bbox 418 5185 613 5245; x_wconf 90' lang='lat' dir='ltr'><strong>supra</strong></span> <span class='ocrx_word' id='word_1_563' title='bbox 644 5184 900 5229; x_wconf 83' lang='lat' dir='ltr'><strong>versum</strong></span> <span class='ocrx_word' id='word_1_564' title='bbox 936 5167 1009 5228; x_wconf 89' lang='lat' dir='ltr'><strong>ad</strong></span> <span class='ocrx_word' id='word_1_565' title='bbox 1046 5174 1235 5245; x_wconf 91' lang='lat' dir='ltr'><strong>caput</strong></span> <span class='ocrx_word' id='word_1_566' title='bbox 1276 5168 1505 5231; x_wconf 58' lang='lat' dir='ltr'><strong>litterae</strong></span> <span class='ocrx_word' id='word_1_567' title='bbox 1540 5170 1847 5248; x_wconf 85' lang='lat' dir='ltr'><strong>positum.</strong></span> <span class='ocrx_word' id='word_1_568' title='bbox 1887 5168 2353 5231; x_wconf 87' lang='lat' dir='ltr'><strong>Subdistinctio</strong></span> <span class='ocrx_word' id='word_1_569' title='bbox 2384 5177 2479 5231; x_wconf 92' lang='lat' dir='ltr'><strong>est</strong></span> <span class='ocrx_word' id='word_1_570' title='bbox 2533 5169 2779 5230; x_wconf 89' lang='lat' dir='ltr'><strong>silentii</strong></span> <span class='ocrx_word' id='word_1_571' title='bbox 2828 5176 2978 5231; x_wconf 90' lang='lat' dir='ltr'><strong>nota</strong></span> <span class='ocrx_word' id='word_1_572' title='bbox 3012 5167 3312 5244; x_wconf 81' lang='lat' dir='ltr'><strong>legitimi,</strong></span> <span class='ocrx_word' id='word_1_573' title='bbox 3351 5184 3477 5245; x_wconf 89' lang='lat' dir='ltr'><strong>qua</strong></span> <span class='ocrx_word' id='word_1_574' title='bbox 3533 5184 3678 5243; x_wconf 89' lang='lat' dir='ltr'><strong>pro-</strong></span> 
     </span>
    </p>
   </div>
   <div class='ocr_carea' id='block_1_52' title="bbox 419 5263 3674 5349">
    <p class='ocr_par' dir='ltr' id='par_1_52' title="bbox 419 5263 3674 5349">
     <span class='ocr_line' id='line_1_52' title="bbox 419 5263 3674 5349; baseline -0.001 -22"><span class='ocrx_word' id='word_1_575' title='bbox 419 5263 847 5327; x_wconf 88' lang='lat' dir='ltr'><strong>nuntiationis</strong></span> <span class='ocrx_word' id='word_1_576' title='bbox 885 5267 1199 5327; x_wconf 88' lang='lat' dir='ltr'><strong>terminus</strong></span> <span class='ocrx_word' id='word_1_577' title='bbox 1243 5284 1441 5329; x_wconf 89' lang='lat' dir='ltr'><strong>sensu</strong></span> <span class='ocrx_word' id='word_1_578' title='bbox 1475 5276 1773 5330; x_wconf 91' lang='lat' dir='ltr'><strong>manente</strong></span> <span class='ocrx_word' id='word_1_579' title='bbox 1803 5270 1889 5331; x_wconf 88' lang='lat' dir='ltr'><strong>ita</strong></span> <span class='ocrx_word' id='word_1_580' title='bbox 1922 5270 2370 5347; x_wconf 85' lang='lat' dir='ltr'><strong>suspenditur,</strong></span> <span class='ocrx_word' id='word_1_581' title='bbox 2411 5280 2481 5331; x_wconf 93' lang='lat' dir='ltr'><strong>ut</strong></span> <span class='ocrx_word' id='word_1_582' title='bbox 2518 5272 2734 5331; x_wconf 86' lang='lat' dir='ltr'><strong>statim</strong></span> <span class='ocrx_word' id='word_1_583' title='bbox 2770 5267 3053 5349; x_wconf 90' lang='lat' dir='ltr'><strong>id,quod</strong></span> <span class='ocrx_word' id='word_1_584' title='bbox 3087 5268 3411 5346; x_wconf 88' lang='lat' dir='ltr'><strong>sequitur,</strong></span> <span class='ocrx_word' id='word_1_585' title='bbox 3444 5282 3674 5327; x_wconf 85' lang='lat' dir='ltr'><strong>succe-</strong></span> 
     </span>
    </p>
   </div>
   <div class='ocr_carea' id='block_1_53' title="bbox 421 5365 3671 5447">
    <p class='ocr_par' dir='ltr' id='par_1_53' title="bbox 421 5365 3671 5447">
     <span class='ocr_line' id='line_1_53' title="bbox 421 5365 3671 5447; baseline 0 -24"><span class='ocrx_word' id='word_1_586' title='bbox 421 5366 573 5426; x_wconf 85' lang='lat' dir='ltr'><strong>dere</strong></span> <span class='ocrx_word' id='word_1_587' title='bbox 608 5366 862 5428; x_wconf 89' lang='lat' dir='ltr'><strong>debeal.</strong></span> <span class='ocrx_word' id='word_1_588' title='bbox 900 5366 1107 5445; x_wconf 82' lang='lat' dir='ltr'><strong>Hujus</strong></span> <span class='ocrx_word' id='word_1_589' title='bbox 1140 5375 1357 5429; x_wconf 89' lang='lat' dir='ltr'><strong>autem</strong></span> <span class='ocrx_word' id='word_1_590' title='bbox 1391 5374 1538 5429; x_wconf 91' lang='lat' dir='ltr'><strong>nota</strong></span> <span class='ocrx_word' id='word_1_591' title='bbox 1573 5374 1670 5429; x_wconf 89' lang='lat' dir='ltr'><strong>est</strong></span> <span class='ocrx_word' id='word_1_592' title='bbox 1704 5378 2015 5447; x_wconf 86' lang='lat' dir='ltr'><strong>punctum</strong></span> <span class='ocrx_word' id='word_1_593' title='bbox 2061 5370 2182 5430; x_wconf 92' lang='lat' dir='ltr'><strong>sub</strong></span> <span class='ocrx_word' id='word_1_594' title='bbox 2232 5386 2421 5430; x_wconf 88' lang='lat' dir='ltr'><strong>versu</strong></span> <span class='ocrx_word' id='word_1_595' title='bbox 2464 5369 2774 5447; x_wconf 87' lang='lat' dir='ltr'><strong>positum.</strong></span> <span class='ocrx_word' id='word_1_596' title='bbox 2808 5371 2992 5430; x_wconf 81' lang='lat' dir='ltr'><strong>Mora</strong></span> <span class='ocrx_word' id='word_1_597' title='bbox 3021 5373 3121 5428; x_wconf 88' lang='lat' dir='ltr'><strong>est</strong></span> <span class='ocrx_word' id='word_1_598' title='bbox 3166 5365 3327 5427; x_wconf 88' lang='lat' dir='ltr'><strong>levis</strong></span> <span class='ocrx_word' id='word_1_599' title='bbox 3362 5365 3427 5427; x_wconf 86' lang='lat' dir='ltr'><strong>in</strong></span> <span class='ocrx_word' id='word_1_600' title='bbox 3459 5365 3671 5426; x_wconf 90' lang='lat' dir='ltr'><strong>conti-</strong></span> 
     </span>
    </p>
   </div>
   <div class='ocr_carea' id='block_1_54' title="bbox 422 5464 3674 5544">
    <p class='ocr_par' dir='ltr' id='par_1_54' title="bbox 422 5464 3674 5544">
     <span class='ocr_line' id='line_1_54' title="bbox 422 5464 3674 5544; baseline 0 -19"><span class='ocrx_word' id='word_1_601' title='bbox 422 5466 732 5526; x_wconf 90' lang='lat' dir='ltr'><strong>nuatione</strong></span> <span class='ocrx_word' id='word_1_602' title='bbox 756 5481 1065 5527; x_wconf 91' lang='lat' dir='ltr'><strong>sensuum</strong></span> <span class='ocrx_word' id='word_1_603' title='bbox 1095 5465 1477 5543; x_wconf 85' lang='lat' dir='ltr'><strong>interposita</strong></span> <span class='ocrx_word' id='word_1_604' title='bbox 1506 5466 1838 5538; x_wconf 88' lang='lat' dir='ltr'><strong>discretio,</strong></span> <span class='ocrx_word' id='word_1_605' title='bbox 1866 5464 2171 5542; x_wconf 70' lang='lat' dir='ltr'><strong>legitimae</strong></span> <span class='ocrx_word' id='word_1_606' title='bbox 2191 5466 2638 5528; x_wconf 85' lang='lat' dir='ltr'><strong>distinctionis</strong></span> <span class='ocrx_word' id='word_1_607' title='bbox 2664 5467 3368 5544; x_wconf 87' lang='lat' dir='ltr'><strong>subdistinctionisque</strong></span> <span class='ocrx_word' id='word_1_608' title='bbox 3389 5466 3674 5525; x_wconf 83' lang='lat' dir='ltr'><strong>medium</strong></span> 
     </span>
    </p>
   </div>
   <div class='ocr_carea' id='block_1_55' title="bbox 420 5563 3682 5646">
    <p class='ocr_par' dir='ltr' id='par_1_55' title="bbox 420 5563 3682 5646">
     <span class='ocr_line' id='line_1_55' title="bbox 420 5563 3682 5646; baseline 0.001 -23"><span class='ocrx_word' id='word_1_609' title='bbox 420 5565 722 5625; x_wconf 87' lang='lat' dir='ltr'><strong>obtinens</strong></span> <span class='ocrx_word' id='word_1_610' title='bbox 758 5563 990 5638; x_wconf 87' lang='lat' dir='ltr'><strong>locum,</strong></span> <span class='ocrx_word' id='word_1_611' title='bbox 1031 5565 1118 5626; x_wconf 91' lang='lat' dir='ltr'><strong>ita</strong></span> <span class='ocrx_word' id='word_1_612' title='bbox 1150 5572 1219 5627; x_wconf 91' lang='lat' dir='ltr'><strong>ut</strong></span> <span class='ocrx_word' id='word_1_613' title='bbox 1253 5581 1371 5627; x_wconf 89' lang='lat' dir='ltr'><strong>nec</strong></span> <span class='ocrx_word' id='word_1_614' title='bbox 1400 5565 1681 5646; x_wconf 79' lang='lat' dir='ltr'><strong>perfecta</strong></span> <span class='ocrx_word' id='word_1_615' title='bbox 1711 5566 1777 5627; x_wconf 90' lang='lat' dir='ltr'><strong>in</strong></span> <span class='ocrx_word' id='word_1_616' title='bbox 1825 5572 2056 5639; x_wconf 90' lang='lat' dir='ltr'><strong>totum,</strong></span> <span class='ocrx_word' id='word_1_617' title='bbox 2109 5582 2228 5627; x_wconf 91' lang='lat' dir='ltr'><strong>nec</strong></span> <span class='ocrx_word' id='word_1_618' title='bbox 2258 5567 2497 5628; x_wconf 89' lang='lat' dir='ltr'><strong>omissa</strong></span> <span class='ocrx_word' id='word_1_619' title='bbox 2549 5566 2869 5641; x_wconf 86' lang='lat' dir='ltr'><strong>videatur,</strong></span> <span class='ocrx_word' id='word_1_620' title='bbox 2907 5568 3019 5629; x_wconf 90' lang='lat' dir='ltr'><strong>sed</strong></span> <span class='ocrx_word' id='word_1_621' title='bbox 3051 5564 3526 5644; x_wconf 77' lang='lat' dir='ltr'><strong>significatione</strong></span> <span class='ocrx_word' id='word_1_622' title='bbox 3557 5567 3682 5626; x_wconf 85' lang='lat' dir='ltr'><strong>im-</strong></span> 
     </span>
    </p>
   </div>
   <div class='ocr_carea' id='block_1_56' title="bbox 422 5662 3680 5745">
    <p class='ocr_par' dir='ltr' id='par_1_56' title="bbox 422 5662 3680 5745">
     <span class='ocr_line' id='line_1_56' title="bbox 422 5662 3680 5745; baseline 0.001 -22"><span class='ocrx_word' id='word_1_623' title='bbox 422 5663 737 5737; x_wconf 88' lang='lat' dir='ltr'><strong>morandi,</strong></span> <span class='ocrx_word' id='word_1_624' title='bbox 775 5663 1044 5726; x_wconf 87' lang='lat' dir='ltr'><strong>alterius</strong></span> <span class='ocrx_word' id='word_1_625' title='bbox 1094 5665 1426 5726; x_wconf 89' lang='lat' dir='ltr'><strong>desideret</strong></span> <span class='ocrx_word' id='word_1_626' title='bbox 1483 5664 1873 5745; x_wconf 89' lang='lat' dir='ltr'><strong>principium</strong></span> <span class='ocrx_word' id='word_1_627' title='bbox 1922 5682 2184 5729; x_wconf 88' lang='lat' dir='ltr'><strong>sensus.</strong></span> <span class='ocrx_word' id='word_1_628' title='bbox 2233 5667 2308 5727; x_wconf 89' lang='lat' dir='ltr'><strong>Et</strong></span> <span class='ocrx_word' id='word_1_629' title='bbox 2359 5666 2483 5727; x_wconf 88' lang='lat' dir='ltr'><strong>hoc</strong></span> <span class='ocrx_word' id='word_1_630' title='bbox 2515 5666 2931 5728; x_wconf 86' lang='lat' dir='ltr'><strong>solummodo</strong></span> <span class='ocrx_word' id='word_1_631' title='bbox 2980 5674 3200 5729; x_wconf 75' lang='lat' dir='ltr'><strong>servat</strong></span> <span class='ocrx_word' id='word_1_632' title='bbox 3245 5662 3556 5738; x_wconf 77' lang='lat' dir='ltr'><strong>ofﬁcium,</strong></span> <span class='ocrx_word' id='word_1_633' title='bbox 3606 5675 3680 5727; x_wconf 88' lang='lat' dir='ltr'><strong>ut</strong></span> 
     </span>
    </p>
   </div>
   <div class='ocr_carea' id='block_1_57' title="bbox 423 5761 3681 5844">
    <p class='ocr_par' dir='ltr' id='par_1_57' title="bbox 423 5761 3681 5844">
     <span class='ocr_line' id='line_1_57' title="bbox 423 5761 3681 5844; baseline -0.002 -13"><span class='ocrx_word' id='word_1_634' title='bbox 423 5764 699 5840; x_wconf 79' lang='lat' dir='ltr'><strong>legentis</strong></span> <span class='ocrx_word' id='word_1_635' title='bbox 735 5764 1032 5843; x_wconf 87' lang='lat' dir='ltr'><strong>spiritum</strong></span> <span class='ocrx_word' id='word_1_636' title='bbox 1070 5764 1453 5829; x_wconf 80' lang='lat' dir='ltr'><strong>brevissima</strong></span> <span class='ocrx_word' id='word_1_637' title='bbox 1492 5763 1923 5844; x_wconf 84' lang='lat' dir='ltr'><strong>respiratione</strong></span> <span class='ocrx_word' id='word_1_638' title='bbox 1956 5764 2196 5829; x_wconf 88' lang='lat' dir='ltr'><strong>reticiat</strong></span> <span class='ocrx_word' id='word_1_639' title='bbox 2229 5781 2301 5828; x_wconf 87' lang='lat' dir='ltr'><strong>ac</strong></span> <span class='ocrx_word' id='word_1_640' title='bbox 2336 5765 2599 5829; x_wconf 89' lang='lat' dir='ltr'><strong>nutriat.</strong></span> <span class='ocrx_word' id='word_1_641' title='bbox 2634 5765 2738 5829; x_wconf 86' lang='lat' dir='ltr'><strong>Sic</strong></span> <span class='ocrx_word' id='word_1_642' title='bbox 2781 5765 2953 5830; x_wconf 89' lang='lat' dir='ltr'><strong>enim</strong></span> <span class='ocrx_word' id='word_1_643' title='bbox 2992 5761 3472 5844; x_wconf 82' lang='lat' dir='ltr'><strong>pronuntiando</strong></span> <span class='ocrx_word' id='word_1_644' title='bbox 3526 5763 3681 5824; x_wconf 79' lang='lat' dir='ltr'><strong>reti-</strong></span> 
     </span>
    </p>
   </div>
  </div>
