4154 6404
518 335 592 395 1³
1794 333 2065 391 νΑιεειι
2104 331 2497 389 ΡΒΕΡΔἹῚΟ.
3699 327 3772 382 25

521 474 666 520 cere
697 456 848 539 quis
879 454 1095 528 debet,
1126 460 1201 517 ut
1226 453 1376 534 quia
1410 453 1682 534 spiritus
1726 454 1866 534 ipse
1904 455 2182 535 quadam
2238 452 2603 515 defectione
2648 455 2959 522 mutatur,
2994 448 3233 513 deinde
3272 454 3659 514 resumatur.
3695 446 3770 510 Ut

519 564 669 629 est;

1333 652 1404 724 [lt
1432 653 1557 710 belli
1583 655 1795 724 signum
1829 653 2088 709 Laurenti
2122 653 2336 707 Turnus
2360 654 2429 707 ab
2458 667 2584 707 arce

1335 723 1561 790 Extulit,
1596 723 1651 780 et
1679 741 1844 780 rauco
1876 733 2223 791 strepuerunt
2255 739 2458 776 cornua
2484 731 2679 785 cantu;

1326 792 1505 862 thue
1535 811 1687 851 acres
1712 796 1986 850 concussit
2010 808 2203 864 equos,
2242 806 2406 863 utque
2430 792 2641 862 impulit
2670 805 2853 859 arma;

1325 864 1611 934 Extemplo
1641 867 1837 920 turbati
1867 864 2058 919 animi.

514 959 734 1025 Multa
768 960 942 1025 enim
977 957 1286 1024 clausulae
1310 966 1463 1023 sunt
1512 961 1739 1022 medim
1773 960 1967 1037 hujus
2000 958 2319 1021 lectionis.
2352 960 2633 1020 Primum
2666 975 2745 1019 ne
2776 955 3272 1027 confundantur,
3304 974 3449 1037 qum
3479 960 3673 1018 δίκωλα
3704 963 3764 1017 et

513 1072 745 1145 τρίκωλα
776 1072 1110 1143 ponuntur
1141 1071 1203 1124 et
1238 1061 1414 1125 talia.
1446 1060 1697 1123 Deinde
1736 1072 1799 1123 ut
1832 1071 2013 1127 actus
2047 1064 2386 1126 verborum
2433 1052 2713 1122 emineat
2745 1067 2805 1120 et
2846 1058 3077 1129 luceat,
3108 1058 3218 1136 qui
3255 1077 3331 1119 ex
3365 1060 3583 1136 aliquo
3620 1074 3767 1119 mo-

512 1167 1040 1240 veaturaﬂ'ectu,
1092 1167 1188 1229 vel
1222 1164 1676 1243 indignatione
1724 1166 1822 1228 vel
1879 1168 2295 1230 miseratione
2331 1166 2587 1236 collata,
2626 1186 2656 1221 ι
2690 1171 2812 1226 etc.
2848 1164 3236 1240 Hujusmodi
3282 1165 3480 1240 igitur
3532 1163 3766 1224 distin-

511 1271 798 1333 ctionum
828 1289 946 1335 seu
981 1270 1585 1349 interpunctionum
1622 1278 1804 1333 notas
1830 1272 2077 1350 antiqui
2117 1289 2373 1345 omnes,
2406 1280 2530 1333 tam
2564 1269 2762 1330 Graeci
2802 1287 3000 1348 quam
3038 1269 3272 1339 Latini,
3308 1271 3371 1331 in
3412 1271 3591 1331 libris
3626 1271 3762 1330 suis

507 1371 945 1434 adhibuerunt
980 1391 998 1433 ε
1034 1387 1196 1449 quas
1229 1369 1421 1432 etiam
1475 1370 1708 1433 lsidori
1740 1371 2151 1451 Hispalensis
2197 1382 2379 1434 mtate
2428 1373 2638 1433 adhuc
2672 1374 2739 1433 in
2778 1391 2898 1433 usu
2946 1373 3148 1432 fuisse
3181 1378 3452 1432 constat.
3488 1372 3553 1431 ld
3588 1372 3760 1432 enim

507 1470 820 1533 discimus
850 1488 928 1533 ex
961 1472 1103 1549 ejus
1133 1467 1658 1547 Originumlibro
1702 1488 1745 1542 ι,
1792 1488 1934 1550 cap.
1980 1472 2080 1535 19.
2117 1473 2189 1534 ln
2243 1472 2694 1551 manuscriptis
2731 1489 2992 1551 quoque
3048 1471 3524 1547 exemplaribus
3574 1470 3763 1547 paulo

508 1570 980 1633 vetustioribus
1010 1570 1232 1631 eadem
1267 1568 1718 1648 distinguendi
1759 1571 1922 1633 ratio
1952 1580 2266 1651 perpetuo
2298 1582 2618 1635 servatur.
2658 1574 2895 1633 Verum
2937 1571 3353 1638 recentiores.
3399 1589 3511 1631 seu
3558 1570 3765 1646 impe-

507 1670 655 1733 ritia
688 1688 806 1733 seu
841 1670 1087 1733 desidia
1127 1672 1408 1748 quadam
1449 1689 1521 1734 ac
1550 1673 1968 1751 negligentia,
2001 1676 2216 1737 omnia
2247 1683 2750 1739 commutarunt.
2785 1668 3021 1752 Acpro
3052 1673 3593 1734 subdistinctione
3617 1672 3765 1746 qui-

504 1772 655 1835 dem
695 1773 979 1853 virgulas
1015 1779 1407 1852 posuerunt;
1447 1790 1561 1853 pro
1594 1774 1822 1835 mediae
1852 1774 2290 1838 distinctionis
2326 1784 2471 1839 uota
2505 1776 2636 1838 duo
2670 1783 2900 1853 puncta
2933 1795 2947 1832 :
2975 1774 3178 1835 ﬁnalis
3214 1789 3364 1832 vero
3394 1773 3761 1832 distinctio-

511 1872 617 1944 nis
667 1882 882 1936 notam
922 1890 957 1935 a
1020 1872 1227 1951 capite
1280 1870 1356 1933 ad
1406 1870 1600 1950 pedes
1651 1872 1880 1934 littera:
1928 1873 2319 1953 dejecerunt.
2372 1873 2577 1947 Quam
2639 1892 2892 1953 pravam
2935 1872 3383 1948 distinguendi
3445 1872 3759 1935 rationem

501 1979 710 2045 secuti
742 1985 890 2043 sunt
924 1996 1149 2042 omnes
1183 1978 1315 2040 fere
1343 1976 1718 2056 typographi
1750 1985 1980 2057 praeter
2008 1979 2243 2040 Aldum
2303 1981 2694 2042 Manutium.
2732 1980 2852 2041 Hic
2885 1978 3056 2040 enim
3092 1980 3156 2038 in
3194 1978 3477 2038 editione
3508 1978 3764 2039 Graeco-

502 2097 646 2141 rum
701 2080 1041 2155 librorum,
1073 2097 1238 2160 quos
1276 2099 1444 2162 pene
1482 2081 1991 2145 innumerabiles
2024 2084 2308 2157 excudit,
2345 2102 2481 2146 eam
2527 2102 2783 2161 semper
2815 2081 3409 2159 interpunctiouem
3453 2082 3757 2154 retinuit,

499 2200 695 2262 quam
743 2184 808 2245 in
864 2186 1325 2262 manuscriptis
1372 2184 1855 2262 exemplaribus
1893 2187 2253 2248 invenerat.
2290 2189 2361 2246 lit
2398 2187 2682 2264 virgulas
2715 2186 2978 2266 quidem
3012 2185 3185 2263 quod
3238 2186 3502 2257 attinet,
3553 2187 3753 2247 nolim

500 2298 609 2343 eas
641 2281 968 2344 damnare.
1014 2284 1242 2351 Parum
1288 2283 1462 2343 enim
1520 2282 1809 2353 interest,
1845 2299 2036 2361 quam
2095 2293 2307 2344 nolam
2346 2284 2772 2344 adhibeamus
2809 2282 2882 2343 ad
2922 2281 3535 2342 subdistinctionem
3585 2282 3763 2341 desi-

498 2382 850 2463 gnandum,
882 2382 1076 2445 modo
1107 2402 1179 2445 ea
1214 2388 1366 2444 nota
1400 2381 1476 2445 ad
1520 2382 1714 2457 pedes
1756 2392 2111 2460 apponatur
2142 2384 2389 2445 litterm.
2443 2383 2627 2443 Certe
2661 2383 2724 2443 in
2775 2383 3024 2458 Optimo
3077 2382 3188 2442 illo
3218 2401 3286 2443 ac
3321 2382 3759 2445 vetustissimo

496 2483 723 2547 codice
752 2481 1166 2551 bibliothecas
1195 2483 1560 2553 Mazarina.
1589 2483 1778 2560 cujus
1809 2490 1997 2544 antea
2031 2482 2428 2545 mentionem
2462 2482 2607 2556 feci,
2642 2484 2965 2543 interdum
3004 2498 3120 2560 pro
3155 2482 3389 2551 media,
3433 2482 3753 2544 interdum

496 2597 612 2659 pro
647 2580 819 2644 finali
858 2580 1279 2643 distinctione
1308 2580 1621 2658 virgulam
1655 2580 2010 2658 appositam
2066 2580 2298 2656 reperi.
2333 2582 2396 2641 id
2431 2587 2551 2649 est,
2587 2598 2762 2642 nunc
2804 2583 2880 2642 ad
2932 2583 3210 2643 mediam
3247 2584 3546 2654 litteram,
3583 2602 3755 2643 nunc

493 2679 574 2742 ad
606 2698 947 2744 summam.
983 2681 1112 2744 Nec
1146 2683 1356 2749 solum
1393 2685 1664 2764 virgula,
1706 2701 1927 2745 verum
1961 2683 2154 2745 etiam
2212 2685 2461 2746 sicilico
2493 2701 2611 2746 seu
2644 2690 2785 2761 ἁπλῇ
2820 2701 3040 2746 aversa
3076 2702 3543 2763 nonnunquam
3583 2684 3758 2746 des-Z-

493 2781 812 2858 gnabatur
863 2781 1072 2844 media
1111 2783 1467 2857 distinctio,
1529 2792 1600 2849 ut
1655 2786 1843 2846 docet
1872 2784 2245 2847 Victorinus
2310 2784 2377 2846 in
2427 2785 2636 2847 libro:
2678 2786 2854 2845 Artis
2892 2786 3329 2866 grammatica.
3384 2785 3569 2858 Quod
3603 2801 3757 2846 vero

490 2905 615 2969 pro
651 2888 822 2950 ﬁnali
858 2888 1287 2951 distinctione
1327 2890 1520 2953 hodie
1552 2896 1859 2968 punctum
1898 2889 1972 2949 ad
2011 2889 2206 2967 pedes
2240 2888 2466 2951 litterae.
2501 2890 2830 2967 ponimus,
2883 2890 2972 2960 id,
3003 2905 3146 2949 meo
3178 2889 3441 2967 quidem
3476 2889 3754 2967 judicio,

491 2989 647 3051 ferri
695 2988 1067 3051 nullatenus
1119 2997 1353 3069 potest.
1404 2990 1629 3068 Neque
1673 2988 1849 3053 enim
1900 2988 2109 3048 solum
2165 2988 2467 3049 vetustati
2510 2987 2570 3047 id
2623 2996 2962 3065 repugnat,
3001 3005 3218 3047 verum
3257 2990 3445 3048 etiam
3496 2988 3753 3051 rationi.

490 3092 746 3174 Quippe
780 3091 940 3155 ratio
992 3098 1299 3172 pOSlDlJl,
1334 3097 1402 3152 ut
1433 3097 1585 3151 nota
1615 3088 1843 3153 eodem
1892 3088 2023 3151 situ
2073 3087 2275 3167 posita
2323 3091 2614 3149 eamdem
2664 3087 2960 3164 designet
3007 3086 3516 3150 distinctionem.
3576 3090 3752 3148 Pun-

494 3198 664 3260 ctum
701 3190 905 3270 igitur
936 3191 999 3253 in
1037 3191 1164 3252 ima
1199 3198 1375 3266 parte
1412 3188 1723 3268 positum,
1764 3186 1936 3248 idem
1971 3186 2334 3265 signiticare
2358 3187 2573 3257 debet,
2607 3189 2775 3265 quod
2810 3188 3055 3266 virgula
3086 3208 3230 3269 qum
3254 3191 3326 3250 ad
3365 3192 3554 3252 imam
3585 3191 3755 3251 litte-

489 3311 625 3369 iam
666 3301 879 3359 notata
911 3303 1034 3356 est.
1070 3293 1297 3371 Neque
1328 3288 1500 3352 enim
1536 3296 1686 3350 nota
1716 3288 1881 3366 ipsa,
1916 3290 2026 3349 sed
2062 3297 2232 3351 nota:
2266 3290 2431 3349 situs
2465 3290 2670 3351 variat
2701 3290 3223 3354 distinctionem.
3262 3288 3347 3356 Ex
3387 3312 3519 3372 quo
3552 3293 3755 3356 cilici-

490 3406 619 3470 tur,
652 3397 909 3467 finalem
943 3396 1427 3459 distinctionem
1469 3409 1600 3455 non
1652 3398 1825 3454 recte
1855 3410 1887 3453 a
1922 3391 2112 3453 nobis
2161 3392 2489 3469 designari
2541 3404 2778 3471 puncto
2815 3395 2891 3456 ad
2942 3397 3136 3473 pedes
3174 3398 3400 3459 littera;
3430 3399 3751 3475 apposito.

487 3498 703 3574 Quare
736 3516 867 3561 non
901 3498 1042 3561 sine
1070 3514 1259 3560 causa
1291 3502 1575 3555 veterem
1615 3491 2123 3571 interpungendi
2152 3491 2461 3553 rationem
2494 3492 2561 3551 in
2611 3493 2727 3553 hac
2761 3494 3050 3557 editione
3093 3496 3436 3559 restituere
3463 3513 3605 3557 sum
3647 3514 3753 3558 co-

489 3609 701 3667 natus.
735 3603 828 3669 Ac
856 3602 1175 3681 virgulam
1217 3596 1479 3677 quidem
1514 3594 1716 3671 ipsam
1753 3595 2020 3664 retinui,
2048 3594 2291 3674 quippe
2316 3612 2459 3677 quas
2495 3597 2559 3656 in
2592 3597 2963 3659 denotanda
2992 3600 3543 3665 subdistinctionc
3576 3602 3746 3665 idem

487 3698 696 3763 valeat
727 3715 799 3760 ac
832 3706 1176 3778 punctum;
1212 3696 1487 3759 mediam
1539 3710 1691 3757 vero
1740 3694 2226 3755 distinctionem
2266 3711 2344 3755 ex
2388 3695 2969 3774 manuscriptorum
3021 3699 3318 3761 codicum
3366 3702 3750 3762 auctoritate

487 3795 628 3867 suis
657 3793 817 3856 locis
847 3795 1031 3875 quasi
1075 3791 1478 3873 postliminio
1512 3790 1796 3853 restitui.
1833 3791 2046 3871 Hujus
2084 3809 2275 3869 porro
2322 3792 2663 3855 utilitatem
2698 3812 2770 3855 ac
2823 3799 3275 3860 necessitatem
3329 3801 3637 3873 studiosi,
3679 3809 3749 3863 ut

486 3911 707 3974 spero,
741 3896 1041 3959 celeriter
1071 3902 1449 3973 agnoscent.
1480 3894 1709 3973 Neque
1741 3893 1915 3954 enim
1945 3894 2160 3954 solum
2195 3909 2274 3954 eo
2306 3892 2470 3956 valet
2504 3894 2711 3955 media
2748 3894 2853 3956 illa
2884 3896 3249 3971 distinctio,
3285 3908 3351 3960 ut
3384 3912 3751 3963 resumatur

486 3995 758 4075 Spiritus
791 3996 869 4059 ad
898 3996 1297 4077 principium
1330 3995 1599 4058 alterius
1626 4011 1864 4057 sensus
1898 3996 2439 4065 continuandum,
2466 4002 2527 4055 et
2563 4002 2629 4055 ut
2660 4006 2840 4057 actus
2871 3999 3075 4075 magis
3099 3998 3381 4061 emineat
3414 4018 3483 4062 ac
3516 4001 3746 4075 luceat,

483 4095 1039 4177 quemadmodum
1082 4096 1313 4161 scribit
1358 4098 1730 4169 Diomedes,
1772 4112 1991 4158 verum
2054 4095 2245 4156 etiam
2308 4095 2384 4155 ad
2436 4096 2787 4158 notandum
2822 4098 3175 4161 discrimen
3226 4118 3643 4179 personarum
3676 4120 3750 4164 ac

484 4199 904 4278 dignitatum.
939 4200 1042 4265 Sic
1069 4201 1310 4266 alicubi
1348 4202 1413 4263 in
1451 4201 1551 4262 his
1584 4200 1798 4270 libris,
1841 4198 1955 4259 ubi
2002 4197 2124 4275 legi

2106 4199 2243 4259 ‘itur
2274 4202 2576 4260 ἐπισκόπων
2618 4209 2999 4285 πρισϐυτὲρων
3040 4230 3097 4266 τι
3126 4213 3218 4266 καί
3248 4205 3513 4277 διακόνων,
3543 4208 3746 4270 codex

484 4300 987 4366 eminentissimi
1020 4302 1364 4366 cardinalis
1412 4308 1557 4381 post
1589 4318 1814 4373 vocem
1849 4302 2149 4362 ἄπισιεόπων
2183 4303 2453 4363 mediam
2496 4303 2760 4366 adhibet
2805 4305 3316 4367 distinctionem.
3366 4308 3484 4367 Sed
3521 4315 3581 4367 et
3615 4308 3748 4384 ple-

486 4404 706 4482 risque
736 4404 803 4465 in
844 4404 1003 4467 locis
1036 4412 1345 4484 punctum
1390 4406 1466 4466 ad
1504 4411 1693 4484 caput
1741 4402 1971 4464 litteras
2025 4403 2240 4481 posui,
2281 4403 2360 4465 ad
2397 4404 2654 4467 finalem
2699 4407 3185 4469 distinctionem
3219 4407 3685 4484 designandum
3726 4427 3743 4467 :

488 4503 731 4582 ubique
767 4504 831 4566 id
868 4504 1159 4571 facturus
1188 4550 1207 4580 ,
1253 4507 1382 4570 nisi
1412 4506 1511 4568 vis
1558 4504 1804 4567 inclitae
1837 4504 2339 4566 consuetudinis
2398 4523 2499 4566 me
2531 4506 2612 4567 ab
2650 4506 2925 4586 inctepto
2980 4515 3370 4569 revocasset.
3428 4505 3745 4569 Caeterum

482 4604 660 4684 quod
695 4621 817 4684 ego
847 4605 915 4667 in
949 4607 1067 4671 hac
1103 4607 1391 4673 editione
1418 4615 1663 4670 tantum
1700 4624 1777 4668 cx
1813 4614 1987 4680 parte
2021 4604 2315 4684 praestiti,
2362 4605 2427 4666 id
2471 4605 2550 4667 ab
2582 4606 2728 4668 aliis
2759 4607 2997 4684 majore
3026 4604 3318 4666 doctrina
3358 4612 3419 4667 et
3464 4607 3747 4667 auctori-

482 4710 611 4765 tate
649 4706 963 4783 prmditis,
993 4707 1111 4787 qui
1144 4715 1433 4770 veterum
1468 4706 1675 4769 libros
1702 4707 1971 4788 posthac
2001 4705 2239 4766 edituri
2277 4711 2455 4778 sunt,
2486 4706 2768 4778 tandem,
2801 4715 2867 4767 ut
2903 4721 3121 4781 Spero,
3154 4707 3739 4768 consummabitur.

482 4808 694 4883 Atque
722 4805 858 4868 haec
890 4807 970 4869 de
1001 4805 1461 4872 emendatione
1495 4814 1555 4868 et
1586 4805 2006 4869 distinctione
2042 4811 2258 4867 nostra
2292 4804 2664 4866 summatim
2701 4804 2870 4867 dicta
2916 4804 3256 4869 sufficiant.
3294 4807 3476 4870 Nunc
3508 4810 3584 4870 ad
3619 4809 3740 4869 La-

481 4903 681 4965 tinam
720 4904 1319 4984 interpretationem
1355 4908 1717 4969 veniamus.

558 5025 698 5100 Non
756 5025 988 5089 dubito
1055 5028 1292 5091 multos
1352 5028 1487 5093 fore
1538 5031 1651 5110 qui
1703 5030 2023 5093 mirentur
2063 5046 2259 5109 quam
2308 5030 2391 5091 ob
2438 5045 2569 5090 rem
2608 5035 2751 5105 post
2788 5036 2916 5090 tres
2948 5029 3210 5090 Latinos
3242 5027 3504 5090 Eusebii
3540 5028 3746 5089 inter-

475 5138 737 5215 preles,
795 5146 1043 5212 eosque
1105 5132 1172 5193 in
1219 5132 1456 5197 Graecis
1512 5133 1744 5197 litteris
1798 5152 1925 5196 non
1981 5133 2396 5196 mediocriter
2424 5133 2853 5201 exercitatos.
2888 5141 3172 5210 quartam
3209 5132 3344 5209 ipse
3377 5112 3742 5192 versionem

476 5233 973 5297 elaboraverim.
1000 5234 1253 5310 Quibus
1287 5237 1567 5316 primum
1600 5239 1689 5300 ita
1723 5237 2124 5316 respondeo:
2150 5238 2213 5299 Si
2248 5245 2396 5314 post
2424 5237 2763 5311 Rufinum,
2801 5235 2914 5316 qui
2958 5234 3405 5296 Ecclesiastica
3440 5233 3745 5299 Historia

477 5330 679 5397 libros
733 5336 985 5415 primus
1038 5337 1106 5398 in
1156 5338 1455 5400 Latinum
1491 5354 1862 5401 sermonem
1910 5338 2269 5410 convertit,
2323 5337 2505 5398 licuit
2541 5337 2837 5399 Musculo
2878 5352 3105 5397 novam
3146 5339 3740 5414 interpretationem

472 5435 791 5508 condere,
840 5435 897 5498 si
955 5454 1181 5500 rursus
1230 5450 1374 5518 post
1417 5437 1788 5501 Musculum
1830 5437 2001 5499 idem
2036 5436 2223 5501 licuit
2255 5435 2883 5514 ChristOphorsono,
2918 5455 3033 5499 cur
3070 5437 3227 5497 mihi
3268 5454 3528 5514 quoque
3566 5434 3741 5497 idem

463 5534 636 5615 juris
699 5552 830 5599 non
875 5536 1074 5601 fuerit
1132 5542 1309 5618 quod
1373 5540 1671 5603 caeteris?
1717 5540 1905 5617 Apud
1941 5540 2203 5603 Judteos
2237 5547 2384 5619 post
2428 5539 2840 5617 Septuaginta
2885 5540 3227 5601 Seuiorum
3265 5540 3615 5603 editionem
3650 5544 3743 5600 tot

473 5646 1023 5702 sacramentorum
1078 5639 1425 5719 religione,
1477 5647 1570 5703 tot
1627 5641 2013 5703 saeculorum
2051 5641 2434 5705 auctoritate
2484 5641 2840 5713 firmatam,
2885 5640 3121 5720 Aquila
3158 5640 3461 5720 primum,
3503 5642 3741 5703 deinde

472 5740 876 5818 Theodotion
920 5754 983 5808 et
1023 5741 1451 5823 Symmachus
1503 5762 1700 5809 novas
1751 5745 2003 5809 Veteris
2034 5747 2427 5811 Testamenti
2476 5746 3056 5827 interpretationes
3089 5745 3335 5825 singuli
3372 5746 3738 5811 ediderunt.
