4154 6464
387 372 459 429 25
1659 356 1930 413 VALESll
1969 355 2027 410 PI

2022 353 2366 412 RAEFATIO.
3593 355 3662 409 26

386 493 643 570 Quinta;
693 488 841 548 item
889 485 1229 561 Sextreque
1266 497 1338 544 ac
1370 478 1670 559 Septima
1710 476 2018 537 editionis
2059 481 2350 536 auctores
2393 472 2658 551 quidam
2711 469 2949 548 reperti
2991 479 3170 548 sunt,
3207 490 3485 553 quorum
3536 492 3661 535 no-

388 598 562 661 mina
595 595 1020 670 ignorantur:
1064 601 1306 664 easque
1352 598 1580 646 omnes
1612 580 1949 642 versiones
1979 578 2294 656 Origenes
2329 577 2395 637 in
2433 575 2747 654 Hexaplis
2779 574 2918 637 suis
2949 578 3315 650 collocavit,
3353 585 3424 639 ut
3464 594 3501 639 a
3547 595 3658 640 ca-

389 698 647 765 tholicis
703 691 1081 755 hominibus
1133 688 1527 765 legerentur.
1578 683 1767 758 Quod
1816 682 2018 760 igitur
2054 680 2296 742 Jutlteis
2339 679 2404 739 in
2446 678 2665 740 Veteri
2718 679 3137 741 Testamento
3175 681 3387 755 licuit,
3432 698 3548 744 cur
3587 682 3656 743 in

388 804 674 869 Eusebio
711 797 868 860 mihi
901 812 1027 857 non
1066 793 1274 865 liceat,
1306 791 1586 852 maxime
1617 806 1761 851 cum
1807 788 1873 850 id
1905 787 2145 848 audere
2177 786 2245 846 in
2292 785 2575 846 Eusebio
2619 784 2834 845 minus
2868 783 3301 862 periculosum
3327 786 3434 858 sit,
3462 802 3653 864 quam

385 913 453 973 in
505 905 701 970 sacris
748 900 1133 963 divinarum'
1165 894 1639 973 Scripturarum
1683 892 1898 954 libris?
1932 890 2278 952 Enimvero
2313 888 2532 950 multm
2565 905 2785 967 eaeque
2826 888 3224 965 gravissimae
3254 890 3536 951 rationes
3575 890 3654 951 ad

386 1029 573 1076 novae
605 1009 801 1085 hujus
850 1000 1407 1079 interpretationis
1439 1015 1604 1060 onus
1635 997 2040 1059 subeundum
2083 1011 2184 1056 me
2220 994 2315 1057 vel
2359 993 2635 1054 invitum
2676 993 3097 1072 impulerunt.
3149 994 3301 1055 Nam
3349 1010 3497 1056 cum
3541 1010 3657 1055 no-

386 1131 525 1177 vam
573 1102 1020 1169 Ecclesiastij
1066 1096 1378 1159 Historiw
1428 1098 1780 1159 editionem
1826 1102 2043 1156 vestro
2068 1094 2261 1171 jussu
2298 1092 2662 1170 vestrisque
2696 1092 3013 1169 auspiciis
3048 1094 3523 1173 suscepissem,
3559 1094 3655 1155 vi-

385 1216 756 1281 deremoue,
790 1200 1203 1283 superiorum
1235 1199 1653 1276 interpretum
1681 1195 2010 1257 versiones
2033 1193 2115 1255 ob
2138 1192 2404 1254 crebros
2435 1208 2690 1253 errores
2725 1210 2796 1253 ac
2820 1199 3206 1274 παριρμηνσίας
3240 1210 3651 1273 nequaquam

381 1314 748 1381 satisfacere
799 1304 1120 1369 desiderio
1172 1304 1506 1365 doctorum
1567 1305 1854 1364 virorum
1888 1344 1907 1375 ,
1967 1299 2513 1380 quemadmodum
2564 1298 2837 1359 Joannis
2874 1298 3157 1361 Curterii
3196 1307 3258 1361 et
3294 1299 3461 1360 Petri
3500 1299 3652 1361 Hal-

381 1419 563 1483 loixii
595 1413 962 1479 testimonio
988 1410 1114 1488 jam
1153 1417 1341 1471 antea
1380 1409 1767 1471 declaratum
1805 1413 1941 1479 est,
1991 1404 2267 1467 duorum
2299 1404 2571 1466 alterum
2601 1403 2758 1463 mihi
2798 1404 3167 1466 necessario
3215 1402 3647 1482 praestandum

376 1523 535 1597 fuit,
586 1526 654 1583 ut
702 1516 799 1579 vel
858 1515 1188 1591 antiquam
1250 1513 1851 1592 interpretationem
1902 1509 2317 1587 corrigerem,
2365 1507 2464 1569 vel
2504 1515 2676 1570 certe
2710 1509 3129 1587 procederem
3164 1524 3419 1570 novam.
3450 1508 3649 1571 Porro

374 1626 649 1687 aliorum
696 1614 1298 1696 interpretationem
1347 1617 1694 1695 corrigere,
1754 1623 1821 1677 ut
1882 1614 2227 1677 molestum
2281 1629 2393 1690 per
2434 1630 2504 1674 se
2549 1630 2623 1677 ac
2662 1611 2950 1687 difﬁcile,
2984 1610 3070 1674 ita
3108 1611 3297 1673 etiam
3346 1610 3646 1672 odiosum

377 1731 734 1793 videbatur.
783 1726 906 1785 Sua
953 1722 1126 1783 enim
1164 1724 1405 1803 cuique
1441 1722 1606 1798 laus,
1638 1738 1799 1783 suus
1837 1720 2045 1783 honos
2079 1720 2351 1781 debetur
2384 1736 2415 1780 a
2452 1718 2668 1781 nobis.
2704 1719 3029 1783 Fecerunt
3069 1718 3161 1779 illi
3201 1719 3521 1798 quidquid
3560 1719 3628 1781 in

372 1833 536 1911 ipsis
587 1828 733 1898 fuit,
783 1831 846 1886 et
897 1839 1017 1883 suo
1068 1820 1286 1883 labore
1331 1829 1623 1883 nostrum
1672 1820 1955 1883 laborem
1992 1820 2205 1884 levare
2244 1837 2317 1882 ac
2353 1821 2652 1883 minuere
2687 1820 2900 1882 conati
2934 1827 3112 1881 sunt.
3169 1820 3446 1881 Proinde
3478 1836 3644 1896 Opus

376 1935 895 2014 uniuscujusque
935 1926 1309 2003 interpretis
1354 1924 1750 1987 laudandum
1799 1925 2020 2004 potius
2069 1934 2165 1986 est
2203 1943 2235 1987 a
2284 1924 2475 1986 nobis
2526 1941 2721 2004 quam
2758 1922 3307 2002 iuterpolandum.
3343 1924 3642 1998 Rufinus,

371 2038 666 2118 quamvis
723 2046 985 2094 sensum
1045 2029 1264 2106 potius
1316 2029 1585 2091 Eusebii
1632 2035 1943 2108 sequatur
1995 2045 2192 2109 quam
2227 2029 2445 2101 verba,
2487 2035 2697 2091 tersus
2729 2037 2825 2090 est
2853 2036 3064 2089 tamen
3099 2046 3172 2090 ac
3207 2029 3493 2102 nitidus,
3525 2046 3645 2092 nec
3680 2066 3683 2071 ι

374 2136 740 2216 legentibus
777 2128 1210 2210 injucundus;
1242 2150 1315 2193 ac
1363 2138 1459 2193 vel
1497 2150 1575 2193 eo
1608 2131 1874 2193 nomine
1913 2130 2261 2210 plurimum
2296 2129 2686 2206 laudandus,
2737 2130 2909 2209 quod
2948 2128 3453 2191 Ecclesiasticam
3491 2129 3644 2191 His-

370 2243 597 2306 toriam
635 2239 879 2318 primus
913 2232 1153 2294 Latinae
1187 2232 1423 2310 linguae
1458 2231 1837 2292 hominibus
1870 2231 2071 2305 dedit,
2108 2231 2291 2309 cujus
2347 2230 2651 2291 versione
2699 2231 2775 2290 ad
2823 2237 3104 2290 nostram
3137 2246 3346 2310 usque
3391 2238 3638 2293 aetatem

369 2363 484 2409 usa
526 2352 621 2405 est
657 2338 1023 2405 Occidentis
1057 2331 1367 2394 Ecclesia.
1403 2330 1742 2394 Musculus
1773 2329 1994 2394 verbis
2030 2331 2320 2410 pressius
2355 2330 2637 2391 adhaeret
2663 2374 2681 2404 ,
2715 2336 2775 2389 et
2812 2329 2878 2389 in
2913 2330 3396 2408 interpretando
3429 2331 3643 2395 brevis

367 2454 465 2508 est
516 2452 709 2521 atque
766 2439 1168 2516 perspicuus,
1210 2435 1569 2516 multisque
1608 2437 1672 2496 iu
1716 2437 1872 2498 locis
1906 2434 2512 2514 ChristOphorsono
2550 2432 2825 2495 felicior.
2860 2432 3528 2512 Christ0phorsonus,
3572 2448 3641 2499 nt

364 2545 733 2623 diligentior
782 2558 854 2604 ac
910 2539 1159 2604 doctior
1213 2530 1533 2616 Musonio,
1570 2541 1664 2603 sic
1715 2541 1907 2602 etiam
1957 2539 2372 2602 numerosior
2423 2539 2688 2615 incedit,
2721 2547 2781 2600 et
2812 2537 3299 2601 Ciceronianum
3333 2540 3638 2620 quiddam
3702 2604 3709 2613 ,

364 2659 576 2716 sonat.
623 2652 930 2711 Praeterea
970 2639 1131 2709 usus
1176 2653 1273 2706 est
1323 2644 1780 2721 manuscriptis
1814 2644 2298 2724 exemplaribus
2330 2644 2406 2705 ad
2442 2642 3045 2719 interpretationem
3077 2660 3259 2706 suam
3299 2645 3642 2709 elaboran-

362 2754 549 2814 dam:
589 2753 965 2832 primusque
996 2747 1452 2827 Panegyricum
1485 2747 1777 2824 Eusebii,
1813 2747 2058 2809 dictum
2095 2747 2566 2810 tricennalibus
2599 2746 3041 2819 Constantini,
3076 2748 3302 2810 Latino
3331 2767 3636 2814 sermone

362 2854 586 2927 edidit,
641 2871 834 2930 quem
896 2859 1115 2930 postea
1170 2854 1582 2916 Genevenses
1629 2853 2006 2934 typograpbi
2045 2855 2264 2917 Graece
2313 2857 2742 2917 excuderunt.
2794 2856 2972 2917 Dicet
3009 2855 3112 2919 hic
3149 2858 3430 2937 aliquis:
3466 2858 3637 2933 Quid

360 2953 557 3033 igitur
589 2971 752 3033 Opus
785 2954 907 3016 fuit
941 2970 1105 3018 nova
1144 2957 1443 3020 versione
1470 3003 1487 3031 ,
1523 2975 1670 3021 cum
1719 2960 1811 3020 illi
1849 2959 2237 3035 interpretes
2272 2966 2363 3023 tot
2395 2961 2726 3040 tantisque
2761 2959 3063 3024 laudibus
3094 2962 3473 3027 abundent?
3503 2967 3637 3044 Ego

363 3078 517 3124 vero
551 3061 775 3131 laudes
802 3059 1062 3124 illorum
1096 3078 1555 3134 commemoro,
1592 3079 1722 3124 non
1766 3063 1917 3124 vitia
1951 3066 2179 3140 detego
2215 3084 2232 3125 :
2270 3081 2414 3143 quae
2437 3065 2699 3143 quidem
2735 3065 3013 3127 aliorum
3045 3067 3419 3129 testimonio
3440 3086 3631 3147 quam

361 3178 504 3237 meo
531 3162 711 3239 prodi
768 3161 1009 3224 malim.
1068 3161 1255 3237 Quod
1310 3163 1363 3223 si
1414 3161 1565 3242 quis
1605 3163 2053 3225 adnotationes
2101 3180 2277 3225 meas
2316 3162 2573 3241 legerit,
2630 3174 2741 3226 aut
2786 3165 3389 3245 interpretationem
3428 3186 3630 3232 meam

358 3286 504 3335 cum
538 3268 795 3331 illorum
831 3269 1133 3330 versione
1163 3263 1454 3327 conferre
1502 3265 1818 3339 voluerit,
1851 3265 2176 3343 intelliget
2217 3266 2503 3343 profecto
2537 3274 2697 3345 quot
2726 3267 3125 3346 quantisque
3166 3270 3499 3330 erroribus
3533 3289 3632 3333 re-

355 3370 536 3434 ferta:
563 3373 694 3434 sint
727 3372 983 3433 illorum
1020 3373 1616 3448 interpretationes,
1656 3387 1773 3431 nec
1813 3369 1954 3431 sine
1987 3387 2177 3430 causa
2218 3385 2448 3430 novam
2475 3368 2743 3430 Eusebii
2787 3368 3148 3429 versionem
3183 3369 3343 3430 mihi
3381 3388 3415 3432 a
3447 3371 3630 3436 vobis

355 3472 710 3551 injunctam
759 3473 989 3537 fuisse.
1030 3471 1151 3533 Sed
1191 3473 1504 3551 quoniam
1539 3488 1665 3534 non
1702 3471 2031 3534 voluntate
2066 3471 2177 3532 sed
2219 3472 2602 3534 necessitate
2634 3472 2907 3551 quadam
2942 3472 3010 3532 in
3047 3472 3224 3535 hunc
3255 3490 3625 3537 sermonem

354 3576 660 3653 delapsus
716 3594 889 3651 sum,
933 3580 1014 3638 de
1064 3572 1474 3648 superiorum
1506 3571 1931 3651 interpretum
1968 3572 2139 3633 vitiis
2175 3573 2542 3633 summatim
2583 3591 2782 3652 pauca
2823 3575 3057 3636 dicam.
3105 3577 3262 3638 Nam
3302 3578 3357 3639 si
3394 3588 3625 3642 cuneta

354 3674 615 3738 illorum
675 3680 962 3755 σφάλματα
1014 3673 1391 3754 singillatim
1447 3677 1677 3746 vellem
1733 3695 2156 3755 percensere,
2208 3677 2274 3737 in
2324 3676 2716 3740 immensum
2771 3679 3233 3743 extenderetur
3278 3684 3507 3745 oratio.
3548 3684 3625 3746 Ut

352 3775 553 3853 igitur
604 3794 639 3839 a
698 3777 927 3838 Rufino
974 3778 1311 3849 exordiar,
1341 3776 1492 3857 quis
1536 3777 1741 3840 nescit
1774 3777 1957 3839 illum
2002 3777 2280 3839 Eusebio
2316 3777 2513 3839 multa
2548 3794 2660 3855 pro
2694 3779 2961 3841 arbitrio
3011 3781 3379 3857 addidisse,
3424 3785 3621 3847 multa

351 3881 731 3956 detraxisse,
763 3882 961 3944 multa
998 3890 1309 3955 mutasse;
1343 3899 1418 3944 ac
1455 3880 1781 3962 plerisque
1815 3882 1879 3943 in
1919 3881 2074 3945 locis
2099 3889 2482 3965 παραφράστην
2513 3886 2726 3962 potius
2760 3903 2901 3946 esse
2930 3901 3120 3964 quam
3159 3885 3572 3964 interpretem
3595 3895 3625 3954 τ

349 3982 646 4056 Exempli
682 3984 906 4063 gratia,
941 3984 1006 4045 in
1034 3983 1200 4047 libro
1233 4005 1320 4050 vn
1352 3986 1432 4048 de
1463 3987 2241 4067 Gregoriinaumaturgi
2271 3989 2627 4064 miraculis,
2661 3991 2815 4053 satis
2848 3990 3157 4069 prolixam
3191 3995 3622 4059 narrationem

346 4080 644 4159 inserurt,
679 4102 822 4163 qua;
855 4086 1206 4153 inEusebii
1235 4094 1439 4155 nostri
1475 4094 1954 4172 exemplaribus
1986 4111 2114 4156 non
2160 4094 2455 4158 habetur.
2497 4095 2701 4168 Idem,
2736 4095 2801 4156 in
2850 4095 3013 4157 libro
3051 4112 3113 4155 ιχ
3150 4095 3414 4159 Luciani
3450 4116 3626 4163 mar-

348 4180 510 4259 tyris
543 4184 897 4247 orationem
935 4206 1047 4267 pro
1079 4192 1206 4255 ﬁde
1245 4203 1462 4257 nostra
1493 4212 1719 4257 coram
1754 4194 1980 4273 judice
2020 4194 2300 4257 habitam
2332 4206 2841 4268 commemorat,
2874 4213 3064 4271 quam
3101 4197 3362 4258 Eusebii
3397 4217 3626 4263 exem-

349 4281 547 4361 plaria
577 4300 702 4345 non
736 4298 1119 4364 agnoscunt.
1155 4294 1293 4356 Jam
1330 4313 1483 4359 vero
1517 4295 1838 4357 decimum
1870 4295 2331 4357 Ecclesiasticw
2370 4298 2681 4358 Historia:
2717 4296 2948 4359 librum
2985 4306 3186 4359 totum
3219 4298 3349 4360 fere
3384 4299 3449 4360 in
3488 4320 3625 4364 ver-

345 4384 534 4446 sione
566 4403 680 4448 sua
726 4393 1151 4464 praetermisrt.
1192 4395 1362 4456 Nihil
1392 4396 1496 4458 hic
1528 4395 1672 4457 dico
1712 4394 1792 4457 de
1832 4394 2151 4473 capitibus
2188 4394 2266 4455 ab
2300 4411 2378 4455 eo
2409 4395 2815 4456 commutatis
2851 4396 2915 4456 in
2968 4395 3130 4456 libro
3180 4402 3364 4457 sexto
3403 4414 3475 4458 ac
3508 4417 3610 4462 se-

344 4485 589 4563 ptimo,
630 4490 1151 4573 quandoquidem
1186 4496 1248 4557 in
1283 4494 1809 4558 adnotationibus
1843 4494 2009 4555 meis
2044 4494 2160 4555 hac
2195 4492 2276 4553 de
2319 4510 2386 4553 re
2428 4492 2727 4554 lectorem
2785 4492 3117 4553 admonui.
3154 4491 3325 4566 Quot
3360 4495 3621 4559 Eusebii

345 4584 482 4648 loca
534 4588 612 4651 ab
664 4591 777 4654 illo
832 4611 1165 4674 perperam
1220 4603 1477 4678 accepta
1524 4604 1588 4660 et
1639 4597 2054 4676 interpretata
2100 4597 2288 4658 sunt!
2328 4596 2453 4657 Hic
2485 4603 2583 4657 est
2619 4596 2732 4676 qui
2775 4614 2856 4657 ex
2905 4595 3205 4658 Zacharia
3240 4600 3614 4673 sacerdote,

344 4686 528 4764 cujus
577 4689 643 4751 in
684 4694 1032 4772 Evangelio
1081 4703 1267 4764 Lacte
1298 4702 1368 4764 fit
1407 4703 1694 4776 mentio,
1730 4709 2073 4781 martyrem
2122 4702 2311 4763 nobis
2347 4702 2849 4779 Lugdunensem
2893 4703 3130 4765 offecit.
3179 4704 3300 4766 Hic
3356 4715 3454 4768 est
3502 4710 3616 4787 qui

348 4786 698 4853 Bibliadem
747 4811 891 4857 cum
930 4799 1244 4865 Blandina
1279 4805 1592 4866 confudit.
1645 4806 1765 4867 Hic
1811 4812 1908 4867 est
1947 4806 2062 4884 qui
2096 4804 2546 4866 Philoromum
2581 4805 3065 4868 nobilissimum
3105 4816 3495 4891 martyrem,
3524 4786 3617 4877 ex

341 4892 652 4958 rationale
698 4898 1026 4965 tribunum
1067 4908 1346 4970 militum
1384 4909 1561 4973 fecit.
1611 4912 1706 4973 De
1751 4911 2049 4973 Musculo
2098 4921 2253 4972 vero
2302 4911 2460 4990 quid
2494 4911 2725 4973 attinet
2756 4910 2998 4989 dicere,
3048 4913 3236 4993 cujus
3282 4918 3614 4983 versiones

343 5001 509 5078 (nam
565 5011 629 5067 et
680 5006 844 5071 alios
898 5012 1245 5091 scriptores
1310 5013 1533 5074 Latine
1585 5014 2046 5092 interpretatus
2104 5014 2222 5092 est)
2275 5031 2400 5076 non
2457 5032 2847 5094 magnopere
2890 5017 3250 5094 probantur
3296 5038 3328 5082 a
3365 5022 3616 5086 doctis?

338 5104 900 5170 lnnnumerabiles
931 5114 1072 5190 ejus
1110 5133 1364 5179 errores
1404 5117 1691 5196 proferre
1726 5135 1979 5195 possem
2007 5161 2025 5191 ,
2061 5118 2119 5180 si
2174 5117 2406 5181 vellem
2445 5141 2461 5180 :
2501 5119 2670 5181 inter
2696 5137 2861 5200 quos
2898 5121 3003 5183 hic
3037 5123 3306 5188 eminet.
3363 5126 3613 5207 Diony-

337 5205 476 5309 sius
509 5209 1024 5290 Alexandrinus,
1061 5216 1126 5278 in
1155 5217 1423 5298 epistola
1457 5219 1770 5283 adversus
1813 5222 2207 5284 Germanum
2236 5265 2253 5296 ,
2287 5239 2481 5300 quam
2521 5221 2713 5286 refert
2745 5225 3075 5288 Eusebius
3107 5227 3168 5289 in
3201 5226 3368 5291 libro
3400 5205 3608 5309 sexto,

335 5304 422 5366 ait
451 5323 522 5368 se
550 5318 682 5389 ,περὶ
721 5316 869 5376 ἡλίου
906 5314 1118 5393 δυσμάς
1147 5324 1690 5400 comprehensum
1722 5345 1757 5389 a
1788 5328 1975 5390 militi

1968 5329 2135 5402 ibus,
2169 5336 2229 5390 et
2265 5330 2624 5406 Taposirim
2664 5348 2809 5394 esse
2851 5334 3260 5412 perductum.
3300 5339 3384 5398 At
3428 5304 3608 5403 Mus;

334 5411 519 5473 culus
565 5413 1020 5495 Heliodysmas
1067 5423 1376 5502 oppidum
1413 5442 1558 5490 esse
1589 5426 1884 5489 credidit.
1916 5428 2024 5490 Sic
2051 5428 2222 5488 enim
2258 5428 2445 5490 vertit
2486 5451 2504 5492 :
2536 5430 2671 5509 Ego
2702 5449 2966 5512 namque
3004 5452 3140 5494 cum
3170 5433 3608 5514 Heliodysmas

338 5532 461 5574 una
493 5534 629 5576 cum
658 5517 790 5580 illis
819 5521 930 5599 qui
958 5541 1186 5586 mecum
1218 5536 1393 5589 erant
1417 5571 1433 5600 ,
1464 5530 1798 5604 venissem,
1833 5530 2196 5609 Taposirim
2226 5549 2263 5590 a
2286 5530 2601 5593 militibus
2634 5530 2866 5594 ductus
2895 5553 3054 5595 sum.
3093 5537 3263 5598 Idem
3301 5548 3604 5614 prteterea

333 5617 667 5683 Musculus
698 5622 931 5686 librum
971 5625 1236 5689 Eusebii
1269 5627 1357 5687 Ds
1388 5629 1773 5706 martyribus
1806 5629 2197 5707 Ραιωσιὶηω,
2246 5626 2367 5713 qui
2398 5635 2733 5714 subjectus
2776 5641 2876 5698 est
2924 5636 3090 5698 libro
3144 5655 3259 5699 vm
3294 5638 3603 5702 Historia:

335 5716 1063 5823 Ecclesiasticwptotum
1093 5728 1160 5791 in
1193 5730 1495 5794 versione
1525 5748 1641 5796 sua
1688 5734 2137 5812 pratermisit;
2172 5752 2363 5816 quam
2413 5736 2497 5800 ob
2543 5752 2827 5813 causam,
2865 5737 3109 5802 nescio.
3143 5740 3253 5802 Est
3285 5738 3455 5803 enim
3488 5740 3598 5805 ille
