4154 6414
522 334 596 390 27
1788 327 2061 385 VALESll
2097 324 2489 384 PREFATIO.
3194 306 3201 311 ’
3703 317 3775 372 23

526 449 788 513 Eusebii
845 449 1009 513 liber
1051 446 1596 526 elegantissimus.
1641 445 1944 523 Superest
1968 441 2181 506 versio
2209 438 2481 502 Joannis
2511 435 3101 516 ChristOphorsoni,
3134 452 3279 516 quae
3313 451 3428 497 nec
3474 434 3608 510 ipsa
3643 451 3769 495 nae-

525 552 623 611 vis
651 550 790 612 suis
823 557 1014 611 caret.
1045 550 1228 623 Nam,
1267 561 1339 616 ut.
1376 554 1665 615 omittam
1706 549 2137 612 barbarismos
2165 545 2281 627 qui
2316 546 2383 606 in
2410 545 2515 606 illa
2541 543 2781 620 saepius
2812 550 3183 615 occurrunt,
3216 540 3487 602 nimium
3522 539 3768 615 prolixa

523 671 583 719 et
612 656 915 720 laciniosa
948 663 1043 719 est
1074 656 1216 732 ejus
1246 650 1715 727 interpretatio,
1746 648 1905 709 dum
1939 663 2128 707 voces
2152 642 2462 725 quasdam
2496 641 2675 702 addit
2702 645 2778 702 ad
2820 642 3201 718 explendam
3251 640 3590 717 periodum
3613 681 3630 709 ,
3663 646 3773 699 aut

521 756 598 816 ad
637 753 1031 815 obscurioris
1080 749 1205 813 loci
1250 750 1737 829 expositionem
1785 764 1937 809 suas
1986 746 2201 825 adjicit
2245 750 2611 818 ἐπεξηγήηις.
2663 741 2992 803 Interdum
3028 740 3217 803 etiam
3251 758 3327 800 ex
3367 740 3621 799 duabus
3667 758 3775 813 pe-

521 861 723 921 riodis
768 875 957 921 unam
992 856 1179 927 facit,
1211 862 1273 917 et
1305 855 1435 915 duo
1468 852 1669 931 capita
1704 851 1768 911 in
1804 866 2008 911 unum
2060 845 2337 919 confert,
2386 846 2546 906 adeo
2582 852 2651 905 ut
2687 845 3058 905 Latinorum
3110 844 3388 921 capitum
3434 843 3770 903 distinctio

520 962 590 1023 in
638 963 779 1039 ejus
830 958 1363 1035 interpretatione
1411 956 1684 1017 multum
1724 953 2044 1030 discrepet
2076 970 2108 1012 a
2138 950 2380 1011 Graeca.
2411 948 2569 1022 Qum
2605 965 2705 1010 res
2734 958 3037 1026 quantam
3076 947 3274 1023 pariat
3310 946 3664 1007 molestiam
3699 962 3771 1006 ac

522 1057 1072 1132 perturbationem
1108 1058 1174 1118 in
1205 1060 1483 1123 citandis
1507 1078 1583 1121 ex
1619 1057 1905 1120 Eusebio
1948 1056 2134 1128 locis,
2185 1060 2427 1116 norunt
2465 1070 2694 1116 omnes
2740 1052 3045 1113 studiosi.
3080 1052 3252 1113 Idem
3290 1052 3351 1111 in
3391 1049 3772 1125 theologicis

521 1157 784 1235 quidem
821 1158 979 1219 satis
1019 1158 1406 1225 exercitatus
1451 1162 1615 1236 fuit,
1650 1162 1759 1223 sed
1792 1161 2032 1222 criticm
2068 1158 2225 1221 artis
2260 1157 2484 1236 peritia
2520 1164 2582 1218 et
2607 1156 3014 1234 antiquitatis
3054 1156 3357 1216 Romanm
3400 1155 3769 1231 cognitione

520 1256 750 1318 leviter
799 1258 1180 1320 instructus.
1228 1263 1440 1332 Quare
1488 1259 1554 1318 in
1600 1257 1877 1337 prOpriis
1924 1255 2254 1318 vocabulis
2291 1254 2780 1332 magistratuum
2816 1254 3274 1324 Romanorum,
3310 1260 3369 1314 et
3402 1254 3471 1315 in
3511 1255 3589 1314 iis
3623 1271 3770 1331 quae

518 1362 593 1423 ad
648 1362 902 1423 civilem
940 1360 1561 1425 administrationem
1588 1359 1931 1438 pertinent,
1965 1364 2275 1436 perpetuo
2320 1357 2554 1418 labitur
2588 1377 2605 1417 :
2644 1356 2819 1418 verbi
2849 1356 3078 1433 gratia,
3120 1357 3183 1416 in
3218 1357 3621 1433 eXpouendis
3656 1373 3768 1415 vo-

518 1461 706 1522 cibus
735 1470 1009 1541 ἡγεμόνος,
1043 1476 1345 1542 στρατηγοῦ
1364 1507 1382 1537 ,
1421 1472 1718 1542 ἱπαρχικῆς
1751 1469 1953 1532 τάξεως
1982 1468 2046 1523 et
2074 1462 2141 1520 in

2132 1479 2141 1520 ι
2174 1459 2501 1521 similibus
2531 1459 2706 1521 aliis.
2745 1459 3079 1520 Postremo
3114 1458 3347 1519 librum
3387 1460 3650 1521 Eusebii
3688 1460 3772 1519 De

515 1561 903 1639 martyribus
932 1560 1314 1637 Ριιιωειίηω,
1347 1564 1459 1643 qui
1498 1564 1561 1623 in
1594 1563 1885 1623 editione
1921 1560 2183 1622 Roberti
2216 1558 2525 1635 Stephani
2572 1567 2635 1620 et
2668 1558 2735 1619 in
2786 1559 3246 1636 manuscriptis
3287 1562 3773 1638 exemplaribus

517 1661 905 1738 subjunctus
956 1669 1052 1723 est
1099 1671 1321 1725 octavo
1370 1664 1680 1730 Historia;-
1723 1657 2157 1721 Ecclesiastica

2127 1677 2175 1719 ω
2230 1658 2393 1720 libro
2436 1655 3065 1734 Chrisl0phorsonus
3097 1658 3161 1718 in
3208 1667 3498 1717 octavum
3533 1658 3767 1719 librum

519 1765 900 1832 transfudit.
932 1782 1075 1827 cum
1122 1766 1265 1844 ejus
1298 1777 1540 1845 partem
1580 1767 1766 1828 illum
1814 1782 1962 1828 esse
2010 1766 2316 1828 crederet.
2361 1764 2567 1839 Quem
2613 1762 3182 1842 Christophorsoni
3234 1779 3514 1825 errOx-em
3560 1764 3770 1825 secuti

516 1872 735 1943 postea
769 1865 1146 1943 typographi
1186 1869 1622 1935 Genevenses,
1658 1873 1727 1928 ut
1762 1866 1973 1927 Graeca
2012 1864 2254 1926 Latinis
2292 1870 2579 1940 aptarent
2605 1908 2624 1938 ,
2656 1880 2733 1924 ex
2764 1862 3018 1922 duobus
3050 1863 3312 1923 Eusrbii
3351 1864 3530 1924 libris
3566 1881 3767 1924 unum

513 1968 754 2031 fecere.
789 1973 1002 2046 Atque
1046 1969 1177 2033 lucc
1211 1966 1474 2045 carptim
1511 1968 1678 2028 dicta
1720 1966 1850 2025 sint
1882 1966 1961 2027 de
2010 1964 2183 2025 vitiis
2230 1961 2640 2042 superiorum
2688 1960 3326 2037 interpretatiouum;
3382 1979 3507 2023 non
3554 1964 3769 2026 obtre-

514 2070 730 2130 ctandi
761 2070 1003 2142 animo,
1042 2086 1159 2131 nec
1185 2071 1547 2133 minuendae
1569 2070 1949 2149 cujusquam
1999 2067 2369 2144 interpretis
2398 2065 2660 2143 gloriae,
2703 2067 2814 2126 sed
2858 2073 2923 2125 ut
2958 2065 3227 2125 studiosi
3263 2082 3487 2128 omnes
3529 2066 3768 2130 intelli-

513 2176 693 2245 εωιι,
738 2184 857 2230 "05
904 2184 1033 2229 ΠΟΠ
1064 2170 1205 2229 Sine
1240 2192 1428 2238 causa
1466 2193 1691 2239 novam
1741 2173 2325 2252 interpretationem
2366 2171 2755 2249 suscepisse.
2789 2174 2989 2245 Quam
3024 2183 3089 2233 ut
3125 2171 3461 2251 perfectam
3500 2176 3763 2251 quidem

514 2278 578 2332 et
622 2272 908 2333 numeris
942 2272 1249 2333 omnibus
1284 2275 1635 2337 absolutam
1676 2282 1973 2353 praestare
2011 2289 2134 2334 non
2169 2274 2375 2334 ausim
2409 2270 2496 2351 (id
2533 2271 2703 2333 enim
2744 2271 2956 2332 nimim
2989 2281 3151 2334 esset
3185 2276 3348 2335 conti
3374 2276 3608 2354 lentim)
3633 2321 3649 2345 ,
3682 2277 3763 2339 ita

512 2370 813 2448 plurimis
865 2372 1119 2432 mendis
1176 2375 1415 2450 quibus
1460 2378 1830 2457 superiores
1872 2377 2435 2454 interpretationes
2485 2381 2757 2447 scatent,
2799 2395 3011 2436 carere
3047 2377 3310 2439 fidenter
3335 2378 3601 2441 aflirmo.
3639 2382 3768 2443 Cte-

513 2487 720 2539 terum
768 2496 914 2542 cum
954 2481 1069 2540 tria
1110 2480 1513 2558 potissimum
1551 2482 1618 2542 in
1654 2481 1949 2543 versione
1984 2480 2427 2559 requirantur,
2464 2489 2532 2538 ut
2566 2479 2865 2539 nimirum
2907 2480 3117 2540 tillelis
3151 2481 3256 2554 sit,
3291 2488 3361 2543 ut
3398 2485 3653 2563 elegans
3688 2500 3765 2550 ac

512 2581 875 2660 perSpicua,
910 2599 1168 2660 operam
1200 2578 1343 2643 dedi
1378 2595 1459 2638 ne
1488 2577 1642 2655 quid
1682 2575 1909 2637 horum
1944 2575 2011 2635 in
2044 2574 2340 2635 versione
2376 2582 2591 2634 nostra
2623 2574 3126 2638 desideraretur.

590 2682 1197 2761 lnterpretalionem
1228 2689 1595 2763 sequuntur
1624 2681 2096 2743 adnotationes.
2134 2680 2204 2740 In
2237 2680 2475 2759 quibus
2504 2680 2635 2742 duo
2671 2680 3075 2757 potissimum
3109 2683 3389 2759 Spectavi
3433 2703 3450 2743 :
3484 2682 3761 2759 primum

517 2793 586 2847 ut
643 2788 1170 2849 emendationum
1229 2802 1517 2848 mearum
1579 2784 1894 2846 rationem
1950 2784 2304 2857 redderem,
2352 2793 2415 2845 et
2460 2785 2663 2845 varias-
2703 2786 3086 2863 scriptorum
3118 2789 3413 2849 codicum
3451 2787 3763 2849 lectiones

513 2890 831 2952 studiosis
870 2904 1288 2969 proponerem
1315 2906 1336 2949 :
1376 2883 1609 2945 deinde
1638 2890 1706 2946 ut
1736 2884 2145 2947 obscuriores
2180 2884 2443 2943 Eusebii
2478 2884 2652 2944 locos
2684 2884 3096 2958 illustrareui,
3130 2895 3191 2947 et
3218 2888 3517 2965 antiquos
3552 2889 3765 2947 Eccle-

513 2990 628 3049 siae
665 3006 877 3051 mores
922 3008 995 3051 ac
1029 2991 1187 3050 ritus
1217 2987 1469 3050 collatis
1507 2985 1782 3047 aliorum
1825 2986 2207 3064 scriptorum
2249 2985 2405 3046 locis
2444 2986 2859 3064 etplicarem.
2910 2990 3451 3050 Adnotationibus
3486 3006 3767 3065 quatuor

513 3109 545 3151 a
602 3111 702 3153 me
735 3094 1089 3173 subjunctm
1118 3097 1270 3155 sunt
1299 3090 1818 3152 dissertationes.
1849 3089 2131 3163 Quarum
2183 3089 2383 3169 prima
2434 3096 2527 3150 est
2574 3090 2652 3150 de
2692 3091 2878 3151 initio
2914 3108 2985 3152 ac
3025 3109 3367 3168 progressu
3402 3094 3762 3156 schismatis

510 3192 1018 3255 Donatistarum.
1053 3192 1265 3254 Altera
1300 3200 1395 3253 est
1427 3193 1506 3254 de
1542 3194 1835 3253 Anastasi
1871 3201 1933 3253 et
1980 3192 2284 3270 martyrio
2332 3191 2950 3271 Hierosolymitano.
2994 3194 3170 3256 Hanc
3207 3197 3499 3273 sequitur
3535 3198 3766 3277 diSpu-

512 3290 670 3351 talio
697 3292 775 3353 de
821 3293 1116 3355 versione
1164 3295 1339 3355 LXX
1370 3295 1793 3371 lnterpretum
1845 3294 2154 3355 adversus
2190 3294 2492 3356 Jacobum
2526 3295 2849 3357 Usserium
2874 3298 3363 3362 Armachanum.
3396 3300 3629 3374 Quarta
3668 3308 3764 3363 est

513 3390 592 3453 de
638 3394 1088 3475 Martyrologio
1130 3401 1414 3460 Romano
1457 3399 1626 3477 quod
1664 3398 1860 3458 edidit
1898 3398 2315 3476 Rosweydus.
2355 3400 2565 3478 Atque
2604 3400 2735 3460 hanc
2766 3409 2918 3461 sunt
2949 3420 3092 3481 qum
3121 3404 3196 3461 ad
3237 3404 3608 3465 Eusebianm
3642 3406 3761 3465 lii-

514 3492 727 3554 slorim
776 3494 1270 3560 illustrationem
1305 3517 1334 3560 a
1386 3520 1484 3561 me
1537 3501 1599 3560 in
1647 3501 1764 3561 hac
1796 3501 2084 3561 editione
2115 3502 2440 3563 elaborata
2491 3510 2669 3563 sunt.
2707 3503 2864 3576 Qum
2895 3505 2948 3564 si
2984 3505 3259 3583 cuipiam
3292 3509 3561 3569 fortasse
3599 3508 3762 3568 levia

512 3591 909 3655 videbuntur
943 3615 1014 3658 ac
1048 3599 1193 3661 vilia
1217 3648 1233 3673 ,
1270 3604 1324 3664 is
1358 3605 1631 3681 cogitet,
1689 3605 2062 3676 huiusmodi
2098 3606 2228 3668 fere
2260 3615 2486 3669 cuncta
2532 3626 2675 3669 esse
2709 3626 2851 3685 quae
2883 3609 2947 3668 in
2984 3607 3100 3670 hoc
3131 3628 3362 3686 genere
3409 3611 3759 3673 litterarum

514 3692 967 3770 ιποῐθτυηιυιο,
996 3700 1203 3780 iisque
1238 3724 1349 3780 pro
1383 3709 1596 3769 studio
1637 3708 1982 3786 legentium
2027 3728 2097 3769 ac
2134 3709 2460 3770 stomacho
2502 3719 2611 3770 aut
2645 3712 2917 3788 pretium
2952 3719 3059 3772 aut
3107 3719 3539 3789 contemptum
3574 3728 3764 3774 accc-

513 3793 690 3856 dere.
748 3797 900 3857 Nam
954 3798 1011 3859 si
1066 3805 1326 3881 quidem
1368 3824 1623 3887 aequum
1676 3827 1749 3869 ac
1798 3808 2162 3869 studiosum
2214 3809 2515 3869 lectorem
2550 3809 2943 3880 invenerint,
2982 3813 3192 3887 magni
3231 3813 3671 3886 instituantur;
3704 3815 3759 3874 si

516 3908 667 3955 vero
701 3896 764 3957 in
796 3898 1164 3964 fastidiosas
1203 3923 1396 3967 aures
1436 3908 1805 3980 inciderint,
1856 3924 1971 3987 pro
2018 3907 2222 3968 nihilo
2265 3909 2616 3969 ducuntur.
2669 3908 2918 3969 Deinde
2968 3913 3127 3987 quid
3178 3910 3301 3971 nisi
3352 3912 3613 3988 vulgare
3648 3915 3762 3975 ad-

514 4004 775 4066 modum
816 4016 876 4068 et
913 4011 1235 4076 mediocre
1272 4012 1775 4089 exspectandum
1812 4020 1930 4083 est,
1966 4032 1998 4075 a
2032 4031 2133 4075 me
2173 4013 2519 4092 prmserlim
2553 4014 2663 4092 qui
2699 4013 2781 4075 ob
2808 4013 3202 4075 debilitatem
3236 4015 3571 4078 oculorum
3605 4020 3761 4079 alie-

514 4103 613 4164 nis
650 4107 853 4168 oculis
889 4126 963 4204 ac
998 4114 1294 4178 manibus
1339 4118 1626 4196 etlegere
1656 4136 1848 4196 cogor
1878 4127 1937 4181 et
1988 4121 2268 4182 scribere
2320 4141 2336 4181 :
2372 4128 2432 4180 et
2488 4120 2600 4199 qui
2652 4121 2805 4182 dum
2853 4130 3106 4199 promer
3144 4122 3379 4183 laboris
3434 4127 3760 4203 magnitu-

512 4207 731 4269 dinem
777 4228 1032 4289 semper
1073 4217 1153 4278 ad
1197 4222 1498 4285 ulteriora
1537 4223 1798 4298 festino,
1847 4234 2049 4285 totum
2102 4225 2221 4287 hoc
2249 4226 2702 4305 qualecunque
2735 4233 2824 4285 est
2862 4242 3027 4302 opus
3062 4228 3145 4287 ita
3184 4239 3593 4305 properanter
3630 4231 3760 4292 dic-

509 4312 660 4386 tavi,
696 4323 765 4375 ut
797 4317 901 4377 vix
937 4318 1256 4399 relegendi
1296 4322 1448 4383 mihi
1485 4324 1685 4385 otium
1716 4323 1930 4387 fuerit.
1960 4324 2106 4399 Quo
2137 4326 2334 4404 magis
2366 4325 2754 4403 indulgenda
2794 4325 2948 4387 mihi
2984 4335 3079 4389 est
3120 4329 3334 4404 venia,
3382 4329 3584 4392 sicubi
3640 4331 3760 4393 for-

510 4418 681 4474 tasse
728 4414 796 4474 in
844 4417 1367 4489 adnotationibus
1423 4429 1673 4492 lectoris
1734 4430 2057 4492 desiderio
2096 4447 2223 4492 non
2275 4448 2743 4511 usquequaque
2774 4431 3077 4494 satisfeci.
3118 4432 3434 4496 Caeterum
3469 4436 3543 4496 ad
3584 4435 3759 4497 invi-

510 4519 736 4578 tandos
771 4518 1066 4593 lectores.
1116 4524 1180 4586 in
1214 4526 1355 4604 ipso
1387 4530 1599 4607 operis
1634 4532 1961 4593 vestibulo
1996 4533 2434 4595 doctissimam
2471 4534 2803 4612 epistolam
2841 4536 3193 4610 collocavi,
3229 4554 3417 4615 quam
3453 4538 3758 4601 illustris-

507 4617 713 4680 simus
767 4637 836 4682 ac
876 4626 1459 4689 reverendissimus
1498 4628 2032 4708 archiepiscows
2073 4631 2435 4693 Tolosanus
2466 4632 2691 4692 Petrus
2726 4634 2804 4693 de
2836 4633 3068 4707 Marce,
3109 4634 3205 4694 vir
3236 4634 3595 4695 divinarum
3639 4638 3758 4695 bn-

509 4735 971 4800 manarumque
1022 4740 1233 4786 rerum
1293 4729 1559 4795 scientia
1611 4733 2174 4804 instructissimus,
2228 4735 2306 4795 ad
2353 4752 2453 4796 me
2500 4735 2753 4811 scripsit
2791 4735 2869 4795 de
2907 4737 3103 4813 prima
3142 4737 3468 4812 Evangelii
3526 4740 3753 4807 manli-

507 4822 756 4884 catione
800 4824 864 4885 in
920 4825 1144 4889 Gallia.
1196 4828 1523 4911 Quidquid
1578 4835 1774 4914 igitur
1819 4837 1985 4912 taedii
2037 4854 2109 4899 ac
2153 4838 2461 4901 molestiae
2490 4857 2567 4902 ex
2602 4839 3121 4901 lucubrationum
3162 4856 3441 4900 mearum
3480 4839 3754 4901 lectione

506 4925 946 4988 contraxerint
981 4925 1288 5003 studiosi,
1325 4926 1391 4991 id
1422 4929 1617 5011 hujus
1650 4931 1940 5012 epistolae
1973 4933 2340 5000 eruditione
2371 4944 2433 5001 et
2466 4937 2836 5002 ammnitate
2868 4938 3053 5002 facile
3090 4939 3448 5019 detergent.
