4154 6442
380 351 451 406 29
1366 341 1706 400 EPISTOLA
1741 342 1833 396 AD
1871 337 2232 396 lIENBlCUM
2271 333 2644 396 VALESIUM.

402 487 3628 530 _____________________________________..____._....___.

1120 654 1840 771 PETRUS
1913 657 2152 766 DE
2221 651 2875 764 MARCA

1525 887 2064 938 ARCHIEPISGOPUS
2097 883 2466 931 TOLOSANUS

897 1033 1346 1095 CLARISSIMO
1392 1033 1491 1090 ET
1537 1031 2088 1089 ERUDITISSIMO
2136 1029 2316 1086 VIRO
2371 1025 2718 1084 HENRICO
2764 1023 3079 1082 VALESIO

1891 1147 1950 1204 S.
1989 1146 2055 1203 P.
2091 1145 2161 1202 D.

456 1445 710 1506 Gratulor
729 1447 845 1512 tibi,
867 1457 920 1502 et
945 1445 1200 1502 Ecclesiae
1225 1445 1517 1506 universae,
1544 1443 1613 1497 ob
1633 1457 1750 1497 eam
1779 1456 1942 1512 quam
1973 1445 2018 1501 A
2050 1439 2318 1510 Lugduni.
2345 1454 2450 1495 una
2480 1453 2604 1495 cum
2631 1437 2784 1493 urbis
2817 1435 3228 1506 magistratibus
3255 1449 3360 1488 non
3387 1434 3623 1490 infelici-

372 1541 427 1596 in
445 1543 698 1596 vertenda
721 1549 775 1594 et
797 1540 1042 1593 ornanda
1063 1538 1280 1593 Eusebii
1308 1536 1546 1590 Historia
1571 1533 1944 1588 Ecclesiastica

367 1647 584 1702 operam
606 1629 854 1702 posuisti,
891 1629 1048 1698 juxta
1087 1629 1216 1684 cleri
1277 1627 1544 1684 Gallicani
1590 1627 1942 1683 desiderimn.

372 1721 520 1776 lllam
559 1723 755 1790 quippe
777 1720 923 1774 acris
957 1721 1156 1787 ingenii
1204 1719 1488 1776 solertiam
1521 1720 1944 1787 maturiorisque

365 1812 557 1882 judicii
603 1812 710 1867 vim
745 1827 868 1867 cum
919 1828 1128 1867 stnnma
1193 1814 1506 1868 eruditione
1571 1813 1940 1880 conjunctam,

369 1919 533 1972 quam
558 1905 608 1956 in
635 1903 871 1957 editione
899 1903 1172 1958 Ammiani
1194 1943 1210 1968 ,
1261 1911 1318 1957 et
1362 1903 1751 1970 Excerptorum
1787 1903 1943 1974 Poly-

369 1996 466 2061 bii,
513 1995 726 2049 senatui
792 1993 1153 2048 litteratorum
1215 1993 1343 2048 olim
1403 1995 1754 2062 probaveras.
1799 2004 1941 2048 nttttc

369 2086 580 2142 felicius
634 2086 923 2141 exseruisti
980 2085 1035 2140 in
1085 2084 1306 2154 majoris
1350 2089 1607 2140 momenti
1664 2085 1936 2152 Historia,

369 2187 482 2232 tum
515 2193 544 2230 a
573 2177 724 2230 vitiis
752 2176 1069 2240 lectionum,
1092 2184 1206 2230 tum
1245 2182 1314 2231 ab
1361 2177 1718 2245 interpretum
1762 2177 1938 2230 hallu-

365 2269 734 2324 ciuatiouibus
759 2269 1037 2336 purganda
1063 2307 1081 2332 ,
1123 2268 1359 2338 egregiis
1390 2269 1623 2338 denique
1653 2271 1706 2323 in
1743 2269 1936 2323 diliici.

363 2357 529 2432 liores
557 2359 706 2413 locos
735 2357 995 2412 adhibitis
1021 2359 1428 2413 commentariis
1465 2359 1804 2414 illustranda.
1835 2361 1938 2414 lie-

362 2463 484 2502 rnm
528 2447 1026 2502 ecclesiasticarum
1055 2448 1299 2516 origines
1343 2449 1608 2504 indelessa
1654 2451 1934 2520 diligentia

367 2535 702 2606 perquisitas
737 2536 1026 2604 descripsit
1064 2535 1364 2601 Eusebius;
1403 2537 1498 2591 sed
1526 2553 1655 2590 usus
1694 2540 1936 2605 quando-

360 2642 470 2698 que
507 2627 752 2682 oratione
785 2643 852 2684 ex
888 2629 1048 2698 genio
1081 2627 1439 2684 Orientalium
1487 2628 1783 2698 perplexa;
1833 2629 1934 2682 ali-

360 2720 579 2789 quando
609 2734 736 2774 vero
765 2728 986 2789 propter
1029 2719 1228 2788 lingnze
1269 2734 1594 2788 morumque
1633 2720 1931 2786 ignoratio-

361 2822 485 2861 nem
519 2807 701 2863 miuus
733 2808 1027 2863 intellecta.
1066 2809 1236 2876 Quem
1274 2808 1564 2873 singularis
1607 2810 1932 2864 eruditionis
1967 2799 2005 2852 Β

362 2911 466 2954 tua:
507 2899 646 2966 luce,
683 2901 886 2972 apertis
928 2902 1217 2956 vetustatis
1257 2901 1644 2956 ecclesiastica:
1690 2904 1930 2969 arcanis,

359 2991 537 3049 civilis
568 3007 804 3063 quoque,
837 2995 1058 3060 quando
1089 3007 1174 3046 res
1200 2993 1470 3062 exigebat,
1498 2993 1821 3062 patefecisti.
1855 2996 1933 3050 Ex

357 3099 466 3154 quo
505 3085 836 3151 voluptatem
868 3085 986 3153 cepi
1013 3084 1340 3150 maximam;
1366 3101 1470 3138 non
1512 3085 1684 3138 solum
1713 3097 1934 3154 propter

361 3175 507 3229 illam
533 3215 549 3240 ,
593 3190 713 3244 quae
758 3175 890 3228 mihi
923 3175 1227 3229 communis
1259 3174 1438 3229 futura
1483 3188 1568 3230 est
1596 3193 1717 3230 cum
1747 3179 1932 3244 probis

355 3267 653 3322 eteruditis
679 3267 833 3329 viris,
857 3281 924 3320 ex
971 3281 1034 3321 ea
1079 3267 1307 3322 lectione
1336 3269 1687 3322 hauriendam
1729 3271 1932 3324 doctri-

357 3373 444 3411 na:
471 3357 708 3423 copiam,
740 3357 832 3411 sed
871 3357 1014 3425 quod
1049 3358 1232 3411 studio
1267 3359 1572 3414 decessoris
1605 3362 1706 3414 mei
1747 3361 1926 3416 Caroli

355 3449 425 3504 de
474 3448 744 3502 Montchal
767 3487 783 3513 ,
838 3448 1232 3516 archiepiscopi
1263 3447 1518 3503 Tolosani
1547 3491 1562 3513 ,
1597 3451 1696 3505 viri
1729 3453 1928 3519 pietate

356 3547 413 3594 et
453 3540 768 3599 eruditione
805 3539 1078 3607 querulum
1119 3539 1483 3603 celeberrimi,
1534 3541 1600 3593 ad
1651 3545 1752 3595 hoc
1795 3558 1929 3609 opus

356 3631 586 3683 arduum
630 3629 1016 3698 perficiendum
1055 3637 1108 3682 te
1150 3617 1456 3683 accinxisti.
1513 3629 1680 3698 Cujus
1741 3633 1924 3686 sedem

355 3737 478 3775 cum
516 3722 852 3790 possideam,
905 3719 1302 3775 seddendarum
1347 3720 1444 3773 tibi
1491 3721 1791 3790 gratiarum
1829 3738 1927 3775 no...

355 3826 502 3874 men,
528 3811 670 3878 quod
703 3808 1054 3868 successione
1081 3810 1354 3876 contraxi,
1379 3809 1464 3864 his
1497 3810 1694 3867 litteris
1716 3811 1925 3867 solvere

355 3916 638 3955 necessum
682 3901 888 3969 putavi.

422 3992 722 4054 Caeterum,
755 4001 1044 4060 antequam
1081 3990 1270 4044 ultima
1311 4005 1504 4044 manus
1543 3999 1780 4058 ponatur
1808 3991 1924 4045 edi-

352 4082 484 4136 tioni
518 4098 640 4151 qua:
686 4097 828 4134 nunc
883 4081 984 4149 sub
1028 4083 1180 4150 prelo
1234 4080 1444 4143 fervet,
1487 4082 1812 4135 mouendum
1869 4090 1922 4135 te

349 4172 508 4236 duxi,
555 4173 606 4224 in
641 4171 1030 4226 dissertatione
1079 4179 1264 4224 nostra
1319 4169 1389 4223 De
1429 4171 1662 4237 primatu
1699 4169 1919 4234 Lugdu-

348 4265 521 4329 neasi,
546 4278 666 4332 qua:
693 4263 745 4315 in
783 4262 1088 4328 Appendice
1115 4263 1183 4322 ad
1218 4261 1505 4316 concilium
1538 4261 1920 4318 Claromoutaw

349 4371 498 4417 num,
526 4365 671 4409 tumo
699 4351 868 4407 XXVI
898 4350 1262 4424 Coaciliorum
1291 4353 1435 4412 edita
1475 4362 1596 4426 est,
1649 4367 1748 4406 nos
1777 4368 1920 4421 qure-

347 4447 470 4501 dam
518 4448 808 4500 adnotasse
864 4460 1090 4499 numero
1143 4443 1278 4507 104,
1340 4443 1442 4498 105
1487 4452 1543 4498 et
1601 4443 1721 4508 107,
1777 4444 1918 4498 illius

346 4539 776 4605 exercitationis,
802 4539 867 4591 ad
885 4537 1168 4606 epistolam
1186 4535 1532 4609 Lugdunensi
1543 4553 1628 4589 um
1653 4536 1919 4590 Christia-

345 4643 560 4691 norum,
595 4645 760 4698 quam
796 4628 1018 4682 exhibet
1052 4627 1317 4682 Eusebius
1359 4627 1455 4681 lib.
1516 4643 1546 4680 v
1587 4626 1756 4696 (list,
1793 4642 1914 4696 cap.

345 4722 398 4776 1.
429 4721 742 4792 Πανήγυριν
774 4721 918 4775 enim
955 4721 1122 4786 illam,
1161 4735 1279 4787 quae
1322 4718 1568 4788 Lugduni
1613 4719 1918 4772 habebatur

343 4813 565 4881 quando
615 4811 875 4881 supplicia
930 4820 1058 4864 sunt
1090 4826 1120 4863 a
1173 4811 1508 4878 martyribus
1570 4818 1762 4864 exacta
1815 4808 1916 4862 sub

341 4902 640 4965 Antonino,
676 4905 740 4956 de
783 4912 1052 4958 conventu
1084 4901 1244 4955 trium
1277 4900 1576 4964 Galliarum
1607 4897 1914 4968 intelligen-

343 4996 468 5047 dam
495 4994 730 5062 scripsi:
771 5009 930 5064 quem
961 5009 1028 5049 ex
1069 4993 1346 5062 sexaginta
1377 4991 1590 5060 populis
1621 4989 1910 5044 conﬂatum

342 5087 528 5140 docuit
578 5085 809 5148 Strabo,
843 5085 998 5154 cujus
1043 5093 1276 5138 mentem
1313 5081 1548 5151 explicui
1593 5097 1740 5134 nttm.
1780 5079 1910 5144 102,

337 5190 573 5244 etnnque
602 5189 724 5228 cum
760 5173 877 5226 loco
905 5171 1078 5226 Taciti
1107 5173 1395 5227 emendato
1421 5171 1720 5238 composui.
1768 5169 1913 5225 Ten-

340 5267 449 5326 tavi
501 5281 717 5334 quoque
753 5263 1004 5333 Gregorii
1052 5261 1389 5318 Turonensis
1436 5263 1808 5326 testimonium
1845 5261 1912 5316 de

339 5356 670 5427 martyribus
685 5355 1182 5418 Athanacensibus,
1205 5369 1328 5436 eum
1355 5353 1443 5408 illa
1461 5355 1600 5422 apud
1619 5351 1908 5407 Eusebium

2049 1543 2150 1596 ter,
2177 1541 2237 1586 ιιι
2271 1542 2420 1601 puto,
2453 1531 2844 1599 interpretatus
2887 1545 3031 1584 sum.
3074 1529 3205 1596 Qua:
3251 1537 3428 1582 tamen
3463 1543 3622 1584 seve-

2047 1625 2174 1677 riori
2200 1623 2391 1694 judicii
2431 1623 2506 1677 ιιιί
2537 1637 2786 1677 censura:
2815 1621 3106 1676 submitto.

2113 1715 2299 1770 Finem
2331 1714 2594 1770 faciebam
2629 1715 2756 1768 huic
2785 1713 3050 1780 epistolm,
3081 1715 3297 1782 quando
3321 1729 3407 1769 me
3432 1714 3622 1781 patria:

2041 1804 2095 1862 et
2129 1808 2340 1862 luenda:
2367 1807 2610 1861 veritatis
2634 1821 2810 1870 amor,
2843 1805 3287 1875 Lugdunensium
3319 1817 3618 1877 martyrum

2040 1900 2346 1962 occasione,
2409 1897 2640 1965 pupugit
2681 1905 2734 1950 et
2781 1897 2983 1965 adegit,
3047 1905 3106 1949 ιιι
3155 1897 3296 1962 apud
3333 1907 3389 1950 te
3429 1898 3620 1963 paucis

2040 2003 2403 2056 conquererer
2433 1986 2500 2040 de
2533 1987 2728 2056 injuria
2755 1985 2930 2041 Gallis
2964 1985 3128 2050 facta,
3174 2003 3278 2040 non
3315 1990 3382 2039 ah
3412 1987 3619 2042 exteris

2038 2077 2296 2146 quidem,
2345 2078 2438 2130 sed
2468 2091 2497 2130 a
2531 2077 2900 2140 nostratibus;
2949 2075 3042 2144 qui
3086 2075 3473 2128 reronditioris
3502 2086 3555 2129 et
3584 2093 3615 2128 a

2037 2169 2196 2238 vulgo
2229 2169 2562 2229 sentotioris,
2617 2183 2719 2235 qua
2750 2167 2988 2236 pollent,
3045 2167 3312 2221 doctrinae
3359 2167 3616 2236 cupidine

2037 2257 2224 2324 illecti,
2275 2261 2557 2316 veritatem
2613 2274 2732 2328 quae.
2775 2260 2829 2313 in
2879 2258 3170 2328 propatulo
3205 2269 3314 2322 est,
3360 2261 3508 2313 velut
3559 2259 3614 2314 in

2037 2362 2200 2420 puteo
2236 2352 2490 2405 latentem
2527 2352 2628 2406 sibi
2670 2354 3014 2421 quaerendam
3061 2361 3342 2420 putarunt.
3402 2349 3595 2407 Galliis

2035 2444 2234 2513 quippe
2267 2444 2579 2506 detrahunt,
2607 2459 2768 2511 quam
2795 2440 3146 2511 {Ethiopihus
3173 2453 3226 2495 et
3255 2445 3400 2496 ludis
3430 2444 3612 2498 sciunt

2035 2535 2102 2587 ah
2133 2534 2398 2603 apostolis
2433 2533 2565 2602 ipsis
2605 2534 2904 2588 exhibitam
2952 2533 3224 2603 Evangelii
3279 2535 3609 2602 prmdicandi

2034 2641 2223 2680 Curam
2261 2642 2276 2680 :
2311 2640 2372 2680 ac
2433 2626 2478 2678 si
2551 2623 2952 2678 florentissimae
3011 2633 3066 2678 et
3125 2625 3319 2677 vicinas
3358 2625 3611 2680 nationes

2034 2718 2198 2786 capiti
2225 2717 2468 2785 gentium
2505 2716 2726 2776 Romae,
2762 2729 2923 2782 quam
2971 2713 3234 2784 sanguine
3273 2730 3370 2766 suo
3421 2713 3612 2769 Petrus

2035 2820 2087 2863 et
2116 2809 2316 2866 Paulus
2352 2815 2771 2871 consecrarunt,
2802 2805 3184 2861 remotissimis
3216 2805 3320 2860 illis
3348 2817 3610 2872 extraque

2035 2901 2340 2956 Romanum
2397 2899 2685 2968 imperium
2737 2897 2856 2951 sitis
2915 2899 3229 2966 regionibus
3287 2897 3610 2966 posthabita:

2033 2996 2283 3051 fuissent.
2316 2995 2432 3049 Alia
2459 2994 2558 3048 fuit
2591 3009 2742 3046 mens
2769 2991 3170 3060 apostolorum,
3199 2991 3291 3060 qui
3317 2989 3520 3045 Gallias
3555 2991 3606 3044 in

2035 3089 2139 3144 fide
2173 3089 2518 3152 erudiendas,
2557 3088 2742 3141 statim
2775 3097 2899 3154 post
2936 3087 3232 3138 adventum
3287 3084 3340 3136 in
3393 3081 3604 3136 Italiam

2033 3190 2409 3250 susceperunt.
2439 3180 2635 3237 Beatus
2670 3181 2868 3248 ψιὶρρι·
2889 3176 3088 3240 Lucas,
3107 3191 3134 3227 a
3160 3174 3312 3228 Pauli
3343 3175 3606 3229 comitatu

2033 3273 2339 3336 discedens,
2366 3272 2610 3342 magistri
2645 3273 2728 3326 sui
2770 3271 3024 3323 mandato
3055 3282 3116 3321 se
3147 3265 3375 3320 contulit
3401 3266 3452 3318 in
3477 3263 3607 3320 Gal-

2032 3365 2170 3428 lias;
2199 3365 2287 3417 ubi
2319 3365 2650 3432 prter-ipuum
2683 3362 2804 3416 fidei
2841 3363 3196 3430 praedicanda:
3227 3358 3464 3413 studium
3497 3359 3604 3412 iut-

2029 3457 2236 3524 pendit.
2283 3455 2483 3507 Deinde
2511 3469 2606 3521 per
2637 3453 2852 3506 Italiam
2883 3462 2934 3506 et
2973 3451 3291 3504 Dalmatiam
3323 3449 3376 3502 in
3409 3451 3598 3504 eodem

2029 3562 2191 3614 ουκ-πε
2217 3546 2536 3598 industriam
2571 3559 2727 3599 Suam
2755 3553 3059 3610 praestans,
3112 3541 3164 3596 in
3209 3541 3599 3606 Macedoniam,

2029 3639 2214 3691 eodem
2247 3636 2530 3688 iuncturus
2556 3634 2766 3693 oflicio.
2805 3649 2866 3688 se
2900 3632 3129 3700 recepit.
3171 3631 3460 3686 Auctorem
3499 3632 3597 3686 ha-

2028 3728 2217 3781 bemus
2251 3727 2569 3794 locupletem
2621 3727 2780 3794 hujus
2825 3725 3160 3779 narrationis
3217 3723 3598 3791 Epiphaniam,

2026 3819 2116 3886 qui
2161 3818 2348 3872 haeresi
2379 3834 2430 3872 LI
2470 3819 2614 3886 quod
2657 3819 2894 3872 diximus
2927 3817 2992 3871 de
3029 3816 3172 3871 Luca
3201 3825 3452 3874 testatur.
3493 3830 3601 3868 uno

2023 3923 2088 3964 ex
2123 3925 2227 3964 cxx
2256 3909 2556 3976 discipulis,
2593 3909 2675 3961 cui
2705 3924 2900 3960 munus
2946 3908 3220 3976 Evangelii
3267 3907 3599 3975 praedicandi

2025 4000 2287 4052 creditum
2314 3999 2389 4051 ait
2423 4016 2436 4050 :
2460 3997 2734 4070 Κηρύττει
2763 3996 2978 4070 πρῶτον
3013 3998 3068 4048 ὲν
3093 3995 3390 4068 Δαλματεᾳ.
3424 3996 3518 4050 καὶ
3541 3997 3601 4049 ὲν

2021 4087 2238 4159 Γαλλίᾳ,
2257 4089 2350 4141 καὶ
2378 4089 2436 4140 ὲν
2471 4087 2688 4159 Ἰταλίᾳ.
2707 4089 2800 4140 καὶ
2820 4087 3160 4159 Μακεδοιὶίᾳ;
3185 4085 3327 4158 ἁρχὴ
3355 4085 3412 4138 δὲ
3444 4087 3502 4138 ὲν
3529 4087 3596 4157 τῇ

2021 4177 2240 4248 Γαλλίᾳ.
2275 4177 2440 4246 quue
2497 4180 2603 4244 ipse
2657 4182 2883 4243 primum
2940 4177 2996 4230 iu
3055 4177 3364 4239 Dalmatia,
3419 4174 3598 4229 Gallia

2019 4275 2068 4320 ct
2105 4265 2290 4328 Italia,
2321 4284 2382 4320 ac
2415 4265 2733 4320 Macedonia
2765 4267 3046 4334 prazstitit;
3074 4267 3164 4318 sed
3195 4267 3246 4318 in
3271 4264 3446 4319 Gallia
3488 4282 3598 4331 pra:

2019 4357 2388 4421 cwlerisn'el,
2441 4357 2484 4410 si
2519 4357 2695 4420 malis,
2751 4357 3066 4426 principium
3133 4371 3252 4410 vero
3292 4357 3346 4408 in
3395 4353 3592 4410 Gallia.

2019 4446 2353 4514 Principium
2414 4447 2612 4502 fecisse
2673 4447 3075 4516 praedicationis
3134 4446 3184 4499 in
3237 4445 3432 4512 Gallia,
3482 4446 3598 4498 sive

2017 4539 2280 4604 potiorem
2313 4537 2430 4605 ejus
2455 4554 2639 4595 curam
2665 4540 2924 4608 gessisse,
2950 4537 3312 4590 disertissime
3345 4546 3594 4592 testatur.

2017 4629 2228 4700 Duplici
2293 4633 2493 4700 quippe
2552 4632 2957 4702 significatione
3021 4632 3134 4684 hwc
3180 4630 3346 4683 verba
3399 4631 3592 4698 exponi

2017 4733 2265 4792 possunt,
2299 4721 2446 4796 ἀρχὴ
2470 4721 2527 4774 δὲ
2559 4723 2617 4774 ὲν
2645 4724 2710 4794 τῇ
2737 4719 2958 4790 Γαλλίᾳ.
2991 4720 3144 4786 Quod
3169 4729 3344 4773 autem
3365 4720 3593 4787 primum

2015 4812 2068 4866 in
2099 4810 2368 4866 Dalmatia
2402 4814 2729 4882 prtedicztSse
2767 4813 3000 4874 dicatur,
3047 4809 3112 4862 ad
3165 4809 3333 4862 solam
3381 4809 3594 4863 Dalma-

2015 4905 2145 4958 tiam
2182 4903 2529 4957 t‘efereudum
2572 4918 2679 4956 non
2736 4912 2842 4965 est,
2896 4903 2990 4956 sed
3022 4905 3086 4956 ad
3117 4901 3348 4958 Galliam
3385 4902 3590 4972 etiam,

2013 5005 2178 5064 atque
2218 4995 2452 5058 Italiam,
2496 4993 2678 5049 habita
2730 4997 2942 5049 ratione
2991 4994 3340 5059 Macedoniae,
3384 4994 3437 5048 in
3483 5008 3593 5064 qua

2011 5087 2306 5140 erudienda
2351 5087 2560 5139 demum
2614 5085 2902 5138 laboravit.
2964 5085 3095 5152 Qua:
3144 5085 3312 5140 dictio
3357 5083 3593 5140 fortasse

2011 5179 2350 5232 restituenda
2385 5185 2472 5231 est
2499 5177 2550 5233 in
2579 5186 2862 5241 contextu,
2897 5185 2955 5230 ut
2977 5177 3049 5230 sit
3088 5177 3232 5244 quod
3265 5177 3592 5246 respondeat

2009 5267 2087 5338 τῷ
2133 5269 2382 5336 primum.
2436 5265 2639 5338 Sicque
2699 5268 2827 5322 illud
2875 5270 3108 5336 primum
3147 5283 3252 5322 non
3305 5267 3588 5338 impediet,

2011 5357 2140 5425 quin
2189 5357 2459 5428 significet
2501 5356 2709 5410 ultimis
2737 5359 2922 5412 verbis
2965 5356 3330 5426 Epiphanius,
3384 5354 3592 5427 princi-

338 5447 654 5509 narratione
713 5445 1030 5502 conciliare.
1107 5446 1350 5516 Denique
1402 5446 1557 5515 lapsu
1607 5445 1788 5506 Rufini
1853 5454 1908 5500 et
1940 5449 2153 5517 Dpium
2184 5462 2364 5518 operae
2399 5463 2510 5502 sua:
2550 5445 2752 5500 Lucam
2773 5447 3024 5516 posuisse
3073 5447 3124 5502 in
3163 5446 3361 5502 Gallia.
3420 5445 3584 5508 Exci-
3651 5451 3658 5456 '

336 5536 825 5606 Christophorsoni
870 5537 1196 5606 observato,
1242 5536 1422 5591 locum
1465 5536 1709 5606 epistola:
1765 5536 1910 5592 illius

339 5625 632 5704 insignem,
659 5627 724 5681 de
747 5626 1112 5694 prchcnsione
1141 5637 1464 5698 martyrum,
1489 5635 1545 5684 et
1581 5629 1648 5685 de
1670 5629 1906 5684 interro-

337 5718 555 5786 gatione
621 5714 762 5774 facta
822 5733 852 5774 ι
912 5719 1128 5777 tribuno
1179 5719 1417 5776 cohortis
1484 5736 1604 5791 quae
1655 5721 1910 5779 tendebat

2013 5538 2168 5607 piunt
2243 5538 2341 5592 viri
2399 5537 2636 5602 eruditi,
2683 5537 2896 5592 nescire
2951 5551 3011 5591 se
3059 5539 3126 5593 ab
3172 5537 3281 5592 ullo
3338 5545 3585 5592 veterum

2015 5640 2295 5684 auctorum
2314 5628 2546 5698 prodita,
2569 5643 2692 5698 qua:
2721 5627 2938 5698 scripsit
2962 5627 3312 5697 Epiphanius.
3343 5627 3587 5686 Scilicet.

2017 5720 2125 5778 Sed
2160 5736 2264 5778 non
2296 5720 2416 5778 ideo
2446 5721 2624 5780 minus
2663 5730 2789 5776 sunt
2835 5735 2960 5776 vera
3008 5735 3128 5791 qum
3180 5730 3331 5792 gesta
3390 5719 3583 5780 refert.
