4154 6464
523 310 585 368 5|
1836 303 2042 360 PETRI
2081 303 2120 358 ι)

2220 305 2448 362 MARCA
3735 314 3804 369 δί

523 431 721 486 Petivit
748 430 837 486 ille
861 445 1016 486 suam
1053 430 1423 486 narrationem
1454 447 1521 487 es
1564 431 1849 486 vetustiori
1885 433 2111 494 scripto-
2145 441 2190 496 Α
2223 432 2551 502 Epiphanio,
2577 434 2969 506 Chrysostomo
2995 448 3059 490 ac
3091 433 3461 500 ‘I‘lteodoreto,
3498 444 3554 491 et
3582 449 3615 491 e
3651 435 3801 491 Lati-

527 539 606 587 re,
638 539 766 592 quo,
791 534 847 577 ut
864 524 1138 593 plerisque
1159 524 1303 590 aliis,
1325 538 1601 579 caremus.
1628 523 1885 579 Fortasse
1906 540 1973 579 es
2007 524 2116 578 Ile-

527 616 753 685 gesippo
784 615 911 670 illud
941 617 1237 680 hauserat,
1274 616 1365 683 qui
1397 617 1449 670 in
1495 618 1801 686 pandendis
1835 617 2113 672 Ecclesia-

527 724 645 761 rum
668 708 970 778 originibus
993 724 1052 764 se
1080 711 1350 765 exercuit.
1374 710 1639 764 Exstabat
1674 710 1949 777 integrum
1976 724 2116 778 opus

527 801 841 872 Ilegesippi,
886 817 992 857 non
1043 803 1219 859 solum
1268 803 1521 868 Eusebii,
1575 803 1671 856 sed
1710 804 1875 855 etiam
1929 801 2119 857 Hiero-

527 893 670 963 nymi
708 894 1067 962 temporibus,
1104 904 1268 964 atque
1300 894 1436 948 adeo
1470 892 1785 963 Epiphanii.
1820 891 2117 960 Supererat

526 998 741 1052 quoque
774 984 995 1055 Georgii
1057 985 1298 1057 Syncelli
1333 994 1535 1050 aetate,
1583 985 1676 1055 qui
1716 983 1835 1053 ejus
1870 985 2116 1039 auctoris

525 1073 893 1143 fragmentum
952 1077 1159 1145 profert
1192 1078 1244 1130 in
1282 1075 1569 1143 Chronico,
1608 1076 1753 1129 aliud
1783 1090 1811 1128 a
1848 1074 2117 1147 fragmen-

528 1169 599 1222 tis
643 1184 766 1237 quze
814 1170 1009 1224 recitat
1046 1170 1332 1224 Eusebius.
1381 1168 1616 1225 Gravius
1672 1169 1831 1224 doleo
1887 1168 1957 1223 de
2008 1168 2112 1222 viri

527 1262 668 1316 illius
704 1262 1094 1328 eruditissimi,
1138 1264 1344 1332 tibique
1385 1279 1450 1318 ac
1489 1264 1621 1318 tnihi
1668 1263 1942 1331 quondam
1972 1262 2114 1316 ami-

522 1354 729 1409 cissimi
784 1354 1159 1424 glossemate,
1203 1356 1382 1425 quiin
1426 1355 2002 1410 animadversionilms
2045 1355 2113 1409 ad

522 1462 647 1501 eum
702 1445 996 1516 Epiphanii
1042 1446 1242 1508 locum,
1282 1447 1391 1499 vim
1441 1445 1743 1499 teStitnonii
1787 1444 1930 1499 illius
1961 1446 2115 1499 nobis

523 1540 766 1594 adimere
801 1549 1054 1594 conatur.
1102 1539 1179 1595 De
1218 1538 1396 1595 Gallia
1445 1540 1591 1594 enim
1634 1537 1911 1606 Cisalpina
1966 1537 2112 1607 loqui

526 1628 886 1698 Epiphanium
921 1639 1092 1683 notat.
1151 1629 1375 1686 Scilicet
1428 1631 1573 1700 apud
1633 1629 1784 1683 illum
1833 1639 2112 1683 auctorem

526 1721 860 1791 Cisalpinam
898 1721 1131 1778 Galliam
1179 1723 1574 1793 intelligimus,
1621 1737 1743 1791 qua:
1792 1725 1936 1775 nulla
1985 1734 2113 1776 tunc

2218 525 2304 577 nis
2354 523 2708 597 Hieronymo,
2742 535 2865 596 post
2921 528 3156 595 primum
3205 528 3499 581 ath-ntum
3542 543 3700 582 suum
3744 528 3798 583 ιιι

2218 612 2444 681 Urbem,
2476 617 2565 669 ubi
2597 617 2875 671 biennimn
2908 620 3088 687 exegit
3152 631 3180 670 a
3239 612 3383 668 Luca
3441 623 3797 671 memoratum

2216 703 2348 775 (quo
2391 709 2651 775 temporis
2688 708 2975 763 intervallo
3016 709 3226 764 fortean
3264 708 3442 765 Lucas
3502 711 3553 764 in
3624 710 3801 767 Gallia

2216 796 2660 863 praedicationem
2693 798 2971 867 Evangelii
3020 799 3339 869 auspicatus
3396 798 3543 872 est),
3601 799 3803 871 Hispa-

2217 887 2338 941 nias
2369 888 2565 952 adivit,
2601 890 2666 944 ad
2712 890 3167 959 promnlgandam
3218 892 3327 945 illis
3379 890 3433 945 in
3484 893 3803 959 regionibus

2215 982 2583 1037 Christianam
2627 982 2809 1036 iidem.
2860 982 3025 1051 Atqui
3075 982 3365 1051 Hispanias
3403 986 3629 1053 petenti,
3671 1001 3801 1053 per-

2216 1074 2448 1144 gendum
2480 1073 2581 1127 luit
2611 1089 2710 1143 per
2750 1074 3171 1129 celeberrimam
3207 1078 3347 1146 apud
3403 1088 3619 1133 veteres
3657 1077 3799 1132 viam

2216 1165 2365 1220 illam
2396 1165 2698 1235 publicam,
2732 1179 2857 1235 qua
2886 1168 2956 1219 ab
2988 1165 3147 1220 Italia
3185 1182 3283 1234 per
3328 1166 3537 1222 Gallias
3561 1168 3615 1223 in
3644 1168 3804 1223 Bzetio

2214 1274 2336 1312 cam
2371 1258 2543 1328 ipsam
2589 1259 2759 1312 ducit.
2808 1258 2939 1329 Ejus
2975 1258 3402 1328 descriptionem
3443 1262 3663 1316 exhibet
3693 1277 3802 1317 non

2215 1350 2390 1405 solum
2417 1350 2678 1405 Antonini
2708 1350 3061 1405 ltinerarium
3092 1367 3121 1405 a
3164 1351 3341 1405 Nicaea
3372 1369 3470 1421 per
3502 1354 3804 1421 Arelatem,

2214 1442 2549 1507 Narbonem,
2593 1459 2867 1497 summum
2902 1441 3251 1514 Pyrena'um;
3297 1445 3639 1511 Juncariam,
3670 1445 3808 1503 Bar-

2214 1535 2494 1602 cinonem,
2544 1544 2600 1589 et
2633 1534 2845 1603 reliqua
2897 1534 3063 1591 loca:
3112 1536 3207 1590 sed
3250 1539 3416 1591 etiam
3447 1538 3665 1604 Strabo,
3708 1539 3804 1610 qui

2214 1625 2406 1680 sedulo
2445 1638 2505 1679 se
2548 1625 2741 1679 habuit
2775 1626 2828 1679 in
2860 1625 2965 1680 via:
2994 1626 3142 1687 illius
3190 1627 3565 1697 explicatione
3593 1645 3608 1686 :
3639 1644 3803 1700 quam

2217 1717 2270 1770 in
2301 1718 2576 1787 plerisque
2603 1716 2874 1787 capitibus
2904 1718 3090 1772 minus
3121 1717 3190 1773 ab
3225 1720 3618 1788 interpretibus
3653 1722 3809 1775 intel-

525 1825 667 1881 erat,
695 1817 764 1870 ab
799 1817 930 1887 ipsis
960 1816 1187 1887 Augusti
1223 1815 1592 1883 temporibus.
1636 1815 1731 1883 qui
1765 1830 1958 1867 novatn
1993 1831 2118 1882 pro-
2150 1795 2192 1851 Β
2222 1809 2443 1873 lectam,
2476 1824 2576 1863 nos
2607 1808 2916 1878 patefacere
2952 1811 3137 1865 conati
3192 1826 3384 1866 sumus
3433 1812 3575 1867 libro
3627 1816 3807 1884 primo

526 1909 827 1962 vinciarum
853 1908 1064 1977 imperii
1097 1908 1418 1961 divisionem
1454 1908 1713 1961 instituit.
1771 1907 1997 1960 Atnovit
2052 1903 2122 1959 ab

525 1999 679 2053 Italia
706 2015 902 2055 nomen
939 1998 1262 2062 Galliarum.
1282 2015 1417 2069 quas
1448 2000 1664 2066 obiectu
1688 1998 1903 2067 Alpium
1933 1997 2123 2051 termi-

526 2091 711 2155 navit;
770 2090 981 2145 Italiam
1043 2092 1272 2147 solidam
1332 2091 1386 2145 in
1436 2092 1693 2162 regiones
1753 2107 1807 2144 at
1860 2090 2118 2160 partitus,

525 2183 715 2239 Galliis
738 2185 791 2239 in
815 2194 1047 2253 quatuor
1071 2185 1407 2254 provincias,
1437 2184 1877 2246 Narbonensem,
1906 2180 2125 2251 Lugdu-

526 2278 778 2341 nensem,
816 2274 1124 2347 Belgicam,
1158 2284 1213 2330 et
1237 2275 1625 2345 Aquitanicam
1649 2317 1662 2339 ,
1702 2276 1902 2340 sectis;
1935 2285 1995 2329 ut
2025 2274 2120 2327 do-

526 2377 655 2424 cent
694 2366 917 2434 Strabo,
949 2368 1085 2423 Mela
1119 2379 1172 2423 et
1197 2367 1436 2424 Plinius.
1471 2368 1643 2434 Quam
1676 2369 1950 2422 rationem
1985 2381 2121 2437 quo-

530 2476 638 2529 que
665 2472 888 2518 secutus
922 2471 1010 2517 est
1059 2460 1385 2517 Ptolemaeus
1427 2464 1480 2517 in
1516 2463 1632 2516 suis
1674 2460 1911 2524 tabulis,
1961 2469 2018 2513 nt
2064 2467 2118 2513 et

526 2554 873 2621 Ammianus,
930 2570 996 2610 ac
1045 2553 1267 2624 reliqui,
1322 2569 1460 2623 quos
1512 2554 1583 2609 de
1621 2553 1815 2610 Galliis
1866 2561 1922 2609 et
1967 2552 2118 2606 Italia

526 2647 801 2701 disserere
835 2646 1054 2701 occasio
1099 2646 1297 2714 coegit.
1325 2644 1519 2715 Itaque
1561 2662 1666 2700 non
1709 2647 1817 2699 alia
1861 2655 1945 2699 est
1979 2645 2117 2713 apud

528 2737 895 2806 Epiphanium
929 2735 1132 2802 Gallia,
1180 2751 1344 2805 quam
1378 2752 1500 2806 qua!
1533 2747 1657 2805 post
1702 2734 1981 2791 Christum
2021 2751 2119 2788 na-

532 2834 642 2878 tum
677 2824 746 2879 ab
775 2826 1029 2881 omnibus
1071 2826 1391 2880 auctoribus
1444 2836 1675 2881 vocatur
1720 2825 1917 2890 Gallia,
1958 2824 2117 2897 juxta

530 2915 735 2971 limites
774 2916 841 2971 ab
871 2917 1119 2987 Augusto
1154 2917 1460 2971 institutos.

600 3005 719 3061 Non
762 3006 936 3062 solum
978 3016 1161 3062 autem
1217 3007 1422 3064 Lucam
1469 3009 1840 3065 adhibuerunt
1884 3008 2116 3079 apostoli

2221 1898 2519 1955 Cauloniae
2563 1901 2872 1966 illustrata',
2910 1900 3066 1970 cujus
3111 1903 3409 1958 editionem
3446 1914 3804 1961 maturamus.

2222 1993 2338 2048 Non
2378 1996 2530 2050 iners
2585 1993 2688 2049 luit
2722 1995 2923 2051 Paulus
2979 1997 3033 2050 in
3080 1994 3277 2051 Galliis
3318 1997 3658 2063 erudiendis,
3710 2000 3807 2066 qui

2219 2086 2465 2156 gentium
2517 2087 2749 2142 salutem
2775 2088 2879 2143 sibi
2914 2086 3231 2157 specialiter
3265 2093 3653 2156 commissam,
3693 2099 3805 2145 tam

2218 2177 2472 2249 flagranti
2508 2181 2693 2235 studio
2732 2181 3051 2251 peragratis
3088 2181 3407 2251 regionibus
3445 2184 3809 2252 undequaque

2218 2272 2546 2342 procurabat
2577 2290 2593 2330 :
2626 2288 2733 2342 qua
2760 2274 2830 2328 de
2863 2286 2922 2327 re
2951 2274 3138 2328 statim
3172 2274 3395 2329 uberius
3425 2291 3670 2345 agemus.

2288 2360 2585 2417 Possumus
2613 2378 2831 2433 quoque
2875 2362 3109 2433 Philippi
3140 2365 3371 2432 apostoli
3405 2381 3631 2433 operam
3679 2364 3810 2421 Gal-

2218 2452 2307 2507 liis
2338 2454 2617 2508 vindicare
2648 2493 2664 2519 ,
2714 2456 2957 2524 ipsisque
2991 2454 3294 2511 Britanniis
3322 2496 3337 2520 ,
3370 2472 3439 2511 es
3473 2459 3678 2513 Isidoro
3715 2459 3811 2514 lii-

2216 2543 2476 2611 spalensi,
2505 2543 2601 2597 lib.
2636 2542 2711 2598 De
2749 2546 2855 2599 vita
2879 2554 2928 2599 et
2968 2559 3136 2599 morte
3178 2560 3484 2601 sanctorum
3513 2590 3529 2613 ,
3555 2565 3676 2620 Cap.
3716 2550 3808 2608 74.

2217 2636 2499 2704 Philippus
2548 2635 2724 2692 Gallis
2775 2639 3035 2706 pradicet
3095 2636 3405 2704 Christum;
3449 2641 3809 2712 barbarosque

2215 2741 2391 2800 gentes
2424 2731 2724 2799 vicinasque
2757 2731 2987 2786 tenebris
3009 2770 3025 2795 ,
3067 2742 3115 2785 et
3158 2731 3382 2784 tumenti
3426 2732 3641 2787 Oceano
3674 2751 3807 2787 con-

2208 2824 2452 2894 junctas,
2474 2825 2544 2877 ad
2571 2825 2811 2879 scientia:
2843 2824 3020 2878 lumen
3049 2824 3280 2895 ﬁdeique
3315 2835 3528 2894 portum
3560 2827 3799 2880 deducit.

2215 2916 2491 2984 Additque
2542 2917 2648 2971 hoc
2678 2929 2908 2971 munere
2959 2913 3306 2983 perfunctum
3356 2914 3669 2984 Philippum
3695 2958 3712 2984 ,
3747 2918 3801 2970 in

2216 3003 2505 3079 Phrygiam
2543 3008 2849 3079 migrasse,
2894 3007 2986 3061 ubi
3031 3005 3307 3076 Hierapoli
3356 3008 3640 3063 occubuit.
3693 3008 3804 3063 Sed

529 3099 597 3153 ad
618 3098 992 3155 informandas
1020 3100 1073 3154 in
1104 3099 1369 3171 religione
1401 3100 1629 3164 Gallias,
1661 3102 1757 3156 sed
1786 3103 1951 3155 etiam
1983 3103 2119 3156 Cre-
2145 3150 2184 3171 η
2219 3100 2476 3166 quoniam
2507 3097 2654 3153 hunc
2694 3097 2998 3168 apostolum
3045 3096 3220 3152 Gallis
3257 3113 3479 3168 quoque
3502 3138 3518 3163 ,
3558 3108 3668 3153 tum
3705 3098 3808 3152 Ba-

529 3202 799 3248 sceutem.
852 3193 985 3261 Ejus
1053 3193 1132 3249 rei
1197 3195 1355 3250 testis
1410 3195 1526 3265 ipse
1584 3193 1807 3263 Paulus,
1868 3192 1914 3247 II
1964 3194 2112 3249 Tim.

527 3298 608 3355 tv,
641 3286 729 3355 qui
760 3286 985 3341 missum
1020 3285 1187 3342 fuisse
1217 3288 1375 3343 docet
1399 3287 1752 3343 Crescentem
1786 3289 1837 3341 in
1862 3286 2115 3342 Galliam.

529 3378 755 3436 Certum
790 3379 1011 3449 quidem
1057 3388 1143 3435 est
1173 3380 1380 3433 variam
1426 3378 1596 3435 fuisse
1639 3379 1800 3447 hujus
1839 3381 1942 3434 loci
1981 3380 2121 3434 Pauo

533 3468 625 3523 lini
655 3469 969 3528 lectionem.
1006 3470 1173 3524 etiam
1217 3471 1358 3539 apud
1404 3481 1638 3525 veteres.
1695 3470 1907 3525 Etenim
1942 3469 2111 3540 Chry-

531 3572 804 3616 sostomus
838 3570 895 3616 et
934 3561 1311 3617 Theodoretus
1340 3564 1483 3629 apud
1529 3561 1784 3628 Gnecos;
1850 3562 2119 3631 angatus

534 3654 824 3723 interpres,
864 3663 919 3708 et
945 3654 1353 3709 Ambrosiaster
1380 3655 1520 3721 apud
1553 3653 1812 3720 Latinos,
1866 3652 2119 3722 legerunt

535 3741 825 3806 Galatiam,
870 3759 975 3798 non
1017 3753 1195 3797 autem
1237 3740 1494 3799 Galliam.
1556 3742 1663 3797 Sed
1708 3743 2023 3797 vetustioris
2065 3751 2121 3796 et

536 3835 768 3891 verioris
814 3834 1067 3890 lectionis
1095 3836 1367 3891 vindicem
1418 3834 1686 3891 habemus
1731 3835 2117 3904 Epiphaninm,

536 3928 629 3998 qui
660 3936 978 3982 constanter
1003 3928 1201 3983 scribit
1237 3929 1291 3981 in
1340 3927 1534 3983 haeresi
1586 3941 1638 3981 LI
1675 3941 1769 3981 eos
1796 3941 1987 3981 errare
2023 3926 2117 3994 qui

537 4018 643 4073 hoc
677 4017 796 4072 loco
841 4016 994 4071 Pauli
1025 4016 1294 4083 Galatiam
1341 4017 1564 4087 legunt.
1600 4032 1722 4071 cum
1765 4018 2117 4071 scribendum

538 4109 732 4164 doceat
782 4107 1033 4162 Galliam.
1079 4109 1154 4161 Οὐ
1203 4108 1313 4181 γὰρ
1342 4112 1400 4162 ὲν
1427 4112 1493 4182 τῇ
1541 4108 1807 4180 Γαλατίᾳ,
1856 4107 1933 4171 ὣς
1974 4125 2121 4173 τςνες

541 4199 914 4273 πλανηθέντες
953 4199 1290 4271 νομίζουσιν,
1340 4199 1480 4255 ἀλλὰ
1528 4202 1586 4255 ὲν
1639 4200 1863 4274 Γαλλίᾳ.
1920 4199 2119 4255 Eodem

542 4299 702 4347 modo
766 4293 980 4347 cmtcris
1035 4295 1312 4362 antiquior
1357 4294 1627 4348 Eusebius
1696 4301 1820 4347 tuus
1877 4292 2009 4361 legit
2066 4292 2121 4348 in

540 4383 730 4440 codice
765 4382 918 4439 Pauli
950 4383 1217 4453 Galliam,
1255 4386 1710 4454 quemadmodum
1764 4386 2118 4456 Epiphanius,

542 4478 589 4534 si
634 4485 784 4532 recte
829 4478 996 4531 verba
1054 4476 1173 4546 ejus
1229 4477 1633 4547 expendantur,
1700 4485 1755 4531 et
1798 4493 1924 4531 vera
1974 4477 2114 4547 apud
2153 4503 2199 4557 υ

540 4579 822 4625 auctorem
853 4567 1004 4622 illum
1039 4567 1203 4624 lectio
1232 4569 1531 4623 retineatur
1561 4584 1626 4623 ex
1665 4567 1886 4634 Ilutlno,
1917 4577 1971 4621 et
2003 4582 2122 4621 om-

540 4660 702 4715 nibus
733 4659 1010 4715 codicibus
1044 4675 1200 4726 mss.,
1239 4669 1372 4712 uttu
1404 4659 1609 4714 diserte
1634 4659 1914 4714 monuisti.
1946 4658 2125 4712 Theo-

541 4750 763 4804 doretus
806 4763 978 4816 sane,
1024 4751 1116 4819 qui
1152 4748 1384 4803 Galatia:
1408 4749 1705 4805 dictionem
1749 4750 1802 4803 in
1860 4758 2122 4804 contextu

540 4838 696 4897 Pauli
754 4842 974 4908 retinet,
1009 4840 1135 4896 licet
1186 4842 1253 4897 de
1299 4841 1513 4896 Galatia
1566 4840 1808 4895 Asiatica
1853 4840 2124 4910 potuisset

543 4933 689 4989 illam
716 4934 986 5003 accipere,
1026 4931 1217 4986 maluit
1242 4932 1308 4986 ad
1342 4930 1571 4986 Galliam
1608 4939 1850 4984 nostram
1879 4971 1895 4996 ,
1938 4930 1992 4984 id
2041 4938 2125 4983 est

542 5028 609 5082 ad
639 5025 909 5083 Galatiam
937 5023 1334 5080 occidentalem
1364 5022 1588 5079 referre.
1626 5022 1778 5077 Adeo
1826 5032 1975 5077 certa
2001 5029 2122 5076 erat

543 5118 685 5188 apud
713 5132 905 5172 omnes
936 5125 1174 5181 veteres,
1202 5114 1516 5170 Crescentis
1562 5113 1617 5170 in
1651 5114 1825 5170 Gallia
1860 5115 2125 5185 praedica-

546 5211 641 5265 tio.
679 5208 734 5265 Iu
766 5224 875 5279 quo
902 5224 1024 5263 cum
1058 5208 1340 5263 veteribus
1386 5206 1623 5263 Usuardi
1652 5217 1709 5263 et
1739 5208 1948 5262 Adonis
1983 5207 2126 5260 Mar-

547 5302 830 5375 tyrologiis
861 5302 1222 5365 conveniunt;
1268 5301 1358 5371 qui
1413 5311 1533 5370 post
1560 5302 1717 5354 Iidem
1760 5316 1790 5354 a
1830 5299 2125 5354 Crescente

546 5397 599 5451 in
647 5395 838 5452 Galliis
859 5394 1279 5465 promulgatam,
1324 5394 1624 5449 meminere
1664 5393 1868 5449 reditus
1898 5392 2045 5447 illius
2070 5393 2123 5447 in

544 5488 814 5544 Galatiam
849 5487 1170 5542 Asiaticam.

617 5578 911 5633 Enimvero
949 5578 1078 5647 quid
1124 5586 1294 5635 vetat.
1348 5576 1475 5647 quin
1518 5573 1678 5631 Luca:
1722 5585 1778 5632 et
1819 5574 2122 5642 Crescenti,

548 5669 783 5725 assiduis
825 5668 978 5724 Pauli
1024 5669 1334 5732 comitibus,
1386 5668 1747 5740 adjungamus
1787 5678 1843 5723 et
1897 5667 2124 5723 Paulum

549 5760 725 5831 ipsum
756 5761 1088 5833 apostolum,
1114 5762 1230 5833 qui,
1258 5762 1495 5819 testibus
1525 5759 1766 5829 Grecis,
1802 5760 2124 5827 Athanasio,

2222 3192 2428 3256 tonius,
2464 3202 2577 3245 tum
2603 3207 2668 3246 eo
2698 3192 2837 3246 duce
2865 3191 2957 3244 alii
2986 3192 3314 3246 subtrahere
3346 3201 3641 3256 conantur,
3675 3207 3809 3246 nar-

2220 3287 2487 3340 rationem
2519 3285 2678 3338 istam
2713 3284 2781 3336 ad
2832 3282 3057 3339 Galatas
3106 3284 3381 3339 Asiaticos
3429 3283 3808 3349 traducendo,

2222 3392 2328 3431 non
2379 3376 2584 3445 pigebit
2617 3377 2717 3429 viri
2765 3376 3168 3440 eruditissimi,
3221 3375 3353 3431 licet
3400 3391 3432 3432 e
3480 3386 3807 3432 novatorutu

2221 3482 2403 3538 grege,
2444 3467 2651 3522 Usserii
2688 3467 3022 3521 Armachani
3058 3471 3219 3524 verba
3253 3469 3342 3523 hic
3381 3471 3754 3524 transcribere
3777 3486 3810 3524 θ

2222 3576 2345 3629 cap.
2409 3576 2446 3614 It
2504 3560 2569 3612 de
2593 3558 3001 3628 Antiquitatibus
3054 3562 3419 3617 Ecclesiarum
3468 3562 3810 3618 Britannica-

2224 3668 2339 3705 rum
2364 3669 2382 3706 :
2409 3652 2563 3718 Quod
2588 3664 2761 3706 autem
2804 3653 2869 3706 de
2901 3651 3134 3721 Philippi
3170 3655 3225 3708 in
3270 3653 3462 3709 Galliis
3501 3655 3809 3720 apostolatu

2222 3742 2377 3795 habet
2407 3740 2690 3807 Freculfus
2730 3760 2761 3795 a
2793 3741 3256 3797 Malmesburiensi
3283 3746 3581 3805 citatus,ea:
3609 3742 3810 3798 lsidori

2233 3835 2370 3888 libro
2414 3835 2488 3889 De
2522 3835 2777 3889 Patribus
2817 3838 3107 3906 utriusque
3137 3835 3477 3890 Testamenti
3500 3876 3518 3903 ,
3554 3854 3673 3904 cap.
3708 3838 3806 3898 74.

2221 3928 2293 3981 ad
2320 3929 2528 3982 verbum
2556 3928 2835 3995 expressit.
2872 3927 3028 3995 Apud
3063 3938 3343 3993 utrumque
3366 3930 3504 3982 enim
3534 3931 3751 3999 legimus
3787 3948 3807 3986 :

2234 4037 2254 4070 ι
2300 4018 2607 4087 Philippum
2638 4017 2809 4073 Collis
2846 4021 3165 4088 pra'dicasse
3205 4020 3496 4085 Christum,
3528 4021 3810 4076 barbarus-

2222 4127 2321 4180 que
2360 4120 2536 4180 gentes
2560 4151 2577 4177 ,
2607 4111 2912 4182 vicinasque
2953 4113 3211 4178 tenebris,
3260 4123 3309 4166 et
3339 4114 3560 4167 tumenti
3597 4113 3811 4168 Oceano

2224 4202 2534 4273 conjunctas
2554 4243 2569 4267 ,
2602 4204 2673 4256 ad
2700 4204 2938 4257 scientia:
2991 4203 3162 4257 lucem
3204 4204 3438 4274 ﬁdeique
3481 4218 3687 4273 portum
3718 4210 3804 4260 de-

2224 4293 2463 4347 duxisse.
2490 4309 2510 4343 ι
2555 4290 2737 4363 Neque
2756 4292 2840 4346 hic
2870 4292 2998 4345 mihi
3029 4291 3252 4345 Baronii
3278 4291 3582 4361 conjectura
3616 4294 3811 4361 placet,

2225 4383 2430 4443 Isidori
2474 4386 2576 4439 ista
2624 4402 2656 4439 a
2695 4383 2865 4440 Gallis
2918 4385 3111 4439 nostris
3160 4385 3230 4438 ad
3267 4384 3494 4439 Galatas
3546 4386 3811 4439 Asiaticos

2224 4478 2549 4531 (reducentis
2578 4491 2598 4530 .'
2621 4477 2889 4547 multoque
2917 4479 3098 4531 minus
3137 4477 3323 4544 nuperi
3357 4493 3574 4541 operum
3612 4475 3813 4530 Isidori

2225 4568 2465 4634 editoris,
2492 4566 2681 4622 Jacobi
2714 4567 2917 4622 Breulii
2939 4569 3208 4622 temeritas
3232 4608 3247 4631 ,
3276 4566 3489 4623 Galatia
3511 4584 3607 4635 pro
3635 4566 3812 4623 Gallis

2225 4657 2283 4709 in
2316 4658 2429 4723 ipso
2465 4666 2615 4711 textu
2660 4656 2796 4728 (sine
2822 4658 2930 4710 ulla
2955 4660 3142 4711 ceteris
3170 4659 3412 4711 lectionis
3436 4673 3812 4710 commemora-

2225 4745 2390 4815 tione)
2419 4749 2734 4813 reponentis.
2775 4744 2916 4799 Nunt
2940 4757 3295 4817 pra'terquam
3319 4749 3462 4811 quod
3491 4747 3731 4802 Isidorus
3754 4749 3812 4802 its

2224 4839 2322 4892 hoc
2344 4840 2456 4900 ipso
2488 4856 2662 4908 apere,
2692 4857 2807 4908 cap.
2840 4839 2929 4905 82,
2967 4849 3017 4892 et
3047 4841 3100 4893 in
3133 4839 3325 4894 Ollicio
3355 4837 3616 4894 Toletano
3646 4841 3809 4908 (quod

2226 4931 2505 4986 Gothicam
2537 4942 2584 4986 et
2624 4931 2975 4991 Mozarabum
3016 4933 3173 5002 vulgo
3207 4933 3552 5001 appellatur).
3586 4936 3814 5002 itemque

2223 5022 2478 5078 Julianus
2513 5023 2795 5078 Toletanus
2846 5024 3278 5090 archiepiscopus
3319 5025 3376 5078 in
3423 5022 3639 5077 Nahum
3680 5040 3811 5093 pro-

2223 5125 2436 5191 phetam
2463 5123 2718 5188 scribens,
2753 5132 2799 5174 et
2840 5119 2988 5173 Beda
3021 5121 3120 5190 (vel
3147 5121 3446 5190 quicunque
3494 5129 3683 5173 auctor
3709 5118 3813 5187 fuit

2227 5211 2699 5267 Collectaneorum
2747 5223 2801 5267 et
2836 5210 3083 5284 Florum)
3124 5211 3370 5281 Philippo
3400 5211 3631 5267 Galliam
3670 5209 3811 5265 assi-

2224 5315 2388 5375 gnant
2415 5321 2433 5359 :
2488 5305 2725 5373 idemque
2750 5302 2919 5359 Gallis
2953 5305 3340 5372 pradicavisse
3366 5303 3646 5359 Christum
3678 5302 3814 5374 legi-

2227 5409 2315 5448 tur
2346 5395 2399 5447 in
2420 5394 2599 5447 libello
2632 5393 2707 5448 De
2735 5393 3308 5464 lestisapostolurum.
3337 5395 3430 5461 qui
3459 5394 3514 5446 in
3542 5392 3814 5464 Hierony-

2226 5486 2407 5538 miano
2450 5481 2837 5552 Martyrologio
2877 5499 2978 5536 ms.
3023 5483 3248 5535 habetur
3286 5484 3373 5551 (ea:
3414 5499 3517 5550 quo
3562 5482 3814 5551 pleraque

2227 5578 2407 5631 omnia
2428 5577 2484 5628 in
2517 5574 2710 5628 librum
2735 5592 2890 5629 suum
2917 5576 2990 5629 De
3021 5573 3280 5629 Patribns
3305 5572 3439 5629 Novi
3474 5574 3811 5631 Testamenti

2229 5665 2564 5732 transcripsit
2620 5661 2958 5735 Isidorus):
3001 5664 3097 5716 illa
3152 5663 3502 5718 barbararum
3565 5665 3804 5734 gentium

2233 5757 2443 5812 Oceano
2475 5758 2878 5827 conjunctarum
2907 5756 3118 5824 mentio,
3144 5752 3434 5824 Europteos
3468 5753 3674 5823 Gallos,
3704 5770 3810 5810 non
