4154 6406
352 338 426 399 83
1342 335 1684 392 EPISTOLA
1722 336 1813 390 AD
1851 335 2214 392 HENRICUM
2254 334 2629 395 VALESIUM.

3554 340 3625 395 34

354 456 750 514 Gallo-Graeca
787 460 853 513 ab
890 458 1108 514 Isidoro
1143 458 1435 514 intellectas
1472 475 1583 515 esse
1614 460 1748 514 satis
1791 460 1933 514 evin-
1965 464 2014 521 Α
2040 458 2114 512 les
2138 501 2154 525 ,
2189 461 2278 514 sed
2314 471 2487 513 tamen
2518 463 2682 514 virtus
2716 460 3020 515 traditionis
3054 477 3161 516 una
3206 470 3258 517 et
3289 463 3470 517 eadem
3516 474 3619 522 est.

352 550 449 606 cit.

428 638 527 695 His
561 639 965 710 adiungendum
1009 639 1193 709 putavi
1246 638 1613 693 testimonium
1676 639 1936 695 vetustis-

355 734 479 789 simi
512 734 715 787 codicis
742 731 1096 800 manuscripti
1124 744 1191 785 ex
1209 730 1532 783 bibliOtheca
1568 730 1761 784 Sancti
1792 729 1934 785 Ger-

357 825 503 880 mani
536 823 884 889 Parisiensis,
923 824 974 877 in
1000 838 1106 892 quo
1140 824 1242 877 iste
1276 831 1546 877 tractatus
1574 819 1763 876 Isidori
1811 830 1937 878 ante

356 917 697 986 octingentos
741 930 913 970 annos
942 914 1270 982 descriptus.
1323 931 1429 969 una
1462 930 1584 970 cum
1633 916 1757 970 aliis
1782 915 1933 985 ejus-

356 1009 478 1062 dem
508 1009 749 1063 auctoris
779 1008 934 1061 libris
984 1008 1315 1070 continetur,
1363 1006 1453 1061 ubi
1514 1009 1733 1077 antiqua
1769 1008 1933 1062 lectio

356 1102 718 1157 disertissime
763 1100 979 1170 praefert
1010 1099 1314 1170 Philippmn
1365 1098 1534 1153 Gallis
1564 1100 1890 1165 praedicasse
1914 1138 1931 1168 ,

358 1194 813 1264 quemadmodum
844 1208 965 1263 cap.
992 1193 1083 1257 82,
1118 1193 1352 1248 habetur
1382 1191 1616 1246 Galliam
1657 1193 1732 1246 illi
1763 1190 1934 1247 fuisse

357 1286 711 1354 assignatam.
737 1284 847 1340 Nec
861 1285 1312 1339 dissimulandum
1338 1293 1422 1339 est
1445 1285 1498 1338 in
1527 1285 1716 1338 eodem
1743 1284 1933 1339 codice

357 1378 493 1447 legi,
519 1377 833 1447 Hispaniam
868 1376 1073 1432 Jacobo
1102 1373 1805 1445 apostolodatam,eumque
1837 1375 1933 1430 Hi-

356 1472 541 1542 spanis
590 1470 747 1525 fidem
798 1470 1140 1540 praedicasse.
1174 1469 1306 1537 Quae
1337 1479 1535 1524 vetusti
1573 1468 1779 1524 codicis
1829 1483 1930 1523 au-

355 1564 581 1618 ctoritas
614 1578 642 1617 a
673 1563 998 1633 quihusdam
1032 1572 1354 1631 conceptam
1406 1561 1772 1628 suspicionem
1814 1560 1932 1613 exi-

356 1670 505 1709 mere
534 1655 695 1709 debet
723 1654 928 1708 vitiatae
955 1653 1168 1708 fortean
1212 1654 1334 1709 loco
1366 1653 1419 1708 in
1454 1654 1551 1707 illo
1592 1653 1845 1707 lectionis
1872 1652 1928 1707 in

354 1748 630 1817 prioribus
674 1745 1008 1802 editionibus
1043 1748 1111 1800 ab
1158 1746 1346 1816 aliquo
1392 1746 1756 1815 Hispanarum
1805 1760 1932 1813 par-

355 1836 490 1890 tium
524 1837 786 1890 studioso.
840 1836 1190 1907 Disceptatur
1223 1838 1442 1907 quidem
1490 1839 1632 1907 apud
1684 1838 1929 1890 eruditos
1961 1818 2002 1873 Β

355 1928 421 1981 de
454 1926 640 1983 Jacobi
689 1928 741 1982 in
783 1928 1099 1999 Hispaniam
1142 1931 1374 1985 adventu
1403 1969 1419 1991 ,
1451 1946 1516 1984 ex
1562 1946 1630 1985 eo
1659 1931 1930 2000 pra-cipue

354 2023 567 2091 capite,
606 2023 746 2091 quod
779 2022 1008 2090 apostoli
1057 2023 1293 2076 nondum
1342 2039 1371 2077 a
1415 2022 1597 2077 Judtea
1626 2063 1641 2087 ,
1690 2023 1929 2078 sortibus

356 2115 460 2169 sibi
494 2115 636 2184 apud
684 2124 874 2184 gentes
910 2114 1238 2183 praedicandi
1291 2115 1599 2170 diSIrilmtis
1628 2155 1640 2177 ,
1669 2113 1929 2169 recessis-

357 2211 497 2258 sent.
544 2203 652 2257 Sed
689 2204 1144 2272 quemadmodum
1192 2206 1517 2258 auctoritate
1568 2203 1752 2258 Isidori
1778 2242 1794 2269 ,
1830 2207 1923 2273 qui

358 2310 454 2349 sua
483 2309 549 2347 ex
598 2295 874 2361 prioribus
905 2293 1126 2348 haurire
1172 2299 1368 2364 potuit,
1412 2310 1470 2348 se
1522 2293 1652 2347 tueri
1692 2299 1916 2361 possunt

359 2385 574 2455 llispani
619 2385 878 2440 adversus
918 2385 1190 2454 opinionis
1213 2382 1455 2438 confictae
1480 2385 1767 2441 novitatem
1798 2400 1920 2455 qute

355 2479 463 2533 illis
509 2478 705 2547 Opponi
738 2478 916 2542 solet,
965 2479 1035 2530 ita
1069 2477 1226 2532 nobis
1268 2476 1337 2531 de
1383 2477 1630 2547 Philippo
1658 2478 1924 2534 disserere

356 2570 521 2635 licet,
551 2585 617 2625 eo
668 2578 848 2624 tamen
897 2569 1186 2634 securius,
1241 2568 1386 2638 quod
1428 2569 1571 2623 illius
1615 2569 1930 2637 praedicatio

356 2663 494 2734 apud
521 2661 726 2718 Gallias
771 2677 894 2717 cum
929 2663 1133 2717 incidat
1184 2671 1305 2732 post
1335 2661 1677 2716 sortitionem
1707 2661 1930 2729 provin-

354 2755 566 2810 ciarum
596 2755 664 2809 ab
708 2752 972 2823 apostolis
1005 2751 1204 2807 factam
1232 2793 1248 2818 ,
1279 2752 1448 2806 libera
1481 2760 1569 2806 est
1596 2750 1665 2804 ab
1701 2766 1766 2806 eo
1799 2749 1927 2816 telo,

356 2859 463 2914 quo
490 2845 802 2913 praedicatio
841 2840 1030 2899 Jacobi
1060 2843 1201 2912 apud
1234 2840 1505 2912 Hispanos
1534 2840 1723 2910 impoti
1768 2843 1927 2896 solet.

355 2934 622 2989 Cancrum
680 2935 808 2989 illud
860 2933 964 2988 fuit
1017 2932 1387 3002 apostolorum
1443 2932 1823 3003 propositum,
1873 2938 1932 2983 ut

354 3040 787 3096 quaquaversum
832 3025 981 3080 orbis
1016 3034 1206 3094 patet,
1261 3024 1610 3093 Evangelium
1657 3022 1929 3078 diflunded

355 3128 498 3183 rent,
535 3132 602 3171 ex
636 3118 890 3171 mandato
914 3115 1142 3171 Christi.
1173 3116 1354 3182 Quare
1377 3155 1394 3180 ,
1426 3128 1485 3170 ut
1515 3116 1719 3186 optime
1760 3116 1927 3170 adno-

355 3205 791 3271 tavitEusebius,
817 3207 907 3262 lib.
934 3222 996 3263 ιιι
1029 3206 1321 3262 Demonstr.
1351 3206 1551 3276 Evang.
1588 3222 1707 3277 cap.
1734 3206 1792 3272 5,
1821 3223 1927 3262 non

351 3301 530 3355 solum
567 3299 794 3354 Romam
832 3308 996 3369 caput
1040 3300 1280 3368 imperii,
1309 3308 1471 3368 atque
1497 3298 1774 3353 Romanas
1802 3314 1928 3368 pros

351 3390 581 3452 vincies,
609 3390 703 3443 sed
732 3389 899 3443 etiam
931 3388 1035 3442 alia
1070 3404 1255 3457 regna.
1275 3397 1388 3443 tum
1425 3388 1749 3443 Parthorum
1773 3428 1788 3454 ,
1815 3398 1927 3443 tuin

351 3480 734 3535 Armeniorum
763 3518 780 3543 ,
832 3478 1159 3549 Scytharum
1185 3520 1201 3544 ,
1235 3480 1487 3533 ludorum
1517 3521 1533 3543 ,
1565 3480 1884 3547 [Ethiopum
1908 3519 1925 3543 ,

352 3573 573 3643 ipsimet
599 3571 1075 3640 praedicationibus
1107 3572 1219 3625 suis
1247 3572 1601 3625 instituerunt
1632 3589 1646 3626 :
1681 3573 1822 3625 adeo
1848 3582 1925 3637 ut,

351 3664 811 3735 quemadmodum
866 3663 1145 3731 subjungit
1192 3661 1454 3716 Eusebius
1482 3698 1501 3725 ,
1544 3661 1676 3727 ipsis
1724 3677 1928 3729 quoque

355 3756 681 3813 Britannicis
714 3756 929 3821 insulis,
969 3752 1235 3808 Oceanum
1265 3755 1587 3822 praetervecti
1614 3793 1630 3819 ,
1670 3754 1795 3822 fidei
1841 3752 1929 3804 ιιι..

355 3864 470 3903 men
495 3847 799 3902 intulerint.
843 3847 990 3900 Sane
1025 3844 1298 3899 neminem
1328 3853 1454 3912 puta
1490 3853 1596 3895 tam
1637 3843 1927 3911 insipidum

353 3940 448 4009 qui
499 3939 602 3994 sibi
632 3938 998 4007 persuadeat,
1031 3940 1098 3990 de
1125 3935 1313 3989 divisis
1352 3944 1466 3989 toto
1491 3935 1624 3988 urbe
1652 3934 1929 3989 Britannis

353 4028 619 4085 sollicitos
644 4026 917 4096 apostolos
945 4065 961 4089 ,
992 4023 1413 4093 negligentiores
1442 4023 1612 4077 fuisse
1643 4025 1696 4076 in
1729 4022 1927 4078 Galliis

354 4137 451 4190 per
480 4135 617 4188 quas
654 4119 758 4174 iter
787 4126 871 4172 est
924 4118 992 4170 ad
1025 4116 1361 4180 Britannias,
1390 4131 1487 4183 per
1513 4131 1572 4169 se
1601 4129 1695 4168 aut
1726 4131 1824 4185 per
1852 4117 1929 4168 le-

355 4224 510 4279 gatos
540 4210 773 4264 veritate
805 4206 1131 4261 imbuendis.
1170 4205 1324 4271 Quod
1364 4206 1581 4274 egregie
1609 4206 1680 4258 illi
1716 4208 1928 4275 praesti-

355 4311 538 4357 terunt
586 4316 683 4371 per
725 4298 1031 4368 Philippum
1064 4335 1081 4360 ,
1111 4312 1279 4351 unum
1322 4313 1389 4351 ex
1436 4312 1625 4353 eorum
1661 4299 1926 4369 collegio,

352 4389 583 4461 Lucam,
608 4392 958 4447 Crescentem
983 4429 998 4454 ,
1028 4388 1418 4456 Throphimum
1445 4427 1461 4454 ,
1500 4387 1750 4455 Paulum,
1785 4389 1930 4444 Mar-

356 4485 564 4547 tialem,
594 4483 837 4550 aliosque
862 4482 914 4534 in
945 4478 1141 4535 tabulis
1165 4478 1550 4534 ecclesiasticis
1591 4482 1923 4546 adnotatas;
1959 4514 2003 4570 υ

356 4587 412 4632 et
463 4574 692 4646 perfecit
722 4574 973 4629 Clemens
1003 4586 1100 4638 per
1130 4569 1442 4641 Dionysium
1473 4609 1488 4633 ,
1528 4570 1881 4626 Saturninum
1909 4607 1927 4637 ,

356 4669 675 4738 EutrOpium
727 4664 1121 4721 Sautonensem
1148 4705 1164 4730 ,
1196 4663 1450 4718 Ursinum
1507 4661 1927 4730 Bituricensem,

356 4773 414 4817 et
442 4761 601 4815 alios.

428 4852 615 4921 Neque
636 4864 768 4905 sane
797 4846 1122 4918 infrugifera
1154 4845 1256 4900 fuit
1285 4843 1545 4913 Philippi,
1572 4842 1759 4907 Lucae,
1797 4843 1929 4899 Cre¢

360 4944 563 4999 scentis
588 4950 642 4995 et
683 4939 1018 5007 reliquorum
1052 4976 1068 4999 ,
1095 4951 1259 5005 quam
1308 4936 1361 4989 in
1391 4933 1581 4989 Galliis
1616 4942 1934 5002 sparserant

359 5033 685 5091 Christiana:
713 5030 840 5085 fidei
873 5030 1137 5084 sementis
1162 5069 1176 5092 ,
1204 5029 1298 5083 Dei
1335 5027 1647 5093 clementia,
1680 5027 1772 5095 qui
1801 5026 1930 5079 relin

358 5143 497 5199 quas
542 5124 693 5180 orbis
744 5123 995 5193 regiones
1037 5122 1297 5185 fovebat,
1348 5117 1552 5175 Gallias
1600 5133 1709 5172 non
1766 5116 1934 5172 desti-

361 5228 566 5275 tuente.
595 5216 750 5271 Dicet
775 5228 874 5284 pro
907 5214 1066 5268 nobis
1101 5212 1336 5268 lrenaaus
1366 5248 1382 5276 ,
1411 5210 1503 5280 qui
1538 5210 1758 5264 circiter
1790 5222 1934 5263 anno

362 5312 467 5369 190
498 5310 737 5381 scripsit,
769 5309 822 5362 in
847 5307 945 5365 lib.
977 5321 1019 5374 ι,
1052 5321 1173 5375 cap.
1207 5307 1265 5371 '5,
1293 5320 1486 5361 veram
1521 5304 1683 5358 ﬁdem
1713 5303 1932 5372 probari

356 5418 425 5459 ex
473 5402 717 5474 ejusdem
763 5401 1031 5455 doctrina:
1078 5397 1461 5469 professione,
1505 5409 1628 5465 quae
1677 5395 1731 5447 in
1761 5394 1934 5448 variis

358 5491 621 5549 Ecclesiis
654 5506 751 5561 per
785 5491 1098 5545 universum
1134 5488 1322 5543 orbem
1339 5485 1653 5541 constitutis
1677 5493 1935 5538 constan-

361 5594 445 5641 ter
474 5585 726 5649 traditur,
759 5591 873 5638 tutn
909 5580 964 5636 in
1000 5579 1259 5645 Oriente,
1297 5580 1350 5633 in
1386 5577 1622 5648 Egypto
1650 5586 1705 5631 et
1727 5573 1933 5647 Libya;

362 5687 474 5732 tum
505 5678 557 5729 in
592 5675 905 5737 Germania,
936 5673 1079 5743 apud
1119 5672 1410 5741 Hispanos,
1441 5680 1497 5723 et
1537 5667 1741 5733 Gallos,
1772 5679 1936 5737 atque

362 5769 512 5826 alibi.
542 5765 682 5823 Nam
713 5778 760 5823 et
789 5771 857 5836 si,
891 5765 1087 5835 inquit,
1123 5763 1179 5818 in
1210 5763 1406 5817 mundo
1449 5758 1669 5830 loquela
1698 5758 1937 5815 dissimi-

2039 550 2110 604 Et
2137 568 2300 622 neque
2331 553 2413 605 law
2440 568 2560 623 quae
2590 553 2646 606 in
2673 550 2965 607 Germania
3005 554 3246 623 [nudatae
3276 566 3396 609 sunt
3443 555 3621 611 Eccle-

2036 643 2164 709 δίας,
2200 641 2358 695 aliter
2394 643 2655 707 credunt,
2695 655 2787 695 aut
2818 642 2979 697 aliter
3017 645 3236 697 tradunt
3272 659 3292 697 :
3334 661 3498 716 neque
3532 645 3617 701 has

2035 750 2157 803 qua:
2187 735 2241 787 in
2273 733 2297 787 1
2307 735 2441 788 beris
2465 745 2588 787 sunt
2616 774 2632 800 ,
2682 752 2847 804 neque
2871 735 2953 789 Ita:
2985 752 3104 807 qutc
3125 737 3180 789 in
3212 735 3399 805 Celtis,
3453 756 3619 807 neque

2036 823 2119 876 Ita:
2141 840 2257 893 quit:
2283 825 2339 878 in
2380 823 2616 889 Oriente,
2636 841 2800 895 neque
2825 826 2912 878 Ita:
2941 843 3059 891 quoe
3081 829 3138 881 in
3163 826 3421 898 ﬁgypto,
3453 845 3618 900 neque

2035 914 2118 968 lue
2143 931 2263 982 qua:
2294 916 2349 968 in
2387 913 2590 985 Libya,
2645 932 2809 984 neque
2852 916 2935 970 ine
2970 934 3091 987 qua:
3131 919 3187 971 in
3226 920 3396 972 ntedio
3430 919 3617 974 mundi

2034 1015 2159 1060 sunt
2190 1008 2511 1063 constitutae.
2542 1006 2648 1071 Sed
2686 1009 2825 1062 sicut
2865 1008 2945 1062 sol
2984 1019 3231 1063 creatura
3266 1009 3368 1064 Dei
3402 1011 3459 1065 in
3502 1013 3619 1066 uni-

2034 1113 2183 1151 uerso
2214 1100 2410 1150 mundo
2432 1115 2568 1152 unus
2595 1110 2641 1151 et
2679 1100 2817 1153 idem
2867 1110 2965 1163 est,
3000 1103 3077 1154 sic
3114 1111 3165 1155 et
3197 1104 3373 1156 lumen
3404 1113 3451 1155 et
3480 1120 3618 1172 prw-

2034 1192 2233 1244 dicatio
2261 1190 2499 1243 veritatis
2516 1191 2706 1260 ubique
2735 1191 2895 1255 lucet,
2921 1202 2970 1245 et
3002 1193 3273 1248 illuminat
3313 1210 3490 1247 omnes
3518 1195 3616 1248 ho-

2033 1285 2201 1338 mines
2223 1284 2314 1349 qui
2335 1284 2515 1338 volunt
2541 1285 2612 1337 ad
2641 1285 2994 1353 cognitionem
3026 1285 3263 1340 veritatis
3288 1290 3482 1340 venire.
3516 1285 3611 1341 llla

2036 1384 2403 1443 tempestate,
2454 1374 2767 1431 Germaniae
2819 1376 3036 1445 quidem
3085 1385 3140 1431 et
3189 1375 3442 1446 Hispanis
3487 1392 3616 1433 suas

2032 1463 2306 1519 Ecclesiae
2340 1464 2510 1519 nostri
2544 1464 2847 1519 liberaliter
2898 1465 3107 1535 absque
3135 1466 3239 1521 ulla
3267 1469 3615 1524 restrictione

2032 1554 2352 1620 concedent,
2384 1556 2478 1610 sed
2510 1556 2952 1626 digladiabuntur
2994 1558 3060 1613 de
3091 1557 3259 1613 Celtis
3286 1571 3477 1613 contra
3505 1561 3616 1615 lre-

2032 1663 2208 1701 meum
2245 1666 2260 1702 :
2290 1648 2382 1716 qui
2416 1646 2748 1717 generaliter
2773 1663 2898 1702 cum
2933 1649 3005 1702 sit
3049 1648 3263 1704 locutus
3309 1649 3374 1704 de
3403 1650 3566 1705 Celtis
3595 1691 3612 1715 ,

2031 1739 2149 1807 ejus
2180 1740 2507 1793 sententiam
2538 1740 2604 1794 ad
2638 1739 2929 1810 specialem
2966 1749 3200 1794 tractum
3236 1737 3498 1811 Lugduno
3531 1744 3617 1798 vi-

2030 1832 2209 1885 cinum
2238 1832 2504 1886 invidiose
2528 1834 2879 1887 coercebunt.
2912 1832 3069 1886 Absit
3097 1831 3239 1887 livor
3280 1833 3381 1889 iste
3409 1850 3439 1888 a
3479 1834 3611 1890 Gal-

2031 1920 2205 1975 lorum
2238 1922 2549 1992 pectoribus
2575 1963 2592 1986 ,
2637 1939 2810 1991 neque
2835 1926 3014 1993 gentis
3040 1923 3232 1978 honori
3264 1940 3460 1980 manus
3494 1930 3611 1981 vio-

2030 2012 2206 2068 lentas
2236 2012 2499 2080 inferant,
2536 2015 2627 2069 cui
2672 2018 2843 2070 exteri
2879 2027 3149 2085 parcunt,
3188 2032 3355 2086 seque
3383 2018 3610 2074 multum

2029 2106 2410 2162 venditant'eo
2440 2108 2660 2162 nomine
2688 2149 2705 2175 ,
2738 2110 2881 2176 quod
2914 2109 3064 2177 paria
3096 2109 3376 2164 nobiscum
3412 2108 3614 2164 facian‘

2030 2203 2083 2257 in
2134 2201 2256 2257 fidei
2291 2209 2562 2271 susceptae
2597 2199 2787 2256 initiis.
2824 2199 2968 2253 Sane
3001 2214 3110 2268 quo
3146 2200 3199 2252 in
3234 2210 3380 2255 statu
3422 2207 3570 2255 esset

2031 2294 2213 2347 lrenmi
2243 2300 2402 2347 :ntate
2429 2333 2444 2356 ,
2474 2290 2608 2345 ﬁdes
2636 2291 2950 2346 Christiana
2986 2291 3128 2359 apud
3161 2290 3349 2346 Gallos
3371 2332 3387 2356 ,
3420 2291 3511 2346 ille
3537 2291 3615 2346 fa-

2025 2383 2128 2436 cile
2158 2382 2410 2450 conjiciet
2435 2423 2451 2447 ,
2477 2383 2569 2453 qui
2602 2382 2996 2438 Tertullianum
3032 2384 3257 2453 triginta
3289 2392 3410 2454 post
3448 2389 3611 2442 annis

2029 2474 2383 2528 disserentem
2431 2473 2752 2543 expendcrit
2802 2475 2869 2528 de
2917 2488 3138 2545 recepto
3172 2476 3465 2547 Evangelio
3512 2495 3613 2547 per

2029 2578 2217 2617 Omnes
2248 2563 2491 2620 Orientis
2526 2574 2772 2632 tractus;
2815 2565 3015 2636 quibus
3041 2581 3164 2620 mox
3211 2567 3611 2639 subiunguntur

2032 2654 2100 2706 ab
2126 2664 2365 2716 auctore,
2398 2651 2730 2709 Gaetulorum
2771 2657 3075 2721 varietates,
3114 2657 3427 2712 Maurorum
3468 2662 3614 2714 mul-

2031 2746 2069 2799 ti
2087 2744 2217 2812 ﬁnes
2242 2784 2255 2811 ,
2302 2744 2693 2814 Hispaniarum
2730 2764 2909 2801 antnes
2944 2748 3198 2813 termini,
3231 2760 3278 2803 et
3312 2749 3611 2806 Galliarum

2030 2836 2250 2890 diversa:
2285 2837 2542 2896 nationes.
2566 2845 2615 2890 et
2640 2835 3024 2892 Britannorum
3056 2840 3327 2895 inaccessa
3359 2840 3611 2898 Romanis

2031 2927 2167 2993 loca,
2196 2926 2413 2982 Christo
2444 2944 2561 2983 vero
2591 2929 2807 2982 subdita
2842 2942 2862 2980 :
2894 2939 2943 2982 et
2971 2926 3345 2986 Sarmatarum
3365 2976 3380 2999 ,
3420 2945 3468 2987 et
3495 2935 3611 2989 Da-

2029 3036 2232 3084 corum,
2259 3031 2305 3074 et
2334 3018 2743 3084 Germanorum,
2767 3030 2813 3074 et
2838 3018 3180 3090 Scytharum,
3212 3031 3260 3075 et
3301 3023 3608 3080 abditarum

2033 3113 2321 3168 multarum
2372 3112 2608 3182 gentium
2667 3122 2714 3164 et
2768 3113 3161 3179 provinciarum
3211 3124 3261 3167 et
3310 3115 3610 3172 insularum

2035 3205 2325 3260 multarum
2370 3205 2518 3258 nobis
2560 3205 2860 3272 ignotarum
2889 3245 2905 3269 ,
2946 3213 2998 3258 et
3026 3220 3144 3273 qua:
3168 3222 3472 3261 enumerare
3506 3224 3610 3263 non

2033 3313 2334 3368 possumus.
2367 3296 2474 3352 Per
2505 3295 2801 3350 Galliarum
2852 3297 3099 3351 diversas
3140 3297 3392 3353 nationes
3419 3337 3434 3361 ,
3471 3297 3608 3353 Ter-

2036 3391 2293 3445 tullianus
2322 3396 2554 3457 quatuor
2584 3385 2882 3440 Galliarum
2911 3386 3221 3455 provincias
3247 3401 3310 3441 ex
3343 3389 3612 3445 divisione

2036 3480 2257 3550 Augusti
2285 3517 2301 3543 ,
2340 3477 2747 3531 Narbonensem
2776 3513 2791 3539 ,
2824 3475 3237 3545 Lugdunensem
3264 3514 3280 3539 ,
3316 3476 3608 3547 Belgicam.

2034 3583 2091 3625 et
2122 3567 2503 3637 Aquitanicam
2551 3565 2839 3636 intelligit:
2877 3580 2944 3619 ex
2992 3565 3194 3634 quibus
3242 3579 3438 3633 corpus
3482 3565 3612 3621 ϐειΙ-

2034 3661 2231 3715 liarum
2260 3671 2390 3714 tunc
2425 3655 2723 3712 conﬂatum
2764 3666 2903 3723 erat,
2938 3657 3079 3725 quod
3110 3666 3297 3726 postea
3332 3657 3388 3713 in
3423 3661 3609 3715 decem

2033 3760 2089 3804 ct
2126 3758 2332 3818 septem
2364 3747 2670 3817 provincias
2696 3748 3041 3803 distributum
3071 3748 3192 3804 fuit.

2106 3840 2285 3908 Quare
2320 3856 2441 3895 cum
2470 3840 2799 3895 testimoniis
2843 3841 3231 3897 vetustissimis
3258 3856 3324 3898 ac
3358 3841 3609 3899 ﬁrmissi-

2032 3932 2136 3987 mis
2160 3932 2364 3986 nitatur
2390 3932 2673 3986 exordium
2712 3931 3021 3999 praadicatae
3054 3932 3176 3986 fidei
3222 3932 3275 3986 in
3324 3931 3513 3989 Galliis
3542 3951 3610 3989 ex

2032 4024 2400 4092 apostolorum
2432 4024 2771 4094 delegatione
2794 4063 2813 4090 ,
2855 4033 2912 4078 et
2937 4033 3203 4091 susceptas
3231 4039 3260 4076 a
3289 4023 3456 4079 Celtis
3479 4067 3495 4092 ,
3553 4036 3612 4080 ut

2032 4113 2279 4183 loquitur
2307 4112 2565 4175 lrenaeus,
2595 4126 2690 4165 seu
2719 4126 2749 4165 a
2787 4111 3015 4167 diversis
3051 4112 3361 4166 nationibus
3404 4112 3612 4168 Gallia-

2033 4220 2152 4258 rum
2179 4244 2196 4270 ,
2245 4213 2304 4258 ut
2332 4205 2410 4257 ait
2441 4202 2808 4258 Tertullianus
2842 4219 2857 4256 :
2889 4201 3175 4270 mgerrime
3204 4201 3321 4256 fero
3348 4217 3609 4271 quorum-

2031 4297 2154 4350 dam
2207 4296 2262 4350 in
2314 4309 2465 4349 suam
2497 4294 2728 4364 patriam
2776 4294 3129 4348 acerbitatem
3157 4331 3173 4358 ,
3221 4293 3311 4360 qui
3365 4293 3609 4362 origines

2030 4389 2273 4443 omnium
2305 4387 2673 4442 Ecclesiarum
2713 4385 3136 4450 Gallicanarum,
3170 4396 3370 4453 praeter
3397 4384 3613 4450 Lugdu-

2033 4492 2257 4534 nensem
2300 4488 2355 4532 et
2386 4478 2520 4533 alias
2551 4492 2796 4547 paucas,
2843 4477 2912 4531 ad
2947 4477 3185 4530 medium
3236 4476 3381 4531 tertii
3425 4476 3609 4531 stcculi

2032 4567 2362 4633 detrudunt;
2396 4565 2556 4621 afﬁxo
2585 4581 2653 4619 ex
2685 4565 2951 4636 Gregorio
2975 4564 3279 4619 Turonensi
3305 4565 3462 4634 paulo
3483 4574 3610 4619 ante

2030 4655 2180 4712 Decii
2209 4667 2264 4712 et
2287 4656 2442 4712 Grati
2469 4656 2839 4720 consulatum,
2868 4656 2919 4709 id
2944 4663 3029 4709 est
3055 4653 3215 4725 paulo
3244 4664 3372 4709 ante
3406 4670 3607 4709 annum

2030 4748 2161 4813 250,
2189 4750 2348 4803 initio
2377 4759 2585 4817 septem
2624 4749 2900 4802 sociorum
2932 4745 3332 4814 episcoporum.
3361 4744 3608 4801 Gratiani

2032 4838 2386 4905 Turonensis,
2416 4838 2693 4907 Trophimi
2725 4837 3075 4900 Arelatensis,
3108 4836 3258 4891 Pauli
3291 4834 3609 4891 Narbonen-

2032 4934 2109 4990 sis
2136 4973 2151 4998 ,
2182 4931 2445 4986 Martialis
2472 4930 2876 4986 Lemovicensis
2902 4971 2918 4997 ,
2964 4929 3205 4999 Dionysii
3237 4928 3562 4982 Parisiensis
3588 4969 3606 4991 ,

2034 5025 2319 5080 Saturnini
2363 5022 2615 5078 Tolosani
2642 5064 2659 5090 ,
2687 5032 2744 5078 et
2778 5022 3073 5079 Stremonii
3102 5020 3490 5086 Arvernensis,
3515 5021 3607 5088 qui

2033 5116 2196 5186 primi
2236 5117 2289 5170 in
2325 5115 2445 5170 illas
2492 5113 2789 5170 Galliarum
2844 5124 3033 5184 partes
3084 5112 3268 5166 lumen
3327 5111 3607 5181 Evangelii

2035 5208 2354 5275 intulerunt.
2387 5217 2445 5263 et
2478 5207 2531 5262 in
2563 5204 2824 5262 Ecclesiis
2851 5220 2882 5260 a
2911 5219 2973 5260 se
2996 5202 3307 5260 constitutis
3332 5201 3612 5258 stabilive-

2034 5309 2180 5358 runt.

2105 5393 2247 5459 Quin
2271 5390 2431 5461 primi
2464 5390 2543 5446 illi
2572 5390 2741 5445 duces
2767 5387 3023 5459 praecipui
3054 5386 3258 5442 fuerint
3285 5383 3612 5441 Christiana

2036 5481 2398 5552 expeditionis
2426 5480 2724 5549 provinciis
2759 5478 3100 5532 Narbonensi
3147 5486 3205 5530 et
3236 5475 3562 5544 Aquitanica
3591 5510 3611 5537 .

2035 5584 2091 5630 et
2112 5575 2166 5628 in
2193 5574 2575 5629 remotioribus
2602 5570 2851 5641 partibus
2881 5566 3260 5639 Lugdunensis
3288 5563 3612 5635 provincia,

2038 5679 2067 5718 a
2106 5662 2324 5717 nemine
2352 5662 2651 5726 dubitatur,
2677 5658 3143 5716 consentientibus
3176 5656 3486 5711 tabularum
3514 5669 3609 5708 ec-I

2039 5756 2466 5812 clesiasticarum
2514 5751 2918 5815 monumentis,
2964 5758 3018 5805 et
3064 5747 3398 5803 solemnibus
3439 5744 3616 5801 sacris
