4154 6404
540 331 610 384 35
1854 320 2055 380 PETRI
2093 322 2184 377 DE
2221 321 2460 379 HARCA
3731 323 3801 375 56

536 461 662 516 quae
684 446 738 499 in
769 460 955 499 eorum
982 447 1301 501 memoriam
1329 461 1510 500 annuo
1536 447 1667 513 ritu,
1693 447 1876 501 divino
1905 445 2122 499 Nuuiini
2150 450 2199 505 Α
2228 442 2376 496 latus
2400 443 2469 496 ab
2498 440 2807 496 Arelatensi
2839 439 3130 510 episcOpo,
3165 440 3433 509 Simplicii
3475 437 3801 493 Viennensis

538 548 876 606 peraguntur
906 538 960 591 in
993 538 1219 603 singulis
1248 537 1525 592 Ecclesiis.
1562 536 1776 590 illarum
1812 548 1989 590 autem
2015 552 2116 590 an-

539 630 706 696 liqua!
737 629 1016 682 traditioni
1041 671 1054 692 ,
1085 630 1235 682 Bedie
1263 670 1278 695 ,
1314 629 1543 684 Usnardi
1575 631 1887 699 Adonisque
1917 630 2117 700 Marty-

541 721 769 790 rologiis
803 731 857 773 et
892 722 1040 775 Actis
1071 723 1341 773 veteribus
1375 721 1523 774 fulta:
1556 722 1606 773 in
1647 722 1902 791 temporis
1929 721 2117 774 consi-

544 812 803 879 guatiooe
828 850 842 873 ,
873 826 970 863 cur
1019 811 1268 878 derogari
1310 811 1501 863 debeat
1528 854 1542 876 ,
1573 810 1735 877 plane
1765 825 1870 862 non
1915 811 2073 863 video
2097 848 2116 876 ,

540 905 841 973 pra-serliui
880 918 1003 956 cum
1034 903 1155 955 aliis
1182 917 1396 970 quoque
1443 903 1777 971 argumentis
1814 904 1926 955 lucc
1976 903 2119 955 veri-

544 1004 626 1044 tas
657 994 941 1046 innitatur.
978 991 1240 1046 Sumatur
1267 993 1478 1047 initittm
1520 993 1873 1046 discussionis
1910 1008 1940 1046 a
1983 993 2122 1047 Tro-

550 1085 735 1151 pbimo
760 1126 773 1145 .
801 1096 858 1139 et
918 1086 1291 1153 expenduntur
1340 1087 1500 1137 \‘etba
1560 1087 1721 1140 libelli
1750 1085 1818 1139 ab
1846 1086 2118 1154 episcOpis

541 1177 746 1243 proviui
768 1177 830 1229 ia!
876 1175 1199 1230 Viennensis
1228 1176 1388 1229 Leoni
1425 1194 1571 1246 papa:
1598 1178 1763 1231 oblati
1792 1193 1933 1231 anno
1962 1177 2069 1231 450
2096 1196 2115 1232 τ

544 1266 800 1323 Omnibus
836 1266 1128 1320 Gallicanis
1163 1272 1452 1334 regionibus
1490 1282 1669 1322 notum
1697 1280 1812 1333 est,
1848 1270 2114 1338 inquiunt,

543 1359 637 1410 sed
669 1375 759 1409 nec
788 1371 1141 1412 sacrosancta:
1186 1358 1439 1412 [laniante
1489 1359 1740 1414 Ecclesia!
1769 1361 1991 1414 habetur
2037 1363 2121 1415 in-

542 1450 833 1516 cognitum,
859 1451 996 1517 quod
1022 1451 1191 1517 prima
1222 1453 1359 1503 intra
1393 1451 1598 1505 Callias
1636 1453 1960 1505 Arelatensis
1985 1454 2117 1506 cici-

542 1550 625 1593 tas
654 1542 868 1593 missum
892 1559 924 1593 η
960 1541 1266 1595 beatissimo
1293 1541 1449 1596 Petro
1470 1544 1702 1611 apostolo
1729 1554 1968 1597 sanctum
1994 1544 2118 1598 Τνοο

542 1632 778 1699 plrimum
814 1633 1007 1686 habere
1037 1636 1227 1686 meruit
1254 1637 1574 1688 sacerdotem
1602 1677 1617 1702 ,
1664 1640 1723 1691 αι’
1754 1639 1944 1691 exinde
1993 1638 2115 1693 aliis

541 1722 800 1788 paulatim
849 1724 1146 1791 regionibus
1191 1722 1492 1777 Galliarum
1537 1728 1725 1778 bonum
1759 1726 1883 1794 ﬁdei
1912 1739 1959 1779 et
1988 1728 2115 1780 reli-

544 1812 714 1879 gionis
746 1814 997 1883 infusum.
1029 1816 1198 1881 Quem
1231 1815 1523 1885 Gregorius
1565 1818 1797 1886 ponebat
1824 1822 1922 1873 sub
1955 1822 2114 1875 Decio

544 1902 899 1971 Tropliimunt
929 1944 944 1969 ,
995 1918 1171 1959 cattus
1220 1907 1597 1976 episcoporum
1653 1910 2111 1979 provincialium,

543 1996 742 2064 quibus
769 2008 1082 2066 perspectus
1111 2010 1227 2052 erat
1250 2014 1444 2052 census
1468 2000 1831 2054 Ecclesiarnm
1867 2017 2110 2064 suarum,

542 2086 745 2155 quique
792 2086 1113 2156 Gregorium
1164 2099 1383 2142 centum
1437 2100 1493 2144 et
1550 2092 1945 2161 quinquaginta
2001 2093 2115 2147 fere

542 2180 702 2234 anuis
731 2179 1163 2245 antecedebant,
1202 2180 1560 2250 Tropliiiunm
1601 2198 1629 2235 a
1678 2182 1840 2236 Petro
1889 2184 2113 2238 missum

543 2276 740 2328 docent
766 2312 780 2334 ,
810 2284 865 2326 et
899 2281 958 2325 ιιι
1003 2287 1116 2325 rem
1168 2274 1424 2329 omnibus
1463 2278 1957 2343 perspectissimam
1993 2293 2119 2330 uar-

543 2376 668 2418 rant
694 2382 709 2430 ;
742 2363 1163 2433 subjiciuntque,
1190 2366 1377 2419 exinde
1394 2368 1513 2419 aliis
1533 2367 1787 2435 paulatim
1818 2371 2115 2436 regionibus

543 2453 842 2508 Galliarum
869 2495 883 2520 ,
913 2456 1103 2509 bonunt
1142 2457 1266 2523 ﬁdei
1302 2467 1349 2510 et
1397 2459 1665 2527 religionis
1705 2460 1964 2528 infusum.
2002 2462 2114 2517 lloc

542 2547 722 2614 ipsum
771 2548 1044 2615 siguillcm
1089 2546 1336 2601 Zosimus
1384 2565 1517 2619 papa
1553 2551 1711 2618 epist.
1735 2551 1768 2604 5
1803 2569 1817 2605 :
1852 2553 1932 2604 Ad
1956 2570 2113 2621 quam

542 2634 934 2705 (Arelatensem
966 2637 1180 2706 urbem)
1208 2639 1432 2705 primum
1450 2656 1513 2692 es:
1536 2644 1633 2692 hac
1661 2643 1782 2694 sede
1804 2640 2114 2703 Trophimus

541 2742 778 2779 summus
806 2729 1055 2795 antistes,
1103 2746 1167 2783 ea:
1204 2732 1355 2799 cujus
1404 2734 1548 2799 fonte
1600 2743 1725 2786 tota:
1770 2730 1960 2787 Gallice
1987 2734 2114 2803 ﬁdei

543 2816 743 2871 rivulos
776 2830 1109 2887 acceperunt,
1142 2823 1372 2875 directus
1400 2833 1495 2875 est.
1524 2822 1695 2875 Porro
1729 2824 1845 2879 ltilfc
1883 2827 2113 2893 epistola

544 2905 744 2961 Zosimi
777 2910 918 2962 edita
945 2926 971 2960 a
1000 2908 1062 2967 V.
1089 2910 1148 2963 C.
1175 2911 1486 2974 Sirmondo,
1509 2924 1561 2967 et
1594 2913 1808 2968 laudata
1841 2915 1968 2968 olim
2003 2927 2114 2971 tam

543 3002 600 3055 in
633 3000 864 3054 concilio
896 3000 1394 3064 Francoiordiensi,
1427 3018 1588 3070 quam
1616 3004 1780 3056 etiam
1814 3006 1881 3058 ab
1916 3005 2117 3061 Usuar-

2219 532 2610 602 impudentiam
2636 533 2855 584 daumat
2886 533 3045 599 epist.
3082 531 3137 595 7,
3194 532 3335 598 quod
3358 531 3412 583 iu
3454 546 3521 583 eo
3565 531 3800 584 Concilio

2219 623 2567 693 postulas~ct,
2599 631 2655 675 ut
2690 621 2790 674 sibi
2822 622 3176 674 creandorum
3236 623 3576 673 sacerdotum
3604 623 3654 673 in
3677 636 3803 687 pro-

2218 716 2394 768 vincia
2457 715 2745 768 Viennensi
2796 714 3200 782 permitteretur
3258 714 3543 765 arbitrium
3594 730 3607 765 :
3654 711 3797 781 quod

2220 807 2296 860 ait
2324 822 2443 859 esse
2470 817 2663 859 contra
2700 815 2902 857 statuta
2941 803 3183 867 Patrum,
3217 815 3271 857 et
3300 806 3472 857 sancti
3508 803 3794 870 Tiopliimi

2220 899 2582 953 reverentiam
2614 914 2628 951 :
2666 898 3017 965 decernitque
3045 937 3062 961 ,
3097 898 3252 965 juvta
3315 913 3505 965 preces
3555 897 3795 952 Patrocli

2219 990 2575 1051 Arelatensis,
2611 998 2669 1041 ιιι
2699 988 2817 1057 ejus
2847 990 3087 1041 civitatis
3120 991 3428 1055 t'piSt'nplls,
3458 988 3572 1055 jam
3606 991 3727 1040 inde
3762 1007 3794 1040 α

2223 1080 2505 1148 Trophimo
2533 1082 2886 1134 ordinationis
2915 1082 3102 1132 seriem
3146 1083 3462 1144 temporibus
3490 1082 3795 1133 roboratam

2220 1175 2497 1243 possideat
2525 1213 2539 1235 ,
2572 1189 2678 1225 non
2714 1177 2884 1226 solum
2926 1173 2976 1225 in
3007 1174 3282 1240 provincia
3322 1172 3613 1225 Viennensi
3644 1211 3658 1233 ,
3701 1171 3795 1223 sed

2218 1266 2385 1320 etiam
2429 1264 2484 1318 in
2534 1274 2759 1333 utraque
2800 1263 3162 1315 Narbonensi.
3213 1261 3383 1330 Cujus
3428 1262 3795 1327 prrrogativm

2220 1357 2484 1410 rationem
2513 1370 2730 1423 quoque
2764 1355 2940 1407 reddit
2972 1355 3132 1420 epist.
3170 1353 3224 1417 8,
3267 1354 3333 1404 ad
3370 1353 3628 1405 "li.ll'illlll
3660 1351 3795 1404 Nar—

2219 1447 2511 1501 banensem
2541 1466 2556 1501 :
2591 1448 2853 1511 Quoniam
2903 1445 3218 1510 Troy/timus
3255 1448 3495 1497 sacerdos
3527 1444 3794 1511 quondam

2219 1535 2519 1589 Arelatensi
2546 1538 2660 1588 urbi
2689 1543 2753 1587 ab
2783 1536 3073 1599 apostolica
3110 1536 3230 1585 sede
3254 1534 3594 1585 transmissus
3624 1535 3693 1584 ad
3727 1533 3796 1584 il-

2221 1629 2301 1682 las
2356 1632 2588 1698 regiones
2664 1629 2906 1700 (scilicet
2956 1638 3241 1694 utramque
3288 1626 3691 1679 Narbonensem
3742 1633 3797 1678 ct

2224 1722 2584 1775 Viennensem
2610 1724 2627 1789 )
2660 1724 2793 1774 tanti
2823 1721 3049 1773 nominis
3079 1721 3422 1773 rerercntiam
3458 1719 3658 1784 primus
3701 1732 3794 1768 c1-

2220 1815 2411 1879 fiibttit,
2453 1825 2501 1868 et
2531 1816 2584 1868 in
2614 1816 2747 1865 alios
2779 1831 2883 1866 non
2926 1816 3204 1877 inanerito,
3243 1831 3303 1865 ea
3337 1828 3491 1880 quam
3525 1820 3792 1876 acceperat

2221 1908 2536 1959 auctoritate
2575 1906 2890 1974 transfodit.
2930 1907 3119 1959 Totam
3144 1920 3275 1969 ergo
3299 1906 3561 1970 primatus
3586 1911 3793 1952 metro-

2219 2000 2424 2069 politici
2463 2015 2705 2060 causam,
2752 2001 2810 2051 ἐν
2850 2001 2915 2068 τῇ
2987 1996 3392 2067 πρωτοκλτδείᾳ,
3432 2012 3523 2046 seu
3562 1995 3611 2045 in
3653 1996 3798 2061 ptio-

2222 2105 2281 2145 re
2317 2093 2600 2145 vocatione
2628 2091 2694 2143 ad
2727 2091 2909 2146 fidem.
2939 2100 2993 2142 et
3032 2092 3083 2142 iu
3122 2091 3419 2142 vetustiore
3448 2089 3793 2154 episcopatus

2220 2184 2560 2239 institutione
2596 2180 2735 2249 apud
2765 2179 3038 2231 Arelatem
3076 2194 3107 2230 a
3149 2177 3441 2246 'l'ropbimo
3474 2176 3612 2228 facta
3638 2215 3653 2238 ,
3681 2173 3791 2227 Zo-

2219 2275 2391 2328 simus
2424 2274 2627 2326 diserte
2679 2271 2983 2325 constituit.
3029 2270 3296 2322 (Steterunt
3326 2307 3344 2331 ,
3377 2269 3631 2336 quoniam
3677 2268 3793 2319 Ita'c

2218 2365 2422 2420 Zositni
2460 2366 2720 2431 rescripta
2766 2362 3153 2415 consuetudine
3186 2360 3402 2428 quidem
3440 2369 3649 2411 Vetusta
3676 2396 3693 2422 ,
3732 2368 3791 2409 ut

2221 2457 2337 2526 ipse
2373 2457 2486 2521 ait,
2519 2470 2585 2507 ex
2634 2454 2895 2507 relatione
2930 2451 3159 2505 l’atrotli
3196 2453 3528 2513 nitebantur,
3578 2464 3669 2501 seu
3705 2449 3791 2500 d.-

2219 2548 2498 2614 sciplinam
2550 2545 2803 2599 Ecclesiae
2859 2544 3179 2596 universalis
3228 2560 3257 2595 a
3313 2543 3522 2611 synodo
3574 2541 3791 2593 Mla-na

2220 2640 2494 2691 decretam
2548 2636 2964 2695 convellebant,
3014 2649 3135 2702 quae
3185 2633 3427 2701 singulas
3480 2632 3793 2700 provincias

2231 2730 2344 2782 suis
2371 2729 2718 2781 commiserat
2753 2725 3185 2792 metropolitauis
3212 2763 3227 2788 ,
3261 2740 3365 2776 non
3403 2736 3581 2774 autem
3613 2724 3795 2791 plures

2220 2820 2527 2890 provincias
2568 2819 2695 2882 uni;
2748 2818 2875 2871 hinc
2921 2817 3120 2870 factum
3147 2855 3164 2881 ,
3208 2826 3265 2868 ut
3317 2815 3626 2867 Boiiil'acLus
3655 2829 3793 2881 papa

2222 2928 2330 2965 non
2365 2911 2712 2980 eitprobrarit
2741 2909 2957 2977 quidem
2981 2907 3233 2961 Patroclo
3261 2906 3563 2958 Arelatensi
3595 2917 3795 2958 metro-

2222 3003 2454 3073 politicte
2495 3001 2779 3071 patestatis
2823 3001 3274 3069 usurpationem,
3313 3001 3408 3053 sed
3442 3001 3620 3069 potius
3656 3000 3797 3053 inte-

544 3093 614 3146 do
642 3100 698 3146 et
732 3094 919 3146 Adone
946 3132 962 3158 ,
1013 3109 1134 3146 cuni
1166 3094 1367 3161 scripta
1410 3094 1484 3147 sit
1531 3111 1674 3150 anno
1705 3096 1837 3161 H7,
1868 3097 2113 3168 Gregorii
2145 3135 2188 3192 ο
2221 3113 2372 3167 grain
2409 3096 2483 3150 illi
2526 3096 2833 3163 relinquens
2865 3096 2916 3148 in
2965 3094 3239 3164 prmiucia
3274 3091 3566 3147 Viennensi
3596 3132 3613 3158 ,
3648 3095 3795 3149 illius

546 3182 878 3237 Turonensis
905 3184 1214 3238 testimonio
1244 3186 1419 3254 potior
1446 3201 1566 3239 esse
1596 3187 1752 3241 debet
1783 3189 1834 3242 in
1865 3193 2113 3258 ponenda

545 3273 826 3342 Tropbiuii
866 3276 1068 3343 epoclia
1095 3315 1110 3340 ,
1158 3291 1319 3345 quain
1351 3279 1707 3332 disertissime
1734 3283 1972 3350 synodus
2001 3284 2115 3351 cpi-

543 3383 828 3436 scoporum
869 3369 1286 3436 provincialium
1329 3371 1496 3425 refert
1539 3374 1605 3426 ad
1651 3371 1870 3427 Petrum
1898 3385 2116 3444 aposto-

544 3459 687 3523 lum;
735 3477 765 3513 a
792 3462 995 3529 quibus
1045 3477 1151 3514 non
1202 3462 1426 3515 discedit
1458 3462 1741 3529 Zosimus,
1772 3482 1893 3519 cum
1924 3469 2117 3523 doceat

542 3552 775 3619 primum
827 3553 879 3603 iii
914 3550 1104 3605 Galliis
1144 3550 1498 3620 Tropliimum
1548 3555 1717 3607 fuisse
1760 3558 2112 3613 constitutum

542 3642 871 3710 episcopum.
934 3642 1125 3697 Libelli
1181 3642 1443 3712 supplicis
1497 3646 1564 3700 ad
1615 3662 1672 3701 se
1723 3648 1791 3701 ab
1842 3651 2113 3719 episcopis

542 3732 695 3786 missi
740 3737 1003 3788 rationem
1036 3734 1225 3788 liabuit
1256 3735 1367 3789 Leo
1405 3737 1645 3804 pontifex
1680 3741 1940 3809 rescripto
1971 3744 2110 3810 quod

542 3824 612 3876 ad
658 3840 755 3878 eos
801 3826 983 3878 statim
1041 3826 1232 3891 dedit,
1282 3841 1391 3896 quo
1423 3837 1656 3880 veterem
1696 3829 2026 3885 Arelatensis
2058 3842 2114 3886 et

543 3914 873 3971 Viennensis
903 3918 1153 3972 Ecclesia:
1187 3920 1251 3972 de
1281 3920 1674 3988 nietropolitica
1703 3923 1960 3991 dignitate
1989 3940 2115 3978 cons

544 4009 838 4061 tentiouem
864 4046 879 4071 ,
914 4008 1241 4063 Viennensis
1270 4011 1567 4077 provinciw
1586 4012 1850 4066 divisione
1898 4028 2113 4082 compo-

543 4098 646 4151 nit.
680 4097 908 4152 Necesse
940 4109 1021 4153 est
1047 4100 1433 4154 controversia:
1462 4102 1609 4155 illius
1632 4114 1831 4158 statum
1861 4118 2111 4174 compen-

543 4190 636 4242 dio
675 4191 1082 4258 perstringere:
1120 4201 1177 4243 ιιι
1226 4192 1318 4259 qui
1369 4194 1575 4247 suborti
1626 4206 1750 4247 sunt
1791 4211 1856 4249 es
1906 4211 1970 4249 eo
2006 4212 2110 4250 non

541 4293 675 4331 sane
703 4289 961 4347 percepto
1003 4280 1055 4333 in
1088 4282 1421 4334 eruditorqu
1461 4284 1656 4337 animis
1684 4284 1942 4353 serupuli,
1968 4289 2111 4354 quod

540 4371 608 4421 ad
634 4367 914 4436 Tropliiuii
941 4372 1325 4440 antiquitatem
1355 4383 1586 4442 spectat,
1621 4376 1829 4432 facilius
1864 4380 2114 4433 eximan-

546 4472 651 4514 tur.
678 4462 883 4516 Vieuna
914 4465 1113 4519 civitas
1140 4470 1458 4537 inctrOpolis
1492 4481 1612 4524 erat
1640 4472 1932 4539 provincia:
1952 4473 2112 4527 V'ieu-

542 4554 726 4606 neusis
757 4554 809 4607 in
866 4554 1126 4611 laterculo
1162 4559 1393 4627 imperii.
1446 4559 1622 4625 Unde,
1661 4562 1817 4631 juxta
1872 4579 2114 4620 canones

541 4643 828 4713 Nicatuos,
864 4647 955 4718 jus
1009 4652 1466 4719 melropoliticum
1523 4654 1588 4706 ad
1642 4670 1701 4709 se
1749 4656 2021 4724 pertinere
2057 4659 2112 4712 in

541 4736 733 4789 ordine
763 4738 1139 4794 ecclesiastico
1186 4743 1545 4796 contenderat
1576 4743 1708 4797 olim
1760 4746 2074 4816 Simplicius
2098 4788 2113 4813 ,

543 4830 785 4885 civitatis
815 4831 959 4885 illius
987 4835 1276 4902 episc0pus
1319 4835 1584 4888 adversus
1611 4836 1987 4891 ArelatenSem
2017 4879 2031 4903 ,
2061 4838 2113 4892 in

541 4923 782 4977 concilio
814 4924 1163 4991 'l‘auriueusi,
1196 4941 1336 4977 anno
1365 4925 1492 4980 597.
1523 4928 1637 4991 Qua
1677 4928 1728 4980 iu
1761 4928 1855 4982 lite
1888 4929 2114 4983 interlo-

542 5015 655 5067 cuti
693 5025 821 5068 sunt
849 5014 1057 5079 Patres,
1090 5032 1208 5070 eam
1235 5018 1508 5071 civitatein
1539 5017 1644 5072 frui
1680 5021 1877 5074 debere
1907 5023 2115 5077 bonore

542 5102 807 5169 primatus
832 5141 848 5167 ,
874 5117 993 5170 qtite
1023 5107 1244 5158 doceret
1273 5120 1330 5159 se
1361 5121 1482 5160 esse
1513 5108 1807 5175 provinciae
1840 5124 2114 5181 metropo-

541 5191 670 5257 lim;
695 5193 818 5246 dato
853 5195 1067 5249 interim
1098 5195 1161 5248 ad
1185 5195 1472 5250 fovendam
1509 5201 1857 5253 concordiam
1892 5204 2112 5272 episco-

541 5285 627 5353 pis
659 5285 908 5349 consilio,
942 5296 999 5339 ut
1034 5290 1267 5357 quisque
1301 5289 1597 5342 viciniores
1626 5292 1728 5344 sibi
1764 5292 2016 5348 civitates
2043 5294 2111 5348 ad

542 5389 695 5426 suam
723 5389 906 5427 curam
948 5386 1249 5431 revocaret.
1303 5376 1528 5430 Pessum
1570 5378 1694 5431 data
1743 5389 1861 5431 erat
1891 5380 1993 5433 hac
2027 5380 2113 5433 in-

544 5464 896 5520 terlocutione
928 5467 1269 5520 Arelatensis
1307 5468 1565 5523 Ecclesia:
1605 5470 1840 5535 dignitas
1866 5510 1882 5535 ,
1913 5486 2034 5540 qua:
2058 5473 2111 5526 in

539 5557 733 5610 ordine
791 5559 973 5611 civilis
1034 5559 1410 5626 dispositionis
1457 5576 1487 5613 tt
1556 5562 1838 5629 metropoli
1891 5563 2112 5616 crvitate

544 5646 832 5703 Viennensi
864 5652 1070 5718 absque
1099 5651 1264 5706 dubio
1313 5652 1605 5720 pendebat.
1655 5652 1833 5719 Quare
1860 5652 2111 5708 Zosimus

445 5808 451 5815 .
540 5740 728 5811 viginti
757 5753 876 5811 post
927 5742 1194 5810 synodum
1231 5743 1628 5800 Taurincnsern
1664 5745 1820 5801 anuis
1853 5746 2110 5818 interpel-

2226 3200 2405 3243 tamen
2438 3189 2800 3242 temeritatem
2836 3187 3169 3239 damnaverit
3199 3186 3422 3253 epistola
3447 3188 3570 3239 data
3606 3189 3673 3239 ad
3706 3186 3798 3239 ιιι.

2222 3280 2415 3335 lariuui
2449 3279 2856 3333 Narbonensem
2886 3294 3031 3331 anno
3057 3277 3182 3342 ηιξ,
3212 3284 3351 3345 quot
3378 3277 3473 3331 sc'.l
3497 3289 3582 3331 Cet
3611 3279 3662 3331 in
3689 3278 3799 3332 Lu-

2224 3372 2436 3425 tubcusi
2468 3369 2708 3424 Ecclesia
2739 3369 3140 3424 ordinationem
3175 3370 3413 3438 episcopi
3463 3369 3795 3424 celebrasset

2221 3464 2275 3515 in
2310 3463 2482 3514 aliena
2511 3462 2778 3528 prorincia
2806 3499 2823 3526 ,
2851 3458 3065 3529 inquit,
3095 3460 3299 3513 scilicet
3330 3460 3382 3513 iu
3410 3460 3747 3515 Narbonensi
3776 3500 3793 3526 ,

2221 3570 2344 3621 qua:
2390 3568 2420 3606 a
2456 3553 2747 3606 Viennensi
2798 3561 2917 3605 erat
2966 3553 3243 3605 distincta.
3296 3552 3429 3606 Illud
3480 3566 3662 3606 autem
3712 3556 3797 3605 la-

2220 3656 2366 3699 etttm
2430 3645 2707 3713 pertendit
2758 3652 2945 3696 contra
2996 3644 3186 3713 synodi
3238 3642 3470 3697 Nicmuas
3517 3646 3794 3697 constitu-

2223 3738 2422 3790 tionem
2451 3776 2468 3803 ,
2497 3752 2655 3805 quam
2686 3735 2950 3789 describit
2975 3750 2990 3801 ;
3029 3748 3447 3803 comnionetque
3484 3734 3744 3788 llilarium
3772 3770 3793 3800 ,

2221 3843 2283 3886 ut
2320 3829 2859 3900 metmpoliticojure
2908 3830 3170 3893 nmnitus,
3230 3841 3285 3883 et
3337 3831 3795 3897 praeceptiouibns

2219 3923 2332 3977 suis
2367 3925 2558 3987 fretus,
2583 3939 2703 3991 quae
2735 3922 2980 3975 facienda
3015 3930 3143 3976 sunt
3185 3920 3237 3973 in
3270 3918 3566 3974 Lulubensi
3599 3921 3794 3973 Eccle-

2218 4017 2299 4072 sia
2331 4023 2569 4084 pra‘stet.
2608 4013 2799 4067 'Nolnit
2857 4012 3096 4067 llilarius
3142 4013 3509 4076 Arelatensis,
3558 4011 3790 4065 l'strocli

2220 4121 2529 4169 successor,
2573 4104 2738 4159 fultus
2771 4113 2823 4156 et
2846 4100 3047 4155 Zosimi
3083 4101 3249 4170 priori
3280 4101 3543 4169 rescripto
3574 4111 3628 4154 et
3657 4117 3794 4154 con-

2219 4197 2506 4251 suetudine
2534 4206 2765 4258 vetusta,
2787 4208 2977 4264 parere
3001 4194 3220 4247 decreto
3240 4190 3524 4255 Bonifacii,
3556 4194 3792 4246 restrin-

2219 4287 2395 4357 gentis
2429 4286 2565 4338 intra
2594 4285 2953 4340 Viennensem
2979 4283 3309 4352 provinciam
3332 4284 3665 4336 Arelatensis
3681 4283 3794 4350 epi~

2220 4380 2365 4450 SCOlli
2403 4386 2744 4447 potestatem.
2774 4377 2945 4443 Quam
2979 4375 3049 4429 ob
3086 4390 3223 4437 rem,
3263 4382 3318 4426 et
3353 4386 3575 4442 propter
3605 4374 3794 4429 Cbeli-

2144 4487 2189 4542 ι)
2219 4468 2362 4523 donii
2398 4482 2639 4528 causam,
2673 4467 2918 4534 aliasque
2946 4465 3297 4533 gravissimas
3326 4464 3590 4527 rationes,
3619 4464 3793 4517 iratus

2217 4559 2425 4615 Hilario
2450 4559 2558 4614 Leo
2592 4554 2697 4612 Pl‘.
2719 4557 2864 4628 quod
2898 4557 3078 4610 minus
3106 4557 3288 4610 colere
3313 4554 3652 4623 majestatem
3682 4555 3793 4609 lto-

2216 4670 2391 4709 manae
2422 4653 2566 4707 sedis
2588 4651 2888 4714 videretur,
2926 4649 3121 4704 acerbe
3165 4649 3219 4703 in
3271 4663 3394 4703 cuin
3432 4651 3704 4705 invehitur
3733 4652 3790 4706 in

2215 4747 2443 4818 epistola
2475 4747 2542 4799 ad
2569 4745 2849 4814 episcopos
2872 4741 3199 4797 Viennensis
3233 4744 3529 4811 provincias
3586 4745 3789 4811 scripta

2217 4855 2364 4893 anno
2390 4837 2516 4892 445.
2561 4836 2707 4890 luter
2739 4845 2935 4889 ca‘tera
2989 4833 3063 4887 illi
3112 4835 3318 4899 objicit.
3357 4836 3502 4903 quod
3546 4836 3789 4903 projeclo

2215 4933 2468 5001 episcopo
2497 4928 2712 4982 infirmo
2735 4936 2790 4982 et
2825 4926 3113 4990 nescienti,
3160 4925 3324 4978 sliurn
3352 4928 3793 4992 superposuisset

2214 5024 2547 5091 episc0pum,
2577 5019 2739 5085 idque
2767 5020 2820 5072 in
2846 5019 3022 5071 aliena
3058 5019 3351 5085 provincia,
3392 5019 3599 5073 scilicet
3630 5029 3788 5072 extra

2215 5115 2597 5168 Viennensem.
2653 5109 2793 5176 Quid
2846 5111 2949 5163 sibi
3002 5109 3244 5162 Hilarius
3299 5111 3487 5176 quierit
3523 5110 3579 5162 in
3608 5111 3787 5163 aliena

2215 5205 2514 5275 provincia,
2532 5202 2725 5272 inquit,
2753 5212 2799 5255 et
2830 5201 2884 5254 id
2907 5200 3046 5269 quod
3064 5203 3242 5253 nullus
3265 5201 3595 5253 decesserunt
3620 5202 3788 5266 ipsius

2214 5308 2336 5350 ante
2370 5293 2715 5346 Patroculum
2743 5291 2956 5356 habuit,
2987 5306 3083 5342 cur
3111 5300 3355 5358 usurpat.
3388 5304 3508 5341 curis
3536 5300 3584 5341 et
3617 5292 3787 5354 ipsum

2213 5385 2354 5456 quod
2392 5382 2641 5436 Patroclo
2687 5398 2719 5434 ιι
2759 5384 2880 5434 sede
2925 5382 3218 5445 apostolica
3252 5380 3620 5449 temporaliter
3647 5382 3788 5432 διάει

2216 5480 2370 5532 batur
2397 5494 2508 5531 esse
2540 5491 2841 5529 concessum
2863 5513 2876 5535 ,
2925 5474 3259 5540 postmodum
3288 5474 3353 5523 sit
3397 5472 3611 5523 meliore
3659 5487 3787 5523 sen-

2215 5571 2380 5622 tentia
2411 5568 2715 5620 mntatum.’
2749 5565 2953 5631 Quibus
2981 5562 3159 5616 verbis
3190 5561 3299 5616 Leo
3335 5563 3681 5631 apertissime
3708 5565 3790 5613 sia

2216 5661 2440 5731 gnilicat
2464 5659 2642 5727 priora
2674 5655 2872 5709 Zosimi
2906 5665 3196 5722 rescrpts,
3226 5663 3279 5705 et
3317 5654 3588 5720 pustcrius
3619 5652 3788 5707 Boni-

2215 5752 2338 5806 facii
2372 5755 2671 5816 decretum,
2713 5764 2823 5818 quo
2855 5756 3096 5817 patcstss
3149 5745 3487 5803 Arelatensis
3544 5742 3788 5816 episcopi
