4154 6420
354 333 422 388 57
1314 332 1650 387 EPlSTOLA
1694 333 1782 386 AD
1824 333 2181 391 llEN‘RlCUM
2222 332 2596 390 VALESIUM.
3532 341 3601 396 53

355 452 500 507 intra
526 451 727 508 limites
764 452 1089 507 Viennensis
1119 452 1411 521 provinciae
1451 458 1828 515 coercebatur,
1868 461 1927 504 ut
1954 463 2001 515 Α
2029 452 2230 518 etesiae,
2286 466 2406 522 quae
2453 452 2586 506 vitio
2618 451 2857 521 episcopi
2884 454 2965 507 sui
2993 452 3185 508 Hilarii
3220 454 3449 524 antiquo
3475 453 3600 522 jure

353 543 610 610 superius
669 545 872 597 monui.
930 546 1059 608 Qua:
1108 555 1291 598 autem
1343 545 1695 613 exceptiones
1723 542 1924 613 objice-

353 643 548 686 rentur
578 636 835 688 adversus
883 633 1083 688 Zosimi
1140 634 1467 703 rescriptum
1492 674 1508 699 ,
1545 633 1597 687 in
1628 648 1694 686 eo
1743 633 1921 702 capite

356 727 503 792 quod
548 725 923 777 ordinationes
953 725 1004 777 in
1039 735 1269 792 utraque
1312 723 1649 778 Narbonensi
1676 721 1925 776 Patroclo

357 830 652 871 concessas
694 817 931 882 respicit,
987 816 1126 869 idem
1185 816 1474 870 manifeste
1507 815 1684 877 docet,
1721 815 1765 867 si
1807 812 1922 881 ejus

357 909 523 961 vorba
593 909 745 977 juxta
800 908 1011 976 regulas
1057 908 1195 974 juris
1244 908 1637 975 expendantur.
1708 905 1924 959 Scilicet

364 998 890 1068 obreptanosimo
955 1015 1050 1068 per
1103 1000 1290 1053 falsam
1336 998 1568 1052 Patrocli
1619 998 1923 1067 suggestio-

354 1106 517 1154 nem,
547 1092 639 1160 qui
695 1092 963 1144 referebat
1002 1090 1068 1144 ad
1126 1092 1568 1145 consuetudinem
1614 1098 1879 1143 vetustam
1904 1125 1921 1154 ,

354 1194 516 1248 quam
578 1181 691 1247 ipse
748 1181 953 1248 primus
999 1181 1290 1249 usurpabat
1350 1181 1633 1235 ordinandi
1688 1189 1926 1249 potesta-

364 1282 468 1324 tem
503 1272 554 1324 in
590 1272 863 1340 provincia
894 1270 1254 1325 Narbonensi.
1296 1273 1495 1327 Deinde
1545 1273 1827 1341 significat.
1856 1273 1922 1327 ad

356 1377 621 1416 summum
688 1363 1099 1432 praerogativam
1136 1362 1282 1415 illam
1339 1378 1367 1416 a
1420 1362 1635 1418 Zosituo
1674 1366 1739 1417 ad
1787 1374 1922 1419 tem-

354 1463 456 1517 pus
487 1447 737 1503 Patroclo
786 1463 1098 1504 concessam
1135 1450 1355 1520 intelligi
1410 1452 1628 1507 debere.
1685 1454 1923 1523 Denique

356 1542 527 1595 utitur
562 1541 862 1609 posteriore
893 1541 1153 1597 Bonifacii
1182 1543 1420 1607 decreto,
1456 1549 1598 1613 quod
1643 1546 1799 1616 juxta
1830 1564 1923 1603 ca-

355 1646 555 1684 nonum
585 1632 980 1697 pratscriptnm,
1008 1634 1353 1686 ambitiosum
1390 1634 1519 1689 illttd
1557 1646 1609 1690 et
1643 1652 1740 1706 per
1769 1636 1924 1692 frau-

353 1720 473 1775 dem
505 1722 743 1775 elicitum
779 1722 979 1776 Zosimi
1012 1726 1332 1793 rescriptum
1363 1765 1378 1790 ,
1430 1728 1565 1781 duas
1614 1730 1922 1796 provincias

2025 544 2077 598 in
2102 552 2420 611 perpetuum
2449 544 2648 611 privari
2675 558 2781 597 non
2809 553 3041 614 poterat.
3077 544 3261 613 Itaque
3285 560 3395 599 rem
3427 554 3594 599 totam

2017 629 2170 698 juxta
2227 630 2447 685 concilii
2500 630 2852 687 Taurinensis
2879 633 3163 687 consilium
3225 634 3406 687 datum
3467 634 3595 688 olim

2024 722 2471 775 cententlentihus
2491 722 2714 775 duarunt
2733 722 3010 776 civitatum
3041 724 3325 791 episc0pis,
3352 724 3434 777 sic
3459 734 3594 777 tem-

2026 814 2260 882 peravit,
2294 824 2355 866 ut
2386 814 2642 882 majorem
2699 824 2902 883 partem
2933 817 3225 884 provincia:
3276 812 3598 871 Viennensis

2023 905 2343 959 restitueret
2400 905 2706 959 Arelatensi
2764 905 3062 970 Ecclesiae;
3103 906 3233 959 solis
3257 918 3492 974 quatuor
3519 909 3597 961 ci-

2025 996 2287 1050 vitatibus
2318 1010 2481 1065 penes
2518 993 2878 1049 Viennensem
2912 996 3221 1065 episcopum
3257 998 3460 1052 relictis
3482 1038 3496 1060 ,
3528 1014 3597 1052 ne

2024 1086 2281 1139 honorem
2316 1086 2767 1155 metrOpoliticum
2796 1125 2811 1148 ,
2844 1100 3003 1153 quem
3042 1086 3271 1155 ipsemet
3300 1102 3595 1141 concesse-

2022 1186 2128 1242 rat,
2152 1177 2391 1229 adimere
2415 1191 2511 1242 per
2542 1176 2962 1229 inconstantiam
2999 1176 3357 1244 autinjutiam
3386 1178 3596 1230 videre—

2024 1276 2143 1333 tur;
2175 1277 2249 1328 et,
2278 1276 2334 1319 ut
2359 1267 2471 1334 ipse
2502 1265 2756 1333 loquitur,
2792 1281 2858 1319 ne
2890 1267 3221 1329 Viennensis,
3250 1270 3332 1321 eoi
3358 1276 3596 1336 potesta-

2025 1365 2132 1409 tem
2168 1356 2621 1423 tnetropoliticam
2660 1355 2866 1408 Hilario
2909 1356 3144 1409 ablatam
3186 1357 3542 1425 deputaverat
3574 1397 3590 1421 ,

2021 1445 2300 1513 semetipso
2325 1444 2498 1513 factus
2527 1445 2789 1498 videretur
2811 1445 3051 1509 inferior.
3086 1443 3190 1497 Sed
3229 1454 3340 1497 tum
3394 1446 3461 1499 de
3515 1445 3591 1497 is-

2026 1536 2150 1588 tltac
2197 1536 2606 1602 controversia,
2666 1546 2776 1588 tum
2813 1534 2976 1588 etiam
3033 1534 3099 1589 de
3134 1535 3391 1602 dignitate
3446 1534 3592 1588 civili

2020 1623 2346 1678 Viennensis
2368 1633 2421 1677 et
2442 1624 2773 1679 Arelatensis
2802 1624 3054 1687 civitatis,
3076 1636 3376 1677 accuratam
3410 1626 3591 1681 disce-

2022 1714 2315 1782 ptatiouem
2347 1713 2593 1766 dabimus
2635 1714 2687 1765 in
2719 1714 2954 1765 secunda
2995 1713 3234 1766 editione
3265 1711 3389 1765 libri
3420 1712 3590 1766 nostri

354 1812 445 1865 uni
483 1814 894 1879 metropolitano
919 1816 1258 1879 concedens,
1306 1818 1623 1872 resciderat.
1675 1819 1915 1875 Tandem
1949 1807 1990 1862 Β
2021 1804 2096 1859 De
2128 1804 2463 1874 Ρνίηιαίίθαδν
2487 1819 2648 1871 (ιιιηιιι
2681 1806 3030 1857 “domamus-

353 1902 636 1970 pracfracta
668 1903 855 1958 llilarii
886 1906 1223 1961 Arelatensis
1253 1911 1593 1963 contumacia
1638 1909 1748 1965 Leo
1781 1928 1918 1981 papa

351 2007 670 2057 succensus,
708 1996 913 2063 absque
941 1999 1253 2066 cognitione
1298 2014 1477 2055 cauare
1508 2002 1768 2058 inauditis
1817 2005 1921 2060 illis

352 2097 583 2151 quorum
612 2084 901 2151 intererat,
931 2087 1018 2156 jus
1047 2104 1208 2141 omne
1250 2093 1705 2160 metropoliticunt
1756 2098 1918 2150 etiam

352 2172 406 2227 in
437 2175 710 2241 provincia
748 2176 1038 2233 Viennensi
1071 2184 1273 2235 ademit
1311 2184 1566 2253 episcopo
1590 2187 1917 2255 Arelatensi,

352 2260 593 2330 illudque
633 2262 923 2320 Viennensi
969 2269 1321 2337 adjudicavit,
1375 2288 1439 2327 ac
1486 2275 1530 2328 si
1586 2277 1652 2328 ad
1682 2292 1804 2331 eum
1850 2294 1917 2332 ex

345 2352 468 2421 jure
501 2355 678 2408 civilis
706 2360 1065 2427 metropoleos
1107 2360 1263 2429 juxta
1304 2380 1540 2419 canones
1574 2369 1869 2435 pertineret
1898 2411 1914 2436 ,

352 2443 801 2505 qucutadmtnlum
833 2448 1145 2516 Simplicius
1181 2453 1231 2505 itt
1273 2455 1504 2508 concilio
1535 2455 1853 2513 Tanrinensi
1887 2477 1914 2514 a

349 2531 604 2586 Pati-ibus
629 2533 754 2585 olim
798 2534 1090 2600 impetrare
1118 2547 1441 2593 tentaverat.
1478 2540 1629 2596 llanc
1668 2544 1916 2611 injuriam

349 2620 653 2674 Arelatensi
693 2621 952 2677 Ecclesia:
1005 2625 1210 2679 illatam
1240 2631 1500 2683 adversus
1536 2634 1919 2688 vetustissimae

348 2714 755 2768 consuetudinis
775 2715 831 2767 ὲν
856 2718 921 2786 τῇ
957 2718 1341 2792 πρωτοκλησὶᾳ
1370 2720 1608 2777 fundatae
1647 2735 1699 2778 et
1722 2740 1748 2776 a
1778 2724 1916 2779 Tro-

348 2802 533 2872 pltimo
561 2804 738 2858 ductae
782 2809 1180 2875 auctoritatem,
1217 2813 1456 2881 episcopi
1501 2816 1799 2882 provinciae
1830 2814 1919 2869 Vi.

347 2893 625 2956 ennensis,
658 2893 755 2947 hac
786 2897 1028 2951 novitate
1054 2901 1311 2966 perculsi,
1341 2917 1597 2957 amovere
1626 2917 1916 2974 curarunt,

349 2986 637 3037 occasione
662 2982 879 3055 arrepta
912 3005 976 3043 ex
1018 2990 1168 3044 obitu
1220 2992 1408 3046 lltlarii
1437 3034 1452 3055 ,
1500 3004 1555 3048 et
1589 2999 1856 3051 electione
1886 3012 1917 3051 a

351 3091 410 3129 se
434 3076 571 3133 facta
595 3076 880 3146 Raveunii,
901 3083 1001 3135 viri
1038 3083 1346 3151 gravissimi
1375 3096 1429 3139 et
1454 3083 1622 3139 Leoni
1654 3088 1913 3157 pergrali.

346 3166 536 3239 Itaque
575 3171 753 3224 libello
783 3172 1014 3240 supplici
1046 3175 1112 3226 ad
1147 3173 1379 3228 Leonem
1415 3176 1544 3229 dato
1572 3218 1587 3242 ,
1647 3180 1913 3246 primatus

344 3261 683 3317 Arelatensis
726 3264 988 3332 originem
1038 3277 1324 3320 arcessunt
1359 3283 1389 3320 a
1440 3268 1781 3339 Tropltimo:
1824 3272 1913 3339 qui

344 3355 547 3408 missus
575 3369 604 3407 a
635 3352 696 3406 Β.
731 3356 909 3421 Petro,
930 3357 1134 3424 primtts
1159 3359 1209 3410 in
1237 3357 1423 3413 Galliis
1454 3361 1669 3415 Arelate
1701 3363 1915 3433 episco-

345 3455 530 3514 patum
562 3447 797 3499 instituit
829 3465 842 3499 :
875 3448 1028 3515 cujus
1056 3450 1272 3517 (jnidetn
1305 3453 1575 3518 prima-vae
1613 3452 1915 3507 institutio-

347 3538 433 3590 nis
464 3537 602 3589 ratio
635 3538 812 3604 potior
840 3538 912 3592 sit
961 3539 1232 3604 habenda,
1271 3558 1434 3610 quam
1467 3543 1644 3598 civilis
1682 3546 1915 3615 disposi-

347 3629 532 3694 tionis,
557 3644 673 3698 quae
710 3631 929 3683 Viennae
978 3631 1067 3700 jus
1109 3634 1467 3701 metropoleos
1519 3637 1750 3704 politica:
1784 3639 1912 3691 olim

348 3719 640 3775 tribuerat.
667 3721 822 3788 Quod
873 3721 1034 3775 telum
1068 3738 1132 3776 ex
1182 3724 1373 3778 ordine
1408 3727 1552 3779 civili
1600 3729 1823 3795 petitttm
1858 3737 1916 3782 ttt

348 3812 615 3881 repellant
644 3813 906 3880 episcopi,
941 3828 1045 3867 non
1076 3814 1323 3867 dtthitaut
1354 3816 1566 3869 civilem
1591 3832 1806 3886 qn0qne
1832 3819 1916 3871 dio

345 3900 629 3967 gnitatetu,
662 3914 765 3968 qua
799 3901 1133 3968 temporibus
1183 3902 1286 3955 illis
1311 3901 1537 3957 ﬂorebat
1560 3905 1754 3959 civitas
1786 3909 1916 3963 Are-

347 3989 593 4057 latensis,
624 3991 789 4045 Leoni
817 4008 1147 4063 proponere:
1176 3994 1228 4048 in
1260 4011 1322 4049 ea
1349 4012 1539 4065 nempe
1565 4001 1747 4052 sedem
1779 4016 1916 4068 pra:-

345 4082 564 4137 fectnrae
596 4084 888 4138 Galliarum
908 4102 936 4137 a
969 4087 1186 4141 civitate
1218 4085 1563 4143 Trevirorum
1593 4106 1658 4145 eo
1681 4093 1911 4146 transla-

344 4179 454 4224 tam
490 4178 787 4229 consistere
819 4194 833 4229 :
876 4187 1035 4244 atque
1066 4179 1207 4231 adeo
1270 4180 1456 4233 urbem
1511 4181 1657 4234 illam
1692 4195 1914 4237 matrem

345 4266 580 4318 omnium
608 4265 904 4321 Galliarum
925 4284 1063 4322 esse.
1086 4268 1239 4334 Quod
1273 4271 1497 4336 dictum,
1527 4283 1584 4327 ut
1613 4290 1916 4343 opponatur

343 4353 587 4421 Viennte,
614 4373 734 4426 qua:
761 4375 857 4427 pro
892 4370 1064 4414 matre
1088 4360 1412 4418 Viennensis
1449 4375 1652 4419 tantum
1691 4372 1913 4436 provin-

2091 1898 2357 1952 Caeterum
2395 1898 2508 1949 haec
2551 1894 2831 1961 Traphitni
2884 1897 3188 1966 antiquitas
3233 1898 3590 1951 confirmatur

2020 1989 2250 2056 epistola
2275 1988 2526 2058 Cypriani
2555 1988 2621 2041 ad
2655 1987 2989 2056 Stephanum
3022 2003 3249 2058 papam,
3289 2003 3394 2058 qua
3456 1990 3592 2057 petit

2020 2085 2079 2131 ut
2107 2080 2174 2132 ab
2224 2091 2288 2132 eo
2334 2077 2645 2131 scribantur
2682 2077 2875 2131 littera-
2905 2080 2955 2131 in
2985 2077 3325 2132 Provinciam
3382 2078 3469 2145 (id
3506 2089 3591 2130 est

2020 2167 2426 2223 Narbonensem
2470 2168 2721 2231 solidam,
2756 2183 2912 2233 quam
2952 2169 3120 2221 veteri
3167 2167 3463 2221 Provincia:
3492 2183 3591 2220 no-

2019 2261 2164 2313 mine
2198 2260 2504 2327 nuncupat)
2552 2260 2747 2326 quibus
2796 2258 3071 2312 Marciano
3101 2259 3353 2327 epiSropo
3407 2261 3592 2313 Arela-

2022 2353 2158 2405 tensi
2225 2351 2496 2413 abstcnto,
2529 2351 2667 2403 alius
2715 2351 2767 2403 itt
2802 2351 2918 2419 ejus
2954 2352 3131 2403 locum
3183 2354 3583 2415 substituatttr;

2018 2443 2271 2511 quoniam
2309 2442 2505 2508 Spretis
2539 2441 2873 2509 collegarum
2909 2442 3149 2505 monitis,
3189 2440 3469 2495 Novatiani
3495 2458 3588 2496 er-

2018 2534 2238 2587 roribus
2272 2534 2628 2602 pervicaciter
2656 2532 2984 2586 adhaerebat.
3012 2530 3301 2585 Necessum
3346 2547 3472 2586 vero
3503 2543 3587 2588 est

2018 2622 2157 2678 hanc
2185 2623 2443 2694 Cypriani
2497 2623 2779 2694 epistolam
2811 2628 3072 2695 scriptam
3112 2640 3232 2680 esse
3262 2626 3416 2681 initio
3443 2629 3589 2682 sedis

2019 2713 2304 2782 Stephani,
2335 2716 2553 2787 quando
2589 2720 2724 2773 duos
2754 2720 2896 2773 inter
2927 2717 3045 2771 illos
3067 2718 3348 2787 pontiﬁces
3376 2718 3588 2773 dissen-

2017 2803 2100 2858 sio
2132 2808 2371 2861 noudum
2404 2807 2509 2862 ulla
2546 2810 2949 2864 intercesserat.
2993 2809 3208 2862 lnititnn
3246 2820 3424 2863 autem
3454 2809 3585 2863 illud

2018 2895 2280 2965 Stephani
2315 2914 2435 2953 cum
2464 2902 2627 2955 cadat
2656 2901 2709 2954 in
2755 2915 2959 2954 annum
2991 2898 3120 2966 256,
3155 2901 3399 2970 sequitur
3444 2898 3586 2953 Mar-

2017 2988 2163 3042 ciani
2199 2990 2419 3045 exordia
2463 2992 2790 3047 antecedere
2837 2990 2986 3045 Decii
3038 2992 3402 3044 consulatum.
3436 2990 3586 3047 Unde

2019 3081 2325 3136 rectissime
2362 3082 2667 3151 colligitur,
2699 3083 3009 3138 missionem
3037 3083 3316 3152 Trophimi
3341 3087 3392 3136 in
3425 3094 3577 3138 ante-

2020 3172 2157 3224 riora
2180 3173 2622 3238 promoveudam,
2645 3174 2815 3226 invito
2834 3173 2957 3226 licet
2976 3170 3239 3239 Gregorio
3259 3172 3584 3243 Turonensi,

2018 3264 2227 3318 Scilicet
2252 3266 2319 3317 ad
2345 3264 2491 3318 Petri
2542 3274 2779 3325 aetatem,
2808 3264 2964 3335 juxta
3006 3264 3169 3318 libelli
3202 3266 3582 3335 episcoporum

2014 3356 2307 3422 provinciae
2349 3354 2674 3412 Viennensis
2706 3358 3074 3410 testationem.
3106 3356 3229 3409 Sola
3260 3357 3379 3410 falsi
3404 3361 3585 3427 suspi-

2017 3443 2171 3498 cione
2205 3445 2346 3499 ultro
2373 3446 2679 3514 excogitata
2715 3455 2824 3498 tttttt
2875 3446 3138 3501 adversus
3163 3446 3419 3516 Cypriani
3469 3450 3587 3518 cpi-

2016 3536 2233 3602 Slolattt,
2265 3548 2374 3590 tum
2401 3539 2661 3591 adversus
2684 3536 2886 3592 Zosimi
2929 3541 3193 3609 rescripta
3221 3552 3274 3594 et
3299 3544 3586 3611 epiScopo-

2016 3643 2136 3681 rum
2166 3627 2424 3692 libellum,
2450 3628 2640 3682 nollem
2665 3645 2693 3682 a
2722 3629 3021 3685 manifestis
3043 3632 3148 3687 illis
3175 3636 3583 3701 probationibus

2015 3732 2075 3772 se
2106 3717 2396 3773 liberarent
2429 3718 2676 3789 Gregorii
2707 3718 2968 3776 fautores.
3001 3723 3252 3778 Admissa
3278 3728 3474 3796 quippe
3498 3744 3585 3782 se-

2015 3808 2122 3863 mel
2165 3810 2266 3864 hac
2319 3812 2677 3878 respondendi
2714 3820 2769 3867 et
2803 3815 3190 3883 praescribendi
3226 3820 3452 3882 ratione,
3488 3822 3584 3874 ad-

2014 3914 2205 3954 versus
2233 3901 2432 3970 scripta
2451 3917 2571 3973 qua:
2597 3903 2726 3958 stilo
2755 3913 2812 3959 et
2843 3917 3174 3961 vetustorum
3198 3910 3442 3963 codicum
3462 3912 3579 3966 edi-

2016 3991 2328 4060 tionutnque
2370 3994 2494 4056 fide,
2548 4004 2903 4065 veterumque
2931 4005 3220 4051 auctorum
3269 4002 3582 4056 testimonio

2016 4082 2357 4146 muniuntur,
2389 4084 2534 4137 cadit
2573 4087 2748 4138 omnis
2775 4085 2842 4139 de
2872 4088 3261 4157 questionibus
3297 4089 3580 4146 litterariis

2015 4175 2317 4230 disserendi
2347 4177 2682 4245 ingeniorum
2716 4178 3021 4235 delectatio.
3049 4180 3266 4235 Interim
3317 4184 3577 4237 omitten-

2016 4269 2142 4321 dmn
2176 4285 2279 4323 non
2315 4278 2398 4323 est
2430 4281 2694 4323 assertam
2744 4272 3022 4341 Cypriane
3049 4271 3329 4339 epistolam
3353 4290 3382 4326 a
3414 4272 3477 4329 V.
3514 4275 3577 4329 C.

2015 4355 2254 4425 Rigaltio
2289 4359 2342 4410 in
2375 4358 2522 4411 notis
2547 4360 2614 4412 ad
2639 4360 2990 4429 Cyprianum,
3023 4360 3203 4414 discus
3237 4361 3284 4416 is
3318 4363 3435 4416 falsi
3487 4378 3578 4416 ar-

344 4447 444 4498 cite
499 4460 558 4499 se
612 4448 856 4515 gerebat.
912 4448 1136 4504 Addunt
1186 4452 1347 4504 etiam
1381 4466 1396 4504 :
1430 4451 1739 4522 Quicunth
1768 4457 1910 4509 intra

2017 4451 2286 4516 gntnentis
2313 4464 2342 4501 a
2368 4449 2486 4502 viro
2522 4451 2840 4505 doctissimo
2871 4451 3067 4505 allatis.
3096 4452 3329 4520 Operam
3359 4468 3578 4525 quoque

344 4532 570 4597 Gallias,
602 4535 812 4588 scilicet
834 4535 947 4602 jam
986 4538 1107 4592 itnle
1149 4555 1177 4593 a
1213 4541 1570 4597 Constantino
1597 4545 1827 4599 Maximo
1857 4558 1911 4601 et

349 4623 746 4687 Valentiniano,
784 4635 1046 4681 ostentare
1079 4630 1239 4684 voluit
1267 4631 1501 4701 insignia
1527 4635 1825 4704 dignitatis,
1854 4639 1909 4691 in

343 4710 442 4766 hac
465 4720 591 4769 urbe
620 4718 951 4770 consulatum
978 4722 1261 4787 accepisse,
1303 4734 1349 4775 et
1395 4725 1599 4779 dedisse
1626 4742 1646 4780 :
1682 4729 1782 4782 hoc
1828 4741 1911 4783 est

344 4807 680 4859 consulatum
706 4809 1040 4864 circensibus
1056 4812 1439 4879 celebravisse,
1460 4818 1907 4882 quemadmodum

343 4897 558 4964 egregie
595 4896 735 4951 hunc
770 4899 943 4953 luettnt
983 4902 1369 4972 interpretatur
1393 4904 1478 4958 vir
1501 4908 1905 4963 eruditissimus

339 4987 613 5040 Adrianus
659 4986 922 5054 Valesius,
968 4991 1272 5047 litterarqu
1301 5006 1354 5049 et
1386 4998 1662 5066 sanguinis
1694 5014 1910 5068 germa-

342 5076 513 5130 nitate
548 5074 715 5131 frater
756 5091 900 5142 tuus,
937 5097 970 5135 ο
1015 5084 1146 5137 tnihi
1195 5086 1519 5142 charissima
1550 5088 1781 5145 lleurice
1804 5090 1911 5145 Va-

339 5164 458 5229 lesi,
490 5169 542 5220 in
569 5166 705 5223 libro
737 5186 831 5224 vnt
867 5169 1062 5226 Rerum
1099 5173 1502 5243 Francicarum,
1535 5196 1674 5248 quas
1703 5183 1908 5237 doctis-

343 5256 498 5308 simis
527 5255 674 5310 curis
706 5269 757 5312 et
786 5260 985 5326 ingenii
1042 5264 1124 5317 sui
1172 5266 1393 5320 solertia
1452 5268 1766 5325 illustravit.
1802 5272 1910 5326 Ex-

340 5347 522 5414 pensis
577 5351 788 5402 tandem
839 5353 1113 5406 rationum
1165 5358 1453 5412 momentis
1483 5397 1501 5423 ,
1553 5373 1673 5429 quae
1728 5362 1908 5417 libello

339 5441 717 5508 episcoporum
748 5442 1168 5499 Provincialium
1218 5450 1659 5518 continebantur,
1708 5456 1907 5512 auditis

340 5545 555 5598 quoque
583 5530 989 5601 allegationibus
1014 5536 1252 5605 episcopi
1280 5539 1618 5610 Viennensis,
1644 5541 1751 5598 Leo
1768 5561 1906 5614 papa

340 5621 604 5691 privilegii
636 5624 977 5681 Arelatensis
1010 5628 1272 5683 rationem
1308 5629 1613 5687 habendam
1649 5637 1906 5702 censuit,

336 5712 841 5787 restitnendamque
868 5720 1317 5790 metropoliticam
1346 5722 1659 5795 dignitatem
1696 5727 1769 5784 illi
1806 5728 1906 5787 Ec-

2014 4554 2120 4592 non
2178 4540 2549 4610 indiligenteut
2598 4542 2778 4611 posuit
2839 4544 2917 4597 vir
2950 4544 3110 4613 plane
3149 4546 3390 4601 eruditus
3424 4546 3578 4616 Hugo

2010 4625 2298 4681 Meuardns
2333 4630 2384 4681 in
2422 4629 2733 4684 refellendis
2783 4634 3111 4699 argumentis
3165 4634 3423 4689 adversus
3473 4634 3579 4705 Cy-

2011 4719 2187 4788 priani
2226 4720 2535 4788 epistolam,
2565 4731 2620 4775 rt
2670 4723 2874 4778 Zosimi
2918 4724 3207 4794 rescripta,
3243 4735 3405 4795 atque
3432 4726 3580 4782 libel-

2012 4807 2120 4861 lum
2148 4811 2440 4877 supplicem
2476 4812 2743 4866 adductis.

2081 4897 2210 4965 Quae
2248 4901 2575 4966 testimonia,
2628 4903 2753 4957 licet
2786 4904 2851 4957 ad
2881 4905 3256 4960 vindicandam
3292 4909 3574 4963 veritatem

2010 4990 2301 5058 sufﬁciant,
2339 5007 2443 5045 non
2476 4993 2709 5046 alienum
2752 4995 2854 5049 erit
2889 4998 2956 5050 ad
3008 4999 3312 5055 traditiOnis
3342 5001 3579 5071 antiquae

2010 5090 2208 5144 seriem
2254 5091 2748 5158 comprobandam,
2786 5093 3030 5148 Adonem
3080 5094 3438 5152 Viennensem
3471 5111 3579 5157 tes-

2011 5191 2116 5237 tem
2145 5178 2403 5244 laudare;
2443 5180 2595 5247 cujus
2619 5183 2731 5236 haec
2761 5194 2889 5237 sunt
2916 5187 3076 5240 verba
3111 5188 3161 5240 in
3191 5187 3579 5263 Martyrologio

2010 5287 2063 5326 tv
2097 5270 2225 5325 Kal.
2275 5268 2570 5325 Januarii:
2622 5273 2776 5341 Apud
2823 5275 3112 5341 Arelatem,
3162 5283 3354 5334 natalis
3402 5285 3575 5336 sancti

2011 5363 2281 5432 Trapltimi
2309 5364 2540 5432 episcapi
2562 5374 2609 5418 et
2632 5367 2969 5436 confessoris,
3019 5372 3267 5437 discipuli
3310 5374 3577 5432 apostolo-

2009 5473 2127 5509 runt
2165 5453 2307 5509 Petri
2332 5466 2380 5508 et
2425 5453 2609 5512 Pauli.
2659 5456 2804 5513 Idem
2839 5462 3059 5516 uberius
3089 5464 3138 5515 itt
3174 5464 3355 5517 libello
3397 5470 3462 5518 de
3498 5465 3580 5519 fe-

2008 5548 2345 5603 Stivitatibus
2372 5549 2761 5617 apostolorum.
2797 5549 3014 5607 Natalis
3061 5557 3229 5607 sancti
3263 5554 3575 5622 Trolthimi,

2008 5640 2073 5695 de
2090 5657 2193 5710 quo
2222 5640 2399 5693 scribit
2439 5641 2724 5710 Apostolus
2771 5643 2840 5696 ad
2894 5643 3265 5699 Timotheum:
3297 5665 3316 5698 ι
3352 5645 3575 5716 Trophi-

2007 5747 2149 5795 mum
2172 5743 2347 5786 autem
2387 5733 2572 5792 reliqui
2600 5733 2867 5802 inﬁrmum
2895 5733 3090 5790 Mileti.
3127 5755 3148 5791 ο
3192 5736 3294 5791 llic
3343 5738 3409 5792 ab
3445 5754 3575 5807 apo-
