4154 6442
536 354 607 409 $9
1848 352 2056 410 PETRI
2095 353 2184 410 DE
2224 351 2458 408 MARCA
3722 349 3793 404 ιο

535 473 687 531 stolis
719 471 904 527 Roma:
933 472 1205 525 ordinatus
1234 473 1526 538 episcopus,
1568 473 1770 539 primus
1806 474 1880 526 ad
1933 473 2124 527 Arela-
2151 478 2198 535 Α
2228 488 2352 526 cum
2386 472 2554 527 Paulo
2581 473 2910 542 proconsule
2961 474 3175 536 miscet,
3228 471 3589 537 eumdemque
3636 470 3789 530 facit.

536 579 637 622 tem
660 567 840 619 urbem
862 560 1056 618 Gallia!
1081 565 1144 617 ob
1194 562 1392 616 Christi
1436 562 1783 632 Evangelium
1818 564 2114 633 pra-dican-

535 661 663 710 dum
697 655 926 707 directus
963 662 1083 707 est:
1141 668 1207 706 ea:
1240 655 1392 721 cujus
1450 652 1614 722 fonte,
1667 663 1722 707 ut
1757 655 1937 708 beatus
1972 671 2113 721 papa

533 743 779 801 Zosimus
811 743 1009 803 scribit,
1034 748 1161 795 tota:
1187 739 1376 795 Gallia:
1399 741 1525 810 ﬁdei
1576 744 1717 795 rivos
1743 753 2059 811 acceperunt
2093 758 2114 798 :

533 837 626 907 qui
652 834 793 901 apud
820 834 1053 887 eamdem
1085 834 1265 886 urbem
1303 833 1360 885 in
1390 849 1517 901 pace
1543 834 1762 903 quievit.

604 924 806 979 Errnre
835 920 1084 993 Gregorii
1118 921 1459 975 Turonensis
1488 922 1541 974 in
1576 921 1946 990 consignanda
1973 919 2112 977 Tro-

532 1016 702 1086 pbiini
738 1016 945 1085 epocha
996 1015 1310 1081 dispuncto,
1343 1025 1402 1066 re
1436 1012 1862 1081 impetrahiliore
1892 1023 2115 1067 utemur

532 1107 587 1161 in
623 1104 902 1175 probanda
932 1103 1128 1157 similis
1154 1103 1400 1170 ejusdem
1442 1103 1685 1155 auctoris
1736 1102 2115 1157 hallucinatio-

532 1199 619 1252 nis
660 1196 1052 1251 confutatione.
1102 1192 1332 1248 Paulum
1386 1192 1799 1248 Narbonensem
1849 1195 1915 1247 ad
1967 1195 2110 1250 Decii

531 1298 775 1359 tempora
796 1286 1099 1357 Gregorius
1131 1286 1342 1355 dejicit.
1373 1285 1472 1341 Cui
1510 1300 1844 1356 opponemus
1868 1286 2110 1357 locuple-

533 1381 806 1435 tissimum
835 1377 1204 1433 testimonium
1251 1378 1609 1431 vetustissimi
1657 1375 2023 1448 Martyrologii
2077 1393 2109 1434 a

531 1470 840 1540 Rosweydo
869 1468 1024 1530 editi,
1052 1482 1161 1538 quo
1196 1466 1437 1522 Ecclesia
1469 1465 1711 1521 Romana
1743 1469 1887 1523 inter
1911 1469 2110 1523 solem-

532 1578 633 1618 nes
684 1564 821 1616 ritus
865 1561 1139 1624 utebatur,
1190 1568 1331 1614 teste
1368 1559 1631 1629 Gregorio
1658 1559 1850 1631 Magno
1892 1560 1984 1616 lib.
2015 1575 2105 1626 vn,

531 1653 695 1723 epist.
727 1651 819 1706 29.
856 1650 1223 1721 Martyrologii
1268 1650 1412 1705 illius
1448 1652 1561 1705 llch
1584 1660 1712 1705 sunt
1739 1653 1902 1706 verba
1939 1653 2006 1708 ad
2051 1668 2107 1708 xi

531 1743 654 1799 Kal.
683 1741 885 1812 Aprilis
916 1757 932 1795 :
973 1740 1265 1806 Narbonar,
1306 1741 1479 1794 sancti
1513 1739 1678 1795 Pauli
1705 1743 1973 1811 episcopi,
2024 1744 2110 1797 di-

532 1836 720 1904 scipuli
743 1832 1122 1905 apostolorum.
1163 1832 1242 1886 En
1272 1832 1497 1887 Paulum
1530 1836 1846 1905 episcopum
1894 1834 2103 1890 Narbo-
2139 1816 2182 1872 Β

532 1943 780 1994 nensem,
812 1926 1137 1994 discipulum
1186 1925 1582 1994 apostolorum,
1620 1927 1673 1980 id
1721 1938 1805 1982 est
1859 1929 1928 1983 ab
1975 1930 2107 1998 ipsis

533 2020 794 2091 apostolis
833 2019 1206 2075 Christianam
1239 2016 1399 2071 ﬁdem
1458 2021 1732 2073 edoctum.
1783 2020 1958 2075 Causa
2011 2037 2106 2077 ca-

532 2111 679 2173 dam,
710 2109 811 2163 nisi
848 2116 1105 2163 constaus
1135 2108 1211 2161 sit
1240 2108 1293 2161 in
1324 2106 1513 2162 eodem
1539 2106 1926 2179 Martyrologio
1954 2112 2104 2165 verbi

533 2203 677 2258 illius
705 2218 866 2271 quam
895 2202 1151 2272 proposui
1205 2200 1580 2270 significatio;
1638 2219 1757 2273 qua:
1805 2205 1910 2257 alia
1958 2212 2108 2259 certe

531 2309 651 2349 esse
684 2309 788 2347 non
811 2302 991 2362 potest
1032 2292 1191 2361 juxta
1230 2294 1511 2363 proprium
1564 2294 1821 2349 dictionis
1860 2310 2103 2349 sensum.

531 2383 783 2439 Referam
817 2384 958 2447 loca,
988 2398 1055 2437 ex
1090 2383 1287 2452 quibus
1326 2384 1444 2440 haec
1477 2384 1797 2453 signiﬁcatio
1824 2385 1973 2439 verbi
2003 2385 2106 2437 ad-

531 2478 781 2532 struitur.
817 2474 1000 2531 Pridie
1041 2472 1227 2530 Nonas
1252 2473 1524 2530 Januarii.
1555 2475 1710 2543 Apud
1731 2476 1966 2539 Cretam,
1998 2475 2104 2529 Titi

531 2568 888 2637 apostolorum
913 2567 1159 2636 discipuli
1202 2581 1265 2624 tu
1310 2565 1439 2621 Kal.
1468 2566 1621 2621 Maii.
1650 2568 1801 2630 Apud
1836 2566 2105 2635 Paphum,

534 2659 745 2731 Tycliici
791 2661 1148 2727 apostolorum
1183 2659 1451 2727 discipuli.
1485 2674 1560 2713 vit
1628 2657 1897 2713 Kalendas
1927 2659 2101 2714 Junii.

529 2751 685 2820 Apud
716 2751 969 2817 Athenas,
996 2752 1257 2815 Quadrati
1281 2750 1639 2817 apostolorum
1674 2753 1940 2821 discipuli.
1975 2750 2104 2806 Pri-

530 2844 616 2896 die
643 2841 829 2896 Nonas
856 2842 1102 2912 Augusti.
1157 2841 1452 2895 Aristarchi
1471 2843 1712 2910 discipuli
1726 2845 2101 2912 apostolorum.

533 2950 586 2990 Iv
624 2932 749 2988 Kal.
780 2936 1101 2989 Decembris.
1164 2932 1435 2988 Sosthenis
1459 2934 1699 3003 discipuli
1726 2935 2102 3003 apostolorum.

538 3042 596 3081 vl
646 3023 912 3080 Kalendas
953 3022 1231 3079 Januarii.
1264 3024 1534 3094 Trophimi
1576 3026 1827 3095 episcopi,
1860 3026 2105 3094 discipuli

2214 562 2480 618 Prmterea
2516 565 2674 619 docet
2699 565 2752 619 in
2788 566 3131 635 possessione
3182 565 3528 631 episcopatus
3571 564 3792 617 mstitu-

2212 662 2329 709 tum
2366 668 2396 706 a
2433 651 2604 709 Paulo
2649 654 2893 723 apostolo
2937 653 2990 708 in
3028 651 3340 722 Hispaniam
3388 656 3787 722 proﬁciscente.

2214 745 2345 812 Quae
2377 745 2596 813 quidem
2621 747 2917 812 prudenter
2943 746 3062 799 Ado
3097 762 3200 798 non
3234 746 3472 799 asseruit
3516 754 3575 799 ut
3614 757 3789 809 certa,

2213 837 2308 889 sed
2335 845 2388 888 ut
2415 834 2556 888 fama
2601 835 2897 889 vetustiore
2929 845 3145 902 recepta
3175 856 3187 889 :
3245 835 3403 904 cujus
3455 836 3790 889 narrationis

2214 937 2468 980 auctores
2490 925 2732 989 Braulio,
2762 925 3030 990 Leander,
3065 923 3338 988 Julianus,
3371 935 3425 979 et
3455 925 3543 978 alii
3578 935 3790 980 veteres

2213 1018 2508 1084 scriptores
2534 1015 2752 1083 lliSpani
2778 1016 3134 1084 proferuntur
3165 1017 3217 1069 in
3268 1015 3469 1071 litteris
3517 1017 3786 1086 Stephani

2212 1121 2363 1175 papae
2389 1108 2549 1162 editis
2580 1126 2607 1160 a
2630 1109 2764 1162 viris
2792 1108 3119 1162 clarissimis
3164 1117 3219 1161 et
3241 1109 3625 1164 eruditissimis
3652 1110 3785 1165 Gni-

2214 1196 2396 1250 Iielmo
2424 1196 2650 1260 Catello,
2683 1207 2937 1252 senatore
2968 1196 3261 1263 Tolosano,
3287 1209 3339 1252 et
3373 1197 3619 1268 Philippo
3644 1200 3784 1255 Lab-

2210 1287 2350 1353 bteo,
2375 1287 2664 1342 Societatis
2692 1288 2819 1342 Jesu
2868 1290 3218 1357 presbytero;
3247 1303 3477 1358 quarum
3513 1291 3788 1358 exemplar

2216 1387 2396 1433 exstat
2428 1380 2591 1432 etiam
2626 1380 2680 1433 in
2729 1380 2969 1433 archivis
2999 1379 3258 1434 Ecclesiae
3314 1379 3742 1434 Tarraconensis
3767 1423 3783 1446 ,

2209 1482 2548 1538 quarumque
2599 1468 2756 1522 Iidem
2802 1478 2857 1522 et
2889 1470 3208 1522 sententiam
3232 1471 3588 1536 expendimus
3616 1472 3670 1525 in
3695 1486 3786 1525 sc-

2210 1559 2384 1612 cunda
2423 1558 2660 1612 editione
2687 1558 2807 1611 libri
2835 1558 3007 1611 nostri
3038 1560 3112 1611 De
3143 1558 3477 1626 primatibus.

2280 1649 2436 1716 Quod
2462 1650 2658 1704 attinet
2686 1650 2753 1704 ad
2797 1648 3136 1722 Martialem,
3187 1652 3316 1704 illud
3350 1666 3515 1704 unum
3552 1652 3785 1706 habetur

2207 1739 2262 1796 in
2291 1739 2694 1811 Martyrologiis
2746 1739 3046 1803 veteribus,
3097 1754 3222 1793 eum
3272 1737 3571 1793 Lemovieaa
3616 1740 3787 1797 fuisse

2209 1832 2548 1902 episc0puni.
2600 1830 2986 1885 Verumtamen
3046 1832 3267 1899 antiqua
3301 1832 3417 1899 ejus
3451 1832 3572 1886 vita:
3607 1834 3738 1885 Acta
3762 1870 3781 1895 ,

2210 1937 2375 1976 unum
2406 1921 2574 1975 fuisse
2606 1934 2638 1974 e
2678 1934 2786 1973 ιιι
2850 1919 3129 1989 discipulis
3178 1921 3426 1984 Domini,
3467 1930 3521 1974 et
3563 1936 3591 1974 a
3624 1918 3786 1975 Petro

2209 2013 2457 2083 apostolo
2485 2014 2553 2067 ad
2592 2013 2894 2080 Aquitanos
2926 2013 3150 2065 missum
3185 2010 3419 2075 docent;
3450 2027 3613 2081 quam
3668 2024 3782 2067 tra-

2207 2108 2468 2163 ditionem
2494 2105 2741 2175 amplexa
2773 2114 2859 2158 est
2904 2106 3143 2175 synodus
3186 2103 3595 2159 Lemovicensis
3640 2116 3785 2158 anno

2210 2196 2350 2253 1054
2383 2197 2436 2250 in
2467 2195 2867 2264 disceptatione
2905 2207 3027 2263 qua:
3076 2195 3145 2249 de
3181 2192 3443 2249 Martialis
3479 2197 3780 2265 apostolatu

2207 2290 2261 2344 in
2284 2289 2475 2344 Galliis
2506 2288 2689 2342 habita
2716 2295 2819 2342 est.

2279 2381 2523 2451 Dionysii
2559 2380 2883 2436 Parisiensis
2905 2381 3153 2436 succedit
3183 2392 3378 2437 vexata
3401 2383 3783 2453 disputationi-

2206 2474 2308 2529 bus
2339 2475 2790 2542 gravissimorum
2839 2476 3080 2528 virorum
3108 2476 3319 2545 epocba
3350 2492 3364 2529 :
3403 2476 3486 2529 his
3510 2479 3781 2531 stantibus

2207 2576 2236 2614 a
2269 2560 2551 2627 Gregorio,
2584 2571 2641 2615 et
2689 2564 2756 2615 ad
2797 2561 2944 2615 Decii
2977 2573 3219 2633 tempora
3271 2566 3573 2620 antistitem
3627 2567 3778 2621 illum

2206 2653 2640 2717 detrudentihus,
2668 2667 2776 2722 qun
2821 2669 2945 2723 spes
2979 2656 3158 2710 omnis
3190 2655 3555 2712 Parisiensem
3582 2658 3782 2729 Diony-

2206 2742 2344 2796 sium
2374 2758 2494 2797 cum
2524 2746 2853 2815 AreOpagita
2896 2748 3254 2816 permiscendi
3292 2750 3685 2805 abscindatur:
3721 2752 3780 2805 il-

2207 2832 2277 2888 lis
2300 2848 2456 2899 vero,
2489 2836 2764 2889 contrario
2785 2839 3086 2906 proposito,
3115 2836 3181 2891 ad
3216 2838 3551 2893 Clementem
3582 2840 3780 2895 Roma—

2207 2941 2334 2981 num
2359 2926 2477 2995 ejus
2505 2928 2816 2981 missionem
2849 2928 3231 2984 referentibus.
3263 2930 3408 2995 Sane
3437 2944 3467 2982 a
3497 2930 3778 2987 Clemente

2208 3020 2259 3073 in
2284 3018 2488 3073 Gallias
2514 3019 2826 3090 Dionysium
2858 3020 3083 3074 missum
3119 3019 3305 3086 fuisse,
3332 3020 3473 3075 Beda
3491 3032 3543 3077 et
3573 3022 3779 3078 Usuar-

530 3116 889 3188 apostolorum
930 3116 1109 3183 Quare
1139 3115 1341 3171 diserta
1376 3125 1482 3179 est,
1507 3116 1717 3180 utdixi,
1739 3115 2103 3186 Martyrologii
2135 3148 2177 3203 Ο
2209 3114 2306 3163 ilus
2334 3111 2533 3165 docent
2558 3110 2612 3164 in
2633 3112 2749 3165 suis
2770 3109 3168 3183 Martyrologiis
3193 3131 3207 3166 :
3235 3127 3399 3182 quam
3432 3115 3777 3170 traditionem

543 3209 748 3264 veteris
776 3209 1003 3263 Romani
1040 3208 1277 3272 testatio,
1302 3208 1371 3262 ad
1413 3207 1682 3276 figendum
1710 3207 1859 3261 Pauli
1896 3206 2106 3263 Narbo-

529 3302 717 3356 nensis
747 3302 1116 3371 episcopatum
1167 3300 1220 3354 iu
1277 3299 1410 3369 ipsis
1439 3298 1806 3368 apostolorum
1843 3300 2106 3369 tempori-

529 3392 653 3459 bus,
704 3393 953 3461 quamvis
1005 3390 1287 3461 Trophimi
1342 3390 1662 3459 episcopatu
1717 3390 2104 3459 posteriorem.

528 3481 957 3537 Celeberrimum
992 3482 1215 3550 quidem
1266 3479 1407 3549 apud
1434 3478 1687 3547 antiquos
1744 3475 1917 3532 fuisse
1952 3476 2105 3531 Pauli

531 3575 691 3644 hujus
729 3588 945 3637 nomen,
969 3575 1127 3630 docet
1156 3572 1490 3628 Prudentius
1518 3571 1573 3626 iu
1604 3570 1935 3641 Hartgribus
1980 3568 2105 3623 Cte-

529 3661 932 3729 saraugustanis
959 3676 980 3716 :

603 3754 838 3809 Barcino
869 3757 1015 3810 claro
1051 3752 1311 3826 Cucufate
1341 3756 1481 3826 [ulla

601 3847 810 3916 Surget,
842 3857 890 3902 et
922 3846 1094 3901 Paulo
1113 3849 1352 3917 speciosa
1384 3848 1588 3903 Narbo.

530 3937 639 3995 Sed
668 3938 921 4009 temporis
946 3955 1130 3993 veram
1162 3940 1629 4010 consignationem
1683 3953 1750 3994 ex
1791 3936 2103 3993 testimonio

530 4031 903 4085 vetuSIissimo
935 4031 1194 4085 Romanas
1230 4029 1486 4086 Ecclesia:
1516 4045 1677 4101 supra
1708 4031 1926 4085 laudato
1965 4030 2103 4085 hau-

533 4122 643 4175 rire
688 4122 970 4176 debemus.
1011 4119 1347 4175 Traditionis
1391 4136 1523 4175 vero
1558 4123 1730 4176 series
1761 4126 1987 4191 petenda
2016 4129 2102 4177 est

531 4221 642 4263 tum
665 4225 730 4263 ex
755 4207 1024 4274 Usuardo,
1048 4221 1101 4263 et
1126 4224 1190 4262 ex
1207 4210 1358 4265 Actis
1375 4212 1499 4264 vitae
1524 4210 1670 4264 Pauli
1696 4210 2061 4266 Narbonensis
2084 4228 2099 4277 ;

532 4309 645 4353 tum
669 4299 836 4352 etiam
865 4313 930 4353 ex
982 4300 1190 4353 Adonis
1216 4300 1596 4371 Martyrologio
1620 4344 1635 4369 ,
1672 4309 1835 4371 atque
1864 4316 1931 4354 ex
1956 4302 2103 4369 ejus:-

529 4395 650 4446 dem
685 4391 869 4447 libello
912 4393 978 4446 de
1028 4390 1422 4447 festivitatibus
1484 4393 1891 4462 apostolorum;
1948 4394 2103 4462 cujus

535 4485 649 4541 haec
669 4493 796 4539 sunt
826 4484 989 4538 verba
1020 4489 1087 4538 ad
1121 4485 1261 4539 diem
1299 4500 1351 4538 XI
1378 4483 1609 4539 Kalend.
1639 4485 1880 4553 Aprilis:
1923 4481 2102 4537 Nata-

527 4575 593 4630 lis
613 4576 782 4630 sancti
812 4573 996 4640 Pauli,
1024 4591 1176 4646 quem
1200 4576 1339 4629 beati
1369 4577 1595 4644 apostoli
1643 4576 1956 4629 ordiuatum
1985 4576 2102 4630 urbi

528 4665 800 4724 Narbonas
826 4668 1125 4737 episcopum
1178 4668 1457 4724 miserunt.
1502 4667 1671 4735 Quem
1707 4668 1926 4722 tradunt
1955 4684 2103 4722 eum-

526 4763 645 4814 dem
677 4763 848 4828 ipsum
879 4760 1044 4829 fuisse
1074 4759 1317 4830 Sergium
1350 4758 1580 4814 Paulum
1601 4759 1961 4829 proconsulem
1982 4800 1996 4824 ,
2026 4761 2103 4815 vi-

528 4866 643 4906 rum
668 4854 996 4920 prudentem,
1025 4868 1058 4903 a
1089 4867 1193 4922 quo
1235 4852 1344 4920 ipse
1380 4850 1587 4905 Paulus
1625 4852 1842 4905 sortitus
1890 4861 1966 4905 est
2007 4867 2105 4905 no~

524 4959 662 5008 mea,
696 4944 823 5012 quia
888 4960 1007 4998 eum
1054 4943 1182 5011 ﬁdei
1230 4942 1432 4997 Christi
1462 4943 1781 5011 subegerat:
1813 4943 2006 5013 quique
2036 4943 2101 4997 ab

524 5037 703 5089 eodem
732 5048 916 5089 sancto
967 5034 1246 5103 apostolo,
1294 5049 1415 5085 cum
1462 5038 1530 5086 ad
1587 5031 1879 5102 Hispanias
1910 5034 2105 5101 prcedi-

533 5128 693 5180 condi
730 5129 903 5197 gratia
948 5135 1203 5195 pergeret.
1236 5127 1376 5193 apud
1425 5126 1706 5194 prwfatam
1728 5125 1908 5177 urbem
1943 5123 2101 5179 Nar-

522 5222 711 5274 bonam
739 5218 976 5284 relictus,
1003 5217 1397 5287 prtedicationis
1427 5217 1593 5286 oﬂicio
1620 5232 1722 5269 non
1749 5218 1978 5286 segniter
2007 5218 2102 5269 im-

519 5309 683 5380 pleto,
712 5309 890 5362 clarus
922 5307 1197 5361 miraculis
1228 5314 1511 5360 coronatus
1540 5306 1815 5369 sepelitur.
1869 5305 1967 5362 Hic
1991 5308 2100 5362 duo

522 5405 771 5471 quedam
800 5400 1139 5455 observanda
1170 5409 1318 5454 sunt.
1362 5400 1444 5454 Ac
1480 5400 1659 5469 primo
1686 5399 1926 5470 quidem,
1963 5400 2100 5454 Pau-

521 5494 634 5548 lum
662 5492 1009 5548 Narbonensi
1040 5491 1301 5546 Ecclesia:
1331 5490 1650 5559 praefectum
1688 5491 2005 5562 episc0pum
2032 5492 2101 5546 ab

525 5587 662 5656 ipsis
696 5586 1068 5657 apostolorum
1108 5583 1466 5653 temporibus,
1508 5582 1753 5637 absoluta
1806 5594 1893 5639 est
1912 5596 2100 5640 aucto-

521 5678 680 5741 ritas,
713 5691 838 5729 cum
867 5688 1055 5731 eorum
1083 5673 1379 5743 discipulus
1432 5672 1619 5741 fuerit,
1669 5684 1731 5729 ut
1777 5675 1910 5731 dixi.
1948 5675 2103 5731 Alte-

523 5782 646 5823 rum
677 5767 895 5837 respicit
928 5776 1169 5823 veterem
1225 5767 1427 5823 famam
1452 5808 1468 5838 ,
1518 5782 1638 5839 quae
1672 5766 1896 5825 Paulum
1943 5769 2093 5826 illum

2209 3212 2303 3252 eos
2336 3201 2582 3257 hausisse
2606 3213 2813 3257 certum
2853 3216 3028 3258 estex
3059 3204 3206 3258 Actis
3252 3205 3495 3273 antiquis
3541 3206 3674 3263 Vitae
3716 3207 3776 3261 8.

2208 3294 2496 3366 Dionysii,
2552 3311 2672 3366 qua:
2717 3297 2919 3351 dudum
2971 3311 3038 3350 ex
3092 3312 3219 3351 mss.
3279 3298 3561 3352 codicibus
3612 3297 3783 3353 edidit

2208 3389 2275 3446 ν.
2297 3390 2359 3444 C.
2388 3400 2444 3443 et
2477 3391 2881 3445 eruditissimus
2935 3389 3259 3444 Franciscus
3291 3389 3611 3459 Bosquctus,
3638 3407 3780 3446 nunc

2210 3476 2598 3530 meritissimus
2625 3480 2916 3546 episcopus
2943 3477 3199 3531 Beclesize
3221 3479 3651 3547 Monspelieusis.
3679 3481 3784 3535 No-

2208 3582 2332 3620 men
2358 3568 2595 3622 auctoris
2640 3567 2786 3622 illius
2822 3565 2959 3622 Vita:
2992 3564 3317 3635 deprehendi
3368 3570 3420 3624 in
3455 3572 3645 3627 codice
3676 3588 3778 3627 ms.

2206 3655 2540 3713 Turonensis
2569 3658 2849 3725 Ecclesiae,
2895 3660 2989 3729 qui
3051 3661 3431 3730 complectitur
3466 3661 3612 3718 Vitas
3648 3680 3779 3719 san-

2205 3761 2416 3805 ctorum
2441 3750 2645 3819 aliquot
2676 3767 2705 3804 a
2738 3750 3037 3807 Fortunato
3065 3753 3393 3822 descriptas,
3417 3765 3473 3808 et
3505 3758 3644 3811 inter
3675 3772 3783 3811 ρεῖα-

2090 3850 2098 3857 ·
2205 3851 2376 3906 teras,
2416 3841 2655 3913 Dionysii
2685 3841 3009 3898 Parisiensis
3051 3846 3197 3898 illam
3227 3861 3347 3914 qua:
3380 3845 3527 3913 jam,
3561 3858 3618 3902 ut
3642 3848 3780 3916 dixi,

2202 3936 2349 3990 edita
2380 3946 2464 3991 est
2497 3936 2550 3989 in
2586 3934 2886 4006 publicum.
2937 3936 3209 3991 Habemus
3260 3954 3390 4005 ergo
3418 3939 3778 3996 Fortunatam

2210 4027 2588 4083 Pictavensem
2625 4028 2975 4096 episcopum,
3006 4031 3272 4097 arqua'lem
3308 4030 3551 4099 Gregorii
3606 4033 3782 4088 Tur;-

2205 4119 2413 4185 nensis,
2436 4119 2524 4187 qui
2554 4119 3141 4190 Dionysiil’arisiensis
3166 4121 3510 4190 epochamad
3539 4133 3778 4193 leinpora

2205 4212 2501 4268 Clementis
2527 4212 2778 4267 retrahit.
2807 4210 2983 4277 Quam
3039 4214 3368 4268 sententiam
3427 4217 3600 4270 secuti
3652 4227 3783 4274 simt

2204 4305 2443 4374 episcopi
2471 4305 2766 4361 Galliarum
2801 4308 2856 4362 in
2893 4310 3117 4378 epistola
3149 4311 3216 4364 ad
3255 4311 3549 4381 Eugenium
3585 4330 3779 4384 papam

2207 4400 2409 4466 scripta
2438 4412 2582 4453 anno
2613 4398 2741 4465 824,
2768 4414 2891 4470 qua:
2919 4401 3152 4457 habetur
3186 4407 3325 4469 apud
3371 4405 3663 4460 Barouium
3700 4424 3714 4460 :
3747 4422 3779 4461 a

2134 4482 2179 4540 D
2208 4488 2406 4557 quibus
2433 4486 2733 4543 Fortunato
2772 4501 2906 4545 teste
2938 4493 3072 4547 adeo
3122 4492 3392 4564 locuplete
3427 4495 3577 4552 fuitis
3605 4497 3781 4553 disce-

2205 4578 2355 4641 dere,
2382 4578 2653 4647 piaculum
2678 4594 2801 4634 esse
2830 4592 2981 4649 puto.

2276 4669 2352 4723 De
2388 4668 2707 4734 Saturnino,
2742 4671 2974 4727 Catiano
3003 4682 3057 4727 et
3096 4671 3414 4730 Stremonio
3460 4690 3587 4731 mox
3622 4690 3780 4749 agam

2204 4763 2462 4834 quoniam
2493 4764 2746 4833 specialis
2770 4765 2984 4819 illorum
3016 4774 3098 4820 est
3122 4781 3307 4821 causa.

2276 4854 2393 4911 Non
2431 4870 2516 4909 me
2546 4855 2702 4919 latet,
2733 4857 2864 4925 quid
2896 4859 3137 4914 eruditos
3170 4860 3320 4914 viros
3348 4857 3417 4913 ad
3464 4858 3779 4928 deprimen-

2203 4946 2328 5003 dam
2387 4946 2439 5000 in
2484 4949 2791 5018 posteriora
2840 4956 3083 5017 tempora
3143 4960 3352 5018 septem
3399 4953 3779 5018 episcoporum

2204 5038 2492 5107 epocham,
2522 5038 2688 5091 veluti
2730 5039 3046 5109 pracipites
3084 5042 3294 5110 egerit:
3330 5040 3519 5095 Severi
3562 5040 3781 5106 Sulpitii

2214 5142 2435 5197 nempe,
2459 5140 2624 5197 atque
2655 5127 2898 5199 Gregorii
2929 5129 3264 5185 Turonensis
3286 5132 3601 5186 auctoritas.
3632 5132 3780 5184 Scri-

2201 5221 2310 5290 psit
2335 5222 2423 5275 ille
2446 5263 2462 5288 ,
2509 5220 2620 5277 Sub
2653 5224 2865 5276 Aurelio
2888 5224 3155 5279 Antonino
3178 5225 3286 5278 t'isa
3311 5227 3538 5294 primum
3566 5227 3618 5277 in
3645 5222 3777 5278 Cal-

2204 5315 2295 5368 liis
2319 5316 2598 5386 martyrio,
2640 5315 2737 5369 Dei
2766 5315 3015 5387 religione
3051 5326 3197 5371 trans
3224 5318 3376 5385 Alpes
3402 5319 3573 5371 serius
3602 5332 3779 5370 susce-a

2201 5416 2312 5472 pta.
2365 5403 2520 5463 Unde
2574 5407 2774 5461 tabulis
2838 5410 3226 5463 ecclesiasticis
3287 5409 3447 5461 fidem
3507 5423 3614 5462 non
3684 5422 3775 5463 es—

2202 5511 2262 5552 se
2293 5496 2592 5551 habendam
2619 5498 2897 5569 colligunt.
2926 5515 3046 5568 qua:
3079 5499 3181 5553 sub
3212 5498 3535 5563 Domitiano,
3562 5497 3643 5551 vel
3675 5498 3777 5552 sub

2203 5587 2461 5658 Trajano,
2495 5599 2588 5644 aut
2615 5591 2857 5645 Adriano
2910 5607 3100 5661 passos
3153 5593 3375 5644 tradunt
3416 5592 3677 5659 quosdam
3707 5603 3774 5642 es

2199 5677 2474 5748 prioribus
2507 5678 2613 5732 illis
2664 5679 3037 5749 pontilicibus.
3073 5677 3298 5733 Utinam
3346 5678 3662 5733 maluissent
3691 5677 3775 5731 ia-

2203 5768 2593 5840 terpretatione
2620 5784 2688 5826 ex
2746 5770 2879 5840 ipsis
2908 5770 3050 5839 juris
3081 5780 3138 5825 et
3171 5770 3450 5825 rhetorum
3498 5766 3787 5841 principiis
