4154 6452
362 333 424 388 ΑΗ
1636 331 1905 389 VALESll
1945 333 2339 389 PREFATIU.
3044 381 3053 392 .
3560 341 3629 395 ω

362 450 545 508 ducta.
576 445 836 501 Severum
859 462 981 501 cum
1021 446 1290 518 diptychis
1320 448 1706 527 ecclesiasticis
1742 453 1793 507 in
1819 470 1951 508 con-
1975 462 2025 517 Α
2054 468 2158 509 non
2194 454 2375 517 debet,
2396 451 2523 521 quin
2556 448 2802 521 Gregorn
2826 459 3064 521 tempore
3087 454 3281 524 duplex
3312 456 3629 515 invaluisset

363 540 607 595 cordiam
641 539 952 605 adducere;
984 541 1167 609 generi
1195 540 1395 610 quippe
1445 557 1541 611 per
1570 545 1805 613 speciem
1840 546 1939 600 de-
2050 544 2328 614 opinio,et
2355 544 2487 614 quin
2523 553 2753 613 utraque
2788 545 2901 599 sola
2933 545 3196 601 relatione
3219 547 3503 604 niteretur.
3532 551 3629 604 Al-

368 642 611 701 rogatnr,
644 641 703 684 ut
756 632 953 686 docent
976 632 1374 699 iurisconsulti.
1412 633 1487 690 De
1536 637 1811 706 martyriis
1849 652 1942 706 ge-
2050 645 2164 691 tera
2200 646 2287 691 est
2309 652 2470 706 quam
2503 638 2750 708 sequitur
2778 637 3071 708 Gregorius
3103 639 3207 693 hoc
3238 639 3376 702 loco,
3405 655 3622 710 passum

367 722 643 777 neralibus
690 721 932 792 loquitur
984 722 1220 779 Severus
1245 765 1258 786 ,
1295 724 1508 780 scilicet
1557 727 1625 781 de
1654 728 1798 782 caule
1826 738 1937 782 ttun
2046 741 2169 780 esse
2217 724 2568 780 Saturninum
2621 726 2768 780 Decii
2796 725 3104 780 consulatu.
3135 724 3268 780 Illud
3309 737 3490 782 autem
3529 744 3624 781 au-

365 814 708 881 poutilicum,
755 826 864 867 tum
909 815 1080 884 plebis
1134 815 1458 871 Christianae
1481 860 1495 880 ,
1531 833 1630 887 per
1678 820 1937 888 supplicia
2048 822 2167 868 ctor
2190 813 2257 867 ab
2287 828 2352 867 eo
2375 813 2625 868 laudatus
2648 814 2848 878 hausit,
2868 831 2972 869 non
2991 829 3056 869 ex
3085 816 3315 872 vetustis
3344 815 3622 873 Saturnini

365 916 831 975 consumptorum.
869 918 926 961 ut
956 909 1153 962 accidit
1180 910 1231 962 in
1278 910 1532 965 Ecclesiis
1561 912 1850 967 Viennensi
1885 922 1940 967 et

2048 904 2313 971 passionis
2348 906 2515 969 Actis,
2550 906 2643 958 sed
2674 920 2739 958 ex
2768 905 2916 973 ﬁdeli
2946 909 3326 972 recordatione,
3358 918 3415 962 ut
3446 908 3621 976 loqui-

364 991 708 1063 Lugdunensi
747 995 847 1049 sub
879 996 1189 1061 Antonino,
1225 1014 1333 1067 quo
1386 999 1559 1054 solum
1615 1003 1941 1071 respiciebat
2048 1005 2156 1049 tur.
2201 994 2423 1049 Vetusta
2452 997 2593 1051 enim
2622 997 2890 1066 passionis
2914 998 3068 1065 Acta,
3101 998 3189 1053 vel
3222 1015 3318 1069 per
3355 1000 3623 1060 incuriam

365 1084 629 1149 Severus;
659 1086 745 1138 cui
780 1086 919 1141 cladi
957 1088 1152 1142 similis
1189 1098 1313 1143 ante
1362 1090 1503 1145 nulla
1533 1094 1836 1161 cuntigerat
1882 1096 1936 1149 in

2048 1095 2291 1155 tempore
2322 1086 2414 1140 illo
2440 1087 2643 1154 scripta
2685 1100 2793 1139 non
2840 1086 3080 1152 fuerant,
3110 1089 3193 1142 vel
3226 1104 3293 1144 ex
3330 1090 3621 1159 praesidum

365 1174 572 1232 Galliis.
608 1176 759 1242 Quod
802 1188 981 1232 tamen
1036 1196 1137 1235 non
1171 1182 1394 1252 impedit
1432 1183 1559 1252 quin
1603 1186 1811 1255 priores
1841 1189 1939 1243 ali-

2047 1178 2266 1232 decreto
2331 1178 2663 1248 temporibus
2695 1176 2845 1232 Decii
2902 1178 3025 1249 igne
3078 1180 3392 1248 perierant;
3441 1191 3501 1235 ut
3556 1183 3622 1237 de

366 1277 497 1333 quot
517 1267 754 1335 episcopi
785 1283 880 1336 pro
905 1265 1124 1324 Christo
1163 1281 1392 1327 mortem
1434 1272 1688 1341 obierint,
1730 1277 1938 1347 absque
2043 1270 2196 1325 Aetis
2221 1279 2515 1341 martyrum
2543 1269 2870 1341 generaliter
2899 1278 3129 1325 testatur
3151 1272 3495 1329 Prudentius.
3523 1272 3623 1327 Al-

367 1358 469 1411 ulla
502 1367 679 1412 tamen
715 1360 953 1428 generali
993 1361 1163 1429 plebis
1181 1362 1508 1419 Christiana:
1542 1376 1741 1437 strage,
1764 1378 1823 1423 ut
1852 1369 1937 1424 fa-
2046 1371 2160 1417 tera
2198 1364 2498 1427 sententia,
2543 1377 2639 1417 sua
2695 1378 2910 1432 quoque
2953 1363 3223 1418 relatione
3274 1363 3405 1419 fulta
3443 1365 3624 1434 (cujus

364 1458 506 1502 ctum
530 1457 716 1517 postea
738 1456 837 1505 sub
866 1450 1047 1517 Decio,
1070 1454 1160 1523 qui
1191 1454 1335 1508 solos
1366 1454 1419 1508 in
1450 1455 1734 1525 episcopos
1762 1459 1938 1513 anim-
2046 1455 2204 1509 testis
2222 1455 2335 1523 ipse
2361 1453 2547 1524 Greg.,
2570 1454 2659 1508 lib.
2688 1470 2726 1519 1,
2745 1469 2797 1508 c.
2821 1454 2915 1520 48,
2937 1455 3011 1509 De
3032 1455 3344 1523 miraculis),
3373 1455 3623 1510 tradebat

361 1540 692 1594 advertebat.
712 1541 897 1611 Neque
924 1559 1054 1599 vero
1081 1548 1330 1615 sequitur
1354 1563 1567 1604 errasse
1595 1550 1851 1606 Severum
1881 1553 1935 1607 in
2046 1544 2267 1599 missum
2300 1545 2652 1599 Saturninum
2671 1562 2697 1598 a
2722 1545 3000 1617 discipulis
3025 1546 3408 1614 apostolorum,
3432 1546 3483 1600 id
3511 1556 3617 1613 est,

361 1634 694 1699 perterenda
762 1651 938 1691 rerum
988 1639 1160 1703 serie,
1217 1653 1339 1693 cum
1399 1655 1498 1708 per
1556 1645 1935 1713 compendium

2044 1634 2164 1706 plus
2197 1652 2360 1706 quam
2400 1648 2615 1692 centum
2644 1648 2699 1692 et
2726 1638 3122 1707 quinquaginta
3166 1637 3325 1692 annis
3349 1639 3488 1703 fante
3516 1636 3621 1691 De-

360 1739 576 1779 summa
603 1726 812 1781 illarum
843 1729 1021 1797 capita
1053 1730 1333 1800 attigerit,
1363 1748 1540 1803 neque
1570 1736 1625 1790 in
1654 1752 1714 1792 se
1753 1752 1938 1794 susce—
2044 1728 2212 1782 Cium-
2263 1730 2413 1783 Adeo
2444 1736 2505 1782 ιιι
2556 1730 2608 1783 in
2653 1730 2876 1797 θηοίρίιί
2925 1729 3118 1797 βοδῖιῖε
3141 1768 3157 1794 ι
3187 1729 3347 1783 Ιίοθθι
3374 1728 3618 1783 Ultima"!

358 1818 521 1884 peril,
558 1819 795 1889 origines
823 1820 1189 1889 Ecclesiarum
1219 1824 1643 1895 Gallicanarum,
1663 1844 1799 1898 quas
1823 1846 1939 1886 om-
1970 1840 1998 1899 ιε

1977 1840 2015 1899 Β
2041 1815 2286 1887 Gregorii
2318 1818 2642 1873 sententiam
2681 1819 2871 1888 sequi,
2901 1834 3021 1888 qua:
3042 1825 3283 1874 conteret
3314 1819 3485 1888 priori
3541 1820 3617 1874 illi

361 1906 490 1961 nino
536 1908 769 1964 intactas
820 1912 1078 1980 reliquit,
1111 1923 1167 1969 et
1224 1915 1562 1985 singulorum
1618 1920 1938 1987 pontiﬁcum
2041 1911 2183 1979 θριιίί
2205 1924 2329 1963 eum
2358 1925 2461 1963 "0"
2492 1918 2873 1973 COWOVGI‘SIE.
2902 1909 2968 1964 de
2997 1925 3107 1964 ιιοη
3138 1910 3456 1966 άίνθηεηάἱε
3483 1910 3618 1965 adeo

358 2010 587 2055 eventus
620 2002 858 2059 tradere.
894 2004 1045 2069 Quod
1067 2012 1246 2059 autem
1270 2007 1567 2077 subiungit,
1597 2010 1765 2063 serius
1785 2020 1939 2066 trans

2040 2001 2250 2071 prolixa
2289 2011 2596 2071 temporum
2629 2000 3034 2070 intercapedine
3065 2017 3095 2056 a
3123 2016 3183 2056 se
3212 2000 3443 2056 invicem
3470 2002 3612 2071 prio-

357 2090 515 2157 Alpes
541 2102 834 2161 susceptam
875 2093 1199 2163 religionem,
1221 2109 1410 2151 verum
1444 2108 1547 2160 est,
1580 2099 1761 2155 habita
1790 2115 1939 2156 com-

2040 2093 2193 2147 ribus
2231 2093 2499 2164 episcopis
2536 2115 2549 2149 z
2581 2094 2731 2164 quia
2771 2092 2933 2149 Petro
2961 2103 3016 2148 et
3044 2092 3230 2160 Paulo,
3273 2104 3330 2148 et
3358 2093 3616 2163 deinceps

355 2180 640 2250 paratione
665 2183 902 2250 partium
935 2181 1322 2249 Orientalium,
1359 2195 1524 2254 atque
1554 2187 1724 2251 ipsius
1749 2186 1936 2255 ltalize,
2035 2200 2068 2241 ι
2097 2185 2376 2241 Clemente
2401 2186 2767 2255 apostolorum
2791 2186 3054 2257 discipulo
3073 2225 3090 2251 ,
3121 2201 3230 2241 non
3260 2185 3419 2256 longo
3446 2188 3617 2243 inter-

356 2287 477 2341 quin
527 2273 676 2342 prius
707 2275 913 2329 imbuta
966 2284 1049 2330 est
1097 2275 1343 2330 doctrina
1396 2276 1552 2340 ﬁdei,
1582 2288 1636 2334 et
1686 2278 1936 2335 fortassis
2035 2277 2178 2331 vallo
2223 2277 2395 2342 missi,
2422 2277 2646 2333 exordia
2680 2277 2802 2332 ﬁdei
2837 2293 2933 2346 per
2977 2277 3187 2336 Gallias
3222 2291 3614 2349 propagarunt.

356 2378 479 2417 cum
502 2365 741 2419 uberiori
769 2376 824 2420 et
853 2364 1084 2421 faciliori
1116 2376 1378 2438 proventu
1426 2384 1589 2438 quam
1618 2370 1673 2425 in
1720 2370 1933 2440 Galliis,
2036 2368 2176 2423 llinc
2207 2369 2433 2434 factum,
2481 2379 2542 2425 ut
2570 2370 2688 2427 Ado
2738 2370 2792 2425 in
2830 2370 3214 2443 Martyrologio
3260 2371 3613 2426 Saturninum

357 2457 638 2528 gentilium
663 2457 1106 2527 superstitionum
1141 2460 1616 2516 retinentioribus.
2037 2459 2246 2516 scribat
2274 2476 2491 2530 passum
2519 2462 2620 2517 sub
2667 2462 2847 2525 Decio,
2889 2463 3048 2532 juxta
3096 2464 3328 2532 primum
3362 2463 3614 2534 Gregorii

427 2552 657 2620 Depulsa
688 2566 752 2606 ex
805 2552 1007 2611 Severo
1055 2559 1224 2624 petita
1272 2555 1522 2612 machina
1550 2595 1566 2619 ,
1603 2556 1761 2612 liberi
1811 2572 1934 2615 esse
2035 2551 2347 2621 Opinionem
2375 2568 2390 2608 ;
2417 2550 2671 2605 Rabauus
2702 2560 2883 2605 autem
2919 2551 2973 2606 in
3001 2567 3100 2606 suo
3121 2552 3506 2624 Martyrologio
3524 2568 3615 2610 se-

353 2655 641 2709 possumus
667 2657 697 2695 a
734 2650 875 2697 metu
903 2643 1168 2716 Gregorii.
1196 2648 1367 2703 Docet
1390 2648 1507 2717 ipse
1533 2647 1638 2701 duo
1662 2649 1930 2718 quaedam,
2034 2653 2232 2711 oualur
2280 2642 2597 2706 secundam.
2630 2643 2904 2710 usurpatis
2934 2658 3148 2713 quoque
3197 2644 3448 2715 Gregorii
3491 2660 3616 2700 νει·-

354 2727 451 2782 lib.
485 2745 499 2783 l
564 2729 735 2796 Ilist.,
770 2747 890 2800 cap.
926 2732 995 2788 50
1026 2752 1040 2788 :
1073 2734 1325 2802 alterum,
1359 2747 1568 2807 septem
1590 2735 1711 2793 illos
1756 2740 1933 2796 socios
2031 2733 2119 2791 his
2151 2733 2305 2792 :Iste
2327 2750 2467 2802 vero,
2498 2734 2696 2801 inquit,
2728 2733 3050 2790 Saturninus
3079 2746 3301 2804 martyr,
3331 2743 3389 2788 ut
3422 2735 3612 2805 fertur,

353 2821 542 2876 eodem
578 2832 818 2893 tempore
850 2823 904 2879 in
933 2824 1137 2880 Gallias
1171 2829 1504 2897 pervenisse,
1535 2828 1809 2887 Ecclesias
1839 2844 1930 2886 sev
2032 2827 2097 2882 ab
2128 2827 2484 2898 apostolorum
2507 2827 2777 2897 discipulis
2798 2829 3091 2893 ordinatus,
3108 2829 3165 2881 in
3199 2831 3374 2881 urbem
3403 2825 3619 2882 Tolosa-

353 2922 527 2982 ptem.
550 2913 618 2968 ab
670 2929 735 2968 eo
781 2925 1235 2972 commemoratas
1278 2917 1497 2988 “primos
1558 2921 1928 2986 constituisse;
2032 2927 2147 2972 tum
2173 2929 2249 2972 est
2281 2919 2537 2974 directus.
2566 2918 2718 2985 Quod
2768 2918 3173 2987 intelligendum
3206 2917 3273 2973 de
3299 2916 3612 2981 Clemente,

353 3004 583 3059 alterum
630 3020 760 3061 vero
790 3046 806 3071 ,
859 3008 1051 3063 horum
1113 3010 1404 3065 adventum
1468 3010 1809 3069 referendum
1862 3015 1931 3070 ad
2032 3019 2197 3075 aquo
2216 3005 2412 3060 missus
2445 3005 2642 3060 dicitur
2672 3003 3003 3061 Saturninus
3029 3021 3134 3060 una
3180 3021 3301 3061 cum
3332 3006 3614 3078 Dionysio,

354 3106 596 3165 tempora
630 3099 937 3155 consulatui
970 3100 1119 3155 Decii
1151 3109 1207 3156 et
1257 3101 1412 3157 Grati
1445 3103 1647 3171 vicina,
1674 3106 1725 3159 id
1746 3114 1832 3160 est
1863 3105 1929 3160 ad
2033 3097 2087 3152 in
2137 3097 2284 3151 Αειίε
2320 3099 2599 3153 Veteribus
2647 3096 2705 3153 S.
2752 3098 2993 3170 Dionysii
3041 3097 3358 3167 compositis
3400 3115 3432 3154 a
3478 3100 3615 3156 For-

353 3203 556 3243 annum
591 3188 717 3255 250,
751 3201 845 3244 aut
879 3191 1117 3247 circiter.
1169 3193 1300 3260 Quae
1343 3195 1589 3249 narratio
1642 3194 1930 3251 manifeste
1956 3180 2000 3240 (Ξ
2035 3197 2222 3243 lunato
2250 3187 2576 3253 Pictavensi.
2599 3188 2690 3259 qui
2746 3190 3037 3244 secundam
3081 3188 3334 3259 Gregorii
3385 3199 3612 3245 semen-

353 3290 558 3349 pugnat
589 3295 713 3336 cum
767 3280 997 3347 Irenaeo,
1034 3283 1128 3353 qui
1157 3284 1439 3355 sexaginta
1479 3294 1536 3340 et
1565 3285 1798 3355 amplius
1832 3300 1929 3340 an—
2028 3279 2160 3335 tiam
2233 3278 2595 3335 disertissime
2658 3279 2965 3335 conﬁrmat.
3021 3278 3346 3349 Quanquam
3397 3289 3612 3335 vetusta

353 3370 440 3425 nis
473 3381 600 3426 ante
630 3370 776 3425 hunc
802 3372 1144 3427 consulatum
1173 3373 1540 3429 Ecclesiarum
1570 3376 1711 3445 apud
1749 3374 1929 3430 Celtas
2030 3368 2089 3424 S.
2130 3368 2406 3425 Saturnini
2442 3368 2579 3422 Acta
2604 3368 2828 3425 missum
2884 3385 2916 3424 a
2962 3370 3122 3428 Petro
3167 3372 3418 3436 doceant,
3451 3378 3508 3426 et
3555 3371 3611 3427 in

352 3461 698 3517 fundatarum
738 3463 1004 3517 meminit.
1048 3462 1259 3534 Pugnat
1306 3480 1524 3536 quaque
1552 3481 1675 3521 cum
1714 3465 1921 3520 Tertul-
2028 3462 2270 3517 Elusana
2320 3462 2458 3516 urbe
2484 3461 2990 3531 Novempopulaniae
3023 3461 3230 3519 scilicet
3272 3463 3609 3534 metropoli,

353 3551 521 3617 liano,
541 3554 635 3621 qui
668 3554 891 3622 triginta
926 3555 1231 3625 etamplius
1258 3557 1419 3612 annis
1445 3567 1572 3612 ante
1618 3555 1766 3613 Decii
1796 3572 1929 3627 epo-
2028 3551 2226 3607 deinde
2247 3552 2600 3621 Pompelone,
2621 3564 2679 3609 et
2705 3556 2759 3607 in
2786 3552 2908 3608 aliis
2935 3553 3316 3622 Hispaniarum
3352 3554 3610 3622 gentibus

356 3646 540 3713 cham,
568 3646 814 3702 diversas
838 3646 1133 3702 Galliarum
1181 3647 1437 3703 nationes
1473 3648 1633 3705 ﬁdem
1664 3649 1931 3705 Cbristia-
2029 3643 2303 3699 Ecclesias
2336 3645 2726 3712 constituisse;
2757 3655 2818 3700 ut
2860 3660 2926 3699 ex
2979 3645 3094 3701 suis
3138 3660 3357 3715 quoque
3413 3645 3613 3701 tabulis

354 3752 478 3791 nam
536 3736 780 3806 proﬁteri
834 3747 1120 3794 testatur:
1161 3753 1282 3809 quae
1334 3753 1456 3795 cum
1489 3741 1561 3795 sit
1606 3756 1675 3796 ex
1717 3740 1925 3806 auditu,
2027 3732 2271 3790 fatentur
2299 3745 2553 3791 auctores
2583 3734 2826 3805 Hispani.
2876 3735 2983 3790 Sed
3024 3734 3196 3790 satius
3247 3743 3351 3798 est,
3384 3744 3443 3789 ut
3497 3735 3613 3790 hai-

352 3830 513 3899 plane
544 3829 955 3898 prtedicantium
1006 3830 1299 3886 missorum
1351 3832 1654 3888 ministerio
1700 3834 1930 3888 diversis
2029 3841 2249 3882 reamus
2277 3826 2464 3882 relatae
2500 3842 2532 3881 a
2584 3825 2846 3897 Gregorio
2881 3826 3183 3891 traditioni,
3215 3825 3480 3880 sciliceta
3526 3825 3610 3879 di-

352 3919 459 3974 illis
484 3919 790 3973 nationibus
816 3918 1142 3973 infundenda
1171 3921 1308 3987 fuit;
1341 3920 1432 3991 qui
1454 3922 1670 3991 quidem
1700 3922 1790 3977 alii
1821 3938 1927 3977 non
2029 3915 2254 3986 scipulis
2276 3917 2644 3986 apostolorqu
2680 3917 3011 3982 ordinatum,
3045 3916 3096 3972 id
3130 3925 3218 3971 est
3246 3930 3277 3970 a
3305 3914 3608 3982 Clemente,

352 4020 477 4065 sunt
501 4021 697 4080 przcter
717 4025 811 4065 eos
831 4050 847 4074 ,
872 4025 1008 4080 quos
1029 4010 1222 4065 tabulae
1243 4013 1622 4069 ecclesiastica:
1646 4015 1927 4072 exhibent.
2024 4007 2179 4076 juxta
2202 4005 2584 4064 Fortunatum.

352 4102 569 4157 Erravit
596 4118 725 4164 ergo
750 4101 1061 4172 Gregorius,
1090 4112 1353 4172 pnetextu
1377 4102 1512 4160 Viue
1533 4106 1704 4160 sancti
1737 4105 1935 4160 Saturo
2102 4097 2300 4152 Eadem
2322 4096 2612 4167 explicalio
2652 4097 2955 4153 adhibenda
2987 4107 3069 4154 εει
3103 4097 3259 4161 alteri
3287 4097 3428 4163 l000.
3463 4114 3515 4153 οι
3550 4100 3608 4165 8ο

354 4197 489 4257 niui,
510 4195 664 4264 cujus
688 4197 850 4250 verba
868 4196 1068 4261 laudat,
1096 4197 1147 4251 in
1183 4198 1391 4268 epocha
1419 4198 1565 4254 Decii
1594 4200 1926 4255 constitueu-
2031 4191 2108 4246 De
2131 4192 2301 4263 gloria
2328 4192 2720 4263 Confessorum,
2750 4195 2837 4249 ubi
2866 4196 3031 4250 tradit
3060 4194 3316 4251 Biturica:
3341 4197 3458 4251 urbi
3486 4210 3612 4251 ver-

354 4289 422 4342 da
448 4305 463 4352 ;
495 4303 661 4358 quam
695 4289 928 4357 scriptor
950 4288 1039 4343 ille
1064 4304 1185 4343 cum
1209 4290 1309 4344 soli
1344 4290 1643 4346 Saturnino
1665 4290 1927 4361 aﬁigeret,
2028 4282 2183 4348 bum.
2211 4283 2403 4338 salutis
2433 4284 2759 4353 ρι’ωᾱὶοειεεθ
2799 4281 3055 4339 Ursinum
3097 4284 3436 4352 episcopum.
3462 4284 3611 4355 quia

353 4377 646 4446 Gregorius
668 4379 735 4433 de
764 4393 861 4433 suo
885 4376 951 4431 ad
980 4376 1116 4432 alios
1164 4380 1441 4445 extendit,
1473 4394 1541 4433 ex
1572 4370 1786 4448 recepta
1816 4377 1927 4448 jam
2029 4372 2304 4440 discipulis
2337 4372 2697 4440 apostolorum
2745 4373 2803 4427 in
2851 4370 3058 4427 Gallias
3087 4373 3380 4426 destinatus
3410 4372 3608 4440 fuerat,

355 4480 466 4524 tum
511 4471 771 4541 Opinione
795 4470 862 4525 de
893 4480 1099 4540 septem
1147 4470 1365 4527 illorum
1410 4471 1688 4526 societate.
1723 4471 1803 4526 De
1829 4486 1927 4526 suo
1957 4519 1995 4573 υ

1967 4519 2001 4573 D
2029 4461 2244 4517 scilicet
2275 4478 2306 4518 a
2352 4462 2655 4529 Clemente,
2702 4468 2760 4515 ut
2786 4459 2904 4531 ejus
2934 4460 3068 4516 Vitae
3107 4459 3239 4513 Acta
3284 4459 3607 4528 perantiqua

354 4563 627 4617 addidisse
652 4563 789 4628 dixi,
823 4561 1079 4630 quoniam
1114 4561 1168 4615 in
1219 4561 1401 4617 verbis
1440 4565 1703 4618 .Actornm
1736 4562 1926 4618 Satur-
1957 4561 1998 4573 ⁶’
2031 4563 2319 4609 leslanlur.

354 4655 464 4708 nini
491 4669 611 4723 qua:
655 4654 947 4725 Gregorius
982 4655 1186 4718 laudat,
1217 4655 1364 4708 nulla
1409 4655 1469 4710 lit
1492 4671 1584 4711 sex
1612 4655 1925 4726 pontiﬁcum

2103 4643 2381 4714 Speciales
2405 4658 2543 4716 quas
2589 4642 2935 4699 adhibuimus
2975 4642 3327 4729 probationes
3355 4656 3456 4710 pro
3502 4638 3610 4694 ful-

355 4745 558 4800 mentio
594 4762 610 4812 ;
648 4761 823 4817 neque
853 4746 1014 4801 etiam
1047 4747 1099 4801 in
1125 4762 1352 4818 corpore
1376 4748 1625 4802 Actorum
1647 4762 1767 4818 quae
1788 4749 1926 4817 apud
2030 4736 2222 4792 cienda
2260 4739 2434 4792 veteri
2485 4737 2690 4807 epocha
2724 4738 2962 4806 quinque
3001 4735 3339 4804 pontiﬁcum.
3372 4734 3608 4804 Trophi-

355 4838 574 4893 Surinm
630 4847 846 4892 exstant
880 4854 896 4903 ;
933 4853 1054 4907 qua:
1087 4839 1247 4908 plane
1284 4849 1411 4894 sunt
1443 4839 1632 4895 eadem
1687 4855 1809 4894 cunt
1859 4841 1926 4900 iis

2030 4826 2125 4893 mi,
2156 4825 2331 4891 Pauli,
2360 4825 2643 4891 Martialis,
2668 4825 2930 4898 Dionysii,
2949 4824 3253 4893 Saturnini,
3282 4827 3605 4896 quibuscum

355 4930 502 4982 Actis
539 4943 602 4982 ex
656 4929 855 4999 quibus
899 4929 1078 4984 locum
1133 4945 1163 4985 a
1206 4946 1264 4986 se
1309 4930 1583 4986 laudatum
1631 4929 1928 5002 Gregorius

2027 4930 2129 4985 par
2189 4923 2477 4971 estcausa
2524 4914 2754 4985 plurium
2805 4915 3033 4971 aliorum
3088 4917 3176 4985 qui
3235 4916 3507 4970 Ecclesias
3552 4917 3604 4971 in

355 5021 645 5089 decerpsit,
671 5038 794 5077 cum
836 5021 1025 5077 iisdem
1077 5022 1299 5077 omnino
1327 5023 1510 5078 verbis
1537 5025 1610 5080 ibi
1645 5024 1794 5081 locus
1837 5024 1927 5079 ille
2034 5006 2223 5063 Galliis
2245 5009 2630 5073 fundaverant.
2672 5009 2955 5078 generales
2994 5010 3337 5078 Ρτοικιιίοιιθε
3378 5026 3446 5064 εκ
3493 5010 3609 5066 “'9-

355 5111 658 5178 dcscriptus
714 5111 1040 5180 reperiatur.
1098 5110 1268 5167 Porro
1300 5113 1433 5167 Acta
1482 5113 1572 5168 illa
1629 5117 1928 5185 composita

2032 5115 2171 5166 naeo,
2221 5099 2551 5154 Tertulliano
2580 5109 2635 5153 et
2664 5101 2917 5169 Eusebio,
2945 5101 3012 5155 de
3035 5110 3304 5156 vetustate
3339 5101 3610 5156 Ecclesia-

355 5212 479 5254 sunt
505 5200 664 5270 longo
696 5201 981 5257 intervallo
1013 5213 1139 5274 post
1184 5202 1390 5259 obitum
1425 5202 1710 5272 Exsuperii
1761 5203 1925 5259 Tolo-
2031 5209 2172 5258 rum.
2204 5193 2493 5264 υῑὶυνθηι,
2517 5194 2596 5274 εἰς
2641 5203 2887 5248 mutuum
2910 5208 3127 5263 (ιυοψιε
3162 5210 3230 5249 εἰ
3272 5194 3380 5249 illis
3423 5194 3605 5250 SUbSi'

357 5292 499 5355 sani,
531 5291 685 5359 cujus
721 5270 1036 5361 meminere,
1068 5304 1126 5349 ut
1159 5304 1307 5349 recte
1337 5270 1593 5349 observat
1631 5293 1785 5365 Hugo
1815 5295 1927 5351 Me-
2030 5285 2175 5338 dium
2197 5284 2436 5353 capium-
2471 5270 2585 5351 0υά
2618 5285 2686 5339 de
2718 5299 2779 5339 τε
2816 5286 3103 5355 diligenter
3154 5286 3412 5349 disseruit
3465 5286 3607 5356 luris

364 5386 580 5439 namus,
632 5385 955 5439 Πεδιῑιυίιυι·
1005 5387 1188 5454 itaque
1233 5385 1525 5458 Gregorius
1571 5386 1653 5442 sui
1688 5387 1926 5442 auctoris
2029 5377 2313 5446 utriusque
2343 5376 2729 5431 celeberrimus
2763 5387 3077 5433 autecessor
3102 5378 3153 5432 in
3179 5378 3468 5433 Academia
3494 5375 3607 5432 To-

367 5472 685 5537 .cstittlonit),
742 5472 797 5527 in
842 5488 939 5528 sex
989 5473 1338 5543 pontiﬁcibus
1375 5492 1392 5531 :
1423 5477 1559 5530 adeo
1608 5485 1668 5529 ut
1718 5478 1923 5548 epocha
2029 5467 2215 5523 losana
2248 5469 2515 5524 Antonius
2563 5468 2799 5523 Dadinus
2831 5469 3132 5537 Alteserra,
3168 5468 3264 5523 lib.
3295 5483 3352 5524 tv
3407 5467 3605 5522 Rerum

354 5566 664 5622 consulatus
690 5565 871 5631 Decii,
905 5564 974 5619 ad
1013 5566 1189 5621 solum
1223 5567 1578 5624 Saturninum
1614 5569 1923 5641 episcOpum
2030 5563 2486 5634 Aquitanicawm.
2513 5567 2564 5616 0‘-
2589 5561 2644 5616 9-
3236 5552 3247 5565 ’

353 5672 420 5712 ex
458 5657 549 5713 illo
574 5658 825 5712 Actorum
858 5658 1123 5726 scriptore
1148 5657 1426 5716 referenda
1447 5661 1539 5716 sit.
1816 5648 1822 5655 ’
2100 5657 2254 5725 Quod
2304 5666 2486 5712 autem
2549 5657 2744 5711 attinet
2799 5657 2866 5711 ad
2915 5656 3207 5713 Gatianum
3266 5655 3606 5711 Turonensm

427 5750 579 5820 Quod
619 5760 803 5806 autem
846 5751 914 5805 ad
946 5750 1303 5809 Saturninum
1346 5752 1560 5822 attinet,
1590 5754 1923 5813 controverti
2030 5748 2288 5808 Ecclesia:
2332 5748 2667 5821 episcopum,
2694 5764 2815 5805 cum
2839 5747 2955 5817 ejus
2979 5762 3261 5806 successor
3287 5745 3604 5818 Gregorius,

670 5844 944 5907 Panos.
987 5844 1105 5909 Gn.
1139 5844 1284 5908 XX.
3289 5841 3332 5903 2
