4154 6426
523 289 593 345 ιδ
1785 289 2053 346 VALESII
2091 290 2097 343 l

2202 292 2478 354 anno.
3725 308 3800 366 ιι

521 411 608 466 cui
640 418 922 480 perspecta
954 417 1113 466 erant
1158 408 1416 466 Ecclesia:
1451 425 1559 466 suae
1590 413 1875 479 tabularia,
1911 418 2103 473 doceat
2133 421 2179 478 Α
2210 421 2367 478 ﬁdem
2429 424 2481 479 in
2544 441 2606 480 ea
2665 427 3014 483 instituerunt
3078 426 3362 496 Dionysius
3431 428 3790 498 Parisiensis,

521 501 801 570 conceptis
831 501 1034 567 verbis,
1081 501 1173 556 lib.
1207 517 1258 555 ix
1323 501 1463 555 (list.
1487 546 1502 568 ,
1535 518 1652 572 cap.
1679 505 1740 559 3t
1770 547 1785 569 ,
1815 506 2102 561 Galianum

523 610 665 649 anno
691 594 834 648 Decii
863 595 1038 664 primo
1073 610 1101 646 a
1151 609 1289 663 papa
1330 595 1472 648 sedis
1519 595 1776 651 Romamn
1816 601 2103 654 transmis-

521 700 666 752 sum,
687 685 884 740 additis
909 700 1123 755 quoque
1146 685 1352 754 aliquot
1387 688 1503 754 ejus
1529 689 1769 756 episcopi
1796 691 1982 759 gestis,
2013 706 2106 746 ue-

521 795 628 852 que
653 779 758 834 ulla
807 779 958 834 nobis
993 779 1212 834 aliunde
1253 791 1506 851 suppetat
1536 783 1853 846 auctoritas,
1884 799 1989 853 qua
2041 785 2107 838 il-

521 872 632 926 lum
669 875 735 926 ad
766 873 1063 927 vetustiora
1095 881 1336 940 tempora
1373 888 1724 938 revocemus,
1752 877 2102 929 temerarium

521 980 718 1020 censeo
775 966 1041 1020 adversus
1091 964 1418 1033 Gregorium
1465 965 1534 1020 de
1578 967 1810 1036 pmprize
1852 967 2106 1023 Ecclesia:

520 1069 663 1119 statu
698 1061 994 1129 disputare.
1028 1058 1176 1113 Idem
1219 1058 1508 1112 dicendum
1538 1067 1668 1129 puto
1699 1059 1765 1114 de
1809 1058 2105 1115 Stremouii

516 1153 874 1208 Arvernensis
913 1153 1150 1221 episcopi
1210 1151 1416 1216 initiis;
1451 1166 1570 1218 quae
1626 1150 1980 1221 Gregorium,
2022 1163 2106 1204 ut-

516 1257 645 1315 pote
669 1245 842 1314 patria
875 1245 1200 1301 Arvernum.
1224 1253 1386 1313 atque
1411 1244 1546 1296 adeo
1581 1243 1633 1296 in
1667 1244 1778 1296 Suis
1812 1259 1914 1297 non
1947 1259 2105 1312 pere-

515 1337 756 1408 grinum,
818 1337 990 1389 latere
1035 1349 1142 1388 non
1199 1343 1470 1404 poterant.
1533 1334 1663 1402 Quae
1719 1333 1952 1389 fortasse
2004 1335 2106 1390 fuit

515 1431 733 1484 occasio
755 1443 855 1482 cur
881 1427 1243 1496 negligentius
1273 1442 1333 1482 se
1359 1427 1616 1480 habuerit
1657 1427 1710 1481 in
1742 1428 1973 1481 aliarum
2005 1428 2107 1484 Ec-

514 1522 806 1576 clesiarum
881 1519 1278 1588 investigandis
1351 1517 1543 1572 initiis.
1601 1517 1809 1584 Quibus
1879 1522 2103 1576 exordia

515 1615 750 1670 duarum
816 1612 917 1667 sibi
971 1611 1300 1676 chararum,
1331 1609 1668 1666 Turonensis
1716 1621 1772 1666 et
1820 1612 2100 1676 Arvernae,

512 1706 718 1775 aequari
768 1719 875 1760 non
929 1718 1092 1774 posse
1143 1718 1266 1758 cum
1300 1704 1530 1770 videret,
1564 1703 1757 1758 maluit
1809 1704 1876 1758 ad
1911 1705 2101 1760 harum

514 1808 764 1868 tempora
796 1797 1042 1867 priorum
1090 1795 1332 1866 quinque
1382 1795 1734 1852 fundationes
1764 1799 2101 1855 indiscussas

513 1889 838 1958 deprimere.
897 1887 1080 1954 Quare
1128 1902 1250 1942 cum
1307 1888 1451 1956 apud
1499 1888 1647 1943 viros
1701 1890 2099 1948 eruditissimos

513 1983 735 2052 antiqua
763 1979 1131 2036 Ecclesiarum
1153 1979 1564 2050 Gallicanarum
1589 1982 1862 2052 diptycba,
1895 1982 1947 2038 in
1980 1984 2100 2054 qui-

509 2078 612 2131 bus
636 2076 920 2145 pontiﬁces
959 2073 1081 2128 fidei
1123 2074 1430 2143 praedicata
1458 2077 1803 2145 antesignani
1840 2078 2098 2147 descripti

509 2177 661 2232 smit,
714 2183 836 2221 cum
887 2167 1162 2222 missionis
1211 2168 1527 2235 apostolica:
1566 2169 1934 2224 vetustissima
1967 2185 2098 2239 epo-

509 2257 632 2327 cba,
669 2273 735 2313 ex
774 2272 840 2313 eo
868 2257 987 2313 solo
1023 2257 1201 2326 capite
1247 2258 1493 2312 nutarint
1542 2258 1598 2313 in
1639 2260 1899 2328 temporis
1961 2262 2099 2316 assi-

508 2353 788 2422 gnatione,
813 2349 957 2421 quod
994 2365 1116 2404 cum
1173 2349 1380 2406 Severo
1431 2361 1488 2406 et
1538 2350 1806 2422 Gregorio
1856 2368 2099 2424 pugnare

506 2441 847 2504 viderentur,
903 2438 1304 2508 religiosissimi
1348 2441 1592 2510 episcopi
1641 2442 1864 2512 collegae
1922 2445 2096 2499 nostri

505 2541 767 2602 poterunt
828 2532 1097 2600 intrepide
1153 2531 1206 2585 in
1252 2531 1366 2586 suis
1422 2532 1682 2589 Ecclesiis
1742 2535 2095 2590 decessornm

507 2638 733 2681 suorum
766 2623 1022 2678 traditam
1057 2638 1302 2682 asserere
1324 2635 1674 2693 vetustatem,
1699 2627 1878 2682 securi
1907 2627 1973 2681 de
2005 2626 2093 2681 illa

505 2731 628 2788 quae
655 2715 861 2771 nostris
895 2715 1078 2785 ‘cbjici
1124 2717 1263 2772 solet
1288 2726 1534 2772 veterum
1559 2728 1843 2773 auctorum
1877 2719 2096 2788 ignora-

507 2809 659 2863 tione
688 2817 782 2862 a~ut
816 2819 1153 2877 contemptu,
1194 2817 1308 2863 tum
1341 2809 1506 2863 etiam
1540 2808 1607 2864 de
1631 2807 1815 2878 aliquo
1846 2809 2094 2865 veritatis

506 2901 781 2957 historica:
807 2901 1090 2970 dispendio
1121 2918 1136 2956 :
1166 2915 1284 2970 quae
1317 2899 1524 2970 alioqui
1551 2899 1847 2968 laboraret,
1875 2902 1921 2957 si
1945 2903 2093 2956 Actis

506 2996 750 3066 antiquis
777 2995 911 3051 fides
938 3010 1035 3051 sua
1074 2993 1478 3049 detraheretur.
1508 2993 1696 3064 Itaque
1745 3005 1942 3065 prater
1983 3013 2092 3052 ca:-

2211 515 2532 572 Savinianus
2575 518 2904 573 Senonensis
2935 561 2952 586 ,
3011 519 3257 574 Nicasius
3307 521 3795 591 R0thomngeusis,

2207 606 2490 663 Caraunus
2533 610 2918 674 Carnolensis,
2963 621 3015 665 et
3051 611 3296 666 Julianus
3345 618 3789 670 (lt‘timnanensis.

2209 694 2468 766 Superest
2522 709 2581 752 ut
2638 703 2702 754 de
2758 700 3102 770 Lugdunensi
3151 703 3368 756 civitate
3423 721 3732 770 qttzm'attitts
3776 725 3790 761 :

2207 805 2327 858 qua:
2357 793 2574 861 quidem
2605 810 2727 848 cum
2768 796 3032 863 principia
3075 797 3418 862 episcopatus
3463 797 3658 849 debeat
3694 798 3792 852 l’o-

2209 881 2380 946 thiuo,
2427 884 2518 950 qui
2574 899 2766 952 passus
2820 886 2920 937 sub
2944 887 3196 947 Antonio,
3259 902 3398 937 anno
3428 888 3629 940 Christi
3669 889 3791 956 177,

2207 974 2578 1040 nonagenario
2642 975 2833 1039 major,
2878 975 2970 1028 sed
3014 975 3241 1029 ittl'crior
3273 978 3550 1044 Trophitni
3602 981 3792 1030 Arela-

2207 1061 2382 1117 tensis
2440 1065 2813 1129 institutione,
2859 1081 2963 1119 non
3016 1068 3208 1120 dubito
3237 1069 3367 1137 quin
3420 1070 3579 1137 huius
3611 1075 3792 1124 stuiro

2207 1155 2402 1211 debeat
2452 1158 2722 1226 primitias
2777 1158 2923 1211 fidei.
2978 1156 3294 1227 Siquidem,
3341 1171 3398 1214 ut
3454 1162 3794 1216 tradiderunt

2207 1249 2442 1317 episcopi
2477 1251 2527 1303 in
2577 1250 2760 1305 libello
2797 1251 2979 1304 oblato
3020 1250 3184 1304 Leoni
3229 1267 3377 1320 papa:
3405 1268 3546 1305 anno
3575 1254 3700 1316 b350,
3724 1272 3788 1309 ex

2207 1341 2503 1410 Trophimo
2535 1344 2679 1396 velut
2713 1359 2777 1397 ex
2811 1343 2958 1398 fonte
2995 1345 3364 1413 profluxerunt
3398 1347 3553 1398 rivuli
3587 1350 3704 1400 ﬁdei
3737 1350 3788 1400 iu

2208 1435 2343 1490 alias
2374 1433 2671 1490 Galliarum
2709 1447 2928 1503 partes;
2955 1437 3096 1502 quod
3126 1438 3412 1491 conﬁrmat
3435 1453 3650 1506 quoque
3684 1437 3789 1491 Zo-

2206 1527 2329 1580 simi
2385 1542 2535 1595 papa:
2591 1527 2840 1592 epistola.
2899 1528 3076 1593 Quare
3156 1544 3278 1582 cum
3337 1530 3526 1582 Arelas
3586 1531 3788 1592 Italiae,

2206 1617 2447 1671 Orientis
2474 1626 2528 1671 et
2582 1616 2779 1671 Africa:
2827 1619 3170 1671 commerciis
3201 1632 3428 1687 pateret.
3465 1633 3520 1674 et
3557 1621 3627 1676 ob
3668 1638 3787 1673 eam

2210 1707 2471 1761 rationem
2524 1705 2785 1774 Lugduno
2828 1707 3212 1763 florentissimo
3245 1710 3545 1766 Galliarum
3594 1729 3789 1782 empo-

2210 1797 2290 1851 rio
2310 1797 2749 1866 coujungerctur,
2787 1798 3007 1851 obvium
3041 1800 3142 1850 fuit
3174 1798 3472 1867 Trophimo
3514 1819 3613 1871 per
3641 1820 3699 1857 se
3734 1814 3788 1859 et

2208 1904 2306 1960 per
2334 1889 2472 1942 alios
2496 1889 2701 1959 legatos
2740 1890 2861 1943 fidei
2903 1891 3228 1945 Christiana:
3266 1907 3558 1947 sementem
3596 1897 3664 1947 ibi
3697 1911 3788 1948 se-

2207 1994 2352 2042 rere,
2380 1995 2498 2048 quae
2532 1981 2745 2033 tandem
2787 1982 2838 2032 in
2880 1996 3001 2034 eum
3060 1982 3294 2034 ﬁdelium
3339 1996 3540 2037 ctutum
3592 1986 3788 2051 crevit,

2205 2072 2352 2141 quia
2389 2070 2619 2125 Pothino
2652 2072 2906 2141 episcopo
2943 2074 3048 2141 regi
3077 2088 3395 2128 mereretur.

2277 2163 2391 2218 Non
2415 2179 2500 2218 tlte
2533 2165 2684 2225 latet.
2714 2165 2766 2217 itt
2802 2167 3048 2233 qmcdam
3081 2171 3239 2231 Acta,
3276 2169 3474 2237 quibus
3504 2170 3625 2222 vita?
3654 2187 3790 2239 pono

2207 2258 2414 2312 tificum
2456 2257 2670 2312 illorum
2724 2257 3130 2321 describuntur,
3183 2263 3370 2323 multa,
3409 2263 3551 2330 quod
3593 2265 3789 2316 attinet

2205 2351 2274 2403 ad
2297 2365 2484 2403 eorum
2521 2365 2607 2403 res
2640 2360 2846 2416 gestas,
2885 2349 3190 2417 irrepsisse,
3226 2367 3346 2418 qua:
3382 2369 3542 2405 manu
3579 2357 3785 2405 medica

2203 2451 2418 2512 egeant,
2457 2450 2515 2496 ut
2567 2453 2970 2512 repurgcntur;
3019 2445 3476 2512 quemadmodum
3528 2445 3594 2499 de
3645 2451 3787 2501 Ατιιε

2203 2532 2428 2601 hujusce
2469 2533 2689 2602 generis
2725 2536 3040 2591 dcerem-rat
3067 2538 3194 2589 olim
3223 2536 3514 2590 concilium
3549 2538 3786 2590 Franco-

2203 2623 2477 2678 fnrdiense
2514 2640 2657 2677 anno
2682 2623 2805 2681 794.
2833 2625 2884 2677 Id
2916 2635 3092 2680 tamen
3144 2641 3251 2678 non
3296 2626 3462 2680 oilicit
3510 2628 3786 2680 missionis

2203 2714 2441 2778 veritati,
2476 2716 2540 2768 de
2568 2732 2678 2784 qua
2740 2714 2853 2769 sola
2898 2718 3185 2770 asserenda
3226 2733 3367 2771 nunc
3391 2719 3590 2787 agitur,
3617 2722 3786 2772 omis-

2201 2806 2277 2861 sis
2307 2808 2518 2860 czcteris
2563 2824 2684 2878 qua:
2732 2808 2784 2862 iu
2818 2810 3176 2876 quaestionem
3221 2811 3558 2864 adducentur
3593 2827 3623 2865 a
3655 2815 3785 2866 viris

2201 2902 2453 2964 eruditis,
2492 2903 2558 2955 de
2582 2902 2781 2970 quibus
2820 2902 2952 2955 alias
2979 2900 3211 2956 fortasse
3249 2906 3573 2957 sententiam
3609 2920 3784 2957 meam

2199 2998 2466 3064 aperiam.
2493 2998 2709 3050 Interim
2739 2998 2945 3050 amicos
2987 3008 3202 3050 nostros
3243 2998 3507 3061 obtestor,
3557 3007 3614 3051 ttt
3659 3000 3782 3050 bini

506 3099 657 3145 teros
686 3087 937 3158 snperius
966 3096 1323 3151 memoratos,
1352 3084 1684 3140 Clementem
1716 3101 1744 3138 a
1782 3086 1941 3144 Petro
1964 3101 2095 3158 apo-
2121 3131 2163 3188 ο
2198 3086 2484 3140 consulant
2503 3102 2640 3156 quae,
2655 3086 2784 3140 licet
2813 3086 2988 3140 aliena
3019 3091 3088 3142 ab
3110 3103 3296 3142 eorum
3325 3089 3614 3150 sententia,
3647 3090 3784 3154 dixi,

504 3181 646 3241 stolo
681 3182 907 3236 missum
945 3180 1052 3236 sibi
1101 3178 1454 3234 vindicabunt
1502 3179 1797 3245 Metenses,
1827 3195 1896 3233 ex
1946 3180 2091 3234 Actis

505 3274 651 3328 unde
701 3271 1080 3341 narrationem
1131 3285 1285 3326 suam
1332 3270 1511 3326 hausit
1554 3269 1756 3326 Paulus
1807 3271 2090 3335 diaconus,

507 3367 698 3422 mediae
753 3365 953 3430 aetatis,
1004 3375 1060 3420 et
1117 3380 1228 3419 non
1280 3364 1693 3419 contemnenda:
1748 3365 2093 3420 auctoritatis

505 3461 764 3530 scriptor.
791 3457 1041 3527 Ejusdem
1072 3456 1299 3526 apostoli
1326 3471 1474 3511 curae
1495 3497 1510 3521 ,
1534 3467 1589 3511 et
1624 3464 1810 3526 postea
1845 3456 2096 3512 Clemen-

508 3554 600 3618 tis,
634 3553 822 3623 plures
863 3550 1042 3622 populi
1090 3560 1368 3618 acceptam
1393 3563 1610 3619 quoque
1652 3549 1795 3603 ferre
1838 3557 2097 3618 poterunt

506 3661 576 3702 ex
612 3645 886 3701 veteribus
929 3645 1073 3698 Actis
1097 3652 1151 3698 et
1187 3641 1593 3714 Martyrologiis
1626 3643 1855 3711 primam
1886 3642 2097 3711 episco-

505 3754 702 3810 porum
749 3753 968 3792 suorum
1023 3737 1446 3796 institutionem.
1481 3734 1728 3802 Quorum
1782 3733 2001 3788 labores
2049 3732 2095 3788 si

507 3834 620 3888 suis
649 3830 941 3902 provinciis
973 3845 1041 3886 ex
1087 3829 1317 3901 Augusti
1353 3827 1606 3884 instituto
1653 3825 1930 3895 dispositis
1966 3824 2095 3880 red-

506 3928 726 3992 dantur,
785 3921 1110 3978 Tertulliani
1138 3922 1408 3980 sententia
1459 3929 1802 3989 quantopere
1835 3931 1964 3971 vera
2003 3915 2095 3980 sit,

507 4017 574 4071 de
599 4015 825 4070 diversis
845 4013 1138 4070 Galliarum
1169 4011 1485 4068 nationibus
1509 4010 1823 4066 Christiana
1852 4009 1957 4062 ﬁde
1989 4009 2096 4062 im-

504 4109 674 4174 butis,
717 4108 940 4177 patebit.
988 4106 1361 4163 Narbonensis
1410 4106 1612 4176 quippe
1659 4105 1936 4174 provincia
1988 4119 2094 4158 nun

504 4202 679 4258 solum
706 4217 735 4256 a
770 4201 1063 4257 Crescente
1111 4199 1430 4262 Viennensi,
1459 4201 1553 4254 sed
1601 4199 1766 4253 etiam
1795 4213 1825 4251 a
1857 4195 2096 4266 Trophi-

504 4311 594 4351 mo
623 4295 950 4362 Arelatensi,
979 4309 1008 4348 a
1036 4293 1200 4350 Paulo
1225 4291 1590 4355 Narbonensi,
1616 4290 1709 4362 qui
1731 4291 1982 4360 proxime
2008 4304 2097 4344 se-

504 4395 665 4443 cutus
708 4396 794 4442 est
827 4386 1181 4455 Trophimum
1205 4426 1221 4451 ,
1250 4394 1306 4440 et
1338 4384 1556 4440 demum
1587 4398 1615 4437 a
1670 4383 1969 4438 Saturnino
1997 4381 2098 4437 To-

2197 3189 2522 3247 provocatus
2543 3180 2754 3232 tuendae
2784 3182 3030 3234 veritatis
3068 3182 3356 3244 desiderio,
3389 3182 3456 3234 ad
3487 3185 3783 3236 restituen-

2198 3271 2320 3323 dam
2376 3270 2639 3324 Ecclesiae
2688 3252 2983 3324 Gallicana;
3014 3273 3379 3338 maiestatem,
3412 3274 3592 3341 aliquo
3621 3287 3783 3342 pacto

2198 3364 2538 3417 imminutam
2572 3380 2638 3418 ex
2673 3367 2930 3434 depressa
2982 3366 3211 3433 originis
3273 3365 3417 3419 illius
3466 3375 3782 3421 vetustate:

2196 3470 2318 3523 qua:
2367 3457 2420 3508 in
2477 3459 2640 3510 rebus
2687 3458 2863 3511 sacris
2916 3475 3020 3510 non
3064 3458 3340 3525 vulgarem
3373 3461 3783 3513 venerationem

2196 3547 2493 3603 conciliare
2532 3548 2691 3612 solet,
2720 3559 2831 3601 tum
2877 3547 3154 3613 Ecclesiis,
3187 3560 3299 3600 tum
3327 3550 3490 3602 etiam
3540 3551 3785 3618 imperiis

2195 3638 2529 3696 Christianis
2576 3640 2630 3693 iu
2667 3640 2862 3709 quibus
2911 3650 3036 3695 Sunt
3084 3645 3415 3696 constitutae.
3444 3640 3627 3707 Quare
3673 3661 3782 3696 non

2195 3731 2542 3794 evertendas,
2578 3731 2676 3785 sed
2723 3733 3034 3785 retinendas
3062 3732 3242 3800 putavi
3289 3749 3404 3797 qua:
3445 3746 3569 3785 vero
3596 3732 3783 3784 nitun-

2199 3832 2286 3876 tur
2337 3822 2658 3878 traditiones
2703 3833 2936 3885 nostras,
2988 3824 3261 3892 praacipnc
3289 3839 3411 3875 cum
3455 3824 3507 3876 in
3540 3823 3780 3877 Ecclesia

2187 3913 2468 3978 Romana,
2503 3930 2568 3970 ac
2610 3924 2723 3969 toto
2757 3916 2810 3967 in
2864 3916 2997 3967 orbe
3026 3913 3339 3967 Christiano
3377 3915 3488 3982 jam
3524 3915 3650 3968 olim
3696 3931 3783 3968 re-

2197 4017 2368 4077 ceptae
2391 4007 2626 4073 fuerint;
2659 4007 2795 4061 adeo
2829 4015 2888 4059 ut
2929 4021 3035 4060 non
3061 4021 3317 4074 egeamus
3347 4021 3509 4071 prava
3544 4006 3630 4059 illa
3660 4007 3786 4059 dili-

2198 4101 2378 4172 gentia
2400 4115 2561 4169 quam
2601 4101 2970 4155 adhibuerunt
3018 4099 3093 4152 illi
3123 4099 3214 4166 qui
3248 4098 3411 4151 etiam
3440 4098 3587 4151 falsis
3615 4111 3781 4168 atque

2197 4191 2447 4248 εοιιίὶειίε
2473 4192 2575 4246 SUb
2600 4193 2820 4246 nomine
2862 4202 3104 4245 veterum
3143 4201 3427 4244 auctorum
3460 4207 3782 4246 monumen-

2201 4284 2293 4350 tis,
2329 4291 2654 4338 vetustatem
2700 4283 3028 4338 Christiana:
3062 4282 3340 4352 religionis
3377 4284 3479 4337 sibi
3520 4298 3781 4351 arrogare

2201 4377 2464 4442 nituntur,
2499 4375 2585 4431 vel
2614 4376 2784 4429 etiam
2813 4387 3082 4444 receptam
3121 4377 3466 4430 confirmare.

503 4478 693 4535 losano
726 4479 941 4534 exculta
975 4479 1093 4536 fuit.
1136 4479 1465 4550 Aquitanica
1504 4491 1534 4532 a
1575 4476 1819 4531 Martiale
1843 4475 2095 4530 Lemovi-
2127 4499 2172 4554 υ
2274 4468 2357 4522 Tu
2385 4483 2534 4534 vero.
2565 4469 2651 4522 Vil'
2699 4467 3029 4532 ειπίεείιιιθο
3058 4482 3156 4537 PI'O
3198 4481 3261 4519 ea
3312 4483 3416 4536 qua
3453 4466 3625 4535 POlleS
3671 4482 3777 4520 ιιοιι

499 4572 678 4635 censi,
713 4571 908 4627 Ursino
935 4571 1286 4634 Bituricensi,
1314 4569 1592 4624 Frontone
1628 4565 2091 4638 Petragoricensi,

500 4674 554 4721 et
607 4664 868 4734 Eutropio
893 4662 1250 4727 Santonensi,
1295 4676 1458 4732 atque
1513 4663 1676 4716 etiam
1724 4674 1754 4713 a
1792 4657 2091 4714 Saturnino

506 4757 558 4809 in
601 4753 1118 4825 Novempopulania,
1147 4767 1266 4823 quae
1293 4768 1419 4822 pars
1451 4762 1568 4806 erat
1611 4750 1932 4820 Aquitanize.
1980 4749 2092 4804 Bel-

499 4845 680 4913 gicam
729 4855 1058 4900 curaverunt
1094 4845 1398 4900 Eucharius
1429 4842 1791 4907 Trevirensis,
1829 4841 2089 4898 Clemens

505 4934 782 5002 Metensis,
822 4934 999 5006 thus
1053 4935 1360 5000 Remensis,
1413 4943 1467 4988 et
1503 4931 1786 4987 Memmius
1828 4930 2090 4986 Catalau-

507 5029 714 5087 ncnsis.
761 5029 917 5100 Quod
951 5028 1146 5085 attinet
1168 5029 1234 5084 ad
1265 5027 1679 5100 Lugdunensem
1703 5025 2042 5097 provinciam
2071 5063 2086 5092 ,

2200 4562 2374 4618 solum
2417 4561 2744 4626 eruditione,
2776 4562 2870 4616 sed
2918 4562 3082 4616 etiam
3130 4560 3450 4631 prudentia,
3489 4561 3556 4614 de
3589 4571 3781 4614 nostro

2198 4653 2304 4708 isto
2339 4661 2556 4718 conatu,
2578 4663 2736 4723 prout
2769 4669 2867 4723 par
2908 4662 3016 4716 est,
3044 4652 3324 4715 decernes,
3365 4661 3421 4704 et
3456 4651 3779 4719 dignitatem

2198 4741 2567 4798 Ecclesiarum
2635 4741 3039 4798 Gallicanarum
3114 4743 3390 4808 robustips
3454 4741 3776 4794 viudicabis.

2199 4837 2350 4892 Vale.
3412 4893 3426 4908 ο

2266 4930 2493 4986 Lutetiae
2513 4928 2869 4994 Parisiorum,
2886 4926 3053 4984 Nonis
3073 4925 3432 4998 Septembris,
3451 4938 3595 4981 anno
3620 4919 3779 4980 l658.
