4154 6420
443 342 518 400 57
1475 337 1827 396 HISTORIA!
1862 337 2426 396 ΕοοιεειΑεΤιοᾹ)
2467 337 2595 396 LlB.
2636 339 2679 394 1.
3639 338 3712 396 58

444 477 619 518 ποντα
649 461 895 517 Μωΰσέα
915 501 930 526 ,
961 459 1057 514 καὶ
1088 461 1198 531 πρὸ
1224 478 1286 526 γε
1305 460 1470 516 αὐτοῦ
1503 460 1720 532 πρῶτος
1747 461 2005 534 Ἀϐραὰμ.

2125 471 2184 514 ιιι
2211 477 2438 530 magnus
2461 461 2549 515 ille
2568 461 2657 515 Dei
2685 457 2922 515 famulus
2947 459 3181 531 Moyses,
3201 468 3258 513 ut
3288 459 3377 528 qui
3411 467 3534 512 ante
3558 458 3706 511 illum

441 555 630 610 τούτου
656 571 716 608 τε
755 553 805 608 οἱ
853 553 1041 616 παῖδες
1069 555 1164 607 καὶ
1207 555 1322 606 ὅσοι
1359 555 1656 626 μετέπειτα
1685 555 1880 608 δίκαιοι
1925 572 2024 607 πε-

443 645 645 716 φήνασι
667 643 762 696 καὶ
785 643 1080 714 προφῆται,
1113 642 1372 714 καθαροῖς
1396 642 1632 707 διανοίας
1656 642 1866 714 ὄμμασι
1893 660 2026 712 φαν-

440 735 728 798 τασθέντες
762 733 874 804 (26)
897 774 910 794 .
960 733 1203 802 ἐγνωσάν
1245 751 1305 787 τε
1350 734 1442 786 καὶ
1475 727 1562 787 οἵα
1609 733 1742 786 Θεοῦ
1777 733 1934 786 Παιδί
1963 733 2024 786 τὸ

441 829 716 900 προσῆκον
760 827 1066 896 ἀπένειμαν
1109 826 1290 890 σέϐας.
1310 825 1481 889 Αὐτὸς
1504 827 1560 878 δὲ
1589 825 1838 896 οὐδαμῶς
1862 827 2024 896 ἀπορ-

442 919 699 990 ῥαθυμῶν
731 919 829 988 τῆς
858 918 954 972 τοῦ
993 919 1203 990 Πατρὸς
1237 918 1536 982 εὐσεϐείας,
1567 918 1883 982 διδάσκαλος
1910 921 2023 982 τοῖς

439 1013 571 1065 πᾶσι
599 1011 698 1082 τῆς
731 1009 1342 1082 Πατρικῆςκαθίσταται
1373 1010 1625 1079 γνώσεως
1649 1010 1779 1082 (⁸27).
1818 1006 2021 1080 Ὦφθαι

437 1103 566 1172 γοῦν
594 1103 704 1176 (‘28)
739 1103 941 1174 Κύριος
975 1103 1002 1155 ὁ
1030 1102 1161 1165 Θεὸς
1189 1102 1474 1173 ἀνείρηται
1498 1097 1587 1156 οἷά
1603 1085 1689 1166 τις
1718 1103 1897 1166 κοινὸς
1926 1103 2021 1156 άν-

439 1195 652 1268 θρωπος
692 1195 770 1266 τῷ
814 1195 1066 1267 Ἀϐραὰμ
1106 1195 1403 1267 καθημένῳ
1435 1195 1586 1266 παρὰ
1624 1197 1726 1268 τὴν
1762 1195 1891 1268 δρῦν
1923 1196 2020 1266 τὴν

438 1287 704 1358 Μαμϐρῆ.
754 1287 811 1340 Ὁ
835 1287 879 1339 δ’
911 1286 1198 1357 ὑποπεσὼν
1231 1287 1432 1340 αὐτίκα
1461 1287 1701 1356 καίτοιγε
1737 1286 2020 1358 ἄνθρωπον

437 1379 732 1449 ὀφθαλμοῖς
757 1377 898 1450 ὀρῶν
921 1419 935 1443 ,
967 1381 1260 1450 προσκυνεῖ
1291 1379 1387 1449 μὲν
1413 1377 1491 1441 ὡς
1522 1377 1676 1442 Θεὸν,
1706 1377 1936 1432 ἱκετεύει
1963 1378 2021 1432 δὲ

435 1469 510 1532 ὼς
538 1469 761 1541 Κύριον.
810 1469 1091 1541 Ὁμολογεῖ
1120 1487 1180 1522 τε
1233 1468 1306 1540 μὴ
1337 1469 1550 1538 ἀγνοεῖν
1580 1469 1728 1532 ὅστις
1774 1469 1882 1540 εἴη,
1918 1472 2019 1541 ῥή-

437 1576 601 1630 μασιν
650 1563 834 1625 αὐτοῖς
879 1561 1074 1630 λέγων·
1129 1581 1146 1612 ι
1187 1561 1358 1632 Κύριε
1395 1563 1423 1613 ὁ
1471 1562 1671 1633 κρίνων
1716 1564 1894 1616 πᾶσαν
1921 1563 2019 1634 τὴν

433 1653 555 1724 γῆν,
590 1653 652 1706 οὐ
685 1655 931 1725 ποιήσεις
964 1653 1181 1724 κρίσιν;
1225 1672 1242 1703 ι
1279 1655 1341 1706 El
1371 1652 1480 1724 γὰρ
1516 1653 1704 1724 μηδεὶς
1735 1653 2018 1726 ἐπιτρέποι

431 1745 587 1814 λόγος
625 1745 724 1818 τῂν
756 1745 1050 1816 ἀγέννητον
1086 1745 1182 1820 καὶ
1213 1745 1479 1816 ἄτρεπτον
1508 1747 1694 1799 οὐσίαν
1735 1746 1872 1799 Θεοῦ
1907 1748 2015 1820 (29)

2131 553 2271 606 vixit
2298 551 2568 606 Abraham
2603 563 2656 606 et
2692 551 2810 622 ejus
2837 551 2951 616 lilii,
2978 560 3032 604 et
3059 551 3366 620 quicunque
3392 562 3574 618 postea
3607 546 3709 602 viri

2125 641 2256 712 justi
2283 659 2346 696 ac
2385 643 2664 712 propheta:
2695 642 3045 706 exstiterunt,
3088 656 3277 695 omnes
3317 643 3468 710 puris
3513 641 3710 695 mentis

2132 737 2305 789 oculis
2345 733 2694 801 contemplati
2740 741 3098 801 agnoverunt,
3129 733 3414 801 eidemque
3451 743 3708 801 umquam

2143 827 2242 880 liei
2273 826 2413 880 Filio
2455 825 2694 880 debitum
2731 826 2930 879 cultum
2973 825 3358 880 exbibneruut.
3411 825 3528 894 Ipse
3580 841 3709 879 vero

2131 919 2340 986 alisque
2372 917 2475 970 ulla
2517 919 2857 970 cunctatione
2911 917 3090 972 Patris
3117 917 3195 972 sui
3229 918 3436 972 eoltum
3466 933 3529 970 ac
3563 920 3708 973 noti-

2133 1011 2261 1064 tiam
2297 1010 2552 1062 otunilms
2600 1026 2812 1078 semper
2859 1019 3114 1076 tanquam
3167 1011 3425 1078 magister
3459 1013 3708 1068 tradidit.

2131 1102 2394 1170 Apparuit
2438 1101 2606 1169 igitur
2666 1100 2924 1156 Dominus
2980 1102 3124 1156 Dens
3177 1103 3414 1173 vulgaris
3467 1105 3706 1159 hominis

2129 1194 2316 1261 specie
2345 1193 2576 1247 Abrahae
2603 1192 2669 1245 ad
2699 1207 2956 1260 quercum
2983 1193 3222 1248 Mambre
3251 1196 3482 1250 sedenti.
3513 1197 3584 1250 At
3617 1197 3710 1252 ille

2127 1285 2314 1338 statim
2352 1287 2403 1338 in
2431 1300 2604 1352 genua
2643 1286 2956 1354 prolapsus,
3007 1287 3218 1340 tametsi
3269 1287 3544 1341 hominem
3587 1298 3707 1342 tan-

2131 1386 2241 1429 tum
2275 1377 2446 1431 oculis
2474 1378 2704 1442 videret,
2735 1379 2984 1432 adoravit
3018 1378 3379 1434 nihilominus
3415 1389 3473 1433 ιιι
3497 1381 3662 1435 Deum
3685 1421 3702 1446 ,

2126 1480 2182 1525 et
2219 1479 2474 1539 tanquam
2507 1471 2736 1524 Domino
2763 1471 3117 1540 supplicavit,
3172 1482 3228 1525 et
3266 1474 3515 1541 quisnam
3560 1483 3708 1531 esset

2127 1577 2186 1616 se
2210 1578 2366 1618 nosse
2389 1562 2667 1633 professus
2691 1575 2771 1617 est
2789 1564 2870 1618 his
2897 1563 3103 1619 verbis:
3135 1581 3155 1616 ι
3183 1562 3424 1628 Domine,
3455 1567 3542 1634 (tui
3561 1565 3706 1633 judi-

2126 1671 2222 1709 cas
2239 1669 2454 1709 omnem
2477 1665 2696 1719 terram,
2729 1656 2969 1724 nunquid
3001 1655 3440 1723 faciesjudicium
3465 1657 3488 1710 ’ί
3517 1675 3538 1709 ι
3565 1657 3700 1711 Nam

2126 1761 2250 1798 cum
2283 1746 2576 1800 absurdum
2607 1743 2755 1798 etab
2780 1745 2928 1799 omni
2955 1745 3168 1801 ratione
3197 1744 3434 1798 alienum
3465 1745 3557 1810 sit,
3588 1756 3700 1798 tum

431 1835 524 1890 τοῦ
561 1836 998 1909 παντοκράτορος
1028 1837 1108 1900 είς
1142 1835 1335 1908 ἀνδρὸς
1362 1832 1502 1902 εἶδος
1537 1837 1914 1908 μεταϐάλλειν,
1944 1840 2005 1910 μ’)

2123 1846 2182 1891 ιιι
2209 1839 2447 1909 ingenita
2473 1847 2528 1891 et
2558 1838 2914 1893 immutabilis
2941 1837 3346 1908 omnipotentis
3376 1837 3468 1892 Dei
3509 1850 3702 1894 natura

430 1927 476 1980 δ’
506 1923 572 1982 αὖ
613 1928 876 1999 γεννητοῦ
913 1927 1140 2000 μηδενὸς
1187 1929 1462 2000 φαντασία
1507 1928 1606 1993 τὰς
1630 1928 1739 1984 τῶν
1770 1929 2020 2002 ὁρώντων

429 2021 580 2091 δψεις
604 2023 902 2092 ἐξαπατᾷν,
941 2021 1076 2092 μηδὲ
1116 2019 1224 2092 μὴν
1263 2019 1478 2092 ψευδῶς
1505 2019 1574 2074 τὰ
1599 2022 1825 2076 τοιαῦτα
1848 2022 2005 2076 πλάτ⁴

2123 2024 2271 2078 lacro
2346 2023 2534 2078 oculos
2567 2023 2912 2076 -intuentium
2974 2021 3166 2086 fallat,

427 2111 617 2168 τεσθαι
645 2112 744 2186 τὴν
775 2110 1015 2182 Γραφὴν,
1045 2110 1176 2174 Θεὸς
1199 2109 1294 2163 καὶ
1313 2109 1518 2181 Κύριος
1549 2111 1578 2163 ὁ
1606 2109 1806 2182 κρίνων
1838 2113 2021 2164 πᾶσαν

427 2207 529 2280 τὴν
569 2206 674 2277 γῆν
722 2205 818 2260 καὶ
870 2205 1038 2258 ποιῶν
1084 2203 1264 2274 κρίσιν
1310 2205 1368 2257 ἐν
1409 2201 1698 2275 ἀνθρώπου
1742 2201 2019 2276 ὁρώμενος

429 2301 690 2370 σχήματι,
722 2297 804 2362 τίς
852 2297 918 2351 ἂν
966 2298 1149 2368 ἔτερος
1194 2296 1600 2368 ἀναγορεύοιτο,
1635 2297 1684 2349 εἰ
1735 2297 1808 2368 μὴ
1853 2297 2016 2366 φάναι

427 2389 584 2461 θέμις
612 2390 671 2444 τὸ
697 2389 911 2462 πρῶτον
943 2387 1057 2442 τῶν
1083 2389 1219 2441 δλων
1263 2389 1454 2452 αἴτιον,
1490 2389 1524 2460 ἢ
1566 2388 1726 2460 μόνος
1760 2390 1790 2442 ὁ
1833 2389 2020 2460 προὼν

425 2483 592 2537 αὐτοῦ
633 2483 846 2551 Λύγος;
891 2483 1020 2552 περὶ
1061 2476 1123 2536 οὐ
1168 2479 1262 2534 καὶ
1303 2483 1361 2533 ὲν
1408 2481 1662 2552 Ψαλμοῖς
1689 2480 2012 2553 ἀνείρηται⁵

429 2592 452 2627 ι
491 2575 797 2628 Ἀπέστειλε
819 2573 908 2627 τὸν
945 2573 1114 2642 Λόγον
1141 2571 1326 2635 αὐτοῦ,
1361 2571 1456 2625 καὶ
1477 2571 1666 2626 ἰάσατο
1681 2573 1896 2634 αὐτοὺς,
1919 2573 2014 2625 καὶ

424 2666 695 2738 ἐρρύσατο
720 2668 916 2730 αὐτοὺς
946 2668 1012 2720 ὲκ
1042 2666 1152 2720 τῶν
1171 2665 1479 2739 διαφθορῶν
1511 2664 1712 2720 αὐτῶν.
1751 2683 1771 2716 ι
1811 2664 2013 2718 Τοῦτον

423 2759 673 2833 δεύτερον
709 2759 845 2832 μετὰ
875 2759 966 2812 τὸν
997 2759 1222 2832 Πατέρα
1261 2759 1467 2830 Κύριον
1513 2756 1826 2826 σαφέστατα
1845 2758 2012 2810 Maii)-

427 2852 525 2922 σῆς
549 2851 867 2924 ἀναγορεύει
891 2852 1095 2920 λέγων·
1135 2871 1155 2903 ι
1189 2851 1425 2924 ’Ἑϐρεξε
1447 2851 1652 2922 Κύριος
1680 2851 1774 2904 ἐπὶ
1805 2850 2014 2922 Σόδομα

423 2943 519 2997 καὶ
565 2922 816 3015 Γόμορρα
847 2942 988 2996 θεῖον
1021 2944 1112 2996 καὶ
1137 2961 1251 3014 πυρ
1285 2922 1438 3014 παρά
1475 2943 1706 3012 Κυρίου.
1744 2961 1762 2994 ι
1813 2941 2012 2997 Τοῦτον

422 3033 518 3084 καὶ
541 3030 618 3102 τῷ
649 3030 842 3085 Ἰακὼϐ
860 3027 1014 3096 αὖθις
1039 3035 1095 3085 ἐν
1111 3031 1301 3104 ἀνδρὸς
1324 3033 1562 3100 φανέντα
1589 3034 1850 3105 σχήματι,
1877 3033 2010 3087 Θεὸν

418 3123 452 3193 ἡ
490 3121 610 3176 θεία
643 3124 1038 3195 προσαγορεύει
1067 3123 1257 3196 Γραφὴ
1282 3164 1296 3185 ,
1341 3127 1618 3194 φάσκοντα
1661 3123 1740 3195 τῷ
1768 3125 1964 3178 Ἰακώϐ
1989 3142 2004 3156 ·

2122 1932 2176 1987 in
2207 1931 2443 2001 speciem
2478 1929 2715 1984 hominis
2752 1939 3126 1994 convertatur,
3153 1938 3212 1984 et
3240 1945 3503 1998 corporeo
3531 1931 3707 1987 simu-

3240 2031 3350 2075 tum
3419 2033 3480 2076 ut
3540 2037 3700 2078 sacra

2111 2116 2407 2184 .Scriptura
2465 2115 2763 2184 quidquam
2820 2114 3124 2179 huiusmodi
3177 2113 3319 2170 falso
3369 2117 3698 2184 conlingat:

2121 2209 2266 2261 Deus
2309 2209 2398 2262 ille
2431 2217 2486 2262 et
2537 2207 2799 2262 Dominus
2846 2209 2940 2274 qui
2978 2207 3191 2276 judical
3240 2223 3456 2262 onmem
3499 2219 3699 2263 terram

2117 2309 2171 2352 et
2221 2298 2352 2354 facit
2391 2297 2684 2366 judicium.
2722 2298 2825 2351 sub
2878 2298 3118 2352 hominis
3174 2299 3358 2368 specie
3407 2314 3697 2366 apparens.

2119 2391 2370 2461 quisnam
2407 2390 2546 2444 alius
2587 2389 2851 2459 appellari
2899 2390 3074 2457 possit
3117 2390 3599 2459 (quandoquidem
3633 2391 3701 2445 tle

2117 2485 2296 2552 primo
2327 2498 2509 2536 rerum
2539 2484 2784 2537 oumium
2821 2493 3048 2538 auctore
3099 2485 3212 2538 iure
3253 2485 3506 2550 accipere
3546 2485 3700 2539 nefas

2117 2575 2242 2643 est)
2285 2585 2480 2644 prteter
2525 2573 2699 2642 ipsum
2757 2574 2900 2642 quod
2943 2585 3068 2628 ante
3101 2575 3283 2628 omnia
3318 2575 3561 2630 substitit
3602 2575 3695 2634 Dei

2116 2664 2387 2720 Verbum?
2419 2664 2493 2717 De
2518 2679 2625 2733 quo
2657 2665 2822 2718 etiam
2855 2662 2908 2716 in
2941 2663 3171 2717 Psalmis
3219 2664 3422 2717 dicitur
3456 2680 3471 2716 :
3507 2683 3528 2717 ι
3555 2665 3701 2720 Mis't

2120 2759 2354 2812 Verbum
2427 2770 2588 2809 suum
2633 2763 2690 2810 et
2741 2756 2958 2810 sanavit
3011 2771 3106 2810 eos
3141 2796 3156 2816 ,
3209 2766 3263 2808 et
3323 2755 3526 2824 eripuit
3605 2772 3700 2812 eos

2115 2851 2180 2902 de
2223 2849 2666 2918 eorruptionibus
2726 2849 2968 2916 ipsorum
3025 2848 3119 2907 ⁸.»
3183 2848 3338 2903 llunc
3392 2848 3691 2902 secundum

2115 2941 2166 3011 7
2203 2952 2320 3008 ροει.
2340 2939 2556 2996 Patrem
2587 2939 2870 2994 Dominum
2897 2939 3112 3012 Moyses
3135 2941 3424 2996 manifeste
3456 2941 3698 3010 appellat

2112 3050 2233 3089 cum
2271 3032 2384 3086 ait:
2428 3052 2447 3082 4
2483 3031 2631 3085 Pluit
2664 3031 2922 3087 Dominus
2968 3046 3132 3099 super
3163 3031 3456 3084 Sodomam
3491 3042 3545 3084 et
3583 3029 3696 3086 ϐοο-

2115 3141 2349 3179 morram
2389 3124 2618 3194 sulphur
2663 3132 2718 3178 et
2772 3123 2948 3193 ignem
2985 3138 3014 3175 a
3061 3122 3286 3176 Domino
3309 3125 3407 3176 ³⁵.»
3435 3123 3693 3178 Eumdem

424 3231 444 3266 ι
483 3213 682 3268 Οὐκέτι
729 3215 1060 3286 κληθήσεται
1104 3215 1164 3267 τὸ
1217 3215 1390 3287 ὄνομά
1446 3235 1537 3270 σου
1601 3217 1797 3273 Ἰακὼϐ
1821 3257 1836 3281 ,
1888 3219 2002 3273 ἀλλ’

2114 3219 2302 3272 iterum
2338 3219 2439 3272 sub
2466 3217 2702 3272 hominis
2717 3218 2898 3286 specie
2925 3215 3130 3271 Jacobo
3151 3217 3324 3268 visum
3358 3235 3514 3271 saera
3546 3218 3695 3272 Scri-

428 3305 644 3380 Ἶσραὴλ
671 3307 822 3361 ἔσται
843 3309 903 3362 τὸ
920 3307 1088 3379 ὄνομά
1111 3325 1225 3374 σου,
1249 3309 1629 3383 ὃτιὲνίσχυσας
1650 3313 1788 3384 μετὰ
1811 3311 1966 3367 Θεοῦ.
1982 3333 2001 3366 δ

421 3400 549 3456 Ὀτε
579 3401 671 3454 καὶ
715 3401 973 3454 ἐκάλεσεν
1011 3399 1208 3452 Ἰακὼὸ
1249 3401 1310 3454 τὸ
1341 3400 1513 3473 ὄνομα
1539 3403 1633 3456 τοῦ
1665 3403 1831 3457 τύπου
1861 3405 2008 3458 ὲκεί-

417 3507 532 3556 von,
555 3488 729 3556 Εἶδος
755 3491 924 3555 Θεοῦ,
955 3491 1156 3560 λέγων’
1191 3510 1208 3542 ι
1246 3489 1396 3545 Εἶδον
1423 3494 1531 3564 γάρ
1553 3495 1644 3547 τὸν
1675 3495 1808 3548 Θεὸν
1836 3497 2006 3566 πρόσ-

417 3597 564 3634 ωπον
590 3581 726 3652 πρὸς
753 3581 1062 3650 πρόσωπον,
1095 3583 1187 3635 καὶ
1219 3580 1396 3652 ἐσώθη
1429 3585 1462 3652 ἡ
1497 3583 1642 3654 ψυχή
1671 3603 1794 3654 μου.
1835 3605 1854 3636 ι
1893 3587 2002 3638 Καὶ

422 3673 528 3744 μὴν
552 3672 660 3726 οὐδ’
687 3672 1104 3744 ὑποϐεϐηκύτων
1130 3673 1378 3742 ἀγγέλων
1403 3675 1497 3727 καλ⁴
1518 3675 1848 3746 λειτουργῶν
1864 3677 1998 3731 Θεοῦ

417 3763 516 3826 τὰς
557 3763 964 3834 άναγραφείσας
989 3765 1311 3833 θεοφανείας
1339 3767 1587 3818 ὑπονοεῖν
1627 3765 1805 3836 θέμις.
1849 3767 2002 3819 Ἐπει

415 3854 510 3906 καὶ
553 3853 758 3907 τούτων
807 3855 935 3908 ὅταν
979 3873 1064 3919 τις
1099 3855 1405 3928 ἀνθρώποις
1446 3857 1870 3930 παραφαίνηται,
1901 3860 2000 3912 οὐκ

416 3949 814 4021 ἐπικρύπτεται
848 3952 880 4020 ἡ
915 3951 1134 4022 Γραφὴ,
1167 3952 1428 4022 ὀνομαστὶ
1460 3953 1518 4005 οὐ
1554 3951 1707 4014 Θεὸν,
1743 3951 1862 4005 οὐδὲ
1894 3953 2000 4024 μὴν

415 4038 640 4110 Κύριον,
687 4038 800 4092 ἀλλ’
831 4039 1096 4108 ἀγγέλους
1138 4041 1475 4112 χρηματίσαι
1505 4041 1758 4110 λέγουσα,
1789 4041 1866 4106 ὡς
1911 4040 2000 4096 διά

413 4131 619 4203 κυρίων
665 4132 978 4204 μαρτυριῶν
1011 4133 1384 4186 πιστώσασθαι
1434 4135 1634 4203 ῥᾴδιον.
1669 4135 1871 4190 Τοῦτον
1903 4135 1998 4190 καὶ

412 4223 692 4288 Μωῦσέως
737 4224 975 4296 διάδοχος
1015 4225 1240 4296 Ἰησοῦς,
1271 4225 1348 4290 ὡς
1375 4225 1440 4280 ἂν
1461 4226 1570 4280 τῶν
1597 4225 1862 4299 οὐρανίων
1891 4229 1997 4298 ἀγυ-

484 4343 506 4375 υ
531 4341 670 4396 ΡςιιΙ.
709 4357 819 4398 cvt.
893 4342 939 4375 ⁸·
965 4335 1102 4399 Gen.
1137 4360 1253 4400 xix.
1329 4343 1352 4378 ⁸
1379 4343 1517 4400 Gen.
1553 4361 1642 4401 xv.

2111 3323 2268 3381 ptura
2309 3311 2474 3364 Deum
2525 3309 2801 3372 nominat,
2847 3312 2937 3378 qui
2978 3309 3056 3363 sic
3108 3308 3372 3363 Iacobum
3423 3311 3692 3366 allocutus

2107 3411 2192 3457 est
2225 3420 2240 3460 :
2275 3420 2295 3454 ι
2337 3400 2450 3454 Non
2487 3400 2720 3470 amplius
2763 3401 3048 3454 vocabitur
3076 3417 3270 3455 nomen
3320 3411 3467 3455 tumn
3502 3401 3694 3468 Jacob,

2107 3495 2202 3547 sed
2256 3493 2421 3548 lsrael
2475 3493 2582 3546 erit
2617 3506 2813 3546 nomen
2858 3503 3046 3558 tuum,
3083 3495 3208 3562 quia
3243 3493 3518 3550 iuvaluisti
3568 3511 3694 3550 cun:

2109 3588 2214 3641 Deo
2245 3589 2286 3639 ⁸.
2322 3605 2341 3636 ι
2379 3585 2527 3642 Unde
2549 3593 2604 3640 et
2627 3584 2860 3640 Jacobus
2893 3585 3066 3641 locum
3100 3587 3244 3641 illum
3275 3589 3491 3642 vocavit
3526 3587 3696 3644 Visio-

2108 3694 2220 3730 nem
2249 3677 2368 3731 Dei.
2401 3697 2419 3729 ι
2461 3677 2577 3732 Vidi
2601 3677 2770 3739 enim,
2798 3677 3179 3746 inquit,Deum
3212 3678 3350 3733 facie
3379 3680 3446 3734 ad
3477 3678 3693 3742 faciem.

2106 3779 2160 3821 et
2189 3769 2336 3822 salva
2365 3767 2504 3822 facta
2537 3779 2621 3822 est
2651 3770 2832 3822 anima
2866 3785 3005 3824 mea.
3042 3789 3060 3820 ι
3093 3769 3253 3825 Nefas
3286 3786 3448 3838 porro
3473 3783 3559 3826 est
3593 3771 3697 3826 hu-

2102 3859 2342 3927 jusmodi
2383 3861 2476 3913 Dei
2538 3861 2774 3914 visiones
2807 3877 2930 3932 qua:
2991 3865 3164 3917 sacris
3211 3865 3404 3918 litteris
3463 3865 3698 3934 prodita:

2107 3961 2253 4016 sunt,
2287 3952 2664 4007 ministrorum
2696 3954 2786 4007 Dei
2820 3965 2875 4008 et
2913 3955 3226 4024 angelorum
3252 3956 3489 4011 visiones
3525 3955 3700 4011 fuisse

2107 4044 2396 4114 suspicari.
2431 4046 2641 4099 Etenim
2669 4046 2888 4115 quoties
2935 4049 3249 4118 angelorum
3287 4049 3484 4117 aliquis
3515 4049 3694 4104 homi-

2104 4134 2266 4191 nibus
2314 4137 2598 4207 apparuit,
2653 4155 3000 4209 nequaquam
3064 4141 3114 4196 id
3171 4141 3477 4197 dissimulat
3533 4156 3694 4198 sacra

2104 4227 2420 4300 Scriptura;
2445 4231 2539 4286 sed
2560 4232 2878 4287 nominatim
2895 4234 3166 4305 angelum,
3187 4250 3292 4289 non
3316 4247 3496 4290 autem
3523 4235 3693 4290 Deum

487 4456 602 4544 (επὶ
647 4457 936 4544 Καραροῖς
991 4458 1262 4542 διανοίας
1286 4459 1547 4544 ..ὄμμασι
1589 4460 2003 4544 ’,φαντασθέντ

2114 4463 2303 4544 postri.
2327 4463 2552 4544 elegans
2576 4463 2822 4544 profecto
2855 4473 3019 4544 atque
3043 4465 3330 4544 eximium,
3377 4466 3582 4523 additis
3627 4474 3688 4524 et

413 4546 531 4592 τες.
566 4527 701 4580 Rob.
741 4529 1050 4594 Stephanus
1083 4530 1134 4582 in
1183 4530 1349 4584 variis
1385 4527 1710 4584 lentionihos
1741 4547 1880 4598 quas
1927 4533 1994 4585 ad

415 4600 620 4671 calcem
656 4613 766 4671 suae
790 4600 1048 4652 editionis
1073 4599 1291 4667 adjecit,
1321 4609 1476 4654 notat
1505 4601 1645 4655 alias
1681 4601 1785 4670 legi
1837 4617 1996 4671 (part:-

414 4667 650 4730 σθέντες.
685 4667 856 4734 Quam
885 4679 1063 4721 tamen
1100 4671 1427 4736 scripturam
1465 4671 1516 4722 in
1564 4667 1765 4726 nostris
1790 4667 1990 4725 codici-

414 4737 514 4792 bus
549 4755 652 4808 non
686 4739 1006 4806 reperimus.
1041 4739 1142 4790 nisi
1177 4740 1316 4808 quod
1345 4739 1611 4793 Henricus
1667 4740 1904 4794 Savilius
1929 4743 1993 4793 ad

414 4823 565 4878 oram
595 4807 712 4858 libri
751 4809 833 4860 sui
889 4807 1206 4862 emendavit
1243 4808 1627 4878 φωτισθέντες·
1695 4822 1876 4864 utrum
1926 4829 1992 4866 ex

415 4877 751 4941 conjectura.
781 4894 848 4930 an
884 4893 948 4931 ex
983 4881 1086 4930 lide
1137 4881 1488 4948 manuscripti
1519 4881 1868 4944 exemplaris.
1909 4883 1994 4934 iu-

414 4959 646 5000 certum.
708 4947 1244 5014 Christophorsonus
1297 4947 1478 5002 Ianum
1527 4965 1646 5004 eam
1709 4951 1991 5004 lectionem

415 5026 635 5088 secutus
667 5028 853 5088 e~t._ut
877 5033 939 5071 ex
973 5019 1425 5084 interpretatione
1463 5018 1578 5086 ejus
1604 5020 1994 5088 apparethr—

417 5087 485 5160 tit
516 5085 710 5160 attint:
739 5085 905 5160 Paro
951 5091 1255 5160 sinceraque
1295 5085 1500 5142 metuis
1535 5101 1581 5142 et
1629 5085 1994 5160 intelligentia:

413 5157 612 5208 (iturine
637 5155 914 5225 illustrali.
942 5155 1382 5222 Quantn'rectitts
1435 5159 1705 5214 MIISCIIIIIS
1727 5201 1742 5223 ,
1795 5155 1884 5225 qui
1915 5161 1993 5215 sic

413 5229 577 5279 vertit
630 5245 643 5276 :
699 5224 1012 5286 Remtrqnt-is
1064 5231 1250 5281 memis
1317 5231 1487 5282 oculis
1555 5231 1988 5296 contemplantes.

413 5297 572 5370 per-te
596 5296 963 5370 φαντάζεσθαι
991 5298 1232 5370 idemcst
1261 5315 1322 5352 ac
1349 5302 1651 5353 κατανοεῖν.
1697 5301 1787 5354 Sic
1831 5300 1994 5354 Euse—

417 5366 612 5419 Itin'sin
645 5367 1064 5437 libro‘rwbeeim
1115 5367 1474 5429 Constantini,
1525 5388 1629 5420 non
1681 5374 1869 5437 procul
1921 5372 1990 5420 ab

415 5437 572 5511 initio
597 5453 610 5489 :
637 5435 923 5511 κάνταῦθα
944 5437 1040 5507 τὴν
1064 5454 1338 5511 τρισμακα
1350 5439 1468 5509 ρίαν
1490 5439 1664 5510 ψυχὴν
1684 5435 1838 5511 αὐτῷ
1872 5439 1992 5510 Θεῷ

415 5454 570 5488 mtuo
597 5454 610 5489 :
637 5454 923 5490 κανταυυα
944 5454 1040 5507 την
1064 5454 1094 5489 τ
1137 5455 1468 5509 ισμακαριαν
1490 5454 1664 5510 ψυχην
1691 5454 1838 5511 αοτῳ
1872 5454 1992 5510 erat?

414 5505 685 5579 συνοῦσαν
704 5507 1057 5574 φαντάζεται.
1083 5454 1195 5572 (Sua
1207 5525 1262 5561 re
1288 5511 1336 5579 io
1367 5511 1466 5562 bne
1498 5512 1616 5562 loco
1659 5511 1993 5579 φαντασθέν-

409 5591 502 5639 τες
517 5577 719 5648 Art-fern
747 5579 910 5648 debet
938 5581 1005 5629 ad
1035 5593 1222 5631 vocem
1247 5578 1435 5632 τοῦτον
1459 5595 1580 5646 qua:
1603 5577 1758 5634 initio
1784 5580 1988 5648 periodi

413 5646 589 5720 posita
616 5645 918 5720 est._lforro
947 5649 1177 5720 verbum
1198 5649 1298 5720 hoc
1349 5645 1764 5720 φαντασθέντες
1786 5645 1992 5720 legitur

411 5718 575 5768 etiam
605 5718 744 5784 apud
769 5717 1140 5780 Nicephorqu
1167 5719 1219 5771 in
1248 5718 1340 5771 lib.
1365 5717 1380 5770 ι
1412 5719 1668 5772 Historia:
1721 5717 1992 5773 Ecrl'esia-

414 5787 580 5853 etiam,
605 5801 726 5857 cap.
750 5787 806 5855 2,
837 5787 927 5858 qui
973 5788 1074 5843 hoc
1122 5789 1444 5858 principium
1471 5787 1726 5845 ﬂium-ire
1769 5789 1987 5846 Eusebii

2107 4533 2448 4591 iuterpolatis
2475 4535 2658 4586 verbis
2681 4537 3006 4602 quibusdam
3031 4536 3373 4602 eoumilavit.

2175 4604 2288 4669 (‘27)
2314 4603 2689 4674 mamma;
2713 4603 2838 4670 τοῖς
2863 4604 3015 4658 πᾶσι
3038 4603 3150 4671 τῆς
3178 4606 3477 4674 Πατρικῆς
3523 4607 3692 4662 καθί-

2103 4686 2316 4726 σταται
2343 4673 2638 4742 τ-νώσεως.
2667 4678 2738 4727 lta
2765 4675 2984 4744 quidem
3012 4675 3064 4728 in
3096 4676 3228 4744 Reg.
3255 4673 3445 4730 codice
3485 4676 3688 4744 legitur

2102 4753 2155 4814 et
2180 4744 2232 4795 in
2261 4745 2534 4814 veteribus
2558 4746 2794 4807 schedis,
2829 4747 2920 4798 sed
2949 4745 3002 4797 in
3031 4747 3257 4814 optimis
3281 4747 3690 4813 cxcniplaribus

2103 4811 2242 4865 Maz.
2287 4813 2496 4866 scilicet
2549 4829 2612 4864 ac.
2659 4814 2798 4867 Med.
2844 4811 3106 4868 Seriliitur
3150 4811 3464 4870 καθίστατο.
3513 4817 3689 4884 Quam

2103 4884 2428 4954 scripturam
2459 4885 2711 4951 equidem
2741 4886 2913 4951 magis
2939 4887 3128 4952 probo,
3157 4888 3358 4954 quippe
3385 4903 3506 4954 qua:
3555 4903 3682 4942 cum

2101 4953 2462 5020 sequentibus
2487 4955 2706 5008 Eusebii
2734 4957 2915 5007 verbis
2943 4958 3120 5022 aptius
3145 4953 3432 5009 colum-real.
3463 4959 3516 5010 lu
3547 4957 3684 5016 Fuit.

2101 5037 2165 5073 ac
2185 5023 2468 5096 §avi_liano
2500 5039 2597 5091 pro
2621 5026 2786 5096 verbo
2809 5024 3134 5080 καθίσταται
3158 5026 3355 5094 legitur
3379 5027 3588 5096 γέγονε.

2173 5092 2284 5164 (23)
2311 5087 2530 5162 ’Ὦςεθαί
2557 5095 2726 5162 γοῦν.
2756 5094 2846 5148 Sic
2881 5097 3050 5148 nostri
3069 5087 3288 5150 codices
3329 5087 3488 5159 ιιεὶιί,
3517 5099 3682 5164 5|ed.,

2099 5160 2240 5238 Fttk.
2269 5160 2534 5238 «ξι-διωξίΗί
2562 5160 2825 5238 Scriptum
2853 5167 3074 5238 habent.
3105 5167 3177 5220 lla
3225 5183 3441 5236 quoque
3485 5160 3691 5238 legitur

2099 5235 2236 5298 apud
2285 5233 2670 5306 bicephorum.
2700 5234 2870 5288 Porro
2897 5236 2963 5287 ah
2991 5235 3074 5306 his
3101 5233 3284 5290 verbis
3329 5233 3448 5306 cap.
3473 5239 3507 5291 ε
3534 5233 3688 5292 ὀιύὶ-

2103 5312 2268 5373 untur
2312 5303 2472 5356 iidem
2505 5307 2740 5368 codices,
2771 5307 2969 5373 quilms
3015 5305 3237 5360 [iubet-ti
3279 5303 3538 5373 Stephani
3566 5309 3684 5362 edi-

2099 5371 2176 5445 tio
2198 5374 2490 5445 consentit.
2539 5375 2642 5426 Sed
2700 5371 2824 5437 nos,
2872 5371 3427 5445 Christopltorsonnin
3481 5381 3678 5442 secuti,

2099 5441 2259 5517 aliter
2291 5443 2468 5517 capita
2501 5445 2869 5510 «ILstinximus,
2897 5447 3054 5516 cujus
3081 5441 3153 5500 rei
3173 5449 3285 5516 jam
3311 5449 3560 5517 Superius
3588 5441 3682 5502 ra;

2105 5513 2181 5564 tio
2211 5513 2418 5566 reddita
2445 5523 2550 5566 est.

2170 5581 2550 5660 (9.9)_0_1’10'lm_r
2578 5584 2749 5660 Θεοῦ.
2777 5585 2886 5660 l-loc
2905 5586 3030 5660 loco
3051 5586 3241 5660 οὐσίαν
3266 5587 3431 5660 sumit
3451 5601 3548 5654 pro
3585 5587 3678 5660 hy-

2097 5653 2326 5720 postasi.
2355 5653 2427 5705 Ita
2454 5655 2599 5707 enim
2649 5656 2792 5721 loqui
2837 5657 3084 5710 solebant
3132 5653 3487 5710 ecclesiastiei
3539 5653 3669 5712 ειεξι-

2099 5733 2283 5794 ptores
2310 5733 2436 5794 ante
2459 5723 2720 5794 synodo-nt
2766 5725 3059 5793 Nicaeuam,
3087 5735 3145 5780 ut
3169 5729 3325 5782 docet
3349 5724 3575 5784 Photius
3619 5729 3682 5783 in

2103 5789 2453 5858 Bibliotheca,
2483 5789 2601 5864 cap.
2633 5794 2756 5850 H9.
