4154 6438
421 367 491 423 65
1454 363 1806 420 HISTORIE
1844 361 1998 417 ECCI

2103 362 2402 418 usuum
2438 362 2570 418 LlB.
2610 362 2654 421 ι.
3238 336 3241 339 ’
3614 366 3687 427 66

420 501 516 547 νας
547 484 641 536 καὶ
668 481 908 554 σύμϐολα
943 482 1212 536 σασόάτου
1251 483 1396 547 τινος
1427 481 1689 553 μυστικοῦ
1719 483 1815 536 καὶ
1846 499 1998 553 περι-

2103 484 2168 534 ab
2216 483 2454 551 antiquis
2506 481 2614 536 illis
2649 481 2892 537 Hebraais
2926 483 3193 553 originem
3229 486 3471 553 ducens,
3500 486 3690 542 divino

417 576 609 645 τομῆς,
648 575 848 645 ἐτέρων
874 592 931 627 τε
977 574 1182 645 νοητῶν
1213 574 1582 645 θεωρημάτων
1617 574 1726 646 (45)
1772 577 2001 641 εἰσαγω-

416 664 542 733 γὰς,
571 663 682 717 ἀλλ’
727 665 825 717 οὐκ
854 664 1020 728 αὑτὰς
1057 667 1306 737 ἐναργεῖς
1348 666 1635 736 παρεδίδου
1662 665 1761 730 τὰς
1795 683 2002 736 μυσταο

417 757 645 826 γωγίας.
693 757 779 820 Ὠς
806 757 862 809 δὲ
894 758 993 827 τῆς
1027 758 1177 828 παρά
1202 757 1410 821 τούτοις
1438 757 1759 827 νομοθεσίας
1796 758 2002 828 βοωμέ-

419 866 537 919 νης,
571 851 663 902 καὶ
692 850 861 918 πνοῆς
887 849 1041 919 δίκην
1060 849 1288 913 εὐώδους
1312 853 1390 914 εἰς
1418 851 1662 914 ἅπαντας
1682 851 2000 924 ἀνθρώπους

419 939 804 1011 διαδιδομένης,
829 941 929 1012 ἤδη
962 940 1086 994 τότε
1112 940 1169 1007 ἐξ
1193 941 1368 994 αὐτῶν
1399 943 1495 996 καὶ
1525 947 1637 1007 τοῖς
1663 944 1870 998 πλείοσι
1892 945 1999 998 τῶν

420 1032 589 1085 ἐθνῶν
620 1033 706 1086 διὰ
748 1032 856 1085 τῶν
900 1034 1202 1104 πανταχόσε
1230 1034 1533 1105 νομοθετῶν
1572 1054 1632 1089 τε
1666 1038 1759 1093 καὶ
1787 1039 1999 1108 φιλοσό-

420 1141 535 1193 φων
576 1126 905 1196 ἡμερώτατα
953 1128 1274 1197 φρονήματα
1319 1127 1461 1199 (ﬂ),
1513 1130 1613 1200 τῆς
1664 1132 1862 1202 ἀγρίας
1905 1132 2000 1185 καὶ

419 1215 661 1285 ἀπηνοῦς
691 1216 982 1288 θηριώδεας
1006 1217 1098 1271 ἐπὶ
1125 1218 1185 1271 τὸ
1206 1221 1378 1290 πρᾶον
1402 1221 1702 1294 μεταϐεϐλη
1715 1224 1899 1294 μένης,
1924 1225 2000 1287 ὡς

420 1311 514 1365 καὶ
540 1311 757 1381 εἰρήνην
789 1310 1007 1380 βαθεῖαν
1039 1311 1220 1381 φιλίας
1242 1330 1301 1365 τε
1324 1314 1419 1366 καὶ
1445 1316 1725 1384 ἐπιμιξίας
1750 1316 1886 1387 πρὸς
1908 1318 1999 1371 άλ-

419 1402 612 1477 λήλους
645 1406 787 1478 ἔχειν
812 1425 825 1439 ·
875 1409 1173 1479 τηνικαῦτα
1205 1412 1339 1462 πᾶσι
1370 1409 1432 1479 δὴ
1479 1409 1662 1462 λοιπὸν
1693 1409 1998 1480 ἀνθρώποις

420 1496 648 1560 καὶτοῖς
677 1496 779 1550 ἀνὰ
813 1498 909 1567 τὴν
938 1498 1261 1568 οἰκουμένην
1296 1499 1522 1563 ἔθνεσιν,
1552 1501 1627 1562 ὡς
1650 1498 1715 1552 ἂν
1747 1517 1999 1570 προωφε-

419 1588 671 1659 λημὲνοις
693 1592 786 1643 καὶ
807 1591 905 1661 ἤδη
936 1593 1289 1662 τυγχάνουσιν
1319 1592 1644 1663 ἐπιτηδείοις
1667 1592 1803 1663 πρὸς
1829 1610 2002 1663 παρα-

421 1678 582 1749 δοχὴν
609 1680 708 1750 τῆς
746 1679 839 1733 τοῦ
890 1683 1102 1754 Πατρὸς
1149 1682 1421 1747 γνώσεως,
1463 1685 1492 1736 ό
1531 1683 1692 1747 αὐτὸς
1735 1684 1798 1755 δὴ
1838 1685 1997 1740 πάλιν

420 1769 628 1834 ἐκεῖνος
667 1772 695 1825 ὁ
732 1770 841 1825 τῶν
887 1773 1095 1844 ἀρετῶν
1136 1773 1452 1837 διδάσκαλος
1478 1774 1590 1845 (45)
1617 1815 1631 1838 ,
1667 1776 1695 1827 ό
1740 1777 1797 1828 ὲν
1832 1778 1998 1829 πᾶσιν

420 1860 643 1929 ἀγαθοῖς
668 1861 761 1914 τοῦ
787 1863 1001 1936 Πατρδς
1034 1864 1334 1933 ὑπουργὸς,
1361 1865 1390 1917 ό
1434 1863 1576 1927 θεῖος
1626 1865 1721 1918 καὶ
1752 1865 2000 1936 οὐράνιος

421 1952 515 2005 τοῦ
546 1952 676 2005 Θεοῦ
713 1953 916 2022 Λόγος,
959 1954 1025 2007 δι’
1054 1952 1340 2025 ἀνθρώπου
1385 1953 1527 2008 κατὰ
1558 1956 1723 2025 μηδὲν
1751 1954 2002 2026 σώματος

419 2044 576 2115 οὐσίᾳ
601 2045 701 2115 τὴν
728 2045 1000 2116 ἡμετέραν
1032 2045 1192 2115 φύσιν
1236 2045 1661 2109 διαλλάττοντος,
1694 2046 2001 2117 ἀρχομένης

419 2136 520 2207 τῆς
550 2137 833 2206 Ῥωμαίων
862 2135 1133 2206 βασιλείας
1164 2138 1463 2204 ἐπιφανεὶς,
1483 2136 1705 2189 τοιαῦτα
1730 2136 1922 2207 ἔδρασέ
1941 2154 2000 2189 τε

420 2226 517 2279 καὶ
564 2227 861 2291 πέπονθεν,
907 2223 994 2281 οἷα
1045 2230 1166 2291 ταῖς
1207 2226 1565 2299 προφητείαις
1607 2228 1874 2282 ἀκόλουθα
1908 2225 1999 2300 ἦν,

420 2318 705 2390 ἄνθρωπον
727 2318 863 2390 ὁμόῦ
897 2320 990 2373 καὶ
1015 2320 1145 2373 Θεὸν
1174 2320 1532 2391 ἐπιδημήσειν
1563 2319 1640 2391 τῷ
1681 2320 1781 2391 βίῳ
1821 2339 2000 2392 παραο

419 2410 584 2475 δόξων
611 2410 787 2483 ἔργων
820 2413 1069 2484 ποιητὴν,
1105 2412 1199 2467 καὶ
1240 2415 1372 2466 πᾶσι
1398 2416 1513 2476 τοῖς
1539 2413 1716 2467 ἔθνεσι
1741 2414 2000 2468 διδάσκα-

419 2501 509 2555 λον
539 2502 640 2571 τῆς
666 2503 762 2555 τοῦ
786 2503 998 2575 Πατρός
1021 2503 1302 2568 εὐσεϐείας
1324 2504 1828 2575 ἀναδειχθήσεσθαι,
1855 2504 1917 2557 τό
1941 2523 2001 2559 τε

420 2591 719 2663 παράδοξον
748 2593 911 2647 αὐτοῦ
951 2595 1050 2665 τῆς
1081 2594 1348 2662 γενέσεως
1371 2595 1466 2648 καὶ
1509 2595 1607 2666 τὴν
1637 2596 1828 2666 καινὴν
1862 2596 2004 2649 διδα-

423 2683 669 2744 σκαλίαν,
705 2684 923 2739 καὶτῶν
953 2684 1127 2755 ἔργων
1168 2686 1238 2740 τὰ
1280 2685 1556 2755 θαύματα,
1589 2686 1681 2740 ἐπί
1720 2704 1777 2739 τε
1793 2687 2003 2751 τούτοις

417 2773 512 2828 τοῦ
543 2774 773 2830 θανάτου
802 2776 891 2829 τδν
915 2777 1135 2848 τρόπον,
1156 2780 1254 2849 τήν
1278 2795 1335 2830 τε
1365 2779 1429 2831 ὲκ
1448 2778 1658 2850 νεκρῶν
1683 2777 2000 2843 ἀνάστασιν,

422 2869 515 2922 διαὶ
542 2867 636 2921 ἐπὶ
663 2870 827 2922 πᾶσιν
856 2869 955 2940 τὴν
994 2871 1074 2933 είς
1099 2869 1357 2941 οὐρανοὺς
1391 2868 1570 2923 ἔνθεον
1616 2870 2003 2926 ἀποκατάστα-

421 2976 505 3013 σιν
534 2961 696 3014 αὐτοῦ
745 2960 1265 3033 προκηρυττούσαις.
1299 2962 1410 3033 Τὴν
1442 2961 1573 3030 γοῦν
1607 2963 1701 3017 ἐπὶ
1734 2963 1878 3017 τέλει
1909 2964 2004 3035 βα-

421 3050 628 3105 σιλείαν
657 3052 822 3106 αὐτοῦ
851 3053 1046 3125 Δανιὴλ
1066 3055 1095 3107 ὁ
1123 3054 1409 3125 προφήτης
1436 3053 1566 3124 θείῳ
1582 3053 1862 3127 Πνεύματι
1885 3073 2005 3109 συν-

419 3142 584 3215 ορῶν,
628 3137 732 3197 ὧδέ
760 3162 834 3215 πη
858 3145 1217 3218 ὲθεοφορεῖτο,
1244 3145 1726 3218 ἀνθρωπινώτερον
1757 3146 1859 3219 τὴν
1880 3145 2002 3241 θεοί
2027 3183 2071 3241 c

420 3236 583 3290 πτίαν
633 3236 984 3309 ὑπογράφων·
1026 3256 1045 3289 ι
1067 3237 1365 3309 Ἐθεώρουν
1396 3238 1536 3311 γὰρ,
1568 3240 1753 3310 φησὶν,
1800 3239 1905 3305 ἕως
1937 3232 2000 3294 οὗ

421 3325 599 3398 θρόνοι
630 3327 891 3399 ἐτέθησαν
912 3366 926 3392 ,
964 3327 1060 3381 καὶ
1089 3328 1325 3390 Παλαιὸς
1351 3328 1576 3401 ἡμερῶν
1607 3328 1862 3400 ἐκάθητο.
1890 3332 2001 3383 Καὶ

421 3416 482 3471 τὸ
508 3416 711 3490 ἔνδυμα
735 3417 898 3472 αὑτοῦ
945 3417 1136 3471 λευκὸν
1178 3417 1310 3472 ὡσεὶ
1346 3417 1501 3491 χιὼν,
1548 3418 1645 3473 καί⁵
1697 3421 1732 3492 ἡ
1755 3419 1880 3492 θρὶξ
1901 3421 2000 3491 τῆς

477 3514 500 3546 ⁸
522 3512 654 3580 Cap.
690 3527 783 3566 ru.

421 3624 476 3678 in
511 3623 788 3695 mollitiem
821 3621 952 3677 labi.
991 3620 1612 3695 Unde_éx§a6tnmpévog
1643 3623 1754 3695 βίος
1783 3624 2001 3695 estvita

421 3694 602 3747 mollis
637 3708 700 3745 ac
742 3696 954 3754 soluta;
992 3692 1372 3763 translatione"
1406 3696 1474 3747 ab
1511 3692 2002 3763 inteiiiperautibus

420 3763 756 3825 hominilms,
790 3762 1118 3832 quirnullam
1155 3762 1209 3815 in
1267 3762 1389 3816 cibo
1440 3777 1505 3832 ac
1540 3762 1755 3831 potu’et
1789 3764 1840 3817 in
1891 3772 2003 3820 toto

423 3848 621 3899 genere
648 3831 862 3885 vivendi
893 3831 1063 3900 legem
1094 3832 1404 3886 observant.
1432 3831 1573 3902 Quae
1601 3848 1703 3887 vox
1742 3833 1999 3902 frequen-

424 3912 506 3958 ter
527 3904 766 3956 occurrit
798 3904 847 3954 in
882 3902 1034 3956 libris
1063 3903 1242 3955 Dionis
1270 3901 1464 3955 Cassii.

493 3972 607 4041 (45)
636 3970 1311 4043 Νοητῶννθεωρημάτωιξ
1333 3972 1423 4025 Sic
1449 3988 1511 4043 ex
1543 3973 1729 4027 codice
1751 3973 1920 4043 Regio
1943 3984 1999 4029 et

422 4039 798 4111 ex‘veteribus
828 4042 1046 4097 schedis
1078 4039 1248 4111 edidit
1280 4039 1418 4096 Rob.
1450 4041 1776 4110 Stephanus.
1810 4039 1916 4098 Sed
1942 4045 1993 4098 in

420 4113 648 4177 reliquis
678 4110 1097 4179 exetnplaribus,
1122 4110 1258 4164 Maz.
1312 4112 1542 4177 scilicet,
1576 4112 1741 4174 Med..
1772 4114 1904 4168 Fuk.
1942 4125 1996 4168 et

424 4183 596 4238 Savil.
633 4184 892 4249 scriptum
926 4181 1440 4254 inveni,pucttxc'bv
1474 4181 1867 4254 θεωρημάτων.
1896 4183 1992 4237 Ni-

424 4255 690 4321 cephorus
730 4267 857 4324 vero
890 4268 986 4319 pro
1028 4251 1323 4324 hishabet,
1367 4251 1992 4324 θειοτέρωννοημάτων.

425 4320 503 4377 Es
531 4337 637 4390 quo
669 4321 939 4390 conjicere
969 4331 1051 4375 est
1087 4320 1452 4386 Nicephorum
1484 4320 1997 4390 vulgatam'lectio-

426 4408 547 4446 nem
584 4393 635 4445 in
671 4406 769 4445 suo
795 4392 984 4445 codice
1029 4392 1336 4460 reperisse;
1371 4408 1600 4460 cumque
1643 4409 1764 4447 eam
1816 4395 1998 4449 minus

426 4465 718 4527 probaret,
767 4460 881 4530 ejus
934 4462 1048 4516 loco
1090 4463 1232 4516 hanc
1284 4478 1449 4531 quam
1502 4463 1738 4518 diximus
1797 4465 1999 4519 substi-

427 4535 613 4587 tuisse.

495 4604 607 4671 (44)
664 4601 1026 4671 Ἠμερώτατα
1065 4599 1431 4670 φρονήματα.
1466 4601 1622 4657 nunc
1656 4601 1832 4657 locum
1888 4618 1995 4658 non

427 4672 814 4726 intellexerunt
858 4674 1210 4738 interpretes,
1269 4681 1328 4725 ut
1382 4688 1447 4725 ex
1503 4672 1754 4726 versione
1803 4688 1994 4728 eorum

426 4751 684 4812 apparet;
731 4758 853 4795 nam
882 4757 1069 4812 vocem
1100 4742 1421 4812 φρονήματα
1450 4742 1762 4797 retulerunt
1787 4743 1853 4795 ad
1906 4760 1996 4796 νο-

429 4810 814 4881 μοθετῶνᾲκα).
843 4810 1167 4880 φιλοσόφων.
1209 4810 1741 4876 Cbristophorsonus
1777 4813 1993 4879 quidem

429 4878 590 4934 vertit
624 4898 636 4933 :
669 4878 901 4951 Cumque
936 4878 1145 4950 propter
1185 4882 1637 4935 utausuetissimas
1678 4878 1996 4949 legumlato-

429 4967 544 5002 rum
573 4961 618 5003 et
658 4950 1088 5020 philosophorum
1110 4961 1182 5004 tot
1217 4951 1408 5017 ubique
1430 4951 1892 5004 conmtentationes
1933 4969 1995 5004 ac

425 5030 709 5088 prwcepta,
764 5032 849 5074 etc
925 5022 1195 5073 Masculus
1254 5035 1404 5083 vero,
1458 5034 1550 5088 per
1606 5021 1992 5084 placidissimo;

424 5106 607 5142 eorum
647 5091 736 5157 qui
794 5092 983 5157 ubique
1012 5091 1146 5161 leges
1179 5090 1415 5161 ferebant
1462 5098 1532 5161 et
1565 5089 1991 5161 philosophorum

425 5176 629 5221 sensus,
663 5172 767 5215 etc.
809 5161 969 5228 Atqui
999 5159 1155 5228 longe
1186 5161 1288 5213 alia
1313 5159 1533 5214 Eusvbii
1565 5176 1715 5214 tuens
1740 5168 1843 5213 est.
1884 5160 1991 5213 Ne-

426 5244 532 5297 quc
566 5233 709 5283 enim
763 5240 973 5283 tantum
1014 5231 1204 5284 tribuit
1259 5229 1701 5296 legumlatorihus
1747 5229 1992 5298 philoso-

428 5300 654 5367 phisque
683 5299 983 5368 gentilium,
1022 5309 1080 5352 ut
1114 5300 1289 5369 prisca
1336 5301 1422 5353 illa
1453 5300 1760 5354 murtalium
1804 5298 1994 5355 fcritas

426 5380 588 5436 atque
624 5370 929 5423 immanitas
968 5372 1254 5439 praeceptis
1287 5370 1501 5423 illorum
1535 5380 1697 5434 atque
1730 5370 1992 5423 institutis

427 5440 680 5507 paulatim
731 5441 796 5492 ad
833 5440 1208 5494 luunaniorem
1240 5440 1441 5495 cultum
1471 5449 1719 5493 revocata
1751 5439 1861 5505 sit;
1897 5441 1990 5493 sed

428 5510 585 5573 hujus
613 5508 691 5562 rei
721 5524 938 5562 causam
973 5509 1185 5565 confert
1215 5510 1268 5563 in
1318 5509 1490 5579 legem
1520 5508 1834 5571 Mosaicam,
1871 5526 1990 5576 qua:

426 5594 546 5630 cum
599 5580 853 5633 universo
886 5590 1151 5635 terrarum
1182 5579 1301 5635 orbi
1352 5580 1696 5642 innotuisset,
1745 5581 1986 5632 omniain

428 5649 702 5719 hominum
735 5665 911 5703 mores
940 5653 1154 5704 tandem
1190 5647 1566 5703 mansuefecit.
1596 5647 1803 5702 Etenim
1829 5650 1989 5719 legis-

426 5717 626 5772 latores
670 5734 734 5774 ac
767 5721 1065 5789 philosophi
1104 5720 1411 5790 gentilium,
1447 5734 1570 5773 cum
1597 5720 1800 5786 optima
1840 5717 1990 5787 quae-

424 5803 529 5858 que
559 5802 828 5860 praecepta
854 5804 922 5846 ex
948 5791 1089 5848 illius
1113 5789 1254 5863 legis
1278 5789 1516 5845 fontibus
1565 5790 1897 5852 hausissent.
1923 5805 1984 5845 ea

2107 572 2274 626 cultui
2319 574 2496 627 dedita
2530 583 2714 641 esset;
2753 585 3006 644 tanquam
3062 575 3390 629 multitudini
3444 578 3687 645 priorum

2107 665 2288 717 adhuc
2322 664 2695 719 institutorum
2746 666 2867 720 labe
2914 676 3205 734 corruptas,
3231 682 3327 734 per
3372 669 3689 736 prophetam

2106 753 2330 826 Moysen
2365 756 2629 825 imagines
2663 766 2719 811 et
2749 756 2905 826 signa
2934 758 3118 810 arcani
3157 758 3433 824 cujusdam
3480 761 3689 814 Sabbati

2106 860 2161 904 et
2221 850 2675 914 circumcisionis,
2708 848 3049 920 aliorumque
3078 853 3442 920 Spiritualium
3488 870 3692 922 praece-

2108 949 2323 1009 ptorum
2352 941 2739 1003 institutiones,
2784 942 2877 995 sed
2909 957 3017 995 non
3050 943 3219 1011 ipsam
3251 959 3536 999 sacrorum
3578 962 3692 997 ina-

2107 1030 2358 1086 nifcstam
2386 1032 2651 1085 visionem
2689 1032 2794 1086 illis
2839 1034 3077 1087 tradidit.
3117 1033 3352 1088 Taulcm
3403 1050 3532 1089 vero
3590 1024 3693 1089 lle-

2104 1125 2378 1180 brmorum
2412 1124 2528 1194 lege
2558 1126 2699 1193 apud
2724 1141 2915 1181 omnes
2941 1128 3234 1195 divulgata.
3267 1139 3319 1181 et
3365 1130 3534 1181 instar
3567 1144 3695 1183 sua-

2105 1217 2312 1271 vissimi
2373 1218 2560 1272 odoris
2595 1234 2692 1286 per
2746 1218 3031 1272 universas
3080 1230 3267 1288 gentes
3300 1220 3409 1274 late
3448 1219 3639 1273 dill'usa
3671 1234 3689 1273 :

2105 1323 2227 1361 cum
2278 1322 2344 1361 ex
2399 1309 2485 1361 illa
2550 1309 2823 1378 pleneque
2865 1312 3116 1363 nationes
3162 1311 3574 1379 lcgumlatorum
3628 1326 3695 1366 ac

2106 1397 2551 1468 philosophorum
2598 1414 2764 1468 opera
2814 1399 3060 1453 mitiores
3084 1399 3194 1466 jam
3231 1416 3425 1454 sensus
3476 1403 3693 1455 hausis-

2104 1499 2245 1556 sent,
2279 1500 2335 1544 et
2365 1506 2573 1543 morum
2606 1490 2799 1544 feritas
2822 1500 2987 1560 atque
3015 1492 3328 1546 immanitas
3362 1493 3412 1545 in
3439 1508 3692 1546 inausueo

2107 1582 2300 1636 tiorem
2352 1581 2556 1634 cultum
2607 1596 2870 1636 conversa
2917 1591 3115 1647 esset,
3150 1585 3284 1635 adeo
3322 1593 3381 1637 ut
3428 1586 3689 1653 profunda

2104 1687 2209 1742 pax
2242 1682 2294 1726 et
2315 1672 2555 1726 amicitia
2584 1684 2880 1740 mutuaque
2914 1673 3057 1728 inter
3079 1674 3338 1727 mortales
3360 1676 3692 1730 commercia

2109 1764 2214 1834 ιο
2237 1764 2637 1819 intercederent
2665 1780 2680 1824 ;
2718 1774 2844 1820 tunc
2865 1765 3099 1820 ldemum
3149 1766 3371 1835 reliquis
3399 1769 3562 1820 etiam
3593 1767 3694 1822 ho-

2104 1854 2369 1917 minibus,
2411 1853 2735 1922 cunetisque
2764 1868 2863 1923 per
2899 1858 3084 1910 orbem
3114 1866 3381 1910 terrarum
3420 1856 3693 1925 gentibus,

2105 1955 2293 2016 utpote
2338 1944 2456 2012 jam
2509 1946 2830 2015 praeparatis
2874 1956 2929 2000 et
2964 1946 3031 2000 ad
3081 1947 3331 2001 notitiam
3388 1948 3478 2000 Dei
3514 1945 3717 2002 Patris

2103 2038 2505 2107 percipiendam
2565 2037 2795 2101 idoneis,
2831 2038 2946 2107 ipse
2977 2038 3068 2092 ille
3111 2038 3372 2120 virtutum
3412 2041 3691 2108 magister,

2103 2145 2156 2189 et
2180 2134 2356 2188 Patris
2389 2134 2473 2189 sui
2507 2134 2560 2187 in
2593 2135 2846 2189 omnibus
2871 2135 3028 2188 bonis
3064 2134 3335 2197 minister,
3364 2135 3607 2188 divinum
3638 2144 3694 2190 e‘.

2103 2227 2328 2281 caeleste
2355 2226 2450 2281 Dei
2485 2225 2749 2292 Verbum,
2787 2226 2840 2279 in
2865 2225 3102 2279 hominis
3143 2226 3345 2295 specie,
3383 2226 3693 2281 nullatenus

2104 2333 2134 2371 a
2170 2333 2458 2387 corporum
2512 2328 2821 2371 nostrorum
2873 2326 3062 2370 natura
3101 2317 3321 2379 diversi,
3366 2317 3528 2370 simul
3565 2333 3690 2372 cum

2105 2409 2224 2479 ipso
2254 2410 2485 2463 Romani
2537 2409 2748 2478 imperii
2794 2409 3021 2462 exordio
3070 2424 3360 2477 apparens,
3389 2425 3450 2463 ea
3479 2409 3607 2464 fecit
3639 2418 3694 2464 et

2103 2502 2346 2573 pertulit,
2387 2518 2508 2571 quze
2539 2503 2926 2572 prophetarum
2957 2503 3198 2556 oraculis
3228 2503 3646 2557 consentiebant
3674 2520 3690 2556 :

2103 2597 2299 2666 quibus
2346 2596 2619 2650 hominem
2673 2596 2884 2666 pariter
2934 2612 3000 2651 ac
3059 2598 3225 2651 Deum
3290 2597 3691 2651 admirabilium

2101 2706 2326 2758 operum
2344 2691 2653 2746 eﬂ'ectorem
2674 2692 2725 2745 in
2747 2701 2919 2747 terras
2941 2703 3227 2746 venturum
3273 2707 3413 2757 esse,
3437 2702 3490 2745 ct
3516 2691 3693 2747 Patris

2104 2781 2310 2835 cultum
2345 2797 2408 2835 ac
2439 2782 2755 2853 religionem
2784 2785 2998 2837 cunctis
3026 2781 3277 2852 gentibus
3321 2783 3645 2835 traditurum
3673 2800 3688 2837 :

2105 2870 2420 2925 inusitatam
2465 2887 2683 2941 quoque
2714 2870 2830 2939 ejus
2868 2872 3124 2927 nascendi
3177 2873 3467 2936 rationem,
3494 2887 3690 2927 novam

2104 2964 2431 3028 doctrinam”,
2465 2965 2760 3031 miracula,
2808 2964 2874 3018 ad
2913 2965 3029 3018 haec
3074 2964 3266 3018 mortis
3299 2979 3468 3033 genus
3501 2973 3556 3018 et
3603 2979 3694 3019 re-

2104 3054 2523 3118 surrectionem,
2554 3065 2834 3124 postremo
2860 3055 3102 3108 divinum
3152 3055 3205 3109 in
3238 3056 3406 3109 caelos
3456 3056 3688 3108 reditum

2104 3146 2231 3200 olim
2262 3146 2647 3214 prtrdixerant.
2678 3142 2926 3217 Regnum
2961 3160 3125 3215 porro
3151 3146 3296 3199 illius
3315 3147 3456 3213 quod
3494 3145 3545 3199 in
3583 3144 3691 3200 ﬁne

2106 3237 2428 3292 saeculorum
2472 3241 2830 3294 adventurum
2863 3247 2968 3303 est,
3020 3237 3208 3292 Daniel
3243 3237 3427 3292 divino
3479 3235 3691 3290 amatus

2108 3332 2312 3400 Spiritu
2336 3347 2460 3386 cum
2495 3333 2729 3398 videret,
2765 3334 2831 3387 ad
2874 3331 3154 3386 hominum
3185 3339 3402 3398 captum
3452 3343 3571 3383 sese
3605 3343 3691 3382 ac-

2107 3423 2486 3492 commodans,
2514 3423 2781 3478 visionem
2833 3422 2927 3477 Dei
2969 3421 3052 3476 sic
3081 3418 3380 3476 describit'
3413 3435 3429 3472 :
3475 3437 3495 3470 ι
3533 3420 3691 3490 Aspi-

2112 3630 2358 3696 postbaec
2393 3623 2956 3696 auditorumsuorum
2984 3619 3259 3696 mentibus
3312 3619 3683 3696 infuderunt:

2112 3691 2310 3762 quibus
2344 3694 2543 3749 exculti
2581 3694 2846 3755 homines,
2894 3694 2960 3746 ad
2993 3691 3324 3761 evangelica:
3374 3691 3510 3758 legis
3538 3694 3682 3745 noti-

2114 3767 2240 3818 tiam
2271 3764 2643 3830 accipiendam
2677 3763 2853 3816 idonei
2874 3762 3086 3816 tandem
3108 3763 3459 3815 exstiterunt.
3476 3762 3684 3830 Quippe

2109 3834 2193 3889 lex
2234 3834 2465 3887 Mosaica
2507 3833 2653 3885 velut
2683 3832 2879 3899 prmvia
2931 3847 2995 3885 ac
3030 3832 3331 3899 przenuntia
3369 3832 3469 3882 fuit
3505 3831 3684 3884 Evan-

2106 3905 2253 3970 gelii,
2282 3903 2591 3970 Christique
2621 3897 2987 3970 priedwationi
3017 3897 3392 3970 viamstravit.
3416 3901 3684 3970 Scribi-n-

2106 3967 2248 4027 ilum
2272 3983 2357 4026 est
2394 3967 2558 4041 igitur
2605 3967 2708 4025 lioc
2755 3973 2914 4041 loco:
2950 3972 3076 4033 Τοῖς
3112 3967 3322 4041 πλείοσι
3351 3969 3465 4022 τῶν
3510 3969 3682 4041 ἐθνῶν

2102 4044 2191 4098 διὰ
2227 4042 2334 4097 τῶν
2363 4040 2664 4112 πανταχόσε
2687 4040 2992 4112 νομοθετῶν
3019 4058 3076 4094 τε
3102 4041 3194 4092 καὶ
3216 4040 3518 4109 φιλοσόφων
3547 4040 3687 4111 ὴμέ-

2104 4132 2247 4186 ρωτο
2279 4112 2350 4165 τά
2391 4115 2737 4186 φρονήματα,
2793 4123 2870 4186 u_t_
2898 4114 3101 4186 diserte
3128 4114 3454 4186 _script_um__
3477 4112 3683 4186 habent

2105 4178 2273 4237 iiostri
2339 4178 2581 4238 codices'
2607 4181 2774 4241 Maz.,
2816 4183 2985 4244 Med.,
3046 4178 3182 4233 Fuk.
3223 4191 3276 4233 et
3307 4180 3474 4233 Savil.
3518 4180 3680 4234 (lente

2103 4255 2207 4308 nisi
2240 4256 2313 4307 ita
2354 4252 2663 4321 scripseris,
2692 4268 2799 4305 nou
2835 4252 3130 4321 coluercbit
3168 4252 3367 4303 oratio.
3399 4251 3678 4321 Quo‘cnim

2105 4327 2377 4378 referetur
2407 4318 2672 4389 particula
2704 4322 2793 4375 illa
2824 4321 2900 4384 ὡς
2922 4320 3000 4384 δὲ,
3039 4336 3159 4388 qua:
3203 4322 3373 4387 posita
3402 4330 3483 4372 est
3525 4318 3681 4372 initio

2102 4395 2313 4461 periodi
2350 4394 2373 4446 ?
2406 4393 2501 4446 Est
2529 4402 2581 4445 et
2612 4393 2713 4445 alia
2753 4389 3040 4445 diﬂicultas
3070 4391 3253 4461 inhoc
3290 4390 3503 4461 Eusebii
3534 4390 3678 4461 loco,

2104 4458 2360 4530 quidnam
2395 4462 2497 4515 sibi
2529 4461 2693 4515 velint
2730 4462 2844 4530 huic
2877 4464 3038 4513 verba
3092 4458 3151 4524 ἐξ
3178 4458 3501 4530 αὐτῶνηΑιι
3532 4459 3675 4511 enim

2103 4528 2388 4596 Eusebius,
2437 4531 2537 4603 ἤδη
2561 4531 2682 4585 τότε
2715 4528 2775 4596 ἐξ
2801 4529 2979 4603 αὐτῶν
3014 4529 3109 4583 καὶ
3144 4532 3256 4591 τοῖς
3276 4528 3508 4593 πλείοσι,
3544 4539 3676 4603 etc.,

2101 4612 2162 4655 ut
2189 4617 2376 4673 supra.
2412 4597 2542 4668 Quae
2573 4603 2790 4668 quidem
2828 4602 2988 4653 verba
3023 4616 3150 4673 ιιυιι-
3165 4602 3470 4673 sinet-ausa
3489 4597 3672 4673 posita

2099 4686 2222 4727 esse
2250 4667 2381 4726 mihi
2414 4667 2698 4735 videntur,
2737 4681 2795 4725 ut
2829 4673 3081 4723 ostendat
3113 4668 3381 4723 Eusebius
3408 4667 3673 4737 quidquid

2099 4756 2128 4795 a
2172 4742 2618 4811 legumlatoribus
2656 4758 2719 4795 ac
2756 4741 3093 4808 philosophis
3147 4742 3431 4793 commode
3465 4738 3670 4811 dictum

2095 4820 2198 4875 est,
2231 4809 2281 4866 id
2322 4825 2484 4865 Ollllle
2524 4810 2592 4864 ab
2626 4811 2865 4865 lleluzeis
2902 4825 2997 4864 eos
3018 4824 3141 4862 esse
3174 4819 3465 4861 mutuatos.
3498 4809 3678 4873 Atque

2098 4882 2171 4934 ita
2219 4881 2367 4936 hunc
2402 4882 2579 4934 locum
2620 4883 2832 4949 accepit
2868 4878 3118 4941 Rutilius,
3150 4889 3208 4931 ut
3232 4893 3298 4931 ex
3342 4879 3674 4943 interpreta-

2099 4952 2243 5006 tione
2270 4952 2388 5021 ejus
2410 4950 2613 5021 liquido
2641 4948 2884 5019 apparet.
2904 4949 3074 5021 Multa
3109 4949 3162 5001 iu
3183 4949 3325 5002 hanc
3345 4948 3672 5021 sententiam

2096 5016 2316 5075 disserit
2367 5016 2632 5075 Eusebius
2677 5016 2733 5073 in
2792 5020 2946 5073 libris
2999 5020 3072 5070 De
3118 5021 3533 5085 pt‘a‘paraltone,
3582 5016 3676 5070 ubi

2095 5092 2334 5144 ostendit
2364 5091 2679 5145 Grterorum
2706 5089 3050 5158 philosophus
3085 5104 3151 5142 ex
3189 5088 3353 5141 Musis
3377 5088 3532 5140 libris
3561 5086 3672 5156 ple-

2096 5175 2265 5229 raque
2293 5160 2585 5229 sumtrams
2619 5161 2804 5229 fuisse.

2166 5223 2281 5301 (45)
2323 5232 2384 5283 '0
2416 5227 2535 5282 τῶν
2562 5227 2789 5297 ἀρετῶν
2803 5227 3189 5301 διδάίζκᾳλος.
3213 5225 3468 5301 Quatuor
3495 5223 3669 5301 nostri

2095 5297 2474 5364 corticesdtlaz.
2505 5305 2737 5363 sedtum,
2766 5300 2928 5362 Med,
2960 5297 3093 5351 Fuit.
3129 5310 3179 5351 et
3207 5298 3670 5364 Sstt‘il.,sCt‘iplmll

2096 5373 2293 5424 habent
2314 5363 2569 5443 ἀρῤήτων
2585 5369 2919 5443 διδάσκαλος.
2937 5368 2992 5443 Ιιι
3020 5370 3234 5443 optimo
3250 5381 3426 5421 tamen
3450 5363 3671 5443 blazz‘ad

2096 5433 2421 5515 marginem,
2446 5433 2621 5515 altera
2650 5441 2811 5515 lectio
2841 5433 3076 5515 ascripta
3119 5449 3197 5515 est
3225 5438 3324 5515 hoc
3353 5435 3512 5515 modo
3533 5433 3670 5515 :nl‘p.

2092 5501 2325 5580 ἀρετῶν.
2378 5501 2546 5564 Paulo
2571 5521 2691 5577 post
2723 5511 2811 5564 ubi
2855 5501 3053 5579 legitur
3085 5505 3193 5580 τῶν
3225 5506 3401 5580 ἔργων
3426 5503 3497 5555 τὰ
3538 5501 3667 5554 θαύ-

2095 5575 2259 5649 ματα,
2293 5582 2450 5635 iidem
2497 5575 2713 5635 codices
2772 5575 3064 5648 prml'erunt
3094 5575 3413 5649 θαυμάσια,
3453 5585 3665 5649 et_mox

2092 5640 2185 5703 Ξιαὶ
2218 5640 2317 5724 τ’ὴν
2345 5651 2442 5706 ἐπὶ
2469 5651 2633 5707 πᾶσιν
2668 5651 2750 5715 εἰς
2772 5640 3042 5722 ὀὐρανοὺς
3078 5640 3259 5701 ἔνθεον
3287 5640 3662 5699 ἀποκατάστα-

2094 5738 2177 5775 σιν
