4154 6416
393 329 463 387 69
1417 327 1773 387 HISTORIA)
1813 331 2377 392 ECCLESIASTICAS
2416 332 2547 389 LIB.
2589 332 2631 390 ι.
3597 342 3667 398 7O

383 469 492 509 ναι.
519 450 725 506 Σεπτδν
756 450 836 516 ὡς
871 449 951 505 ἔνι
988 452 1224 524 μάλιστα
1258 453 1352 507 καὶ
1383 447 1594 518 ἔνδοξον
1627 454 1687 507 τὸ
1715 454 1810 508 τοῦ
1840 458 1968 528 Χρι-

2082 458 2296 514 damus.
2324 458 2542 514 Primus
2578 460 2694 530 ipsc
2713 457 2927 530 Moyses
2957 475 3080 515 cum
3112 476 3309 516 nomen
3348 461 3548 518 Christi
3571 479 3668 519 au-

385 541 512 599 στοῦ
549 543 720 614 ὄνομα
745 542 964 614 πρῶτος
997 545 1158 609 αὐτὸς
1189 544 1464 616 γνωρίσας
1487 547 1747 617 Μωῦσῆς,
1771 548 1978 612 τύπους

383 635 651 708 οὐρανίων
700 635 794 689 καὶ
862 635 1129 704 σύμϐολα,
1193 637 1593 707 μυστηριώδεις
1643 655 1704 690 τε
1761 639 1978 703 εἰκόνας

385 728 694 791 ἀκολούθως
745 730 980 802 χρησμῷ
1026 732 1260 802 φήσαντι
1322 729 1508 800 αὐτῷ’
1559 749 1578 781 ‹
1617 732 1778 802 Ὅρα,
1823 732 1979 802 ποιή-

387 839 502 885 σεις
535 821 714 875 πάντα
747 824 890 876 κατὰ
933 824 1026 877 τὸν
1059 823 1230 876 τύπον
1268 823 1360 876 τὸν
1388 823 1664 895 δειχθέντα
1700 842 1780 878 σοι
1811 826 1869 878 ἐν
1901 825 1978 897 τῷ

385 913 499 985 ὄρει
519 931 532 944 ·
561 935 580 967 ι
618 917 962 987 παραδιδοὺς,
1003 919 1286 989 Ἀρχιερέα
1305 919 1462 982 Θεοῦ,
1487 920 1562 982 ώς
1587 920 1713 990 ἐνῆν
1744 919 1980 991 μάλιστα

385 1002 628 1070 δυνατὸν,
654 1004 939 1076 ἄνθρωπον
971 1008 1334 1078 ἐπιφημίσας,
1369 1007 1558 1062 τοῦτον
1587 1011 1820 1081 Χριστὸν
1843 1011 1977 1062 ἀνα-

384 1095 622 1165 γορεύει.
660 1097 772 1150 Καὶ
815 1097 988 1171 ταύτῃ
1019 1116 1084 1168 γε
1134 1102 1201 1170 τῇ
1237 1100 1378 1154 κατὰ
1421 1101 1522 1172 τὴν
1566 1100 1979 1174 ἀρχιερωσύνην

384 1186 532 1258 ἀξίᾳ,
567 1190 746 1242 πᾶσαν
768 1190 1182 1264 ὑπερϐαλλούσῃ
1212 1193 1342 1264 παρ’
1376 1192 1525 1262 αὐτῷ
1553 1193 1652 1264 τὴν
1679 1195 1736 1246 ὲν
1771 1192 1980 1264 ἀνθρώ-

385 1294 509 1341 ποις
543 1279 859 1351 προεδρίαν,
918 1282 1011 1334 ἐπὶ
1053 1287 1187 1355 τιμῇ
1226 1285 1321 1336 καὶ
1355 1283 1481 1356 δόξῃ
1511 1284 1573 1336 τὸ
1610 1282 1702 1337 τοῦ
1742 1285 1977 1355 Χριστοῦ

385 1371 733 1442 περιτίθησιν
771 1373 963 1444 ὄνομα.
1003 1374 1188 1438 Οὕτως
1215 1376 1323 1446 ἄρα
1351 1375 1443 1429 τὸν
1485 1375 1720 1446 Χριστὸν
1749 1375 1890 1429 θεῖόν
1925 1395 1978 1430 τι

384 1461 572 1532 χρῆμα
599 1463 886 1534 ἠπίστατο.
905 1463 964 1516 '0
987 1464 1032 1516 δ’
1058 1465 1220 1528 αὐτὸς
1241 1465 1335 1518 καὶ
1354 1465 1451 1537 τὴν
1475 1466 1569 1519 τοῦ
1604 1466 1778 1538 Ἰησοῦ
1809 1483 1980 1538 προσ-

391 1554 622 1626 ηγορίαν
686 1551 745 1609 εὖ
800 1556 945 1627 μάλα
993 1556 1274 1628 Πνεύματι
1327 1557 1455 1629 θείῳ
1488 1557 1743 1630 προϊδὼν,
1815 1559 1978 1612 πάλιν

384 1646 532 1710 τινὸς
563 1647 844 1719 ἐξαιρέτου
878 1650 1181 1720 προνομίας
1207 1651 1302 1704 καὶ
1340 1650 1545 1721 ταύτην
1579 1651 1739 1717 ἀξιοῖ.
1767 1649 1978 1704 Οῦποτε

386 1737 518 1806 γοῦν
592 1740 857 1812 πρότερον
908 1740 1224 1811 ἐκφωνηθὲν
1279 1743 1360 1804 είς
1405 1740 1746 1814 ἀνθρώπους,
1808 1744 1977 1815 πρινὴ

2084 561 2305 622 gustum
2339 553 2392 606 in
2440 553 2631 621 primis
2678 563 2732 606 ct
2767 554 3061 622 gloriosum
3110 569 3228 607 esse
3278 557 3664 622 cognovisset,

2086 644 2239 712 signa
2270 660 2454 698 rerum
2505 645 2817 698 cmlestium
2849 655 2904 698 et
2939 647 3198 715 mysticus
3249 647 3508 715 imagines
3556 662 3668 699 tra-

2085 733 2218 787 dens
2249 747 2313 788 ex
2349 747 2620 804 pra-cepto
2651 735 2794 789 illius
2828 737 3030 789 oraculi
3069 737 3112 768 ιο
3143 755 3156 791 :
3194 756 3211 789 ε
3253 738 3441 792 Facies
3483 742 3664 792 omnia

2079 824 2237 892 juxta
2271 825 2498 894 ﬁguram
2534 841 2655 894 qua:
2701 827 2796 880 tibi
2828 828 2879 880 in
2913 839 3095 881 n'ionte
3138 841 3438 882 monstrata
3472 839 3556 882 cst
3587 843 3608 895 ς
3640 849 3662 882 ο

2089 917 2366 972 hominem
2402 933 2562 986 quem
2617 919 2732 986 ipse
2761 957 2775 982 ,
2822 930 3080 988 quantum
3132 923 3345 975 mortali
3392 922 3471 976 fas
3507 931 3665 987 erat,

2087 999 2374 1060 summum
2401 1007 2495 1061 Dei
2541 1005 2892 1062 Sacerdotem
2923 1021 3354 1079 nuncupaverat,
3388 1011 3664 1065 Christum

2086 1096 2324 1150 vocavit.
2360 1097 2540 1166 Atque
2569 1099 2672 1152 hoc
2708 1099 2874 1152 modo
2916 1101 3114 1154 summi
3161 1103 3452 1157 sacerdotii
3487 1103 3668 1172 digni-

2089 1189 2208 1253 tati,
2238 1205 2361 1259 quae
2389 1191 2561 1260 ipsius
2595 1193 2812 1260 quidem
2845 1191 3048 1259 iudicio
3078 1208 3293 1246 onmem
3323 1195 3464 1248 inter
3491 1195 3668 1248 Immi-

2087 1295 2186 1335 nes
2236 1282 2460 1337 honoris
2509 1285 2926 1354 praerogativam
2980 1286 3317 1353 superabat,
3357 1287 3578 1342 honoris
3609 1298 3666 1342 et

2086 1372 2274 1444 gloria:
2299 1389 2460 1429 causa
2488 1374 2690 1430 Christi
2723 1392 2918 1431 nomen
2953 1378 3230 1448 imposuit.
3251 1379 3397 1434 Adeo
3429 1381 3481 1433 in
3506 1381 3665 1434 Chri-

2089 1473 2175 1518 sto
2214 1464 2456 1519 divinum
2507 1466 2637 1534 quid
2684 1467 2908 1523 subesse
2943 1469 3300 1537 intelligebat.
3348 1471 3490 1524 Idem
3539 1487 3663 1526 cum

2085 1555 2272 1611 divino
2302 1555 2514 1612 amatus
2562 1559 2769 1628 Spiritu
2825 1575 3022 1615 nomen
3074 1560 3200 1616 .Iesu
3246 1562 3446 1631 optime
3479 1567 3665 1632 praevi-

2085 1647 2278 1714 disset,
2305 1649 2506 1703 eximio
2530 1650 2764 1718 quodam
2806 1650 3086 1720 privilegio
3119 1667 3308 1706 rursus
3341 1653 3470 1707 illud
3502 1670 3666 1707 orna-

2085 1741 2183 1795 vit.
2218 1739 2334 1796 Hoc
2359 1740 2506 1795 enim
2551 1743 2876 1797 vocabulum
2909 1746 3052 1813 quod
3085 1754 3210 1798 ante
3247 1746 3416 1814 ipsius
3445 1759 3660 1801 aetatem

384 1830 626 1884 Μωῦσέα
655 1831 963 1904 γνωσθῆναι
1009 1833 1142 1904 (52),
1177 1833 1240 1886 τὸ
1282 1835 1376 1887 τοῦ
1439 1833 1613 1903 Ἰησοῦ
1663 1835 1968 1907 πρόσρημα,

2089 1847 2364 1900 nunquam
2421 1832 2566 1886 inter
2615 1833 2866 1888 homines
2911 1836 3180 1905 prolatum
3220 1835 3432 1902 fuerat,
3486 1840 3664 1908 primo

381 1923 556 1993 τούτῳ
587 1923 828 1994 Μωῦσῆς
853 1922 1056 1996 πρώτῳ
1088 1925 1183 1978 καὶ
1217 1925 1364 1997 μόνῳ
1377 1927 1736 1998 περιτίθησιν,
1763 1927 1822 1980 ὃν
1839 1926 1982 1980 κατά

380 2013 552 2068 τύπον
589 2011 747 2079 αὖθις
772 2017 867 2070 καὶ
895 2016 1161 2088 σύμϐολον
1193 2018 1334 2085 ἔγνω
1366 2020 1506 2089 μετὰ
1538 2017 1638 2091 τὴν
1669 2017 1834 2072 αὑτοῦ
1886 2036 1978 2072 τε-

381 2106 575 2179 λευτὴν
619 2109 996 2181 διαδεξόμενον
1039 2109 1139 2181 τὴν
1191 2111 1333 2164 κατὰ
1391 2112 1609 2165 πάντων
1655 2113 1853 2182 ἀρχήν.
1899 2112 1974 2165 Οὐ

380 2197 649 2270 πρότερον
687 2199 817 2268 γοῦν
850 2199 942 2252 τὸν
966 2200 1131 2253 αὐτοῦ
1165 2201 1407 2272 διάδοχον
1437 2206 1503 2274 τῇ
1534 2204 1627 2258 τοῦ
1674 2204 1846 2276 Ἰησοῦ
1881 2222 1975 2258 κε-

389 2291 672 2362 χρημένον
698 2293 1060 2364 προσηγορίᾳ,
1117 2293 1340 2364 ὀνόματι
1395 2295 1450 2348 δὲ
1500 2296 1672 2368 ἑτέρῳ
1709 2297 1787 2368 τῷ
1823 2298 1974 2370 Αὑσῇ

383 2381 520 2452 (55),
548 2383 686 2454 ὅπερ
711 2385 760 2436 οἱ
807 2385 1172 2454 γεννήσαντες
1208 2384 1357 2456 αὐτῷ
1386 2385 1675 2452 τέθεινται,
1703 2389 1975 2461 καλούμε-

381 2490 494 2539 νον,
536 2473 744 2545 Ἰησοῦν
773 2474 935 2538 αὐτὸς
965 2475 1312 2546 ἀναγορεύει,
1355 2477 1523 2550 γέρας
1568 2477 1757 2551 ὥσπερ
1793 2481 1976 2550 τίμιον

380 2563 584 2628 παντὸς
612 2564 747 2617 πολὺ
779 2565 963 2636 μεῖζον
1013 2564 1292 2634 βασιλικοῦ
1340 2566 1690 2639 διαδήματος,
1725 2569 1972 2642 τοῦνομα

381 2654 530 2726 αύτῴ
561 2655 925 2728 δωρούμενος,
962 2656 1045 2709 ὅτι
1071 2656 1135 2728 δὴ
1165 2657 1258 2709 καὶ
1301 2658 1464 2721 αὐτὸς
1487 2661 1514 2712 ὁ
1540 2658 1635 2712 τοῦ
1683 2659 1842 2734 Ναυῆ
1871 2661 1976 2732 Ἰη-

378 2734 509 2808 σοῦς
533 2745 626 2798 τοῦ
651 2745 903 2817 Σωτῆρος
931 2745 1088 2816 ἡμῶν
1117 2745 1214 2817 τὴν
1239 2747 1423 2800 εἰκόνα
1465 2747 1650 2820 ἔφερε,
1677 2749 1770 2802 τοῦ
1809 2751 1972 2820 μόνου

383 2834 522 2905 μετά
591 2835 830 2888 Μωῦσέα
909 2836 1005 2889 καὶ
1075 2835 1140 2889 τὸ
1211 2823 1587 2909 συμπέρασμα
1631 2839 1732 2910 τῆς
1783 2842 1974 2912 ἐκείνῳ

376 2923 780 2999 παραδοθείσης
802 2927 912 2998 (54)
943 2927 1282 2998 συμϐολικῆς
1302 2929 1577 3002 λατρείας,
1608 2932 1709 3003 τῆς
1740 2932 1973 3006 ἀληθοῦς

379 3021 474 3073 καὶ
502 3019 902 3093 καθαρωτάτης
923 3018 1208 3086 εὐσεϐείας
1237 3022 1336 3094 τὴν
1360 3025 1534 3096 ἀρχὴν
1566 3023 1967 3094 διαδεξαμένου.

377 3112 492 3170 Καὶ
523 3115 726 3184 Μωσῆς
782 3114 880 3185 μὲν
916 3113 1088 3188 ταύτῃ
1121 3133 1196 3187 πη
1224 3116 1345 3170 δυσὶ
1378 3120 1490 3182 τοῖς
1513 3117 1634 3171 κατ’
1664 3117 1824 3172 αὑτὸν
1846 3119 1972 3189 ἀρε-

2083 1921 2292 1991 solique
2327 1922 2524 1977 indidit
2551 1924 2599 1977 ei
2630 1963 2646 1989 ,
2677 1939 2839 1994 quem
2861 1923 3014 1991 juxta
3050 1926 3277 1995 ﬁguram
3304 1938 3361 1982 et
3388 1929 3664 1998 signiﬁca-

2080 2013 2286 2069 tionem
2325 2028 2581 2069 arcanam
2615 2016 2759 2072 illius
2810 2018 3048 2072 nominis
3072 2058 3087 2084 ,
3133 2028 3255 2088 post
3302 2035 3456 2074 suum
3489 2037 3518 2074 e
3550 2023 3660 2074 vita

2082 2105 2386 2160 discessum
2432 2108 2602 2162 totius
2629 2109 2842 2176 imperii
2879 2125 3251 2166 successorem
3279 2112 3514 2167 futurum
3543 2129 3661 2168 csse

2080 2209 2444 2268 prmnoverat.
2493 2199 2665 2267 Quem
2699 2201 2954 2268 quidem,
2984 2216 3105 2255 cum
3138 2213 3301 2256 antea
3339 2220 3442 2257 non
3477 2204 3659 2272 Jesus,

2080 2295 2175 2348 sed
2198 2292 2345 2348 Ause
2373 2292 2585 2346 inditoa
2605 2292 2919 2360 parentibus
2942 2293 3160 2348 nomine
3191 2306 3495 2363 vocaretur;
3520 2297 3664 2368 Moy-

2079 2402 2167 2442 ses
2201 2386 2388 2442 Jesum
2422 2385 2762 2440 nominavit:
2795 2386 2900 2440 hoc
2937 2387 3260 2446 vocabulum
3296 2388 3442 2442 velut
3478 2393 3663 2458 princi-

2077 2494 2243 2549 puum
2291 2479 2518 2533 honoris
2557 2479 2787 2547 insigne,
2819 2478 2965 2532 onmi
3009 2480 3158 2548 regio
3194 2479 3498 2536 diademate
3524 2497 3660 2550 pra:-

2078 2569 2318 2624 stantius
2349 2569 2398 2624 ei
2433 2569 2702 2636 tribuens,
2730 2584 2796 2624 eo
2821 2572 2967 2638 quod
3001 2571 3309 2626 Servaloris
3333 2572 3504 2625 nostri
3533 2573 3661 2626 ima-

2079 2662 2257 2732 ginem
2285 2663 2569 2716 exhiberet
2593 2702 2608 2727 ,
2636 2661 2729 2731 qui
2763 2673 2884 2731 post
2916 2661 3116 2717 Mosem
3145 2702 3160 2727 ,
3191 2673 3244 2718 et
3269 2675 3391 2731 post
3419 2665 3660 2733 comple-

2078 2767 2322 2811 mentum
2371 2755 2653 2825 religionis
2699 2757 2768 2810 ab
2820 2756 3011 2810 eodem
3069 2757 3122 2809 in
3163 2755 3352 2824 ﬁguris
3404 2760 3656 2826 traditae,

2077 2849 2224 2902 solus
2287 2848 2339 2901 in
2374 2862 2517 2900 verae
2563 2857 2619 2900 et
2666 2847 2896 2901 sincerae
2939 2848 3156 2916 pietatis
3207 2848 3491 2917 imperium
3539 2863 3660 2905 erat

2076 2949 2456 2992 successurus.
2489 2935 2558 2988 Et
2593 2934 2804 3004 Moyses
2835 2935 3052 3002 quidem
3087 2937 3191 2992 hoc
3241 2939 3400 2992 modo
3449 2939 3659 2995 duobus

2077 3025 2211 3078 viris
2239 3025 2331 3093 qui
2375 3024 2466 3078 illa
2497 3033 2657 3078 aetate
2700 3040 2810 3092 pra:
2854 3026 3066 3080 caeteris
3093 3028 3346 3082 omnibus
3379 3029 3578 3084 virtute
3603 3039 3659 3084 et

2078 3116 2252 3188 gloria
2299 3115 2604 3182 ﬂorebant,
2635 3116 2791 3172 alteri
2844 3118 3152 3182 sacerdoti,
3188 3118 3344 3172 alteri
3384 3120 3504 3174 duci
3533 3132 3658 3189 post

376 3209 445 3278 τῇ
479 3208 573 3261 καὶ
600 3206 727 3278 δόξῃ
777 3206 930 3278 παρὰ
964 3208 1142 3262 πάντα
1183 3208 1274 3262 τὸν
1304 3208 1432 3263 λαὸν
1469 3210 1834 3282 προφέρουσιν
1874 3211 1968 3265 ἁν-

2075 3209 2279 3262 cxitum
2315 3223 2473 3262 suum
2503 3207 2686 3261 futuro
2712 3246 2727 3274 ,
2761 3209 3070 3262 Servatoris
3095 3211 3267 3262 nostri
3298 3208 3428 3263 Jesu
3453 3210 3652 3266 Christi

380 3297 640 3370 θρώποις,
677 3297 756 3368 τῷ
788 3299 886 3368 μὲν
917 3300 1184 3371 ἀρχιερεῖ,
1219 3300 1300 3372 τῷ
1333 3300 1392 3353 δὲ
1430 3302 1545 3372 μετ’
1571 3301 1734 3355 αὑτὸν
1761 3304 1968 3373 ἡγησο-

382 3391 546 3461 μένῳ,
571 3390 670 3461 τὴν
690 3389 783 3442 τοῦ
811 3390 1063 3461 Σωτῆρος
1103 3392 1261 3461 ήμῶν
1301 3392 1474 3462 Ἰησοῦ
1521 3392 1756 3464 Χριστοῦ
1803 3409 1972 3459 προσ-

375 3483 608 3556 ηγορίαν
633 3483 725 3534 ἐπὶ
747 3486 878 3553 τιμῇ
914 3486 978 3554 τῇ
1014 3486 1247 3554 μεγίστῃ
1275 3473 1661 3554 περιτέθειται.
1685 3485 1880 3553 Σαφῶς
1911 3485 1968 3537 δὲ

379 3578 474 3630 καὶ
505 3579 555 3628 oi
609 3576 748 3646 μετά
792 3576 964 3630 ταῦτα
1005 3577 1303 3648 προφῆται,
1329 3577 1588 3646 ὀνομαστὶ
1617 3577 1706 3630 τὸν
1736 3576 1970 3647 Χριστὸν

378 3667 799 3740 προανεφώνουν
871 3669 1006 3741 (55),
1061 3669 1196 3739 ὁμοῦ
1264 3669 1363 3740 τὴν
1415 3669 1712 3740 μέλλουσαν
1753 3669 1973 3723 ἔσεσθαι

378 3761 500 3814 κατ’
533 3759 700 3814 αὐτοῦ
724 3761 994 3833 συσκευὴν
1021 3761 1118 3814 τοῦ
1155 3761 1426 3814 Ἰουδαίων
1445 3760 1597 3825 λαοῦ,
1624 3760 1760 3832 ὁμοῦ
1786 3761 1844 3814 δὲ
1873 3762 1969 3814 καὶ

376 3853 476 3925 τὴν
531 3853 641 3907 τῶν
678 3853 850 3908 ἐθνῶν
879 3854 946 3907 δι’
981 3854 1146 3907 αὑτοῦ
1194 3854 1390 3926 κλῆσιν
1429 3855 1963 3926 προμαρτυρόμενοι.

376 3948 510 4000 Τοτὲ
549 3947 647 4019 μὲν
669 3943 773 4002 ὧδέ
814 3967 932 4012 πως
971 3949 1241 4019 Ἱερεμίας
1267 3948 1472 4016 λέγων·
1514 3966 1532 3998 ι
1585 3946 1810 4016 Πνεῦμα
1858 3947 1965 4018 πρὸ

375 4039 672 4110 προσώπου
707 4039 862 4111 ἡμῶν
887 4039 1121 4110 Χριστὸς
1155 4039 1379 4110 Κύριος,
1412 4035 1720 4107 συνελήφθη
1754 4039 1812 4090 ἐν
1843 4039 1965 4099 ταῖς

373 4130 694 4202 διαφθοραῖς
723 4131 933 4185 αὐτῶν·
969 4128 1029 4186 οῦ
1058 4131 1291 4201 εἴπαμεν
1319 4132 1376 4183 ὲν
1404 4132 1470 4200 τῇ
1509 4130 1636 4200 σκιᾷ
1669 4127 1834 4181 αὑτοῦ
1861 4126 1962 4199 ζη-

458 4225 504 4258 ¹⁶
535 4226 705 4280 Exod.
739 4243 865 4281 xxv.
903 4228 946 4258 “
982 4226 1185 4281 Thren.
1220 4241 1292 4280 tv.
1371 4226 1414 4257 "
1440 4224 1582 4280 Psal.
1609 4241 1646 4279 ι.

374 4333 429 4380 et
461 4321 600 4378 Fuk.
629 4323 772 4376 nulla
813 4323 904 4378 hic
955 4323 1014 4376 ﬁt
1064 4322 1187 4377 novi
1247 4321 1439 4390 capitis
1486 4320 1786 4376 distinctio.
1822 4319 1957 4374 Nam

375 4404 541 4462 caput
590 4395 625 4448 3
671 4395 840 4447 multo
899 4405 1024 4447 ante
1077 4392 1378 4460 incipiunt,
1431 4400 1499 4462 ut
1538 4407 1700 4462 supra
1751 4391 1954 4446 notavi.

2078 3314 2297 3362 nomen,
2335 3299 2554 3352 maximi
2582 3299 3015 3364 honorisinstar,
3051 3299 3329 3368 imposuit.
3361 3302 3466 3357 Sed
3491 3313 3544 3358 et
3569 3319 3658 3359 se-

2077 3393 2189 3446 cuti
2225 3391 2484 3459 deinceps
2527 3393 2806 3460 prophetze
2855 3392 3213 3448 disertissime
3245 3406 3298 3448 et
3336 3395 3653 3450 nominatim

2077 3484 2351 3539 Christum
2385 3485 2908 3554 prmnuutiaverunt,
2942 3485 3102 3538 simul
3133 3495 3187 3540 et
3215 3485 3524 3542 Judaeorum
3558 3491 3656 3542 ad-

2077 3589 2265 3629 versus
2302 3578 2475 3645 ipsum
2513 3577 2737 3630 insidias
2762 3617 2778 3641 ,
2813 3587 2866 3629 et
2895 3578 3137 3646 gentium
3170 3593 3267 3646 per
3301 3578 3456 3631 illum
3485 3593 3651 3634 voca-

2079 3666 2280 3720 tionem
2317 3667 2485 3722 multo
2515 3678 2643 3722 ante
2674 3677 2954 3722 testantes.
2984 3667 3255 3723 Jeremias
3281 3671 3499 3738 quidem
3527 3687 3650 3726 cum

2071 3757 2157 3810 sic
2183 3757 2300 3812 ait:
2335 3775 2356 3808 ι
2409 3757 2648 3826 Spiritus
2692 3767 2815 3812 ante
2848 3758 3057 3811 vultum
3106 3769 3354 3813 nostrum
3403 3758 3653 3814 Christus

2075 3848 2336 3904 Dominus
2380 3851 2809 3919 comprehensus
2858 3859 2943 3905 est
2994 3851 3046 3904 in
3079 3852 3522 3920 corruptionibus
3555 3869 3654 3907 no-

2072 3941 2225 3995 stris.
2265 3940 2338 3996 De
2368 3957 2475 4008 quo
2521 3943 2758 3996 diximus
2791 3961 2803 3996 :
2836 3942 2892 3996 ln
2940 3942 3128 3996 umbra
3178 3943 3296 4012 ejus
3325 3944 3568 3998 vivemus
3595 3944 3649 3997 in

2073 4035 2326 4104 gentibus
2360 4013 2426 4088 ίῖ.
2467 4054 2486 4086 ι
2518 4034 2685 4088 David
2718 4047 2846 4086 vero
2877 4043 3097 4101 stupore
3125 4033 3334 4086 deﬁxus
3363 4032 3430 4088 de
3457 4037 3647 4088 eodem

2071 4127 2185 4182 haac
2210 4128 2342 4182 dicit
2378 4128 2420 4158 ι’
2460 4148 2472 4182 :
2512 4146 2530 4178 ι
2571 4125 2754 4193 Quare
2785 4124 3123 4180 fremuerunt
3150 4135 3338 4196 gentes
3367 4135 3420 4179 et
3471 4127 3650 4196 populi

2067 4317 2210 4385 ﬁlius
2254 4313 2414 4385 Nan,
2463 4323 2746 4381 antequam
2791 4313 2842 4385 ei
2883 4329 2915 4364 a
2960 4311 3067 4385 De_o
3114 4310 3649 4385 vocabulam‘muta-

2067 4380 2230 4441 retur.
2268 4384 2390 4438 Non
2425 4385 2560 4436 enim
2580 4380 2604 4448 ,ί
2632 4393 2685 4434 ut
2735 4382 2871 4434 male
2916 4385 2968 4434 in
3008 4380 3207 4435 Graecis
3255 4381 3522 4436 codicibus
3560 4383 3639 4436 le-

375 4452 556 4519 Co'dex
593 4477 774 4517 autem
808 4463 1092 4518 Mediczeus
1119 4452 1201 4516 ab'
1229 4463 1314 4516 his
1354 4452 1534 4552 verbis
1577 4452 1795 4552 inchoat
1835 4476 1956 4529 cap.
1992 4497 2036 4552 Β
2065 4461 2290 4552 ρίιυηει
2332 4454 2726 4552 ιαιὶιιὲε,¹Αρὶειι
2761 4454 2932 4552 dictus
2965 4462 3061 4552 es't,
3088 4454 3229 4552 ξηρά
3265 4452 3396 4504 nihil
3409 4455 3638 4552 [primum

386 4535 403 4552 ι
465 4533 497 4552 ο
557 4533 571 4552 Ι
624 4535 696 4552 _.!I
723 4535 755 4552 οι
842 4537 1002 4552 -,,.:,,_
1048 4542 1120 4552 --ι
1177 4547 1328 4552 ___,__.
1364 4532 1394 4552 :_
1455 4547 1572 4552 _---.
1641 4547 1794 4552 ---η-Α
1843 4547 1924 4552 ---Α
2066 4531 2173 4552 ἐμ.-
2221 4537 2383 4552 ...ιιιιιι-
2427 4539 2440 4551 ο
2493 4540 2560 4552 ,ιιι
2683 4538 2774 4552 ann
2847 4540 2884 4552 ιι
2963 4539 3012 4552 Δρ
3133 4540 3154 4552 ι.
3189 4534 3340 4552 vuln-
3449 4537 3560 4552 non.
3583 4541 3638 4552 ..κ

373 4535 430 4590 4.
465 4533 572 4587 Sed
624 4535 758 4587 nihil
801 4537 1006 4588 certius
1039 4542 1125 4587 est
1170 4547 1333 4602 quam
1364 4532 1415 4585 id
1449 4533 1592 4599 quod
1638 4547 1800 4597 supra
1843 4547 1961 4586 mo-

372 4605 493 4667 nui,
525 4605 592 4656 ab
624 4605 712 4658 his
747 4604 928 4658 verbis
956 4604 1320 4658 inchoandum
1352 4615 1473 4655 esse
1505 4610 1669 4671 caput
1697 4603 1763 4668 5;
1799 4603 1962 4672 idque

371 4675 461 4729 vel
495 4674 683 4739 titulus
717 4675 834 4740 ipse
863 4675 1216 4726 demonstrat.

446 4737 563 4814 (δέ)
604 4737 790 4811 Πρικὴ
822 4743 1081 4798 Μωῦσέα
1102 4739 1474 4814 γνωσθῆναι,
1499 4737 1569 4814 _ln
1599 4740 1807 4814 codice
1819 4739 1958 4814 Med.

375 4829 442 4868 ac
457 4811 639 4867 'Savil.
668 4824 723 4868 et
755 4817 806 4867 in
839 4817 1120 4867 veteribus
1155 4811 1370 4866 Sthedis
1404 4811 1746 4865 bibliotheca:
1780 4811 1961 4880 Regia:

374 4885 637 4954 seriptum
691 4893 778 4938 est
825 4883 1213 4954 γνωρισθῆναι.
1267 4881 1338 4935 At
1392 4881 1664 4954 Musculns
1731 4884 1957 4935 verbum

372 4951 683 5024 γνωσθῆναι
716 4954 768 5007 in
796 4951 976 5008 activa
1001 4951 1399 5024 signiﬁcatione
1428 4953 1642 5024 accepit
1669 4966 1766 5020 pro
1798 4954 1962 5020 ἐγνω-

372 5023 549 5086 κέναι,
577 5022 720 5092 quod
756 5025 980 5078 omnino
1017 5023 1145 5078 ferri
1185 5039 1289 5076 non
1333 5032 1528 5088 potest.
1562 5022 1732 5075 Porro
1787 5024 1954 5092 nostri

371 5091 784 5164 codicesdlaa,
817 5093 955 5149 Med.
984 5110 1047 5148 ac
1077 5093 1212 5148 Fuk.
1242 5093 1508 5161 scriptum
1545 5093 1745 5146 habent
1764 5092 1894 5163 πρὶν
1921 5091 1953 5164 ἢ

371 5165 586 5219 duobus
619 5163 821 5218 verbis.

441 5234 835 5310 (ῥ5)]ρνόματι
855 5233 922 5310 δὲ
1139 5234 1220 5301 τῷ
1257 5233 1452 5310 Α-ὺσῇ.
1481 5231 1539 5286 ln
1584 5229 1956 5310 vetustissimo

371 5303 710 5375 codicejMaz.
732 5306 833 5357 huc
847 5306 1108 5375 scholinm
1126 5307 1427 5375 appositum
1450 5307 1615 5375 estad
1632 5303 1950 5375 marginem:

371 5371 794 5452 ﬁnusimsut‘art
824 5375 853 5427 ὁ
891 5374 983 5452 τοῦ
1026 5371 1443 5452 ΝαυῆίἸησοῦς
1463 5373 1737 5452 πρότερον
1774 5371 1956 5452 Αύσὴς

371 5441 632 5498 ἐκαλεῖτο.
662 5444 715 5497 ld
746 5455 859 5507 est,
901 5443 1044 5496 Nota
1075 5441 1215 5509 quad
1257 5441 1414 5499 Iesus
1447 5441 1591 5513 ﬁlius
1626 5441 1773 5495 Nave
1806 5442 1954 5513 prius

373 5516 536 5569 Auses
576 5516 881 5568 vocabatur.
925 5515 1029 5568 Sed
1069 5511 1520 5585 Hieronymusin
1567 5521 1723 5585 caput
1770 5528 1785 5564 ι
1823 5511 1955 5565 Osee

371 5595 521 5638 notat
575 5586 718 5638 hunc
767 5600 888 5640 esse
944 5600 1190 5640 errorem
1242 5583 1485 5639 omnium
1539 5583 1790 5637 codicum
1841 5592 1950 5633 tam

369 5653 681 5710 Graecorum
741 5671 904 5720 quam
963 5654 1322 5717 Latinorum,
1363 5655 1452 5722 qui
1506 5653 1648 5706 Ause
1688 5653 1951 5719 scriptum

372 5725 572 5779 habent
600 5741 698 5793 pro
724 5724 876 5780 Osee.
909 5724 1063 5793 Osee,
1090 5727 1286 5796 inquit,
1320 5726 1376 5796 in
1407 5725 1591 5792 lingua
1621 5731 1820 5796 _nostra_
1840 5721 1954 5774 Sal-

368 5791 614 5853 vatoreui
659 5807 847 5864 sonat;
892 5791 1273 5867 quadram—aen
1338 5791 1522 5849 habuit
1561 5794 1719 5849 etiam
1788 5791 1952 5848 Josue

2066 4520 2383 4594 intelligitur
2420 4539 2440 4577 :
2489 4525 2579 4576 sed
2634 4523 2794 4594 Os_ce,
2846 4523 2902 4574 id
2950 4533 3035 4594 est
3088 4522 3358 4594 Salvator.
3405 4520 3649 4594 Pseudo-

2065 4590 2321 4652 Clemens
2369 4595 2422 4647 in
2473 4594 2608 4646 libro
2638 4609 2653 4646 ι
2687 4591 3119 4661 Recognitionum
3147 4607 3166 4644 :
3197 4590 3376 4660 Igitur
3415 4591 3646 4661 Moyses,

2065 4667 2264 4733 inquit,
2317 4665 2400 4717 his
2470 4662 2862 4716 administratis
2934 4666 3128 4715 Ausem
3193 4665 3509 4733 quemdanr
3554 4679 3652 4716 no-

2062 4731 2206 4790 mine
2250 4750 2560 4803 pra'pouens
2605 4733 2820 4800 populo,
2865 4733 2954 4802 qui
2991 4749 3078 4803 eos
3128 4745 3390 4785 revocaret
3439 4731 3511 4803 ad
3552 4747 3648 4798 pa-

2063 4809 2219 4860 triam
2249 4801 2467 4859 terram.
2496 4804 2586 4856 Sic
2608 4801 3016 4865 elLuClaltlllts,
3038 4801 3110 4854 lib
3160 4818 3234 4865 Iv,
3263 4817 3381 4868 cap.
3415 4801 3500 4856 l7.

2133 4876 2249 4947 (54)
2295 4872 2445 4947 ,Τῆςξ
2479 4873 2698 4947 ἐκείνῳ
2774 4871 3255 4947 παραδοθείσης.-
3308 4873 3648 4947 hicephorus

2061 4943 2350 5016 Ιιιὼειτῆς
2383 4945 2448 4998 δι’
2472 4945 2703 5006 ἐκείνου,
2741 4959 2845 5010 quo
2869 4945 3027 5016 modo
3056 4945 3218 5016 etiam
3248 4943 3300 4994 in
3321 4945 3644 5016 quibusdam

2059 5018 2214 5072 libris
2252 5013 2317 5070 se
2369 5018 2638 5084 reperisse
2690 5024 2930 5084 testatur
2969 5013 3326 5084 Stephanus._
3356 5013 3446 5066 Sic
3493 5023 3646 5066 certe

2060 5089 2358 5158 przeferunt
2399 5081 2572 5139 codex
2625 5084 2762 5158 Med.
2798 5094 2848 5137 et
2887 5082 3022 5135 Maz.
3069 5081 3194 5136 cum
3234 5081 3451 5158 Fi_ik._et
3483 5084 3671 5144 Savi-,

2061 5153 2223 5212 liano.
2271 5156 2470 5211 Parum
2521 5165 2696 5207 tamen
2734 5156 2959 5207 interest
3009 5163 3130 5206 utro
3177 5155 3335 5206 modo
3382 5153 3640 5220 legamus.

2059 5245 2182 5282 cum
2220 5229 2360 5281 idem
2397 5227 2467 5280 sit
2515 5226 2720 5286 dicere,
2765 5225 2940 5293 legem
2973 5221 3160 5276 datam
3191 5238 3313 5276 csse
3364 5223 3556 5292 Moysi,
3588 5230 3643 5275 et

2059 5300 2240 5352 datam
2272 5313 2391 5368 esse
2423 5311 2516 5368 per
2545 5295 2808 5368 Moysen].
3000 5362 3011 5368 _
3237 5361 3251 5368 _
3350 5361 3363 5368 _
3439 5363 3451 5368 _
3589 5362 3600 5368 _

2130 5369 2240 5440 (55)
2277 5367 2398 5440 [όν
2421 5361 2678 5440 Χριστὸν
2707 5362 3193 5440 προ-ιινεφώνουκ.
3237 5361 3313 5440 l_t_a
3350 5361 3548 5440 legitur
3586 5362 3642 5416 in

2057 5433 2245 5494 codice
2274 5437 2444 5505 Regio
2475 5447 2529 5489 et
2573 5437 2625 5489 in
2665 5437 2935 5487 veteribus
2979 5436 3218 5505 schedis.
3253 5433 3446 5505 Verum
3495 5433 3636 5486 Mal.

2057 5513 2225 5563 codex
2258 5503 2381 5562 cuni
2437 5507 2576 5560 Med.
2608 5516 2661 5558 et
2707 5505 2844 5558 Fuk.
2878 5509 3144 5570 scriptum
3183 5503 3344 5555 habet
3375 5518 3637 5572 προανα-

2056 5580 2347 5647 φωνοῦσιν,
2386 5578 2530 5647 quod
2565 5578 2735 5647 magis
2771 5577 2959 5647 probo.
2989 5574 3271 5647 Sic_paulo
3303 5571 3452 5624 infra
3476 5574 3638 5647 iidem

2054 5640 2278 5705 codices
2311 5640 2510 5704 habent
2539 5643 2704 5699 Δαυτδ
2746 5640 2826 5708 ε’Ξς
2857 5644 2918 5698 τὸ
2950 5642 3115 5697 αὑτοῦ
3166 5640 3459 5712 πρόσωπον
3501 5642 3637 5696 ἀναν

2055 5737 2241 5792 φωνει.
