4154 6420
372 370 442 424 ⁸⁷7
1380 364 1729 424 l‘llSTORIE
1767 362 2321 423 ECCLESIASTICJ‘:
2363 361 2490 417 LIB.
2526 361 2572 416 1.
3528 365 3599 423 τε

371 490 541 548 ἐθνῶν
608 489 1158 563 πολυανθρωπότατόν
1229 506 1288 544 τε
1343 492 1436 546 καὶ
1504 491 1935 555 θεοσεϐέστατον,

2045 487 2281 542 omnium
2310 486 2587 540 nationum
2616 483 3025 553 populosissima
3059 499 3126 540 ac
3152 484 3556 555 religiosissima
3578 531 3596 555 ,

370 583 544 656 ταύτῃ
574 599 633 635 τε
662 581 964 653 ἀνώλεθρον
994 583 1088 636 καὶ
1117 582 1403 653 ἀήττητον,
1516 584 1608 635 καὶ⁸
1652 582 1801 635 ἐσαεὶ
1837 580 1938 650 τῆς

375 674 526 746 παρὰ
549 672 683 727 Θεοῦ
720 672 967 744 βοηθείας
1016 672 1292 743 τυγχάνει,
1340 672 1545 743 χρόνων
1580 671 1939 743 προθεσμίαις

374 767 631 837 ἀρρήτοις
665 765 876 836 ἁθρόως
918 763 1090 828 οὕτως
1123 764 1458 835 ἀναπέφηνε,
1515 764 1576 817 τὸ
1629 763 1781 836 παρὰ
1825 765 1940 826 τοῖς

376 859 508 910 πᾶσι
534 860 598 928 τῇ
628 856 721 909 τοῦ
744 856 975 927 Χριστοῦ
1008 857 1346 928 προσηγορίᾳ
1371 856 1747 927 τετιμημένον.
1770 856 1941 908 Τοῦτο

376 949 469 1001 καὶ
516 948 808 1019 προφητῶν
852 948 1170 1018 κατεπλάγη
1213 966 1297 1012 τις
1337 948 1479 1001 θείου
1524 948 1836 1018 Πνεύματος
1886 948 1941 1000 ὀ-

376 1036 607 1107 φθαλμῷ
631 1038 690 1090 τὸ
706 1037 893 1107 μέλλον
915 1036 1131 1090 ἔσεσθαι
1157 1036 1563 1108 προθεωρήσας,
1593 1037 1668 1099 ὡς
1695 1036 1788 1090 καὶ
1816 1036 1939 1090 τάδε

376 1128 811 1198 ἀναφθέγξασθαι
834 1144 848 1158 ο
891 1147 910 1179 ι
940 1129 1036 1193 Τίς
1073 1129 1270 1199 ἢκουσε
1295 1129 1553 1194 τοιαῦτα;
1598 1129 1691 1182 καὶ
1711 1129 1796 1193 τίς
1824 1129 1940 1182 ὲλὰ·

377 1220 539 1291 λησεν
567 1220 738 1283 οὕτως
767 1220 913 1291 (67);
943 1221 992 1272 εί
1025 1218 1178 1273 ῶδινε
1204 1220 1276 1290 γῆ
1307 1221 1364 1272 ὲν
1402 1221 1498 1290 μιᾷ
1527 1220 1729 1291 ἡμέρᾳ,
1765 1221 1860 1274 καὶ
1890 1222 1939 1273 εί

378 1312 570 1383 ἐτέχθη
615 1311 765 1375 ἔθνος
814 1309 1068 1382 εἰσάπαξς
1096 1329 1115 1361 ι
1153 1310 1538 1380 Ὑποσημαίνει
1580 1311 1640 1364 δέ
1683 1328 1799 1374 πως
1847 1313 1941 1364 καὶ

377 1406 475 1475 τὴν
502 1403 797 1474 μέλλουσαν
818 1403 847 1455 ὁ
878 1400 1041 1464 αὐτὸς
1083 1400 1469 1471 προσηγορίαν,
1503 1400 1708 1469 λέγων·
1751 1421 1770 1453 ι
1818 1400 1941 1465 Τοῖς

377 1495 435 1548 δὲ
455 1491 758 1547 δουλεύουσί
791 1509 880 1561 μοι
903 1490 1230 1562 κληθήσεται
1249 1490 1418 1561 ὄνομα
1446 1492 1646 1557 καινὸν,
1675 1492 1703 1545 ὃ
1721 1493 1943 1563 εὐλογη-

378 1586 602 1658 θήσεται
656 1585 748 1637 ἐπὶ
784 1584 883 1653 τῆς
933 1582 1057 1651 γῆς.
1103 1600 1121 1632 ι
1166 1580 1304 1633 Ἀλλ’
1357 1583 1407 1634 εί
1455 1582 1550 1635 καὶ
1594 1582 1704 1635 νέοι
1752 1581 1941 1650 σαφῶς

379 1677 558 1746 ἡμεῖς,
589 1672 856 1729 καὶτοῦτο
884 1671 1067 1725 καινὸν
1110 1671 1279 1736 ὅντως
1315 1672 1486 1743 ὄνομα
1514 1671 1575 1724 τὸ
1602 1671 1942 1742 Χριστιανῶν

380 1763 582 1835 ἀρτίως
610 1760 761 1833 παρὰ
793 1762 957 1813 πᾶσιν
984 1758 1158 1813 ἔθνεσι
1185 1760 1526 1834 γνωρίζεται,
1559 1763 1587 1816 ὁ
1633 1760 1745 1830 βίος
1783 1760 1827 1814 δ’
1849 1756 1941 1815 οὖν

375 1825 526 1923 ὅμως
554 1825 649 1906 καὶ⁵
672 1825 771 1922 τῆς
783 1851 1003 1922 ἀγωγῆς
1032 1852 1061 1904 ὁ
1086 1825 1315 1925 τρόπος,
1338 1825 1519 1917 αὐτοῖς
1554 1825 1833 1916 εὐσεὸείας
1856 1852 1940 1906 δό-
1976 1825 2016 1879 Β

376 1959 601 2014 γμασιν,
622 1944 703 1997 ὅτι
734 1945 809 2017 μὴ
842 1945 1065 2017 ἔναγχος
1099 1944 1188 2014 ὑφ’
1231 1943 1388 2015 ήμῶν
1425 1942 1843 2008 ὲπιπέπλασται,
1880 1946 1944 1997 ὲκ

376 2035 601 2109 πρώτης
620 2037 675 2088 δὲ
703 2036 777 2100 ὡς
791 2038 961 2089 εἰπεῖν
984 2034 1421 2107 ἀνθρωπογονίας
1437 2037 1689 2103 φυσικαῖς
1717 2036 1945 2101 ὲννοίαις

376 2130 486 2183 τῶν
519 2129 687 2183 πάλαι
717 2128 978 2197 θεοφιλῶν
1021 2126 1229 2198 ἀνδρῶν
1274 2124 1639 2197 κατωρθοῦτο,
1695 2120 1799 2180 ὧδέ
1829 2144 1945 2190 πως

376 2217 733 2287 ἐπιδείξομεν.
782 2218 854 2269 Οὐ
882 2215 1019 2280 νέον,
1052 2214 1186 2268 ἀλλὰ
1224 2213 1319 2267 καὶ⁵
1349 2212 1499 2284 παρὰ
1532 2214 1695 2265 πᾶσιν
1731 2210 1943 2283 ἀνθρώ-

379 2325 503 2372 ποις
551 2308 866 2379 ἀρχαιότητι
914 2304 1276 2376 τετιμημένον
1319 2302 1492 2368 ἔθνος,
1538 2305 1649 2366 τοῖς
1687 2305 1821 2356 πᾶσι
1854 2303 1947 2355 καὶ

379 2398 511 2451 αὐτὸ
530 2396 822 2468 γνώριμον,
854 2396 913 2449 τὸ
946 2396 1208 2466 Ἐϐραίων
1237 2394 1509 2465 τυγχάνει.
1527 2394 1687 2462 Λόγοι
1709 2393 1771 2463 δὴ
1800 2394 1947 2465 παρὰ

379 2487 554 2558 τούτῳ
597 2486 691 2541 καὶ
724 2485 1027 2557 γράμματα
1075 2484 1336 2548 παλαιοὺς
1368 2483 1564 2553 ἄνδρας
1610 2482 1945 2554 περιέχουσι,

383 2578 643 2641 σπανίους
689 2578 786 2648 μὲν
825 2577 918 2631 καὶ
958 2575 1174 2647 ἀριθμῷ
1204 2575 1444 2648 βραχεῖς,
1478 2574 1590 2626 ἀλλ’
1617 2576 1764 2644 ὅμως
1795 2574 1947 2625 ευσε-

382 2670 504 2741 6εία
535 2671 628 2721 καὶ
655 2662 965 2740 δικαιοσῦνῃ
995 2668 1089 2722 καὶ
1117 2668 1265 2740 πάσῃ
1296 2669 1359 2737 τῇ
1390 2666 1547 2736 λοιπῇ
1575 2663 1946 2732 διενεγκόντας

379 2761 571 2835 ἀρετῇ,
634 2760 747 2833 Πρὸ
774 2761 873 2832 μέν
905 2777 969 2829 γε
1023 2759 1115 2813 τοῦ
1168 2757 1577 2829 κατακλυσμοῦ,
1622 2755 1948 2826 διαφόρους’

383 2853 523 2925 μετὰ
550 2853 607 2907 δὲ
629 2855 724 2906 καὶ
750 2852 957 2917 τοῦτον,
984 2852 1206 2923 ἑτέρους
1233 2850 1341 2903 τῶν
1373 2866 1432 2902 τε
1461 2847 1554 2901 τοῦ
1589 2847 1710 2900 Νῶε
1740 2846 1949 2901 παίδων

382 2947 476 2999 καὶ
507 2944 808 3011 ἀπογόνων,
830 2942 970 3015 ἀτὰρ
996 2945 1088 2997 καὶ
1117 2942 1209 2996 τὸν
1246 2941 1493 3013 Ἀϐραὰμ
1521 2940 1655 3012 (68),
1682 2940 1741 2993 ὃν
1772 2941 1946 3014 ἀρχη-

381 3037 477 3105 γὸν
527 3036 621 3090 καὶ
675 3036 992 3105 προπάτορα
1028 3034 1177 3103 σφῶν
1224 3033 1404 3087 αὐτῶν
1451 3032 1640 3097 παῖδες
1684 3032 1948 3106 Ἐϐραίων

381 3126 628 3196 αὐχοῦσι.
652 3124 867 3187 Πάντας
887 3124 931 3177 δ’
968 3123 1206 3186 ἐκείνους
1237 3122 1546 3193 δικαιοσύνῃ
1595 3138 1949 3194 μεμαρτυρη·

384 3217 604 3286 μένους,
632 3216 692 3282 ὲξ
716 3215 881 3269 αὑτοῦ
902 3215 995 3269 τοῦ
1021 3214 1269 3286 Ἀϐραὰμ
1295 3216 1386 3269 ἐπὶ
1408 3216 1500 3269 τὸν
1522 3214 1739 3287 πρῶτον
1769 3214 1948 3269 ἀνιοῦ-

385 3325 469 3362 σιν
503 3307 808 3380 ἄνθρωπον,
831 3307 979 3379 ἔργῳ
1021 3307 1377 3376 Χριστιανοὺς
1407 3309 1456 3360 εί
1493 3306 1588 3360 καὶ
1619 3304 1694 3377 μὴ
1726 3304 1949 3376 ὀνόματι

383 3396 695 3468 προσειπών
713 3414 818 3461 τις,
845 3397 945 3450 οὐκ
974 3394 1039 3448 ἂν
1062 3394 1217 3458 em;
1241 3394 1390 3465 βάλοι
1434 3396 1531 3466 τῆς
1575 3393 1849 3466 ἀληθείας.
1884 3394 1949 3446 Ὃ

382 3490 495 3559 γάρ
536 3505 619 3541 τοι
663 3486 856 3557 δηλοῦν
896 3485 1067 3539 ἐθέλει
1102 3484 1340 3556 τοῦνομα
1369 3486 1431 3539 τὸ
1457 3485 1783 3558 Χριστιανοῦ
1814 3485 1946 3556 (69),

383 3579 555 3650 ἄνδρα
579 3577 667 3631 διὰ
690 3577 790 3646 τῆς
820 3576 916 3630 τοῦ
944 3575 1179 3646 Χριστοῦ
1203 3574 1456 3643 γνώσεως
1477 3576 1569 3630 καὶ
1584 3574 1945 3639 διδασκαλίας,

387 3668 711 3739 σωφροσύνῃ
744 3667 841 3721 καὶ
887 3665 1220 3737 δικαιοσύνῃ,
1272 3668 1534 3739 καρτερίᾳ
1578 3684 1640 3720 τε
1693 3666 1807 3737 βίου
1855 3666 1949 3720 καὶ

382 3759 587 3829 ἀρετῆς
617 3759 829 3831 ἀνδρίᾳ,
858 3757 1135 3821 εὐσεϐείας
1176 3775 1238 3811 τε
1281 3757 1538 3830 ὁμολογίᾳ
1568 3758 1685 3821 ἐνὸς
1723 3760 1816 3811 καὶ
1850 3757 1947 3827 μό-

383 3867 477 3903 νου
502 3851 595 3904 τοῦ
625 3852 717 3904 ἐπὶ
740 3851 957 3906 πάντων
988 3851 1122 3904 Θεοῦ
1145 3850 1487 3921 διαπρέπειν,
1506 3849 1663 3904 τοῦτο
1687 3850 1794 3903 πᾶν
1815 3848 1950 3902 ὲκεί-

383 3955 495 4002 νοις
521 3939 580 3991 οὐ
602 3943 779 4010 χεῖρον
813 3939 967 4011 ἡμῶν
987 3939 1364 4004 ἐσπουδάζετο.
1393 3938 1518 3994 061’
1562 3936 1656 3994 οὖν
1700 3938 1948 4011 σώματος

382 4030 565 4093 αὐτοῖς
595 4030 894 4104 περιτομῆς
919 4029 1128 4102 ἔμελεν,
1159 4031 1241 4084 ὅτι
1284 4029 1417 4100 μηδὲ
1452 4032 1616 4103 ἡμῖν⁸
1651 4033 1713 4086 οὐ
1748 4033 1949 4087 σαϐϐά-

381 4138 491 4176 των
535 4124 932 4195 έπιτηρήσεως,
982 4124 1064 4175 ὅτι
1135 4121 1270 4193 μηδὲ
1324 4124 1493 4193 ἡμῖν’
1531 4123 1646 4178 ἀλλ’
1676 4124 1796 4177 οὐδὲ
1840 4127 1948 4179 τῶν

381 4212 597 4269 τοιῶνδε
620 4215 831 4286 τροφῶν
857 4215 1272 4286 ωραφυλακῆς,
1298 4215 1421 4269 οὐδὲ
1461 4216 1571 4269 τῶν
1605 4216 1781 4271 ἄλλων
1833 4218 1949 4271 δια-

384 4303 595 4376 στολῆς,
624 4306 723 4359 ὃσα
743 4308 853 4369 τοῖς
878 4308 1171 4377 μετέπειτα
1202 4306 1417 4378 πρῶτος
1431 4308 1684 4362 ἁπάντων
1710 4310 1950 4381 Μωῦσῆς

381 4395 688 4468 ἀρξάμενος
716 4398 774 4451 ὲν
816 4397 1103 4468 συμϐόλοις
1144 4399 1411 4452 τελεῖσθαι
1442 4400 1840 4472 παραδέδωκεν,
1866 4403 1950 4457 ὅτι

2042 573 2475 644 inexpugnabilis
2502 573 2568 628 ad
2595 573 2710 629 haec
2736 583 2791 628 et
2826 573 3022 628 invicta
3049 588 3114 630 eo
3134 576 3276 644 quod
3327 574 3419 631 Dei
3444 581 3599 634 auxi-

2038 665 2112 720 lio
2139 680 2352 735 semper
2379 665 2581 719 munita
2626 666 2717 728 sit,
2752 665 2970 720 statutis
2998 665 3064 720 ab
3105 680 3302 723 arcana
3336 669 3429 724 Dei
3473 686 3601 742 pro-

2040 755 2278 810 videntia
2297 755 2627 824 temporibus
2647 764 2864 825 repente
2881 757 2931 811 in
2953 757 3121 812 lucem
3138 759 3384 824 emersit,
3399 759 3474 815 Ch
3484 761 3598 815 risti

2040 844 2259 899 nomine
2299 844 2441 914 apud
2487 859 2674 898 omnes
2703 845 2902 915 ubique
2940 847 3243 904 nobilitata.
3279 849 3431 904 llanc
3471 866 3600 918 pro-

2040 936 2199 1004 pheta
2222 934 2438 1004 quidam
2470 935 2632 989 divini
2658 933 2893 1004 Spiritus
2922 939 3077 994 oculo
3118 955 3239 995 cum
3281 945 3597 1012 prospexis-

2040 1033 2142 1089 set,
2175 1033 2325 1078 tanta
2359 1023 2714 1079 admiratione
2740 1028 3018 1096 perculsus
3048 1038 3149 1095 est,
3178 1041 3237 1085 ut
3264 1032 3347 1089 his
3373 1037 3601 1091 vocibus

2040 1115 2406 1172 exclamaret:
2444 1134 2464 1169 ι
2504 1116 2635 1184 Quis
2664 1118 3117 1177 audivittalia?et
3133 1124 3254 1193 quis
3286 1126 3367 1180 sic
3394 1126 3601 1183 locutus

2041 1207 2164 1262 est?
2209 1206 2463 1276 Nunquid
2499 1210 2756 1277 parturiit
2807 1219 2947 1264 terra
2981 1211 3035 1266 in
3082 1227 3187 1266 una
3221 1214 3344 1270 die?
3370 1225 3424 1271 et
3455 1234 3603 1272 nun-

2041 1298 2168 1368 quid
2198 1314 2328 1369 gens
2348 1299 2490 1354 edita
2515 1308 2597 1354 est
2626 1315 2732 1355 uno
2764 1303 2964 1369 partu?
3001 1320 3020 1354 ι
3062 1303 3230 1373 ipsam
3262 1321 3388 1362 vero
3415 1310 3604 1379 appel-

2043 1391 2295 1445 lationem
2325 1391 2463 1446 idem
2487 1392 2751 1462 propheta
2785 1393 3048 1463 designat,
3088 1396 3201 1452 haec
3230 1398 3413 1454 dicens
3442 1418 3457 1455 :
3495 1419 3515 1454 ι
3538 1401 3604 1455 Ει

2042 1481 2403 1536 servientibus
2435 1482 2563 1537 mihi
2614 1484 2920 1552 imponetur
2966 1501 3161 1542 nomen
3210 1504 3432 1557 novum,
3461 1496 3603 1561 quod

2043 1572 2392 1626 benedicetur
2430 1573 2484 1627 in
2542 1583 2682 1628 terra
2700 1574 2786 1629 ¹⁸⁴’.
2826 1594 2847 1628 ι
2891 1576 3089 1633 Verum
3151 1582 3367 1638 tametsi
3398 1584 3605 1654 absque

2041 1665 2411 1719 controversia
2466 1664 2662 1720 novelli
2708 1682 2914 1736 sumus,
2971 1677 3027 1724 et
3078 1670 3181 1727 hoc
3224 1687 3419 1729 novum
3458 1685 3607 1734 certe

2044 1753 2475 1810 Christianorum
2512 1770 2712 1810 nomen
2745 1772 2918 1828 nuper
2948 1760 3197 1819 omnibus
3224 1763 3487 1833 innotuit;
3518 1783 3608 1823 se-

2045 1853 2186 1901 ctam
2216 1854 2394 1900 tamen
2417 1846 2790 1918 rationemque
2818 1849 3026 1904 vivendi
3045 1867 3153 1909 non
3180 1868 3372 1911 recens
3396 1871 3425 1910 a
3448 1858 3607 1914 nobis

2044 1938 2424 2004 compositam,
2476 1937 2571 1991 sed
2614 1936 2727 2007 jam
2761 1939 2889 1995 inde
2930 1954 2960 1995 a
2987 1943 3182 2011 primo,
3209 1951 3269 1998 ut
3297 1946 3369 2000 ita
3401 1946 3602 2012 dicam,

2044 2028 2265 2082 conditu
2301 2028 2515 2098 generis
2538 2028 2777 2097 humani,
2806 2046 2872 2086 ex
2905 2032 3215 2090 notionibus
3245 2049 3275 2089 a
3306 2046 3499 2093 natura
3523 2040 3607 2094 in-

2046 2117 2188 2183 sitis,
2212 2118 2278 2172 ab
2315 2118 2627 2175 hominibus
2655 2119 2765 2175 Deo
2813 2125 3050 2191 acceptis
3077 2124 3388 2183 institutam
3436 2138 3608 2199 atque

2046 2210 2312 2263 excultum
2345 2210 2532 2275 fuisse,
2579 2211 2659 2265 sic
2709 2211 3081 2270 demonstrare
3128 2218 3467 2275 conabimur.
3499 2219 3607 2277 Περ

2047 2301 2314 2356 hrteorum
2348 2310 2561 2372 gentem
2590 2303 3005 2374 haudquaquam
3046 2319 3316 2365 recentem
3343 2325 3485 2380 esse,
3509 2314 3607 2370 sed

2049 2394 2330 2448 vetustatis
2369 2394 2541 2464 gratia
2575 2394 2714 2464 apud
2739 2410 2929 2452 omnes
2957 2397 3008 2452 in
3035 2397 3240 2456 honore
3263 2401 3453 2458 haberi
3481 2417 3608 2459 cun-

2051 2484 2153 2539 ctis
2184 2484 2530 2538 notissimum
2557 2494 2661 2541 est.
2695 2485 2833 2541 Sunt
2859 2487 2999 2556 apud
3038 2503 3157 2544 eam
3199 2491 3377 2562 prisca
3413 2509 3604 2550 monu-

2051 2584 2271 2648 menta”
2304 2574 2357 2629 in
2387 2574 2584 2644 quibus
2626 2577 2972 2633 continentur
3021 2595 3110 2637 res
3161 2593 3327 2652 gesta:
3362 2572 3607 2643 veterum

2049 2666 2402 2735 quorumdam
2435 2668 2805 2740 virorum,qui
2834 2671 2963 2726 licet
2991 2672 3100 2728 rari
3123 2688 3187 2730 ac
3213 2677 3491 2746 perpauci,
3520 2690 3611 2732 re-

2049 2761 2269 2831 ligione,
2297 2760 2505 2829 iustitia
2528 2776 2592 2816 ac
2618 2763 2829 2819 caeteris
2853 2764 3140 2821 virtutibus
3166 2766 3401 2837 reliquos
3419 2782 3610 2825 omnes

2049 2848 2206 2920 longe
2246 2858 2591 2918 superarunt.
2626 2851 2694 2905 Et
2739 2860 2865 2906 ante
2911 2851 3171 2909 diluvium
3217 2856 3436 2921 quidem
3473 2871 3614 2912 non-

2047 2940 2179 2995 nulli
2230 2950 2763 2998 commemorantur:
2795 2952 2916 3013 post
2959 2943 3217 2999 diluvium
3265 2956 3444 3003 autem
3494 2948 3609 3013 alii.

2048 3032 2243 3101 partim
2272 3048 2338 3087 ex
2368 3033 2481 3089 Noe
2534 3034 2742 3101 liberis,
2779 3034 2975 3104 partim
3005 3049 3074 3091 ex
3126 3050 3313 3093 eorum
3354 3039 3610 3108 posteris.

2052 3122 2194 3178 lnter
2212 3138 2349 3193 quos
2373 3125 2538 3180 etiam
2561 3125 2829 3181 Abraham
2851 3142 3008 3196 quem
3033 3126 3249 3197 quidem
3277 3130 3610 3184 conditorem

2050 3225 2435 3285 auctoremque
2477 3216 2693 3283 generis
2728 3215 2810 3269 sui
2844 3215 3055 3285 jactant
3093 3213 3326 3271 Hebraei.
3367 3216 3519 3284 Quod
3565 3219 3614 3274 si

2047 3307 2171 3377 quis
2201 3321 2392 3362 omnes
2416 3305 2559 3369 illos,
2586 3320 2816 3376 quorum
2841 3305 3054 3374 justitia
3087 3314 3196 3358 tam
3233 3305 3433 3361 illustri
3467 3308 3614 3363 testi-

2050 3397 2232 3453 monio
2255 3396 2603 3467 comprobata
2630 3405 2745 3461 est,
2776 3395 2845 3451 ab
2876 3395 3150 3450 Abraham
3192 3395 3348 3451 initio
3372 3409 3612 3468 sumpto,

2048 3489 2117 3545 ad
2154 3490 2388 3561 primum
2419 3502 2593 3557 usque
2624 3487 2900 3543 hominem
2930 3501 3239 3553 recurrens,
3275 3487 3616 3545 Christianos

2049 3595 2156 3635 non
2199 3578 2415 3648 quidem
2458 3578 2679 3635 nomine
2700 3579 2793 3633 sed
2825 3593 2883 3634 re
2925 3576 3040 3647 ipsa
3077 3577 3245 3634 fuisse
3291 3576 3539 3648 afﬁrmet,
3568 3582 3616 3637 is

2049 3680 2200 3726 certe
2232 3684 2336 3724 non
2373 3667 2559 3739 procul
2590 3682 2621 3722 a
2646 3668 2878 3722 veritate
2909 3668 3266 3723 aberraverit.
3316 3668 3452 3724 Nam
3489 3685 3614 3725 cum

2048 3761 2344 3819 Christiani
2369 3761 2589 3817 nomine
2616 3760 2748 3815 nihil
2771 3760 2914 3814 aliud
2943 3759 3297 3830 significetur,
3327 3761 3432 3832 ιθ
3452 3776 3614 3830 quam

2051 3856 2134 3910 vir
2173 3854 2265 3925 qui
2299 3868 2398 3924 per
2443 3850 2649 3908 Christi
2686 3850 3054 3920 cognitionem
3105 3860 3269 3921 atque
3311 3852 3614 3907 doctrinam

2050 3946 2334 4012 modestia,
2368 3943 2603 4015 iustitia,
2637 3943 2943 4008 tolerantia,
2975 3941 3299 3997 fortitudine
3327 3950 3382 3998 et
3403 3942 3616 4012 pietatis

2049 4035 2337 4105 cultusque
2387 4035 2551 4089 unius
2600 4031 2691 4101 qui
2722 4046 2885 4101 super
2915 4030 3099 4087 omnia
3133 4039 3236 4095 est,
3274 4029 3366 4086 Dei
3398 4030 3613 4100 profes-

2049 4126 2201 4181 sione
2226 4132 2453 4180 ornatus
2476 4130 2592 4191 est;
2618 4123 2737 4178 haec
2759 4122 2939 4175 omnia
2964 4130 3178 4175 veteres
3198 4120 3275 4173 illi
3299 4135 3403 4174 non
3434 4120 3615 4174 minus

2049 4217 2289 4272 studiose
2319 4231 2479 4287 quam
2506 4230 2605 4270 nos
2638 4214 3013 4269 excoluerunt.
3046 4209 3235 4282 ltaque
3259 4225 3357 4268 nec
3383 4212 3616 4265 circum-

2050 4308 2333 4373 cisionem,
2370 4321 2473 4362 nec
2519 4304 2815 4361 Sabbatum
2849 4303 3141 4358 observare
3180 4316 3323 4357 cura:
3357 4300 3463 4356 illis
3512 4298 3617 4354 fuit

2051 4399 2194 4454 sicut
2229 4412 2332 4452 nec
2357 4395 2512 4452 nobis
2544 4413 2559 4450 :
2593 4408 2769 4464 neque
2795 4408 2825 4447 a
2865 4392 3032 4447 certis
3054 4391 3194 4445 cibis
3232 4390 3532 4453 abstinere,
3560 4400 3617 4442 ct

386 4489 520 4558 μηδὲ
580 4487 675 4541 νῦν
695 4489 1036 4560 Χριστιανῶν
1074 4489 1141 4543 τὰ
1175 4489 1428 4545 τοιαῦτα·
1461 4492 1597 4546 ἀλλὰ
1636 4495 1731 4548 καὶ⁵
1756 4495 1945 4564 σαφῶς

2049 4492 2155 4546 alia
2182 4491 2430 4562 quaedam
2482 4488 2717 4543 sollicite
2752 4486 3043 4541 observare
3085 4499 3203 4553 quas
3247 4483 3453 4553 primus
3496 4497 3616 4538 om-

460 4581 529 4612 "'
557 4579 661 4634 lsa.
699 4596 824 4636 uvr
850 4591 903 4635 et
930 4596 1098 4634 uvn.
1149 4602 1159 4624 ι

455 4669 566 4742 (67)
603 4668 713 4742 Kal
739 4671 832 4742 τις
858 4668 1164 4742 ἐλάλησεν
1186 4671 1392 4742 οὕτως.
1413 4671 1469 4726 lu
1502 4672 1651 4728 Isaiae
1676 4688 1793 4742 cap.
1818 4691 1943 4730 uvr

455 4689 566 4742 tut)
603 4689 713 4725 nat
739 4689 832 4738 τις
858 4689 1164 4737 caunas?-
1186 4689 1392 4738 ουτως.
1413 4689 1469 4726 tu
1503 4689 1651 4728 tsatae
1676 4689 1736 4728 ea
1780 4715 1793 4730 .
1818 4691 1942 4730 ωινι

386 4739 579 4812 legitur
625 4740 718 4812 καὶ
765 4740 1132 4812 τίςίὲώρακεν
1178 4740 1594 4812 οὖτῳςηΑιῳιε
1619 4743 1691 4796 ita
1743 4689 1846 4798 hoc
1890 4746 1942 4798 in

383 4808 503 4863 loco
553 4811 816 4879 scriptum
865 4808 1065 4865 habent
1106 4810 1264 4865 codd.
1304 4810 1439 4866 Fuk.
1468 4808 1523 4865 εἰ
1574 4810 1787 4866 Savilii.
1836 4812 1942 4870 Sed

384 4879 654 4946 vulgatam
684 4881 966 4933 lectionem
1002 4890 1249 4934 asserunt
1277 4881 1468 4948 reliqui
1503 4882 1720 4935 codices
1746 4890 1801 4936 et
1831 4883 1944 4935 liu-

385 4950 477 5000 lini
510 4948 705 5004 versio.
748 4948 837 5002 Sic
877 4948 1022 5001 enim
1064 4952 1230 5003 vertit
1273 4948 1536 5003 Ruﬁnus:
1571 4950 1702 5015 Quis
1739 4953 1939 5006 audivit

383 5016 537 5088 talia,
573 5026 619 5069 et
646 5020 761 5086 quis
796 5019 997 5071 locutus
1023 5031 1097 5076 est
1130 5020 1244 5073 ita?
1268 5017 1327 5071 Si
1357 5022 1549 5088 peperit
1579 5034 1720 5074 terra
1750 5021 1806 5075 in
1834 5036 1941 5075 una

383 5087 488 5151 die,
513 5097 559 5156 et
590 5088 638 5139 si
661 5089 834 5154 genita
862 5097 934 5140 est
969 5103 1095 5156 gens
1120 5091 1184 5141 de
1216 5088 1395 5142 semel.

456 5155 565 5228 (68)
610 5156 778 5229 lArdp
827 5155 1089 5229 καὶξτὸν
1153 5157 1418 5229 Ἁϐραάμ.
1464 5156 1734 5229 Musculus
1781 5159 1944 5214 vertit

383 5225 559 5297 utpote
584 5228 799 5297 Alqrum
823 5236 871 5278 et
895 5225 1270 5281 Abrahamum.
1299 5225 1379 5281 Ad
1402 5243 1560 5297 quem
1592 5228 1766 5297 locum
1792 5238 1943 5282 notat

378 5295 617 5350 Joannes
653 5295 911 5368 Grynaeus
949 5298 1226 5368 legendum
1267 5298 1366 5352 sibi
1406 5295 1571 5368 videri
1619 5296 1820 5363 There,
1847 5297 1941 5367 qui

383 5368 483 5419 fuit
506 5376 657 5432 pater
682 5364 931 5425 Abrahae.
958 5364 1025 5418 de
1052 5382 1158 5434 quo
1183 5369 1233 5419 in
1256 5382 1375 5436 cap.
1403 5383 1456 5421 χι
1484 5364 1774 5422 Geneseos.
1792 5364 1937 5434 Quin

382 5436 543 5487 etiam
570 5437 635 5486 ad
660 5437 952 5500 marginem
983 5438 1188 5491 codicis
1212 5436 1390 5490 Mor-sei
1412 5475 1429 5499 ,
1456 5439 1538 5488 vir
1562 5438 1754 5490 doctus
1776 5442 1944 5491 adno-

384 5515 597 5586 tavera‘t'
616 5504 752 5558 forte
772 5504 1331 5586 Θαράμὲενίὺειιάυω
1353 5520 1495 5586 esse.
1512 5505 1625 5586 Sed
1651 5505 1765 5586 haec
1790 5520 1944 5586 puga!

383 5584 528 5627 sunt.
556 5573 738 5642 Neque
779 5573 922 5628 enim
967 5573 1229 5628 Tharratn
1278 5585 1429 5644 pater
1463 5576 1694 5628 Abraltte
1740 5575 1839 5628 fuit
1868 5573 1943 5630 lex

384 5658 609 5713 numero
630 5658 814 5713 eorum
857 5659 992 5712 quos
1019 5647 1160 5699 Deus
1195 5644 1469 5713 praecipuo
1507 5645 1738 5712 quodam
1762 5659 1945 5699 amore

384 5711 590 5783 dilexit.
617 5712 671 5767 ld
694 5724 841 5767 certe
876 5711 980 5767 non
1025 5711 1223 5783 legitur
1245 5716 1298 5767 iu
1343 5711 1535 5766 sacris
1561 5713 1944 5769 voluminibus.

384 5777 494 5834 lino
522 5784 678 5851 plane
700 5785 1029 5839 contrarium
1055 5777 1121 5839 εἰ
1150 5785 1232 5839 his
1273 5783 1396 5839 elici
1437 5790 1636 5852 potest.
1667 5783 1943 5854 Siquidem

2055 4675 2194 4730 Deus
2220 4688 2340 4727 cum
2364 4673 2731 4727 Abrahamum
2759 4669 2860 4724 sibi
2886 4666 3083 4730 eligere
3108 4666 3287 4729 vellet,
3311 4678 3365 4723 et
3388 4666 3455 4721 ad
3495 4682 3616 4721 ma-

2050 4747 2317 4800 ximarum
2343 4757 2525 4797 rerum
2550 4755 2697 4809 spem
2722 4754 2787 4793 ac
2812 4738 3218 4807 promissionem
3245 4753 3458 4800 vocare,
3487 4752 3615 4789 ante

2050 4814 2229 4867 omnia
2268 4827 2390 4868 eum
2418 4827 2481 4866 ex
2521 4811 2680 4865 domo
2720 4810 2985 4863 Tharram
3035 4808 3205 4874 patris
3246 4808 3329 4861 sui
3377 4809 3615 4873 migrare

2048 4831 2229 4867 omnta
2268 4831 2390 4867 eum
2418 4831 2481 4866 ex
2521 4831 2680 4865 (101ηο
2731 4831 2985 4863 Illarrulu
3036 4831 3205 4867 patris
3246 4831 3329 4861 sur
3377 4831 3533 4867 lutgr;

2042 4885 2223 4952 jussit.
2252 4885 2426 4949 Atque
2455 4881 2536 4952 ita
2580 4877 2884 4952 Tharramg
2924 4878 3225 4952 repudiato,
3267 4877 3410 4932 Deus
3432 4878 3612 4952 Abra-

2051 4946 2266 5007 hamum
2290 4946 2419 5021 eius
2444 4950 2614 5005 lilium
2640 4949 2819 5021 elegit.
2845 4946 3005 5021 certe
3028 4946 3386 5021 'l‘harramum
3413 4949 3614 5021 «tremo.

2043 5038 2173 5077 num
2200 5016 2365 5076 cultui
2391 5019 2631 5075 deditum
2681 5016 2850 5072 fuisse
2895 5016 3011 5082 ipse
3055 5026 3285 5070 testatur
3325 5016 3610 5077 Eusebius.

2041 5106 2165 5146 cum
2189 5092 2263 5144 ait
2286 5090 2444 5159 paulo
2466 5099 2600 5159 post
2621 5090 2686 5159 de
2711 5086 3019 5159 Abraliattto
3047 5102 3061 5159 ι
3084 5085 3185 5159 τῆς
3215 5084 3484 5159 πατρῴας
3505 5085 3612 5159 Δμὲν

2042 5154 2298 5225 ἀποστὰς
2322 5158 2776 5230 δεισιδαιμονίας,
2795 5154 2959 5230 Ἀτᾴρ
2994 5154 3155 5230 igitur
3172 5157 3261 5211 hic
3299 5154 3611 5230 adverbium

2043 5243 2152 5296 est,
2176 5240 2235 5284 ut
2259 5242 2403 5284 recte
2428 5231 2479 5282 in
2522 5225 2617 5281 ora
2660 5228 2865 5296 ευιιὶεἰε
2893 5225 3042 5296 Regii
3071 5228 3366 5296 adnotatur
3398 5225 3612 5296 adduce

2043 5243 2152 5296 est,
2176 5240 2235 5284 ut
2259 5242 2403 5284 recte
2429 5240 2479 5282 in
2522 5244 2617 5281 ora
2660 5240 2865 5280 mutuets
2893 5240 2968 5276 tte
3009 5240 3042 5276 ll
3071 5240 3365 5279 attnomtur
3398 5240 3465 5278 au
3498 5240 3612 5276 haec

2041 5300 2397 5424 Σᾶξέἐέἓιρ
2421 5298 2536 5365 καὶ,
2558 5296 2700 5352 τοῦτ’
2725 5295 2838 5350 ἐστι
2865 5240 3065 5366 uulgi},
3091 5295 3125 5367 ἦ
3154 5294 3314 5367 πλὴν,
3342 5294 3435 5348 ἅτε
3466 5292 3551 5364 δὴ,
3579 5292 3613 5364 ἦ

2081 5387 2166 5425 ντι
2185 5387 2278 5424 του
2300 5387 2377 5424 οε.

2117 5440 2229 5510 (69)
2273 5441 2335 5510 f0
2358 5439 2471 5509 γάρ
2496 5455 2587 5494 τοι
2609 5435 2839 5510 δηλοῦν
2864 5436 3057 5495 ἐθέλει
3092 5438 3355 5506 τοῦνομα
3376 5434 3444 5488 τὸ
3481 5433 3617 5510 Χρι-

2047 5506 2319 5565 στὶακοῦ.
2346 5506 2544 5564 Ouines
2572 5506 2742 5561 nostri
2780 5510 2994 5562 codices
3022 5523 3129 5559 uno
3170 5521 3435 5563 consensu
3475 5506 3618 5556 scri-

2049 5590 2199 5646 ptum
2232 5582 2433 5651 habent
2448 5578 2518 5651 ,_6
2540 5579 2650 5651 γάρ
2690 5593 2785 5651 τοι
2809 5577 3001 5649 δηλοῦν
3049 5575 3232 5651 ἐθέλοι-
3266 5573 3500 5644 τοῦνομα
3523 5573 3618 5651 τον

2050 5640 2375 5723 Χριστιανδν
2396 5640 2584 5723 ἄνδρα,
2610 5640 2715 5723 etc.
2733 5647 2822 5723 ΔΕιι
2855 5640 2961 5714 quo
2984 5648 3325 5701 scribendum
3354 5640 3479 5715 puto
3502 5640 3618 5696 τοῦι

2050 5716 2192 5791 νόμα
2215 5720 2274 5774 τὸ
2297 5716 2638 5791 Χριστιανὸν,
2662 5716 2849 5791 ἄνδρα,
2876 5724 2984 5772 etc.
