4154 6414
499 338 564 393 81
1519 331 1868 390 IHSTGRLE
1911 330 2472 388 ECCLESIASTlC/E
2515 330 2640 384 LIB.
2683 330 2724 386 1.
3670 332 3739 388 32

497 455 595 508 πὺν
618 453 723 506 ἀπὸ
752 457 848 526 τῆς
871 456 1133 527 ἐνσάρκου
1159 455 1250 508 τοῦ
1278 453 1528 525 Σωτῆρος
1550 455 1581 524 ἡ
1591 453 1704 524 μῶν
1733 452 2044 520 ἐπιᾳανείας

2178 451 2440 516 cessaria,
2467 450 2579 520 jam
2613 448 2890 520 prmmissa
2942 450 3072 514 sint,
3119 458 3367 521 superest
3403 459 3457 503 ιιι
3487 465 3514 502 a
3545 463 3740 516 carpo-

496 541 584 598 οἷά
638 563 780 608 τινος
829 547 1132 617 ὁδοιπορίας
1192 545 1547 616 tamtamen,
1597 544 1688 597 τὸν
1744 542 1836 596 τοῦ
1895 543 2066 608 Λόγου

495 636 715 706 Πατέρα
747 637 896 699 Θεὸν,
931 638 1024 689 καὶ
1051 638 1139 689 τὸν
1165 636 1485 706 δηλούμενον
1513 634 1673 688 αὐτὸν
1714 631 1916 704 Ἰησοῦν
1939 634 2068 704 Χρι-

497 726 617 778 στὸν
647 727 738 779 τὸν
771 728 998 795 Σωτῆρα
1033 728 1126 779 καὶ
1160 727 1363 797 Κύριον
1395 727 1549 798 ἡμῶν
1572 726 1663 778 τὸν
1691 725 1936 800 οὐράνιον
1973 725 2066 778 τοῦ

494 819 626 870 Θεοῦ
653 819 842 886 Λόγον,
879 819 1069 890 βοηθὸν
1103 823 1233 890 ἡμῖν
1267 821 1358 874 καὶ
1391 819 1645 891 συνεργὸν
1676 819 1774 888 τῆς
1808 817 1946 871 κατὰ
1969 819 2068 889 τὴν

492 909 740 980 διήγησιν
782 912 1038 981 ἀληθείας
1064 911 1536 980 ἐπικαλεσάμενοι.
1563 906 1669 960 ⁷Ην
1690 909 1753 980 δὴ
1780 905 1870 961 οὖν
1909 909 2067 962 τοῦτο

492 1003 740 1072 δεύτερον
771 1005 862 1055 καὶ
885 1005 1316 1075 τεσσαρακοστὸν
1351 1003 1467 1066 ἔτος
1492 1002 1601 1073 (71)
1634 1003 1732 1072 τῆς
1759 1001 2064 1069 Αὐγούστου

493 1094 792 1164 βασιλείας,
841 1096 1116 1164 Αἰγύπτου
1151 1097 1194 1149 δ’
1227 1099 1502 1167 ὑποταγῆς
1549 1096 1643 1150 καὶ
1692 1095 1790 1164 τῆς
1812 1095 2065 1166 τελευτῆς

503 1187 786 1240 Ἀντωνίου
828 1188 923 1240 καὶ
967 1188 1339 1260 Κλεοπάτρας,
1379 1192 1456 1254 είς
1497 1190 1562 1260 ἣν
1609 1188 1903 1259 ὑστάτηνή
1943 1189 2062 1242 κατ’

490 1276 760 1343 Αἴγυπτον
780 1275 887 1328 τῶν
910 1278 1074 1329 Πτολε
1085 1278 1256 1346 μαίων
1273 1278 1534 1348 κατέληξε
1559 1277 1863 1341 δυναστεία,
1882 1277 2063 1345 ὄγδοον

492 1365 608 1428 ἔτος
639 1367 732 1418 καὶ
760 1367 1021 1430 εἰκοστὸν,
1041 1367 1276 1438 ὁπηνίκα
1307 1370 1334 1421 ὁ
1363 1367 1549 1439 Σωτὴρ
1575 1367 1669 1421 καὶ
1691 1366 2062 1438 Κύριοςὴμῶν

502 1457 708 1528 Ἰησοῦς
755 1457 986 1529 Χριστὸς
1019 1458 1109 1511 ἐπὶ
1149 1459 1246 1528 τῆς
1296 1458 1414 1511 τότε
1455 1457 1674 1530 πρώτης
1716 1457 2060 1526 ἀπογραφῆς,

480 1549 752 1622 Κυρηνίου
775 1547 1196 1620 ἡγεμονεύοντος
1234 1551 1332 1621 τῆς
1362 1551 1560 1622 Συρίας
1591 1551 1723 1620 (7'2),
1756 1549 2062 1614 ἀκολούθως

485 1642 603 1702 ταῖς
641 1640 768 1712 περὶ
813 1640 976 1694 αὐτοῦ
1028 1641 1404 1713 προφητείαις,
1447 1643 1504 1693 ἐν
1535 1641 1780 1711 Βηθλεὲμ
1808 1643 2059 1708 γεννᾶται

485 1727 583 1798 τῆς
623 1729 896 1793 Ἰουδαίας.
917 1730 1128 1802 Ταύτης
1151 1731 1206 1784 δὲ
1240 1732 1337 1801 τῆς
1364 1731 1505 1785 κατὰ
1532 1733 1799 1803 Κυρήνιον
1819 1732 2062 1803 ἀπογρα-

487 1820 590 1890 φῆς
619 1821 712 1874 καὶ
740 1823 768 1874 ὁ
799 1823 904 1874 τῶν
946 1825 1074 1895 παρ’
1125 1824 1392 1896 Ἑϐραίοις
1434 1824 1830 1894 ἐπισημότατος
1858 1825 2058 1894 ἱστορι-

484 1911 595 1962 κῶν
634 1910 857 1976 Φλαύῖος
907 1913 1162 1983 Ἰώσηπος
1192 1913 1516 1984 μνημονεύει
1568 1914 1703 1985 (73),
1736 1915 1831 1967 καὶ
1889 1913 2053 1985 ἄλλην

482 2003 862 2056 ἐπισυνάπτων
895 2005 1132 2077 ἱστορίαν
1156 2007 1282 2076 περὶ
1311 2007 1408 2075 τῆς
1437 2005 1544 2059 τῶν
1585 2005 1878 2059 Γαλιλαίων
1915 2005 2056 2059 κατὰ

479 2095 608 2158 τοὺς
653 2096 848 2159 αὐτοὺς
895 2097 1216 2167 ὲπιφυείσης
1254 2099 1477 2169 χρόνους
1523 2097 1803 2168 αἱρέσεως,
1847 2093 1914 2168 ἦς
1958 2097 2054 2150 καὶ

481 2187 610 2257 παρ’
649 2189 780 2260 ἡμῖν
800 2189 828 2240 ὁ
853 2189 1063 2253 Λουκᾶς
1086 2191 1143 2242 ὲν
1162 2193 1280 2253 ταῖς
1303 2189 1538 2261 Πρὰξεσι-
1565 2191 1780 2260 μνήμην
1811 2181 1912 2242 ὧδέ
1935 2206 2052 2252 πως

478 2276 650 2346 λέγων
695 2279 1008 2350 πεποίηται⁸
1045 2298 1063 2332 ι
1096 2278 1250 2334 Μετὰ
1297 2279 1483 2333 τοῦτον
1532 2278 1728 2350 ἀνέστη
1784 2277 1979 2342 Ἰούδας
2019 2280 2048 2332 ὁ

547 2371 589 2402 ⁵⁸
616 2369 749 2442 Cap.
786 2387 841 2428 v.

547 2487 658 2558 (Ἠ)
698 2489 981 2555 Δεύτερον
1028 2485 1663 2558 καὶητεσσαρᾳκοστὸν
1705 2485 1857 2554 ἔτος.
1909 2485 2052 2542 Idem

480 2557 738 2612 numerus
775 2560 1001 2610 habetur
1028 2559 1080 2610 in
1113 2557 1371 2610 Chronico
1403 2557 1727 2610 Eusebiano.
1759 2557 1910 2610 Auno
1940 2572 2049 2611 XLII

479 2629 704 2694 Augusti
754 2627 909 2680 Jesus
963 2626 1202 2680 Christus
1247 2626 1422 2680 Filius
1476 2628 1571 2680 Dei
1639 2629 1694 2680 in
1745 2626 2047 2680 Bcthlehem

477 2697 633 2753 Iuda:
664 2700 921 2751 nascitur.
955 2700 1141 2751 Annus
1191 2712 1354 2767 porro
1384 2699 1586 2767 primus
1629 2698 1853 2764 Augusti
1873 2697 2044 2767 juxta

479 2768 911 2836 supputationem
938 2767 1151 2820 Eusebii
1192 2765 1253 2821 'is
1278 2765 1397 2832 est,
1423 2783 1527 2835 quo
1555 2767 1760 2821 Hirtius
1791 2774 1846 2820 et
1871 2765 2044 2822 Pansa

480 2835 731 2891 consules
779 2835 1012 2890 luerunt.
1047 2837 1285 2891 Proinde
1336 2839 1603 2891 secundus
1646 2848 1700 2890 et
1747 2837 2046 2905 quadrage-

479 2908 650 2960 simus
675 2908 898 2975 Augusti
944 2923 1118 2960 annus
1151 2907 1296 2961 cadit
1329 2908 1381 2960 in
1417 2908 1758 2960 consulatum
1804 2906 2043 2973 ejusdem

477 2977 703 3043 Augusti
761 2978 975 3030 tertium
1031 2976 1325 3031 decimum.
1383 2976 1510 3031 Haec
1561 2975 1628 3029 de
1679 2991 1819 3029 anno
1877 2976 2044 3031 natali

475 3046 701 3101 Christi.
749 3047 897 3100 Diem
950 3062 1077 3100 vero
1123 3047 1379 3101 neutrubi
1427 3047 1696 3115 expressit
1755 3045 2040 3115 Eusebius.

2176 541 2270 593 rali
2301 539 2612 595 Servatoris
2662 541 2833 593 nostri
2884 543 3197 608 praesentia,
3230 553 3484 610 tanquam
3523 545 3737 600 itineris

2173 632 2338 686 nostri
2362 647 2637 687 sumamus
2684 633 2916 691 initium.
2985 633 3198 688 Patrem
3238 635 3394 688 Verbi
3431 636 3618 698 Deum,
3653 636 3734 706 ip-

2169 732 2398 792 sumque
2434 723 2499 777 de
2536 737 2644 793 quo
2683 723 2916 794 agimus,
2959 721 3141 778 Jesum
3192 725 3494 790 Christum,
3542 727 3731 780 Domi—

2170 831 2296 868 num
2327 831 2389 870 ac
2421 815 2770 874 Servatorem
2807 832 3073 886 nostrum,
3103 821 3326 875 cmleste
3361 821 3453 876 Dei
3499 821 3731 879 Verbum

2169 907 2424 974 precibus
2459 908 2797 978 invocantes,
2829 920 2888 966 ut
2914 914 2979 966 ad
3022 914 3452 983 prosequendum
3485 913 3731 968 ordinem

2166 996 2420 1051 veritatis
2455 998 2756 1056 auxiliator
2797 1002 2950 1056 nobis
2984 1013 3148 1073 atque
3178 1004 3392 1071 adjutor
3413 1005 3503 1060 sit.
3539 1004 3733 1059 Aunus

2159 1088 2272 1157 jam
2300 1087 2563 1160 agebatur
2597 1092 2870 1148 secundus
2918 1105 2973 1149 et
3020 1096 3472 1166 quadragesimus
3518 1095 3733 1164 imperii

2162 1185 2418 1256 Augusti,
2457 1200 2486 1238 a
2549 1187 2773 1243 subacta
2814 1199 2995 1244 autem
3052 1187 3308 1260 Egypto,
3333 1199 3388 1243 et
3417 1190 3484 1242 ab
3509 1188 3731 1242 interitu

2163 1277 2386 1332 Antonii
2440 1283 2494 1332 et
2535 1275 2859 1346 Cleopatra),
2912 1279 2968 1332 in
3033 1294 3138 1348 qua
3199 1278 3608 1333 Ptolemaeorum
3673 1279 3730 1332 in

2164 1367 2399 1440 Egypto
2449 1368 2744 1423 dominatio
2797 1369 2978 1434 desiit,
3033 1377 3258 1424 octavus
3305 1383 3368 1422 ac
3395 1367 3728 1424 vicesimus:

2163 1475 2284 1514 cum
2334 1458 2596 1514 Servator
2641 1469 2698 1515 et
2747 1460 3008 1515 Dominus
3061 1468 3244 1516 noster
3298 1457 3456 1515 Jesus
3481 1457 3732 1512 ChriStus

2164 1551 2342 1620 prima
2377 1551 2468 1605 illa
2505 1551 2870 1618 descriptione
2902 1565 3101 1605 census
3131 1565 3250 1618 quas
3279 1550 3419 1604 facta
3471 1559 3555 1605 est
3595 1549 3727 1616 Qui-

2163 1641 2306 1697 rinio
2334 1640 2506 1712 Syrim
2536 1642 2885 1710 praesidente,
2917 1641 3214 1696 secundum
3249 1639 3634 1710 prophetarum
3664 1641 3730 1693 de

2166 1733 2257 1787 illo
2284 1734 2568 1797 vaticinia,
2603 1736 2654 1786 in
2684 1731 2997 1787 Bethlehem
3041 1730 3238 1790 ιιιιιεεω
3271 1741 3432 1788 natus
3463 1742 3565 1787 est.
3614 1731 3728 1784 llu-

2158 1820 2247 1892 jus
2296 1837 2458 1892 porro
2506 1821 2887 1890 descriptionis
2927 1837 3048 1892 quae
3095 1820 3325 1886 Quirinii
3393 1821 3729 1889 temporibus

2164 1910 2305 1966 laesa
2357 1919 2464 1974 est,
2512 1910 2902 1965 celeberrimus
2935 1910 3074 1979 apud
3120 1909 3334 1965 Judaeos
3379 1911 3725 1964 historiarum

2158 2002 2396 2071 scriptor
2426 2002 2646 2057 Flavius
2691 2000 2962 2072 Iosephus
2996 2003 3330 2058 mentionem
3357 2003 3488 2056 facit
3517 2019 3531 2058 :
3559 2001 3724 2055 aliam

2158 2107 2373 2163 quoque
2430 2093 2796 2148 narrationem
2841 2094 2910 2149 de
2969 2093 3318 2150 Galilaeorum
3381 2102 3552 2158 secta,
3601 2106 3726 2160 qua)

2157 2187 2350 2240 iisdem
2387 2186 2722 2256 temporibus
2754 2187 2978 2242 emersit
3021 2187 3202 2242 statim
3253 2186 3622 2250 subnectens;
3657 2185 3726 2238 de

2157 2293 2262 2348 qua
2296 2289 2479 2334 noster
2511 2279 2678 2336 etiam
2728 2276 2902 2335 Lucas
2933 2279 2988 2335 in
3015 2279 3240 2334 Actibus
3275 2275 3644 2346 apostolorum
3675 2275 3722 2306 ἰ

2158 2486 2288 2546 facit
2309 2489 2687 2560 descriptionis
2700 2488 2844 2544 illius
2860 2503 2980 2560 qua:
2996 2503 3024 2542 a
3043 2486 3286 2554 Quirinio
3306 2485 3442 2560 facta
3457 2485 3724 2560 est_in_Sy_.

2159 2561 2234 2613 ria
2260 2575 2324 2614 ac
2345 2554 2527 2614 Judafa
2550 2562 2730 2614 statim
2764 2554 2892 2628 post
2903 2559 3290 2628 relegationem
3313 2554 3584 2628 Archelai.
3610 2554 3722 2628 Sed

2154 2630 2329 2700 hujus,
2356 2631 2684 2700 scriptionis,
2711 2625 2870 2698 quam
2901 2625 3366 2700 Lucasiregnante
3391 2626 3586 2700 _a_d_huc_
3609 2625 3719 2700 ile-

2154 2695 2281 2754 rode
2309 2695 2506 2753 factam
2536 2715 2657 2754 esse
2681 2695 2778 2764 ait,
2807 2715 2909 2753 non
2939 2695 3208 2754 meminit.
3232 2698 3310 2750 Ac
3335 2695 3465 2749 mihi
3499 2695 3714 2764 quidem

2152 2769 2367 2822 videtur
2397 2769 2620 2823 errorin
2653 2763 2856 2822 textum
2898 2769 3056 2823 Lucae
3089 2767 3376 2837 irrepsisse
3404 2766 3454 2818 in
3485 2763 3715 2830 Quirinii

2153 2839 2400 2908 nomine,
2419 2847 2475 2892 et
2503 2853 2602 2908 pro
2629 2838 2872 2904 Quirinio
2905 2839 3296 2908 restituendum
3317 2906 3326 2908 ξ
3344 2849 3486 2908 esse
3513 2850 3708 2908 nomen

2153 2911 2326 2964 Sentii
2381 2905 2681 2962 Saturnini.
2718 2909 2816 2963 Hic
2845 2911 2989 2962 enim
3022 2922 3222 2976 przeses
3253 2906 3388 2976 fuit_
3406 2905 3712 2976 sublinem

2154 2979 2306 3047 regni
2362 2977 2590 3033 Herodis
2641 2988 2780 3034 teste
2837 2973 3092 3047 Josepho.
3137 2979 3298 3033 Certe
3348 2973 3716 3047 Tertullianus

2157 3043 2344 3106 in'lib.
2382 3064 2454 3112 Iv,
2487 3052 2738 3104 adversus
2783 3043 3132 3112 Marciorum,
3179 3059 3374 3100 census
3421 3045 3472 3096 in
3527 3043 3712 3099 Judaea

475 3119 701 3172 Orosius
733 3119 948 3184 quidem
978 3117 1029 3170 in
1074 3116 1169 3171 lib.
1197 3131 1290 3182 vu,
1317 3130 1436 3184 cap.
1461 3113 1518 3180 2,
1556 3127 1841 3186 postquam
1889 3114 2039 3187 iuxta
2069 3126 2114 3187 ο
2145 3129 2298 3174 actos
2331 3119 2526 3174 scribit
2561 3133 2658 3187 per
2687 3118 2936 3172 Sentium
2964 3116 3346 3187 Saturninum.
3377 3113 3457 3187 ΕΞ
3486 3128 3592 3182 quo
3615 3128 3714 3187 ap-

475 3187 795 3242 sentenliam
840 3187 1089 3250 Eusebii,
1129 3201 1288 3255 quem
1332 3188 1531 3254 ubique
1577 3187 1844 3254 sequitur,
1882 3186 2041 3240 Chri-

474 3269 615 3311 Stum
661 3268 846 3310 natum
877 3271 1001 3326 esse
1030 3256 1346 3326 dixit_anno
1381 3255 1592 3326 imperii
1623 3256 1856 3326 Augusti
1895 3272 2039 3321 xui,

474 3326 620 3396 addit
646 3327 744 3396 die
769 3341 840 3378 vit
874 3325 1144 3379 Kalendas
1177 3323 1628 3396 Januarias.Nec
1665 3326 1821 3396 aliter
1847 3325 2043 3396 legitur

471 3395 526 3450 in
561 3394 833 3448 veteribus
865 3396 1021 3448 fastis
1057 3409 1192 3460 quos
1227 3396 1328 3463 sub
1373 3395 1532 3449 ldacii
1576 3395 1793 3448 nomine
1836 3394 2042 3463 primus

473 3465 643 3517 edidit
683 3463 796 3517 Jac.
829 3463 1178 3523 Sirmondus:
1216 3462 1424 3531 fuitque
1449 3465 1564 3518 haec
1594 3462 1894 3517 communis
1923 3466 2040 3532 opi-

473 3535 564 3587 nio
591 3532 954 3586 Occidentalis
978 3532 1251 3588 Ecclesiae.
1278 3533 1384 3586 Sed
1414 3549 1534 3586 cum
1559 3533 1860 3588 Orientales
1883 3533 2042 3586 aliter

473 3601 777 3665 senserint,
826 3603 1101 3660 Christum
1132 3602 1339 3656 scilicet
1385 3612 1568 3654 natum
1613 3616 1732 3656 esse
1779 3617 1873 3656 vnt
1919 3603 2041 3658 ldus

469 3666 782 3733 ianuarias,
812 3671 862 3723 in
899 3672 997 3725 hac
1023 3686 1234 3740 quoque
1259 3673 1525 3725 sententia
1553 3672 1840 3725 Eusebium
1871 3671 2038 3725 fuisse

474 3742 694 3794 minime
727 3741 1080 3795 dubitandum
1109 3750 1214 3794 est.
1247 3741 1434 3810 Itaque
1470 3755 1533 3794 ex
1567 3745 1833 3795 sententia
1872 3741 2041 3795 Euse-

471 3812 568 3875 bii,
597 3813 802 3879 primus
822 3810 1027 3864 Christi
1066 3825 1242 3865 annus
1277 3811 1554 3865 concurrit
1589 3825 1710 3864 cum
1753 3826 1894 3864 anno
1927 3826 2038 3866 xui

470 3880 679 3948 imperii
729 3881 974 3948 Augusti.
1028 3879 1120 3934 Sic
1157 3888 1306 3935 certe
1345 3881 1400 3934 in
1462 3879 1844 3935 vetustissimis
1887 3882 2039 3935 codi-

467 3950 624 4004 cibus
659 3951 947 4004 Eusebiani
995 3949 1266 4013 Chronici,
1299 3950 1591 4012 Acutiauo,
1628 3949 1798 4015 Lipsii
1840 3960 1894 4006 et
1939 3949 2041 4005 0r-

471 4021 581 4074 tclii
621 4024 880 4089 scriptmn
912 4022 1165 4083 habetur,
1197 4031 1254 4074 ut
1296 4030 1524 4074 testatus
1559 4031 1639 4074 est
1686 4019 1919 4074 Miraaus.
1949 4021 2040 4075 Sic

467 4090 520 4146 in
567 4091 940 4160 antiquissima
987 4091 1222 4144 editione
1266 4089 1674 4160 Mediolaueusi,
1722 4103 1884 4157 quam
1920 4103 2037 4160 nec

467 4158 716 4230 Scaliger
747 4175 847 4214 nec
892 4159 1162 4230 Pontacus
1209 4161 1483 4214 viderunt.
1519 4158 1654 4214 Male
1698 4160 1770 4230 in?
1797 4159 2039 4214 editione

469 4229 728 4298 Scaligeri
776 4232 982 4299 primus
1039 4229 1240 4284 Christi
1289 4244 1464 4283 annus
1522 4229 1869 4298 componitur
1911 4241 2035 4282 cum

468 4317 611 4353 anno
649 4316 781 4354 xuii
828 4300 1078 4370 Augusti,
1105 4311 1292 4370 contra
1344 4299 1499 4370 ﬁdem
1537 4302 1858 4369 scriptorum
1889 4299 2038 4370 codi-

469 4385 616 4440 cum,
666 4369 1146 4440 adeoquet-outra
1199 4369 1365 4440 ipsius
1415 4369 1631 4422 Eusebii
1688 4369 2032 4440 sententiam.

468 4438 679 4494 Etenim
723 4437 984 4493 Ettsebius
1021 4440 1071 4490 in
1109 4437 1346 4492 liue‘lib.
1375 4453 1448 4490 vn
1491 4439 1571 4491 ait
1611 4437 1892 4492 historiam
1941 4453 2032 4491 ec-

469 4509 787 4562 clesiastica:
832 4509 1197 4562 successionis
1226 4523 1255 4560 a
1293 4524 1352 4562 se
1387 4509 1772 4576 conscriptam,
1807 4523 1838 4559 a
1862 4507 2032 4560 natali

466 4580 668 4632 Christi
711 4581 774 4630 ad
818 4594 986 4646 usque
1027 4578 1434 4632 subversionem
1479 4577 1859 4642 Ecclesiarum,
1885 4592 2035 4632 com-

465 4649 623 4720 plecti
656 4665 834 4720 anuos
859 4649 1098 4720 quinque
1131 4661 1194 4701 ac
1234 4656 1526 4720 trecentos.
1553 4647 1715 4720 Atqui
1741 4647 1792 4720 _si
1827 4647 2037 4720 primus

465 4718 667 4772 Christi
708 4715 974 4771 annus‘ab
1011 4731 1154 4770 anno
1190 4731 1319 4770 XLIII
1361 4715 1589 4783 Augusti
1633 4717 1868 4776 ducitur,
1912 4717 2036 4770 inde

468 4791 534 4840 ad
574 4801 661 4839 xix
702 4787 1014 4840 Diocletiani
1053 4801 1254 4840 annum
1293 4802 1402 4856 quo
1447 4788 1737 4839 destructa:
1775 4796 1902 4856 sunt
1944 4787 2040 4842 Ee-

471 4857 670 4919 clesim,
695 4867 926 4924 quatuor
964 4865 1169 4910 tantum
1207 4872 1271 4911 ac
1310 4857 1540 4909 trecenti
1575 4865 1700 4909 sunt
1737 4855 1888 4910 anui.
1935 4856 2037 4910 Ve-

473 4927 748 4980 rissimum
794 4927 956 4994 igitur
998 4934 1111 4990 est,
1156 4927 1296 4995 quod
1344 4941 1506 4993 supra
1551 4926 1695 4990 dixi,
1747 4926 2034 4980 Eusebium

471 4996 680 5050 initium
710 5010 974 5049 annorum
1001 4996 1201 5053 Christi
1232 5010 1374 5049 attito
1405 5009 1508 5048 xui
1543 4996 1803 5061 Augusti,
1855 5012 2038 5051 mense

467 5063 732 5118 Januario
803 5065 1172 5120 collocavisse.
1248 5066 1315 5119 Et
1387 5068 1464 5134 sic
1534 5066 1870 5134 Epiphanius
1932 5068 2034 5120 ad-

468 5149 658 5214 versus
690 5136 937 5188 lueresim
983 5133 1275 5207 Alogorum
1314 5151 1382 5191 ex
1414 5133 1946 5202 EusebiiC/aronico,
1979 5147 2037 5191 ut

463 5219 676 5260 ODIIIOI'.

499 5221 984 5345 p293;.KtipﬂV[0v
1034 5276 1501 5346 ἡγεμονεύοντος
1536 5271 1934 5346 τῆς-Συρίας,
1979 5276 2035 5331 Id

463 5344 569 5410 est,
601 5344 716 5398 cum
746 5347 1003 5410 Quirinus
1033 5344 1231 5415 legatus
1259 5356 1391 5400 esset
1433 5345 1628 5414 Syriw.
1661 5344 1891 5415 Legatos
1917 5346 2036 5400 Cae—

462 5416 600 5468 saris
626 5418 715 5484 qui
742 5419 795 5468 in
831 5419 1140 5484 provincias
1168 5417 1539 5478 mittebantur,
1576 5415 1752 5469 civilia
1785 5417 1945 5470 simul
1979 5425 2036 5470 et

463 5485 718 5538 militaria
757 5487 980 5548 recturi,
1013 5487 1184 5542 Graeci
1233 5487 1347 5540 fere
1393 5485 1663 5555 ἡγεμόνας
1706 5495 1919 5542 vocant.
1959 5488 2035 5541 Ita

462 5555 662 5610 Strabo
713 5556 766 5610 in
797 5556 905 5611 ﬁne
949 5557 1042 5612 lib.
1096 5571 1226 5622 xvu,
1273 5557 1368 5610 Dio
1415 5558 1856 5626 Chrysostomus,
1907 5557 2034 5612 alti-

465 5638 588 5690 que.

532 5693 644 5768 _(7'5)
686 5695 910 5764 Ταύτης
941 5694 1009 5751 δὲ
1033 5695 1143 5764 τῆς
1174 5697 1325 5768 κατά
1348 5697 1649 5766 Κυρήνιον
1682 5695 2035 5768 ἀποπραςοῆς

475 5762 753 5833 Ἰώσηπος
775 5762 1153 5840 μνημονεύει.
1174 5762 1443 5838 Joscphus
1464 5762 1677 5838 quidem
1707 5762 2036 5826 tueniioueut

2147 3197 2322 3253 paret,
2353 3183 2674 3243 Tertulliani
2726 3197 2968 3255 tempore
3016 3189 3279 3254 quosdam
3329 3185 3384 3238 in
3416 3183 3713 3255 Evangelio

2144 3258 2303 3312 Lucae
2356 3273 2456 3328 pro
2483 3254 3140 3328 QuirinioSaturniuum
3192 3255 3410 3328 legisse.
3444 3254 3714 3328 (Steterunt

2145 3320 2461 3382 mirum'est
2495 3320 2651 3382 hanc
2684 3327 2913 3393 primam
2960 3320 3386 3394 descriptionem
3415 3336 3443 3374 a
3474 3320 3711 3394 Josepho

2144 3399 2566 3465 praetermissam
2604 3391 2790 3459 fuisse,
2827 3395 2918 3464 qui
2949 3391 3354 3462 tameu'patrim
3380 3401 3490 3445 sum
3534 3391 3709 3465 histo-

2145 3461 2284 3519 riam
2322 3475 2470 3520 tanta
2504 3466 2782 3533 diligentia
2818 3461 3134 3534 persecutus
3166 3461 3288 3527 est,
3334 3472 3396 3534 ut
3430 3470 3484 3534 et
3517 3461 3708 3534 praesi-

2142 3535 2237 3588 des
2270 3535 2443 3605 Syriae
2469 3531 2660 3590 omnes
2689 3531 3048 3605 recensuerit.
3083 3531 3216 3586 Nam
3244 3541 3299 3586 et
3327 3531 3570 3605 Sentium
3608 3531 3711 3605 Sa-

2143 3601 2418 3659 turninum
2448 3614 2857 3668 commemorat,
2885 3603 3111 3672 ejusque
3135 3617 3508 3672 successorem
3536 3601 3710 3668 Quiu-

2144 3673 2318 3728 tilium
2351 3675 2578 3729 Varum.
2606 3672 2732 3729 Haec
2766 3689 2888 3728 cum
2918 3671 3263 3742 intelligeret
3312 3671 3598 3734 Eusebius,
3626 3673 3710 3727 sic

2141 3744 2386 3812 censuit:
2415 3759 2577 3798 unam
2611 3745 2965 3812 eamdemque
2991 3757 3110 3797 esse
3129 3742 3708 3812 descriptio_nem,qcu-

2136 3810 2226 3881 jus
2255 3813 2427 3869 Lucas
2453 3824 2508 3868 et
2540 3813 2806 3882 Iosephus
2836 3809 3242 3877 meminissent;
3288 3809 3708 3882 sedVJosephum

2141 3879 2252 3936 l'alli
2287 3884 2378 3952 qui
2409 3898 2527 3938 eam
2558 3879 2980 3951 descriptionem
3027 3895 3147 3949 post
3185 3881 3570 3952 relegationem
3587 3879 3708 3952 Ar-

2141 3949 2322 4008 chelai
2356 3953 2649 4023 contigisse
2694 3949 2981 4023 scriberet.
3019 3953 3205 4023 Itaque
3249 3949 3392 4023 idem
3431 3949 3708 4023 Eusebius

2144 4027 2197 4075 in
2233 4019 2532 4086 Chronico;
2555 4021 2840 4076 tumultum
2879 4022 3026 4075 illum
3058 4019 3210 4076 Jtidaa
3236 4019 3468 4081 Galilaei,
3497 4019 3586 4087 qui
3622 4020 3707 4072 de-

2140 4092 2491 4160 scriptionem
2517 4092 2660 4146 illam
2687 4107 2718 4144 a
2747 4093 3001 4157 Quirinio
3029 4092 3228 4146 factam
3255 4093 3576 4144 subsecutus
3598 4097 3702 4149 est,

2140 4159 2467 4214 sub’ortum
2514 4161 2714 4216 Christi
2764 4170 2819 4215 et
2868 4171 3112 4215 extrema
3172 4159 3402 4215 Herodis
3456 4168 3705 4226 tempora

2139 4230 2390 4286 collocat.
2422 4230 2606 4300 Neque
2639 4230 2784 4286 enim
2821 4231 3233 4300 adeorstupidus
3266 4228 3368 4282 fuit
3415 4227 3703 4300 Eusebius,

2139 4311 2199 4352 ut
2228 4315 2334 4354 non
2370 4298 2579 4356 videret
2607 4301 2806 4354 Lucam
2853 4309 2908 4354 et
2951 4299 3244 4367 Josephum
3281 4300 3336 4353 in
3379 4298 3706 4364 assignando

2141 4369 2546 4440 descriptionis
2583 4379 2826 4440 tempore
2875 4370 3018 4440 inter
3053 4384 3112 4424 se
3141 4368 3448 4440 dissentire.
3492 4368 3704 4440 Quippe

2144 4439 2194 4492 id
2225 4436 2445 4508 patebat
2475 4439 2638 4493 etiam
2664 4436 2852 4508 cieco,
2873 4439 2980 4494 Sed
3014 4441 3064 4494 in
3107 4440 3210 4492 hac
3241 4436 3702 4508 dissonantia,_ob

2143 4502 2418 4578 Evangelii
2445 4510 2804 4562 reverentiam
2837 4507 3036 4565 Lucam
3084 4509 3238 4579 sequi
3284 4507 3496 4572 maluit,
3531 4514 3587 4579 et
3607 4502 3705 4560 Jo-

2139 4574 2317 4646 sepbo
2331 4581 2488 4632 tidem
2519 4581 2804 4648 abrogare.
2835 4580 2965 4644 Quae
2981 4574 3198 4648 quidem
3227 4582 3497 4648 sen_ten_tta
3520 4574 3703 4648 longe

2138 4643 2476 4702 commodior
2511 4658 2594 4702 est
2624 4643 2683 4702 ei
2703 4643 3030 4715 expeditior,
3081 4661 3242 4716 quam
3282 4646 3369 4700 illa
3409 4643 3697 4714 Scaligeri,

2137 4718 2230 4787 qui
2295 4718 2434 4772 duas
2504 4717 2672 4772 fuisse
2726 4728 2911 4772 censet
2984 4717 3185 4772 ludicre
3251 4716 3697 4787 descriptiones;

2139 4783 2429 4856 utramque
2453 4802 2483 4841 a
2518 4787 2765 4853 Quirinio
2799 4791 3012 4841 tactam.
3058 4788 3165 4841 Sed
3202 4787 3253 4838 in
3288 4787 3389 4839 bac
3432 4783 3700 4856 Scarligeri

2138 4854 2406 4926 sententia
2435 4861 2600 4911 multa
2623 4867 2999 4926 occurruntpa
3012 4873 3126 4909 rum
3155 4856 3491 4911 verisimilia.
3516 4854 3700 4908 Pruuo

2138 4927 2282 4980 enim
2312 4925 2618 4991 Quirinium
2650 4928 2734 4981 bis
2762 4925 2983 4981 missum
3018 4927 3187 4982 fuisse
3220 4935 3434 4994 oportet
3459 4926 3697 4992 legatum

2140 4996 2192 5048 in
2229 4995 2441 5066 Syriam
2469 5014 2484 5061 ;
2515 4997 2596 5050 bis
2628 4999 2698 5052 ad
2729 4998 2972 5050 eamdem
3014 5013 3147 5060 rem,
3180 4996 3432 5050 videlicet
3465 5000 3532 5048 ad
3563 5008 3698 5066 cen-

2136 5081 2230 5120 sus
2252 5064 2488 5134 agendos
2517 5080 2532 5118 :
2557 5069 2789 5134 primum
2823 5067 3038 5134 quidem
3061 5068 3210 5121 circa
3240 5075 3418 5120 ortum
3449 5064 3694 5134 Christi:

2137 5133 2330 5190 deinde
2365 5149 2492 5190 vero
2525 5133 2714 5190 decem
2742 5133 2964 5191 circiter
3014 5146 3136 5204 post
3175 5137 3355 5200 anuis,
3387 5151 3508 5188 cum
3559 5133 3698 5186 rele-

2136 5213 2294 5272 gatus
2329 5204 2519 5260 fuisset
2544 5205 2861 5262 Archelaus.
2907 5203 3073 5275 Atqui
3116 5222 3222 5261 non
3267 5215 3352 5260 est
3392 5203 3696 5275 probabile,

2139 5276 2385 5329 eumdem
2421 5277 2695 5330 hominem
2744 5278 2826 5330 bis
2861 5274 3084 5330 missum
3112 5276 3280 5330 fuisse
3308 5275 3376 5330 ad
3404 5274 3696 5342 regendam

2135 5345 2499 5413 provinciam.
2561 5345 2720 5401 Certe
2752 5345 3020 5413 Josephus
3065 5346 3513 5415 diligentissimus
3560 5343 3699 5397 scri-

2134 5412 2277 5481 ptor,
2303 5428 2425 5469 cum
2447 5415 2675 5486 Quirinii
2707 5412 2993 5486 adventum
3021 5415 3074 5470 in
3103 5412 3315 5486 Syriam
3352 5429 3416 5469 ac
3451 5412 3696 5486 ledaeam

2136 5493 2341 5549 narrat,
2368 5499 2489 5538 eum
2513 5485 2625 5553 jam
2649 5498 2806 5540 antea
2837 5490 2890 5538 in
2915 5483 3370 5554 Syriam'venisse
3399 5499 3508 5539 non
3539 5483 3693 5554 dicit,

2136 5569 2239 5624 nec
2269 5555 2690 5623 descriptionem
2713 5567 2806 5609 aut
2827 5557 2895 5609 ab
2930 5553 3038 5620 illo,
3071 5563 3167 5608 aut
3196 5557 3263 5608 ab
3293 5555 3403 5608 alio
3436 5553 3694 5624 quopiam

2136 5623 2382 5695 itomano
2405 5624 2584 5692 judice
2619 5627 2729 5695 jam
2768 5634 2926 5679 antea
2981 5629 3178 5678 factam
3217 5625 3401 5678 luisse.
3450 5623 3605 5690 Quod
3647 5624 3694 5676 si

2130 5692 2241 5760 jam
2283 5693 2428 5774 iacta
2450 5763 2461 5774 ο
2486 5692 3024 5774 [υθτρι-ιιεειειξριὶο,
3086 5708 3184 5748 cur
3216 5767 3226 5774 _
3257 5697 3452 5774 iterum
3485 5699 3576 5774 ιιι.
3599 5706 3694 5764 per

2137 5763 2633 5841 eumdemvirum?
2679 5765 2816 5824 Nam
2848 5763 3072 5824 si'recte
3102 5775 3158 5823 et
3185 5767 3302 5824 sine
3338 5766 3530 5832 fraude
3554 5763 3693 5822 facta
