4154 6460
425 363 495 419 89
1445 358 1794 416 HISTORle
1837 356 2393 413 ECCLESIASTICAZ
2435 356 2563 411 [ΑΒ.
2608 354 2647 410 Ι.
3592 358 3657 420 9(

425 481 526 553 χὴν
549 480 659 533 τῶν
691 478 960 533 Ἰουδαίων
988 479 1413 551 παρειληφότας.
1457 480 1514 533 Ὀ
1555 479 1601 532 δ’
1635 476 1796 538 αὐτὸς
1829 474 1967 545 δηλοῖ

2106 473 2312 527 tulisse.
2341 472 2540 527 Eadem
2571 475 2622 526 iu
2659 472 3007 541 designandis
3052 473 3430 529 sacerdotibus
3477 475 3665 530 obser-

424 575 500 638 ὡς
529 574 635 641 ἄρα
665 572 757 625 καὶ
781 571 877 642 τὴν
905 571 1055 643 ίεράν
1088 571 1278 643 στολὴν
1303 571 1396 624 τοῦ
1443 570 1764 642 ἀρχιερέως,
1784 568 1995 637 πρῶτος

436 662 680 735 Ἡρώδης
695 662 1046 728 ἀποκλείσας,
1077 664 1183 716 ὑπὸ
1216 663 1349 716 ίδίαν
1380 662 1650 734 σφραγῖδα
1679 658 1990 729 πεποίηται,

426 754 617 826 μηκέτ’
650 754 817 822 αὐτὴν
837 752 947 818 τοῖς
980 753 1323 826 ἀρχιερεῦσιν
1350 754 1491 824 ἔχειν
1512 753 1600 821 ὑφ’
1627 752 1849 814 ἑαυτοὺς
1875 752 1995 803 ἐπι-

421 847 645 919 τρέψας
675 846 840 899 ταύτὸ
865 846 920 899 δὲ
954 846 1046 900 καὶ
1082 847 1173 900 τὸν
1207 848 1322 918 μετ’
1358 847 1521 899 αὐτὸν
1556 844 1861 915 Ἀρχέλαον,
1898 842 1993 895 καὶ

424 936 559 1007 μετά
588 936 773 990 τοῦτον
808 938 1109 1007 Ῥωμαίους
1157 937 1577 1008 διαπράξασθαι.
1611 936 1722 990 Καὶ
1750 934 1921 987 ταῦτα
1946 934 1990 986 δ’

419 1028 551 1096 ἡμῖν
579 1026 834 1097 εἰρήσθω,
866 1027 945 1090 εἰς
977 1027 1168 1097 ἐτέρας
1194 1025 1463 1090 ἀπόδειξιν
1489 1022 1824 1096 προφητείας
1850 1021 1992 1075 κατά

418 1117 516 1189 τὴν
562 1117 880 1186 ἐπιφάνειαν
905 1118 999 1171 τοῦ
1042 1120 1306 1190 Σωτῆρως
1349 1117 1505 1189 ἡμῶν
1547 1114 1721 1187 Ἰησοῦ
1756 1113 1988 1185 Χριστοῦ

418 1210 854 1282 ⁸πεπερασμένης.
895 1211 1213 1279 Σαφέστατα
1242 1209 1372 1279 γοῦν
1420 1211 1477 1261 ὲν
1517 1207 1597 1278 τῷ
1627 1206 1819 1276 Δανιὴλ
1844 1205 1990 1258 £660-

421 1299 602 1370 μάδων
645 1299 805 1353 τινῶν
842 1300 1071 1372 ἀριθμὸν
1114 1300 1372 1371 ὀνομαστὶ
1412 1299 1518 1361 ἓως
1559 1294 1795 1368 Χριστοῦ
1827 1298 1990 1364 ἡγου-

419 1388 581 1459 μένου
612 1391 912 1462 περιλαϐὼν
946 1394 975 1445 ό
1022 1392 1198 1460 λόγος,
1242 1391 1370 1462 περὶ
1410 1383 1484 1443 ὧν
1529 1392 1586 1442 ὲν
1629 1388 1836 1459 ἑτέροις
1859 1386 1989 1439 διει-

418 1480 661 1551 λήφαμεν
701 1481 837 1553 (85),
884 1482 1022 1552 μετά
1056 1483 1116 1535 τὸ
1155 1483 1360 1535 τούτων
1401 1480 1776 1552 συμπέρασμα
1812 1477 1989 1544 ἐξολο-

416 1566 804 1639 θρευθὴσεσθαι
841 1571 902 1624 τὸ
938 1570 1089 1645 παρά
1124 1571 1611 1640 Ἰουδαίοιςχρῖσμα
1634 1566 1983 1640 προφητεύει.

415 1660 522 1712 Καὶ
546 1660 703 1714 τοῦτο
731 1662 785 1714 δὲ
823 1662 1008 1730 σαφῶς
1036 1661 1173 1716 κατὰ
1202 1663 1292 1717 τὸν
1322 1661 1512 1733 καιρὸν
1552 1661 1651 1730 τῆς
1687 1659 1782 1713 τοῦ
1812 1660 1988 1729 20"ﬁl‘

2100 579 2260 618 vasse
2292 565 2369 618 ait
2403 565 2732 619 Archelaum
2764 563 2998 619 Herodis
3030 566 3219 627 lilium,
3249 581 3314 619 ac
3342 565 3535 619 deinde
3558 564 3668 619 Ro-

2102 669 2312 718 manos,
2358 655 2447 723 qui
2507 664 2629 723 post
2680 655 2825 708 illum
2867 653 3065 708 Jtttlteze
3111 655 3393 722 imperium
3436 669 3668 722 occupa-

2100 755 2248 801 runt.
2287 746 2428 800 Idem
2463 746 2579 814 ipse
2627 743 2897 814 Iosephus
2942 746 3109 799 tradit
3139 747 3374 815 primum
3425 746 3664 800 omnium

2102 837 2367 891 Herodem
2392 851 2606 891 sacram
2635 837 2937 891 sacerdotis
2962 846 3169 890 vestem
3216 836 3316 891 sub
3344 836 3557 906 privato
3586 837 3664 891 si-

2098 928 2224 998 gillo
2273 928 2512 981 tenuisse
2554 926 2886 992 conclusam,
2924 942 3026 982 nec
3061 929 3318 995 deinceps
3360 927 3664 982 sacerdoti-

2098 1022 2200 1074 bus
2227 1019 2540 1089 permisisse
2587 1028 2648 1072 ut
2691 1019 2837 1073 illam
2884 1034 3050 1087 penes
3074 1035 3132 1074 se
3162 1020 3425 1074 haberent
3452 1037 3466 1073 :
3494 1020 3665 1075 idem-

2094 1123 2200 1180 que
2228 1110 2297 1164 ab
2357 1109 2629 1165 Archelao
2686 1110 2801 1180 ejus
2863 1124 3171 1166 successore
3221 1119 3275 1165 et
3332 1126 3361 1164 a
3400 1109 3663 1167 Romanis

2096 1208 2285 1270 postea
2314 1199 2518 1254 factum
2565 1199 2752 1255 fuisse.
2776 1199 2952 1269 Atque
2978 1200 3093 1254 haec
3126 1215 3156 1254 a
3185 1201 3342 1256 nobis
3368 1201 3513 1255 dicta
3551 1199 3662 1257 sint

2094 1292 2161 1346 ad
2211 1291 2671 1362 comprobandam
2729 1290 3014 1345 veritatem
3070 1291 3290 1346 alterius
3342 1292 3657 1361 prophetiae,

2094 1398 2216 1451 qua:
2276 1382 2330 1436 in
2379 1381 2616 1435 adventu
2691 1380 3000 1437 Servatoris
3050 1381 3263 1436 Domini
3309 1385 3476 1438 nostri
3531 1381 3659 1438 Jesu

2092 1476 2299 1531 Christi
2329 1475 2538 1529 exitum
2570 1474 2765 1527 sortita
2802 1480 2906 1528 est.
2949 1473 3161 1527 Etenim
3197 1475 3248 1527 i'n
3291 1474 3430 1529 libro
3462 1475 3656 1530 Danie-

2095 1569 2179 1631 lis,
2207 1576 2491 1638 postquam
2521 1576 2730 1621 certum
2761 1580 3045 1620 numerum
3095 1566 3519 1636 septimauarum
3567 1581 3659 1621 us-

2092 1672 2198 1727 que
2227 1657 2293 1711 ad
2321 1656 2528 1711 Christi
2565 1655 2930 1725 principatum
2963 1669 3117 1709 sacra
3154 1654 3434 1725 Scriptura
3482 1656 3658 1710 norni-

414 1762 503 1820 ρος
540 1750 697 1821 ήμῶν
751 1752 923 1823 Ἰησοῦ
966 1752 1205 1825 Χριστοῦ
1253 1754 1557 1822 γεννήσεως
1605 1751 1961 1805 ἀποδείκνυτα

2095 1750 2261 1802 natim
2292 1748 2630 1817 percensuit,
2662 1747 2730 1801 de
2764 1747 2962 1815 quibus
2987 1746 3116 1802 alibi
3149 1748 3527 1812 disseruimus,
3568 1750 3656 1803 his

410 1841 973 1912 συμπεπληρωμένον.
1004 1843 1190 1899 Ταῦτα
1207 1844 1251 1897 δ’
1278 1846 1408 1915 ἡμῖν
1426 1843 1742 1911 ἀναγκαίως
1774 1843 1853 1904 είς
1885 1858 1967 1893 πα

2090 1840 2307 1894 demum
2349 1837 2659 1906 completis,
2706 1838 2848 1893 sacri
2881 1839 2986 1894 olei
3025 1839 3339 1893 unctionem
3377 1837 3514 1907 apud
3556 1838 3653 1893 Ju-

412 1930 669 1999 ρὰστασιν
684 1932 784 2002 τῆς
809 1933 915 1987 τῶν
940 1935 1145 2006 χρόνων
1177 1935 1434 2006 ἀληθείας
1465 1949 1700 2005 προτετη
1711 1930 1913 2002 ρήσθω.

2094 1930 2238 1985 daeos
2278 1928 2599 1983 abolendam
2653 1943 2776 1983 esse
2825 1929 3087 1998 praedicit.
3139 1928 3291 1996 Quod
3337 1929 3552 1998 quidem
3586 1944 3653 1983 eo

410 2022 530 2093 ipso
561 2041 667 2093 quo
697 2026 960 2083 Servator
989 2040 1171 2084 noster
1201 2028 1358 2085 Jesus
1402 2027 1656 2084 Christus
1696 2036 1854 2081 natus
1879 2033 1964 2079 est
1996 2033 2258 2095 tempore,
2295 2022 2582 2078 manifeste
2614 2023 2891 2093 impletum
2921 2038 3045 2081 esse
3070 2024 3430 2081 convincitur.
3477 2025 3653 2095 Atque

408 2116 525 2174 haec
550 2118 619 2174 ad
650 2122 1039 2177 ostendendam
1085 2131 1384 2191 temporum
1418 2124 1702 2177 veritatem
1735 2118 2041 2174 necessario
2062 2132 2093 2172 a
2122 2117 2274 2173 nobis
2301 2116 2577 2188 praemissa
2616 2116 2747 2172 sint.

940 2264 1333 2317 ΚΕΦΑΛΑΙΟΝ
1376 2264 1456 2323 Z'.

406 2392 547 2463 Περὶ
613 2391 725 2460 τῆς
778 2393 847 2446 ὲν
900 2393 1044 2463 Δτοῖς
1129 2393 1521 2462 Εὑαγγελίοις
1591 2390 1978 2463 νομιζομένης

515 2464 800 2533 ιαερωνίας
835 2460 958 2533 ᾃζῆς
1013 2464 1146 2531 περὶ
1207 2460 1314 2518 τοῦ
1379 2462 1635 2532 Χριστοῦ

477 2531 609 2602 ria;-
644 2534 784 2598 (Nic.
826 2531 898 2584 Η.
935 2533 1000 2587 Ε.
1032 2549 1070 2595 ι,
1097 2536 1149 2599 7,
1181 2533 1292 2603 Η).

484 2623 700 2695 Ἐπειδὴ
726 2624 783 2677 δὲ
812 2621 911 2696 τὴν
938 2623 1067 2695 περὶ
1093 2622 1187 2676 τοῦ
1212 2620 1448 2695 Χριστοῦ
1487 2623 1835 2693 γενεαλογίαν
1862 2625 1976 2678 δια-

405 2714 584 2786 φόρως
610 2717 739 2786 ἡμῖν
767 2717 796 2768 ὃ
832 2733 893 2768 τε
936 2716 1210 2781 Ματθαῖος
1242 2717 1337 2772 καὶ
1388 2720 1416 2772 ὁ
1446 2719 1656 2780 Λουκᾶς
1690 2718 1973 2787 εὐαγγελι-

403 2804 615 2876 ζόμενοι
642 2804 1079 2877 παραδεδώκασι,
1108 2806 1396 2875 διαφωνεῖν
1426 2825 1485 2860 τε
1517 2807 1824 2877 νομίζονται
1858 2812 1973 2873 τοῖς

402 2896 633 2960 πολλοῖς,
665 2896 774 2949 τῶν
795 2896 851 2949 δὲ
880 2897 1085 2951 πιστῶν
1126 2897 1354 2963 ⁸(ἕκαστος
1391 2899 1500 2970 (86)
1539 2901 1730 2970 ἀγνοίᾳ
1761 2903 1807 2953 τ’
1841 2902 1973 2974 ἀλη-

400 2982 525 3045 θοῦς
579 2983 939 3054 εὑρεσιλογεῖν
989 2987 1070 3049 είς
1112 2988 1238 3051 τοὺς
1283 2987 1484 3052 τόπους
1527 2989 1970 3063 πεφιλοτίμηται,

401 3075 533 3145 φέρε
581 3076 676 3128 καὶ
718 3076 816 3145 τὴν
857 3077 985 3148 περὶ
1027 3077 1233 3131 τούτων
1284 3080 1646 3135 κατελθοῦσαν
1691 3083 1772 3145 εἰς
1825 3085 1971 3154 ἡμᾶς

400 3167 640 3237 ἱστορίαν
682 3166 1077 3238 παραθὼμεθα,
1124 3168 1191 3240 ἢν
1220 3168 1289 3222 δι’
1318 3171 1606 3241 ἐπιστολῆς
1663 3172 1969 3248 Ἀριστείδῃ

397 3261 623 3332 γράφων
669 3260 796 3332 περὶ
840 3262 1154 3331 συμφωνίας
1204 3261 1305 3330 τῆς
1346 3263 1404 3315 ὲν
1449 3265 1564 3327 τοῖς
1616 3264 1969 3333 Εὑαγγελίοις

396 3352 765 3421 γενεαλογίας,
792 3355 819 3406 ό
850 3353 1030 3425 μικρῷ
1060 3353 1292 3425 πρόσθεν
1320 3355 1451 3425 ἡμῖν
1477 3355 1739 3427 δηλωθεὶς
1774 3356 1966 3427 Ἀφρι-

396 3445 558 3507 κανὸς
598 3444 995 3514 ἐμνημόνευσε,
1030 3444 1130 3507 τάς
1170 3444 1268 3515 μὲν
1309 3446 1374 3518 δὴ
1419 3445 1529 3499 τῶν
1571 3446 1773 3500 λοιπῶν
1810 3447 1968 3512 δόξας

395 3536 473 3636 ibi;
503 3535 573 3636 ἀν
610 3535 821 3636 βιαίους
849 3536 943 3589 καὶ⁸
985 3536 1381 3636 διεψευσμένας
1408 3537 1710 3606 ἀπελέγξας
1735 3539 1869 3610 (87),
1898 3542 1964 3611 ἣν
1994 3583 2035 3636 C

392 3624 439 3678 δ’
460 3625 619 3689 αὐτὸς
641 3625 973 3697 παρείληφεν
1003 3627 1264 3698 ἱστορίαν,
1292 3625 1502 3691 τούτοις
1532 3629 1716 3692 αὐτοῖς
1757 3629 1967 3683 ἐκτιθέ-

398 3733 555 3788 μενος
580 3720 688 3781 τοϊς
733 3717 1003 3787 ῥήμασιν·
1045 3735 1063 3767 ι
1106 3717 1324 3788 Ἐπειδὴ
1350 3717 1458 3789 γὰρ
1490 3719 1558 3771 τὰ
1584 3718 1823 3790 ὀνόματα
1853 3719 1961 3788 (88)

392 3808 500 3862 τῶν
526 3808 699 3878 γενῶν
737 3809 797 3862 ὲν
853 3806 1069 3880 Ἰσραὴλ
1105 3808 1391 3880 ἠριθμεῖτο
1429 3809 1461 3879 ἢ
1504 3808 1684 3878 φύσει,
1727 3809 1760 3880 ἢ
1792 3809 1961 3881 νόμῳ,

392 3899 551 3968 φύσει
598 3900 720 3970 μὲν,
761 3899 983 3969 γνησίου
1031 3900 1357 3970 σπέρματος»
1401 3900 1642 3972 διαδοχῇ,
1693 3902 1843 3974 νόμῳ
1883 3902 1962 3966 δὲ,

389 3991 577 4062 ἑτέρου
632 3990 1114 4060 παιδοποιουμένου
1172 3992 1252 4055 είς
1310 3991 1481 4063 ὄνομα
1544 3993 1963 4065 τελευτήσαντος

386 4081 616 4150 ἀδελφοῦ
649 4081 876 4136 ἀτέκνου
897 4097 911 4112 ο
942 4082 1023 4135 ὅτι
1056 4082 1163 4153 γὰρ
1190 4082 1400 4136 οὐδέπω
1439 4083 1617 4137 δέδοτο
1653 4083 1807 4147 ὲλπὶς
1832 4086 1963 4138 ἀνα-

387 4172 630 4237 υτάσεως
662 4171 857 4242 σαφὴς,
884 4170 982 4242 τὴν
1007 4170 1304 4242 μέλλουσαν
1349 4172 1679 4241 ἐπαγγελίαν
1724 4172 1961 4228 ἀναστά-

385 4281 472 4317 σει
494 4264 791 4335 ἐμιμοῦντο
816 4264 1006 4334 Θνητῇ,
1039 4263 1125 4316 ἵνα
1155 4263 1507 4318 ἀνέκλειπτον
1543 4264 1679 4335 μένῃ
1703 4264 1766 4317 τὸ
1792 4264 1962 4335 ὄνομα

382 4357 479 4411 τοῦ
511 4356 937 4431 μετηλλαχότος·
976 4355 1098 4410 ἐπεὶ
1127 4350 1219 4409 οῦν
1249 4357 1299 4409 οἱ
1339 4358 1405 4427 τῇ
1437 4355 1754 4429 γενεαλογίᾳ
1789 4358 1963 4431 ταύτῃ

1379 2466 1637 2532 Χριστοῦ
1697 2468 1983 2534 γενεαλο-

2674 2257 2903 2316 CAPUT
2947 2259 3056 2316 Vll.

2081 2394 2163 2451 De
2203 2395 2445 2450 dissensu
2490 2394 2583 2465 qui
2625 2393 3025 2467 creditur__esse
3072 2395 3211 2449 inter
3252 2394 3540 2467 Evangelia
3593 2395 3650 2450 in

2660 2464 2823 2534 stirpe
2863 2461 3087 2519 Christi.

2152 2624 2259 2681 Sed
2300 2623 2553 2694 quoniam
2597 2621 2886 2680 Matthaeus
2920 2630 2975 2679 et
3008 2622 3185 2679 Lucas
3226 2624 3282 2678 in
3328 2624 3649 2694 Evangelio—

2079 2736 2198 2776 rum
2221 2720 2376 2778 libris
2399 2717 2599 2777 Cliristi
2630 2738 2802 2793 genus
2825 2738 2890 2778 ac
2920 2721 3145 2792 stirpem
3176 2724 3324 2778 varie
3352 2724 3506 2779 nobis
3538 2734 3648 2779 tra-

2079 2814 2350 2878 diderunt,
2397 2824 2455 2869 et
2514 2814 2808 2884 plurimum
2852 2816 2996 2871 inter
3042 2830 3102 2870 se
3146 2815 3441 2871 dissentire
3480 2817 3645 2885 vulgo

2077 2904 2481 2969 existimantur,
2508 2906 2644 2961 adeo
2678 2916 2737 2961 ut
2765 2906 2968 2977 singuli
2999 2905 3241 2961 fidelium
3284 2907 3353 2961 ob
3394 2907 3646 2964 veritatis

2079 2998 2500 3067 ignorationem,
2529 2998 2712 3053 varias
2746 3013 2932 3053 eorum
2961 2996 3206 3053 locorum
3252 2997 3644 3068 explicationes

2077 3089 2325 3142 certatim
2351 3090 2787 3159 excogitaverint
2826 3107 2841 3143 :
2885 3090 2951 3144 de
3002 3089 3087 3144 his
3132 3090 3476 3146 traditionem
3520 3107 3642 3160 quze

2075 3178 2141 3231 ad
2171 3194 2269 3233 nos
2298 3194 2469 3248 usque
2494 3180 2722 3234 deducta
2750 3189 2838 3233 est
2875 3193 3263 3248 proponamus,
3292 3195 3453 3248 quam
3488 3180 3535 3234 is
3574 3180 3642 3234 de

2073 3284 2184 3338 quo
2214 3270 2376 3339 paulo
2421 3280 2547 3324 ante
2592 3270 2827 3325 diximus
2874 3269 3186 3334 Africanus,
3213 3270 3268 3324 in
3305 3269 3544 3339 Epistula
3570 3270 3641 3324 ad

2073 3360 2363 3415 Aristidem
2410 3361 2477 3415 de
2522 3366 2803 3416 'c0usensu
2865 3359 3285 3431 Evangeliorum
3350 3360 3405 3414 in
3467 3360 3639 3430 stirpe

2072 3453 2275 3507 Christi
2325 3453 2634 3520 narranda,
2695 3451 3163 3507 commemoravit.
3237 3451 3339 3506 Ubi
3407 3451 3637 3508 aliorum

2073 3543 2290 3611 quidem
2328 3543 2615 3612 opiniones
2657 3553 2914 3612 tanquam
2944 3542 3213 3596 violentas
3241 3551 3295 3597 et
3328 3541 3468 3598 falso
3497 3558 3636 3598 con-

2070 3633 2223 3686 ﬁctas
2241 3632 2662 3700 coarguit;ipse
2698 3645 2828 3684 vero
2872 3645 3030 3698 quam
3078 3638 3419 3696 compererat
3466 3629 3638 3683 histo-

2068 3723 2227 3789 riam,
2260 3723 2345 3777 his
2363 3720 2533 3776 refert
2555 3722 2735 3776 verbis
2760 3721 2948 3776 :tNam
2975 3721 3252 3790 quoniam,
3280 3720 3475 3789 inquit,
3495 3722 3636 3788 apud

2064 3812 2336 3867 Israelitas
2358 3813 2765 3881 generatiouum
2789 3811 3026 3874 nomina,
3057 3810 3158 3879 21
3204 3809 3370 3863 velex
3405 3821 3631 3875 naturae,

2063 3904 2149 3958 vel
2177 3917 2245 3958 ex
2283 3904 2414 3971 legis
2451 3902 2644 3957 ordine
2669 3900 3095 3956 numerabantur
3120 3918 3135 3954 :
3162 3909 3366 3954 naturae
3388 3899 3630 3969 quidem,

2062 4010 2185 4049 cum
2221 3994 2446 4063 legitimi
2484 3992 2579 4047 lilii
2604 3992 2925 4062 parentibus
2955 3991 3290 4055 succedunt;
3318 3989 3451 4060 legis
3477 4004 3630 4055 vero,

2060 4087 2276 4155 quoties
2324 4086 2448 4155 quis
2497 4086 2549 4139 in
2594 4099 2793 4140 nomen
2858 4098 2924 4139 ac
2971 4082 3232 4137 familiam
3278 4082 3467 4138 fratris
3510 4082 3635 4136 sine

2058 4177 2245 4233 liberis
2301 4177 2536 4232 defuncti
2588 4177 2730 4232 filios
2779 4174 3023 4230 sustulit.
3076 4175 3212 4229 Cum
3266 4174 3409 4228 enim
3481 4183 3631 4228 certa

2061 4281 2185 4334 spes
2217 4266 2630 4320 resurrectionis
2667 4249 2904 4320 nondum
2936 4266 3016 4318 eis
3046 4265 3170 4318 data
3196 4274 3360 4325 esset,
3390 4262 3628 4318 futuram

2063 4356 2181 4424 ejus
2219 4357 2632 4427 promissionem
2679 4356 2898 4411 mortali
2952 4356 3183 4425 quadam
3232 4355 3630 4410 resurrectione

454 4555 565 4627 (85)
596 4554 737 4626 Περὶ
773 4548 862 4609 ὧν
901 4554 972 4609 ἐν
1001 4553 1225 4623 ἑτέροις
1267 4553 1673 4678 διειλτέραμεν.
1704 4554 1956 4627 Inlelligit
1984 4561 2029 4616 D
2054 4555 2120 4627 δὴ
2149 4555 2261 4610 τῶν
2300 4555 2502 4610 λοιπῶν
2528 4554 2683 4621 δόξας
2725 4554 2934 4624 βιαίους
2963 4554 3056 4608 καὶ
3082 4552 3624 4636 διεψευσμέναςδάπο-

454 4640 551 4678 ντοε
574 4626 1048 4678 Demonstrationis
1076 4625 1406 4678 euanaelicw.
1481 4626 1645 4678 tenim
1670 4627 1721 4678 in
1755 4636 1951 4678 octavo
2052 4625 2254 4678 δείξας.
2304 4626 2360 4678 In
2410 4626 2637 4678 relinuis
2683 4634 2863 4678 autem
2898 4624 3191 4678 codicibus.
3226 4624 3367 4678 Med.
3418 4624 3624 4678 sctltcet

383 4624 554 4680 libros
574 4624 1048 4679 Demonstrationis
1076 4625 1406 4692 euangelicaz.

385 4693 502 4757 eius
552 4695 733 4762 operis
785 4695 926 4750 libro
968 4695 1081 4763 agit
1124 4696 1190 4748 de
1216 4694 1644 4748 hebdomadibus
1690 4695 1947 4761 Danielis,

381 4776 520 4831 quas
546 4767 789 4834 adventu,
803 4763 1002 4819 Christi
1008 4764 1323 4834 completas
1340 4777 1469 4834 esse
1491 4764 1771 4834 contendit
1792 4765 1947 4834 juxta

382 4832 703 4887 sententiam
720 4831 978 4888 Africani.
1007 4832 1267 4887 Eumdent
1314 4833 1532 4887 Eusebii
1562 4833 1735 4886 locum
1759 4831 1829 4888 ex
1850 4835 1945 4890 lib.

380 4917 503 4974 νιιιΔ
532 4900 1021 4974 Demonstrationis
1053 4901 1368 4974 evangelica?
1414 4904 1549 4957 citat
1586 4901 1945 4974 Hieronymus

381 4973 435 5025 in
461 4968 860 5024 Commentariis
892 4971 949 5024 in
984 4968 1273 5025 Danielém.

449 5038 721 5109 (86)_T5nr
740 5039 808 5093 δὲ
835 5041 1066 5094 πιστῶν
1091 5040 1367 5107 ἕκαστος.
1395 5041 1638 5106 Quatuor
1662 5042 1831 5096 nostri
1858 5059 1950 5097 co-

380 5106 551 5172 dices,
574 5106 772 5177 Regius
801 5110 1009 5164 scilicet
1047 5124 1112 5164 ac
1163 5106 1331 5174 Mam,
1356 5127 1478 5166 cum
1530 5112 1666 5165 Med.
1697 5124 1751 5166 et
1785 5109 1943 5176 Fuk.,

384 5180 642 5247 scriptum
669 5179 870 5233 habent
896 5178 1007 5233 τῶν
1034 5196 1096 5232 τε
1119 5180 1347 5246 πιστῶν,
1382 5190 1489 5235 etc.
1520 5180 1628 5235 Sed
1655 5181 1789 5236 Rob.
1820 5181 1943 5236 Ste-

382 5249 593 5320 phanus
621 5263 758 5320 cum
778 5247 1241 5320 hancparticulam
1267 5249 1377 5316 jam
1406 5259 1562 5304 antea
1586 5252 1637 5304 in
1666 5254 1943 5320 superiore

376 5318 618 5371 membro
644 5318 874 5386 positam
900 5318 1128 5381 videret,
1153 5319 1254 5373 hoc
1280 5320 1398 5373 loco
1421 5320 1479 5372 δέ
1502 5318 1811 5386 substituit;
1842 5337 1935 5377 no-

373 5386 458 5443 bis
478 5396 668 5455 tamen
699 5387 899 5444 rectior
926 5387 1139 5443 videtur
1156 5388 1355 5455 scripta
1381 5390 1557 5443 lectio.

446 5453 748 5530 (_871Vu_lg.
777 5457 1230 5530 orata-euomere
1267 5453 1611 5530 ἀποδείξας.
1660 5463 1776 5521 Hoc
1821 5465 1943 5521 loco

373 5520 511 5605 Rob.
534 5520 792 5605 Stephani
813 5520 1098 5605 consilium
1122 5520 1338 5605 laudare
1357 5520 1510 5605 nullo
1520 5520 1679 5589 modo
1695 5520 1938 5603 possum,

373 5593 465 5674 qui
488 5608 611 5648 cum
634 5593 861 5666 Regium
885 5600 1124 5674 codicem
1154 5601 1254 5655 sibi
1279 5604 1609 5674 sequendum
1634 5593 1942 5674 proposuis;

373 5671 621 5747 εθιηθυιη
646 5676 890 5747 exnparte
911 5669 1171 5747 duntaxat
1192 5669 1476 5747 expressit.
1503 5669 1648 5747 Nam
1678 5669 1755 5747 iui
1773 5675 1939 5745 Regio

366 5733 583 5802 quidem
620 5733 806 5793 codice
833 5745 979 5795 lotus
1020 5740 1107 5796 hic
1153 5733 1303 5797 locus
1331 5742 1402 5796 ita
1436 5742 1627 5807 legitur
1656 5763 1668 5800 :
1704 5746 1801 5810 τὰς
1832 5733 1932 5807 risv

1501 4618 1645 4678 enim
1670 4627 1721 4678 in
1755 4618 1951 4682 octaiio
2052 4618 2254 4691 δείξας.
2304 4626 2360 4679 In
2410 4618 2637 4690 reliquis
2683 4618 2863 4678 autem
2898 4618 3191 4685 codicibus,
3226 4618 3367 4678 llle‘d.
3418 4618 3624 4680 scilicet

2052 4706 2106 4776 et
2138 4695 2395 4776 Maz._a_c
2444 4694 2606 4776 Fuk?
2657 4695 2729 4776 itna
2771 4695 3124 4776 scriptusest
3154 4692 3297 4776 ίτάς
3353 4692 3458 4776 μὲν
3501 4695 3624 4776 ,τῶν

2049 4763 2252 4817 λοιπῶν
2286 4762 2442 4829 δόξας
2487 4763 2634 4817 ὼσάν
2682 4763 2886 4833 βιαίους
2928 4763 3036 4834 καὶ
3078 4763 3464 4834 διεψευσμὲνας
3490 4766 3625 4818 ἀπε-

2050 4833 2289 4916 {erg-agn
2311 4835 2492 4916 Atque
2637 4832 2835 4916 legitur
2865 4832 3030 4916 etiam
3061 4832 3199 4916 apud
3238 4832 3619 4916 Nicephorum.

2050 4901 2253 4969 Duplex
2278 4904 2443 4971 igitur
2465 4903 2566 4957 fuit
2595 4901 2863 4969 scriptura
2901 4901 3062 4970 hujus
3083 4903 3203 4961 loci.
3225 4918 3347 4955 cum
3367 4902 3456 4955 alii
3488 4903 3624 4956 ἀπο-

2045 4971 2953 5052 fiatﬁat;legerent._aliidt1re).éy§ag.
2980 4972 3082 5025 Sed
3109 4973 3201 5041 qui
3225 4972 3471 5052 legebant
3491 4973 3623 5052 ἀπο-

2053 5039 2253 5123 δείξας,
2283 5039 2649 5123 ii_adverh_iuut
2686 5039 3402 5123 illud-dicaticaptiugebant,
3422 5041 3619 5123 quippe

2051 5115 2192 5179 quod
2226 5111 2375 5166 nullo
2424 5112 2580 5163 modo
2607 5112 2897 5164 convenire
2930 5114 3098 5181 possit
3133 5110 3254 5164 cum
3286 5110 3449 5165 verbo
3479 5112 3618 5164 ἀπο-

2047 5180 2248 5259 δείξας.
2282 5180 2391 5235 Nos
2432 5180 2741 5259 ἀπελέγξας
2782 5182 3133 5259 ριίριυιίηψε,
3165 5191 3275 5232 tum
3318 5181 3443 5247 quia
3491 5181 3613 5259 plu-_

2048 5252 2188 5303 rium
2233 5250 2623 5317 exemplarium
2660 5251 2991 5303 auctoritate
3026 5250 3296 5311 firmatur,
3329 5259 3438 5301 tum
3466 5250 3609 5317 quod

2046 5318 2298 5373 Rufinum
2346 5319 2418 5373 ita
2466 5319 2667 5373 iecisse
2725 5335 2793 5373 ex
2849 5318 2966 5373 eius
3020 5320 3268 5373 versione
3333 5319 3608 5373 comperi-

2099 5333 2298 5373 ttttnunt
2346 5333 2418 5373 Ita
2466 5333 2667 5388 'lcgtsse
2725 5335 2793 5373 ex
2849 5333 2966 5385 ejus
3020 5334 3268 5373 verswtte
3333 5333 3608 5387 compert-

2044 5406 2184 5445 IllllS.

2111 5457 2223 5530 (88)
2277 5458 2510 5526 Ἐπειδὴ
2561 5460 2671 5530 γὰρ
2716 5455 2788 5512 τὰ
2843 5459 3123 5526 ὀνόματα.
3182 5453 3445 5510 Particulo
3491 5455 3603 5524 γάρ

2037 5529 2191 5583 abest
2217 5544 2245 5581 a
2275 5530 2473 5582 nostris
2501 5531 2774 5584 COtitClbtlS
2805 5528 2963 5591 illam,
2982 5529 3142 5589 Med.,
3170 5523 3301 5580 Fuit.
3329 5535 3383 5578 et
3405 5524 3599 5592 Savil.,

2037 5613 2140 5652 nec
2192 5597 2421 5679 habetur
2464 5596 3244 5679 iu'ittterpretatiottenltuliui.
3291 5595 3477 5675 Exstat
3513 5604 3600 5648 ta-

2036 5667 2259 5793 inleitbin
2301 5670 2487 5724 codice
2522 5664 2777 5740 Regio'et
2806 5667 2946 5735 apud
2992 5664 3353 5735 Nicephorum
3386 5664 3440 5718 in
3478 5679 3599 5733 cap.

2147 5755 2158 5790 ι
2204 5778 2216 5794 .
2250 5751 2291 5792 ι.
