4154 6448
405 376 477 430 95
1438 374 1787 430 ΗΙΞΤΟΙΠᾸΣ
1828 376 1955 431 ECC

2062 376 2385 434 ΞΙΑΒΤῘΟίΕ
2425 376 2550 430 LlB.
2594 374 2636 431 1.
3581 369 3652 425 94

400 495 750 548 ἀποδεικτέον
780 494 897 559 πῶς
927 496 1187 567 ἑκάτερος
1224 494 1388 549 αὐτοῦ
1435 496 1617 567 πατὴρ
1666 500 1956 568 ἱστορεῖται

2084 499 2429 554 Salomonem
2469 496 2849 568 generationes
2890 509 3010 548 cum
3055 493 3313 547 Mattha‘o
3335 504 3652 545 numerave-

395 588 424 640 ὅ
474 603 532 640 τε
576 585 766 640 Ἰακὼϐ
813 587 920 639 ἀπὸ
968 587 1333 657 Σολομῶντος,
1384 588 1478 640 καὶ
1533 588 1649 641 Ἠλὶ
1676 589 1836 641 ὸὰπὸ
1877 589 1970 641 τοῦ

395 678 583 733 Νάθαν
612 679 870 750 ἑκάτερος
900 680 1228 747 κατάγοντες
1255 679 1315 732 τὸ
1344 679 1520 748 γένος,
1555 681 1705 743 ὅπως
1740 698 1799 733 τε
1842 681 1975 752 πρό-

397 786 551 841 τερον
593 765 738 824 οὗτοι
799 770 862 839 δὴ
897 771 924 823 ὅ
954 788 1012 823 τε
1063 769 1255 823 Ἰακὼϐ
1300 770 1395 823 καὶ
1452 770 1573 823 Ἠλὶ
1606 771 1699 823 δύο
1734 770 1970 840 ἀδελφοὶ,

396 861 489 912 καὶ
516 860 651 930 πρός
695 877 778 928 γε,
824 859 942 923 πῶς
987 862 1035 913 οἱ
1083 860 1288 914 τούτων
1326 862 1559 933 πατέρες
1599 862 1825 916 Ματθὰν
1882 864 1974 915 καὶ

394 950 570 1020 Μελχὶ
606 951 871 1021 διαφόρων
914 951 1065 1015 ὄντες
1108 952 1301 1021 γενῶν,
1351 952 1443 1006 τοῦ
1506 954 1700 1024 Ἰωσὴφ
1745 953 1975 1021 ἀναφαί-

395 1059 574 1095 νονται
630 1042 864 1095 πάπποι.
903 1043 1012 1095 Καὶ
1044 1043 1107 1114 δὴ
1137 1041 1230 1097 οὖν
1265 1045 1293 1098 ὅ
1324 1062 1382 1097 τε
1422 1044 1648 1098 Ματθὰν
1680 1045 1773 1098 καὶ
1802 1045 1974 1115 Mal-,0.

395 1135 453 1187 ὲν
488 1134 639 1205 μέρει
664 1135 762 1204 τὴν
793 1133 958 1205 αὐτὴν
980 1136 1306 1205 ἀγαγόμενοι
1332 1138 1583 1204 γυναῖκα,
1608 1136 1973 1208 ὁμομητρίους

394 1225 650 1293 ἁδελιξοὺς
681 1225 1187 1297 ἐπαιδοποιήσαντο,
1225 1225 1320 1278 τοῦ
1353 1227 1516 1296 νόμου
1554 1225 1627 1297 μὴ
1672 1226 1972 1305 κωλύοντος

393 1317 729 1389 χηρεύουσαν
779 1316 911 1387 (94),
957 1318 1075 1388 ἦτοι
1105 1317 1535 1388 ἀπολελυμένην,
1570 1319 1603 1388 ἢ
1657 1318 1750 1370 καὶ
1788 1318 1973 1371 τελευ-

393 1409 657 1476 τήσαντος
701 1408 791 1461 τοῦ
843 1409 1057 1480 ἀνδρὸς,
1105 1408 1249 1480 ἄλλῳ
1281 1409 1594 1479 γαμεῖσθαι.
1645 1411 1740 1463 Ἐκ
1773 1408 1839 1480 δὴ
1876 1413 1974 1482 τῆς

406 1496 587 1561 Ἐσθᾶ,
614 1498 770 1551 τοῦτο
803 1498 912 1568 γὰρ
941 1498 1220 1552 καλεῖσθαι
1259 1498 1360 1570 τὴν
1400 1502 1634 1568 γυναῖκα
1676 1501 1969 1573 παραδέδο-

389 1602 500 1648 ται,
541 1585 754 1658 πρῶτος
789 1587 1015 1640 Ματοὰν
1050 1587 1079 1639 ὁ
1123 1588 1235 1641 ἀπὸ
1273 1588 1366 1643 τοῦ
1417 1589 1765 1661 Σολομῶντος
1798 1592 1969 1645 κατά-

389 1691 503 1744 γων
533 1676 594 1729 τὸ
625 1676 800 1745 γένος,
828 1678 920 1731 τὸν
964 1677 1159 1731 Ἰακὼϐ
1184 1680 1372 1750 γεννᾷο
1417 1682 1511 1733 καὶ
1551 1681 1970 1752 τελευτήσαντος

387 1768 482 1822 τοῦ
506 1768 751 1832 Ματθὰν,
783 1769 956 1840 Μελχὶ
980 1772 1009 1824 6
1038 1771 1131 1823 ἐπὶ
1158 1770 1251 1823 τὸν
1274 1771 1459 1825 Νάθαν
1494 1772 1637 1826 κατὰ
1658 1772 1813 1841 γένος
1840 1774 1972 1827 ἀνα-

2079 591 2174 655 ris,
2230 590 2426 643 tertius
2469 606 2498 642 a
2543 590 2650 642 fine
2700 588 3004 656 reperietur
3038 584 3275 639 Matthau
3325 582 3414 650 qui
3467 581 3651 645 genuit

2074 684 2241 739 Jacob
2271 697 2478 755 patrem
2508 684 2754 753 Josephi.
2787 682 2938 749 Quod
2962 682 3007 736 si
3042 696 3163 733 cum
3194 676 3340 733 Luca
3378 692 3406 729 a
3439 673 3651 728 Nathan

2077 781 2298 832 Davidis
2349 778 2458 831 filio
2501 792 2779 838 numeres,
2815 776 3005 829 tertius
3048 773 3237 829 itidem
3273 787 3300 824 a
3333 772 3438 822 fine
3490 781 3649 834 repe-

2075 870 2245 922 rietur
2294 867 2511 926 Melchi,
2544 866 2704 935 cujus
2747 865 2890 918 filius
2926 862 3027 917 fuit
3067 860 3184 916 lleli
3226 870 3378 929 pater
3402 855 3647 924 Joseplti.

2073 958 2166 1012 Sic
2188 958 2329 1011 enim
2363 956 2536 1009 ait”:
2571 974 2590 1006 ι
2617 955 2818 1021 Joseplt
2849 954 2939 1022 qui
2972 952 3072 1006 fuit
3098 951 3235 1014 Heli,
3266 949 3357 1018 qui
3392 947 3490 999 fttit
3518 944 3650 999 Mel-

2072 1050 2181 1103 chi.
2215 1068 2232 1101 ι
2265 1047 2399 1103 Cum
2429 1049 2593 1117 igitur
2620 1048 2766 1100 velut
2795 1061 2992 1113 scopus
3036 1045 3194 1100 nobis
3227 1042 3533 1112 propositus
3576 1040 3648 1093 sit

2071 1138 2364 1209 Iosephus,
2406 1139 2787 1208 explicandum
2839 1137 2995 1191 nobis
3039 1146 3144 1199 est,
3176 1135 3447 1203 quomodo
3490 1141 3641 1186 uter-

2071 1247 2178 1302 que
2210 1242 2368 1301 pater
2400 1231 2545 1284 illius
2570 1244 2692 1283 esse
2724 1229 2962 1290 dicatur,
2994 1237 3101 1280 tam
3129 1224 3297 1281 Jacob
3331 1225 3421 1293 qui
3449 1238 3512 1277 ex
3547 1222 3647 1277 Sa-

2072 1324 2325 1387 lomone,
2361 1336 2523 1390 quam
2566 1318 2794 1389 Heliqui
2824 1334 2889 1373 ex
2918 1316 3135 1371 Natltan
3171 1317 3437 1384 originem
3473 1313 3640 1368 ducit:

2070 1430 2133 1469 ac
2163 1424 2429 1482 praeterea
2467 1412 2743 1480 quomodo
2765 1410 2856 1464 isti
2887 1411 2995 1464 duo
3031 1408 3200 1463 Jacob
3227 1418 3282 1462 et
3308 1405 3422 1460 Heli
3448 1408 3645 1459 fratres

2070 1506 2306 1572 fuerint;
2331 1505 2526 1559 deinde
2552 1518 2681 1557 vero
2710 1518 2814 1572 qua
2851 1502 3063 1555 ratione
3082 1501 3273 1553 lterum
3300 1510 3484 1568 patres
3513 1497 3644 1549 Mat-

2071 1597 2200 1651 than
2225 1606 2281 1650 et
2311 1594 2528 1659 Melclii,
2560 1595 2779 1648 diverso
2825 1607 3027 1661 genere
3055 1591 3325 1661 prognati,
3357 1590 3439 1642 avi
3487 1586 3643 1641 Jose-

2069 1688 2160 1757 phi
2190 1686 2360 1742 fuisse
2400 1686 2719 1754 probentur.
2752 1682 2991 1737 Matthau
3020 1692 3075 1736 et
3104 1680 3299 1735 Melcbi
3332 1693 3454 1734 cum
3496 1693 3643 1731 eam-

2072 1781 2193 1834 detn
2208 1793 2431 1833 uxorem
2461 1777 2601 1830 alter
2619 1784 2738 1844 post
2764 1775 2994 1829 alterum
3014 1773 3349 1833 habuissent,
3364 1772 3560 1824 liberos
3577 1784 3638 1823 ex

388 1859 709 1930 φερόμενος,
742 1860 1078 1931 χηρεύουσαν
1113 1862 1178 1914 ὲκ
1217 1862 1314 1932 μὲν
1341 1861 1442 1931 τῆς
1479 1863 1646 1933 αὐτῆς
1681 1863 1872 1933 φυλῆς,
1909 1862 1960 1930 ἐξ

2069 1885 2153 1935 ea,
2178 1871 2269 1938 qui
2289 1869 2484 1922 uteriui
2509 1867 2709 1921 fratres
2731 1873 2906 1932 erant,
2932 1871 3308 1933 susceperunt.
3333 1861 3537 1930 Quippe
3558 1860 3638 1914 lex

387 1950 545 2003 ἄλλου
590 1951 647 2004 δὲ
687 1951 880 2019 γένους
929 1950 1026 2017 ὣν,
1080 1951 1155 2015 ὡς
1203 1952 1570 2023 προείπομεν,
1630 1953 1968 2024 ἀγαγόμενος

386 2042 577 2114 αὐτὴν,
607 2042 764 2113 ἔσχεν
802 2044 915 2096 υίδν
939 2043 1029 2097 τὸν
1078 2042 1214 2101 Ἠλὶ.
1254 2042 1414 2097 Οὕτω
1456 2044 1520 2115 δὴ
1560 2044 1831 2115 διαφόρων
1875 2045 1968 2099 δύο

382 2131 555 2199 γενῶν
610 2133 722 2204 (95)
758 2134 1062 2205 εὑρήσομεν
1098 2135 1192 2187 τόν
1238 2151 1300 2187 τε
1341 2133 1537 2188 Ἰακὼϐ
1582 2136 1806 2190 καὶτὸν
1849 2136 1969 2190 Ἦλὶ

383 2225 749 2297 ὁμομητρίους
760 2224 1039 2296 ἀδελφούς·
1059 2219 1135 2280 ὧν
1152 2228 1180 2279 6
1196 2225 1283 2279 ἓτε
1292 2243 1382 2298 ρος
1397 2226 1609 2293 Ἰακὼϐ,
1629 2227 1856 2282 ἀτέκνου
1870 2228 1966 2284 τοῦ

384 2316 613 2386 ἀδελφοῦ
646 2317 1063 2389 τελευτήσαντος
1091 2318 1346 2391 Ἢλὶ,τὴν
1366 2323 1598 2388 γυναῖκα
1617 2320 1964 2392 παραλαϐὼν,

382 2408 670 2479 ἐγέννησεν
695 2410 755 2474 ἐξ
782 2411 952 2480 αὐτῆς
984 2411 1166 2482 τρίτον
1212 2411 1304 2465 τὸν
1342 2413 1457 2466 Ἰωο
1474 2414 1564 2484 ξφ.
1611 2415 1770 2469 Κατὰ
1805 2415 1966 2484 φύσιν

386 2500 484 2571 μὲν
534 2500 732 2572 ἑαυτῷ,
780 2502 873 2554 καὶ
927 2504 1069 2556 κατά
1114 2503 1299 2571 λόγον·
1344 2504 1423 2558 διὸ
1468 2505 1564 2558 καὶ
1612 2508 1962 2579 γέγραπται·

388 2610 409 2645 ι
442 2593 638 2647 Ἰακὼϐ
663 2594 718 2647 δὲ
748 2594 1003 2665 ἐγέννησε
1023 2595 1113 2648 τὸν
1138 2597 1357 2667 Ἰωσήφ.
1400 2616 1418 2648 ι
1440 2596 1598 2651 Κατὰ
1617 2599 1780 2669 νόμον
1794 2599 1850 2652 δὲ
1868 2599 1963 2654 τοῦ

393 2683 512 2738 Ἠλὶ
538 2685 654 2748 υίὸς
680 2681 768 2756 ἦν’
798 2684 994 2757 ἐκείνῳ
1021 2686 1128 2758 γὰρ
1154 2688 1183 2740 6
1224 2685 1416 2740 Ἰακὼϐ
1443 2687 1672 2756 ἁδελφὸς
1703 2687 1799 2753 ὼν,
1836 2690 1964 2743 ἀνέ-

382 2792 547 2847 στησε
587 2776 827 2848 σπέρμα.
857 2777 1058 2850 Διόπερ
1085 2778 1185 2832 ούκ
1212 2778 1629 2850 ἀκυρωθήσεται
1660 2780 1752 2833 καὶ
1782 2783 1814 2852 ὴ
1841 2783 1963 2835 κατ’

380 2867 542 2922 αὐτὸν
566 2868 900 2937 γενεαλογία,
943 2869 1011 2940 ἣν
1051 2870 1331 2935 Ματθαῖος
1363 2871 1461 2941 μὲν
1500 2872 1529 2924 6
1571 2872 1963 2945 εύαγγελιστὴς

380 2957 861 3030 ἐξαριθμούμενος,
893 2976 909 3004 ι
943 2962 1138 3016 Ἰακὼϐ
1169 2964 1249 3027 δὲ,
1298 2966 1487 3036 φησὶν,
1549 2966 1814 3037 ἐγέννησε
1871 2968 1964 3021 τὸν

390 3052 694 3122 Ἰωσήφηὸ
738 3053 796 3106 δὲ
843 3055 1058 3118 Λουκᾶς
1119 3055 1425 3111 ἀνάπαλινο
1477 3056 1537 3121 ὃς
1585 3053 1654 3129 ἦν
1705 3058 1841 3125 υίὸς,
1887 3059 1964 3124 ὡς

379 3141 658 3212 ἐνομίζετο
690 3140 806 3213 (καὶ
834 3142 943 3217 γάρ
970 3145 1065 3198 καὶ
1097 3146 1256 3201 τοῦτο
1298 3148 1645 3222 προστίθησι)
1694 3149 1788 3204 τοῦ
1849 3152 1962 3205 Ἰω-

380 3232 507 3303 σὴφ,
543 3232 635 3286 τοῦ
681 3234 822 3298 Ἠλὶ,
854 3236 946 3289 τοῦ
973 3236 1146 3308 Μελχί
1165 3255 1179 3270 ’
1214 3239 1313 3311 τὴν
1356 3240 1467 3311 γὰρ
1501 3241 1643 3295 κατὰ
1674 3242 1839 3313 νόμον
1863 3243 1958 3313 γέ-

380 3340 525 3377 νεσιν
560 3323 669 3395 (96)
714 3326 1110 3398 ἐπισημότερον
1157 3330 1257 3383 οὐκ
1302 3325 1370 3401 ἦν
1425 3332 1681 3397 ἐξειπεῖν.
1736 3335 1847 3388 Καὶ
1896 3335 1959 3389 τὸ

379 3412 666 3486 ἐγέννησεν
708 3417 801 3470 ἐπὶ
840 3419 942 3488 τῆς
971 3421 1184 3474 τοιᾶσδε
1227 3422 1571 3488 παιδοποιΐας
1606 3425 1733 3497 ἄχρι
1771 3425 1959 3491 τέλους

379 3503 674 3575 ἐσιώπησε,
708 3508 806 3577 τὴν
829 3509 1109 3581 ἀναφορὰν
1141 3512 1503 3583 ποιησάμενος
1527 3515 1631 3579 ἕως
1657 3516 1749 3587 τος)
1787 3516 1957 3587 Ἀδὰμ

379 3596 475 3648 καὶ
503 3595 596 3648 τοῦ
630 3597 764 3649 Θεοῦ
798 3596 907 3667 (97)
948 3580 1071 3652 κάτ’
1119 3580 1397 3656 ἀνάλυσιν.
1433 3605 1567 3658 Οὐδὲ
1613 3580 1955 3678 μὴνδαναπό-

380 3686 644 3760 δεικτονῆ
680 3690 1098 3761 ἐσχεδιασμένον
1144 3694 1262 3747 ἐστὶ
1309 3694 1501 3747 τοῦτο·
1537 3697 1631 3750 τοῦ
1666 3697 1795 3766 γοῦν
1843 3698 1957 3750 Σω-

379 3780 542 3848 τῆρος
572 3780 787 3834 οἱκατὰ
822 3782 1001 3854 σάρκα
1029 3788 1329 3852 συγγενεῖς,
1371 3783 1475 3840 εἴτ’
1517 3785 1611 3842 οὖν
1656 3789 1956 3860 φανητιῶν-

378 3887 487 3934 τες,
520 3871 620 3924 εἴθ’
644 3871 832 3937 ἁπλῶς
861 3873 1289 3942 ἐκδιδάσκοντες,
1326 3878 1544 3943 πάντως
1569 3880 1624 3932 δὲ
1661 3881 1954 3952 ἀληθεύον-

449 3962 497 3994 ³³
523 3960 650 4028 Cap.
687 3976 768 4017 tn.
842 3964 889 3995 “
914 3963 1105 4017 Matth.
1132 3981 1170 4020 I.

446 4052 557 4132 (94.)
589 4056 1159 4133 ΧηρεξύουσανΑ-Ηοο
1193 4058 1328 4133 loco
1367 4058 1657 4133 Africanus
1695 4060 1950 4133 χηρεύειν

372 4126 676 4203 promiscue
704 4126 839 4179 dixit
870 4137 989 4203 ta_m_
1009 4127 1076 4182 de
1097 4128 1416 4203 mulieribus
1440 4126 1948 4202 repudiatiéfquam

375 4195 442 4247 de
474 4195 537 4244 iis
572 4210 799 4259 quarum
832 4197 932 4247 viri
966 4196 1075 4250 fato
1106 4196 1274 4254 functi
1306 4209 1453 4255 sunt.

447 4264 559 4334 (95)
583 4263 1020 4345 Atagdgwrﬂﬁtio
1049 4268 1270 4345 fertur.
1299 4269 1411 4345 Hoc
1442 4273 1560 4345 loco
1585 4272 1753 4345 jévog
1791 4274 1962 4328 sumi-

377 4347 467 4390 tur
498 4333 596 4402 pro
620 4334 847 4402 inutilia.
872 4333 1016 4389 Gens
1045 4333 1188 4392 enim
1220 4340 1478 4394 dividitur
1507 4333 1830 4397 infantilias.
1868 4344 1961 4400 Sic

412 4403 1015 4485 etis”Cortteli_a,nverbi
1067 4410 1263 4485 gratia,
1303 4410 1374 4485 .in
1412 4412 1592 4485 plures
1627 4423 1746 4466 erat
1783 4414 1956 4467 divisa

398 4474 633 4536 antilias,
674 4483 802 4543 puta
836 4472 1172 4541 Scipionum.
1220 4472 1514 4535 Sull-arum.
1568 4481 1950 4543 Lentulorum;

2069 1959 2294 2013 minime
2317 1957 2553 2021 vetabat,
2574 1972 2640 2010 nc
2665 1955 2857 2010 mulier
2880 1955 3062 2018 vidua,
3085 1970 3181 2009 seu
3208 1952 3510 2022 repudiata,
3545 1966 3640 2004 seu

2068 2049 2188 2104 viro
2218 2048 2387 2118 ipsius
2419 2056 2661 2112 mortuo,
2706 2043 2861 2100 alteri
2905 2044 3153 2099 nuberet.
3183 2043 3351 2112 Igitur
3378 2058 3441 2097 ex
3473 2041 3639 2095 Estlta

2070 2138 2195 2211 (hoc
2213 2138 2358 2193 enim
2389 2137 2635 2192 mulieris
2664 2151 2859 2191 nomen
2893 2136 3059 2190 fuisse
3080 2135 3411 2202 accepimus;
3435 2132 3641 2201 primus

2068 2227 2333 2292 Matthan,
2362 2228 2453 2297 qui
2478 2226 2585 2297 22
2615 2242 2645 2280 a
2682 2226 2973 2280 Salomone
2995 2240 3164 2292 genus
3194 2224 3446 2289 ducebat,
3482 2220 3642 2277 Jaco-

2069 2320 2195 2374 bum
2225 2320 2391 2374 filium
2415 2318 2788 2375 sustulit.Post
2810 2318 3104 2371 Matthauis
3128 2325 3307 2370 autem
3338 2315 3638 2377 interitum,

2066 2410 2280 2476 Melchi,
2302 2414 2391 2480 qui
2416 2412 2485 2466 ad
2508 2411 2808 2464 Nathanem
2820 2407 3083 2477 originem
3107 2406 3405 2473 referebat,
3424 2420 3545 2460 cum
3571 2422 3640 2459 ex

2066 2507 2254 2562 eadem
2297 2505 2441 2560 tribu
2486 2504 2583 2559 sed
2623 2504 2837 2557 diversa
2884 2500 3089 2555 familia
3132 2500 3311 2555 editus
3365 2508 3541 2562 esset,
3581 2508 3641 2553 ut

2075 2604 2237 2651 antea
2286 2594 2557 2659 diximus,
2587 2608 2811 2648 uxorem
2861 2607 2982 2647 eam
3031 2591 3276 2655 sortitus,
3313 2589 3429 2644 Heli
3470 2589 3637 2643 filium

2066 2686 2331 2755 suscepit.
2370 2685 2486 2741 Hoc
2511 2686 2672 2740 modo
2705 2681 2877 2738 Jacob
2909 2694 2965 2738 et
2991 2682 3111 2738 lleli
3139 2684 3266 2737 licet
3296 2683 3510 2736 diverso
3540 2696 3636 2751 ge-

2065 2794 2197 2833 nere
2231 2787 2553 2848 prognatos,
2596 2777 2840 2832 uteriuos
2871 2774 3071 2829 fratres
3103 2775 3460 2843 reperiemus.
3488 2772 3640 2840 Quo-

2065 2886 2186 2926 rum
2229 2871 2391 2936 alter,
2419 2869 2589 2925 Jacob
2627 2870 2858 2934 scilicet,
2893 2884 3017 2923 cum
3082 2868 3252 2922 frater
3308 2866 3476 2936 ipsius
3518 2866 3635 2921 lleli

2063 2963 2183 3018 sine
2219 2949 2782 3026 liberis'decessisset,
2815 2961 3033 3015 viduam
3067 2959 3185 3029 ejus
3215 2958 3502 3028 conjugem
3533 2958 3634 3013 sibi

2063 3058 2360 3127 accipiens,
2404 3059 2623 3112 tertium
2670 3070 2736 3109 ex
2781 3069 2843 3108 ea
2886 3052 3192 3123 Josephum‘
3235 3052 3447 3122 genuit,
3484 3060 3637 3104 uatu-

2065 3149 2167 3205 rali
2197 3151 2416 3221 quidem
2450 3151 2662 3204 ratione
2700 3148 2869 3202 filium
2905 3162 3085 3201 suum.
3116 3143 3269 3199 Unde
3295 3143 3460 3199 etiam
3492 3143 3635 3198 scri-

2065 3253 2217 3314 ptum
2266 3243 2457 3297 est“:
2494 3260 2513 3293 ι
2546 3240 2715 3297 Jacob
2757 3253 2941 3295 autem
2999 3240 3184 3311 genuit
3223 3236 3444 3306 Joseph.
3470 3258 3489 3292 ι
3526 3237 3635 3296 Sed

2064 3337 2363 3392 secundum
2404 3334 2573 3404 legem
2616 3333 2759 3387 filius
2796 3339 2913 3386 erat
2955 3329 3092 3391 Ileli,
3128 3330 3325 3399 quippe
3352 3345 3472 3383 cum
3513 3329 3635 3399 ejul

2062 3441 2249 3483 semen
2286 3425 2521 3480 Jacobus
2571 3426 2741 3478 frater
2796 3421 3195 3478 suscitavisset.
3255 3419 3490 3474 Proinde
3529 3433 3632 3477 nec

2062 3519 2280 3590 generis
2305 3534 2400 3587 per
2422 3531 2544 3570 eum
2568 3515 2797 3570 deducta
2841 3513 3032 3575 series,
3056 3526 3195 3567 vana
3239 3526 3304 3565 ac
3329 3509 3498 3563 futilis
3532 3511 3631 3565 de-

2062 3608 2430 3678 prehendetur
2464 3623 2478 3660 :
2518 3619 2679 3674 quam
2733 3603 3012 3657 Matutinus
3054 3601 3272 3671 quidem
3316 3614 3628 3666 recensens,

2068 3718 2086 3750 ι
2115 3696 2303 3763 Jacob,
2336 3697 2535 3765 inquit,
2566 3695 2754 3765 genuit
2781 3692 3004 3762 Josepb,
3037 3711 3056 3744 ι
3077 3691 3252 3747 Lucas
3278 3704 3408 3744 vero
3433 3703 3466 3745 e
3498 3701 3632 3741 con-

2064 3787 2234 3841 trario
2279 3804 2310 3841 a
2359 3786 2484 3839 filiis
2525 3787 2591 3839 ad
2644 3793 2898 3855 parentes
2952 3783 3299 3839 ascendens:
3331 3778 3510 3845 Jesus,
3543 3778 3628 3832 in-

2059 3880 2197 3949 quit,
2229 3879 2322 3948 qui
2353 3887 2493 3945 erat,
2526 3885 2583 3930 ut
2612 3876 2904 3947 putabatur
2928 3874 3055 3947 (hoc
3093 3874 3240 3931 enim
3296 3874 3502 3928 diserte
3534 3869 3631 3924 ad-

2051 4062 2143 4132 phi
2174 4061 2426 4131 nupsisse
2447 4062 2564 4128 ejus
2584 4059 2762 4126 fratri,
2792 4069 2952 4130 atque
2984 4073 3051 4115 ex
3084 4073 3151 4115 eo
3172 4058 3444 4132 Christum
3469 4062 3630 4125 pepe‘

2053 4125 2212 4198 risse,
2251 4125 2412 4198 'quod
2466 4125 2687 4196 impium
2739 4125 2915 4185 estet
2958 4125 3384 4198 absurdum._ld
3446 4136 3625 4198 tamen

2054 4196 2371 4255 neeeSsario
2404 4203 2650 4268 sequitur
2675 4215 2741 4254 ex
2777 4201 2959 4257 verbis
2995 4199 3256 4254 Africani.
3287 4196 3624 4268 Prtetereasi

2054 4287 2215 4325 voces
2261 4272 2368 4341 illa;
2410 4267 2494 4334 ὡς
2516 4270 2794 4341 ἐνομίζετο
2844 4271 3212 4341 extenduntur
3259 4268 3325 4320 ad
3363 4282 3424 4319 ea
3462 4267 3624 4341 verba

2053 4341 2148 4394 τοῦ
2195 4339 2333 4405 Ἠλι,
2363 4344 2548 4395 eadem
2585 4336 2794 4394 ratione
2821 4341 3036 4395 extendi
3081 4340 3245 4393 etiam
3279 4345 3530 4405 poterunt
3556 4336 3623 4388 ad

2054 4428 2243 4465 omnes
2287 4403 2699 4479 gener-alienum
2740 4408 3072 4479 gradusqui
3107 4403 3623 4479 sequuntur._Nulla

2057 4480 2200 4533 enim
2251 4474 2388 4534 ratio
2411 4488 2496 4533 est
2537 4494 2634 4531 cur
2678 4474 3012 4532 iit-secundo
3032 4474 3202 4546 gradui
3237 4474 3626 4546 subattdiantur

375 4526 688 4618 quiomues
730 4557 797 4595 ex
832 4526 1042 4598 diversa
1095 4547 1317 4618 quidem
1359 4526 1721 4613 ΐιιιιιίίίτιῗεειί
1748 4526 1813 4605 ξπ
1986 4531 2029 4586 Ῑ)
2527 4526 3625 4618 reliquisiineisfﬂfterigitu{primoim-

374 4612 678 4687 eademque
711 4621 866 4666 erant
887 4625 1085 4687 gente:
1113 4612 1177 4687 ac
1208 4617 1431 4685 proinde
1448 4612 1673 4687 gentiles
1693 4622 1956 4676 diceban-

376 4689 486 4735 tur.
527 4681 722 4734 Eodem
774 4681 934 4735 modo
988 4681 1228 4738 Matthan
1278 4698 1333 4740 et
1382 4681 1573 4742 hlélelti
1620 4705 1687 4743 ex
1741 4693 1954 4744 diversa

373 4760 537 4829 erant
562 4752 801 4829 fantilia_;
830 4753 988 4829 multo
1013 4758 1486 4829 tamenexeadem
1512 4770 1671 4829 gente
1704 4759 1953 4813 Davidica

374 4833 497 4891 quae
527 4821 579 4870 in
599 4821 743 4891 duas
767 4821 1002 4876 familias
1031 4835 1149 4876 erat
1183 4825 1378 4891 divisa,
1398 4821 1828 4884 Salo'mouiorum
1848 4830 1955 4884 sci-

375 4887 501 4945 licet
524 4897 577 4940 et
599 4887 1036 4946 Nathana-orum.

436 4959 557 5040 .(96)
598 4957 719 5026 Τὴν
742 4962 852 5040 γᾴρ
880 4961 1030 5040 κατὰ
1056 4964 1243 5040 νόμον
1272 4963 1531 5040 γένεστν.
1568 4967 1826 5040 Πίστειίο
1869 4969 1954 5020 ni-

377 5035 546 5081 mium
577 5035 816 5097 argutari
851 5035 1063 5084 videtur
1086 5035 1399 5089 Art-ienutts.
1428 5037 1561 5091 Cum
1603 5039 1747 5089 enim
1781 5036 1953 5091 Lucas

378 5099 918 5186 (ἔρηριιιύεεοιριξοςὶι
935 5115 975 5186 με
1000 5184 1007 5186 A
1032 5101 1433 5186 Ὠςρὲνομίζετο
1454 5106 1812 5186 υίὸςηἸωσῂφ
1838 5106 1949 5186 ,τοῦ

405 5168 530 5250 ῌλὶ,
563 5167 658 5220 τοῦ
683 5167 885 5250 “Magi,
925 5167 1367 5250 etc.;Afric§iuus
1397 5167 1561 5250 voces
1585 5176 1707 5231 illas
1730 5167 1805 5250 ὼς
1834 5177 1952 5250 ἐνο-

379 5237 565 5310 μίζετο
617 5237 973 5310 ιἰείειςτϊγιιιι
1008 5237 1116 5295 non
1162 5244 1340 5299 solum
1384 5247 1453 5301 ad
1498 5247 1587 5300 illa
1631 5237 1798 5300 verba
1833 5248 1950 5310 υἱὸς

384 5308 607 5389 autem,
667 5308 760 5389 sed
819 5311 984 5389 etiam
1035 5313 1101 5364 ad
1150 5313 1244 5389 illa
1314 5331 1435 5384 quae
1493 5327 1796 5389 sequuntur
1851 5308 1947 5369 τοῦ

405 5377 527 5430 Ηλί.
559 5379 712 5452 Quod
742 5379 842 5432 etsi
865 5377 1347 5452 acututnitiidetur;
1380 5396 1465 5440 est
1497 5377 1674 5438 tamen
1706 5386 1945 5452 ineptum

376 5457 540 5524 atque
576 5448 858 5524 insulsum.
891 5447 1024 5524 Nam
1056 5451 1100 5524 si
1133 5450 1307 5507 Lucas
1324 5447 1656 5524 evangelista
1684 5456 1765 5509 his
1794 5447 1944 5509 voci-

376 5518 476 5595 bus
602 5517 1157 5595 €VOpiCETQ,_It_3gaIEIII
1207 5524 1357 5595 illam
1400 5515 1800 5594 generationem
1849 5539 1945 5580 seu

376 5588 1014 5661 adoptionemintelligit,
1048 5600 1105 5661 ut
1141 5592 1251 5645 vult
1281 5588 1594 5656 Africanus,
1626 5602 1946 5661 sequeretur

373 5653 648 5732 phristum
667 5653 1032 5732 lilium_fuisse
1054 5658 1271 5732 Joseplti
1305 5678 1403 5732 per
1427 5653 1767 5732 adoptionem
1793 5663 1941 5732 lega-

375 5723 503 5806 lem,
547 5726 735 5806 eodem
799 5728 961 5806 plane
1013 5723 1322 5806 modq'quo
1351 5723 1616 5801 Joseplius
1648 5733 1815 5806 tilius_
1842 5723 1944 5787 fuit

377 5791 512 5846 lleli.
553 5792 627 5849 Ita
655 5791 941 5851 dicendum
962 5810 1104 5854 esset
1129 5791 1353 5856 Mariam
1381 5791 1500 5860 post
1527 5814 1756 5859 mortem
1789 5800 1942 5858 Just;-

2060 4612 2397 4687 probaudum
2441 4625 2525 4672 est
2580 4612 3043 4685 iit—explicatione
3072 4612 3624 4687 Al'ricatti._§een_tulo

2058 4682 2175 4743 loco
2195 4688 2489 4741 notandum
2526 4694 2610 4739 est
2632 4682 2777 4755 quod
2806 4686 2883 4739 ait
2905 4687 2955 4740 in
2985 4685 3334 4755 generatione
3354 4683 3443 4736 illa
3460 4682 3622 4755 Chri-

2055 4761 2127 4812 Sti
2154 4774 2315 4826 quam
2345 4755 2513 4826 refert
2540 4753 2717 4809 Lucas
2744 4755 2963 4826 tertium
2992 4753 3337 4826 esse_blelclti
3363 4754 3541 4822 :atqui
3567 4754 3622 4826 in

2054 4823 2349 4895 Evangelio
2375 4824 2543 4895 Luca:_
2560 4825 2755 4895 tertius
2779 4825 3091 4879 nominatur
3114 4824 3338 4895 illatltat,
3357 4823 3625 4895 avussci-

2057 4898 2183 4951 licet
2211 4892 2480 4961 'Josephi;
2527 4893 2719 4947 Melclti
2742 4910 2874 4947 vero
2901 4896 3142 4963 quintus,
3176 4893 3377 4947 abavus
3417 4892 3626 4947 scilicet

2051 4966 2298 5034 Joseplti.
2338 4965 2522 5032 Itaque
2539 4974 2632 5015 aut
2656 4963 2968 5019 Africanum
3000 4965 3257 5034 memoria
3278 4964 3483 5034 lapsum
3505 4976 3624 5015 esse

2050 5032 2339 5090 dicendum
2386 5044 2504 5098 est,
2557 5041 2842 5100 autcerte
2872 5034 2923 5087 in
2957 5034 3143 5088 codice
3183 5032 3459 5100 Erangelii
3516 5047 3623 5096 quo

2052 5121 2182 5159 usus
2209 5115 2294 5158 est
2327 5105 2616 5157 Africanus
2645 5099 2841 5156 Helo/ti
2877 5105 3139 5172 scriptum
3168 5099 3467 5172 fuisse’pro
3502 5099 3622 5152 Ma-

2051 5175 2163 5228 that
2195 5191 2215 5229 :
2250 5189 2372 5240 quae
2417 5183 2499 5227 est
2540 5173 2852 5240 conjectura
2888 5168 3045 5227 Beda:
3069 5175 3127 5226 in
3169 5184 3321 5237 caput
3353 5186 3410 5224 ιιι
3441 5168 3619 5240 Laur.

2049 5246 2211 5298 Certe
2257 5239 2551 5312 Gregorius
2609 5239 2979 5297 Nazianzenus
3034 5244 3085 5295 in
3125 5245 3367 5312 carmine
3396 5240 3504 5312 _58,
3545 5239 3622 5293 De

2049 5313 2245 5367 Christi
2287 5308 2609 5382 genealogia,
2645 5313 2955 5366 Africanum
3003 5326 3265 5379 sequens,
3299 5308 3491 5382 ριειειιε
3523 5324 3621 5374 pro

2050 5383 2259 5436 Mat/tat
2289 5379 2500 5450 posuit,
2538 5390 2593 5434 et
2622 5383 2942 5437 Ambrosius
2969 5384 3025 5436 in
3068 5383 3158 5436 lib.
3194 5398 3251 5436 ιιι
3287 5379 3620 5433 Commenta-

2049 5454 2248 5506 riorum
2279 5454 2337 5504 in
2368 5451 2584 5503 Lucam.

2119 5525 2422 5600 (97)”Vulg.
2463 5526 2598 5600 ἔοις⁸
2617 5523 2722 5578 τοῦ
2764 5522 2946 5600 Ἀ-διῖιμ
2972 5521 3098 5600 τοῦη
3112 5520 3279 5600 Θεοῦ.
3310 5518 3622 5600 Nostrico-

2049 5589 2460 5654 dic‘es'Mazfae
2486 5589 2620 5650 Méd.
2647 5610 2769 5648 cum
2800 5589 2936 5648 Fuk.
2975 5609 3038 5646 ac
3065 5590 3253 5654 Savil.,
3295 5589 3615 5658 particulam

2051 5671 2383 5725 interseruut
2425 5668 2528 5720 hoc
2572 5666 2732 5719 modo
2754 5663 2859 5726 ἕως
2885 5661 2981 5716 τοῦ
3023 5660 3192 5729 Ἀδὰμ
3216 5659 3309 5714 καὶ
3332 5658 3427 5729 τοῦ
3459 5657 3616 5721 Θεοῦ,

2050 5740 2192 5810 quod
2216 5738 2452 5810 _quidem
2505 5736 2635 5788 mihi
2684 5734 2898 5810 videtur
2941 5728 3259 5810 elegantius.
3313 5728 3487 5799 Atque
3545 5731 3617 5783 i-ta

2053 5803 2178 5868 legit
2216 5803 2463 5861 R'ulinus.
2498 5815 2551 5857 ιιι
2586 5822 2647 5858 ex
2684 5805 2928 5857 \et'siutte
2956 5803 3073 5859 t'illa
3099 5810 3342 5858 aaoari‘t.
