4154 6462
432 326 524 379 191

1440 333 1788 389 lllSTORUE
1827 335 2389 393 ECCLESIASTICAZ
2431 337 2560 393 LIB.
2604 338 2644 392 l.

3579 341 3683 396 102

425 440 673 513 Βηθλεέμ
733 446 1248 516 προαναφωνοῦσαν,
1282 448 1361 500 ἐνὶ
1417 450 1802 521 προστάγματι
1869 451 1993 515 τοὺς

2101 452 2384 520 cumperit,
2419 451 2511 521 qui
2546 452 2598 506 in
2625 450 2939 508 Bethlehem
2971 452 3313 510 nasciturum
3335 466 3456 508 esse
3485 455 3678 525 praedi-

424 532 758 603 ὐπομαζίους
799 535 855 588 ἕν
887 554 946 589 τε
977 540 1043 609 τῇ
1084 539 1330 609 Βηθλεὲμ
1370 541 1463 593 καὶ
1504 543 1638 593 πᾶσι
1670 544 1781 605 τοῖς
1835 542 2005 614 ὁρίοις

422 626 594 694 αὐτῆς
627 625 736 678 ἀπὸ
779 626 986 690 διετοῦς
1024 630 1117 681 καὶ
1147 629 1440 700 κατωτέρω
1490 631 1689 694 παῖδας
1721 632 1864 686 κατὰ
1911 632 2004 685 τὸν

422 716 876 789 ἀπηκριϐωμένον
901 718 1049 790 αὐτῷ
1074 720 1265 791 χρόνον
1294 721 1441 792 παρὰ
1472 722 1580 774 τῶν
1615 723 1830 793 μάγων,
1851 725 2006 777 ἀναι-

425 808 648 879 ρεθῆναι
697 811 1039 880 προστάττει,
1098 811 1313 875 πάντως
1355 829 1457 865 που
1493 815 1586 867 καὶ
1629 814 1718 868 τὸν
1774 816 2001 886 Ἰησοῦν,

422 898 497 962 ὥς
526 915 589 966 γε
623 895 691 969 ἦν
714 901 879 964 εἰκὸς,
905 902 1002 972 τῆς
1030 902 1200 971 αὐτῆς
1224 906 1335 965 τοῖς
1356 904 1574 976 ὁμήλιξι
1604 906 2004 960 συναπολαῦσαι

426 993 710 1061 συμφορᾶς
732 993 995 1062 οἰόμενος.
1031 995 1309 1064 Φθάνειγε
1342 997 1447 1067 μὴν
1477 996 1573 1067 τὴν
1598 997 1890 1070 ἐπιϐουλὴν
1924 1000 2004 1063 είς

423 1079 695 1148 Αἴγυπτον
722 1080 1093 1152 διακομισθεὶς
1121 1088 1148 1138 ὀ
1175 1089 1323 1149 παῖς,
1342 1086 1408 1138 δι’
1427 1087 1747 1156 ἐπιφανείας
1772 1088 2004 1157 ἀγγέλου

422 1172 483 1224 τὸ
505 1171 693 1242 μέλλον
717 1189 889 1244 προμε
899 1173 1220 1245 μαθηκὸτων
1241 1176 1406 1230 αὐτοῦ
1436 1177 1542 1229 τῶν
1575 1179 1797 1246 γονέων.
1820 1179 2005 1233 Ταῦτα

428 1263 524 1332 μὲν
562 1260 653 1316 οὖν
680 1265 773 1316 καὶ
805 1265 837 1334 ἡ
874 1265 995 1335 ἱερὰ
1020 1265 1115 1319 τοῦ
1159 1268 1493 1336 Εὑαγγελίου
1529 1269 1767 1323 διδάσκει
1793 1272 2001 1343 γραφή.

428 1353 609 1418 ’Ἄξιον
638 1353 681 1405 δ’
706 1354 799 1406 ἐπὶ
828 1355 1035 1419 τούτοις
1064 1358 1293 1411 συνιδεῖν
1312 1358 1604 1430 τάπίχειρα
1628 1361 1727 1430 τῆς
1763 1359 2002 1432 Ἡρώδου

424 1444 564 1498 κατὰ
592 1444 685 1498 τοῦ
720 1446 957 1517 Χριστοῦ
997 1448 1089 1502 καὶ
1116 1447 1226 1502 τῶν
1255 1449 1538 1520 ὁμηλίκων
1569 1451 1718 1522 αὐτῷ
1764 1453 1964 1525 τόλμης
1986 1468 2000 1482 ·

423 1535 499 1597 ὡς
519 1537 832 1607 παραυτίκα
865 1544 998 1614 μηδὲ
1029 1540 1267 1610 σμικρᾶς
1293 1540 1562 1610 ἀναϐολῆς
1577 1544 2002 1614 γεγεννημένης,

423 1627 605 1698 ὴ·θεία
643 1628 765 1701 δίκη
804 1630 1062 1701 περιόντα
1090 1630 1165 1684 ἐτ’
1196 1633 1359 1686 αὐτὸν
1394 1632 1473 1704 τῷ
1510 1633 1608 1705 βίῳ
1641 1635 2002 1708 μετελήλυθε,

419 1719 490 1773 τὰ
521 1720 629 1773 τῶν
674 1719 811 1793 μετὰ
856 1721 956 1793 τὴν
994 1722 1204 1776 ἐνθένδε
1255 1724 1573 1797 ἀπαλλαγὴν
1615 1726 2003 1797 διαδεξομένων

424 1813 584 1866 αὑτὸν
616 1813 993 1868 ἐπιδεικνύντα
1023 1815 1285 1887 προοίμια
1339 1816 1468 1887 (15).
1510 1819 1596 1880 Ὠς
1644 1818 1742 1888 μὲν
1782 1815 1874 1872 οὖν
1903 1819 2003 1884 τὰς

423 1903 562 1957 κατὰ
589 1904 687 1976 τὴν
706 1904 978 1975 βασιλείαν
998 1905 1146 1976 αὐτῷ
1174 1907 1521 1977 νομισθείσας
1540 1909 1864 1981 εὐπραγίας,
1885 1913 2005 1975 ταῖς

423 1994 565 2047 κατὰ
605 1994 696 2049 τὸν
747 1992 894 2049 οἷκον
940 1996 1262 2072 ἐπαλλήλοις
1317 1998 1618 2070 ἠμαύρωσε
1672 2004 2001 2072 συμφοραῖς,

423 2086 679 2155 γυναικὸς
727 2089 823 2142 καὶ
873 2089 1078 2143 τέκνων
1112 2091 1206 2143 καὶ
1249 2089 1358 2143 τῶν
1387 2089 1587 2144 λοιπῶν
1634 2091 1742 2144 τῶν
1773 2092 2005 2162 μάλιστα

424 2179 561 2250 πρὸς
588 2180 778 2248 γένους
806 2181 1250 2250 ἀναγκαιοτάτων
1286 2199 1347 2234 τε
1366 2183 1459 2235 καὶ
1487 2182 1754 2251 φιλτάτων
1788 2201 2004 2254 μιαιφοο

423 2269 588 2335 νίαις,
634 2271 757 2323 οὐδὲ
803 2266 914 2325 οἷόν
957 2289 1019 2324 τε
1053 2272 1147 2326 νῦν
1194 2273 1518 2341 καταλέγειν
1560 2273 1693 2343 (16),
1740 2275 2003 2347 τραγικὴν

425 2360 642 2414 ἃπασαν
673 2361 1117 2436 δραματουργίαν
1148 2362 1575 2434 ἐπισκιαζούσης
1596 2364 1697 2433 τῆς
1730 2367 1857 2437 περὶ
1876 2366 2002 2420 τού-

421 2469 530 2505 των
559 2452 884 2518 ὑποθέσως,
910 2455 979 2526 ἢν
1001 2458 1081 2519 εἰς
1101 2456 1303 2520 πλάτος
1329 2457 1387 2509 ἐν
1401 2459 1523 2519 ταῖς
1540 2457 1833 2511 κατάὐτὸν
1862 2460 2004 2516 ἱστο-

427 2543 571 2615 ρίαις
602 2546 631 2598 ὁ
676 2544 936 2617 Ἰώσηπος
960 2546 1284 2620 διελήλυθεν.
1323 2549 1410 2613 Ὠς
1434 2548 1477 2602 δ’
1505 2548 1621 2619 ἅμα
1646 2550 1710 2619 τῇ
1739 2550 1882 2604 κατὰ
1906 2550 1999 2604 τοῦ

424 2636 673 2711 Σωτῆρος
702 2640 735 2711 ἡ
743 2639 857 2711 μῶν
884 2642 981 2693 καὶ
1008 2641 1116 2695 τῶν
1142 2640 1317 2695 ἄλλων
1346 2641 1555 2712 νηπίων
1577 2641 1846 2716 ’ἐπιϐουλῇ
1864 2642 1997 2717 (l7),

496 2795 607 2871 (l5)
671 2799 1122 2871 ξΕπιδεικνύντα
1184 2802 1480 2871 προοίμια.
1536 2801 1663 2858 Haec
1718 2810 1803 2857 est
1839 2800 2001 2858 lectio

424 2868 639 2941 codicis
668 2868 840 2941 llegii,
869 2886 1031 2940 quam
1060 2873 1200 2927 Rob.
1226 2868 1545 2941 Stephanus
1572 2875 1866 2940 expressit,
1900 2888 2001 2929 nec

423 2954 523 2991 nos
550 2939 898 3007 rejieiendani
926 2956 1045 2996 esse
1069 2939 1396 2996 censuimus.
1426 2939 1669 2997 llcrodes
1696 2943 1862 3007 enim,
1886 2958 2003 3008 gra-

423 3009 645 3080 vissimo
675 3024 964 3080 oppressus
993 3013 1203 3073 morbo,
1244 3013 1521 3080 eleganter
1559 3013 1757 3066 dicitur
1800 3012 2002 3067 ἐπιδει-

421 3077 603 3152 κνύειν
631 3078 699 3152 τὰ
727 3080 987 3151 προοίμια
1012 3081 1122 3134 τῶν
1153 3081 1290 3152 μετὰ
1317 3077 1568 3146 θάνατον,
1593 3084 1642 3137 id
1678 3092 1784 3142 est,
1815 3084 1999 3150 prolu-

2034 1792 2076 1847 Β

2109 549 2281 605 xerat,
2343 542 2528 595 statim
2585 556 2773 595 omnes
2830 557 3032 612 pueros
3086 542 3264 597 adhuc
3315 541 3583 597 lactentes
3626 544 3679 597 in

2108 631 2448 698 Bethlehem,
2485 641 2540 686 et
2573 635 2625 686 in
2662 634 3022 688 conterminis
3060 634 3193 688 locis
3247 649 3276 689 a
3317 635 3477 689 bimis
3509 650 3682 705 usque

2105 721 2171 773 ad
2200 722 2570 775 recentissime
2588 732 2742 775 natos
2774 725 3071 778 secundum
3100 733 3309 793 tempus
3328 724 3471 793 quod
3507 739 3535 777 a
3561 742 3678 778 ma-

2106 810 2188 879 gis
2213 812 2504 881 diligenter
2541 814 2916 883 inquisiverat,
2952 830 3061 869 uno
3105 815 3285 869 edicto
3326 816 3559 869 interfici
3591 815 3681 885 ju-

2107 904 2216 955 bet.
2267 901 2448 958 Jesum
2487 905 2684 974 quippe
2729 906 2916 959 eadem
2968 922 3089 961 cum
3134 907 3430 975 aequalibus
3454 907 3587 972 suis,
3624 915 3682 960 ut

2106 1001 2223 1045 crat
2263 994 2596 1059 verisimile,
2633 995 2943 1049 calamitate
2988 996 3363 1051 involvendmn
3407 1012 3527 1051 esse
3559 1012 3683 1067 spe-

2106 1084 2284 1139 rabat.
2323 1084 2428 1139 Sed
2464 1084 2690 1141 insidias
2728 1087 2872 1156 regis
2900 1089 3183 1156 przevertit
3210 1103 3344 1158 puer
3368 1097 3682 1154 asportatus

2106 1172 2161 1225 in
2183 1171 2473 1244 Egyptum
2501 1190 2529 1229 a
2574 1178 2916 1244 parentibus,
2952 1178 3154 1245 quibus
3194 1194 3465 1248 apparens
3516 1194 3680 1249 ange-

2106 1263 2190 1318 lus
2234 1280 2345 1319 rem
2379 1280 2597 1321 onmem
2634 1279 2946 1335 aperuerat.
2986 1269 3054 1323 Et
3105 1270 3224 1324 haec
3271 1273 3490 1339 quidem
3527 1286 3680 1325 sacer

2107 1354 2387 1425 Evangelii
2423 1371 2608 1411 sermo
2630 1358 2900 1414 declarat.
2925 1357 3043 1413 Jam
3073 1376 3199 1414 vero
3229 1376 3408 1429 operm
3440 1364 3680 1431 pretium

2108 1446 2268 1501 fuerit
2296 1458 2547 1516 spectare
2586 1465 2705 1518 quze
2741 1467 2953 1507 merces
2981 1453 3207 1507 srelcris
3242 1455 3296 1507 in
3330 1455 3602 1509 Christum
3627 1466 3678 1511 et

2106 1538 2343 1607 atquales
2386 1540 2503 1610 ejus
2540 1541 2777 1597 infantes
2820 1543 3044 1597 admissi
3098 1544 3362 1598 Herodem
3392 1559 3679 1600 consecuta

2106 1629 2210 1683 sit:
2241 1639 2293 1686 et
2320 1645 2430 1700 quo
2468 1643 2628 1700 pacto
2658 1647 2688 1686 e
2725 1634 2950 1703 vestigio
2975 1633 3120 1689 tmlla
3158 1650 3305 1689 mora
3338 1635 3679 1706 interposita,

2108 1720 2283 1774 adhuc
2323 1720 2673 1787 superstitem
2718 1723 2853 1777 ultio
2894 1723 3080 1776 divina
3125 1726 3418 1793 corripuit,
3457 1727 3593 1780 adeo
3624 1736 3682 1780 ut

2105 1825 2290 1864 eorum
2310 1811 2399 1878 qui
2426 1821 2546 1880 post
2569 1811 2709 1865 hanc
2728 1812 2891 1865 vitam
2921 1812 3097 1882 ipsum
3130 1816 3442 1878 manebant,
3467 1820 3682 1871 crucia-

2107 1910 2254 1954 tuum
2273 1900 2529 1970 praeludia
2562 1904 2813 1971 quaedam
2839 1905 3174 1961 ostenderet.
3207 1907 3272 1959 Et
3299 1908 3534 1975 qualiter
3555 1910 3679 1977 qui-

2105 1991 2225 2045 dem
2255 1991 2402 2061 regni
2437 1992 2546 2054 sui,
2580 2002 2641 2046 ut
2666 1992 2916 2060 putabat,
2946 1998 3340 2064 prosperitates
3358 1998 3679 2053 domesticis

2104 2084 2503 2140 calamitatibus
2525 2085 2624 2140 sibi
2645 2086 2885 2141 vicissim
2910 2088 3328 2143 accedentibus
3348 2090 3676 2157 obscuravit,

2104 2188 2273 2228 uxore
2318 2188 2382 2228 ac
2421 2174 2631 2241 liberis,
2665 2176 2989 2244 cmterisque
3022 2179 3215 2245 partim
3247 2179 3677 2250 propinquitate,

2102 2265 2300 2335 partim
2340 2266 2582 2322 amicitia
2607 2267 2709 2321 sibi
2749 2267 3107 2337 junctissimis
3139 2270 3347 2324 nefarie
3370 2274 3674 2334 trucidatis,

2103 2371 2171 2410 ne
2201 2358 2539 2412 numerando
2565 2358 2783 2428 quidem
2817 2375 2961 2414 nunc
2979 2361 3179 2429 possim
3216 2377 3525 2426 recensere,
3551 2380 3676 2418 cum

2101 2462 2320 2502 omnem
2374 2450 2763 2520 tragmdiarum
2834 2451 3185 2507 atrocitatem
3235 2464 3456 2521 superet
3516 2456 3678 2524 hujus

2101 2538 2406 2608 argumenti
2440 2539 2714 2607 tractatio,
2732 2541 2874 2611 quod
2903 2539 3173 2611 Iosephus
3202 2541 3253 2595 in
3278 2541 3675 2613 Autiquitatum

2102 2629 2259 2684 libris
2304 2629 2582 2691 uberrime
2633 2640 2719 2686 est
2766 2640 3076 2688 exsecutus.
3113 2631 3356 2699 Qualiter
3387 2650 3518 2691 vero
3552 2646 3679 2707 post

2096 2784 2365 2857 Iosephus
2415 2787 2682 2843 Herodem
2719 2787 2881 2844 tantis
2946 2788 3224 2846 doloribus
3272 2799 3400 2845 ante
3445 2800 3670 2847 mortem

2099 2863 2398 2912 cruciatum
2430 2874 2553 2914 esse
2584 2859 2744 2922 dixit,
2780 2863 2849 2913 ob
2883 2862 3312 2927 persecutioaem
3341 2861 3563 2927 Christi,
3589 2864 3672 2919 vel

2100 2927 2170 2981 ob
2199 2932 2397 2982 caedem
2433 2931 2721 2982 infantum.
2770 2928 3251 2999 ()hjicitpraeterca
3300 2932 3531 2985 Eusebio
3573 2950 3676 2987 ttu-

2138 3013 2263 3070 erus
2294 2998 2385 3053 ille
2415 3001 2670 3070 scriptor,
2706 3003 2848 3067 quod
2877 2998 3075 3070 tlixet-it
3101 3003 3282 3054 statim
3321 3013 3438 3070 post
3468 3005 3669 3057 cmdcm

2146 3068 2669 3123 ethleltemiticorum
2708 3069 3019 3136 infantimn,
3068 3068 3342 3125 cruciatus
3388 3073 3510 3125 illos
3559 3071 3669 3126 lle-

421 3149 513 3201 dia
565 3136 824 3202 maloru'm
868 3136 985 3219 tina:
1020 3136 1315 3218 post'hanc
1364 3153 1524 3205 vitam
1554 3136 1826 3220 possm-us.
1857 3136 1992 3218 erat,
2022 3136 2066 3196 (ἶ
2101 3139 2556 3220 ξοά,ί,είῖ¹¹¹ί8ίδεεῖι
2578 3154 2701 3193 Cum
2746 3139 2887 3220 im?"
2912 3139 3301 3211 βρεφοκτονίαν
3347 3152 3401 3220 9}
3439 3141 3670 3220 Πετφίίίε

420 3219 682 3272 exhibere.
723 3218 891 3273 Codd.
940 3232 1116 3274 tamen
1165 3220 1302 3273 Med.
1336 3235 1401 3275 ac
1443 3218 1583 3275 Maz‘.
1616 3238 1738 3275 cum
1769 3220 1901 3275 Fuk.
1932 3238 1997 3277 ac

425 3288 591 3343 Savil.
629 3288 787 3355 longe
835 3291 993 3343 aliter
1042 3291 1302 3357 scriptum
1357 3290 1586 3354 habent,
1638 3293 1738 3344 hoc
1789 3293 1990 3345 modo:

422 3358 518 3409 καὶ
546 3357 621 3432 ὡς
645 3357 768 3432 τῶν-
787 3358 922 3432 μετα
958 3359 1056 3428 τὴν
1098 3359 1308 3432 ἐνδένδε
1350 3358 1668 3432 ἀπαλλαγὴν
1698 3360 1998 3432 διαδεξομέ-

421 3442 528 3500 νων
558 3426 717 3479 αὑτὸν
753 3426 1081 3500 ἐπιδείκνυσι
1128 3428 1196 3481 τὰ
1249 3430 1529 3500 προοίμια.
1579 3426 1750 3495 Quam
1778 3426 1993 3500 (ιιιιιίξξιιι

422 3496 756 3567 scripturam
778 3498 1069 3567 confirmat
1097 3500 1261 3550 etiam
1288 3496 1625 3566 Nice'phorus
1672 3501 1724 3552 in
1754 3496 1871 3567 cap.
1907 3499 1993 3564 l5,

425 3563 519 3615 lib.
556 3565 710 3637 l,_l|l)l
746 3565 895 3637 lt_uncr
917 3565 1331 3637 Eusebiinostri
1364 3563 1541 3637 locum
1575 3570 1647 3620 ita
1696 3563 1995 3637 interpolaé

426 3638 502 3707 vit
533 3650 546 3685 :
589 3632 841 3707 '_0;_‘{oﬁv_
874 3636 908 3704 ἡ
955 3633 1074 3686 Θεία
1105 3634 1225 3707 δίκη
1245 3635 1401 3707 μετὰ
1449 3634 1548 3707 τὴν
1573 3637 1755 3707 ἄδικον
1786 3632 1996 3706 μιαιφο-

421 3700 538 3777 νέαν
563 3701 653 3754 τὸν
667 3700 955 3777 ᾔθεομάχον,
973 3700 1318 3776 μετελήλυθε,
1370 3700 1652 3777 προοίμιον
1683 3706 1757 3768 ὡς
1778 3700 1875 3777 ίᾶν
1907 3700 1990 3771 τις

420 3772 562 3843 εἴποι
625 3771 750 3843 τῶν
777 3771 1067 3843 ἐσομένων
1118 3771 1294 3827 ἐκεῖσε
1353 3771 1542 3829 κακῶν
1582 3775 1952 3843 ὑποφαίνουσα
1976 3815 1991 3840 ,

421 3840 864 3914 ἄξιονᾼδιελθεῖν.
893 3840 1171 3914 ίίξιιιιιιίθιιι
1213 3860 1429 3914 quoque
1480 3840 1767 3901 lectionem
1819 3851 1990 3900 secuti

420 3923 548 3983 Sunt
579 3909 807 3983 Ruﬁnus
835 3922 888 3966 et
915 3909 1471 3982 Clu-istophorsonus,
1529 3927 1589 3969 ιιι
1617 3930 1683 3969 ex
1722 3915 1990 3983 interpre-

421 3981 712 4053 tationibus
744 3996 929 4053 eorum
966 3981 1211 4049 apparet.
1266 3981 1462 4048 Quare
1496 4000 1600 4039 non
1631 3984 1815 4039 dubito
1857 3981 1991 4053 quin

421 4050 535 4125 hate
567 4050 1102 4125 lectio_pr:cferenda
1131 4055 1201 4107 sit
1251 4054 1401 4125 llegii
1437 4055 1642 4125 codicis
1684 4050 1988 4125 scripturae.

421 4117 684 4175 llenricus
734 4117 965 4175 Savilins
991 4123 1141 4190 prius
1193 4117 1408 4190 quidé'm
1460 4124 1526 4177 ad
1553 4140 1709 4180 oram
1750 4117 1868 4176 libri
1905 4125 1991 4179 sui

420 4191 777 4245 adnotaverat
826 4190 968 4244 forte
1029 4192 1370 4246 scribendum
1426 4207 1549 4249 esse
1606 4191 1986 4249 ἐπιδεικνῦσα.

421 4258 526 4312 Sed
578 4270 760 4328 postea
809 4260 1042 4320 notavit.
1087 4262 1220 4315 duos
1270 4263 1487 4319 codices
1537 4278 1699 4316 manu
1737 4275 1990 4317 exaratos

418 4330 674 4405 scriptum
710 4330 911 4384 habere
937 4329 1031 4383 καὶ
1058 4329 1133 4394 ὡς
1165 4331 1303 4402 μετὰ
1334 4334 1432 4405 τὴν
1546 4331 1878 4387 ἐπιδείκνυσι
1920 4330 1989 4385 τὰ

416 4397 696 4465 προοίμια,
729 4409 899 4453 recte.

2099 3207 2456 3279 fmdissimn'm
2504 3209 2651 3279 illum
2702 3207 2971 3279 morbum,
3019 3207 3226 3277 Septem
3260 3212 3408 3270 anui,
3468 3223 3522 3265 ut
3557 3215 3669 3279 ipse

2098 3279 2196 3348 ait,
2231 3278 2685 3348 intercesserint,
2708 3277 2814 3332 Sed
2869 3290 3155 3348 utramque
3192 3279 3551 3348 objectionem
3580 3277 3668 3334 rc-

2095 3346 2285 3400 fellere
2318 3346 2631 3400 facillimum
2663 3347 2842 3401 fuerit.
2870 3346 3052 3415 Neque
3072 3346 3221 3401 enim
3248 3346 3377 3402 dicit
3400 3350 3664 3406 Eusebius

2098 3418 2149 3485 id
2188 3418 2333 3483 quod
2389 3417 2487 3484 ipsi
2531 3417 2808 3485 objicitur.
2862 3416 3039 3471 Utitur
3080 3418 3298 3483 quidem
3353 3422 3666 3474 testimonio

2094 3483 2337 3553 Josephi,
2389 3483 2447 3537 ut
2478 3483 2666 3554 probet
2698 3486 2962 3540 llerodem
2994 3487 3247 3540 maximis
3284 3486 3531 3541 affet-tuin
3565 3493 3660 3542 do.

2098 3555 2301 3626 loribus
2331 3557 2622 3621 interiisse,
2675 3560 2742 3610 ob
2778 3555 2984 3609 scelera
3013 3570 3132 3623 qua:
3178 3566 3290 3609 toto
3325 3560 3445 3612 vita:
3485 3561 3663 3626 Spulio

2095 3625 2409 3694 admiserat,
2462 3640 2565 3678 non
2615 3640 2746 3681 vero
2797 3635 2857 3679 ut
2900 3626 3114 3694 probet,
3165 3640 3259 3679 eos
3286 3625 3560 3681 cruciatus
3593 3635 3662 3683 ob

2095 3696 2295 3764 caulem
2328 3693 2591 3747 infantum
2622 3705 2674 3748 ct
2703 3696 3130 3764 persecutionem
3160 3695 3361 3751 Christi
3396 3697 3659 3753 Herodem

2094 3762 2398 3834 pertulisse.
2452 3762 2808 3829 Quamobrem
2870 3780 2974 3818 non
3017 3775 3100 3834 est
3150 3766 3446 3834 culpandus
3488 3768 3659 3821 Eusc-

2096 3833 2237 3905 hius,
2258 3837 2361 3905 sed
2408 3836 2585 3900 potius
2631 3836 2893 3887 laudanda
2920 3842 3003 3887 est
3042 3832 3159 3905 ejus
3192 3832 3325 3890 fides
3370 3846 3534 3905 atque
3573 3842 3658 3890 in-

2095 3904 2301 3973 dustria
2330 3917 2343 3953 :
2371 3905 2460 3970 qui
2507 3919 2629 3957 cum
2664 3920 2727 3957 ex
2762 3904 3086 3973 evangelii-is
3137 3905 3285 3958 libris
3318 3904 3657 3973 compertum

2094 3968 2338 4033 haberet,
2372 3968 2636 4044 l'lerodem
2662 3968 3153 4028 nasi-enit'tjbristo
3185 3974 3409 4030 insidias
3436 3968 3659 4044 compa-

2094 4054 2266 4105 rasse,
2317 4051 2372 4096 et
2416 4042 2648 4096 infantes
2700 4045 3175 4098 Bethlchetntlicos
3228 4042 3659 4108 tt'mtidasse,_ttt

2091 4124 2277 4184 eorum
2306 4113 2452 4184 caede
2486 4115 2760 4166 Christum
2790 4129 3008 4184 quoque
3056 4114 3378 4178 involveret;
3424 4132 3658 4184 cutnque

2091 4193 2156 4232 ex
2189 4176 2771 4254 Joscphiutestimonio
2807 4176 3118 4249 'didicisset,
3176 4176 3441 4238 Herodem
3496 4176 3657 4254 paulo

2091 4261 2274 4323 postea
2300 4250 2569 4323 pestilenti
2612 4252 2792 4306 ulcere
2838 4263 3215 4323 consumptum
3263 4256 3405 4308 inter
3446 4250 3654 4323 gravis-

2090 4321 2257 4374 simos
2292 4319 2773 4392 doloresanimatn
2804 4319 3110 4392 exhalasse,
3160 4319 3472 4392 utrumun
3493 4327 3655 4380 simul

2091 4390 2712 4461 aptissimeconjunxit,
2765 4408 2830 4446 ac
2876 4391 3093 4461 Josephi
3135 4390 3377 4461 quidenf
3406 4398 3651 4447 testimo-

518 4459 598 4536 Ιϋ)
626 4459 783 4544 V_i_tlg_.
816 4461 1158 4544 obdér__oldr
1182 4463 1732 4544 τελιατᾳμλέγεινκιιι
1764 4465 1908 4544 Maz._
1927 4476 1979 4544 et

2096 4459 2471 4544 niutnuattulit,
2497 4470 2556 4514 ut
2584 4476 2698 4515 rem
2738 4462 2909 4530 ipsam
2938 4459 3097 4544 prout
3122 4459 3394 4544 acciderat
3423 4477 3657 4532 expone-

413 4530 547 4591 Fult.
579 4530 861 4590 codicibus
905 4535 1159 4589 scribitur
1186 4534 1335 4588 οὐδὲν
1370 4530 1483 4589 οἷον
1507 4530 1585 4588 ’τὸ
1618 4534 1713 4588 νῦν
1752 4537 1981 4589 καταλέ-

412 4624 546 4674 γειν.
578 4605 754 4673 Atque
800 4605 870 4674 ita
899 4604 1066 4658 codex
1095 4604 1234 4674 Medi.
1278 4605 1428 4674 prius
1458 4606 1719 4674 scriptum
1767 4606 1976 4674 habuit.

412 4633 418 4638 ‘
449 4625 546 4660 ειν.
578 4625 754 4673 Atque
800 4625 870 4657 Ila
899 4625 1066 4658 υυιιεχ
1095 4625 1234 4660 mea.
1278 4625 1428 4674 pl‘IUS
1458 4625 1719 4673 SCl'lpllllll
1767 4625 1976 4662 llﬂDUll.

412 4625 509 4730 {Est
542 4675 760 4744 quidem
801 4673 915 4727 haec
955 4674 1158 4729 locutio
1197 4673 1478 4729 familiaris
1514 4673 1892 4744 Eusebio.ASic
1922 4677 1978 4730 in

413 4761 535 4813 cap.
560 4742 645 4797 3m
695 4743 814 4813 ljbri
860 4744 1062 4811 hujus,
1115 4745 1393 4813 lii~toriam
1453 4745 1650 4811 Abgari
1698 4742 1975 4809 referens,

412 4808 562 4868 οὐδὲν
588 4813 643 4866 δὲ
672 4808 780 4866 οἷον
810 4814 903 4866 καὶ
934 4808 1112 4867 αὐτῶν
1155 4812 1457 4867 ἐπακοῦσαι
1498 4808 1605 4866 τῶν
1647 4808 1974 4869 ὲπιστολῶνέ

412 4894 466 4940 et
507 4884 775 4937 sexcentis
816 4884 933 4937 aliis
964 4884 1016 4936 in
1049 4885 1203 4939 locis.
1234 4881 1434 4938 Verum
1472 4883 1557 4937 hic
1590 4898 1696 4936 non
1726 4886 1979 4940 convenit

411 4969 473 5010 ea
505 4953 726 5023 locutio.
755 4949 934 5023 Quare
963 4968 1069 5007 non
1099 4955 1286 5023 dubito
1311 4957 1462 5023 quin,
1494 4954 1853 5023 una_dempta
1884 4956 1976 5009 lit-

411 5033 545 5086 tera,
578 5020 918 5092 scribendum
964 5023 1032 5077 sit
1060 5023 1179 5077 οὐδὲ
1205 5020 1426 5087 οἷόντε,
1457 5033 1562 5080 etc.
1594 5020 1977 5092 Coujeeturam

413 5101 652 5147 nostram
674 5159 680 5160 ί
700 5090 858 5158 plane
900 5092 1183 5147 confirmat
1214 5092 1569 5160 Nicephorus,
1604 5090 1842 5160 qut—haec
1868 5094 1981 5149 Eu-

410 5163 545 5234 sebii
576 5159 745 5234 verba
774 5161 842 5212 ita
870 5164 1157 5234 expressit,
1178 5163 1302 5233 τόγε
1330 5159 1427 5216 νῦν
1468 5161 1587 5234 ἐχον
1616 5159 1889 5231 διεξιέναι,
1914 5163 1978 5220 οὐ

410 5231 670 5303 πρέπων,
691 5224 872 5303 oleas:
892 5224 1101 5303 κάιρρς.

480 5299 591 5372 (l7)
630 5301 721 5367 Ὡς
752 5299 806 5353 δ’
837 5301 959 5372 ἅμα
981 5301 1057 5370 τῇ
1098 5300 1248 5357 κατὰ
1282 5302 1392 5357 τοῦ
1440 5302 1714 5372 Σωτῆρος
1739 5304 1836 5359 καὶ
1864 5303 1985 5358 τῶν

409 5369 640 5442 νηπίων
662 5369 974 5442 ἐπιβουλῇ.
1030 5369 1216 5428 Editus
1244 5383 1326 5428 est
1353 5388 1497 5427 anno
1526 5369 1807 5442 superiore
1832 5375 1985 5429 libel-

409 5437 491 5511 lus
515 5441 727 5496 deloco
755 5437 971 5509 Josephi
1007 5443 1059 5495 in
1107 5456 1213 5511 quo
1240 5442 1365 5498 Jesu
1408 5437 1606 5498 Christi
1658 5446 1716 5497 lit
1750 5447 1978 5498 mentio.

408 5506 463 5583 ln
490 5525 555 5563 eo
587 5512 723 5583 libro
749 5514 838 5566 hic
859 5506 1079 5583 Eusebii
1112 5506 1281 5583 nostri
1322 5512 1473 5567 loeus
1504 5514 1745 5582 graviter
1776 5516 1980 5583 suggil-

407 5579 570 5634 latur.
601 5582 681 5636 Ac
728 5583 929 5651 pritno_
951 5582 1171 5650 quidem
1224 5579 1717 5637 Eusebius—noster
1773 5579 1979 5638 fra'n'itis

406 5652 671 5721 arguitur,
702 5648 794 5719 qui
824 5666 854 5703 a
902 5648 1137 5721 Josepho
1170 5652 1218 5705 id
1246 5654 1448 5706 dictum
1483 5668 1603 5707 esse
1629 5654 1976 5716 confinxerit,

406 5720 469 5773 de
499 5735 608 5789 quo
641 5719 909 5792 losephus
935 5737 1005 5797 pe
1030 5719 1289 5793 cogitavit
1329 5723 1571 5793 quidem.
1618 5722 1803 5794 Neque
1827 5726 1973 5777 enim

2093 4538 2194 4581 ret.
2227 4530 2418 4585 Veram
2447 4541 2625 4585 autem
2656 4546 2875 4585 causam
2906 4535 2976 4585 ob
3013 4545 3175 4598 quam
3210 4531 3451 4585 Herodes
3482 4530 3557 4586 tot
3588 4548 3654 4588 ac

2091 4608 2239 4651 tanta
2271 4613 2555 4669 perpessus
2592 4597 2789 4663 fuerat,
2823 4616 2850 4651 a
2880 4597 3114 4667 .loscpho
3145 4604 3466 4669 ignoratum,
3498 4617 3652 4657 cont-

2088 4672 2427 4739 memoravit.
2454 4667 2670 4739 Nullum
2696 4671 2854 4739 igimr
2880 4671 2968 4724 hic
2990 4681 3074 4723 est
3102 4667 3379 4739 peccatum
3411 4673 3648 4739 Eusebii,

2087 4738 2180 4790 sed
2209 4738 2389 4805 potius
2417 4738 2532 4806 ejus
2559 4741 2650 4808 qui
2700 4738 2988 4793 Eusebium
3024 4738 3227 4794 temere
3255 4750 3310 4794 ct
3350 4738 3652 4796 inconsulte

2087 4808 2454 4880 reprehendit.
2479 4808 2623 4880 ﬁam
2673 4809 2931 4863 Eusebius
2965 4811 3182 4880 quidem
3230 4811 3331 4863 sibi
3380 4812 3493 4880 ipse
3519 4827 3644 4865 con.-

2087 4886 2213 4949 stat.
2241 4879 2449 4946 Quippe
2476 4878 2527 4930 in
2552 4877 2811 4931 Chronico
2842 4889 3067 4932 mortem
3104 4878 3335 4934 Herodis
3361 4877 3504 4935 anno
3531 4890 3653 4949 post

2086 4947 2600 5017 catdeminfantiutn
2633 4962 2883 5002 eventsse
2908 4950 3115 5013 scribit,
3171 4965 3468 5017 omnesque
3513 4947 3649 5004 adeo

2086 5016 2402 5086 chronologi
2440 5033 2547 5072 non
2608 5019 2700 5071 diu
2762 5027 2882 5086 post
2927 5018 3326 5073 infanticidium
3380 5016 3646 5075 Herodem

2086 5085 2287 5140 vixisse
2315 5088 2685 5140 consentiunt.
2725 5085 2906 5156 Atque
2956 5089 3073 5143 haec
3119 5089 3240 5143 ideo
3290 5092 3505 5158 scripsi,
3543 5104 3647 5144 non

2084 5170 2193 5227 quo
2221 5168 2499 5210 auctorem
2553 5158 2697 5210 illius
2746 5158 2910 5211 libelli
2960 5159 3436 5227 reprehenderem,
3495 5172 3648 5225 cutus

2084 5226 2188 5297 etsi
2215 5226 2497 5297 consiliqu
2526 5242 2630 5281 non
2657 5229 2896 5295 probem,
2933 5226 3203 5297 ingenium
3232 5237 3412 5281 tamen
3440 5243 3501 5282 ac
3523 5243 3649 5282 eru-

2082 5293 2341 5349 ditionem
2381 5296 2563 5361 laudo,
2612 5293 2801 5351 verum
2838 5310 2898 5351 ut
2947 5293 3232 5352 Eusebium
3275 5309 3516 5352 nostrum
3557 5301 3649 5350 de-

2083 5363 2383 5436 fenderem,
2412 5365 2565 5432 cujus
2596 5381 2819 5421 acumen
2854 5375 2909 5422 et
2929 5368 3197 5436 elegantia
3229 5372 3427 5435 passim
3460 5369 3513 5420 in
3562 5367 3648 5420 his

2083 5432 2260 5506 libris,
2289 5436 2381 5488 sed
2433 5438 2487 5488 in
2534 5437 2635 5490 hoc
2663 5441 2932 5506 praecipue
2964 5432 3083 5491 loco
3107 5432 3302 5491 elucet.
3358 5437 3452 5490 Est
3500 5438 3646 5506 enim

2085 5503 2173 5558 hic
2201 5507 2366 5573 figura
2398 5520 2501 5574 qua
2530 5503 2777 5561 oratores
2813 5503 3049 5561 maxime
3098 5510 3172 5559 uti
3205 5508 3398 5569 solem,
3439 5520 3561 5558 cum
3594 5505 3650 5561 td

2083 5576 2226 5641 quod
2257 5578 2326 5626 ab
2360 5578 2672 5631 adversario
2704 5578 2905 5629 dictum
2955 5592 3059 5632 non
3109 5585 3209 5640 est,
3242 5575 3463 5644 perinde
3494 5577 3649 5642 quasi

2082 5646 2286 5696 dictum
2309 5654 2452 5696 esset
2478 5647 2804 5717 arripiunt;
2855 5649 3002 5717 quod
3032 5644 3208 5701 Graeci
3259 5645 3535 5715 eleganter
3567 5646 3650 5701 di-

2081 5724 2211 5770 cunt
2248 5713 2629 5786 συναρπάζεινζ
