4154 6410
368 315 472 370 105

1388 314 1742 372 ιιιετοιιιΑι
1781 304 2339 373 ΕεοιιιειΑδτιοΑε
2379 318 2507 374 LlB.
2550 302 2590 375 l.

3506 305 3605 374 406

376 432 437 486 ’θ
460 431 517 485 δὲ
545 433 785 488 παλαίων
819 435 1093 502 τοσούτοις
1120 436 1370 503 πάθεσιν,
1391 439 1541 508 ὅμως
1564 437 1656 491 τοῦ
1685 439 1784 509 ζῇν
1811 440 1939 492 ἀντ-

2043 441 2241 494 minem
2275 440 2577 508 cruciabat,
2607 438 2744 494 adeo
2787 448 2845 496 ut
2887 439 3081 496 harioli
3120 425 3426 510 huiusmodi
3458 455 3606 495 mor-

368 523 564 594 είχετο,
597 527 869 598 σωτηρίαν
900 545 961 580 τε
1011 528 1224 600 ἤλπιζε,
1264 528 1358 582 καὶ
1391 527 1683 600 θεραπείας
1706 529 1934 583 ἐπενόει.

368 616 572 680 Διαϐὰς
591 617 721 686 γοῦν
743 618 835 672 τὸν
868 619 1156 690 Ἰορδάνην,
1183 622 1294 684 τοῖς
1321 621 1462 674 κατά
1490 620 1793 692 Καλλιρόην
1820 620 1940 693 θερ-

372 707 490 776 μοῖς
528 709 744 780 ἐχρῆτο.
773 709 957 763 Ταῦτα
977 710 1035 763 δὲ
1059 710 1222 775 ἔξεισι
1252 711 1349 782 μὲν
1368 714 1446 775 είς
1470 713 1569 784 τὴν
1597 713 1937 783 Ἀσφαλτῖτιν

367 798 584 871 λίμνην,
620 800 724 854 ὑπὸ
755 787 1088 872 γλυκύτητος
1120 802 1178 856 δέ
1220 804 1337 857 ἐστι
1371 805 1464 857 καὶ
1498 793 1725 876 πότιμα.
1771 804 1938 870 Δόξαν

366 888 423 943 δὲ
460 891 691 945 ἐνταῦθα
723 895 837 956 τοῖς
865 896 1089 967 ἰατροῖς,
1110 893 1272 966 ἐλαίῳ
1289 895 1475 967 θερμῴ
1503 898 1608 949 πᾶν
1632 896 1938 966 ἀναθάλψαι

366 980 429 1034 τὸ
466 981 626 1054 σῶμα
665 972 931 1054 χαλασθὲν
969 986 1049 1048 είς
1072 972 1250 1039 ἐλαίου
1284 985 1464 1058 πλήρη
1516 972 1730 1051 πύελον,
1759 976 1938 1042 ἐκλύει

367 1072 493 1137 τοὺς
511 1073 819 1145 ὀφθαλμοὺς
843 1076 939 1129 καὶ
965 1076 1041 1140 ώς
1068 1076 1296 1141 τεθνεὼς
1318 1078 1662 1150 ἀνέστρεψεν.
1697 1078 1937 1150 Θορύϐου

365 1162 422 1217 δὲ
450 1164 557 1217 τῶν
585 1164 927 1237 θεραπόντων
962 1167 1272 1238 γενομένου,
1291 1168 1426 1239 πρὸς
1455 1169 1551 1240 μὲν
1571 1170 1668 1240 τὴν
1692 1170 1938 1243 κραυγήν

366 1254 686 1327 ἀνήνεγκεν.
718 1259 812 1322 Εἰς
842 1259 899 1311 δὲ
921 1258 984 1312 τὸ
1002 1258 1185 1313 λοιπὸν
1218 1261 1488 1328 ἀπογνοὺς
1517 1260 1616 1331 τὴν
1644 1262 1935 1334 σωτηρίαν,

367 1350 479 1410 τοῖς
514 1365 575 1401 τε
621 1350 978 1422 στρατιώταις
1012 1349 1115 1404 ἀνά
1153 1350 1402 1423 δραχμὰς
1445 1353 1780 1423 πεντήκοντα
1819 1352 1940 1406 ἐκέ-

368 1446 525 1491 λευσε
562 1439 868 1511 διανεῖμαι,
914 1443 1010 1496 καὶ
1055 1441 1227 1495 πολλά
1260 1444 1516 1514 χρήματα
1561 1447 1673 1507 τοῖς
1705 1445 1936 1515 ἡγεμόσι

368 1530 463 1582 καὶ
488 1533 598 1594 τοῖς
620 1532 811 1599 φίλοις.
842 1528 1013 1599 Αὐτὸς
1041 1535 1085 1587 δ’
1106 1534 1468 1606 ὑποστρέψας,
1494 1536 1575 1599 είς
1617 1536 1939 1607 Ἱεριχοῦντα

368 1622 745 1693 παραγίνεται,
784 1624 1130 1696 μελαγχολῶν
1162 1614 1288 1698 ήδη,
1333 1628 1426 1680 καὶ
1474 1629 1752 1699 μονονουχὶ
1791 1629 1939 1703 αὐτῷ

368 1716 421 1765 τι
443 1713 521 1785 τῷ
547 1713 760 1786 θανάτῳ
780 1716 1035 1780 ἀπειλῶν,
1062 1717 1364 1789 προέκοψεν
1397 1721 1475 1783 είς
1496 1718 1788 1791 ἐπιῦουλὴν
1814 1721 1941 1775 ἀθε-

2037 531 2163 584 bum
2209 543 2425 599 pinnam
2468 544 2590 587 esse
2632 531 2879 588 dicerent
2927 532 3142 587 coalitus
3186 532 3506 601 irrogatam.
3538 532 3607 585 At

2038 622 2129 677 ille
2176 623 2391 677 tametsi
2435 639 2558 678 cum
2594 634 2672 680 tot
2703 627 3017 681 morborum
3047 624 3337 695 generibus
3365 623 3604 678 luctare-

2040 723 2147 775 tur,
2183 729 2332 784 spem
2365 722 2541 769 tamen
2571 717 2748 771 adhuc
2772 716 2897 772 vitae
2926 715 3169 771 retinens
3194 756 3211 782 ,
3244 714 3481 770 remedia
3510 729 3608 768 ex-

2038 807 2338 874 cogitabat.
2374 798 2569 875 Itaque
2618 808 2849 878 trajectu
2893 807 3129 863 Jordane
3155 847 3170 871 ,
3212 807 3366 875 aquis
3413 806 3607 861 calidis

2039 908 2159 965 qua:
2197 894 2347 963 juxta
2381 896 2688 953 Callirhoen
2722 908 2894 964 sunt,
2941 912 3072 953 usus
3103 908 3204 953 est.
3237 896 3330 951 lla:
3362 897 3599 952 inﬂuunt

2039 987 2255 1055 quidem
2277 989 2328 1042 in
2362 989 2719 1058 Asphaltitem
2746 990 2943 1053 lacum,
2971 989 3065 1045 sed
3096 989 3230 1044 adeo
3253 988 3434 1044 dulces
3457 986 3604 1051 sunt,

2038 1086 2100 1132 ut
2123 1077 2288 1132 etiam
2319 1079 2469 1148 potui
2501 1080 2798 1134 commodae
2828 1079 2958 1134 sint.
2987 1077 3062 1134 lbi
3093 1081 3214 1133 cum
3262 1078 3488 1133 medicis
3518 1077 3603 1130 vi-

2038 1182 2155 1223 sum
2192 1179 2340 1224 esset
2384 1181 2443 1224 ut
2468 1175 2687 1240 tepente
2736 1171 2855 1226 oleo
2899 1170 3505 1236 foveretur,,demissus
3549 1169 3604 1224 in

2030 1260 2228 1317 d‘olium
2264 1261 2480 1332 plenum
2505 1263 2629 1328 olei,
2656 1271 2767 1317 toto
2789 1276 3016 1332 corpore
3047 1265 3182 1315 adeo
3206 1259 3474 1317 resolutus
3497 1272 3602 1325 est,

2038 1359 2097 1404 ut
2127 1351 2291 1406 etiam
2316 1352 2459 1407 oculi
2484 1354 2657 1408 instar
2682 1352 2917 1407 hominis
2948 1352 3142 1405 mortui
3175 1351 3601 1406 revolverentur.

2041 1437 2244 1493 Deinde
2289 1440 2659 1495 ministrorum
2706 1440 3153 1495 tumultuantium
3195 1440 3435 1496 clamore
3459 1441 3610 1495 εἰεί-

2039 1538 2204 1595 tatus,
2232 1532 2300 1587 ad
2328 1546 2386 1586 se
2417 1532 2634 1603 quidem
2661 1531 2842 1586 rediit.
2883 1530 3150 1587 Caeterum
3184 1545 3280 1601 spe
3332 1530 3521 1586 salutis
3551 1531 3609 1587 in

2038 1633 2312 1692 posterum
2348 1624 2581 1693 abjecta,
2612 1623 3009 1695 quinquaginta
3039 1621 3326 1677 draclimas
3348 1621 3613 1676 militibus

2042 1712 2245 1767 viritim
2277 1753 2290 1775 ,
2324 1714 2549 1767 ducibus
2592 1727 2724 1773 vero
2769 1722 2825 1767 et
2868 1712 3065 1766 amicis
3090 1726 3344 1781 magnam
3371 1711 3613 1780 pecunias

372 1803 528 1875 μίτου
577 1806 828 1877 πράξεως
861 1807 995 1880 (25).
1042 1809 1181 1873 Τοὺς
1214 1808 1321 1880 γὰρ
1365 1809 1456 1878 ἀφ’
1479 1809 1713 1881 ἑκάστης
1748 1812 1940 1885 κώμης

2040 1804 2151 1857 vim
2196 1803 2443 1859 distribui
2491 1803 2674 1873 jussit.
2725 1803 2855 1859 lude
2907 1803 3310 1859 llierichuntem
3362 1818 3614 1858 reversus

369 1895 671 1966 ἐπισήμους
706 1897 904 1968 ἄνδρας
936 1898 996 1962 ἐξ
1028 1898 1157 1969 ὅλης
1199 1899 1460 1964 ἰουδαίας
1486 1899 1826 1985 συναγαγὼν,
1862 1905 1942 1965 είς

369 1986 460 2039 τὸν
514 1985 845 2057 καλούμενον
905 1989 1238 2061 ἱππόδρομον
1288 1990 1544 2045 ἐκέλευσε
1603 1992 1938 2062 συγκλεῖσαι.

372 2076 884 2149 Προσκαλεσάμενος
914 2079 970 2133 δὲ
1001 2080 1268 2153 Σαλώμην
1306 2082 1407 2154 τὴν
1437 2081 1673 2154 ἀδελφὴν
1715 2084 1809 2137 καὶ¹
1850 2084 1942 2138 τὸν

370 2167 537 2240 ἄνδρα
549 2169 754 2240 ταύτης
774 2170 1132 2244 Ἀλέξανδρον·
1160 2191 1178 2224 ι
1197 2168 1347 2237 Οἶδα,
1385 2172 1510 2245 ἔφη,
1545 2173 1828 2238 Ἰουδαίους
1851 2174 1964 2228 τὸν

369 2259 502 2330 ἐμὸν
533 2260 890 2332 ἑορτάσοντας
943 2262 1193 2318 θάνατον.
1252 2263 1497 2337 Δύναμαι
1548 2266 1603 2319 δέ
1632 2265 1943 2320 πενθεῖσθαι

369 2352 436 2405 δι’
461 2353 662 2426 ἐτέρων
694 2356 787 2408 καὶ
818 2355 1068 2428 λαμπρὸν
1115 2357 1401 2428 ἐπιτάφιον
1442 2362 1609 2430 σχεῖν,
1669 2359 1734 2413 ἂν
1785 2361 1944 2430 ὑμεῖς

369 2443 661 2518 ἐθελήσητε
685 2450 803 2511 ταῖς
842 2450 1000 2519 ἐμαῖς
1034 2448 1275 2513 ἐντολαῖς
1322 2450 1685 2523 ὑπουργῆσαι.
1741 2450 1942 2504 Τούσδε

370 2534 495 2599 τοὺς
555 2540 994 2610 φρουρουμένους
1048 2540 1286 2613 ἄνδρας,
1351 2541 1569 2595 ἐπειδὰν
1620 2541 1938 2607 ἐκπνεύσω,

370 2624 597 2696 τάχιστα
632 2630 881 2685 κτείνατε
934 2633 1363 2704 περιστήσαντες
1410 2634 1536 2697 τοὺς
1585 2631 1940 2704 στρατιώτας,

374 2719 460 2772 ἵνα
489 2723 637 2774 πᾶσα
662 2723 696 2793 ή
727 2722 957 2777 Ἰουδαία
975 2723 1069 2777 καλ⁵
1099 2726 1205 2788 πᾶς
1234 2720 1399 2788 οἶκος,
1432 2725 1527 2778 καὶ
1556 2725 1703 2779 ἄκων
1720 2712 1942 2798 ἐπ’ἐμοὶ

370 2810 633 2882 δακρύσῃ.
664 2830 683 2863 ι
726 2813 834 2865 Καὶ
867 2813 1007 2884 μετὰ
1041 2813 1245 2887 βραχέα
1272 2814 1453 2885 φησίν·
1487 2835 1505 2867 ‹
1541 2812 1706 2879 Αὖθις
1741 2803 1817 2877 δὲ.
1851 2802 1946 2871 καὶ

372 2903 481 2976 γὰρ
519 2903 696 2976 ἐνδείᾳ
740 2906 947 2978 τροφῆς
983 2908 1077 2960 καὶ
1110 2906 1237 2980 βηχὶ
1273 2900 1587 2979 σπασμώδει
1635 2907 1940 2973 διετείνετο,

369 2994 478 3047 τῶν
511 2995 819 3068 ἀλγηδόνων
849 2996 1138 3069 ἡττηθεὶς,
1196 2998 1398 3067 φθάσαι
1453 2998 1552 3071 τὴν
1604 3000 1943 3071 εἱμαρμένην

370 3083 684 3138 ἐπεϐάλετο.
727 3083 922 3139 Λαϐὼν
945 3074 1002 3140 δέ
1045 3086 1211 3158 μῆλον
1239 3087 1372 3158 (26),
1420 3087 1590 3159 ﬁtque
1620 3089 1715 3141 καὶ
1742 3079 1942 3160 μαχαί-

374 3192 506 3248 ριον,
544 3175 723 3230 εἰώθει
766 3176 877 3248 γὰρ
906 3177 1225 3249 ἀποτέμνων
1266 3177 1486 3243 ἐσθίειν,
1521 3177 1714 3234 ἔπειτα
1752 3195 1945 3252 περια-

370 3266 577 3340 θρήσας
613 3269 685 3340 μή
713 3285 797 3332 τις
819 3268 848 3322 6
870 3268 1093 3322 κωλύων
1116 3257 1275 3323 αὐτὸν
1305 3271 1410 3341 εἴη,
1436 3271 1611 3343 ἐπῆρε
1632 3271 1730 3343 τήν
1764 3271 1944 3339 δεξιὰν

368 3356 456 3423 ώς-
473 3355 691 3429 πλήξων
719 3356 931 3412 ἐαυτόν.
968 3376 988 3409 ι
1034 3358 1155 3411 Ἐπὶ
1181 3358 1239 3412 δὲ
1267 3359 1473 3422 τούτοις
1492 3362 1521 3414 6
1552 3360 1714 3424 αὐτὸς
1747 3361 1950 3433 ἱστορεῖ

370 3444 743 3514 συγγραφεὺς,
803 3445 993 3517 ἕτερον
1023 3445 1188 3500 αὑτοῦ
1227 3449 1450 3517 γνήσιον
1493 3448 1660 3504 παῖδα
1711 3450 1819 3523 πρὸ
1846 3453 1947 3524 τῆς

370 3535 605 3604 ἐσχάτης
646 3533 739 3587 τοῦ
785 3534 900 3605 βίου
944 3536 1221 3607 τελευτῆς,
1263 3538 1443 3611 τρίτον
1488 3540 1580 3592 ἐπὶ
1639 3540 1790 3595 δυσὶν
1842 3541 1942 3614 ήδη

370 3625 843 3697 προανῃρημένοις
871 3626 942 3679 δι’
964 3627 1265 3691 ἐπιτάξεως
1298 3628 1575 3695 ἀνελόντα,
1607 3631 1943 3703 παραχρῆμα

369 3713 469 3782 τὴν
494 3710 636 3784 ζωὴν
659 3713 719 3766 οὐ
743 3714 880 3784 μετά
901 3714 1146 3787 σμικρῶν
1165 3714 1469 3788 ἀλγηδόνων
1488 3717 1812 3791 ἀπορρῆξαι.
1833 3721 1947 3774 Καὶ

371 3803 580 3858 τοιοῦτο
603 3805 706 3875 μὲν
739 3805 801 3858 τὸ
850 3806 1024 3877 πέρας
1054 3807 1157 3878 τῆς
1193 3806 1432 3879 Ἡρώδου
1453 3808 1642 3877 γέγονε
1665 3808 1943 3879 τελευτῆς,

370 3892 559 3965 ποινήν
596 3893 811 3949 δικαίαν
859 3895 1174 3961 ἐκτίσαντος
1228 3892 1304 3952 ὧν
1356 3898 1499 3969 ἀμφὶ
1541 3899 1640 3971 τὴν
1694 3898 1945 3972 Βηθλεὲμ

368 3984 544 4039 ἀνεῖλε
594 3986 819 4051 παίδων,
872 3988 971 4058 τῆς
1005 3986 1097 4041 τοῦ
1139 3989 1391 4063 Σωτῆρος
1441 3990 1597 4061 ήμῶν
1651 3990 1944 4062 ἐπιϐουλῆς

369 4075 553 4131 ἕνεκα.
597 4076 734 4131 Μεθ’
769 4078 837 4149 ἢν
887 4078 1117 4147 ἄγγελος
1148 4078 1282 4151 δναρ
1329 4081 1556 4144 ἐπιστὰς
1586 4082 1644 4133 ἐν
1680 4081 1943 4151 Αἰγύπτῳ

367 4166 691 4239 διατρίϐοντι
718 4167 797 4239 τῷ
838 4169 1057 4240 Ἰωσήφ,
1080 4171 1290 4243 ἀπᾶραι
1324 4170 1441 4243 ἅμα
1470 4171 1547 4243 τῷ
1570 4171 1719 4226 παιδὶ
1751 4172 1846 4225 καὶ
1874 4173 1940 4244 τῇ

342 4259 557 4313 ·τούτου
614 4260 782 4333 μητρὶ
842 4261 936 4316 ἐπὶ
985 4263 1086 4333 τὴν
1154 4263 1414 4318 Ἰουδαίαν
1470 4263 1939 4336 παρακελεύεται,

365 4348 682 4421 τεθνηκέναι
705 4351 880 4421 δηλῶν
915 4354 1041 4416 τοὺς
1073 4354 1471 4426 ἀναζητοῦντας
1497 4353 1595 4427 τήν
1617 4354 1795 4426 ψυχὴν
1846 4354 1940 4409 τοῦ

367 4441 601 4495 παιδίου.
636 4441 859 4506 Τούτοις
893 4443 940 4497 δ’
964 4446 993 4497 6
1022 4445 1413 4519 εὖαγγςλιστής
1456 4446 1707 4519 ἐπιφέρει
1739 4447 1934 4515 λέγων·

372 4546 394 4581 ι
445 4532 706 4597 Ἀκούσας
731 4534 775 4587 δ’
798 4535 881 4588 ὃτι
927 4535 1215 4608 Ἀρχέλαος
1237 4536 1504 4607 βασιλεύει
1540 4538 1640 4608 τῆς
1682 4530 1940 4604 Ἰουδαίας

369 4620 488 4675 ἀντὶ
534 4623 770 4695 Ἡρώδου
800 4624 896 4679 τοῦ
919 4627 1123 4698 πατρὸς
1148 4628 1335 4693 αὐτοῦ,
1367 4629 1606 4701 ἐφοϐήθη
1636 4632 1753 4685 ἐκεῖ
1774 4632 1941 4686 ἀπελ-

369 4711 503 4769 θεῖν.
530 4704 936 4787 Χρηματισθεὶς
959 4718 1017 4771 δέ
1045 4721 1164 4774 κατ’
1196 4720 1350 4793 ὄναρ,
1385 4720 1727 4793 ἀνεχώρησεν
1763 4724 1842 4786 εἰς
1872 4723 1942 4778 ea

373 4804 511 4878 μέρη
545 4806 644 4877 τῆς
674 4807 983 4874 Γαλιλαίας.
1022 4828 1042 4862 ι

2041 1906 2144 1962 cst,
2168 1895 2392 1965 jamque
2426 1905 2544 1949 atra
2580 1895 2689 1949 bile
2714 1904 3015 1964 correptus,
3050 1904 3106 1950 et
3130 1894 3230 1965 ipsi
3257 1895 3615 1964 quodainmo.

2042 1986 2108 2041 do
2138 1986 2297 2040 morti
2344 1986 2604 2040 minitans
2629 2024 2645 2053 ,
2684 1986 3020 2042 teterrimum
3053 1985 3265 2040 facinus
3299 1994 3613 2054 perpetrare

2041 2079 2245 2133 statuit.
2285 2077 2498 2132 Etenim
2524 2077 2926 2133 illuStrissimos
2941 2084 3188 2147 quosque
3215 2076 3384 2132 totius
3416 2074 3614 2131 Iudicat

2040 2171 2187 2225 viros
2233 2184 2300 2223 ex
2351 2168 2576 2240 singulis
2611 2168 2747 2223 vicis
2800 2168 3056 2223 collectos
3085 2207 3100 2232 ,
3147 2167 3201 2222 in
3249 2165 3614 2237 Hippodromo

2041 2259 2285 2316 concludi
2332 2259 2612 2329 praecepit.
2638 2258 2776 2312 Tum
2820 2257 3086 2313 accersita
3120 2255 3339 2312 Salome
3381 2257 3614 2325 viroque

2041 2350 2158 2421 ejus
2185 2350 2494 2406 Alexandro
2519 2356 2532 2405 ὲ
2575 2368 2596 2402 ι
2626 2349 2761 2405 Νονὶ
2789 2388 2806 2415 ,
2839 2350 3034 2420 inquit,
3056 2348 3269 2405 Judasos
3293 2358 3468 2403 morte
3494 2362 3614 2403 mea

2040 2443 2427 2499 exsultaturos.
2458 2443 2563 2499 Sed
2593 2444 2762 2515 lugeri
2799 2443 3027 2498 aliorum
3056 2454 3245 2509 causa,
3290 2451 3348 2496 et
3381 2439 3617 2495 illustres

2041 2536 2328 2605 exsequias
2361 2536 2624 2606 consequi
2656 2550 2880 2605 possum
2907 2575 2923 2602 ,
2960 2535 3256 2590 dummodo
3286 2534 3423 2589 meis
3455 2547 3613 2586 nian-

2043 2628 2183 2682 datis
2196 2629 2423 2698 obsequi
2455 2629 2657 2687 velitis.
2695 2628 2804 2686 Hos
2829 2629 2979 2683 viros
3005 2641 3146 2698 quos
3175 2626 3433 2681 custodia:
3461 2639 3618 2679 man-

2042 2719 2168 2774 davi
2197 2759 2213 2786 ,
2263 2721 2425 2775 simul
2474 2732 2640 2791 atque
2686 2722 2925 2777 animam
2979 2718 3309 2774 exlialavero
3353 2716 3617 2773 militibus

2044 2812 2430 2877 circumdatos,
2464 2827 2655 2869 omnes
2687 2811 2997 2878 interficite,
3011 2824 3119 2880 quo
3142 2819 3200 2866 et
3234 2809 3491 2864 universa
3518 2807 3615 2864 Ju-

2044 2906 2157 2961 daia
2190 2912 2247 2959 et
2289 2903 2519 2974 singula:
2549 2904 2741 2959 domus
2781 2902 2869 2957 vel
2919 2903 3101 2958 invita:
3137 2916 3254 2956 mea
3283 2908 3460 2957 morte
3500 2900 3619 2954 illa-

2044 3006 2381 3070 orymentur.
2434 3018 2453 3052 ι
2487 2998 2554 3053 Et
2604 2995 2767 3067 paulo
2815 3003 2985 3065 post:
3026 3009 3046 3047 ι
3102 2994 3312 3048 Rursus
3338 3033 3354 3058 ,
3393 2992 3614 3062 inquit,

2046 3103 2171 3142 cum
2199 3088 2396 3159 partim
2440 3087 2636 3151 inedia,
2672 3085 2870 3155 partim
2909 3083 3073 3138 tussis
3104 3082 3359 3137 violentia
3391 3081 3611 3136 crucia-

2046 3190 2219 3245 retur,
2248 3180 2426 3235 victus
2472 3178 2749 3233 doloribus
2795 3176 2966 3231 fatum
3003 3181 3354 3230 antevertere
3399 3173 3616 3227 statuit.

2042 3264 2274 3338 Sumpto
2323 3267 2489 3337 igitur
2532 3280 2693 3336 pomo
2722 3306 2737 3331 ,
2767 3264 3044 3320 cultellum
3090 3262 3357 3332 poposcit.
3413 3261 3619 3316 Solitus

2044 3358 2191 3412 enim
2231 3365 2351 3412 erat
2384 3369 2547 3426 poma
2607 3370 2768 3409 manu
2802 3368 2898 3409 sua
2930 3353 3103 3409 incisa
3139 3352 3444 3407 comedere.
3477 3349 3616 3406 Tum

2046 3447 2492 3517 circumspiciens
2522 3460 2588 3501 ne
2618 3444 2740 3515 quis
2784 3454 2931 3500 esset
2974 3445 3067 3515 qui
3118 3442 3427 3512 impediret,
3494 3450 3617 3496 tan-

2044 3553 2211 3608 quam
2249 3552 2312 3595 se
2338 3552 2696 3607 percussurus
2729 3539 2976 3594 dettram
3018 3536 3238 3592 levavit.
3279 3554 3298 3588 ι
3332 3535 3619 3592 Postremo

2045 3626 2187 3683 idem
2212 3627 2447 3698 scriptor
2473 3637 2686 3695 narrat,
2714 3642 2821 3697 quo
2854 3637 3015 3696 pacto
3040 3626 3203 3697 paulo
3252 3636 3380 3681 ante
3408 3628 3617 3682 exitum

2045 3717 2171 3773 vitae
2194 3723 2476 3790 proprium
2506 3719 2675 3774 illium
2701 3760 2718 3787 ,
2753 3729 2877 3790 post
2903 3720 3039 3776 duos
3065 3732 3202 3788 quos
3225 3718 3340 3789 jam
3370 3729 3495 3773 ante
3526 3736 3619 3773 ne-

2045 3819 2286 3876 caverat;
2319 3811 2483 3882 impie
2509 3810 2673 3880 jussit
2717 3810 2922 3877 occidi,
2955 3822 3119 3883 atque
3163 3811 3237 3865 Ita
3263 3810 3478 3866 demum
3509 3826 3618 3865 non

2044 3898 2164 3957 sine
2197 3900 2451 3957 maximis
2497 3901 2834 3958 cruciatibus
2880 3903 3117 3958 animam
3144 3899 3362 3958 efﬂavit.
3416 3902 3620 3973 Hujus-

2045 3993 2191 4048 ntodi
2247 3995 2455 4048 exitum
2487 3994 2612 4049 vitae
2638 3993 2828 4048 habuit
2859 3994 3103 4051 Herodes
3123 4037 3139 4060 ,
3168 3998 3360 4051 merita
3391 4008 3620 4064 perpes-

2045 4097 2139 4136 sus
2181 4081 2446 4151 supplicia
2476 4096 2576 4151 pro
2623 4080 2831 4137 scelere
2873 4084 3014 4153 quod
3062 4083 3327 4139 adversus
3377 4082 3619 4138 infantes

2043 4172 2467 4228 Bethlehemitas
2498 4173 2813 4241 admiserat,
2845 4173 2971 4229 dum
3010 4174 3290 4230 Servatori
3323 4184 3512 4229 nostro
3539 4174 3618 4229 iu-

2043 4264 2214 4319 sidias
2263 4272 2626 4333 compararet;
2678 4262 2806 4318 Post
2856 4263 3014 4334 cujus
3060 4265 3343 4320 interitum
3394 4263 3620 4333 angelus

2044 4353 2282 4427 Joseplio
2309 4356 2473 4411 etiam
2512 4364 2627 4411 tum
2672 4357 2728 4410 in
2771 4353 3012 4427 Egypto
3056 4357 3288 4411 moranti
3321 4357 3372 4410 in
3410 4357 3621 4411 somnis

1971 4480 2018 4536 Β
2047 4463 2316 4521 apparens
2341 4486 2358 4514 ,
2391 4464 2513 4503 eum
2559 4450 2612 4503 in
2663 4447 2902 4504 Judream
2936 4448 3113 4504 redire
3145 4463 3252 4503 una
3297 4461 3418 4502 cum
3450 4460 3621 4518 puero

2049 4550 2104 4597 et
2138 4550 2315 4595 matre
2345 4539 2605 4610 praecepit
2627 4579 2643 4605 ,
2674 4551 2917 4595 mortuos
2950 4540 3204 4594 nuntians
3229 4577 3247 4604 ,
3273 4540 3362 4607 qui
3392 4552 3619 4608 puerum

2045 4642 2080 4688 e
2117 4632 2296 4688 medio
2330 4631 2523 4687 tollere
2544 4631 2863 4701 cupiebant.
2895 4630 3102 4697 Quibus
3133 4633 3251 4686 hac
3283 4631 3618 4699 evangelista

2046 4724 2363 4794 subjungit:
2395 4741 2415 4776 ι
2472 4723 2712 4777 Audiens
2759 4733 2938 4778 autem
2992 4724 3136 4793 quod
3188 4722 3485 4780 Archelaus
3527 4738 3620 4777 re-

2049 4823 2241 4886 gnaret
2268 4816 2322 4871 in
2347 4812 2531 4871 Judiea
2557 4831 2657 4886 pro
2683 4814 2901 4872 Herode
2932 4827 3089 4886 patre
3118 4831 3218 4871 suo
3239 4844 3258 4882 ,
3296 4815 3479 4881 timuit
3528 4814 3623 4870 illo

370 4898 469 4955 ire.
498 4899 566 4957 Et
591 4903 899 4963 admonitus
925 4905 981 4962 in
1016 4907 1225 4964 somnis
1265 4909 1494 4965 secessit
1539 4909 1592 4965 in
1619 4918 1802 4980 partes
1823 4908 2080 4967 Galilaeae.
2116 4926 2139 4964 ι

889 5020 1290 5081 ΚΕΦΑΛΔΙΟΝ
1325 5014 1397 5080 Θ’.

474 5188 477 5191 _
636 5112 780 5181 Περὶ
800 5112 919 5167 τῶν
949 5114 1103 5170 κατὰ
1125 5117 1390 5173 Πιλᾶτον
1413 5119 1669 5188 χρόνωνε

435 5201 588 5275 Τῇ’δ’
614 5203 708 5256 ἐπὶ
731 5203 831 5276 τὴν
858 5205 1032 5276 ἀρχὴν
1066 5206 1205 5277 μετά
1235 5206 1325 5261 τὸν
1361 5206 1606 5281 Ἡρώδην
1625 5207 1720 5262 τοῦ
1750 5209 1941 5281 Ἀρχε-

439 5322 915 5398 (ἳδληροέξιοψεν
925 5326 1350 5398 ειςέπιϐουλὴν
1358 5328 1635 5398 ἀθεμίτου
1650 5328 1940 5398 πράξεως.

366 5392 513 5464 Lego
525 5393 930 5470 agamagam,
942 5399 1091 5470 quod
1105 5399 1222 5452 sine
1235 5392 1395 5470 dubio
1412 5392 1627 5470 rectius
1643 5392 1746 5466 est,
1781 5392 1942 5470 quam

367 5473 527 5540 antea
551 5465 756 5540 editum
778 5464 1057 5537 ἐπιϐολήν,
1070 5469 1281 5522 tametsi
1294 5469 1555 5540 editiones
1573 5464 1945 5540 λοεειιιιὶἰιὶιιίι

366 5534 596 5588 variant.
627 5534 1007 5602 Conjecturani
1043 5547 1285 5592 nostram
1321 5538 1608 5593 conﬁrmat
1635 5534 1944 5596 vetustissi-

370 5616 490 5676 mus
501 5605 676 5676 codex
689 5603 852 5676 Nam,
870 5606 924 5661 in
936 5621 1044 5676 quo
1065 5606 1226 5672 plane
1240 5608 1501 5673 scriptum
1519 5616 1602 5664 est
1621 5612 1700 5675 είς
1722 5610 1945 5667 ἐπιϐου-

365 5671 479 5752 λήν.
496 5671 1017 5752 sicutconjeceram.
1038 5671 1302 5752 Facessat
1330 5671 1496 5752 igitur
1511 5671 1821 5747 conjectura
1841 5681 1944 5736 Sa-

366 5743 505 5810 vilii,
520 5744 614 5812 qui
636 5743 702 5798 ad
718 5759 870 5798 oram
891 5745 1012 5802 libri
1039 5748 1126 5803 sui
1152 5743 1376 5808 notarat
1388 5765 1403 5803 :
1422 5745 1586 5819 liam
1599 5743 1941 5821 scribendum

686 5837 958 5899 Ριτιιοι..
987 5840 1107 5903 Gn.
1135 5843 1280 5908 XX.

2578 5014 2686 5098 27'
2735 5023 2962 5082 CAPUT
3001 5024 3091 5080 ix.

2488 5117 2565 5171 De
2629 5115 2798 5170 Pitati
2856 5117 3194 5186 temporibus.

2120 5196 2199 5266 De
2238 5209 2496 5266 Archelai
2542 5219 2668 5279 post
2712 5207 2938 5263 Herodis
2988 5208 3195 5263 obitum
3253 5206 3623 5264 dominatione

2045 5330 2266 5456 ἓουλήν.
2298 5330 2471 5384 Porro
2492 5330 2545 5384 in
2568 5329 2758 5385 codice
2783 5329 2919 5398 Reg.
2951 5330 3212 5412 scriptum
3241 5338 3325 5384 est
3346 5327 3620 5410 προέκοψε

2077 5402 2090 5423 ’
2114 5404 2195 5456 εἰς
2217 5399 2533 5456 ἐπιϐουλήν.
2557 5411 2689 5456 etc..
2719 5415 2841 5456 uuae
2864 5400 3024 5454 lectio
3058 5399 3382 5455 conﬁrmare
3408 5402 3620 5453 videtur

2077 5402 2090 5423 ’
2114 5399 2689 5473 εἰς’ἐπιὸουλήν,ειο.,
2719 5400 3024 5473 quae_l_ectio
3058 5399 3622 5473 conﬁrmare'videtur

2045 5472 2413 5540 conjecturam
2432 5468 2647 5540 Savilii.
2663 5468 2819 5540 Apud
2838 5469 3202 5540 Nicephorum
3232 5468 3429 5540 legitur
3452 5469 3618 5523 etiam

2045 5539 2317 5613 προέκοψε
2339 5539 2408 5613 δὲΔ
2421 5540 2501 5604 είς
2523 5539 2834 5613 ἐπιϐουλήν.

2117 5612 2233 5681 (26)
2262 5604 2472 5666 λαϐὼν
2513 5604 2845 5681 sigma}.
2894 5608 3127 5665 Onmiuo
3157 5604 3505 5681 scribendum
3532 5615 3621 5661 est

2046 5680 2226 5737 λαὸὼν
2247 5682 2314 5752 ,δὴ
2341 5680 2530 5752 μῆλον.
2584 5680 2692 5734 Has
2720 5680 2864 5752 enim
2896 5680 3193 5749 particulas
3223 5680 3364 5733 inter
3396 5693 3456 5733 se
3485 5688 3619 5733 con-1

2054 5754 2205 5809 fundi
2234 5749 2550 5822 frequenter
2578 5749 3007 5807 observavimus.

3222 5840 3262 5898 It-
