4154 6402
460 361 566 413 115

1488 355 1837 413 HISTORIA:
1874 352 2436 412 ECCLESIASTICA'I
2473 350 2602 408 LIB.
2645 350 2685 406 l.

3604 348 3719 405 Hk

456 474 645 549 χιερέα
678 471 903 537 εἰκότως
928 472 1019 526 τοῦ
1043 472 1287 527 ἐνιαυτοῦ
1323 471 1442 527 καθ’
1464 473 1522 526 ὃν
1554 474 1665 545 (45)
1694 473 1761 528 τὰ
1792 473 1886 527 τοῦ
1923 491 2029 527 σω-

2150 471 2314 528 tassio
2357 470 2609 542 contigit,
2655 466 2896 523 divinum
2948 465 3223 536 Evangelii
3272 464 3521 522 volumen
3558 477 3706 519 recte

455 568 647 640 τηριου
684 566 890 631 πάθους
929 567 1254 632 ἐπετελεϊτο,
1289 567 1323 638 ὴ
1363 564 1456 620 τοῦ
1483 566 1814 635 Εὐαγγελίου
1863 581 2033 637 παρε-

462 660 742 731 σημήνατο
765 659 980 733 Γραφή.
1028 658 1117 727 Ἐξ
1140 655 1209 732 ἧς
1240 660 1335 713 καὶ
1371 659 1541 729 αὐτῆς
1562 659 1661 711 οὐκ
1688 657 1908 728 ἀπᾴδων
1935 658 2032 727 τῆς

459 753 826 826 προκειμένης
866 753 1243 825 ὲπιτηρήσεως
1280 752 1310 806 ό
1346 750 1444 821 τῆς
1484 748 1578 803 τοῦ
1616 747 1854 822 Χριστοῦ
1887 748 2033 801 διδαο

462 843 686 908 exalia;
710 844 1091 898 ἀποδείκνυται
1113 843 1324 915 χρόνος.
1363 840 1522 895 Ἀλλὰ
1543 841 1653 913 γὰρ
1680 842 1707 893 ὁ
1729 838 1917 911 Σωτὴρ
1936 838 2035 892 καὶ

459 935 665 1007 Κύριος
698 934 854 1008 ἡμῶν
898 933 1106 1005 Ἰησοῦς
1136 936 1164 987 ό
1205 932 1463 1004 Χριστὸς,
1508 932 1569 986 οὐ
1615 930 1752 1002 μετὰ
1784 932 2031 985 πλεῖστον

460 1029 559 1100 τῆς
584 1028 862 1099 καταρχῆς
890 1026 983 1080 τοῦ
1019 1024 1393 1097 κηρύγματος,
1421 1024 1548 1088 τοὺς
1568 1022 1773 1078 δώδεκα
1803 1022 2034 1077 ἀποστό-

460 1120 586 1184 λους
622 1119 1005 1174 ἀνακαλεῖται.⁹
1056 1117 1149 1183 οὒς
1195 1119 1289 1174 καὶ
1328 1117 1523 1190 μόνους
1548 1115 1654 1169 τῶν
1696 1113 1896 1169 λοιπῶν
1938 1114 2036 1167 αὔ-

459 1210 553 1265 τοῦ
598 1210 851 1282 μαθητῶν
901 1210 1043 1264 κατά
1082 1227 1135 1264 τι
1167 1209 1334 1282 γέρας
1385 1207 1658 1279 ἐξαίρετον
1696 1207 2036 1270 ’ἀποστόλους

461 1300 765 1372 ὠνόμασεν.
836 1301 947 1355 Καὶ
987 1296 1142 1365 αὖθις
1194 1299 1567 1354 ἀναδείκνυσιν
1613 1297 1833 1371 ἑτέρους
1885 1298 2035 1352 €680-

468 1394 728 1465 μήκοντα,
749 1391 842 1458 οὓς
874 1393 967 1447 καὶ
988 1392 1184 1456 αὐτοὺς
1200 1390 1518 1446 ἀπέστειλεν
1548 1391 1653 1445 άνά
1671 1390 1763 1443 δύο
1781 1388 1873 1443 δύο
1896 1388 2033 1461 (44),

462 1485 569 1558 πρὸ
610 1484 899 1559 προσώπου
929 1483 1092 1539 αὑτοῦ
1130 1485 1210 1548 εἰς
1248 1483 1427 1538 πάντα
1463 1483 1627 1537 τόπον
1671 1483 1766 1535 καὶ
1792 1481 1948 1535 πόλιν
1972 1473 2037 1536 οὗ

463 1577 687 1651 ἔμελλεν
719 1579 883 1642 αὐτὸς
912 1576 1170 1649 ἔρχεσθαι
1209 1574 1363 1649 (45).

997 1686 1399 1742 ΚΕΦΑΔΔΙΟΝ
1428 1689 1530 1742 IA'.

468 1781 545 1836 Τὰ
566 1782 698 1852 περὶ
732 1780 1011 1836 Ἰωάννου
1034 1780 1142 1852 τοῦ
1168 1780 1516 1852 Βαπτιστοιξ
1532 1779 1628 1834 καὶ
1648 1776 2038 1852 τρῦᾼΧριστοῦ

635 1849 1153 1923 μεμαρτυρημένα.
1196 1851 1335 1923 (Nic.
1367 1851 1438 1904 ll.
1470 1849 1535 1903 E.
1573 1867 1612 1913 ι,
1638 1850 1727 1914 19,
1754 1849 1824 1903 20
1852 1852 1871 1919 )

533 1966 647 2021 Οὐκ
687 1968 767 2031 εἰς
806 1964 1015 2037 μακρὸν
1057 1963 1114 2017 δὲ
1148 1962 1258 2035 (46)
1294 1962 1389 2017 τοῦ
1432 1961 1737 2017 Βαπτιστοῦ
1793 1960 2038 2015 Ἰωάννου

465 2058 570 2113 ὑπὸ
600 2057 694 2112 τοῦ
729 2058 849 2112 νέου
908 2056 1147 2130 Ἡρώδου
1185 2057 1285 2130 τὴν
1322 2056 1564 2126 κεφαλὴν
1606 2053 2039 2128 ἁποτμηθέντος,

469 2149 797 2222 μνημονεύει
836 2149 935 2221 μὲν
967 2151 1061 2204 καὶ¹
1089 2149 1122 2220 ἡ
1157 2148 1278 2203 θεία
1306 2147 1413 2203 τῶν
1442 2148 1791 2217 Εὑαγγελίων
1823 2148 2036 2220 Γραφή’

468 2243 769 2314 συνιστορεῖ
803 2257 868 2311 γε
920 2241 1025 2313 μὴν
1069 2241 1163 2294 καὶ
1197 2240 1226 2294 ὁ
1269 2239 1528 2309 Ἰώσηπος
1560 2238 1820 2311 ὀνομαστὶ
1847 2238 1946 2310 τῆς
1980 2255 2041 2292 τε

480 2333 804 2406 Ἡρωδιάδος
853 2334 1075 2405 μνήμην
1114 2332 1503 2403 πεποιημένος,
1560 2332 1655 2385 καὶ
1692 2331 1768 2395 ὡς
1810 2329 2039 2399 ἀδελφοῦ

481 2425 699 2492 γυναῖκα
728 2418 891 2477 οὖσαν
922 2422 1087 2495 αὐτὴν
1119 2424 1357 2493 ἠγάγετο
1382 2423 1516 2494 πρὸς
1550 2421 1724 2492 γάμον
1771 2420 2034 2492 Ἡρώδης,

471 2514 740 2586 ἀθετήσας
775 2514 874 2586 μὲν
905 2513 1003 2586 τὴν
1037 2514 1307 2587 προτέραν
1339 2513 1488 2585 αὑτῷ
1534 2513 1677 2567 κατὰ
1712 2513 1911 2585 νόμους
1941 2529 2038 2583 γε-

478 2625 621 2680 ταμη
631 2610 797 2679 μένην
816 2611 1063 2678 γυναῖκαο
1105 2610 1299 2682 Ἀρέτα
1322 2609 1366 2662 δ’
1386 2606 1454 2680 ἦν
1480 2608 1618 2681 αὕτη
1639 2608 1731 2663 τοῦ
1760 2609 2044 2682 Πετραίων

472 2698 735 2773 βασιλέως
767 2699 1041 2774 θυγάτηρ·
1076 2702 1173 2773 τὴν
1231 2700 1289 2754 δὲ
1334 2700 1639 2772 Ἡρωδιάδα
1683 2699 1893 2766 ζῶντος
1927 2701 2043 2755 δια-

471 2796 676 2868 στήσας
709 2793 804 2850 τοῢ
833 2794 1051 2867 ἀνδρόςο
1087 2795 1152 2850 δι’
1186 2795 1253 2868 ἢν
1279 2796 1375 2851 καὶ
1403 2796 1496 2853 τὸν
1540 2796 1792 2865 Ἰωάννην
1814 2792 2040 2860 ἀνελὼν,

470 3006 633 3053 tatem
662 2995 916 3058 gesserit.
947 2993 1191 3063 Cumque
1217 2994 1415 3050 Gratus
1437 2993 1685 3048 undecim
1716 2992 1872 3047 annis
1900 3007 2041 3062 prte-

471 3067 636 3123 fuerit
656 3065 874 3132 Iudaeae,
899 3063 1166 3134 Iosephus
1195 3065 1396 3119 diserte
1424 3081 1530 3118 non
1558 3065 1692 3119 dicit
1726 3071 2042 3134 quo'toApro-

471 3136 772 3193 curationis
831 3131 975 3189 anno
1030 3131 1285 3189 Ananum
1342 3135 1810 3189 exauctoraverit.
1877 3131 2041 3189 Certe

472 3206 738 3275 Iosephus
760 3207 812 3260 in
843 3205 981 3259 libro
1010 3220 1108 3267 xx,
1135 3220 1257 3274 cap.
1292 3205 1346 3268 8,
1386 3206 1637 3259 Ananum
1672 3205 1816 3260 hunc
1870 3213 2029 3259 testa-

475 3289 565 3334 tur
591 3277 895 3332 diutissime
941 3276 1172 3343 potitum
1201 3290 1321 3329 esse
1360 3275 1687 3340 sacerdotio,
1721 3280 1776 3330 et
1807 3275 2045 3343 quinque

475 3350 596 3415 ejus
650 3347 794 3400 ﬁlios
829 3342 1114 3415 pontiﬁces
1163 3344 1349 3399 fuisse.
1406 3344 1482 3415 Ex
1535 3342 1914 3415 hisapparct-
1934 3342 2044 3396 l'alli

480 3410 941 3486 Scaligerum'qui
970 3415 1026 3486 _in
1054 3413 1462 3486 Prolegomeuis
1513 3417 1579 3486 ad
1624 3410 1841 3486 Eusebii
1872 3410 2046 3486 Chro—

479 3483 655 3547 nicon,
682 3485 893 3538 Annam
918 3484 983 3535 ad
1018 3483 1358 3551 paucos’dies
1392 3485 1697 3552 pontiﬁcem
1728 3484 1897 3538 fuisse
1920 3483 2049 3552 scri-

480 3557 580 3608 hit.
609 3555 811 3608 Contra
840 3564 924 3606 est
952 3552 1219 3623 Iosephus
1246 3554 1297 3606 in
1334 3551 1487 3623 libris
1510 3568 1644 3621 quos
1668 3568 1832 3622 supra
1857 3551 2044 3623 citavi.

481 3624 692 3690 Quippe
752 3625 802 3677 in
852 3623 946 3678 lib.
1007 3620 1097 3676 xx'
1129 3624 1330 3678 diserte
1369 3620 1600 3676 aﬁirniat
1654 3620 1902 3676 Ananum
1955 3621 2050 3675 ἐπὶ

483 3692 733 3747 πλεῖστον
757 3693 981 3762 potitum
999 3707 1118 3746 esse
1133 3692 1463 3748 sacerdotio.
1492 3691 1619 3746 Scio
1643 3690 1863 3760 Iosephi
1887 3693 2047 3745 verba

487 3764 681 3832 exponi
701 3778 859 3832 posse
887 3778 996 3832 non
1022 3762 1194 3816 solum
1224 3762 1290 3816 de
1322 3771 1565 3832 tempore
1591 3764 1862 3832 qqunna
1885 3762 2052 3830 gessit

485 3831 870 3895 sacerdotium,
907 3831 1001 3887 sed
1032 3839 1087 3885 et
1135 3833 1204 3887 de
1245 3840 1359 3902 toto
1419 3831 1679 3902 temporis
1734 3832 2052 3902 Spatioquo

482 3904 622 3958 vixit
662 3912 780 3971 post
815 3902 1199 3974 sacerdotium.
1255 3901 1395 3956 Nam
1422 3900 1729 3971 quicunque
1765 3900 2053 3974 pontiﬁca-

486 3982 598 4028 tum
639 3982 940 4043 gesserant,
978 3973 1013 4027 ii
1047 3971 1259 4041 reliquo
1303 3975 1429 4043 vita:
1485 3982 1739 4043 tempore
1768 3971 2054 4043 pontiﬁces

485 4040 826 4110 dicebantur,
860 4052 915 4098 et
938 4040 1181 4098 decimas
1225 4040 1612 4112 accipiebant,‘
1631 4053 1689 4096 ut
1715 4042 1873 4096 docet
1900 4040 2055 4097 Iose-

484 4114 625 4181 phus
651 4115 703 4167 in
735 4113 831 4169 lib.
858 4128 951 4175 xx.
987 4113 1077 4168 ubi
1109 4114 1173 4167 de
1203 4114 1427 4166 Auania.
1464 4112 1529 4167 Et
1559 4112 1629 4167 ob
1665 4113 1806 4167 hanc
1834 4126 2052 4166 causam

486 4181 551 4237 Β.
604 4183 780 4239 Lucas
845 4184 898 4238 in
946 4184 1261 4251 supradicto
1300 4182 1419 4237 loco
1471 4184 1679 4236 Annam
1738 4182 2052 4251 pontiﬁcem

485 4253 757 4324 appellat;
790 4256 882 4323 qui
921 4262 1102 4324 tamen
1144 4263 1271 4307 tunc
1296 4253 1558 4321 temporis
1595 4268 1701 4307 non
1734 4261 1850 4307 erat
1875 4252 2058 4324 ponti-

488 4322 597 4390 fei,
648 4325 742 4379 sed
796 4322 921 4393 eam
952 4323 1272 4393 dignitatem
1304 4332 1569 4392 gesserat,
1605 4333 1668 4393 ut
1711 4337 1871 4390 supra
1919 4322 2053 4376 dixi.

489 4393 567 4463 Ex
593 4393 676 4449 his
704 4402 872 4463 patet,
903 4391 1103 4447 l'rusira
1132 4394 1200 4447 ab
1224 4391 1459 4448 Eusebio
1502 4402 1610 4446 tam
1639 4391 2053 4463 Iosephiquam

2136 563 2391 632 Caipham
2424 561 2729 633 pontiﬁcem
2748 559 3045 618 adnotavit.
3071 558 3149 613 Ex
3170 556 3326 628 cujus
3347 557 3509 612 etiam
3531 556 3710 611 Evan-

2138 654 2260 727 gelii
2288 653 2608 709 auctoritate
2631 653 2886 722 temporis
2909 652 3146 723 Spatium
3174 665 3282 720 quo
3294 649 3546 707 Christus
3569 663 3709 719 prte-

2140 746 2359 808 dicavit,
2408 760 2530 799 cum
2560 744 2944 801 observatione
2983 755 3169 799 nostra
3203 740 3499 798 convenire
3525 750 3709 795 osten-

2141 838 2302 893 ditur.
2339 836 2606 893 Czeterum
2643 835 2903 891 Servator
2941 851 3005 890 ac
3042 836 3299 891 Dominus
3342 838 3529 889 n'oster
3548 832 3708 887 Iesus

2139 929 2387 985 Christus
2411 928 2552 984 haud
2580 928 2751 982 multo
2782 936 2907 998 post
2948 926 3274 997 evangelica:
3302 923 3707 996 praedicationis

2142 1021 2355 1075 initium
2383 1021 2666 1075 duodecim
2706 1019 2807 1074 sibi
2842 1018 2986 1073 viros
3018 1018 3288 1087 adjunxit,
3322 1031 3458 1087 quos
3485 1031 3599 1086 prie
3623 1030 3711 1070 re-

2143 1113 2304 1183 liquis
2324 1111 2605 1182 discipulis
2631 1111 2745 1167 suis
2762 1109 2907 1167 solos
2923 1110 3290 1180 apostolorum
3311 1109 3528 1163 nomine
3550 1109 3708 1176 quasi

2141 1206 2413 1277 praecipuo
2463 1205 2692 1274 quodam
2745 1203 2970 1259 honoris
3002 1200 3156 1257 titulo
3186 1201 3484 1273 insignivit.
3530 1200 3713 1271 Elegit

2142 1308 2401 1369 prmterea
2436 1297 2777 1368 septuaginta
2814 1296 2987 1361 viros,
3024 1309 3163 1365 quos
3202 1294 3256 1349 in
3290 1309 3353 1350 ea
3388 1294 3503 1349 loca
3537 1303 3592 1349 et
3616 1310 3712 1362 ορ-

2144 1390 2289 1461 pida,
2316 1390 2368 1444 in
2399 1404 2520 1460 quae
2559 1389 2675 1459 ipse
2719 1395 2979 1443 venturus
3012 1395 3156 1454 erat,
3192 1385 3348 1442 binos
3381 1384 3713 1457 prtemittere

2143 1485 2366 1540 solebat.

2667 1693 2777 1764 29
2813 1691 3039 1749 CAPUT
3093 1690 3183 1747 XI.

2243 1785 2563 1843 Testimonia
2596 1785 2660 1840 de
2690 1784 2900 1842 Joanne
2925 1783 3173 1855 Baptista
3202 1790 3253 1838 et
3283 1783 3348 1837 de
3377 1780 3612 1838 Christo.

2218 1966 2377 2021 Brevi
2409 1963 2698 2031 interiecto
2723 1974 2962 2035 tempore
2995 1961 3261 2019 Joannem
3306 1960 3608 2031 Baptistam
3646 1957 3717 2014 ab

2146 2057 2589 2126 llerodejuniore
2619 2057 2796 2126 capite
2821 2065 3129 2111 truncatum
3160 2054 3328 2109 fuisse
3362 2069 3516 2110 sacra
3541 2052 3718 2107 Evan-

2144 2152 2269 2224 gelii
2298 2151 2578 2221 Scriptura
2612 2158 3027 2206 commemorat.
3057 2148 3157 2204 Cui
3191 2146 3515 2217 astipulatur
3546 2145 3721 2201 etiam

2143 2243 2431 2314 Iosephus,
2467 2243 2560 2313 qui
2591 2251 2647 2299 et
2678 2241 3007 2298 Herodiadis
3049 2240 3219 2312 ipsius
3249 2238 3570 2293 nominatim
3604 2250 3720 2292 me-

2145 2336 2327 2403 minit,
2357 2344 2412 2392 et
2462 2335 2665 2390 diserte
2692 2344 2884 2390 narrat
2925 2334 3195 2403 quomodo
3244 2329 3507 2394 Herodes,
3532 2330 3718 2398 priore

2145 2438 2201 2482 et
2240 2427 2476 2498 legitima
2508 2425 2735 2496 conjuge
2755 2423 3060 2496 repudiata,
3084 2421 3393 2494 quaeArette
3414 2421 3560 2493 regis
3577 2422 3717 2476 Ara-

2147 2520 2274 2576 bum
2302 2520 2412 2574 tilia
2459 2526 2598 2585 erat,
2627 2518 2770 2573 hanc
2801 2516 2987 2573 fratris
3021 2516 3101 2572 sui
3135 2529 3358 2570 uxorem
3398 2527 3427 2567 a
3455 2514 3581 2569 vivo
3605 2512 3723 2569 viro

2146 2624 2245 2664 suo
2273 2624 2368 2679 per
2392 2608 2497 2664 vim
2528 2607 2816 2664 abductam
2849 2606 2953 2662 sibi
2979 2604 3264 2677 conjugem
3288 2604 3484 2660 ascivit
3508 2622 3522 2660 :
3556 2602 3723 2674 inque

2145 2702 2262 2773 ejus
2310 2701 2544 2772 gratiam
2595 2710 2791 2757 necato
2818 2698 3029 2755 Ioanne
3070 2698 3333 2768 Baptista,
3363 2711 3488 2753 cum
3553 2696 3723 2751 Areta

2143 2797 2215 2852 ob
2264 2796 2386 2852 ﬁlia:
2440 2794 2828 2853 contumeliam
2879 2794 3079 2851 infesto
3134 2793 3336 2849 bellum
3388 2792 3577 2864 gessit.
3604 2789 3724 2859 Quo

2147 2993 2481 3049 inchoamus.
2528 2994 2636 3050 Sed
2684 2995 2866 3049 tertios
2895 2993 2962 3049 ab
3010 2993 3086 3049 eis
3133 2991 3374 3048 consules
3431 2990 3724 3048 Dominicte

2149 3064 2387 3132 passioni
2442 3065 2772 3119 ascribimns.
2826 3063 2933 3119 Alii
2991 3079 3123 3119 vero
3167 3072 3401 3133 quatuor
3457 3061 3721 3118 Pascltata

2144 3143 2436 3188 numerant
2499 3135 2568 3189 ab
2623 3133 2779 3204 initio
2844 3132 3254 3204 praedicationis
3295 3132 3524 3204 _C|tristi,
3582 3134 3729 3188 inter

2143 3219 2282 3269 quos
2316 3215 2401 3257 est
2424 3217 2617 3258 auctor
2641 3198 2887 3259 Chronici
2905 3199 3273 3256 Alexandrini.
3295 3198 3350 3252 In
3368 3218 3474 3270 qua
3507 3215 3727 3258 senten-

2146 3275 2218 3327 tia
2278 3274 2441 3328 etiam
2480 3273 2652 3328 fuisse
2689 3274 2907 3327 videtur
2934 3273 3228 3332 Eusebius.
3282 3271 3377 3338 qui
3424 3272 3722 3336 quadrien-

2144 3344 2319 3414 nium,
2349 3343 2477 3400 licet
2499 3358 2608 3398 non
2635 3343 2927 3414 integrum,
2960 3342 3203 3412 assignat
3225 3340 3425 3395 Christi
3459 3342 3724 3411 praedica-

2146 3413 2302 3467 tioni.

2217 3483 2329 3553 (45)
2373 3480 2485 3537 Τοῦ
2506 3481 2786 3537 ἐνιαυτοῦ
2814 3483 2942 3537 καθ’
2970 3482 3060 3537 ὅν.
3080 3480 3335 3553 lntelligit
3365 3478 3542 3553 locum
3565 3479 3728 3535 Ioan-

2148 3549 2235 3609 nis
2255 3568 2376 3623 cap.
2414 3569 2468 3608 XI
2500 3565 2555 3607 et
2583 3565 2736 3623 xvtu.
2771 3554 2859 3607 ubi
2891 3553 3087 3623 dicitur
3113 3549 3348 3623 Caiphas
3380 3549 3546 3607 fuisse
3592 3566 3728 3623 pnn-

2150 3624 2286 3677 tifen
2317 3621 2445 3678 anni
2486 3624 2654 3681 illius.
2687 3622 2765 3678 Ex
2793 3624 2894 3679 hoc
2926 3621 3150 3679 Ioannis
3206 3621 3326 3677 loco
3363 3622 3586 3690 conjicit
3617 3621 3725 3674 Eu-

2150 3693 2336 3749 sebius
2366 3693 2625 3761 Caipham
2671 3703 2919 3748 creatum
2952 3706 3079 3748 esse
3115 3692 3422 3762 pontiﬁcem
3460 3705 3604 3745 anno
3635 3691 3728 3745 illo

2150 3778 2257 3833 quo
2285 3762 2540 3833 Christus
2572 3762 2796 3819 suﬁixus
2843 3772 2927 3819 est
2973 3764 3140 3833 cruci.
3180 3762 3728 3833 Eusebiumisecutus

2150 3830 2236 3887 est
2266 3841 2458 3887 auctor
2483 3832 2731 3887 Chronici
2760 3832 3135 3898 Alexandrini,
3187 3831 3277 3900 qui
3311 3832 3598 3901 pontiﬁces
3628 3830 3728 3885 sub

2151 3903 2351 3972 quibus
2408 3905 2723 3971 praedicavit
2783 3903 3033 3972 Christus
3087 3913 3385 3967 numerat,
3465 3904 3725 3963 Annam,

2152 3971 2458 4038 Ismaelettt,
2498 3973 2816 4029 Eleazarum
2868 3990 2931 4029 ac
2974 3971 3276 4027 Simonem.
3331 3972 3440 4028 Sed
3493 3972 3730 4028 Ioannes

2152 4042 2412 4111 Caipham
2437 4058 2503 4098 eo
2539 4060 2682 4098 anulo
2709 4046 2908 4099 factum
2941 4059 3060 4099 esse
3090 4044 3402 4111 pontiﬁcem
3435 4059 3540 4098 non
3575 4041 3727 4095 dicit.

2152 4111 2289 4169 Cum
2323 4128 2454 4184 ergo
2481 4112 2969 4183 Iosephus,,auctor
2997 4114 3336 4184 certissimus
3358 4154 3372 4178 ,
3412 4113 3503 4184 qui
3539 4111 3729 4167 Iudai-

2155 4197 2342 4238 corum
2383 4182 2718 4254 pontiﬁcqu
2753 4184 3155 4254 successionem
3186 4182 3597 4254 diligentissime
3643 4196 3734 4254 re-

2156 4250 2398 4313 censuit;
2420 4252 2653 4308 aﬂirmet
2689 4253 2952 4323 Caipham
2982 4269 3013 4308 a
3050 4252 3265 4323 Valerio
3293 4252 3463 4309 Grato
3504 4250 3732 4323 pontiﬁ-

2156 4339 2274 4379 cem
2296 4323 2500 4379 factum
2529 4338 2670 4389 esse,
2700 4321 2801 4379 nec
2831 4325 2932 4381 nisi
2959 4321 3257 4392 postPilati
3288 4321 3744 4392 procurationem.

2157 4402 2380 4449 exutum
2403 4409 2522 4476 esse
2548 4395 2873 4476 sacerdotio,
2898 4391 3150 4476 equidem
3182 4391 3402 4476 Iosephi
3432 4391 3731 4476 auctorita-

487 4462 654 4519 Lucaa
682 4459 1106 4519 verbaadducta
1135 4478 1278 4532 esse,
1307 4472 1365 4516 ut
1394 4459 1814 4533 quadriennium
1847 4459 2055 4517 Christi
2090 4477 2135 4532 ι)
2165 4476 2270 4518 tem
2302 4465 2453 4533 sequi
2487 4463 2648 4526 malo,
2687 4459 2991 4533 prmsertiin
3028 4478 3151 4517 cum
3195 4459 3358 4518 Luca:
3384 4459 3740 4533 evangelista

490 4534 896 4602 praedicationis
917 4542 1231 4589 astrueret:
1266 4530 1465 4603 quippe
1494 4549 1616 4603 cum
1661 4532 2058 4603 Christusrnon
2094 4530 2115 4532 ⁷
2165 4530 2477 4589 testimonio
2516 4530 2893 4587 conﬁrmetur.
2941 4532 3118 4589 Lucas
3144 4536 3304 4603 enim
3336 4530 3552 4589 disertew
3584 4530 3736 4584 amr-

489 4603 594 4657 sub
616 4612 853 4674 quatuor
881 4603 1252 4674 pontiﬁcibus,
1285 4602 1514 4658 seduno
1562 4602 1764 4672 Caipha
1795 4602 2064 4674 praedica-

490 4671 651 4737 verit,
707 4682 766 4727 ut
805 4689 870 4730 ex
914 4671 1148 4743 Iosepho
1181 4674 1429 4742 superius
1486 4671 1844 4729 ostendimus.
1879 4672 2063 4742 Longe

492 4743 689 4814 melius
744 4743 1114 4812 Ep.phanius,
1161 4745 1257 4813 qui
1303 4745 1607 4814 triennium
1659 4742 2063 4814 prmdicatjouis

490 4811 693 4867 Christi
721 4811 920 4868 astruit
951 4827 1021 4868 ex
1048 4811 1277 4869 numero
1301 4811 1803 4881 PaSchatum,'quac
1830 4813 1881 4865 in
1903 4811 2066 4868 Ioan-

492 4882 579 4938 nis
608 4883 899 4952 Evangelio
932 4894 1292 4938 recensentur
1308 4900 1349 4953 _a
1379 4883 1763 4953 praedicatione
1803 4881 1947 4938 illius
1995 4882 2064 4936 ad

492 4961 722 5022 mortem
760 4951 955 5021 usque.
986 4953 1062 5006 lla
1090 4955 1254 5008 etiam
1306 4951 1540 5022 PrOSper
1566 4954 1617 5007 in
1649 4952 1933 5022 Chronico,
1967 4967 2066 5006 cu-

487 5021 577 5090 jus
609 5023 792 5092 verba_
815 5024 905 5076 hic
947 5036 1214 5092 apponam
1240 5040 1255 5079 :
1288 5021 1521 5090 Quidam
1564 5032 1767 5092 putaui
1783 5021 2066 5092 Dominum

493 5101 727 5147 nostrum
757 5090 942 5146 Iesum
973 5090 1240 5163 Christum
1276 5109 1346 5148 xv
1375 5110 1516 5147 anno
1552 5090 1699 5163 regni
1730 5090 1926 5145 Tiberii
1958 5092 2073 5145 (Itan

492 5163 656 5226 saris,
687 5164 743 5215 id
777 5173 852 5217 est
876 5162 1079 5216 duobus
1129 5161 1361 5218 Geminis
1392 5180 1526 5217 coss.
1563 5161 1879 5224 cruciﬁxum
1912 5179 1931 5217 :
1964 5178 2067 5232 quo

492 5248 632 5304 anno
654 5234 943 5287 secundum
972 5233 1326 5287 indubitatam
1358 5233 1516 5287 Luca,
1533 5231 1865 5304 evangelium
1887 5231 2069 5304 nacto-

492 5303 703 5356 ritatem
723 5304 1045 5373 baptizatum
1068 5318 1184 5356 eum
1214 5319 1323 5357 esse
1340 5300 1679 5371 manifestum
1690 5313 1805 5373 est._
1812 5313 1860 5356 et
1883 5300 2068 5356 Eran—

492 5373 689 5443 gelium
711 5369 860 5443 regni
882 5372 1134 5443 enatorum
1164 5375 1458 5443 prtedicare
1486 5369 1721 5443 coepisse.
1749 5369 2071 5443 Secundum

494 5458 613 5496 vero
643 5441 872 5497 Joannis
898 5441 1267 5510 Evangelium,
1294 5442 1561 5505 festivitati
1599 5441 1821 5498 Pascha:
1850 5442 2070 5497 Judwo—

493 5527 612 5566 rum
644 5521 725 5565 ter
749 5512 1030 5567 Dominum
1069 5512 1371 5583 interfuisse
1396 5515 1751 5583 cognoscimus
1775 5532 1795 5575 :
1818 5524 1871 5566 ut
1903 5530 2069 5581 nppa--

494 5592 605 5635 reat
636 5585 848 5637 tertium
897 5584 1062 5651 fuisse
1088 5580 1222 5638 illud
1276 5580 1507 5655 Pascha,
1540 5587 1680 5655 quod
1708 5600 1859 5638 verus
1893 5580 2070 5652 Agnus

493 5668 590 5707 suo
623 5656 880 5724 sanguine
921 5656 1268 5724 consecrauit.
1299 5651 1819 5711 Proinde'consules
1862 5651 2071 5722 quidem

493 5722 992 5793 a-manifestatione
1021 5722 1258 5792 Domini,
1303 5724 1358 5778 id
1412 5735 1486 5779 est
1538 5742 1569 5779 a
1600 5725 1803 5781 duobus
1838 5724 2070 5779 Geminis

2164 4612 2277 4675 mat
2319 4619 2466 4675 anno
2511 4618 2579 4656 xv
2614 4603 2817 4659 Tiberii
2847 4603 3080 4659 Ctesaris
3126 4602 3388 4675 Caipham
3423 4604 3735 4673 pontiﬁcem

2157 4673 2283 4745 jam
2302 4683 2416 4745 tum
2445 4672 2637 4745 fuisse.

2238 4743 2352 4815 (M)
2406 4743 2791 4799 Ἀπέστειλεν
2810 4742 2927 4815 ἀνὰ
2949 4741 3060 4798 δύο
3083 4743 3212 4815 δύο.
3257 4742 3336 4800 Ita
3358 4742 3632 4815 edidimus
3665 4756 3737 4801 ex

2167 4814 2273 4885 ﬁde
2327 4813 2638 4885 nnstrorum
2680 4814 3069 4885 exemplarium
3100 4813 3278 4885 Regii,
3326 4814 3462 4871 Maz.
3498 4813 3636 4885 med.
3672 4828 3738 4868 ac

2170 4883 2310 4941 Fuk.
2363 4882 2754 4968 H.odie_tameu
2793 4882 3017 4968 .inncap:
3040 4901 3087 4968 _x
3125 4882 3408 4968 Evangelii
3439 4885 3504 4968 B.
3550 4883 3732 4968 Lucae,

2166 4969 2233 5009 ex
2265 4969 2373 5023 quo
2402 4955 2504 5008 hoc
2535 4953 2833 5025 desumpsit
2857 4952 3141 5022 Eusebius,
3173 4952 3370 5024 legitur
3396 4963 3602 5010 tantum
3634 4952 3747 5012 ἀνὰ.

2167 5023 2280 5088 δύο,
2314 5024 2432 5078 sine
2459 5024 2779 5093 repetitione
2809 5025 3011 5079 ultimae
3039 5026 3374 5095 vocis,quam
3402 5024 3541 5080 Rob.
3570 5026 3737 5079 etiam

2170 5094 2478 5166 Stephanus
2505 5096 2739 5149 otiosam
2758 5108 2877 5150 esse
2906 5094 3262 5166 existimavit.
3302 5096 3415 5166 Ego
3451 5110 3579 5149 vero
3601 5110 3741 5149 non-

2170 5162 2307 5219 nihil
2363 5162 2656 5236 elegautize
2692 5168 2838 5219 hunc
2856 5165 3225 5236 ᾃπλεονασμόν
3258 5162 3461 5222 Ιηιιῖοιοθ
3508 5181 3743 5228 censeo.

2170 5249 2331 5304 quem
2365 5234 2620 5304 etiamin
2644 5233 2822 5304 lingua
2843 5234 3044 5291 Gallica
3072 5233 3385 5291 retinemus.

2243 5303 2358 5376 (45)
2397 5299 2480 5359 Οὗ
2515 5299 2984 5376 ἐμελλένᾼαὺτὸς
3029 5305 3330 5376 ἔρχεσθαι.
3379 5302 3554 5376 Νοειῂ
3584 5303 3742 5376 ροιξὶ-

2171 5368 2281 5496 is:
2307 5368 2468 5441 Mam,
2512 5368 2652 5430 Med.
2684 5389 2748 5430 ac
2777 5373 2914 5433 Fuk.
2944 5368 3209 5446 scriptum
3248 5376 3447 5431 habent
3474 5368 3535 5429 οὗ
3575 5373 3744 5445 ἥμελ.

2204 5461 2359 5586 Ἶλδ)
2402 5516 2525 5570 Οὐκ
2554 5517 2642 5583 εὶς
2663 5514 2901 5585 μακρὸν
2916 5514 3002 5570 δέ.
3031 5515 3113 5571 Ab
3146 5515 3232 5570 his
3264 5513 3445 5569 verbis
3466 5512 3747 5586 caputqu

2174 5583 2446 5641 deeinium
2505 5583 2796 5648 inchoavi,
2844 5594 3063 5642 secutus
3116 5586 3500 5640 auctoritatem
3536 5583 3746 5637 irmlicis

2175 5652 2355 5779 iicgii.
2408 5654 2549 5713 llas.
2587 5671 2647 5711 ac
2683 5653 2841 5721 Fuk.,
2878 5656 3075 5726 quibus
3127 5654 3398 5710 consentit
3432 5656 3595 5710 etiam
3633 5651 3745 5715 Ra-
3771 5686 3784 5703 ,ο

2197 5741 2336 5779 mus.

2197 5741 2336 5780 Inus.
