4154 6420
447 327 558 389 117

1470 323 1818 382 HISTORle
1859 319 2432 381 ECCLESIASTICA
2461 318 2591 375 us.
2632 300 2695 376 ις’

3599 309 3701 371 H8

445 442 592 502 κατά
637 441 737 514 τὴν
779 440 948 515 αὐτὴν
999 438 1094 495 τοῦ
1141 440 1572 513 συγγράμματος
1624 441 1862 512 ἱστορίαν
1917 434 2011 493 ὧδὲ

2129 439 2467 508 temporibus
2495 435 2652 491 Jesus
2687 431 2906 502 quidam
2945 429 3048 486 fuit
3075 430 3159 485 vir
3191 431 3430 500 sapiens,
3451 429 3494 484 si
3520 438 3698 484 tamen

448 555 568 600 πως
598 537 905 606 μέμνηται·
957 553 975 585 t
1001 534 1214 587 Γίνεται
1242 533 1299 586 δὲ
1330 531 1472 586 κατά
1503 532 1690 585 τοῦτον
1718 532 1807 586 τὸν
1834 531 2024 602 χρόνον

461 627 667 699 Ἰησοῦς
709 644 794 689 τις
841 626 1005 695 σοφὸς
1047 626 1206 697 ἀνὴρ,
1249 625 1363 692 εἴγε
1416 624 1588 696 ἄνδρα
1637 624 1798 677 αὐτὸν
1847 623 2025 691 λέγειν

445 722 572 790 χρή.
600 715 710 774 Ἦν
740 718 848 788 γὰρ
877 717 1192 789 παραδόξων
1222 716 1396 787 ἔργων
1427 718 1675 788 ποιητὴς,
1711 715 2025 778 διδάσκαλος

444 809 747 880 ἀνθρώπων
787 810 895 863 τῶν
947 811 1043 862 σὺν
1088 809 1246 880 ἡδονῇ
1291 808 1498 880 τάληθῆ
1547 808 1868 878 δεχομένων.
1915 807 2024 860 Καὶ

445 902 673 966 πολλοὺς
707 903 806 972 μὲν
834 903 942 956 τῶν
990 902 1278 965 Ἰουδαίων,
1313 902 1537 964 πολλοὺς
1565 902 1620 954 δὲ
1664 901 1758 954 καὶ
1797 901 1904 954 ἀπὸ
1928 900 2022 953 τοῦ

458 993 769 1062 Ἑλληνικοῦ
821 994 1152 1063 ἐπηγάγετο.
1213 994 1271 1047 Ὀ
1312 993 1544 1066 Χριστὸς
1583 988 1735 1057 οὗτος
1780 989 1869 1064 ἦν.
1913 993 2024 1046 Καὶ

444 1085 608 1138 αὐτὸν
633 1086 854 1150 ἐνδείξει
874 1085 982 1138 τῶν
1014 1085 1246 1157 πρώτων
1267 1087 1476 1158 ἀνδρῶν
1497 1089 1622 1157 παρ’
1647 1089 1779 1157 ἡμῖν
1806 1085 2024 1158 σταυρῷ

444 1177 894 1247 ἐπιτετιμηκότος
958 1177 1214 1243 Πιλάτου,
1273 1179 1372 1232 οὐκ
1436 1178 1804 1245 ἐξεπαύσαντο
1863 1180 1912 1231 οί
1961 1179 2023 1232 τὸ

444 1267 659 1339 πρῶτον
685 1268 847 1322 αὑτὸν
880 1269 1282 1340 ἀγαπήσαντες.
1326 1271 1530 1341 Ἐφάνη
1559 1271 1665 1341 γὰρ
1695 1271 1878 1333 αὐτοῖς
1906 1269 2024 1342 τρί-

445 1375 544 1429 την
578 1359 718 1430 εχων
749 1361 961 1431 ἡμέραν
1006 1361 1165 1416 πάλιν
1198 1361 1328 1429 ζῶν,
1370 1363 1487 1416 τῶν
1523 1363 1684 1418 θείων
1728 1363 2022 1436 προφητῶν

444 1450 618 1504 ταῦτά
646 1468 704 1503 τε
731 1452 824 1504 καὶ
845 1451 984 1515 ἄλλοι
1017 1453 1188 1524 μυρία
1216 1453 1344 1526 περὶ
1369 1454 1531 1508 αὐτοῦ
1560 1455 1836 1526 θαυμάσια
1873 1458 2022 1527 είρη-

443 1542 635 1595 κότων.
685 1543 865 1596 Εὶσέτι
923 1561 981 1596 τε
1028 1543 1122 1598 νῦν
1181 1544 1290 1599 τῶν
1331 1547 1670 1618 Χριστιανῶν
1718 1548 1827 1600 ἀπὸ
1867 1547 2020 1602 τοῦδε

439 1633 843 1705 ὠνομασμένων
881 1637 981 1690 οὐκ
1018 1636 1240 1690 ἐπέλιπε
1276 1639 1338 1691 τὸ
1377 1638 1560 1708 φῦλον.
1618 1659 1637 1690 ι
1696 1638 1880 1694 Ταῦτα
1923 1640 2018 1694 τοῦ

439 1725 699 1790 ἐξαύτῶν
737 1727 1003 1799 Ἐϐραίων
1037 1731 1398 1801 συγγραφέως
1429 1731 1694 1784 ἀνέκαθεν
1724 1734 1790 1803 τῇ
1825 1731 2016 1786 ἐαυτοῦ

2126 533 2303 584 virum
2334 544 2456 583 eum
2487 526 2764 598 appellare
2803 523 2888 578 fas
2920 534 3024 580 est.
3052 522 3427 598 Erat-quippe
3462 521 3699 574 admira-

2127 624 2313 678 bilium
2342 635 2565 690 operum
2599 618 2842 680 eﬂector,
2869 617 3168 686 doctorque
3184 630 3373 670 eorum
3414 613 3506 684 qui
3550 614 3699 666 veri-

2127 725 2291 768 tatem
2353 713 2537 767 libenti
2587 711 2769 765 animo
2801 708 3324 779 complectebantur.
3379 705 3580 760 Multos
3610 703 3703 760 ille

2124 808 2328 878 partim
2369 822 2434 860 ex
2463 804 2680 864 Judaris.
2721 802 2917 872 partim
2949 816 3015 855 ex
3057 798 3356 869 gentilibus
3402 806 3703 852 sectatores

2125 901 2228 957 sibi
2274 899 2544 968 adjunxit.
2600 898 2696 953 llic
2742 905 2861 952 erat
2907 895 3176 950 Christus.
3219 894 3390 960 Quem
3433 907 3463 946 a
3521 891 3702 962 gentis

2126 1001 2328 1049 nostra:
2351 993 2686 1062 primoribus
2707 989 2965 1054 delatum,
2991 1004 3112 1044 cum
3136 987 3345 1042 Pilatus
3366 988 3548 1041 crucis
3569 1000 3700 1056 sup-

2124 1085 2290 1156 plicio
2339 1085 2662 1148 addixisset,
2699 1083 2754 1139 hi
2796 1094 2974 1138 tamen
3022 1081 3112 1150 qui
3163 1080 3311 1135 illum
3369 1079 3696 1143 dilexerant,

2124 1197 2247 1236 eum
2281 1181 2536 1250 deinceps
2572 1178 2752 1234 colere
2787 1192 2890 1232 non
2946 1175 3290 1232 destiterunt.
3335 1172 3520 1228 Tertio
3552 1172 3697 1228 enim

2124 1275 2213 1329 die
2239 1273 2398 1328 vivus
2419 1288 2484 1328 ac
2513 1273 2726 1342 spirans
2751 1271 2834 1326 eis
2863 1269 3138 1339 apparuit,
3173 1277 3335 1336 prout
3372 1265 3538 1320 divini
3574 1279 3702 1334 pro-

2124 1367 2299 1437 pheta:
2322 1367 2436 1421 haec
2465 1373 2519 1420 et
2542 1364 2645 1418 alia
2677 1361 3076 1434 quamplurima
3106 1361 3172 1414 de
3191 1358 3282 1414 illo
3308 1355 3535 1413 miriﬁca
3562 1371 3703 1427 prae-

2122 1457 2392 1512 diserant.
2451 1454 2665 1510 Abhinc
2712 1467 2876 1522 porro
2909 1448 3344 1507 Christianorum
3385 1461 3556 1516 genus
3606 1445 3700 1516 qui

2121 1551 2192 1606 ab
2219 1565 2284 1605 eo
2327 1563 2522 1604 nomen
2569 1560 2870 1615 sumpsere,
2908 1545 2975 1599 ad
3002 1551 3242 1597 nostram
3282 1554 3454 1609 usque
3479 1548 3699 1594 aetatem

2121 1638 2898 1697 continuatum‘manetnﬂac
2926 1637 3090 1705 igitur
3115 1649 3238 1690 cum
3261 1633 3493 1702 scriptor
3520 1630 3607 1684 ille
3627 1643 3700 1684 ex

2123 1735 2364 1791 Hebrazis
2398 1733 2668 1789 oriundus
2692 1733 2757 1786 de
2784 1729 2999 1785 Joanne
3030 1728 3268 1799 Baptista
3302 1733 3357 1778 et
3399 1724 3464 1778 de
3495 1720 3714 1778 δοντα..

438 1820 646 1889 γραφῇ,
697 1820 824 1890 περί
866 1837 922 1872 τε
967 1819 1059 1873 τοῦ
1109 1820 1414 1874 Βαπτιστοῦ
1483 1821 1730 1875 Ἰωάννου
1779 1822 1874 1876 καὶ
1923 1821 2011 1875 τοῦ

2127 1834 2243 1879 tore
2276 1834 2464 1880 nostro
2513 1823 2567 1878 in
2601 1822 2765 1878 libris
2819 1821 2931 1876 suis
2986 1815 3525 1880 commemoraverit,
3557 1814 3699 1882 quod

440 1910 690 1980 Σωτῆρος
730 1912 888 1983 ήμῶν
931 1913 1396 1984 παραδεδωκότος,
1439 1913 1521 1978 τίς
1560 1913 1624 1968 ἂν
1665 1913 1744 1968 ἔτι
1781 1912 2021 1967 λείποιτο

437 1999 716 2070 ἀποφυγὴ,
763 2000 856 2054 τοῦ
902 2001 978 2072 μὴ
1021 2003 1408 2073 ἀναισχύντους
1452 2002 1851 2073 ἀπελέγχεσθαι
1895 2004 2022 2067 τοὺς

437 2095 558 2145 κατ’
597 2093 776 2146 αὐτῶν
808 2093 1187 2165 πλασαμένους
1229 2095 1631 2166 ύπομνήματα;
1664 2094 1821 2148 Ἀλλά
1845 2093 2019 2148 ταῦτα

440 2185 539 2255 μὲν
572 2187 741 2255 ἐχέτω
765 2185 955 2258 ταύτῃ.

952 2279 1357 2331 ΚΕΦΑΛΛῘΟΝ
1403 2279 1501 2332 IB’.

437 2368 572 2435 Περὶ
599 2367 717 2422 τῶν
737 2371 1017 2438 μαθητῶν
1044 2370 1150 2423 τοῦ
1185 2369 1456 2437 Σωτῆρος
1516 2368 1703 2437 ἡμῶν.
1765 2367 1904 2423 (Nic.
1938 2367 2012 2425 Η.

815 2438 878 2500 Ε.
913 2456 948 2504 1,
971 2441 1064 2505 ﬁl,
1087 2439 1178 2503 22,
1213 2456 1384 2510 usque
1424 2441 1487 2493 ad
1525 2440 1642 2510 lin.)

506 2531 628 2586 Τῶν
659 2549 723 2602 γε
761 2528 866 2604 μὴν
911 2533 1006 2587 τοῦ
1057 2533 1312 2604 Σωτῆρος
1343 2531 1679 2596 ἀποστόλων,
1732 2531 1895 2586 παντί
1939 2549 2017 2604 τῳ

438 2625 615 2697 σαφὴς
671 2628 736 2679 ἐκ
805 2625 914 2679 τῶν
957 2625 1304 2694 Εύαγγελίων
1357 2626 1390 2695 ἡ
1432 2624 1752 2696 πρόσρησις.
1802 2622 1923 2677 Τῶν
1970 2623 2014 2677 δ’

433 2715 800 2788 ἐϐδομήκοντα
834 2715 1111 2788 μαθητῶν,
1148 2715 1446 2783 κατάλογος
1474 2716 1573 2786 μὲν
1609 2714 1784 2778 οὐδεὶς
1807 2715 2014 2787 οὐδαμῆ

432 2808 657 2881 φέρεται
677 2826 690 2840 ο
735 2809 953 2876 λέγεταί
986 2827 1050 2879 γε
1095 2809 1192 2880 μὲν
1222 2803 1300 2872 εἷς
1334 2808 1512 2861 αὐτῶν
1550 2807 1835 2880 Βαρνάϐας
1858 2824 2017 2877 γεγο-

430 2903 600 2964 νέναι,
629 2897 689 2957 οὗ
721 2903 994 2974 διαφόρως
1025 2902 1122 2972 μὲν
1159 2903 1255 2955 καὶ
1288 2903 1344 2956 αἱ
1369 2900 1606 2972 Πράξεις
1639 2901 1748 2954 τῶν
1785 2899 2016 2955 ἀποστό-

430 2994 536 3048 λων
563 2995 998 3065 ἐμνημόνευσαν,
1021 2995 1118 3064 οὐχ
1147 2994 1348 3064 ἥκιστα
1378 2993 1433 3046 δὲ
1461 2992 1555 3046 καὶ
1577 2993 1606 3047 ό
1631 2991 1845 3056 Παῦλος
1873 2991 2013 3065 γρά-

431 3106 546 3156 φων
579 3087 863 3151 Γαλάταις.
906 3086 1123 3140 Τούτων
1157 3086 1200 3140 δ’
1240 3081 1378 3139 εἶναί
1418 3103 1550 3155 φασι
1593 3084 1689 3138 καὶ
1728 3083 2012 3156 Σωσθένην

2114 1916 2226 1983 jam
2250 1913 2508 1982 effugium
2547 1912 2871 1982 relinquitur
2895 1911 2986 1966 his
3015 1909 3107 1980 qui
3135 1908 3402 1963 adversus
3430 1920 3525 1961 eos
3564 1904 3708 1958 Acta.

2121 2006 2210 2061 illa
2261 2005 2665 2067 confinxerunt,
2717 2003 3014 2073 quominus
3065 1996 3520 2071 impudentissimi
3579 2009 3701 2052 esse

2119 2096 2551 2154 convincantur?
2579 2094 2685 2152 Sed
2714 2095 2780 2150 de
2803 2094 2886 2149 his
2912 2093 3065 2149 satis.

2715 2277 2944 2335 CAPUT
2989 2276 3102 2333 XII.

2435 2373 2514 2429 De
2545 2371 2845 2428 Servatoris
2873 2373 3041 2427 nostri
3079 2370 3377 2440 discipulis.

2188 2527 2255 2584 Et
2276 2527 2644 2598 apostolorum
2670 2526 2889 2597 quidem
2933 2523 3241 2581 Servatoris
3275 2521 3451 2578 nostri
3475 2521 3695 2578 nomina

2117 2635 2184 2676 ex
2223 2619 2642 2692 Evangeliorum
2700 2617 2853 2674 libris
2905 2617 3186 2672 notissima
3241 2622 3368 2670 sunt
3417 2614 3695 2670 omnibus.

2117 2709 2270 2777 Quod
2297 2725 2427 2766 vero
2457 2710 2523 2766 ad
2555 2711 2898 2780 septuaginta
2926 2709 3226 2778 discipulos
3258 2706 3476 2770 attinet,
3503 2720 3694 2759 eorum

2118 2802 2291 2857 series
2315 2801 2504 2856 nullibi
2529 2802 2836 2871 perscripta
2870 2799 3160 2868 reperitur.
3194 2797 3395 2854 Fertur
3425 2807 3605 2852 tamen
3627 2809 3696 2848 ex

2115 2894 2329 2950 illorum
2368 2909 2598 2950 numero
2632 2907 2774 2948 unus
2828 2892 2994 2948 fuisse
3039 2890 3334 2958 Barnabas,
3389 2888 3543 2960 cujus
3572 2903 3694 2943 cum

2116 2985 2170 3040 in
2201 2985 2433 3041 Actibus
2479 2985 2848 3057 apostolorum
2889 2984 3086 3038 crebra
3136 2983 3196 3038 lit
3230 2983 3454 3049 mentio,
3497 2991 3608 3036 tum
3639 2982 3694 3037 in

2114 3079 2268 3136 Pauli
2295 3083 2362 3136 ad
2383 3079 2604 3135 Galatas
2629 3077 2893 3148 Epistola.
2921 3075 2998 3131 Ex
3035 3077 3224 3132 iisdem
3270 3077 3433 3130 etiam
3466 3073 3697 3130 Sosthe-

429 3182 518 3234 τὸν
555 3180 670 3251 ἆμα
702 3180 900 3250 Παύλῳ
939 3178 1248 3252 Κορινθίοις
1268 3179 1670 3234 ἐπιστείλαντα.
1709 3177 1774 3231 Ἦ
1799 3177 1844 3231 δ’
1871 3179 2011 3232 ίστο-

2117 3187 2236 3227 nem
2273 3171 2441 3227 fuisse
2466 3171 2780 3242 perhibent,
2809 3185 2931 3224 eum
2964 3171 3055 3238 qui
3089 3183 3193 3222 una
3224 3183 3348 3222 cum
3398 3167 3568 3221 Paulo
3606 3167 3696 3221 lit-

431 3270 522 3342 ρία
566 3269 718 3340 παρὰ
762 3269 1040 3338 Κλήμεντι
1069 3266 1212 3320 κατὰ
1249 3268 1348 3340 τὴν
1383 3267 1640 3338 πέμπτην
1680 3265 1788 3320 τῶν
1841 3267 2017 3321 Ὑπο-

429 3359 772 3418 τινπώσεων,
807 3360 864 3409 ἐν
948 3357 1041 3410 καὶ
1064 3359 1281 3426 Κηφᾶν,
1308 3358 1434 3430 περὶ
1462 3350 1522 3410 οὗ
1541 3375 1704 3428 φησιν
1725 3360 1752 3410 ὁ
1773 3356 2010 3422 Παῦλοςο

436 3470 455 3501 ι
491 3453 618 3503 Ὅτε
645 3451 701 3502 δὲ
725 3446 856 3520 ἦλθε
886 3451 1082 3520 Κηφᾶς
1121 3451 1197 3512 είς
1244 3449 1594 3520 Ἀντιόχειαν,
1624 3448 1766 3503 κατά
1796 3450 2013 3520 πρόσω-

433 3557 533 3593 πον
561 3539 710 3610 αὑτῷ
738 3539 1000 3611 ἀντέστην
1039 3539 1176 3607 (52),
1220 3558 1238 3590 ι
1282 3539 1380 3592 ἕνα
1414 3540 1548 3611 φησὶ
1583 3539 1864 3609 γεγονέναι
1905 3540 2013 3594 τῶν

433 3631 803 3700 ἐϐδομήκοντα
836 3629 1116 3702 μαθητῶν,
1140 3631 1428 3702 ὁμώνυμον
1457 3634 1648 3706 Πέτρῳ
1678 3633 2013 3705 τυγχάνοντα

429 3721 511 3792 τῷ
544 3721 844 3791 ἀποστόλῳ.
888 3723 998 3774 Καὶ
1030 3720 1277 3775 Ματθίαν
1322 3723 1379 3774 δὲ
1413 3723 1505 3776 τὸν
1537 3723 1660 3777 ἀντὶ
1705 3723 1874 3777 Ἰούδα
1915 3723 2011 3777 τοῦ

433 3813 692 3886 προδότου
719 3816 832 3876 τοῖς
857 3814 1174 3879 ἀποστόλοις
1212 3815 1668 3884 ἐγκαταλεγέντα,
1707 3815 1799 3870 τόν
1830 3833 1890 3868 τε
1916 3816 2012 3870 σὺν

432 3905 580 3975 αὑτῷ
613 3908 676 3976 τῇ
704 3905 866 3977 ὁμοίᾳ
897 3907 1063 3978 ψήφῳ
1097 3907 1414 3977 τιμηθέντα,
1442 3909 1540 3979 τῆς
1575 3908 1747 3978 αὐτῆς
1783 3907 1892 3961 τῶν
1924 3907 2014 3961 ἐϐ-

428 3997 731 4068 δομήκοντα
788 3998 1032 4070 κλήσεως
1079 3997 1345 4068 ἠξιῶσθαι
1398 4001 1618 4070 κατέχει
1673 4001 1850 4068 λόγος.
1901 4000 2013 4053 Καὶ

429 4085 685 4138 Θαδδαῖον
720 4085 776 4138 δὲ
806 4085 902 4139 ἕνα
936 4087 1046 4141 τῶν
1083 4087 1262 4140 αὐτῶν
1289 4084 1437 4142 εἷναί
1481 4107 1631 4159 φασι⁹
1663 4091 1791 4161 περὶ
1821 4081 1882 4144 οὗ
1916 4089 2013 4143 καὶ

433 4177 673 4248 ἱστορίαν
698 4177 959 4231 ἐλθοῦσαν
987 4181 1066 4242 εἰς
1090 4181 1257 4250 ἡμᾶς,
1285 4182 1482 4235 αὐτίκα
1513 4183 1655 4253 μάλα
1683 4183 2007 4253 ἐκθήσομαι.

428 4272 540 4325 Καὶ
568 4273 676 4326 τῶν
705 4273 1069 4344 ἐϐδομήκοντα
1096 4275 1152 4328 δὲ
1178 4275 1395 4338 πλείους
1423 4276 1516 4329 τοῦ
1549 4277 1805 4347 Σωτῆρος
1835 4294 2012 4347 πεφη-

428 4364 576 4417 νέναι
622 4363 867 4434 μαθητὰς
896 4363 1076 4437 εὕροις
1109 4365 1174 4420 ἂν
1218 4369 1574 4439 ἐπιτηρήσας,
1607 4369 1842 4440 μάρτυρι
1870 4368 2012 4440 χρώ-

432 4474 593 4527 μενος
611 4456 688 4528 τῷ
724 4457 940 4529 Παύλῳ,
971 4459 1106 4529 μετὰ
1135 4459 1234 4530 τὴν
1259 4461 1322 4512 ἐκ
1353 4461 1562 4532 νεκρῶν
1585 4460 1804 4532 ἔγερσιν
1830 4455 2008 4530 ὦφθαι

439 4550 600 4603 αὑτὸν
640 4550 893 4622 φήσαντι,
923 4551 1137 4622 πρῶτον
1168 4552 1267 4622 μὲν
1309 4554 1474 4622 Κηφᾷ
1506 4551 1640 4622 (53),
1670 4551 1857 4606 ἔπειτα
1896 4555 2009 4616 τοῖς

2116 3274 2266 3320 teras
2297 3265 2363 3317 ad
2419 3262 2732 3318 Corinthios
2779 3261 3018 3330 scripsit.
3049 3260 3142 3314 Sic
3187 3259 3332 3313 enim
3367 3257 3538 3313 refert
3568 3259 3695 3315 Cle-

2116 3373 2270 3414 mens
2294 3357 2348 3410 in
2377 3355 2515 3412 libro
2528 3355 2721 3424 quinto
2748 3352 3176 3424 Hypotyposeon.
3198 3351 3254 3405 In
3285 3367 3391 3420 quo
3412 3351 3574 3406 etiam
3591 3352 3695 3408 Ce-

2115 3451 2280 3521 pham
2312 3449 2462 3505 illum
2494 3453 2584 3504 cui
2619 3447 2967 3504 Antiochiam
2999 3446 3241 3516 ingresso
3271 3445 3469 3500 Paulus
3497 3460 3557 3500 se
3595 3460 3694 3514 pa-

2117 3541 2224 3596 lam
2263 3541 2530 3596 restitisse
2566 3540 2717 3603 dicit,
2745 3538 3002 3608 quoniam
3027 3538 3452 3607 reprehensione
3496 3538 3693 3607 dignus

2115 3640 2257 3696 erat,
2294 3646 2458 3686 unum
2483 3630 2560 3684 ait
2583 3629 2753 3685 fuisse
2770 3644 2835 3684 ex
2859 3630 3202 3700 septuaginta
3226 3628 3508 3698 discipulis
3531 3627 3694 3682 Petro

2117 3721 2362 3792 apostolo
2393 3721 2798 3792 cognominem.
2830 3718 3114 3774 Matthiam
3153 3733 3398 3789 quoque,
3431 3733 3553 3775 eum
3597 3719 3690 3787 qui

2115 3814 2268 3870 ludat
2319 3813 2618 3884 proditoris
2680 3812 2801 3868 loco
2851 3813 2906 3867 in
2973 3826 3261 3866 numerum
3322 3811 3692 3882 apostolorum

2114 3907 2218 3980 31
2257 3907 2530 3972 ascriptus
2558 3915 2661 3970 est,
2681 3914 2734 3961 et
2760 3905 2990 3962 alterum
3023 3904 3171 3959 illum
3201 3904 3436 3976 quicum
3465 3902 3689 3958 Matthia

2115 4001 2233 4070 pari
2270 3997 2531 4068 suffragio
2565 3998 2663 4052 fuit
2693 4000 3012 4064 honoratus,
3045 3997 3185 4052 fama
3215 4006 3300 4052 est
3330 4012 3398 4052 ex
3433 3997 3525 4052 illo
3542 4007 3690 4052 cmtu

2114 4091 2460 4163 septuaginta
2491 4090 2885 4160 discipulorum
2944 4090 3136 4146 fuisse.
3185 4089 3519 4146 'l'hadda-um
3553 4106 3694 4160 pra:-

2117 4191 2264 4240 terea
2301 4198 2470 4238 unum
2504 4198 2571 4237 ex
2604 4182 2711 4236 illis
2731 4181 2902 4236 fuisse
2925 4181 3125 4236 ferunt.
3160 4182 3234 4236 De
3261 4196 3371 4252 quo
3401 4182 3690 4236 historiam

2113 4290 2234 4344 qua:
2267 4274 2334 4328 ad
2363 4289 2462 4329 nos
2487 4290 2657 4340 usque
2689 4273 2960 4342 pervenit,
3005 4288 3128 4326 mox
3178 4281 3503 4326 narraturus
3543 4288 3690 4328 sum.

2112 4366 2266 4434 Quod
2322 4365 2366 4420 si
2425 4366 2550 4435 quis
2603 4365 2898 4420 observare
2957 4364 3088 4418 velit
3150 4366 3450 4431 attentius,
3507 4365 3692 4434 plures

2113 4475 2277 4530 quam
2353 4459 2695 4528 septuaginta
2738 4461 2998 4528 reperiet~
3036 4459 3344 4513 Servatoris
3390 4459 3559 4513 nostri
3602 4457 3690 4513 di-

2114 4549 2381 4622 scipulos,
2414 4551 2498 4604 vel
2517 4565 2580 4605 ex
2613 4550 2772 4604 unius
2818 4549 2973 4605 Pauli
3011 4551 3318 4604 testimonio
3345 4569 3357 4604 :
3389 4551 3480 4622 qui
3530 4550 3692 4606 Citri-

431 4667 629 4732 qnippe
681 4662 770 4732 qui
819 4663 918 4714 sub
969 4672 1214 4716 extrema
1255 4663 1543 4716 Domitiani
1584 4673 1828 4732 tempora
1859 4664 2012 4717 Anti-
2043 4665 2086 4720 D
2116 4661 2351 4725 bantur;
2386 4661 2584 4729 quibus
2607 4661 2854 4729 prolatis,
2888 4660 3205 4716 facillimum
3233 4661 3426 4718 fuisset
3471 4660 3687 4720 Eusebii

431 4731 929 4804 quitatesJudaicas
961 4733 1312 4804 pitlilicasset.
1342 4735 1419 4785 Ad
1455 4731 1792 4804 illudautem
1841 4749 2003 4798 argu-

434 4800 674 4858 tnentutn
708 4803 849 4868 quod
878 4818 942 4855 ex
979 4800 1210 4868 Origene
1237 4803 1476 4865 ducitur,
1501 4803 1679 4857 facilis
1706 4813 1789 4857 est
1816 4813 1870 4856 et
1904 4819 2003 4856 ex-

433 4875 614 4941 pedita
649 4872 948 4942 responsio.
983 4872 1158 4939 Negat
1209 4874 1428 4940 quidem
1461 4873 1722 4942 Origenes
1759 4876 1810 4926 in
1851 4873 2006 4927 libris

433 4939 618 4995 contra
637 4940 864 5004 Celsum,
887 4939 1177 5009 Josepbum
1201 4939 1486 5008 agnovisse
1507 4939 2002 5007 Je'sumChrislum,

434 5014 488 5067 ld
536 5021 621 5064 est
651 5011 950 5064 credidisse
979 5013 1219 5077 Christo,
1271 5027 1365 5066 seu
1398 5013 1766 5067 Christianum
1810 5013 1999 5067 fuisse.

435 5082 542 5138 Sed
574 5094 746 5146 neque
769 5093 831 5132 ex
866 5081 966 5134 hoc
993 5081 1210 5148 Josephi
1264 5083 1381 5138 loco
1425 5099 1582 5149 quem
1615 5084 1700 5136 hic
1729 5083 1861 5136 citat
1899 5084 2008 5138 Eu-

436 5152 641 5210 sebius.
669 5151 920 5216 sequitur
950 5150 1240 5218 Josephum
1262 5152 1462 5219 Christi
1501 5153 1658 5205 Iidem
1691 5154 1999 5219 aliiplexum

435 5221 622 5294 fuisse.
650 5219 907 5294 Quamvis
932 5224 1078 5294 enini
1103 5218 1413 5287 dicatoii-ro;
1441 5219 1508 5294 ἦν
1530 5223 1558 5274 ὁ
1592 5218 1847 5294 Χριστός,
1877 5223 2004 5277 sub-

432 5291 759 5362 audiendum
807 5302 890 5343 est
918 5291 1244 5362 λεγόμενος,
1281 5295 1332 5347 id
1371 5291 1475 5356 est,
1505 5294 1587 5345 hic
1620 5291 1694 5346 est
1735 5296 1823 5361 qui
1854 5295 2000 5346 dice-

437 5361 594 5414 batur
617 5359 880 5416 Christus.
911 5361 1027 5415 Jam
1057 5359 1186 5415 vero
1235 5365 1379 5430 quod
1411 5363 1599 5417 scribit
1628 5359 1819 5419 auctor
1852 5365 1999 5418 illius

435 5431 623 5491 libelli,
662 5432 951 5484 Eusebium
995 5441 1237 5484 nostrum
1269 5433 1429 5500 hujus
1468 5433 1722 5486 falsitatis
1761 5435 1998 5487 archite-

436 5511 580 5554 ctum
616 5501 807 5565 fuisse,
833 5517 1106 5570 nunquam
1143 5502 1386 5569 profecto
1417 5505 1649 5557 cordatis
1687 5504 1996 5557 hominibus

436 5570 489 5624 id
518 5573 844 5638 persuadere
869 5573 1090 5639 poterit.
1134 5573 1267 5625 Nam
1304 5573 1390 5626 cui
1439 5575 1582 5627 bono
1631 5574 1680 5626 id
1732 5573 1996 5628 Eusebius

433 5642 742 5712 contingere
766 5641 1064 5697 voluisset?
1084 5642 1164 5696 An
1190 5658 1256 5696 ex
1283 5643 1593 5699 testimonio
1618 5642 1835 5712 .Iosephi
1867 5659 1998 5712 pen-

434 5709 598 5764 debat
625 5709 896 5766 divinitas
943 5711 1182 5768 Cbristi?
1213 5714 1404 5771 Annon
1437 5714 1657 5772 Eusebii
1680 5709 1839 5769 actate
1868 5709 1994 5768 itbri

431 5779 823 5850 Antiquitatum
860 5779 1080 5855 Iosephi
1113 5783 1166 5839 in
1200 5784 1452 5842 omnibus
1488 5783 1829 5843 bibliothecis
1864 5787 1995 5842 viso

2115 4733 2361 4786 framlem
2390 4734 2738 4786 convincere.

2185 4801 2298 4873 (52)
2326 4803 2490 4855 Κατὰ
2538 4802 2865 4873 πρόσωπον
2896 4799 3056 4867 αὐτῷ
3080 4801 3401 4870 ἀντέστην.
3431 4801 3557 4857 Post
3591 4803 3690 4858 has

2110 4872 2272 4926 voCes
2301 4874 2352 4926 in
2378 4873 2614 4926 editione
2642 4872 2934 4925 Parisiensi
2971 4888 3034 4926 ac
3063 4873 3364 4940 Genevensi
3387 4885 3689 4940 sequuntur

2113 4943 2228 5015 httfc
2273 4942 2460 5015 verba,
2501 4939 3212 5015 ὃτιίκατεγνωσμένοςᾲῆν,
3264 4959 3383 5015 qua:
3436 4939 3690 5012 leguntur

2113 5013 2276 5083 etiam
2314 5013 2366 5065 in
2410 5011 2648 5080 Epistula
2681 5014 2747 5066 ad
2775 5011 3016 5067 Galatas.
3070 5011 3176 5083 Sed
3213 5011 3467 5083 quoniam
3493 5011 3601 5067 inec
3632 5015 3686 5074 in

2114 5082 2400 5137 codicibus
2430 5083 2634 5137 nostris
2657 5083 2820 5146 Maz.,
2856 5083 3020 5147 Met|.,
3061 5082 3198 5137 Fuk.
3233 5082 3332 5137 nec
3357 5085 3498 5152 apud
3530 5083 3690 5140 Rull-

2106 5153 2561 5224 numghabentur,
2618 5164 2674 5206 et
2723 5154 2921 5222 alioqui
2965 5169 3159 5224 parum
3211 5155 3522 5215 necessaria
3557 5164 3688 5208 sntit

2105 5223 2210 5277 hoc
2239 5222 2377 5286 loco,
2407 5225 2604 5276 merito
2625 5237 2687 5275 ea
2725 5222 3045 5278 delevimus.
3066 5223 3210 5278 Idem
3249 5240 3277 5278 a
3307 5226 3467 5280 nobis
3485 5224 3683 5277 factum

2107 5301 2192 5346 est
2223 5292 2381 5360 paulo
2415 5303 2598 5355 postea
2621 5294 2672 5346 in
2703 5292 2805 5348 hoc
2839 5295 2954 5362 ipso
2981 5295 3181 5362 capite.
3217 5295 3347 5348 Nam
3371 5306 3490 5362 post
3522 5293 3684 5353 verba

2104 5362 2331 5426 illa,xal.
2355 5363 2617 5416 Θαδδαῖον
2645 5362 2723 5422 δέ,
2763 5365 2958 5417 lineam
2989 5367 3252 5432 integram
3277 5365 3638 5431 expunxitnus
3665 5380 3682 5424 ;

2099 5431 2214 5506 lucc
2240 5433 2645 5506 scilicetverha,
2669 5433 2760 5486 τὸν
2787 5434 2890 5506 ὑπὸ
2917 5434 3089 5506 emus
3109 5431 3249 5495 κατά
3280 5434 3568 5506 πρόσταξιν
3589 5432 3684 5486 τοῦ

2118 5452 2214 5486 nec
2240 5452 2445 5485 SClllcel
2461 5452 2645 5498 verna,
2669 5452 2760 5486 τον
2787 5452 2890 5487 υπο
2917 5452 3089 5506 σωμα
3109 5452 3249 5495 κατα
3280 5452 3568 5555 πρόσταξιν
3589 5452 3684 5486 του

2118 5501 2293 5572 Ἰησοῦ
2326 5502 2405 5573 τῷ
2443 5502 2696 5577 ’ᾼγὸἀρῳ
2727 5505 2864 5577 πρὸς
2914 5504 3058 5577 ἴασιν
3107 5507 3319 5558 ἀποστα
3347 5504 3482 5577 γέντα
3507 5520 3521 5532 ’
3565 5519 3686 5566 quae

2103 5571 2629 5645 legutttttr_'quideut'
2668 5571 2726 5628 in
2773 5571 2979 5629 'codice
3019 5575 3208 5645 Regio,
3264 5576 3356 5627 sed
3410 5574 3612 5645 absun_t
3652 5591 3682 5626 a

2105 5644 2280 5767 aribus
2305 5642 2547 5713 reliquis,
2582 5659 2684 5700 nec
2715 5645 2985 5699 habentur
3011 5646 3062 5699 in
3095 5642 3542 5713 interpretatione
3571 5642 3684 5697 Ru-

2147 5729 2223 5767 nt.

2176 5782 2288 5857 (⁵⁵)
2326 5783 2568 5855 Πρῶτον
2603 5787 2720 5857 μὲν
2739 5782 2934 5857 Κηφᾷ.
2965 5787 3183 5842 Rectius
3218 5789 3267 5841 in
3305 5783 3506 5840 nostris
3531 5785 3682 5839 codi-
