  <div class='ocr_page' id='page_1' title='image "/cluster/home/n/w/nwhite01/storage/ocr_20150623/20:no.2/coo.31924054873009/072.png"; bbox 0 0 4154 6450; ppageno 0'>
   <div class='ocr_carea' id='block_1_1' title="bbox 377 298 493 394">
    <p class='ocr_par' dir='ltr' id='par_1_1' title="bbox 377 298 493 394">
     <span class='ocr_line' id='line_1_1' title="bbox 377 298 493 394; baseline 0.017 -2"><span class='ocrx_word' id='word_1_1' title='bbox 377 298 493 394; x_wconf 70' lang='lat' dir='ltr'><strong>res</strong></span> 
     </span>
    </p>
   </div>
   <div class='ocr_carea' id='block_1_2' title="bbox 1416 347 2626 411">
    <p class='ocr_par' dir='ltr' id='par_1_2' title="bbox 1416 347 2626 411">
     <span class='ocr_line' id='line_1_2' title="bbox 1416 347 2626 411; baseline 0.006 -8"><span class='ocrx_word' id='word_1_2' title='bbox 1416 347 1766 406; x_wconf 64' lang='lat' dir='ltr'><strong>HISTORIA}</strong></span> <span class='ocrx_word' id='word_1_3' title='bbox 1809 351 2373 410; x_wconf 64' lang='lat' dir='ltr'><strong>ECCLESIASTICE</strong></span> <span class='ocrx_word' id='word_1_4' title='bbox 2414 354 2539 410; x_wconf 85' lang='lat' dir='ltr'><strong>LIB.</strong></span> <span class='ocrx_word' id='word_1_5' title='bbox 2581 354 2626 411; x_wconf 80' lang='grc' dir='ltr'>Ι.</span> 
     </span>
    </p>
   </div>
   <div class='ocr_carea' id='block_1_3' title="bbox 3536 369 3644 425">
    <p class='ocr_par' dir='ltr' id='par_1_3' title="bbox 3536 369 3644 425">
     <span class='ocr_line' id='line_1_3' title="bbox 3536 369 3644 425; baseline -0.009 0"><span class='ocrx_word' id='word_1_6' title='bbox 3536 369 3644 425; x_wconf 75' lang='grc'><strong>126</strong></span> 
     </span>
    </p>
   </div>
   <div class='ocr_carea' id='block_1_4' title="bbox 378 455 1929 550">
    <p class='ocr_par' dir='ltr' id='par_1_4' title="bbox 378 455 1929 537">
     <span class='ocr_line' id='line_1_4' title="bbox 378 455 1929 537; baseline 0.008 -28"><span class='ocrx_word' id='word_1_7' title='bbox 378 455 662 530; x_wconf 69' lang='grc' dir='ltr'>’Δγσαρος</span> <span class='ocrx_word' id='word_1_8' title='bbox 702 457 771 513; x_wconf 82' lang='grc' dir='ltr'>τὰ</span> <span class='ocrx_word' id='word_1_9' title='bbox 812 457 1072 529; x_wconf 77' lang='grc' dir='ltr'><strong>μεγαλεῖα</strong></span> <span class='ocrx_word' id='word_1_10' title='bbox 1113 463 1209 515; x_wconf 82' lang='grc' dir='ltr'>καὶ</span> <span class='ocrx_word' id='word_1_11' title='bbox 1238 462 1308 516; x_wconf 82' lang='grc' dir='ltr'>τὰ</span> <span class='ocrx_word' id='word_1_12' title='bbox 1347 463 1645 537; x_wconf 81' lang='grc' dir='ltr'>θαυμάσια,</span> <span class='ocrx_word' id='word_1_13' title='bbox 1687 467 1723 522; x_wconf 75' lang='grc' dir='ltr'>ἃ</span> <span class='ocrx_word' id='word_1_14' title='bbox 1767 469 1929 522; x_wconf 78' lang='grc' dir='ltr'>ἐποίει</span> 
     </span>
    </p>
   </div>
   <div class='ocr_carea' id='block_1_5' title="bbox 2031 455 3642 550">
    <p class='ocr_par' dir='ltr' id='par_1_5' title="bbox 2031 471 3642 550">
     <span class='ocr_line' id='line_1_5' title="bbox 2031 471 3642 550; baseline 0.008 -25"><span class='ocrx_word' id='word_1_15' title='bbox 2031 521 2035 538; x_wconf 34' lang='grc' dir='ltr'><strong>ι</strong></span> <span class='ocrx_word' id='word_1_16' title='bbox 2067 485 2347 541; x_wconf 90' lang='lat' dir='ltr'><strong>perentur.</strong></span> <span class='ocrx_word' id='word_1_17' title='bbox 2376 471 2614 528; x_wconf 86' lang='lat' dir='ltr'><strong>Proinde</strong></span> <span class='ocrx_word' id='word_1_18' title='bbox 2643 486 2766 526; x_wconf 84' lang='lat' dir='ltr'><strong>cum</strong></span> <span class='ocrx_word' id='word_1_19' title='bbox 2801 474 3050 544; x_wconf 78' lang='lat' dir='ltr'><strong>Agbarus</strong></span> <span class='ocrx_word' id='word_1_20' title='bbox 3086 477 3155 532; x_wconf 84' lang='lat' dir='ltr'><strong>ab</strong></span> <span class='ocrx_word' id='word_1_21' title='bbox 3183 476 3276 533; x_wconf 90' lang='lat' dir='ltr'><strong>illo</strong></span> <span class='ocrx_word' id='word_1_22' title='bbox 3299 488 3511 550; x_wconf 81' lang='lat' dir='ltr'><strong>patrata</strong></span> <span class='ocrx_word' id='word_1_23' title='bbox 3541 484 3642 539; x_wconf 85' lang='lat' dir='ltr'><strong>mi-</strong></span> 
     </span>
    </p>
   </div>
   <div class='ocr_carea' id='block_1_6' title="bbox 375 548 1957 630">
    <p class='ocr_par' dir='ltr' id='par_1_6' title="bbox 375 548 1957 630">
     <span class='ocr_line' id='line_1_6' title="bbox 375 548 1957 630; baseline 0.008 -28"><span class='ocrx_word' id='word_1_24' title='bbox 375 549 473 602; x_wconf 80' lang='grc' dir='ltr'>καὶ</span> <span class='ocrx_word' id='word_1_25' title='bbox 509 548 586 612; x_wconf 84' lang='grc' dir='ltr'>ὡς</span> <span class='ocrx_word' id='word_1_26' title='bbox 629 549 961 622; x_wconf 76' lang='grc' dir='ltr'>ἐθεράπευεν</span> <span class='ocrx_word' id='word_1_27' title='bbox 1005 553 1063 608; x_wconf 84' lang='grc' dir='ltr'><strong>ὲν</strong></span> <span class='ocrx_word' id='word_1_28' title='bbox 1113 552 1339 625; x_wconf 85' lang='grc' dir='ltr'>ὀνόματι</span> <span class='ocrx_word' id='word_1_29' title='bbox 1378 558 1473 611; x_wconf 80' lang='grc' dir='ltr'><strong>καὶ</strong></span> <span class='ocrx_word' id='word_1_30' title='bbox 1516 558 1742 630; x_wconf 85' lang='grc' dir='ltr'><strong>δυνάμει</strong></span> <span class='ocrx_word' id='word_1_31' title='bbox 1784 560 1957 630; x_wconf 84' lang='grc' dir='ltr'>Ἰησοῦ</span> 
     </span>
    </p>
   </div>
   <div class='ocr_carea' id='block_1_7' title="bbox 375 639 1957 717">
    <p class='ocr_par' dir='ltr' id='par_1_7' title="bbox 375 639 1957 717">
     <span class='ocr_line' id='line_1_7' title="bbox 375 639 1957 717; baseline 0.008 -25"><span class='ocrx_word' id='word_1_32' title='bbox 375 639 615 711; x_wconf 83' lang='grc' dir='ltr'><strong>Χριστοῦ</strong></span> <span class='ocrx_word' id='word_1_33' title='bbox 644 640 783 713; x_wconf 86' lang='grc'><strong>(69),</strong></span> <span class='ocrx_word' id='word_1_34' title='bbox 811 643 869 695; x_wconf 81' lang='grc' dir='ltr'>ἐν</span> <span class='ocrx_word' id='word_1_35' title='bbox 899 643 1126 715; x_wconf 78' lang='grc' dir='ltr'>ὑπονοίᾳ</span> <span class='ocrx_word' id='word_1_36' title='bbox 1153 645 1397 714; x_wconf 87' lang='grc' dir='ltr'>γέγονεν,</span> <span class='ocrx_word' id='word_1_37' title='bbox 1428 649 1607 717; x_wconf 80' lang='grc' dir='ltr'>ὼςὸτι</span> <span class='ocrx_word' id='word_1_38' title='bbox 1634 650 1795 715; x_wconf 80' lang='grc' dir='ltr'>αὐτός</span> <span class='ocrx_word' id='word_1_39' title='bbox 1820 653 1957 713; x_wconf 80' lang='grc' dir='ltr'>ἐστι.</span> 
     </span>
    </p>
   </div>
   <div class='ocr_carea' id='block_1_8' title="bbox 375 726 1957 807">
    <p class='ocr_par' dir='ltr' id='par_1_8' title="bbox 375 726 1957 807">
     <span class='ocr_line' id='line_1_8' title="bbox 375 726 1957 807; baseline 0.009 -23"><span class='ocrx_word' id='word_1_40' title='bbox 375 733 506 803; x_wconf 83' lang='grc' dir='ltr'>περὶ</span> <span class='ocrx_word' id='word_1_41' title='bbox 538 726 599 787; x_wconf 79' lang='grc' dir='ltr'>οὗ</span> <span class='ocrx_word' id='word_1_42' title='bbox 630 734 659 785; x_wconf 81' lang='grc' dir='ltr'>ὁ</span> <span class='ocrx_word' id='word_1_43' title='bbox 704 734 909 806; x_wconf 84' lang='grc' dir='ltr'>Ἰησοῦς</span> <span class='ocrx_word' id='word_1_44' title='bbox 942 735 1220 789; x_wconf 68' lang='grc' dir='ltr'>ἐπέστειλε</span> <span class='ocrx_word' id='word_1_45' title='bbox 1257 737 1431 807; x_wconf 85' lang='grc' dir='ltr'>λέγων</span> <span class='ocrx_word' id='word_1_46' title='bbox 1455 758 1468 770; x_wconf 92' lang='grc'><strong>·</strong></span> <span class='ocrx_word' id='word_1_47' title='bbox 1501 760 1519 792; x_wconf 86' lang='grc' dir='ltr'><strong>ι</strong></span> <span class='ocrx_word' id='word_1_48' title='bbox 1557 743 1808 796; x_wconf 76' lang='grc' dir='ltr'><strong>Ἐπειδὰν</strong></span> <span class='ocrx_word' id='word_1_49' title='bbox 1824 744 1957 798; x_wconf 86' lang='grc' dir='ltr'>ἀνα-</span> 
     </span>
    </p>
   </div>
   <div class='ocr_carea' id='block_1_9' title="bbox 373 824 1957 904">
    <p class='ocr_par' dir='ltr' id='par_1_9' title="bbox 373 824 1957 904">
     <span class='ocr_line' id='line_1_9' title="bbox 373 824 1957 904; baseline 0.007 -26"><span class='ocrx_word' id='word_1_50' title='bbox 373 824 586 897; x_wconf 83' lang='grc' dir='ltr'>ληφθῶ,</span> <span class='ocrx_word' id='word_1_51' title='bbox 623 827 906 880; x_wconf 80' lang='grc' dir='ltr'><strong>ἀποστελῶ</strong></span> <span class='ocrx_word' id='word_1_52' title='bbox 941 845 1021 880; x_wconf 87' lang='grc' dir='ltr'><strong>σοι</strong></span> <span class='ocrx_word' id='word_1_53' title='bbox 1054 828 1175 882; x_wconf 85' lang='grc' dir='ltr'>τινὰ</span> <span class='ocrx_word' id='word_1_54' title='bbox 1211 830 1318 883; x_wconf 81' lang='grc' dir='ltr'><strong>τῶν</strong></span> <span class='ocrx_word' id='word_1_55' title='bbox 1350 831 1609 904; x_wconf 81' lang='grc' dir='ltr'><strong>μαθητῶν</strong></span> <span class='ocrx_word' id='word_1_56' title='bbox 1645 852 1744 904; x_wconf 92' lang='grc' dir='ltr'><strong>μου</strong></span> <span class='ocrx_word' id='word_1_57' title='bbox 1765 875 1780 897; x_wconf 90' lang='grc'><strong>,</strong></span> <span class='ocrx_word' id='word_1_58' title='bbox 1810 837 1957 900; x_wconf 83' lang='grc' dir='ltr'>ὅστις</span> 
     </span>
    </p>
   </div>
   <div class='ocr_carea' id='block_1_10' title="bbox 373 919 1955 997">
    <p class='ocr_par' dir='ltr' id='par_1_10' title="bbox 373 919 1955 997">
     <span class='ocr_line' id='line_1_10' title="bbox 373 919 1955 997; baseline 0.005 -24"><span class='ocrx_word' id='word_1_59' title='bbox 373 919 435 973; x_wconf 83' lang='grc' dir='ltr'>τὸ</span> <span class='ocrx_word' id='word_1_60' title='bbox 488 920 661 985; x_wconf 80' lang='grc' dir='ltr'><strong>πάθος</strong></span> <span class='ocrx_word' id='word_1_61' title='bbox 704 939 798 975; x_wconf 89' lang='grc' dir='ltr'><strong>σου</strong></span> <span class='ocrx_word' id='word_1_62' title='bbox 836 922 1068 976; x_wconf 81' lang='grc' dir='ltr'>ἰάσεται.</span> <span class='ocrx_word' id='word_1_63' title='bbox 1120 944 1138 976; x_wconf 75' lang='grc' dir='ltr'><strong>ι</strong></span> <span class='ocrx_word' id='word_1_64' title='bbox 1175 925 1699 997; x_wconf 86' lang='grc' dir='ltr'>Μετακαλεσάμενος</span> <span class='ocrx_word' id='word_1_65' title='bbox 1739 924 1834 981; x_wconf 83' lang='grc' dir='ltr'>οὖν</span> <span class='ocrx_word' id='word_1_66' title='bbox 1863 929 1955 983; x_wconf 84' lang='grc' dir='ltr'>τὸν</span> 
     </span>
    </p>
   </div>
   <div class='ocr_carea' id='block_1_11' title="bbox 372 1009 1954 1096">
    <p class='ocr_par' dir='ltr' id='par_1_11' title="bbox 372 1009 1954 1096">
     <span class='ocr_line' id='line_1_11' title="bbox 372 1009 1954 1096; baseline 0.008 -30"><span class='ocrx_word' id='word_1_67' title='bbox 372 1013 610 1079; x_wconf 76' lang='grc' dir='ltr'>ἰ’ωόἰαν,</span> <span class='ocrx_word' id='word_1_68' title='bbox 639 1009 828 1088; x_wconf 68' lang='grc' dir='ltr'>παρίἶ)</span> <span class='ocrx_word' id='word_1_69' title='bbox 851 1017 1169 1089; x_wconf 81' lang='grc' dir='ltr'><strong>κατέμενεν,</strong></span> <span class='ocrx_word' id='word_1_70' title='bbox 1199 1016 1350 1074; x_wconf 78' lang='grc' dir='ltr'>εἶπεν</span> <span class='ocrx_word' id='word_1_71' title='bbox 1367 1038 1381 1050; x_wconf 74' lang='grc'><strong>⁸</strong></span> <span class='ocrx_word' id='word_1_72' title='bbox 1406 1040 1423 1072; x_wconf 85' lang='grc' dir='ltr'><strong>ι</strong></span> <span class='ocrx_word' id='word_1_73' title='bbox 1452 1022 1698 1076; x_wconf 82' lang='grc' dir='ltr'><strong>Ἤκουσα</strong></span> <span class='ocrx_word' id='word_1_74' title='bbox 1724 1024 1954 1096; x_wconf 85' lang='grc' dir='ltr'>ὃτιάνήρ</span> 
     </span>
    </p>
   </div>
   <div class='ocr_carea' id='block_1_12' title="bbox 369 1105 1956 1182">
    <p class='ocr_par' dir='ltr' id='par_1_12' title="bbox 369 1105 1956 1182">
     <span class='ocr_line' id='line_1_12' title="bbox 369 1105 1956 1182; baseline 0.005 -25"><span class='ocrx_word' id='word_1_75' title='bbox 369 1121 456 1168; x_wconf 81' lang='grc' dir='ltr'><strong>τις</strong></span> <span class='ocrx_word' id='word_1_76' title='bbox 494 1105 756 1177; x_wconf 78' lang='grc' dir='ltr'><strong>δυνάστης</strong></span> <span class='ocrx_word' id='word_1_77' title='bbox 792 1106 961 1160; x_wconf 81' lang='grc' dir='ltr'>ἐλθὼν</span> <span class='ocrx_word' id='word_1_78' title='bbox 1005 1109 1113 1162; x_wconf 85' lang='grc' dir='ltr'><strong>ἀπὸ</strong></span> <span class='ocrx_word' id='word_1_79' title='bbox 1165 1109 1548 1181; x_wconf 83' lang='grc' dir='ltr'>Ἱεροσολύμων</span> <span class='ocrx_word' id='word_1_80' title='bbox 1590 1111 1737 1182; x_wconf 89' lang='grc'><strong>(70),</strong></span> <span class='ocrx_word' id='word_1_81' title='bbox 1787 1128 1956 1166; x_wconf 84' lang='grc' dir='ltr'>κατα-</span> 
     </span>
    </p>
   </div>
   <div class='ocr_carea' id='block_1_13' title="bbox 372 1196 1953 1275">
    <p class='ocr_par' dir='ltr' id='par_1_13' title="bbox 372 1196 1953 1275">
     <span class='ocr_line' id='line_1_13' title="bbox 372 1196 1953 1275; baseline 0.006 -27"><span class='ocrx_word' id='word_1_82' title='bbox 372 1196 525 1266; x_wconf 82' lang='grc' dir='ltr'>μένει</span> <span class='ocrx_word' id='word_1_83' title='bbox 557 1199 615 1250; x_wconf 79' lang='grc' dir='ltr'><strong>ὲν</strong></span> <span class='ocrx_word' id='word_1_84' title='bbox 647 1201 713 1269; x_wconf 83' lang='grc' dir='ltr'><strong>τῇ</strong></span> <span class='ocrx_word' id='word_1_85' title='bbox 747 1200 812 1270; x_wconf 77' lang='grc' dir='ltr'>σῇ</span> <span class='ocrx_word' id='word_1_86' title='bbox 845 1201 991 1270; x_wconf 77' lang='grc' dir='ltr'>οἰκίᾳ</span> <span class='ocrx_word' id='word_1_87' title='bbox 1012 1240 1026 1263; x_wconf 94' lang='grc'><strong>,</strong></span> <span class='ocrx_word' id='word_1_88' title='bbox 1055 1201 1149 1254; x_wconf 63' lang='grc' dir='ltr'><strong>καὶ⁹</strong></span> <span class='ocrx_word' id='word_1_89' title='bbox 1174 1201 1372 1266; x_wconf 83' lang='grc' dir='ltr'>πολλὰς</span> <span class='ocrx_word' id='word_1_90' title='bbox 1414 1201 1583 1266; x_wconf 88' lang='grc' dir='ltr'>ἰάσεις</span> <span class='ocrx_word' id='word_1_91' title='bbox 1612 1204 1697 1255; x_wconf 78' lang='grc' dir='ltr'>ἐπ’</span> <span class='ocrx_word' id='word_1_92' title='bbox 1728 1203 1953 1275; x_wconf 84' lang='grc' dir='ltr'>ὀνόματι</span> 
     </span>
    </p>
   </div>
   <div class='ocr_carea' id='block_1_14' title="bbox 382 1283 1953 1365">
    <p class='ocr_par' dir='ltr' id='par_1_14' title="bbox 382 1283 1953 1365">
     <span class='ocr_line' id='line_1_14' title="bbox 382 1283 1953 1365; baseline 0.006 -29"><span class='ocrx_word' id='word_1_93' title='bbox 382 1283 555 1354; x_wconf 85' lang='grc' dir='ltr'>’ἰησοῦ</span> <span class='ocrx_word' id='word_1_94' title='bbox 571 1286 883 1357; x_wconf 74' lang='grc' dir='ltr'>ἐργάζεται.</span> <span class='ocrx_word' id='word_1_95' title='bbox 915 1306 935 1338; x_wconf 74' lang='grc' dir='ltr'><strong>ι</strong></span> <span class='ocrx_word' id='word_1_96' title='bbox 956 1288 1012 1342; x_wconf 88' lang='grc'><strong>’0</strong></span> <span class='ocrx_word' id='word_1_97' title='bbox 1034 1288 1092 1341; x_wconf 72' lang='grc' dir='ltr'>δὲ</span> <span class='ocrx_word' id='word_1_98' title='bbox 1108 1287 1251 1343; x_wconf 66' lang='grc' dir='ltr'>εἶπες</span> <span class='ocrx_word' id='word_1_99' title='bbox 1279 1307 1297 1340; x_wconf 83' lang='grc' dir='ltr'><strong>ι</strong></span> <span class='ocrx_word' id='word_1_100' title='bbox 1318 1291 1447 1354; x_wconf 75' lang='grc' dir='ltr'>Ναὶ,</span> <span class='ocrx_word' id='word_1_101' title='bbox 1467 1291 1637 1365; x_wconf 83' lang='grc' dir='ltr'>Κύριε</span> <span class='ocrx_word' id='word_1_102' title='bbox 1650 1291 1785 1362; x_wconf 87' lang='lat'><strong>(7|),</strong></span> <span class='ocrx_word' id='word_1_103' title='bbox 1803 1292 1953 1358; x_wconf 80' lang='grc' dir='ltr'>ξένος</span> 
     </span>
    </p>
   </div>
   <div class='ocr_carea' id='block_1_15' title="bbox 365 1376 1953 1454">
    <p class='ocr_par' dir='ltr' id='par_1_15' title="bbox 365 1376 1953 1454">
     <span class='ocr_line' id='line_1_15' title="bbox 365 1376 1953 1454; baseline 0.006 -27"><span class='ocrx_word' id='word_1_104' title='bbox 365 1390 456 1439; x_wconf 89' lang='grc' dir='ltr'><strong>τις</strong></span> <span class='ocrx_word' id='word_1_105' title='bbox 495 1376 684 1442; x_wconf 78' lang='grc' dir='ltr'>ἐλθὼν,</span> <span class='ocrx_word' id='word_1_106' title='bbox 727 1377 970 1449; x_wconf 84' lang='grc' dir='ltr'>ἑνῴκησε</span> <span class='ocrx_word' id='word_1_107' title='bbox 1017 1383 1147 1453; x_wconf 88' lang='grc' dir='ltr'>παρ’</span> <span class='ocrx_word' id='word_1_108' title='bbox 1189 1383 1313 1453; x_wconf 74' lang='grc' dir='ltr'>ἐμοὶ</span> <span class='ocrx_word' id='word_1_109' title='bbox 1356 1382 1451 1436; x_wconf 73' lang='grc' dir='ltr'>καὶ</span> <span class='ocrx_word' id='word_1_110' title='bbox 1483 1383 1655 1436; x_wconf 82' lang='grc' dir='ltr'>πολλὰ</span> <span class='ocrx_word' id='word_1_111' title='bbox 1698 1382 1953 1454; x_wconf 89' lang='grc' dir='ltr'>θαύματα</span> 
     </span>
    </p>
   </div>
   <div class='ocr_carea' id='block_1_16' title="bbox 366 1466 1951 1548">
    <p class='ocr_par' dir='ltr' id='par_1_16' title="bbox 366 1466 1951 1548">
     <span class='ocr_line' id='line_1_16' title="bbox 366 1466 1951 1548; baseline 0.009 -30"><span class='ocrx_word' id='word_1_112' title='bbox 366 1466 628 1521; x_wconf 70' lang='grc' dir='ltr'>ἐπιτελεῖ.</span> <span class='ocrx_word' id='word_1_113' title='bbox 651 1488 670 1521; x_wconf 74' lang='grc' dir='ltr'><strong>ι</strong></span> <span class='ocrx_word' id='word_1_114' title='bbox 693 1468 749 1522; x_wconf 84' lang='lat'><strong>&#39;0</strong></span> <span class='ocrx_word' id='word_1_115' title='bbox 763 1468 841 1522; x_wconf 83' lang='grc' dir='ltr'>δέ·</span> <span class='ocrx_word' id='word_1_116' title='bbox 870 1487 889 1521; x_wconf 86' lang='grc' dir='ltr'><strong>ι</strong></span> <span class='ocrx_word' id='word_1_117' title='bbox 912 1471 1178 1542; x_wconf 75' lang='grc' dir='ltr'>Ἀνάγαγε</span> <span class='ocrx_word' id='word_1_118' title='bbox 1193 1475 1376 1538; x_wconf 82' lang='grc' dir='ltr'>αὐτὸν,</span> <span class='ocrx_word' id='word_1_119' title='bbox 1391 1474 1517 1546; x_wconf 80' lang='grc' dir='ltr'>ἔφη,</span> <span class='ocrx_word' id='word_1_120' title='bbox 1536 1476 1672 1548; x_wconf 72' lang='grc' dir='ltr'>πρὸς</span> <span class='ocrx_word' id='word_1_121' title='bbox 1693 1477 1780 1548; x_wconf 89' lang='grc' dir='ltr'><strong>μέ.</strong></span> <span class='ocrx_word' id='word_1_122' title='bbox 1794 1496 1812 1530; x_wconf 73' lang='grc' dir='ltr'><strong>ι</strong></span> <span class='ocrx_word' id='word_1_123' title='bbox 1834 1478 1951 1532; x_wconf 81' lang='grc' dir='ltr'><strong>Ἐλ-</strong></span> 
     </span>
    </p>
   </div>
   <div class='ocr_carea' id='block_1_17' title="bbox 366 1556 1951 1641">
    <p class='ocr_par' dir='ltr' id='par_1_17' title="bbox 366 1556 1951 1641">
     <span class='ocr_line' id='line_1_17' title="bbox 366 1556 1951 1641; baseline 0.009 -31"><span class='ocrx_word' id='word_1_124' title='bbox 366 1556 475 1612; x_wconf 86' lang='grc' dir='ltr'>θὼν</span> <span class='ocrx_word' id='word_1_125' title='bbox 498 1558 555 1613; x_wconf 85' lang='grc' dir='ltr'>δὲ</span> <span class='ocrx_word' id='word_1_126' title='bbox 581 1562 611 1615; x_wconf 84' lang='grc' dir='ltr'><strong>ὁ</strong></span> <span class='ocrx_word' id='word_1_127' title='bbox 626 1561 843 1625; x_wconf 83' lang='grc' dir='ltr'>Τωϐίας</span> <span class='ocrx_word' id='word_1_128' title='bbox 864 1562 1017 1635; x_wconf 82' lang='grc' dir='ltr'><strong>παρά</strong></span> <span class='ocrx_word' id='word_1_129' title='bbox 1030 1564 1313 1632; x_wconf 78' lang='grc' dir='ltr'><strong>Θαδδαῖον,</strong></span> <span class='ocrx_word' id='word_1_130' title='bbox 1341 1561 1496 1620; x_wconf 74' lang='grc' dir='ltr'>εἶπεν</span> <span class='ocrx_word' id='word_1_131' title='bbox 1518 1568 1666 1641; x_wconf 85' lang='grc' dir='ltr'>αὑτῷ</span> <span class='ocrx_word' id='word_1_132' title='bbox 1687 1588 1700 1601; x_wconf 92' lang='grc'><strong>·</strong></span> <span class='ocrx_word' id='word_1_133' title='bbox 1724 1590 1742 1621; x_wconf 85' lang='grc' dir='ltr'><strong>ι</strong></span> <span class='ocrx_word' id='word_1_134' title='bbox 1783 1571 1841 1624; x_wconf 90' lang='lat'><strong>&#39;0</strong></span> <span class='ocrx_word' id='word_1_135' title='bbox 1862 1588 1951 1625; x_wconf 69' lang='grc' dir='ltr'>τορ-</span> 
     </span>
    </p>
   </div>
   <div class='ocr_carea' id='block_1_18' title="bbox 365 1649 1949 1730">
    <p class='ocr_par' dir='ltr' id='par_1_18' title="bbox 365 1649 1949 1730">
     <span class='ocr_line' id='line_1_18' title="bbox 365 1649 1949 1730; baseline 0.009 -28"><span class='ocrx_word' id='word_1_136' title='bbox 365 1649 585 1721; x_wconf 82' lang='grc' dir='ltr'>πάρχης</span> <span class='ocrx_word' id='word_1_137' title='bbox 636 1653 912 1725; x_wconf 79' lang='grc' dir='ltr'>Ἀγόαρος</span> <span class='ocrx_word' id='word_1_138' title='bbox 946 1657 1456 1729; x_wconf 78' lang='grc' dir='ltr'>μετακαλεσάμενος</span> <span class='ocrx_word' id='word_1_139' title='bbox 1491 1678 1557 1730; x_wconf 91' lang='grc' dir='ltr'><strong>με</strong></span> <span class='ocrx_word' id='word_1_140' title='bbox 1577 1699 1591 1723; x_wconf 94' lang='grc'><strong>,</strong></span> <span class='ocrx_word' id='word_1_141' title='bbox 1626 1658 1777 1715; x_wconf 75' lang='grc' dir='ltr'>εἶπεν</span> <span class='ocrx_word' id='word_1_142' title='bbox 1819 1663 1949 1718; x_wconf 69' lang='grc' dir='ltr'>ἀνατ-</span> 
     </span>
    </p>
   </div>
   <div class='ocr_carea' id='block_1_19' title="bbox 362 1745 1948 1825">
    <p class='ocr_par' dir='ltr' id='par_1_19' title="bbox 362 1745 1948 1825">
     <span class='ocr_line' id='line_1_19' title="bbox 362 1745 1948 1825; baseline 0.009 -31"><span class='ocrx_word' id='word_1_143' title='bbox 362 1747 554 1811; x_wconf 86' lang='grc' dir='ltr'>γαγείν</span> <span class='ocrx_word' id='word_1_144' title='bbox 583 1760 646 1796; x_wconf 87' lang='grc' dir='ltr'><strong>σε</strong></span> <span class='ocrx_word' id='word_1_145' title='bbox 680 1745 809 1817; x_wconf 87' lang='grc' dir='ltr'>παρ’</span> <span class='ocrx_word' id='word_1_146' title='bbox 842 1747 1006 1800; x_wconf 79' lang='grc' dir='ltr'>αὐτὸν</span> <span class='ocrx_word' id='word_1_147' title='bbox 1038 1748 1172 1816; x_wconf 73' lang='grc'>(72),</span> <span class='ocrx_word' id='word_1_148' title='bbox 1203 1750 1291 1803; x_wconf 84' lang='grc' dir='ltr'>ἵνα</span> <span class='ocrx_word' id='word_1_149' title='bbox 1318 1750 1666 1825; x_wconf 81' lang='grc' dir='ltr'>θεραπεύσῃς</span> <span class='ocrx_word' id='word_1_150' title='bbox 1693 1753 1861 1808; x_wconf 80' lang='grc' dir='ltr'>αὐτοῦ</span> <span class='ocrx_word' id='word_1_151' title='bbox 1885 1755 1948 1809; x_wconf 85' lang='grc' dir='ltr'>τὸ</span> 
     </span>
    </p>
   </div>
   <div class='ocr_carea' id='block_1_20' title="bbox 2064 565 3643 637">
    <p class='ocr_par' dir='ltr' id='par_1_20' title="bbox 2064 565 3643 637">
     <span class='ocr_line' id='line_1_20' title="bbox 2064 565 3643 637; baseline 0.008 -19"><span class='ocrx_word' id='word_1_152' title='bbox 2064 565 2248 619; x_wconf 85' lang='lat' dir='ltr'><strong>racula</strong></span> <span class='ocrx_word' id='word_1_153' title='bbox 2288 566 2608 630; x_wconf 86' lang='lat' dir='ltr'><strong>audivisset,</strong></span> <span class='ocrx_word' id='word_1_154' title='bbox 2642 574 2700 621; x_wconf 91' lang='lat' dir='ltr'><strong>et</strong></span> <span class='ocrx_word' id='word_1_155' title='bbox 2726 581 2834 634; x_wconf 92' lang='lat' dir='ltr'><strong>quo</strong></span> <span class='ocrx_word' id='word_1_156' title='bbox 2870 578 3033 636; x_wconf 90' lang='lat' dir='ltr'><strong>pacto</strong></span> <span class='ocrx_word' id='word_1_157' title='bbox 3066 584 3164 637; x_wconf 89' lang='lat' dir='ltr'><strong>per</strong></span> <span class='ocrx_word' id='word_1_158' title='bbox 3209 585 3405 627; x_wconf 86' lang='lat' dir='ltr'><strong>nomen</strong></span> <span class='ocrx_word' id='word_1_159' title='bbox 3440 588 3502 628; x_wconf 88' lang='lat' dir='ltr'><strong>ac</strong></span> <span class='ocrx_word' id='word_1_160' title='bbox 3531 576 3643 630; x_wconf 86' lang='lat' dir='ltr'><strong>vir-</strong></span> 
     </span>
    </p>
   </div>
   <div class='ocr_carea' id='block_1_21' title="bbox 2062 654 3636 726">
    <p class='ocr_par' dir='ltr' id='par_1_21' title="bbox 2062 654 3636 726">
     <span class='ocr_line' id='line_1_21' title="bbox 2062 654 3636 726; baseline 0.006 -17"><span class='ocrx_word' id='word_1_161' title='bbox 2062 663 2229 710; x_wconf 89' lang='lat' dir='ltr'><strong>tutem</strong></span> <span class='ocrx_word' id='word_1_162' title='bbox 2255 654 2382 709; x_wconf 80' lang='lat' dir='ltr'><strong>Jesn</strong></span> <span class='ocrx_word' id='word_1_163' title='bbox 2411 656 2615 710; x_wconf 92' lang='lat' dir='ltr'><strong>Christi</strong></span> <span class='ocrx_word' id='word_1_164' title='bbox 2653 658 2874 711; x_wconf 83' lang='lat' dir='ltr'><strong>morbos</strong></span> <span class='ocrx_word' id='word_1_165' title='bbox 2907 655 3140 724; x_wconf 74' lang='lat' dir='ltr'><strong>fugaret.</strong></span> <span class='ocrx_word' id='word_1_166' title='bbox 3173 660 3225 717; x_wconf 89' lang='lat' dir='ltr'><strong>iu</strong></span> <span class='ocrx_word' id='word_1_167' title='bbox 3269 662 3636 726; x_wconf 83' lang='lat' dir='ltr'><strong>suspicionem</strong></span> 
     </span>
    </p>
   </div>
   <div class='ocr_carea' id='block_1_22' title="bbox 2058 745 3635 817">
    <p class='ocr_par' dir='ltr' id='par_1_22' title="bbox 2058 745 3635 817">
     <span class='ocr_line' id='line_1_22' title="bbox 2058 745 3635 817; baseline 0.006 -20"><span class='ocrx_word' id='word_1_168' title='bbox 2058 745 2325 799; x_wconf 89' lang='lat' dir='ltr'><strong>adductus</strong></span> <span class='ocrx_word' id='word_1_169' title='bbox 2371 754 2454 799; x_wconf 88' lang='lat' dir='ltr'><strong>est</strong></span> <span class='ocrx_word' id='word_1_170' title='bbox 2500 747 2646 799; x_wconf 91' lang='lat' dir='ltr'><strong>hunc</strong></span> <span class='ocrx_word' id='word_1_171' title='bbox 2688 747 2862 812; x_wconf 92' lang='lat' dir='ltr'><strong>ipsum</strong></span> <span class='ocrx_word' id='word_1_172' title='bbox 2892 760 3046 813; x_wconf 90' lang='lat' dir='ltr'><strong>esse,</strong></span> <span class='ocrx_word' id='word_1_173' title='bbox 3090 748 3157 801; x_wconf 92' lang='lat' dir='ltr'><strong>de</strong></span> <span class='ocrx_word' id='word_1_174' title='bbox 3182 764 3289 817; x_wconf 92' lang='lat' dir='ltr'><strong>quo</strong></span> <span class='ocrx_word' id='word_1_175' title='bbox 3323 747 3481 809; x_wconf 84' lang='lat' dir='ltr'><strong>Jesus</strong></span> <span class='ocrx_word' id='word_1_176' title='bbox 3506 752 3635 807; x_wconf 82' lang='lat' dir='ltr'><strong>olim</strong></span> 
     </span>
    </p>
   </div>
   <div class='ocr_carea' id='block_1_23' title="bbox 2057 832 3636 907">
    <p class='ocr_par' dir='ltr' id='par_1_23' title="bbox 2057 832 3636 907">
     <span class='ocr_line' id='line_1_23' title="bbox 2057 832 3636 907; baseline 0.007 -23"><span class='ocrx_word' id='word_1_177' title='bbox 2057 832 2125 885; x_wconf 85' lang='lat' dir='ltr'><strong>ad</strong></span> <span class='ocrx_word' id='word_1_178' title='bbox 2160 846 2222 885; x_wconf 89' lang='lat' dir='ltr'><strong>se</strong></span> <span class='ocrx_word' id='word_1_179' title='bbox 2257 834 2650 902; x_wconf 86' lang='lat' dir='ltr'><strong>perscripserat</strong></span> <span class='ocrx_word' id='word_1_180' title='bbox 2684 835 2768 888; x_wconf 86' lang='lat' dir='ltr'><strong>his</strong></span> <span class='ocrx_word' id='word_1_181' title='bbox 2806 837 3028 890; x_wconf 78' lang='lat' dir='ltr'><strong>verbis:</strong></span> <span class='ocrx_word' id='word_1_182' title='bbox 3062 855 3081 889; x_wconf 91' lang='grc' dir='ltr'><strong>ι</strong></span> <span class='ocrx_word' id='word_1_183' title='bbox 3120 836 3252 893; x_wconf 88' lang='lat' dir='ltr'><strong>Cum</strong></span> <span class='ocrx_word' id='word_1_184' title='bbox 3279 841 3513 907; x_wconf 89' lang='lat' dir='ltr'><strong>primum</strong></span> <span class='ocrx_word' id='word_1_185' title='bbox 3549 859 3636 899; x_wconf 86' lang='lat' dir='ltr'><strong>me</strong></span> 
     </span>
    </p>
   </div>
   <div class='ocr_carea' id='block_1_24' title="bbox 2057 920 3634 999">
    <p class='ocr_par' dir='ltr' id='par_1_24' title="bbox 2057 920 3634 999">
     <span class='ocr_line' id='line_1_24' title="bbox 2057 920 3634 999; baseline 0.011 -27"><span class='ocrx_word' id='word_1_186' title='bbox 2057 920 2123 972; x_wconf 88' lang='lat' dir='ltr'><strong>ad</strong></span> <span class='ocrx_word' id='word_1_187' title='bbox 2152 934 2276 973; x_wconf 91' lang='lat' dir='ltr'><strong>cum</strong></span> <span class='ocrx_word' id='word_1_188' title='bbox 2313 935 2592 991; x_wconf 80' lang='lat' dir='ltr'><strong>recepero,</strong></span> <span class='ocrx_word' id='word_1_189' title='bbox 2619 938 2683 976; x_wconf 77' lang='lat' dir='ltr'><strong>ex</strong></span> <span class='ocrx_word' id='word_1_190' title='bbox 2720 925 3000 992; x_wconf 85' lang='lat' dir='ltr'><strong>discipulis</strong></span> <span class='ocrx_word' id='word_1_191' title='bbox 3035 927 3172 982; x_wconf 88' lang='lat' dir='ltr'><strong>meis</strong></span> <span class='ocrx_word' id='word_1_192' title='bbox 3212 930 3447 999; x_wconf 75' lang='lat' dir='ltr'><strong>aliquem</strong></span> <span class='ocrx_word' id='word_1_193' title='bbox 3481 934 3548 987; x_wconf 88' lang='lat' dir='ltr'><strong>ad</strong></span> <span class='ocrx_word' id='word_1_194' title='bbox 3582 942 3634 988; x_wconf 78' lang='lat' dir='ltr'><strong>to</strong></span> 
     </span>
    </p>
   </div>
   <div class='ocr_carea' id='block_1_25' title="bbox 2058 1010 3631 1085">
    <p class='ocr_par' dir='ltr' id='par_1_25' title="bbox 2058 1010 3631 1085">
     <span class='ocr_line' id='line_1_25' title="bbox 2058 1010 3631 1085; baseline 0.011 -22"><span class='ocrx_word' id='word_1_195' title='bbox 2058 1010 2289 1076; x_wconf 85' lang='lat' dir='ltr'><strong>mittam,</strong></span> <span class='ocrx_word' id='word_1_196' title='bbox 2321 1012 2412 1081; x_wconf 90' lang='lat' dir='ltr'><strong>qui</strong></span> <span class='ocrx_word' id='word_1_197' title='bbox 2446 1023 2500 1067; x_wconf 89' lang='lat' dir='ltr'><strong>et</strong></span> <span class='ocrx_word' id='word_1_198' title='bbox 2529 1014 2779 1069; x_wconf 85' lang='lat' dir='ltr'><strong>morbum</strong></span> <span class='ocrx_word' id='word_1_199' title='bbox 2827 1026 2978 1069; x_wconf 91' lang='lat' dir='ltr'><strong>tuum</strong></span> <span class='ocrx_word' id='word_1_200' title='bbox 3025 1032 3197 1085; x_wconf 87' lang='lat' dir='ltr'><strong>curet,</strong></span> <span class='ocrx_word' id='word_1_201' title='bbox 3236 1032 3290 1075; x_wconf 89' lang='lat' dir='ltr'><strong>et</strong></span> <span class='ocrx_word' id='word_1_202' title='bbox 3332 1023 3495 1077; x_wconf 84' lang='lat' dir='ltr'><strong>vitam</strong></span> <span class='ocrx_word' id='word_1_203' title='bbox 3534 1024 3631 1081; x_wconf 88' lang='lat' dir='ltr'><strong>libi</strong></span> 
     </span>
    </p>
   </div>
   <div class='ocr_carea' id='block_1_26' title="bbox 2058 1100 3634 1181">
    <p class='ocr_par' dir='ltr' id='par_1_26' title="bbox 2058 1100 3634 1181">
     <span class='ocr_line' id='line_1_26' title="bbox 2058 1100 3634 1181; baseline 0.011 -27"><span class='ocrx_word' id='word_1_204' title='bbox 2058 1100 2277 1172; x_wconf 89' lang='lat' dir='ltr'><strong>tuisque</strong></span> <span class='ocrx_word' id='word_1_205' title='bbox 2305 1104 2560 1160; x_wconf 86' lang='lat' dir='ltr'><strong>omnibus</strong></span> <span class='ocrx_word' id='word_1_206' title='bbox 2592 1115 2832 1174; x_wconf 63' lang='lat' dir='ltr'><strong>praestet.</strong></span> <span class='ocrx_word' id='word_1_207' title='bbox 2866 1126 2884 1159; x_wconf 75' lang='grc' dir='ltr'><strong>ι</strong></span> <span class='ocrx_word' id='word_1_208' title='bbox 2923 1108 3113 1164; x_wconf 82' lang='lat' dir='ltr'><strong>Accito</strong></span> <span class='ocrx_word' id='word_1_209' title='bbox 3148 1113 3316 1181; x_wconf 79' lang='lat' dir='ltr'><strong>igitur</strong></span> <span class='ocrx_word' id='word_1_210' title='bbox 3343 1113 3511 1169; x_wconf 84' lang='lat' dir='ltr'><strong>Tobia</strong></span> <span class='ocrx_word' id='word_1_211' title='bbox 3543 1130 3634 1171; x_wconf 86' lang='lat' dir='ltr'><strong>cu-</strong></span> 
     </span>
    </p>
   </div>
   <div class='ocr_carea' id='block_1_27' title="bbox 2048 1184 3630 1275">
    <p class='ocr_par' dir='ltr' id='par_1_27' title="bbox 2048 1184 3630 1275">
     <span class='ocr_line' id='line_1_27' title="bbox 2048 1184 3630 1275; baseline 0.008 -27"><span class='ocrx_word' id='word_1_212' title='bbox 2048 1184 2404 1265; x_wconf 80' lang='lat' dir='ltr'><strong>juslwspitio</strong></span> <span class='ocrx_word' id='word_1_213' title='bbox 2437 1199 2717 1260; x_wconf 85' lang='lat' dir='ltr'><strong>utebatur,</strong></span> <span class='ocrx_word' id='word_1_214' title='bbox 2772 1216 2790 1250; x_wconf 83' lang='grc' dir='ltr'><strong>ι</strong></span> <span class='ocrx_word' id='word_1_215' title='bbox 2825 1201 3051 1269; x_wconf 80' lang='lat' dir='ltr'><strong>Accepi,</strong></span> <span class='ocrx_word' id='word_1_216' title='bbox 3105 1202 3302 1271; x_wconf 89' lang='lat' dir='ltr'><strong>inquit,</strong></span> <span class='ocrx_word' id='word_1_217' title='bbox 3356 1215 3630 1275; x_wconf 84' lang='lat' dir='ltr'><strong>potentem</strong></span> 
     </span>
    </p>
   </div>
   <div class='ocr_carea' id='block_1_28' title="bbox 2053 1286 3633 1364">
    <p class='ocr_par' dir='ltr' id='par_1_28' title="bbox 2053 1286 3633 1364">
     <span class='ocr_line' id='line_1_28' title="bbox 2053 1286 3633 1364; baseline 0.009 -27"><span class='ocrx_word' id='word_1_218' title='bbox 2053 1287 2346 1355; x_wconf 84' lang='lat' dir='ltr'><strong>quemdam</strong></span> <span class='ocrx_word' id='word_1_219' title='bbox 2376 1287 2551 1341; x_wconf 90' lang='lat' dir='ltr'><strong>virum</strong></span> <span class='ocrx_word' id='word_1_220' title='bbox 2606 1286 2913 1357; x_wconf 81' lang='lat' dir='ltr'><strong>profectum</strong></span> <span class='ocrx_word' id='word_1_221' title='bbox 2960 1288 3357 1362; x_wconf 86' lang='lat' dir='ltr'><strong>Hierosolymis</strong></span> <span class='ocrx_word' id='word_1_222' title='bbox 3394 1296 3534 1364; x_wconf 88' lang='lat' dir='ltr'><strong>apud</strong></span> <span class='ocrx_word' id='word_1_223' title='bbox 3579 1304 3633 1351; x_wconf 86' lang='lat' dir='ltr'><strong>te</strong></span> 
     </span>
    </p>
   </div>
   <div class='ocr_carea' id='block_1_29' title="bbox 2053 1374 3629 1444">
    <p class='ocr_par' dir='ltr' id='par_1_29' title="bbox 2053 1374 3629 1444">
     <span class='ocr_line' id='line_1_29' title="bbox 2053 1374 3629 1444; baseline 0.006 -15"><span class='ocrx_word' id='word_1_224' title='bbox 2053 1374 2345 1439; x_wconf 85' lang='lat' dir='ltr'><strong>diversari,</strong></span> <span class='ocrx_word' id='word_1_225' title='bbox 2377 1383 2431 1430; x_wconf 92' lang='lat' dir='ltr'><strong>et</strong></span> <span class='ocrx_word' id='word_1_226' title='bbox 2461 1375 2725 1444; x_wconf 90' lang='lat' dir='ltr'><strong>plurimas</strong></span> <span class='ocrx_word' id='word_1_227' title='bbox 2759 1376 3075 1431; x_wconf 85' lang='lat' dir='ltr'><strong>morborum</strong></span> <span class='ocrx_word' id='word_1_228' title='bbox 3104 1380 3415 1436; x_wconf 90' lang='lat' dir='ltr'><strong>curationes</strong></span> <span class='ocrx_word' id='word_1_229' title='bbox 3447 1384 3499 1436; x_wconf 93' lang='lat' dir='ltr'><strong>in</strong></span> <span class='ocrx_word' id='word_1_230' title='bbox 3532 1399 3629 1438; x_wconf 88' lang='lat' dir='ltr'><strong>no-</strong></span> 
     </span>
    </p>
   </div>
   <div class='ocr_carea' id='block_1_30' title="bbox 2053 1466 3627 1539">
    <p class='ocr_par' dir='ltr' id='par_1_30' title="bbox 2053 1466 3627 1539">
     <span class='ocr_line' id='line_1_30' title="bbox 2053 1466 3627 1539; baseline 0.005 -17"><span class='ocrx_word' id='word_1_231' title='bbox 2053 1468 2198 1522; x_wconf 73' lang='lat' dir='ltr'><strong>mine</strong></span> <span class='ocrx_word' id='word_1_232' title='bbox 2222 1466 2351 1522; x_wconf 88' lang='lat' dir='ltr'><strong>Jesu</strong></span> <span class='ocrx_word' id='word_1_233' title='bbox 2384 1468 2453 1521; x_wconf 89' lang='lat' dir='ltr'><strong>ab</strong></span> <span class='ocrx_word' id='word_1_234' title='bbox 2485 1467 2577 1523; x_wconf 92' lang='lat' dir='ltr'><strong>illo</strong></span> <span class='ocrx_word' id='word_1_235' title='bbox 2609 1468 2747 1521; x_wconf 84' lang='lat' dir='ltr'><strong>ﬁeri.</strong></span> <span class='ocrx_word' id='word_1_236' title='bbox 2791 1487 2809 1520; x_wconf 75' lang='grc' dir='ltr'><strong>ι</strong></span> <span class='ocrx_word' id='word_1_237' title='bbox 2844 1469 2924 1522; x_wconf 82' lang='lat' dir='ltr'><strong>Ad</strong></span> <span class='ocrx_word' id='word_1_238' title='bbox 2958 1469 3074 1524; x_wconf 68' lang='grc' dir='ltr'>ιιιιιε</span> <span class='ocrx_word' id='word_1_239' title='bbox 3107 1470 3307 1525; x_wconf 84' lang='lat' dir='ltr'><strong>Tobias</strong></span> <span class='ocrx_word' id='word_1_240' title='bbox 3337 1492 3350 1526; x_wconf 93' lang='lat'>:</span> <span class='ocrx_word' id='word_1_241' title='bbox 3389 1492 3408 1524; x_wconf 85' lang='grc' dir='ltr'><strong>ι</strong></span> <span class='ocrx_word' id='word_1_242' title='bbox 3443 1472 3627 1539; x_wconf 86' lang='lat' dir='ltr'><strong>Certe,</strong></span> 
     </span>
    </p>
   </div>
   <div class='ocr_carea' id='block_1_31' title="bbox 2028 1546 3628 1632">
    <p class='ocr_par' dir='ltr' id='par_1_31' title="bbox 2028 1546 3628 1632">
     <span class='ocr_line' id='line_1_31' title="bbox 2028 1546 3628 1632; baseline 0.003 -20"><span class='ocrx_word' id='word_1_243' title='bbox 2028 1546 2249 1627; x_wconf 40' lang='lat' dir='ltr'><strong>&#39;iuquit,</strong></span> <span class='ocrx_word' id='word_1_244' title='bbox 2289 1557 2533 1621; x_wconf 88' lang='lat' dir='ltr'><strong>domine,</strong></span> <span class='ocrx_word' id='word_1_245' title='bbox 2586 1559 2911 1627; x_wconf 81' lang='lat' dir='ltr'><strong>peregrinus</strong></span> <span class='ocrx_word' id='word_1_246' title='bbox 2937 1559 3155 1629; x_wconf 85' lang='lat' dir='ltr'><strong>quidam</strong></span> <span class='ocrx_word' id='word_1_247' title='bbox 3193 1563 3334 1631; x_wconf 90' lang='lat' dir='ltr'><strong>apud</strong></span> <span class='ocrx_word' id='word_1_248' title='bbox 3392 1579 3477 1617; x_wconf 90' lang='lat' dir='ltr'><strong>me</strong></span> <span class='ocrx_word' id='word_1_249' title='bbox 3521 1577 3628 1632; x_wconf 83' lang='grc' dir='ltr'>εει,</span> 
     </span>
    </p>
   </div>
   <div class='ocr_carea' id='block_1_32' title="bbox 2050 1647 3626 1719">
    <p class='ocr_par' dir='ltr' id='par_1_32' title="bbox 2050 1647 3626 1719">
     <span class='ocr_line' id='line_1_32' title="bbox 2050 1647 3626 1719; baseline 0.003 -17"><span class='ocrx_word' id='word_1_250' title='bbox 2050 1649 2143 1718; x_wconf 88' lang='lat' dir='ltr'><strong>qui</strong></span> <span class='ocrx_word' id='word_1_251' title='bbox 2176 1647 2412 1717; x_wconf 88' lang='lat' dir='ltr'><strong>plurima</strong></span> <span class='ocrx_word' id='word_1_252' title='bbox 2442 1648 2557 1704; x_wconf 88' lang='lat' dir='ltr'><strong>edit</strong></span> <span class='ocrx_word' id='word_1_253' title='bbox 2587 1649 2877 1715; x_wconf 78' lang='lat' dir='ltr'><strong>miracula.</strong></span> <span class='ocrx_word' id='word_1_254' title='bbox 2913 1667 2932 1700; x_wconf 78' lang='grc' dir='ltr'><strong>ι</strong></span> <span class='ocrx_word' id='word_1_255' title='bbox 2988 1647 3124 1703; x_wconf 84' lang='grc' dir='ltr'>Τυιη</span> <span class='ocrx_word' id='word_1_256' title='bbox 3161 1651 3412 1719; x_wconf 82' lang='lat' dir='ltr'><strong>Agbarus</strong></span> <span class='ocrx_word' id='word_1_257' title='bbox 3441 1668 3456 1706; x_wconf 86' lang='lat'><strong>:</strong></span> <span class='ocrx_word' id='word_1_258' title='bbox 3502 1671 3521 1703; x_wconf 86' lang='grc' dir='ltr'><strong>ι</strong></span> <span class='ocrx_word' id='word_1_259' title='bbox 3554 1652 3626 1706; x_wconf 87' lang='lat' dir='ltr'><strong>ll-</strong></span> 
     </span>
    </p>
   </div>
   <div class='ocr_carea' id='block_1_33' title="bbox 2053 1741 3629 1813">
    <p class='ocr_par' dir='ltr' id='par_1_33' title="bbox 2053 1741 3629 1813">
     <span class='ocr_line' id='line_1_33' title="bbox 2053 1741 3629 1813; baseline 0.002 -17"><span class='ocrx_word' id='word_1_260' title='bbox 2053 1741 2161 1796; x_wconf 91' lang='lat' dir='ltr'><strong>lum</strong></span> <span class='ocrx_word' id='word_1_261' title='bbox 2192 1741 2352 1796; x_wconf 82' lang='lat' dir='ltr'><strong>velim</strong></span> <span class='ocrx_word' id='word_1_262' title='bbox 2388 1741 2458 1794; x_wconf 87' lang='lat' dir='ltr'><strong>ad</strong></span> <span class='ocrx_word' id='word_1_263' title='bbox 2492 1756 2579 1795; x_wconf 90' lang='lat' dir='ltr'><strong>me</strong></span> <span class='ocrx_word' id='word_1_264' title='bbox 2628 1741 2893 1795; x_wconf 85' lang='lat' dir='ltr'><strong>adducas.</strong></span> <span class='ocrx_word' id='word_1_265' title='bbox 2929 1759 2949 1793; x_wconf 76' lang='grc'><strong>»</strong></span> <span class='ocrx_word' id='word_1_266' title='bbox 2987 1742 3156 1813; x_wconf 78' lang='lat' dir='ltr'><strong>Igitur</strong></span> <span class='ocrx_word' id='word_1_267' title='bbox 3179 1741 3381 1798; x_wconf 87' lang='lat' dir='ltr'><strong>Tobias</strong></span> <span class='ocrx_word' id='word_1_268' title='bbox 3406 1746 3629 1801; x_wconf 78' lang='lat' dir='ltr'><strong>domum</strong></span> 
     </span>
    </p>
   </div>
   <div class='ocr_carea' id='block_1_34' title="bbox 362 1832 1929 1917">
    <p class='ocr_par' dir='ltr' id='par_1_34' title="bbox 362 1834 1929 1917">
     <span class='ocr_line' id='line_1_34' title="bbox 362 1834 1929 1917; baseline 0.006 -30"><span class='ocrx_word' id='word_1_269' title='bbox 362 1834 555 1899; x_wconf 80' lang='grc' dir='ltr'>πάθος.</span> <span class='ocrx_word' id='word_1_270' title='bbox 585 1856 604 1889; x_wconf 72' lang='grc' dir='ltr'><strong>ι</strong></span> <span class='ocrx_word' id='word_1_271' title='bbox 628 1838 737 1890; x_wconf 75' lang='lat' dir='ltr'><strong>Kai.</strong></span> <span class='ocrx_word' id='word_1_272' title='bbox 763 1839 791 1891; x_wconf 85' lang='grc' dir='ltr'>ὁ</span> <span class='ocrx_word' id='word_1_273' title='bbox 807 1837 1081 1903; x_wconf 82' lang='grc' dir='ltr'><strong>Θαδδαῖος,</strong></span> <span class='ocrx_word' id='word_1_274' title='bbox 1109 1861 1128 1893; x_wconf 86' lang='grc' dir='ltr'><strong>ι</strong></span> <span class='ocrx_word' id='word_1_275' title='bbox 1152 1841 1469 1908; x_wconf 82' lang='grc' dir='ltr'>Ἀναϐαίνω,</span> <span class='ocrx_word' id='word_1_276' title='bbox 1497 1843 1623 1914; x_wconf 77' lang='grc' dir='ltr'>ἔφη,</span> <span class='ocrx_word' id='word_1_277' title='bbox 1646 1845 1929 1917; x_wconf 70' lang='grc' dir='ltr'>ἐπειδήπεε</span> 
     </span>
    </p>
   </div>
   <div class='ocr_carea' id='block_1_35' title="bbox 2031 1832 3628 1917">
    <p class='ocr_par' dir='ltr' id='par_1_35' title="bbox 2055 1832 3628 1908">
     <span class='ocr_line' id='line_1_35' title="bbox 2055 1832 3628 1908; baseline 0.004 -20"><span class='ocrx_word' id='word_1_278' title='bbox 2055 1847 2334 1897; x_wconf 81' lang='lat' dir='ltr'><strong>reversus,</strong></span> <span class='ocrx_word' id='word_1_279' title='bbox 2370 1833 2453 1888; x_wconf 86' lang='lat' dir='ltr'><strong>sic</strong></span> <span class='ocrx_word' id='word_1_280' title='bbox 2476 1832 2806 1888; x_wconf 74' lang='lat' dir='ltr'><strong>Thaddzeum</strong></span> <span class='ocrx_word' id='word_1_281' title='bbox 2849 1833 3120 1890; x_wconf 81' lang='lat' dir='ltr'><strong>allocutus</strong></span> <span class='ocrx_word' id='word_1_282' title='bbox 3145 1846 3271 1891; x_wconf 90' lang='lat' dir='ltr'><strong>est:</strong></span> <span class='ocrx_word' id='word_1_283' title='bbox 3321 1856 3340 1890; x_wconf 84' lang='grc' dir='ltr'><strong>ι</strong></span> <span class='ocrx_word' id='word_1_284' title='bbox 3377 1839 3628 1908; x_wconf 75' lang='lat' dir='ltr'><strong>Agbarus</strong></span> 
     </span>
    </p>
   </div>
   <div class='ocr_carea' id='block_1_36' title="bbox 357 1925 1945 2006">
    <p class='ocr_par' dir='ltr' id='par_1_36' title="bbox 357 1925 1945 2006">
     <span class='ocr_line' id='line_1_36' title="bbox 357 1925 1945 2006; baseline 0.008 -28"><span class='ocrx_word' id='word_1_285' title='bbox 357 1925 584 1997; x_wconf 78' lang='grc' dir='ltr'>δυνάμει</span> <span class='ocrx_word' id='word_1_286' title='bbox 635 1930 766 1998; x_wconf 86' lang='grc' dir='ltr'>παρ’</span> <span class='ocrx_word' id='word_1_287' title='bbox 801 1929 963 1982; x_wconf 80' lang='grc' dir='ltr'>αὑτὸν</span> <span class='ocrx_word' id='word_1_288' title='bbox 1001 1930 1366 2002; x_wconf 82' lang='grc' dir='ltr'>ἀπέσταλμαι.</span> <span class='ocrx_word' id='word_1_289' title='bbox 1400 1952 1420 1985; x_wconf 73' lang='grc' dir='ltr'><strong>ι</strong></span> <span class='ocrx_word' id='word_1_290' title='bbox 1461 1933 1746 2006; x_wconf 84' lang='grc' dir='ltr'>ὐρθρίσας</span> <span class='ocrx_word' id='word_1_291' title='bbox 1777 1931 1871 1989; x_wconf 80' lang='grc' dir='ltr'>οὖν</span> <span class='ocrx_word' id='word_1_292' title='bbox 1915 1928 1945 1991; x_wconf 69' lang='grc' dir='ltr'><strong>ὃ</strong></span> 
     </span>
    </p>
   </div>
   <div class='ocr_carea' id='block_1_37' title="bbox 359 2017 1942 2099">
    <p class='ocr_par' dir='ltr' id='par_1_37' title="bbox 359 2017 1942 2099">
     <span class='ocr_line' id='line_1_37' title="bbox 359 2017 1942 2099; baseline 0.008 -30"><span class='ocrx_word' id='word_1_293' title='bbox 359 2017 576 2082; x_wconf 75' lang='grc' dir='ltr'>Τωϐίας</span> <span class='ocrx_word' id='word_1_294' title='bbox 613 2021 679 2090; x_wconf 85' lang='grc' dir='ltr'>τῇ</span> <span class='ocrx_word' id='word_1_295' title='bbox 715 2017 865 2089; x_wconf 73' lang='grc' dir='ltr'>ἑξῆς,</span> <span class='ocrx_word' id='word_1_296' title='bbox 904 2020 998 2074; x_wconf 80' lang='grc' dir='ltr'>καὶ</span> <span class='ocrx_word' id='word_1_297' title='bbox 1030 2021 1364 2093; x_wconf 79' lang='grc' dir='ltr'>παραλαϐὼν</span> <span class='ocrx_word' id='word_1_298' title='bbox 1390 2025 1481 2079; x_wconf 82' lang='grc' dir='ltr'>τὸν</span> <span class='ocrx_word' id='word_1_299' title='bbox 1511 2025 1771 2081; x_wconf 86' lang='grc' dir='ltr'><strong>Θαδδαῖον</strong></span> <span class='ocrx_word' id='word_1_300' title='bbox 1808 2023 1942 2099; x_wconf 79' lang='grc' dir='ltr'>ἦλθε</span> 
     </span>
    </p>
   </div>
   <div class='ocr_carea' id='block_1_38' title="bbox 358 2106 1942 2189">
    <p class='ocr_par' dir='ltr' id='par_1_38' title="bbox 358 2106 1942 2189">
     <span class='ocr_line' id='line_1_38' title="bbox 358 2106 1942 2189; baseline 0.009 -30"><span class='ocrx_word' id='word_1_301' title='bbox 358 2106 496 2177; x_wconf 86' lang='grc' dir='ltr'>πρὸς</span> <span class='ocrx_word' id='word_1_302' title='bbox 534 2106 626 2162; x_wconf 87' lang='grc' dir='ltr'><strong>τὸν</strong></span> <span class='ocrx_word' id='word_1_303' title='bbox 676 2109 979 2180; x_wconf 84' lang='grc' dir='ltr'>’Δγ6αρον·</span> <span class='ocrx_word' id='word_1_304' title='bbox 1032 2111 1110 2176; x_wconf 87' lang='grc' dir='ltr'>ὼς</span> <span class='ocrx_word' id='word_1_305' title='bbox 1149 2112 1205 2166; x_wconf 87' lang='grc' dir='ltr'>δὲ</span> <span class='ocrx_word' id='word_1_306' title='bbox 1257 2114 1451 2187; x_wconf 80' lang='grc' dir='ltr'>ἀνέϐη,</span> <span class='ocrx_word' id='word_1_307' title='bbox 1505 2117 1790 2189; x_wconf 77' lang='grc' dir='ltr'><strong>παρόντων</strong></span> <span class='ocrx_word' id='word_1_308' title='bbox 1845 2120 1942 2173; x_wconf 81' lang='grc' dir='ltr'>καὶ</span> 
     </span>
    </p>
   </div>
   <div class='ocr_carea' id='block_1_39' title="bbox 357 2197 1942 2281">
    <p class='ocr_par' dir='ltr' id='par_1_39' title="bbox 357 2197 1942 2281">
     <span class='ocr_line' id='line_1_39' title="bbox 357 2197 1942 2281; baseline 0.009 -32"><span class='ocrx_word' id='word_1_309' title='bbox 357 2197 607 2253; x_wconf 75' lang='grc' dir='ltr'><strong>ἑστώτων</strong></span> <span class='ocrx_word' id='word_1_310' title='bbox 637 2200 745 2254; x_wconf 83' lang='grc' dir='ltr'>τῶν</span> <span class='ocrx_word' id='word_1_311' title='bbox 778 2202 1119 2272; x_wconf 82' lang='grc' dir='ltr'>μεγιστάνων</span> <span class='ocrx_word' id='word_1_312' title='bbox 1151 2204 1348 2269; x_wconf 78' lang='grc' dir='ltr'>αὐτοῦ,</span> <span class='ocrx_word' id='word_1_313' title='bbox 1387 2209 1727 2280; x_wconf 83' lang='grc' dir='ltr'>παραχρῆμα</span> <span class='ocrx_word' id='word_1_314' title='bbox 1765 2209 1824 2263; x_wconf 82' lang='grc' dir='ltr'><strong>ὲν</strong></span> <span class='ocrx_word' id='word_1_315' title='bbox 1862 2208 1942 2281; x_wconf 83' lang='grc' dir='ltr'>τῷ</span> 
     </span>
    </p>
   </div>
   <div class='ocr_carea' id='block_1_40' title="bbox 357 2289 1939 2373">
    <p class='ocr_par' dir='ltr' id='par_1_40' title="bbox 357 2289 1939 2373">
     <span class='ocr_line' id='line_1_40' title="bbox 357 2289 1939 2373; baseline 0.009 -33"><span class='ocrx_word' id='word_1_316' title='bbox 357 2289 580 2343; x_wconf 73' lang='grc' dir='ltr'>εἰσιέναι</span> <span class='ocrx_word' id='word_1_317' title='bbox 610 2292 805 2355; x_wconf 70' lang='grc' dir='ltr'>αὑτὸν,</span> <span class='ocrx_word' id='word_1_318' title='bbox 837 2294 1020 2365; x_wconf 84' lang='grc' dir='ltr'>ὅραμα</span> <span class='ocrx_word' id='word_1_319' title='bbox 1063 2296 1206 2367; x_wconf 83' lang='grc' dir='ltr'>μέγα</span> <span class='ocrx_word' id='word_1_320' title='bbox 1244 2297 1417 2369; x_wconf 81' lang='grc' dir='ltr'><strong>ἐφάνη</strong></span> <span class='ocrx_word' id='word_1_321' title='bbox 1459 2298 1541 2370; x_wconf 84' lang='grc' dir='ltr'><strong>τῷ</strong></span> <span class='ocrx_word' id='word_1_322' title='bbox 1592 2300 1845 2373; x_wconf 75' lang='grc' dir='ltr'>Ἀγϐάρῳ</span> <span class='ocrx_word' id='word_1_323' title='bbox 1880 2302 1939 2354; x_wconf 76' lang='grc' dir='ltr'>ἐν</span> 
     </span>
    </p>
   </div>
   <div class='ocr_carea' id='block_1_41' title="bbox 354 2380 1939 2465">
    <p class='ocr_par' dir='ltr' id='par_1_41' title="bbox 354 2380 1939 2465">
     <span class='ocr_line' id='line_1_41' title="bbox 354 2380 1939 2465; baseline 0.011 -32"><span class='ocrx_word' id='word_1_324' title='bbox 354 2380 435 2453; x_wconf 85' lang='grc' dir='ltr'>τῷ</span> <span class='ocrx_word' id='word_1_325' title='bbox 466 2382 740 2456; x_wconf 84' lang='grc' dir='ltr'>προσώπῳ</span> <span class='ocrx_word' id='word_1_326' title='bbox 778 2387 874 2441; x_wconf 91' lang='grc' dir='ltr'><strong>τοῦ</strong></span> <span class='ocrx_word' id='word_1_327' title='bbox 922 2390 1238 2444; x_wconf 59' lang='grc' dir='ltr'><strong>ιΞιττοσ-ιιόλου⁵</strong></span> <span class='ocrx_word' id='word_1_328' title='bbox 1265 2391 1550 2447; x_wconf 89' lang='grc' dir='ltr'>Θαδδαίου.</span> <span class='ocrx_word' id='word_1_329' title='bbox 1597 2393 1775 2465; x_wconf 85' lang='grc' dir='ltr'>Ὅπερ</span> <span class='ocrx_word' id='word_1_330' title='bbox 1816 2394 1939 2450; x_wconf 83' lang='grc' dir='ltr'>ἰδὼν</span> 
     </span>
    </p>
   </div>
   <div class='ocr_carea' id='block_1_42' title="bbox 359 2474 1938 2557">
    <p class='ocr_par' dir='ltr' id='par_1_42' title="bbox 359 2474 1938 2557">
     <span class='ocr_line' id='line_1_42' title="bbox 359 2474 1938 2557; baseline 0.008 -31"><span class='ocrx_word' id='word_1_331' title='bbox 359 2474 656 2549; x_wconf 67' lang='grc' dir='ltr'>Ἀγὸαρος,</span> <span class='ocrx_word' id='word_1_332' title='bbox 694 2481 1065 2553; x_wconf 83' lang='grc' dir='ltr'>προσεκύνησε</span> <span class='ocrx_word' id='word_1_333' title='bbox 1102 2484 1180 2555; x_wconf 74' lang='grc' dir='ltr'>τῷ</span> <span class='ocrx_word' id='word_1_334' title='bbox 1206 2483 1471 2555; x_wconf 86' lang='grc' dir='ltr'>Θαδδαίῳ,</span> <span class='ocrx_word' id='word_1_335' title='bbox 1507 2484 1693 2556; x_wconf 87' lang='grc' dir='ltr'>θαῦμά</span> <span class='ocrx_word' id='word_1_336' title='bbox 1723 2502 1782 2538; x_wconf 91' lang='grc' dir='ltr'><strong>τε</strong></span> <span class='ocrx_word' id='word_1_337' title='bbox 1813 2485 1938 2557; x_wconf 78' lang='grc' dir='ltr'>ἔσχε</span> 
     </span>
    </p>
   </div>
   <div class='ocr_carea' id='block_1_43' title="bbox 350 2568 1935 2651">
    <p class='ocr_par' dir='ltr' id='par_1_43' title="bbox 350 2568 1935 2651">
     <span class='ocr_line' id='line_1_43' title="bbox 350 2568 1935 2651; baseline 0.009 -32"><span class='ocrx_word' id='word_1_338' title='bbox 350 2568 481 2631; x_wconf 82' lang='grc' dir='ltr'>τοὺς</span> <span class='ocrx_word' id='word_1_339' title='bbox 512 2570 884 2639; x_wconf 78' lang='grc' dir='ltr'>περιεστῶτας</span> <span class='ocrx_word' id='word_1_340' title='bbox 925 2575 1155 2640; x_wconf 81' lang='grc' dir='ltr'>πάντας.</span> <span class='ocrx_word' id='word_1_341' title='bbox 1190 2576 1356 2629; x_wconf 82' lang='grc' dir='ltr'>Αύτοί</span> <span class='ocrx_word' id='word_1_342' title='bbox 1393 2577 1502 2648; x_wconf 86' lang='grc' dir='ltr'>γὰρ</span> <span class='ocrx_word' id='word_1_343' title='bbox 1527 2577 1627 2649; x_wconf 78' lang='grc' dir='ltr'><strong>οὐχ</strong></span> <span class='ocrx_word' id='word_1_344' title='bbox 1656 2578 1935 2651; x_wconf 78' lang='grc' dir='ltr'>ἑωράκασι</span> 
     </span>
    </p>
   </div>
   <div class='ocr_carea' id='block_1_44' title="bbox 349 2660 1937 2742">
    <p class='ocr_par' dir='ltr' id='par_1_44' title="bbox 349 2660 1937 2742">
     <span class='ocr_line' id='line_1_44' title="bbox 349 2660 1937 2742; baseline 0.009 -30"><span class='ocrx_word' id='word_1_345' title='bbox 349 2660 415 2713; x_wconf 80' lang='grc' dir='ltr'><strong>τὸ</strong></span> <span class='ocrx_word' id='word_1_346' title='bbox 448 2661 652 2732; x_wconf 84' lang='grc' dir='ltr'>ὅραμα,</span> <span class='ocrx_word' id='word_1_347' title='bbox 692 2663 721 2717; x_wconf 84' lang='grc' dir='ltr'><strong>ὃ</strong></span> <span class='ocrx_word' id='word_1_348' title='bbox 766 2664 913 2738; x_wconf 84' lang='grc' dir='ltr'>μόνῳ</span> <span class='ocrx_word' id='word_1_349' title='bbox 952 2666 1032 2738; x_wconf 83' lang='grc' dir='ltr'><strong>τῷ</strong></span> <span class='ocrx_word' id='word_1_350' title='bbox 1074 2668 1325 2742; x_wconf 80' lang='grc' dir='ltr'>’Λγϐάρῳ</span> <span class='ocrx_word' id='word_1_351' title='bbox 1357 2670 1552 2742; x_wconf 79' lang='grc' dir='ltr'>ἐφάνη.</span> <span class='ocrx_word' id='word_1_352' title='bbox 1593 2672 1691 2736; x_wconf 88' lang='grc' dir='ltr'>Ὃς</span> <span class='ocrx_word' id='word_1_353' title='bbox 1719 2672 1937 2727; x_wconf 77' lang='grc' dir='ltr'>καὶτὸν</span> 
     </span>
    </p>
   </div>
   <div class='ocr_carea' id='block_1_45' title="bbox 349 2752 1936 2834">
    <p class='ocr_par' dir='ltr' id='par_1_45' title="bbox 349 2752 1936 2834">
     <span class='ocr_line' id='line_1_45' title="bbox 349 2752 1936 2834; baseline 0.007 -28"><span class='ocrx_word' id='word_1_354' title='bbox 349 2752 604 2808; x_wconf 80' lang='grc' dir='ltr'>Θαδδαῖον</span> <span class='ocrx_word' id='word_1_355' title='bbox 635 2757 816 2828; x_wconf 71' lang='grc' dir='ltr'>ἤρετο,</span> <span class='ocrx_word' id='word_1_356' title='bbox 848 2778 867 2809; x_wconf 83' lang='grc' dir='ltr'><strong>ι</strong></span> <span class='ocrx_word' id='word_1_357' title='bbox 902 2759 963 2812; x_wconf 86' lang='lat' dir='ltr'><strong>El</strong></span> <span class='ocrx_word' id='word_1_358' title='bbox 998 2759 1086 2813; x_wconf 74' lang='grc' dir='ltr'><strong>ἐπ’</strong></span> <span class='ocrx_word' id='word_1_359' title='bbox 1121 2760 1376 2831; x_wconf 80' lang='grc' dir='ltr'>ἀληθείας</span> <span class='ocrx_word' id='word_1_360' title='bbox 1401 2761 1644 2833; x_wconf 77' lang='grc' dir='ltr'>μαθητὴς</span> <span class='ocrx_word' id='word_1_361' title='bbox 1672 2757 1725 2816; x_wconf 77' lang='grc' dir='ltr'><strong>εἴ</strong></span> <span class='ocrx_word' id='word_1_362' title='bbox 1763 2762 1936 2834; x_wconf 82' lang='grc' dir='ltr'>Ἰησοῦ</span> 
     </span>
    </p>
   </div>
   <div class='ocr_carea' id='block_1_46' title="bbox 347 2844 1937 2926">
    <p class='ocr_par' dir='ltr' id='par_1_46' title="bbox 347 2844 1937 2926">
     <span class='ocr_line' id='line_1_46' title="bbox 347 2844 1937 2926; baseline 0.008 -28"><span class='ocrx_word' id='word_1_363' title='bbox 347 2844 443 2900; x_wconf 87' lang='grc' dir='ltr'><strong>τοῦ</strong></span> <span class='ocrx_word' id='word_1_364' title='bbox 473 2846 602 2901; x_wconf 86' lang='grc' dir='ltr'>Υίοῦ</span> <span class='ocrx_word' id='word_1_365' title='bbox 623 2849 714 2902; x_wconf 89' lang='grc' dir='ltr'><strong>τοῦ</strong></span> <span class='ocrx_word' id='word_1_366' title='bbox 743 2849 899 2914; x_wconf 88' lang='grc' dir='ltr'>Θεοῦ,</span> <span class='ocrx_word' id='word_1_367' title='bbox 932 2851 990 2916; x_wconf 84' lang='grc' dir='ltr'>ὃς</span> <span class='ocrx_word' id='word_1_368' title='bbox 1047 2853 1256 2925; x_wconf 80' lang='grc' dir='ltr'>εἰρήκει</span> <span class='ocrx_word' id='word_1_369' title='bbox 1299 2854 1435 2926; x_wconf 85' lang='grc' dir='ltr'>πρὸς</span> <span class='ocrx_word' id='word_1_370' title='bbox 1470 2855 1572 2926; x_wconf 74' lang='grc' dir='ltr'>μέο</span> <span class='ocrx_word' id='word_1_371' title='bbox 1629 2855 1937 2910; x_wconf 79' lang='grc' dir='ltr'>Ἀποστελῶ</span> 
     </span>
    </p>
   </div>
   <div class='ocr_carea' id='block_1_47' title="bbox 349 2938 1936 3014">
    <p class='ocr_par' dir='ltr' id='par_1_47' title="bbox 349 2938 1936 3014">
     <span class='ocr_line' id='line_1_47' title="bbox 349 2938 1936 3014; baseline 0.005 -23"><span class='ocrx_word' id='word_1_372' title='bbox 349 2938 435 2991; x_wconf 81' lang='grc' dir='ltr'><strong>σοί</strong></span> <span class='ocrx_word' id='word_1_373' title='bbox 466 2955 590 2993; x_wconf 90' lang='grc' dir='ltr'>τινα</span> <span class='ocrx_word' id='word_1_374' title='bbox 610 2940 718 2994; x_wconf 86' lang='grc' dir='ltr'>τῶν</span> <span class='ocrx_word' id='word_1_375' title='bbox 756 2941 1014 3014; x_wconf 80' lang='grc' dir='ltr'>μαθητῶν</span> <span class='ocrx_word' id='word_1_376' title='bbox 1043 2960 1166 3013; x_wconf 88' lang='grc' dir='ltr'>μου,</span> <span class='ocrx_word' id='word_1_377' title='bbox 1191 2943 1341 3008; x_wconf 86' lang='grc' dir='ltr'>ὅστις</span> <span class='ocrx_word' id='word_1_378' title='bbox 1368 2943 1579 2997; x_wconf 85' lang='grc' dir='ltr'>ἰάσεταί</span> <span class='ocrx_word' id='word_1_379' title='bbox 1613 2961 1709 2998; x_wconf 89' lang='grc' dir='ltr'><strong>σου</strong></span> <span class='ocrx_word' id='word_1_380' title='bbox 1741 2945 1802 2999; x_wconf 82' lang='grc' dir='ltr'>τὸ</span> <span class='ocrx_word' id='word_1_381' title='bbox 1831 2947 1936 3001; x_wconf 89' lang='grc' dir='ltr'>πά-</span> 
     </span>
    </p>
   </div>
   <div class='ocr_carea' id='block_1_48' title="bbox 346 3030 1928 3108">
    <p class='ocr_par' dir='ltr' id='par_1_48' title="bbox 346 3030 1928 3108">
     <span class='ocr_line' id='line_1_48' title="bbox 346 3030 1928 3108; baseline 0.006 -25"><span class='ocrx_word' id='word_1_382' title='bbox 346 3030 458 3095; x_wconf 90' lang='grc' dir='ltr'>θος,</span> <span class='ocrx_word' id='word_1_383' title='bbox 493 3032 588 3086; x_wconf 78' lang='grc' dir='ltr'>καὶ</span> <span class='ocrx_word' id='word_1_384' title='bbox 620 3034 763 3106; x_wconf 80' lang='grc' dir='ltr'>ζωὴν</span> <span class='ocrx_word' id='word_1_385' title='bbox 803 3037 888 3089; x_wconf 75' lang='grc' dir='ltr'>σοὶ</span> <span class='ocrx_word' id='word_1_386' title='bbox 912 3035 1008 3088; x_wconf 78' lang='grc' dir='ltr'><strong>καὶ</strong></span> <span class='ocrx_word' id='word_1_387' title='bbox 1040 3038 1154 3099; x_wconf 86' lang='grc' dir='ltr'>τοῖς</span> <span class='ocrx_word' id='word_1_388' title='bbox 1185 3037 1281 3090; x_wconf 85' lang='grc' dir='ltr'>σὺν</span> <span class='ocrx_word' id='word_1_389' title='bbox 1320 3036 1404 3089; x_wconf 75' lang='grc' dir='ltr'>σοὶ</span> <span class='ocrx_word' id='word_1_390' title='bbox 1438 3036 1677 3108; x_wconf 77' lang='grc' dir='ltr'>παρέξει·</span> <span class='ocrx_word' id='word_1_391' title='bbox 1700 3039 1834 3092; x_wconf 80' lang='grc' dir='ltr'>πᾶσι</span> <span class='ocrx_word' id='word_1_392' title='bbox 1861 3055 1877 3104; x_wconf 86' lang='grc'><strong>;</strong></span> <span class='ocrx_word' id='word_1_393' title='bbox 1909 3057 1928 3092; x_wconf 75' lang='grc' dir='ltr'><strong>ι</strong></span> 
     </span>
    </p>
   </div>
   <div class='ocr_carea' id='block_1_49' title="bbox 345 3119 1930 3196">
    <p class='ocr_par' dir='ltr' id='par_1_49' title="bbox 345 3119 1930 3196">
     <span class='ocr_line' id='line_1_49' title="bbox 345 3119 1930 3196; baseline 0.006 -23"><span class='ocrx_word' id='word_1_394' title='bbox 345 3119 458 3174; x_wconf 76' lang='grc' dir='ltr'><strong>Καὶ</strong></span> <span class='ocrx_word' id='word_1_395' title='bbox 486 3123 515 3175; x_wconf 86' lang='grc' dir='ltr'>ὀ</span> <span class='ocrx_word' id='word_1_396' title='bbox 546 3121 800 3188; x_wconf 85' lang='grc' dir='ltr'>Θαδδαῖος</span> <span class='ocrx_word' id='word_1_397' title='bbox 832 3124 960 3196; x_wconf 74' lang='grc' dir='ltr'>ἔφη·</span> <span class='ocrx_word' id='word_1_398' title='bbox 1000 3143 1020 3177; x_wconf 83' lang='grc' dir='ltr'><strong>ι</strong></span> <span class='ocrx_word' id='word_1_399' title='bbox 1073 3125 1225 3179; x_wconf 76' lang='grc' dir='ltr'>Ἐπεὶ</span> <span class='ocrx_word' id='word_1_400' title='bbox 1273 3125 1523 3196; x_wconf 86' lang='grc' dir='ltr'>μεγάλως</span> <span class='ocrx_word' id='word_1_401' title='bbox 1563 3127 1930 3193; x_wconf 81' lang='grc' dir='ltr'>πεπίστευκας</span> 
     </span>
    </p>
   </div>
   <div class='ocr_carea' id='block_1_50' title="bbox 345 3205 1927 3291">
    <p class='ocr_par' dir='ltr' id='par_1_50' title="bbox 345 3205 1927 3291">
     <span class='ocr_line' id='line_1_50' title="bbox 345 3205 1927 3291; baseline 0.006 -26"><span class='ocrx_word' id='word_1_402' title='bbox 345 3214 426 3276; x_wconf 81' lang='grc' dir='ltr'><strong>εἰς</strong></span> <span class='ocrx_word' id='word_1_403' title='bbox 466 3205 560 3267; x_wconf 63' lang='grc' dir='ltr'><strong>⁸ἱὸν</strong></span> <span class='ocrx_word' id='word_1_404' title='bbox 601 3215 1001 3270; x_wconf 82' lang='grc' dir='ltr'>ἀποστείλαντά</span> <span class='ocrx_word' id='word_1_405' title='bbox 1036 3234 1104 3288; x_wconf 88' lang='grc' dir='ltr'><strong>με</strong></span> <span class='ocrx_word' id='word_1_406' title='bbox 1140 3215 1343 3288; x_wconf 80' lang='grc' dir='ltr'>Κύριον</span> <span class='ocrx_word' id='word_1_407' title='bbox 1406 3218 1613 3289; x_wconf 81' lang='grc' dir='ltr'>Ἰησοῦν</span> <span class='ocrx_word' id='word_1_408' title='bbox 1660 3219 1795 3291; x_wconf 79' lang='grc'>(75),</span> <span class='ocrx_word' id='word_1_409' title='bbox 1840 3220 1927 3275; x_wconf 82' lang='grc' dir='ltr'>διὰ</span> 
     </span>
    </p>
   </div>
   <div class='ocr_carea' id='block_1_51' title="bbox 344 3301 1924 3379">
    <p class='ocr_par' dir='ltr' id='par_1_51' title="bbox 344 3301 1924 3379">
     <span class='ocr_line' id='line_1_51' title="bbox 344 3301 1924 3379; baseline 0.008 -24"><span class='ocrx_word' id='word_1_410' title='bbox 344 3301 503 3357; x_wconf 84' lang='grc' dir='ltr'>τοῦτο</span> <span class='ocrx_word' id='word_1_411' title='bbox 532 3305 845 3377; x_wconf 81' lang='grc' dir='ltr'>ἀπεστάλην</span> <span class='ocrx_word' id='word_1_412' title='bbox 885 3307 1024 3379; x_wconf 84' lang='grc' dir='ltr'>πρὸς</span> <span class='ocrx_word' id='word_1_413' title='bbox 1068 3307 1146 3362; x_wconf 85' lang='grc' dir='ltr'><strong>σέ.</strong></span> <span class='ocrx_word' id='word_1_414' title='bbox 1190 3310 1300 3362; x_wconf 72' lang='grc' dir='ltr'><strong>Καὶ</strong></span> <span class='ocrx_word' id='word_1_415' title='bbox 1343 3310 1507 3363; x_wconf 85' lang='grc' dir='ltr'>πάλιν</span> <span class='ocrx_word' id='word_1_416' title='bbox 1545 3311 1640 3365; x_wconf 82' lang='grc' dir='ltr'>ὲάν</span> <span class='ocrx_word' id='word_1_417' title='bbox 1668 3312 1924 3369; x_wconf 66' lang='grc' dir='ltr'>ἐπιπλέοι»</span> 
     </span>
    </p>
   </div>
   <div class='ocr_carea' id='block_1_52' title="bbox 346 3391 1949 3472">
    <p class='ocr_par' dir='ltr' id='par_1_52' title="bbox 346 3391 1949 3472">
     <span class='ocr_line' id='line_1_52' title="bbox 346 3391 1949 3472; baseline 0.007 -29"><span class='ocrx_word' id='word_1_418' title='bbox 346 3391 641 3463; x_wconf 82' lang='grc' dir='ltr'>πιστεύσῃς</span> <span class='ocrx_word' id='word_1_419' title='bbox 665 3395 744 3457; x_wconf 85' lang='grc' dir='ltr'><strong>εἰς</strong></span> <span class='ocrx_word' id='word_1_420' title='bbox 777 3395 959 3458; x_wconf 82' lang='grc' dir='ltr'>αὐτὸν,</span> <span class='ocrx_word' id='word_1_421' title='bbox 992 3395 1067 3458; x_wconf 84' lang='grc' dir='ltr'>ὡς</span> <span class='ocrx_word' id='word_1_422' title='bbox 1096 3394 1162 3449; x_wconf 80' lang='grc' dir='ltr'><strong>ἀν</strong></span> <span class='ocrx_word' id='word_1_423' title='bbox 1201 3399 1516 3472; x_wconf 81' lang='grc' dir='ltr'>πιστεύσῃς,</span> <span class='ocrx_word' id='word_1_424' title='bbox 1544 3400 1698 3455; x_wconf 75' lang='grc' dir='ltr'>ἔσται</span> <span class='ocrx_word' id='word_1_425' title='bbox 1738 3419 1820 3457; x_wconf 90' lang='grc' dir='ltr'><strong>σοι</strong></span> <span class='ocrx_word' id='word_1_426' title='bbox 1853 3402 1949 3455; x_wconf 54' lang='lat' dir='ltr'><strong>re&quot;</strong></span> 
     </span>
    </p>
   </div>
   <div class='ocr_carea' id='block_1_53' title="bbox 344 3484 1918 3567">
    <p class='ocr_par' dir='ltr' id='par_1_53' title="bbox 344 3484 1918 3567">
     <span class='ocr_line' id='line_1_53' title="bbox 344 3484 1918 3567; baseline 0.009 -33"><span class='ocrx_word' id='word_1_427' title='bbox 344 3484 623 3554; x_wconf 81' lang='grc' dir='ltr'>αἰτήματα</span> <span class='ocrx_word' id='word_1_428' title='bbox 655 3486 751 3556; x_wconf 80' lang='grc' dir='ltr'>τῆς</span> <span class='ocrx_word' id='word_1_429' title='bbox 787 3487 1012 3558; x_wconf 87' lang='grc' dir='ltr'>καρδίας</span> <span class='ocrx_word' id='word_1_430' title='bbox 1050 3505 1164 3543; x_wconf 91' lang='grc' dir='ltr'>σου.</span> <span class='ocrx_word' id='word_1_431' title='bbox 1204 3509 1223 3541; x_wconf 76' lang='grc' dir='ltr'><strong>ι</strong></span> <span class='ocrx_word' id='word_1_432' title='bbox 1268 3493 1376 3545; x_wconf 75' lang='grc' dir='ltr'><strong>Καὶ</strong></span> <span class='ocrx_word' id='word_1_433' title='bbox 1408 3495 1436 3546; x_wconf 86' lang='grc' dir='ltr'>ὁ</span> <span class='ocrx_word' id='word_1_434' title='bbox 1470 3494 1743 3566; x_wconf 79' lang='grc' dir='ltr'>’Δγσαρος</span> <span class='ocrx_word' id='word_1_435' title='bbox 1780 3495 1918 3567; x_wconf 81' lang='grc' dir='ltr'>πρὸς</span> 
     </span>
    </p>
   </div>
   <div class='ocr_carea' id='block_1_54' title="bbox 345 3574 1914 3660">
    <p class='ocr_par' dir='ltr' id='par_1_54' title="bbox 345 3574 1914 3660">
     <span class='ocr_line' id='line_1_54' title="bbox 345 3574 1914 3660; baseline 0.011 -34"><span class='ocrx_word' id='word_1_436' title='bbox 345 3574 528 3638; x_wconf 73' lang='grc' dir='ltr'>αὐτὸν,</span> <span class='ocrx_word' id='word_1_437' title='bbox 565 3594 583 3627; x_wconf 81' lang='grc' dir='ltr'><strong>ι</strong></span> <span class='ocrx_word' id='word_1_438' title='bbox 621 3577 808 3641; x_wconf 75' lang='grc' dir='ltr'>Οὕτως</span> <span class='ocrx_word' id='word_1_439' title='bbox 850 3579 1169 3649; x_wconf 78' lang='grc' dir='ltr'>ἐπίστευσα,</span> <span class='ocrx_word' id='word_1_440' title='bbox 1204 3586 1388 3654; x_wconf 76' lang='grc' dir='ltr'>φησὶν,</span> <span class='ocrx_word' id='word_1_441' title='bbox 1428 3588 1488 3640; x_wconf 85' lang='grc' dir='ltr'>ὲν</span> <span class='ocrx_word' id='word_1_442' title='bbox 1509 3588 1677 3660; x_wconf 84' lang='grc' dir='ltr'>αὐτῷ,</span> <span class='ocrx_word' id='word_1_443' title='bbox 1715 3589 1793 3653; x_wconf 81' lang='grc' dir='ltr'>ὡς</span> <span class='ocrx_word' id='word_1_444' title='bbox 1820 3592 1914 3644; x_wconf 78' lang='grc' dir='ltr'>καὶ</span> 
     </span>
    </p>
   </div>
   <div class='ocr_carea' id='block_1_55' title="bbox 342 3670 1922 3755">
    <p class='ocr_par' dir='ltr' id='par_1_55' title="bbox 342 3670 1922 3755">
     <span class='ocr_line' id='line_1_55' title="bbox 342 3670 1922 3755; baseline 0.009 -33"><span class='ocrx_word' id='word_1_445' title='bbox 342 3671 470 3735; x_wconf 82' lang='grc' dir='ltr'>τοὺς</span> <span class='ocrx_word' id='word_1_446' title='bbox 513 3670 795 3736; x_wconf 82' lang='grc' dir='ltr'>Ἰουδαίους</span> <span class='ocrx_word' id='word_1_447' title='bbox 821 3675 949 3738; x_wconf 77' lang='grc' dir='ltr'>τοὺς</span> <span class='ocrx_word' id='word_1_448' title='bbox 985 3676 1404 3749; x_wconf 78' lang='grc' dir='ltr'>σταυρώσαντας</span> <span class='ocrx_word' id='word_1_449' title='bbox 1443 3682 1626 3747; x_wconf 84' lang='grc' dir='ltr'>αὐτὸν,</span> <span class='ocrx_word' id='word_1_450' title='bbox 1658 3683 1922 3755; x_wconf 84' lang='grc' dir='ltr'>βουληθῆ-</span> 
     </span>
    </p>
   </div>
   <div class='ocr_carea' id='block_1_56' title="bbox 342 3759 1919 3844">
    <p class='ocr_par' dir='ltr' id='par_1_56' title="bbox 342 3759 1919 3844">
     <span class='ocr_line' id='line_1_56' title="bbox 342 3759 1919 3844; baseline 0.009 -32"><span class='ocrx_word' id='word_1_451' title='bbox 342 3776 430 3813; x_wconf 91' lang='grc' dir='ltr'><strong>ναι</strong></span> <span class='ocrx_word' id='word_1_452' title='bbox 470 3759 699 3832; x_wconf 85' lang='grc' dir='ltr'>δύναμιν</span> <span class='ocrx_word' id='word_1_453' title='bbox 752 3764 1084 3835; x_wconf 78' lang='grc' dir='ltr'>παραλαϐὼν</span> <span class='ocrx_word' id='word_1_454' title='bbox 1130 3767 1459 3838; x_wconf 73' lang='grc' dir='ltr'>κατακόψαι,</span> <span class='ocrx_word' id='word_1_455' title='bbox 1508 3773 1556 3824; x_wconf 91' lang='grc' dir='ltr'><strong>εἰ</strong></span> <span class='ocrx_word' id='word_1_456' title='bbox 1589 3771 1782 3842; x_wconf 85' lang='grc' dir='ltr'>μὴδιά</span> <span class='ocrx_word' id='word_1_457' title='bbox 1820 3773 1919 3844; x_wconf 81' lang='grc' dir='ltr'><strong>τὴν</strong></span> 
     </span>
    </p>
   </div>
   <div class='ocr_carea' id='block_1_57' title="bbox 341 3851 1913 3935">
    <p class='ocr_par' dir='ltr' id='par_1_57' title="bbox 341 3851 1913 3935">
     <span class='ocr_line' id='line_1_57' title="bbox 341 3851 1913 3935; baseline 0.009 -30"><span class='ocrx_word' id='word_1_458' title='bbox 341 3851 618 3925; x_wconf 73' lang='grc' dir='ltr'>βασιλείαν</span> <span class='ocrx_word' id='word_1_459' title='bbox 644 3854 752 3910; x_wconf 72' lang='grc' dir='ltr'><strong>τῶν</strong></span> <span class='ocrx_word' id='word_1_460' title='bbox 795 3856 1078 3927; x_wconf 77' lang='grc' dir='ltr'>Ῥωμαίων</span> <span class='ocrx_word' id='word_1_461' title='bbox 1111 3859 1381 3931; x_wconf 85' lang='grc' dir='ltr'>ἀνεκόπην</span> <span class='ocrx_word' id='word_1_462' title='bbox 1408 3863 1509 3933; x_wconf 83' lang='grc' dir='ltr'>τῆς</span> <span class='ocrx_word' id='word_1_463' title='bbox 1531 3863 1860 3935; x_wconf 83' lang='grc' dir='ltr'>προθέσεως.</span> <span class='ocrx_word' id='word_1_464' title='bbox 1893 3883 1913 3919; x_wconf 76' lang='grc' dir='ltr'><strong>ι</strong></span> 
     </span>
    </p>
   </div>
   <div class='ocr_carea' id='block_1_58' title="bbox 338 3944 1918 4025">
    <p class='ocr_par' dir='ltr' id='par_1_58' title="bbox 338 3944 1918 4025">
     <span class='ocr_line' id='line_1_58' title="bbox 338 3944 1918 4025; baseline 0.008 -27"><span class='ocrx_word' id='word_1_465' title='bbox 338 3944 449 3999; x_wconf 78' lang='grc' dir='ltr'><strong>Καὶ</strong></span> <span class='ocrx_word' id='word_1_466' title='bbox 476 3948 505 3999; x_wconf 85' lang='grc' dir='ltr'><strong>ὁ</strong></span> <span class='ocrx_word' id='word_1_467' title='bbox 538 3945 797 4012; x_wconf 80' lang='grc' dir='ltr'>Θαδδαῖος</span> <span class='ocrx_word' id='word_1_468' title='bbox 822 3945 974 4002; x_wconf 85' lang='grc' dir='ltr'>εἶπεν</span> <span class='ocrx_word' id='word_1_469' title='bbox 998 3967 1012 3980; x_wconf 87' lang='grc'><strong>·</strong></span> <span class='ocrx_word' id='word_1_470' title='bbox 1058 3969 1078 4002; x_wconf 86' lang='grc' dir='ltr'><strong>ι</strong></span> <span class='ocrx_word' id='word_1_471' title='bbox 1129 3952 1186 4004; x_wconf 87' lang='lat'><strong>&#39;0</strong></span> <span class='ocrx_word' id='word_1_472' title='bbox 1231 3952 1436 4025; x_wconf 86' lang='grc' dir='ltr'>Κύριος</span> <span class='ocrx_word' id='word_1_473' title='bbox 1465 3954 1621 4025; x_wconf 82' lang='grc' dir='ltr'>ἡμῶν</span> <span class='ocrx_word' id='word_1_474' title='bbox 1653 3958 1747 4010; x_wconf 74' lang='grc' dir='ltr'><strong>καὶ</strong></span> <span class='ocrx_word' id='word_1_475' title='bbox 1785 3956 1918 4021; x_wconf 82' lang='grc' dir='ltr'>Θεὸς</span> 
     </span>
    </p>
   </div>
   <div class='ocr_carea' id='block_1_59' title="bbox 349 4037 1915 4116">
    <p class='ocr_par' dir='ltr' id='par_1_59' title="bbox 349 4037 1915 4116">
     <span class='ocr_line' id='line_1_59' title="bbox 349 4037 1915 4116; baseline 0.007 -26"><span class='ocrx_word' id='word_1_476' title='bbox 349 4037 556 4108; x_wconf 83' lang='grc' dir='ltr'>Ἰησοῦς</span> <span class='ocrx_word' id='word_1_477' title='bbox 579 4040 609 4092; x_wconf 85' lang='grc' dir='ltr'><strong><em>ὁ</em></strong></span> <span class='ocrx_word' id='word_1_478' title='bbox 645 4040 880 4111; x_wconf 78' lang='grc' dir='ltr'>Χριστὸς</span> <span class='ocrx_word' id='word_1_479' title='bbox 911 4040 1023 4109; x_wconf 75' lang='grc'>(74)</span> <span class='ocrx_word' id='word_1_480' title='bbox 1054 4042 1114 4095; x_wconf 80' lang='grc' dir='ltr'>τὸ</span> <span class='ocrx_word' id='word_1_481' title='bbox 1147 4043 1359 4116; x_wconf 87' lang='grc' dir='ltr'>θέλημα</span> <span class='ocrx_word' id='word_1_482' title='bbox 1387 4046 1483 4099; x_wconf 90' lang='grc' dir='ltr'><strong>τοῦ</strong></span> <span class='ocrx_word' id='word_1_483' title='bbox 1514 4047 1723 4115; x_wconf 82' lang='grc' dir='ltr'>Πατρὸς</span> <span class='ocrx_word' id='word_1_484' title='bbox 1750 4047 1915 4101; x_wconf 81' lang='grc' dir='ltr'>αὐτοῦ</span> 
     </span>
    </p>
   </div>
   <div class='ocr_carea' id='block_1_60' title="bbox 335 4128 1914 4208">
    <p class='ocr_par' dir='ltr' id='par_1_60' title="bbox 335 4128 1914 4208">
     <span class='ocr_line' id='line_1_60' title="bbox 335 4128 1914 4208; baseline 0.009 -29"><span class='ocrx_word' id='word_1_485' title='bbox 335 4128 687 4206; x_wconf 79' lang='grc' dir='ltr'>πεπλήρωκε,</span> <span class='ocrx_word' id='word_1_486' title='bbox 725 4130 818 4184; x_wconf 77' lang='grc' dir='ltr'>καὶ</span> <span class='ocrx_word' id='word_1_487' title='bbox 852 4131 1166 4203; x_wconf 86' lang='grc' dir='ltr'>πληρώσας,</span> <span class='ocrx_word' id='word_1_488' title='bbox 1198 4134 1471 4208; x_wconf 79' lang='grc' dir='ltr'>ἀνελήφθη</span> <span class='ocrx_word' id='word_1_489' title='bbox 1498 4137 1635 4208; x_wconf 76' lang='grc' dir='ltr'>πρὸς</span> <span class='ocrx_word' id='word_1_490' title='bbox 1657 4138 1748 4192; x_wconf 84' lang='grc' dir='ltr'><strong>τὸν</strong></span> <span class='ocrx_word' id='word_1_491' title='bbox 1783 4141 1914 4193; x_wconf 78' lang='grc' dir='ltr'>ἑαυ-</span> 
     </span>
    </p>
   </div>
   <div class='ocr_carea' id='block_1_61' title="bbox 333 4216 1914 4300">
    <p class='ocr_par' dir='ltr' id='par_1_61' title="bbox 333 4216 1914 4300">
     <span class='ocr_line' id='line_1_61' title="bbox 333 4216 1914 4300; baseline 0.009 -28"><span class='ocrx_word' id='word_1_492' title='bbox 333 4216 429 4285; x_wconf 75' lang='grc' dir='ltr'><strong>τοῦ</strong></span> <span class='ocrx_word' id='word_1_493' title='bbox 458 4221 695 4293; x_wconf 79' lang='grc' dir='ltr'>Πατέρα.</span> <span class='ocrx_word' id='word_1_494' title='bbox 732 4242 750 4275; x_wconf 73' lang='grc' dir='ltr'><strong>ι</strong></span> <span class='ocrx_word' id='word_1_495' title='bbox 776 4222 936 4292; x_wconf 86' lang='grc' dir='ltr'>Λέγει</span> <span class='ocrx_word' id='word_1_496' title='bbox 968 4224 1118 4296; x_wconf 76' lang='grc' dir='ltr'>αὐτῷ</span> <span class='ocrx_word' id='word_1_497' title='bbox 1142 4226 1417 4299; x_wconf 81' lang='grc' dir='ltr'>Ἀγδαρος</span> <span class='ocrx_word' id='word_1_498' title='bbox 1437 4245 1450 4260; x_wconf 85' lang='grc'><strong>·</strong></span> <span class='ocrx_word' id='word_1_499' title='bbox 1501 4248 1518 4281; x_wconf 86' lang='grc' dir='ltr'><strong>ι</strong></span> <span class='ocrx_word' id='word_1_500' title='bbox 1553 4229 1719 4300; x_wconf 67' lang='grc' dir='ltr'><strong>Κργὼ</strong></span> <span class='ocrx_word' id='word_1_501' title='bbox 1751 4232 1914 4285; x_wconf 88' lang='grc' dir='ltr'>πεπί-</span> 
     </span>
    </p>
   </div>
   <div class='ocr_carea' id='block_1_62' title="bbox 333 4315 1909 4393">
    <p class='ocr_par' dir='ltr' id='par_1_62' title="bbox 333 4315 1909 4393">
     <span class='ocr_line' id='line_1_62' title="bbox 333 4315 1909 4393; baseline 0.008 -28"><span class='ocrx_word' id='word_1_502' title='bbox 333 4327 537 4367; x_wconf 86' lang='grc' dir='ltr'>στευκα</span> <span class='ocrx_word' id='word_1_503' title='bbox 567 4317 648 4378; x_wconf 84' lang='grc' dir='ltr'><strong>εἰς</strong></span> <span class='ocrx_word' id='word_1_504' title='bbox 676 4315 838 4369; x_wconf 79' lang='grc' dir='ltr'>αὐτὸν</span> <span class='ocrx_word' id='word_1_505' title='bbox 871 4318 966 4371; x_wconf 77' lang='grc' dir='ltr'><strong>καὶ</strong></span> <span class='ocrx_word' id='word_1_506' title='bbox 998 4321 1079 4382; x_wconf 88' lang='grc' dir='ltr'><strong>εἰς</strong></span> <span class='ocrx_word' id='word_1_507' title='bbox 1118 4320 1210 4374; x_wconf 80' lang='grc' dir='ltr'>τὸν</span> <span class='ocrx_word' id='word_1_508' title='bbox 1238 4321 1458 4393; x_wconf 89' lang='grc' dir='ltr'>Πατέρα</span> <span class='ocrx_word' id='word_1_509' title='bbox 1502 4323 1689 4380; x_wconf 88' lang='grc' dir='ltr'>αὐτοῦ.</span> <span class='ocrx_word' id='word_1_510' title='bbox 1739 4344 1758 4376; x_wconf 85' lang='grc'><strong>›</strong></span> <span class='ocrx_word' id='word_1_511' title='bbox 1798 4326 1909 4378; x_wconf 73' lang='grc' dir='ltr'><strong>Καὶ</strong></span> 
     </span>
    </p>
   </div>
   <div class='ocr_carea' id='block_1_63' title="bbox 210 4403 1906 4499">
    <p class='ocr_par' dir='ltr' id='par_1_63' title="bbox 210 4403 1906 4499">
     <span class='ocr_line' id='line_1_63' title="bbox 210 4403 1906 4499; baseline 0.008 -43"><span class='ocrx_word' id='word_1_512' title='bbox 210 4478 218 4493; x_wconf 30' lang='grc'><em>1</em></span> <span class='ocrx_word' id='word_1_513' title='bbox 329 4403 361 4458; x_wconf 81' lang='grc' dir='ltr'><strong><em>ὁ</em></strong></span> <span class='ocrx_word' id='word_1_514' title='bbox 385 4403 661 4471; x_wconf 78' lang='grc' dir='ltr'>Θαδδαῖος,</span> <span class='ocrx_word' id='word_1_515' title='bbox 697 4425 713 4471; x_wconf 80' lang='grc' dir='ltr'><strong>ι</strong></span> <span class='ocrx_word' id='word_1_516' title='bbox 741 4405 841 4460; x_wconf 88' lang='grc' dir='ltr'>Διά</span> <span class='ocrx_word' id='word_1_517' title='bbox 867 4407 1045 4480; x_wconf 79' lang='grc' dir='ltr'>τοῦτο,</span> <span class='ocrx_word' id='word_1_518' title='bbox 1084 4412 1238 4483; x_wconf 76' lang='grc' dir='ltr'>φησὶ,</span> <span class='ocrx_word' id='word_1_519' title='bbox 1262 4412 1455 4485; x_wconf 79' lang='grc' dir='ltr'>τίθημι</span> <span class='ocrx_word' id='word_1_520' title='bbox 1484 4414 1580 4486; x_wconf 80' lang='grc' dir='ltr'>τὴν</span> <span class='ocrx_word' id='word_1_521' title='bbox 1616 4414 1775 4499; x_wconf 73' lang='grc' dir='ltr'>χεῖρὰ</span> <span class='ocrx_word' id='word_1_522' title='bbox 1805 4433 1906 4487; x_wconf 86' lang='grc' dir='ltr'><strong>μου</strong></span> 
     </span>
    </p>
   </div>
   <div class='ocr_carea' id='block_1_64' title="bbox 2046 1926 3627 2000">
    <p class='ocr_par' dir='ltr' id='par_1_64' title="bbox 2046 1926 3627 2000">
     <span class='ocr_line' id='line_1_64' title="bbox 2046 1926 3627 2000; baseline 0.003 -18"><span class='ocrx_word' id='word_1_523' title='bbox 2046 1926 2206 1997; x_wconf 86' lang='lat' dir='ltr'><strong>hujus</strong></span> <span class='ocrx_word' id='word_1_524' title='bbox 2236 1926 2477 1982; x_wconf 84' lang='lat' dir='ltr'><strong>civitatis</strong></span> <span class='ocrx_word' id='word_1_525' title='bbox 2509 1926 2728 1996; x_wconf 86' lang='lat' dir='ltr'><strong>regulus</strong></span> <span class='ocrx_word' id='word_1_526' title='bbox 2757 1928 3053 1982; x_wconf 86' lang='lat' dir='ltr'><strong>accersivit</strong></span> <span class='ocrx_word' id='word_1_527' title='bbox 3103 1945 3212 1996; x_wconf 89' lang='lat' dir='ltr'><strong>me,</strong></span> <span class='ocrx_word' id='word_1_528' title='bbox 3257 1932 3531 2000; x_wconf 85' lang='lat' dir='ltr'><strong>jnssitque</strong></span> <span class='ocrx_word' id='word_1_529' title='bbox 3568 1940 3627 1987; x_wconf 87' lang='lat' dir='ltr'><strong>ut</strong></span> 
     </span>
    </p>
   </div>
   <div class='ocr_carea' id='block_1_65' title="bbox 2047 2017 3623 2090">
    <p class='ocr_par' dir='ltr' id='par_1_65' title="bbox 2047 2017 3623 2090">
     <span class='ocr_line' id='line_1_65' title="bbox 2047 2017 3623 2090; baseline 0.003 -17"><span class='ocrx_word' id='word_1_530' title='bbox 2047 2019 2199 2085; x_wconf 64' lang='lat' dir='ltr'><strong>te,ad</strong></span> <span class='ocrx_word' id='word_1_531' title='bbox 2233 2017 2409 2088; x_wconf 90' lang='lat' dir='ltr'><strong>ipsum</strong></span> <span class='ocrx_word' id='word_1_532' title='bbox 2462 2018 2840 2087; x_wconf 86' lang='lat' dir='ltr'><strong>perducerem,</strong></span> <span class='ocrx_word' id='word_1_533' title='bbox 2877 2034 2986 2087; x_wconf 93' lang='lat' dir='ltr'><strong>quo</strong></span> <span class='ocrx_word' id='word_1_534' title='bbox 3032 2020 3203 2089; x_wconf 86' lang='lat' dir='ltr'><strong>ipsius</strong></span> <span class='ocrx_word' id='word_1_535' title='bbox 3241 2022 3623 2090; x_wconf 66' lang='lat' dir='ltr'><strong>aegritudinem</strong></span> 
     </span>
    </p>
   </div>
   <div class='ocr_carea' id='block_1_66' title="bbox 2043 2108 3624 2183">
    <p class='ocr_par' dir='ltr' id='par_1_66' title="bbox 2043 2108 3624 2183">
     <span class='ocr_line' id='line_1_66' title="bbox 2043 2108 3624 2183; baseline 0.003 -20"><span class='ocrx_word' id='word_1_536' title='bbox 2043 2124 2225 2164; x_wconf 88' lang='lat' dir='ltr'><strong>cures.</strong></span> <span class='ocrx_word' id='word_1_537' title='bbox 2281 2127 2301 2164; x_wconf 78' lang='grc' dir='ltr'><strong>ι</strong></span> <span class='ocrx_word' id='word_1_538' title='bbox 2358 2108 2456 2163; x_wconf 89' lang='lat' dir='ltr'><strong>Cui</strong></span> <span class='ocrx_word' id='word_1_539' title='bbox 2525 2108 2828 2163; x_wconf 66' lang='lat' dir='ltr'><strong>Tliaddazus</strong></span> <span class='ocrx_word' id='word_1_540' title='bbox 2883 2127 2897 2163; x_wconf 90' lang='lat'><strong>:</strong></span> <span class='ocrx_word' id='word_1_541' title='bbox 2955 2127 2974 2161; x_wconf 85' lang='grc' dir='ltr'><strong>ι</strong></span> <span class='ocrx_word' id='word_1_542' title='bbox 3025 2110 3346 2182; x_wconf 79' lang='lat' dir='ltr'><strong>Pergamus,</strong></span> <span class='ocrx_word' id='word_1_543' title='bbox 3409 2113 3624 2183; x_wconf 84' lang='lat' dir='ltr'><strong>inquit,</strong></span> 
     </span>
    </p>
   </div>
   <div class='ocr_carea' id='block_1_67' title="bbox 2042 2202 3618 2274">
    <p class='ocr_par' dir='ltr' id='par_1_67' title="bbox 2042 2202 3618 2274">
     <span class='ocr_line' id='line_1_67' title="bbox 2042 2202 3618 2274; baseline 0.003 -17"><span class='ocrx_word' id='word_1_544' title='bbox 2042 2202 2481 2274; x_wconf 81' lang='lat' dir='ltr'><strong>quandoquidem</strong></span> <span class='ocrx_word' id='word_1_545' title='bbox 2528 2203 2646 2271; x_wconf 84' lang='lat' dir='ltr'><strong>ejus</strong></span> <span class='ocrx_word' id='word_1_546' title='bbox 2699 2203 3041 2274; x_wconf 85' lang='lat' dir='ltr'><strong>petissimum</strong></span> <span class='ocrx_word' id='word_1_547' title='bbox 3082 2206 3255 2273; x_wconf 76' lang='lat' dir='ltr'><strong>gratia</strong></span> <span class='ocrx_word' id='word_1_548' title='bbox 3314 2223 3433 2260; x_wconf 91' lang='lat' dir='ltr'><strong>sum</strong></span> <span class='ocrx_word' id='word_1_549' title='bbox 3484 2209 3618 2262; x_wconf 87' lang='lat' dir='ltr'><strong>mis-</strong></span> 
     </span>
    </p>
   </div>
   <div class='ocr_carea' id='block_1_68' title="bbox 2042 2291 3620 2365">
    <p class='ocr_par' dir='ltr' id='par_1_68' title="bbox 2042 2291 3620 2365">
     <span class='ocr_line' id='line_1_68' title="bbox 2042 2291 3620 2365; baseline 0.003 -18"><span class='ocrx_word' id='word_1_550' title='bbox 2042 2306 2161 2347; x_wconf 85' lang='lat' dir='ltr'><strong>sus.</strong></span> <span class='ocrx_word' id='word_1_551' title='bbox 2190 2309 2211 2348; x_wconf 82' lang='grc' dir='ltr'><strong>ι</strong></span> <span class='ocrx_word' id='word_1_552' title='bbox 2247 2291 2513 2348; x_wconf 88' lang='lat' dir='ltr'><strong>Postridie</strong></span> <span class='ocrx_word' id='word_1_553' title='bbox 2544 2308 2675 2363; x_wconf 77' lang='lat' dir='ltr'><strong>ergo</strong></span> <span class='ocrx_word' id='word_1_554' title='bbox 2703 2294 2906 2349; x_wconf 84' lang='lat' dir='ltr'><strong>Tobias</strong></span> <span class='ocrx_word' id='word_1_555' title='bbox 2938 2310 3100 2349; x_wconf 89' lang='lat' dir='ltr'><strong>mane</strong></span> <span class='ocrx_word' id='word_1_556' title='bbox 3131 2308 3408 2365; x_wconf 83' lang='lat' dir='ltr'><strong>assumpto</strong></span> <span class='ocrx_word' id='word_1_557' title='bbox 3438 2297 3620 2353; x_wconf 85' lang='lat' dir='ltr'><strong>Tbad-</strong></span> 
     </span>
    </p>
   </div>
   <div class='ocr_carea' id='block_1_69' title="bbox 2041 2377 3619 2465">
    <p class='ocr_par' dir='ltr' id='par_1_69' title="bbox 2041 2377 3619 2465">
     <span class='ocr_line' id='line_1_69' title="bbox 2041 2377 3619 2465; baseline 0.004 -27"><span class='ocrx_word' id='word_1_558' title='bbox 2041 2383 2182 2450; x_wconf 67' lang='lat' dir='ltr'><strong>dico,</strong></span> <span class='ocrx_word' id='word_1_559' title='bbox 2211 2383 2277 2437; x_wconf 83' lang='lat' dir='ltr'><strong>ad</strong></span> <span class='ocrx_word' id='word_1_560' title='bbox 2317 2385 2590 2455; x_wconf 81' lang='lat' dir='ltr'><strong>Agbarum</strong></span> <span class='ocrx_word' id='word_1_561' title='bbox 2618 2389 2884 2457; x_wconf 83' lang='lat' dir='ltr'><strong>perrexit.</strong></span> <span class='ocrx_word' id='word_1_562' title='bbox 2933 2377 3178 2465; x_wconf 74' lang='lat' dir='ltr'><strong>Cumque</strong></span> <span class='ocrx_word' id='word_1_563' title='bbox 3217 2399 3361 2444; x_wconf 88' lang='lat' dir='ltr'><strong>esset</strong></span> <span class='ocrx_word' id='word_1_564' title='bbox 3413 2390 3619 2460; x_wconf 78' lang='lat' dir='ltr'><strong>ingres-</strong></span> 
     </span>
    </p>
   </div>
   <div class='ocr_carea' id='block_1_70' title="bbox 2041 2478 3619 2553">
    <p class='ocr_par' dir='ltr' id='par_1_70' title="bbox 2041 2478 3619 2553">
     <span class='ocr_line' id='line_1_70' title="bbox 2041 2478 3619 2553; baseline 0.005 -22"><span class='ocrx_word' id='word_1_565' title='bbox 2041 2490 2158 2541; x_wconf 85' lang='lat' dir='ltr'><strong>sus,</strong></span> <span class='ocrx_word' id='word_1_566' title='bbox 2185 2478 2438 2548; x_wconf 81' lang='lat' dir='ltr'><strong>Agbarus</strong></span> <span class='ocrx_word' id='word_1_567' title='bbox 2468 2481 2784 2548; x_wconf 83' lang='lat' dir='ltr'><strong>proceribus</strong></span> <span class='ocrx_word' id='word_1_568' title='bbox 2814 2483 2928 2536; x_wconf 88' lang='lat' dir='ltr'><strong>suis</strong></span> <span class='ocrx_word' id='word_1_569' title='bbox 2957 2482 3360 2549; x_wconf 82' lang='lat' dir='ltr'><strong>cireumseptus</strong></span> <span class='ocrx_word' id='word_1_570' title='bbox 3397 2483 3450 2536; x_wconf 89' lang='lat' dir='ltr'><strong>in</strong></span> <span class='ocrx_word' id='word_1_571' title='bbox 3503 2484 3619 2553; x_wconf 87' lang='lat' dir='ltr'><strong>ipso</strong></span> 
     </span>
    </p>
   </div>
   <div class='ocr_carea' id='block_1_71' title="bbox 2040 2562 3618 2643">
    <p class='ocr_par' dir='ltr' id='par_1_71' title="bbox 2040 2562 3618 2643">
     <span class='ocr_line' id='line_1_71' title="bbox 2040 2562 3618 2643; baseline 0.005 -23"><span class='ocrx_word' id='word_1_572' title='bbox 2040 2567 2300 2622; x_wconf 88' lang='lat' dir='ltr'><strong>intrantis</strong></span> <span class='ocrx_word' id='word_1_573' title='bbox 2330 2567 2593 2625; x_wconf 73' lang='lat' dir='ltr'><strong>Thaddani</strong></span> <span class='ocrx_word' id='word_1_574' title='bbox 2626 2571 2780 2627; x_wconf 88' lang='lat' dir='ltr'><strong>vultu</strong></span> <span class='ocrx_word' id='word_1_575' title='bbox 2810 2573 3050 2628; x_wconf 85' lang='lat' dir='ltr'><strong>divinum</strong></span> <span class='ocrx_word' id='word_1_576' title='bbox 3075 2562 3260 2627; x_wconf 87' lang='lat' dir='ltr'><strong>nescio</strong></span> <span class='ocrx_word' id='word_1_577' title='bbox 3279 2574 3409 2643; x_wconf 90' lang='lat' dir='ltr'><strong>quid</strong></span> <span class='ocrx_word' id='word_1_578' title='bbox 3432 2574 3618 2628; x_wconf 78' lang='lat' dir='ltr'><strong>videre</strong></span> 
     </span>
    </p>
   </div>
   <div class='ocr_carea' id='block_1_72' title="bbox 2039 2661 3617 2734">
    <p class='ocr_par' dir='ltr' id='par_1_72' title="bbox 2039 2661 3617 2734">
     <span class='ocr_line' id='line_1_72' title="bbox 2039 2661 3617 2734; baseline 0.003 -19"><span class='ocrx_word' id='word_1_579' title='bbox 2039 2661 2146 2717; x_wconf 86' lang='lat' dir='ltr'><strong>sibi</strong></span> <span class='ocrx_word' id='word_1_580' title='bbox 2175 2661 2323 2717; x_wconf 89' lang='lat' dir='ltr'><strong>visus</strong></span> <span class='ocrx_word' id='word_1_581' title='bbox 2354 2671 2438 2718; x_wconf 90' lang='lat' dir='ltr'><strong>est</strong></span> <span class='ocrx_word' id='word_1_582' title='bbox 2479 2681 2494 2718; x_wconf 88' lang='lat'><strong>:</strong></span> <span class='ocrx_word' id='word_1_583' title='bbox 2551 2679 2659 2733; x_wconf 91' lang='lat' dir='ltr'><strong>quo</strong></span> <span class='ocrx_word' id='word_1_584' title='bbox 2711 2674 3006 2734; x_wconf 79' lang='lat' dir='ltr'><strong>conspecto</strong></span> <span class='ocrx_word' id='word_1_585' title='bbox 3050 2667 3235 2721; x_wconf 88' lang='lat' dir='ltr'><strong>statim</strong></span> <span class='ocrx_word' id='word_1_586' title='bbox 3286 2666 3617 2721; x_wconf 70' lang='lat' dir='ltr'><strong>Thaddaenm</strong></span> 
     </span>
    </p>
   </div>
   <div class='ocr_carea' id='block_1_73' title="bbox 2038 2752 3616 2825">
    <p class='ocr_par' dir='ltr' id='par_1_73' title="bbox 2038 2752 3616 2825">
     <span class='ocr_line' id='line_1_73' title="bbox 2038 2752 3616 2825; baseline 0.003 -19"><span class='ocrx_word' id='word_1_587' title='bbox 2038 2752 2311 2807; x_wconf 83' lang='lat' dir='ltr'><strong>adoravit.</strong></span> <span class='ocrx_word' id='word_1_588' title='bbox 2362 2753 2700 2808; x_wconf 82' lang='lat' dir='ltr'><strong>Mirabantur</strong></span> <span class='ocrx_word' id='word_1_589' title='bbox 2743 2768 2936 2811; x_wconf 89' lang='lat' dir='ltr'><strong>omnes</strong></span> <span class='ocrx_word' id='word_1_590' title='bbox 2982 2755 3075 2825; x_wconf 94' lang='lat' dir='ltr'><strong>qui</strong></span> <span class='ocrx_word' id='word_1_591' title='bbox 3123 2757 3373 2821; x_wconf 88' lang='lat' dir='ltr'><strong>aderant,</strong></span> <span class='ocrx_word' id='word_1_592' title='bbox 3417 2754 3616 2825; x_wconf 76' lang='lat' dir='ltr'><strong>quippe</strong></span> 
     </span>
    </p>
   </div>
   <div class='ocr_carea' id='block_1_74' title="bbox 2037 2846 3596 2919">
    <p class='ocr_par' dir='ltr' id='par_1_74' title="bbox 2037 2846 3596 2919">
     <span class='ocr_line' id='line_1_74' title="bbox 2037 2846 3596 2919; baseline 0.001 -19"><span class='ocrx_word' id='word_1_593' title='bbox 2037 2846 2133 2916; x_wconf 85' lang='lat' dir='ltr'><strong>qui</strong></span> <span class='ocrx_word' id='word_1_594' title='bbox 2165 2846 2307 2901; x_wconf 90' lang='lat' dir='ltr'><strong>nihil</strong></span> <span class='ocrx_word' id='word_1_595' title='bbox 2359 2846 2555 2902; x_wconf 88' lang='lat' dir='ltr'><strong>horum</strong></span> <span class='ocrx_word' id='word_1_596' title='bbox 2592 2847 2856 2903; x_wconf 89' lang='lat' dir='ltr'><strong>vidissent</strong></span> <span class='ocrx_word' id='word_1_597' title='bbox 2902 2863 3026 2918; x_wconf 77' lang='lat' dir='ltr'><strong>qnze</strong></span> <span class='ocrx_word' id='word_1_598' title='bbox 3074 2849 3288 2919; x_wconf 79' lang='lat' dir='ltr'><strong>Agbaro</strong></span> <span class='ocrx_word' id='word_1_599' title='bbox 3346 2862 3596 2917; x_wconf 84' lang='lat' dir='ltr'><strong>apparne</strong></span> 
     </span>
    </p>
   </div>
   <div class='ocr_carea' id='block_1_75' title="bbox 2037 2937 3611 3011">
    <p class='ocr_par' dir='ltr' id='par_1_75' title="bbox 2037 2937 3611 3011">
     <span class='ocr_line' id='line_1_75' title="bbox 2037 2937 3611 3011; baseline 0.001 -17"><span class='ocrx_word' id='word_1_600' title='bbox 2037 2949 2182 2994; x_wconf 85' lang='lat' dir='ltr'><strong>rant.</strong></span> <span class='ocrx_word' id='word_1_601' title='bbox 2202 2939 2337 2995; x_wconf 91' lang='lat' dir='ltr'><strong>Tum</strong></span> <span class='ocrx_word' id='word_1_602' title='bbox 2351 2941 2603 3011; x_wconf 82' lang='lat' dir='ltr'><strong>Agbarus</strong></span> <span class='ocrx_word' id='word_1_603' title='bbox 2621 2940 2950 3005; x_wconf 68' lang='lat' dir='ltr'><strong>&#39;l‘ltaddazum</strong></span> <span class='ocrx_word' id='word_1_604' title='bbox 2971 2940 3332 3011; x_wconf 84' lang='lat' dir='ltr'><strong>interrogavit</strong></span> <span class='ocrx_word' id='word_1_605' title='bbox 3355 2957 3369 2994; x_wconf 91' lang='lat'><strong>:</strong></span> <span class='ocrx_word' id='word_1_606' title='bbox 3396 2958 3415 2991; x_wconf 87' lang='grc' dir='ltr'><strong>ι</strong></span> <span class='ocrx_word' id='word_1_607' title='bbox 3434 2937 3611 3007; x_wconf 82' lang='grc' dir='ltr'>Τιιιιε,</span> 
     </span>
    </p>
   </div>
   <div class='ocr_carea' id='block_1_76' title="bbox 2035 3031 3613 3105">
    <p class='ocr_par' dir='ltr' id='par_1_76' title="bbox 2035 3031 3613 3105">
     <span class='ocr_line' id='line_1_76' title="bbox 2035 3031 3613 3105; baseline -0.001 -17"><span class='ocrx_word' id='word_1_608' title='bbox 2035 3033 2235 3104; x_wconf 84' lang='lat' dir='ltr'><strong>inquit,</strong></span> <span class='ocrx_word' id='word_1_609' title='bbox 2265 3031 2377 3105; x_wconf 60' lang='lat'><strong>34</strong></span> <span class='ocrx_word' id='word_1_610' title='bbox 2403 3033 2703 3104; x_wconf 83' lang='lat' dir='ltr'><strong>discipulus</strong></span> <span class='ocrx_word' id='word_1_611' title='bbox 2726 3046 2788 3090; x_wconf 77' lang='lat' dir='ltr'><strong>es</strong></span> <span class='ocrx_word' id='word_1_612' title='bbox 2821 3035 2947 3091; x_wconf 81' lang='lat' dir='ltr'><strong>Jesu</strong></span> <span class='ocrx_word' id='word_1_613' title='bbox 2976 3033 3100 3088; x_wconf 86' lang='lat' dir='ltr'><strong>Filii</strong></span> <span class='ocrx_word' id='word_1_614' title='bbox 3151 3033 3242 3088; x_wconf 92' lang='lat' dir='ltr'><strong>Dei</strong></span> <span class='ocrx_word' id='word_1_615' title='bbox 3285 3032 3378 3102; x_wconf 90' lang='lat' dir='ltr'><strong>qui</strong></span> <span class='ocrx_word' id='word_1_616' title='bbox 3404 3033 3519 3088; x_wconf 64' lang='lat' dir='ltr'><strong>haec</strong></span> <span class='ocrx_word' id='word_1_617' title='bbox 3546 3035 3613 3087; x_wconf 85' lang='lat' dir='ltr'><strong>ad</strong></span> 
     </span>
    </p>
   </div>
   <div class='ocr_carea' id='block_1_77' title="bbox 2036 3124 3612 3195">
    <p class='ocr_par' dir='ltr' id='par_1_77' title="bbox 2036 3124 3612 3195">
     <span class='ocr_line' id='line_1_77' title="bbox 2036 3124 3612 3195; baseline -0.003 -16"><span class='ocrx_word' id='word_1_618' title='bbox 2036 3139 2123 3182; x_wconf 89' lang='lat' dir='ltr'><strong>me</strong></span> <span class='ocrx_word' id='word_1_619' title='bbox 2165 3126 2427 3195; x_wconf 85' lang='lat' dir='ltr'><strong>scripsit:</strong></span> <span class='ocrx_word' id='word_1_620' title='bbox 2483 3146 2502 3178; x_wconf 84' lang='grc' dir='ltr'><strong>ι</strong></span> <span class='ocrx_word' id='word_1_621' title='bbox 2538 3124 2617 3179; x_wconf 83' lang='lat' dir='ltr'><strong>Ex</strong></span> <span class='ocrx_word' id='word_1_622' title='bbox 2666 3126 2947 3195; x_wconf 85' lang='lat' dir='ltr'><strong>discipulis</strong></span> <span class='ocrx_word' id='word_1_623' title='bbox 3002 3126 3136 3181; x_wconf 87' lang='lat' dir='ltr'><strong>meis</strong></span> <span class='ocrx_word' id='word_1_624' title='bbox 3186 3125 3420 3194; x_wconf 85' lang='lat' dir='ltr'><strong>aliquem</strong></span> <span class='ocrx_word' id='word_1_625' title='bbox 3452 3127 3518 3179; x_wconf 83' lang='lat' dir='ltr'><strong>ad</strong></span> <span class='ocrx_word' id='word_1_626' title='bbox 3559 3135 3612 3177; x_wconf 79' lang='grc' dir='ltr'>ιρ</span> 
     </span>
    </p>
   </div>
   <div class='ocr_carea' id='block_1_78' title="bbox 2041 3216 3607 3289">
    <p class='ocr_par' dir='ltr' id='par_1_78' title="bbox 2041 3216 3607 3289">
     <span class='ocr_line' id='line_1_78' title="bbox 2041 3216 3607 3289; baseline 0.001 -18"><span class='ocrx_word' id='word_1_627' title='bbox 2041 3238 2061 3271; x_wconf 83' lang='grc' dir='ltr'><strong>ι</strong></span> <span class='ocrx_word' id='word_1_628' title='bbox 2109 3219 2321 3273; x_wconf 87' lang='lat' dir='ltr'><strong>mittam</strong></span> <span class='ocrx_word' id='word_1_629' title='bbox 2349 3218 2534 3289; x_wconf 65' lang='lat' dir='ltr'><strong>quiet</strong></span> <span class='ocrx_word' id='word_1_630' title='bbox 2563 3219 2817 3272; x_wconf 89' lang='lat' dir='ltr'><strong>morbum</strong></span> <span class='ocrx_word' id='word_1_631' title='bbox 2854 3228 3001 3273; x_wconf 91' lang='lat' dir='ltr'><strong>tuum</strong></span> <span class='ocrx_word' id='word_1_632' title='bbox 3031 3217 3291 3284; x_wconf 73' lang='lat' dir='ltr'><strong>curet,&#39;et</strong></span> <span class='ocrx_word' id='word_1_633' title='bbox 3316 3218 3483 3270; x_wconf 83' lang='lat' dir='ltr'><strong>vitam</strong></span> <span class='ocrx_word' id='word_1_634' title='bbox 3508 3216 3607 3279; x_wconf 75' lang='lat' dir='ltr'><strong>tibi</strong></span> 
     </span>
    </p>
   </div>
   <div class='ocr_carea' id='block_1_79' title="bbox 2038 3307 3606 3380">
    <p class='ocr_par' dir='ltr' id='par_1_79' title="bbox 2038 3307 3606 3380">
     <span class='ocr_line' id='line_1_79' title="bbox 2038 3307 3606 3380; baseline 0 -18"><span class='ocrx_word' id='word_1_635' title='bbox 2038 3327 2059 3362; x_wconf 83' lang='grc' dir='ltr'><strong>ι</strong></span> <span class='ocrx_word' id='word_1_636' title='bbox 2111 3311 2329 3378; x_wconf 89' lang='lat' dir='ltr'><strong>tuisque</strong></span> <span class='ocrx_word' id='word_1_637' title='bbox 2379 3310 2634 3364; x_wconf 89' lang='lat' dir='ltr'><strong>omnibus</strong></span> <span class='ocrx_word' id='word_1_638' title='bbox 2690 3318 2934 3380; x_wconf 69' lang='lat' dir='ltr'><strong>praestet.</strong></span> <span class='ocrx_word' id='word_1_639' title='bbox 2980 3327 3001 3362; x_wconf 71' lang='grc' dir='ltr'><strong>ι</strong></span> <span class='ocrx_word' id='word_1_640' title='bbox 3080 3307 3179 3362; x_wconf 90' lang='lat' dir='ltr'><strong>Cui</strong></span> <span class='ocrx_word' id='word_1_641' title='bbox 3234 3308 3542 3361; x_wconf 68' lang='lat' dir='ltr'><strong>Thaddaeus</strong></span> <span class='ocrx_word' id='word_1_642' title='bbox 3588 3324 3606 3362; x_wconf 89' lang='lat'><strong>:</strong></span> 
     </span>
    </p>
   </div>
   <div class='ocr_carea' id='block_1_80' title="bbox 2036 3397 3606 3478">
    <p class='ocr_par' dir='ltr' id='par_1_80' title="bbox 2036 3397 3606 3478">
     <span class='ocr_line' id='line_1_80' title="bbox 2036 3397 3606 3478; baseline 0.001 -27"><span class='ocrx_word' id='word_1_643' title='bbox 2036 3416 2058 3451; x_wconf 87' lang='grc' dir='ltr'><strong>ι</strong></span> <span class='ocrx_word' id='word_1_644' title='bbox 2103 3397 2575 3467; x_wconf 87' lang='lat' dir='ltr'><strong>Quandoquidem,</strong></span> <span class='ocrx_word' id='word_1_645' title='bbox 2618 3398 2811 3468; x_wconf 90' lang='lat' dir='ltr'><strong>inquit,</strong></span> <span class='ocrx_word' id='word_1_646' title='bbox 2858 3397 3151 3478; x_wconf 79' lang='lat' dir='ltr'><strong>maximam</strong></span> <span class='ocrx_word' id='word_1_647' title='bbox 3200 3398 3452 3450; x_wconf 70' lang='lat' dir='ltr'><strong>fiduciam</strong></span> <span class='ocrx_word' id='word_1_648' title='bbox 3499 3411 3606 3467; x_wconf 83' lang='lat' dir='ltr'><strong>po-</strong></span> 
     </span>
    </p>
   </div>
   <div class='ocr_carea' id='block_1_81' title="bbox 2026 3486 3606 3558">
    <p class='ocr_par' dir='ltr' id='par_1_81' title="bbox 2026 3486 3606 3558">
     <span class='ocr_line' id='line_1_81' title="bbox 2026 3486 3606 3558; baseline 0 -13"><span class='ocrx_word' id='word_1_649' title='bbox 2026 3491 2184 3545; x_wconf 88' lang='lat' dir='ltr'><strong>suisti</strong></span> <span class='ocrx_word' id='word_1_650' title='bbox 2217 3492 2268 3545; x_wconf 90' lang='lat' dir='ltr'><strong>in</strong></span> <span class='ocrx_word' id='word_1_651' title='bbox 2299 3488 2591 3553; x_wconf 80' lang='lat' dir='ltr'><strong>Servatorc</strong></span> <span class='ocrx_word' id='word_1_652' title='bbox 2615 3486 2740 3545; x_wconf 77' lang='lat' dir='ltr'><strong>Jesu</strong></span> <span class='ocrx_word' id='word_1_653' title='bbox 2769 3491 2860 3558; x_wconf 91' lang='lat' dir='ltr'><strong>qui</strong></span> <span class='ocrx_word' id='word_1_654' title='bbox 2902 3487 3049 3544; x_wconf 90' lang='lat' dir='ltr'><strong>misit</strong></span> <span class='ocrx_word' id='word_1_655' title='bbox 3086 3504 3192 3555; x_wconf 86' lang='lat' dir='ltr'><strong>me,</strong></span> <span class='ocrx_word' id='word_1_656' title='bbox 3226 3489 3433 3542; x_wconf 85' lang='lat' dir='ltr'><strong>idcirco</strong></span> <span class='ocrx_word' id='word_1_657' title='bbox 3460 3491 3527 3543; x_wconf 87' lang='lat' dir='ltr'><strong>ad</strong></span> <span class='ocrx_word' id='word_1_658' title='bbox 3550 3496 3606 3545; x_wconf 83' lang='lat' dir='ltr'><strong>te</strong></span> 
     </span>
    </p>
   </div>
   <div class='ocr_carea' id='block_1_82' title="bbox 2024 3580 3602 3651">
    <p class='ocr_par' dir='ltr' id='par_1_82' title="bbox 2024 3580 3602 3651">
     <span class='ocr_line' id='line_1_82' title="bbox 2024 3580 3602 3651; baseline -0.003 -13"><span class='ocrx_word' id='word_1_659' title='bbox 2024 3598 2145 3639; x_wconf 86' lang='lat' dir='ltr'><strong>sum</strong></span> <span class='ocrx_word' id='word_1_660' title='bbox 2202 3583 2426 3637; x_wconf 90' lang='lat' dir='ltr'><strong>missus.</strong></span> <span class='ocrx_word' id='word_1_661' title='bbox 2474 3582 2627 3649; x_wconf 86' lang='lat' dir='ltr'><strong>Quod</strong></span> <span class='ocrx_word' id='word_1_662' title='bbox 2659 3582 2704 3641; x_wconf 82' lang='lat' dir='ltr'><strong>si</strong></span> <span class='ocrx_word' id='word_1_663' title='bbox 2736 3582 2992 3651; x_wconf 84' lang='lat' dir='ltr'><strong>deinceps</strong></span> <span class='ocrx_word' id='word_1_664' title='bbox 3022 3582 3194 3651; x_wconf 79' lang='lat' dir='ltr'><strong>magis</strong></span> <span class='ocrx_word' id='word_1_665' title='bbox 3234 3596 3299 3635; x_wconf 85' lang='lat' dir='ltr'><strong>ac</strong></span> <span class='ocrx_word' id='word_1_666' title='bbox 3341 3581 3514 3649; x_wconf 80' lang='lat' dir='ltr'><strong>magis</strong></span> <span class='ocrx_word' id='word_1_667' title='bbox 3546 3580 3602 3635; x_wconf 89' lang='lat' dir='ltr'><strong>in</strong></span> 
     </span>
    </p>
   </div>
   <div class='ocr_carea' id='block_1_83' title="bbox 2023 3669 3601 3741">
    <p class='ocr_par' dir='ltr' id='par_1_83' title="bbox 2023 3669 3601 3741">
     <span class='ocr_line' id='line_1_83' title="bbox 2023 3669 3601 3741; baseline -0.001 -15"><span class='ocrx_word' id='word_1_668' title='bbox 2023 3687 2151 3726; x_wconf 89' lang='lat' dir='ltr'><strong>eum</strong></span> <span class='ocrx_word' id='word_1_669' title='bbox 2180 3671 2498 3736; x_wconf 83' lang='lat' dir='ltr'><strong>credideris,</strong></span> <span class='ocrx_word' id='word_1_670' title='bbox 2546 3672 2676 3726; x_wconf 79' lang='lat' dir='ltr'><strong>[ient</strong></span> <span class='ocrx_word' id='word_1_671' title='bbox 2726 3670 2910 3732; x_wconf 85' lang='lat' dir='ltr'><strong>omnia</strong></span> <span class='ocrx_word' id='word_1_672' title='bbox 2961 3685 3082 3739; x_wconf 75' lang='lat' dir='ltr'><strong>qua:</strong></span> <span class='ocrx_word' id='word_1_673' title='bbox 3127 3669 3398 3739; x_wconf 84' lang='lat' dir='ltr'><strong>postulas,</strong></span> <span class='ocrx_word' id='word_1_674' title='bbox 3440 3679 3601 3741; x_wconf 85' lang='lat' dir='ltr'><strong>prout</strong></span> 
     </span>
    </p>
   </div>
   <div class='ocr_carea' id='block_1_84' title="bbox 2020 3760 3600 3831">
    <p class='ocr_par' dir='ltr' id='par_1_84' title="bbox 2020 3760 3600 3831">
     <span class='ocr_line' id='line_1_84' title="bbox 2020 3760 3600 3831; baseline 0 -14"><span class='ocrx_word' id='word_1_675' title='bbox 2020 3763 2182 3818; x_wconf 74' lang='lat' dir='ltr'><strong>fidem</strong></span> <span class='ocrx_word' id='word_1_676' title='bbox 2220 3760 2871 3831; x_wconf 63' lang='lat' dir='ltr'><strong>habebisallicAgbarns</strong></span> <span class='ocrx_word' id='word_1_677' title='bbox 2897 3761 3126 3827; x_wconf 68' lang='lat' dir='ltr'><strong>:«Adeo,</strong></span> <span class='ocrx_word' id='word_1_678' title='bbox 3160 3761 3360 3831; x_wconf 89' lang='lat' dir='ltr'><strong>inquit,</strong></span> <span class='ocrx_word' id='word_1_679' title='bbox 3391 3762 3600 3817; x_wconf 88' lang='lat' dir='ltr'><strong>credidi</strong></span> 
     </span>
    </p>
   </div>
   <div class='ocr_carea' id='block_1_85' title="bbox 2020 3852 3599 3925">
    <p class='ocr_par' dir='ltr' id='par_1_85' title="bbox 2020 3852 3599 3925">
     <span class='ocr_line' id='line_1_85' title="bbox 2020 3852 3599 3925; baseline -0.001 -15"><span class='ocrx_word' id='word_1_680' title='bbox 2020 3856 2093 3922; x_wconf 90' lang='lat' dir='ltr'><strong>ei,</strong></span> <span class='ocrx_word' id='word_1_681' title='bbox 2126 3852 2421 3909; x_wconf 70' lang='lat' dir='ltr'><strong>utJudmos</strong></span> <span class='ocrx_word' id='word_1_682' title='bbox 2447 3853 2540 3924; x_wconf 88' lang='lat' dir='ltr'><strong>qui</strong></span> <span class='ocrx_word' id='word_1_683' title='bbox 2579 3853 2729 3907; x_wconf 89' lang='lat' dir='ltr'><strong>illum</strong></span> <span class='ocrx_word' id='word_1_684' title='bbox 2778 3852 2832 3906; x_wconf 92' lang='lat' dir='ltr'><strong>in</strong></span> <span class='ocrx_word' id='word_1_685' title='bbox 2889 3867 3111 3908; x_wconf 89' lang='lat' dir='ltr'><strong>crucem</strong></span> <span class='ocrx_word' id='word_1_686' title='bbox 3156 3862 3402 3925; x_wconf 81' lang='lat' dir='ltr'><strong>egerunt.</strong></span> <span class='ocrx_word' id='word_1_687' title='bbox 3454 3853 3599 3909; x_wconf 88' lang='lat' dir='ltr'><strong>bello</strong></span> 
     </span>
    </p>
   </div>
   <div class='ocr_carea' id='block_1_86' title="bbox 2019 3945 3592 4018">
    <p class='ocr_par' dir='ltr' id='par_1_86' title="bbox 2019 3945 3592 4018">
     <span class='ocr_line' id='line_1_86' title="bbox 2019 3945 3592 4018; baseline -0.001 -15"><span class='ocrx_word' id='word_1_688' title='bbox 2019 3957 2275 4018; x_wconf 78' lang='lat' dir='ltr'><strong>appetere</strong></span> <span class='ocrx_word' id='word_1_689' title='bbox 2307 3956 2361 4001; x_wconf 90' lang='lat' dir='ltr'><strong>et</strong></span> <span class='ocrx_word' id='word_1_690' title='bbox 2385 3946 2451 4000; x_wconf 85' lang='lat' dir='ltr'><strong>ad</strong></span> <span class='ocrx_word' id='word_1_691' title='bbox 2480 3945 2909 4000; x_wconf 87' lang='lat' dir='ltr'><strong>internecionem</strong></span> <span class='ocrx_word' id='word_1_692' title='bbox 2941 3946 3126 4000; x_wconf 90' lang='lat' dir='ltr'><strong>delere</strong></span> <span class='ocrx_word' id='word_1_693' title='bbox 3162 3947 3457 4009; x_wconf 84' lang='lat' dir='ltr'><strong>voluerim,</strong></span> <span class='ocrx_word' id='word_1_694' title='bbox 3486 3947 3592 4001; x_wconf 88' lang='lat' dir='ltr'><strong>nisi</strong></span> 
     </span>
    </p>
   </div>
   <div class='ocr_carea' id='block_1_87' title="bbox 2024 4036 3589 4107">
    <p class='ocr_par' dir='ltr' id='par_1_87' title="bbox 2024 4036 3589 4107">
     <span class='ocr_line' id='line_1_87' title="bbox 2024 4036 3589 4107; baseline -0.001 -13"><span class='ocrx_word' id='word_1_695' title='bbox 2024 4050 2203 4094; x_wconf 89' lang='lat' dir='ltr'><strong>metus</strong></span> <span class='ocrx_word' id='word_1_696' title='bbox 2228 4038 2443 4107; x_wconf 91' lang='lat' dir='ltr'><strong>imperii</strong></span> <span class='ocrx_word' id='word_1_697' title='bbox 2472 4036 2708 4092; x_wconf 84' lang='lat' dir='ltr'><strong>Romani</strong></span> <span class='ocrx_word' id='word_1_698' title='bbox 2740 4051 2825 4091; x_wconf 85' lang='lat' dir='ltr'><strong>me</strong></span> <span class='ocrx_word' id='word_1_699' title='bbox 2857 4037 2924 4093; x_wconf 88' lang='lat' dir='ltr'><strong>ab</strong></span> <span class='ocrx_word' id='word_1_700' title='bbox 2955 4038 3057 4091; x_wconf 91' lang='lat' dir='ltr'><strong>hoc</strong></span> <span class='ocrx_word' id='word_1_701' title='bbox 3083 4040 3313 4095; x_wconf 86' lang='lat' dir='ltr'><strong>consilio</strong></span> <span class='ocrx_word' id='word_1_702' title='bbox 3343 4053 3589 4093; x_wconf 76' lang='lat' dir='ltr'><strong>revocas-</strong></span> 
     </span>
    </p>
   </div>
   <div class='ocr_carea' id='block_1_88' title="bbox 2022 4129 3597 4200">
    <p class='ocr_par' dir='ltr' id='par_1_88' title="bbox 2022 4129 3597 4200">
     <span class='ocr_line' id='line_1_88' title="bbox 2022 4129 3597 4200; baseline -0.004 -12"><span class='ocrx_word' id='word_1_703' title='bbox 2022 4143 2125 4189; x_wconf 89' lang='lat' dir='ltr'><strong>set.</strong></span> <span class='ocrx_word' id='word_1_704' title='bbox 2168 4151 2188 4184; x_wconf 76' lang='grc' dir='ltr'><strong>ι</strong></span> <span class='ocrx_word' id='word_1_705' title='bbox 2227 4130 2363 4186; x_wconf 85' lang='lat' dir='ltr'><strong>Tun&#39;l</strong></span> <span class='ocrx_word' id='word_1_706' title='bbox 2394 4130 2737 4184; x_wconf 66' lang='lat' dir='ltr'><strong>Thaddaius:</strong></span> <span class='ocrx_word' id='word_1_707' title='bbox 2775 4146 2794 4179; x_wconf 85' lang='grc' dir='ltr'><strong>ι</strong></span> <span class='ocrx_word' id='word_1_708' title='bbox 2831 4130 3111 4196; x_wconf 87' lang='lat' dir='ltr'><strong>Dominus,</strong></span> <span class='ocrx_word' id='word_1_709' title='bbox 3155 4129 3354 4200; x_wconf 84' lang='lat' dir='ltr'><strong>inquit,</strong></span> <span class='ocrx_word' id='word_1_710' title='bbox 3410 4139 3597 4183; x_wconf 87' lang='lat' dir='ltr'><strong>noster</strong></span> 
     </span>
    </p>
   </div>
   <div class='ocr_carea' id='block_1_89' title="bbox 2016 4222 3593 4293">
    <p class='ocr_par' dir='ltr' id='par_1_89' title="bbox 2016 4222 3593 4293">
     <span class='ocr_line' id='line_1_89' title="bbox 2016 4222 3593 4293; baseline -0.005 -9"><span class='ocrx_word' id='word_1_711' title='bbox 2016 4239 2071 4284; x_wconf 85' lang='lat' dir='ltr'><strong>et</strong></span> <span class='ocrx_word' id='word_1_712' title='bbox 2098 4227 2241 4283; x_wconf 90' lang='lat' dir='ltr'><strong>Deus</strong></span> <span class='ocrx_word' id='word_1_713' title='bbox 2270 4226 2426 4283; x_wconf 77' lang='lat' dir='ltr'><strong>.lesus</strong></span> <span class='ocrx_word' id='word_1_714' title='bbox 2455 4226 2703 4281; x_wconf 89' lang='lat' dir='ltr'><strong>Christus</strong></span> <span class='ocrx_word' id='word_1_715' title='bbox 2730 4223 2994 4293; x_wconf 82' lang='lat' dir='ltr'><strong>quidquid</strong></span> <span class='ocrx_word' id='word_1_716' title='bbox 3028 4238 3059 4278; x_wconf 88' lang='lat' dir='ltr'><strong>a</strong></span> <span class='ocrx_word' id='word_1_717' title='bbox 3092 4222 3259 4278; x_wconf 84' lang='lat' dir='ltr'><strong>Patre</strong></span> <span class='ocrx_word' id='word_1_718' title='bbox 3280 4223 3593 4276; x_wconf 83' lang='lat' dir='ltr'><strong>mandatum</strong></span> 
     </span>
    </p>
   </div>
   <div class='ocr_carea' id='block_1_90' title="bbox 2015 4315 3580 4389">
    <p class='ocr_par' dir='ltr' id='par_1_90' title="bbox 2015 4315 3580 4389">
     <span class='ocr_line' id='line_1_90' title="bbox 2015 4315 3580 4389; baseline -0.007 -12"><span class='ocrx_word' id='word_1_719' title='bbox 2015 4322 2215 4389; x_wconf 75' lang='lat' dir='ltr'><strong>fuerat,</strong></span> <span class='ocrx_word' id='word_1_720' title='bbox 2245 4331 2542 4377; x_wconf 76' lang='lat' dir='ltr'><strong>exsecutus</strong></span> <span class='ocrx_word' id='word_1_721' title='bbox 2575 4330 2682 4384; x_wconf 90' lang='lat' dir='ltr'><strong>est,</strong></span> <span class='ocrx_word' id='word_1_722' title='bbox 2715 4318 3089 4387; x_wconf 81' lang='lat' dir='ltr'><strong>perfectisque</strong></span> <span class='ocrx_word' id='word_1_723' title='bbox 3120 4316 3371 4371; x_wconf 88' lang='lat' dir='ltr'><strong>omnibus</strong></span> <span class='ocrx_word' id='word_1_724' title='bbox 3399 4315 3465 4368; x_wconf 86' lang='lat' dir='ltr'><strong>ad</strong></span> <span class='ocrx_word' id='word_1_725' title='bbox 3499 4329 3580 4381; x_wconf 83' lang='lat' dir='ltr'><strong>pa-</strong></span> 
     </span>
    </p>
   </div>
   <div class='ocr_carea' id='block_1_91' title="bbox 2018 4404 3591 4480">
    <p class='ocr_par' dir='ltr' id='par_1_91' title="bbox 2018 4404 3591 4480">
     <span class='ocr_line' id='line_1_91' title="bbox 2018 4404 3591 4480; baseline -0.009 -9"><span class='ocrx_word' id='word_1_726' title='bbox 2018 4429 2232 4480; x_wconf 81' lang='lat' dir='ltr'><strong>rentem</strong></span> <span class='ocrx_word' id='word_1_727' title='bbox 2286 4429 2445 4469; x_wconf 90' lang='lat' dir='ltr'><strong>suum</strong></span> <span class='ocrx_word' id='word_1_728' title='bbox 2498 4424 2578 4469; x_wconf 89' lang='lat' dir='ltr'><strong>est</strong></span> <span class='ocrx_word' id='word_1_729' title='bbox 2613 4428 2890 4469; x_wconf 86' lang='lat' dir='ltr'><strong>reversus.</strong></span> <span class='ocrx_word' id='word_1_730' title='bbox 2927 4430 2947 4463; x_wconf 74' lang='grc' dir='ltr'><strong>ι</strong></span> <span class='ocrx_word' id='word_1_731' title='bbox 2997 4408 3095 4464; x_wconf 88' lang='lat' dir='ltr'><strong>Cui</strong></span> <span class='ocrx_word' id='word_1_732' title='bbox 3129 4409 3418 4475; x_wconf 64' lang='lat' dir='ltr'><strong>Asbarus:</strong></span> <span class='ocrx_word' id='word_1_733' title='bbox 3464 4425 3484 4458; x_wconf 84' lang='grc' dir='ltr'><strong>ι</strong></span> <span class='ocrx_word' id='word_1_734' title='bbox 3525 4404 3591 4459; x_wconf 84' lang='lat' dir='ltr'><strong>Et</strong></span> 
     </span>
    </p>
   </div>
   <div class='ocr_carea' id='block_1_92' title="bbox 401 4589 3585 4690">
    <p class='ocr_par' dir='ltr' id='par_1_92' title="bbox 401 4589 3585 4690">
     <span class='ocr_line' id='line_1_92' title="bbox 401 4589 3585 4690; baseline -0.001 -27"><span class='ocrx_word' id='word_1_735' title='bbox 401 4589 512 4675; x_wconf 63' lang='grc'><strong>(69)</strong></span> <span class='ocrx_word' id='word_1_736' title='bbox 559 4605 656 4690; x_wconf 67' lang='grc' dir='ltr'><strong>’ζεῖν</strong></span> <span class='ocrx_word' id='word_1_737' title='bbox 684 4607 926 4690; x_wconf 57' lang='grc' dir='ltr'>ὀνόματι</span> <span class='ocrx_word' id='word_1_738' title='bbox 967 4607 1067 4663; x_wconf 79' lang='grc' dir='ltr'>καὶ</span> <span class='ocrx_word' id='word_1_739' title='bbox 1110 4609 1360 4690; x_wconf 65' lang='grc' dir='ltr'>δυνᾴμει</span> <span class='ocrx_word' id='word_1_740' title='bbox 1394 4611 1590 4690; x_wconf 65' lang='grc' dir='ltr'>Ἰησοῇ</span> <span class='ocrx_word' id='word_1_741' title='bbox 1626 4612 1904 4690; x_wconf 59' lang='grc' dir='ltr'>Χριοςοῦ.</span> <span class='ocrx_word' id='word_1_742' title='bbox 1940 4615 1986 4671; x_wconf 91' lang='lat' dir='ltr'><strong>D</strong></span> <span class='ocrx_word' id='word_1_743' title='bbox 2018 4684 2049 4690; x_wconf 23' lang='grc' dir='ltr'><strong>Ἀ</strong></span> <span class='ocrx_word' id='word_1_744' title='bbox 2087 4611 2329 4690; x_wconf 39' lang='grc' dir='ltr'><strong>(Ἰὼ-Εἰς</strong></span> <span class='ocrx_word' id='word_1_745' title='bbox 2350 4610 2458 4664; x_wconf 75' lang='grc' dir='ltr'><strong>τὸν</strong></span> <span class='ocrx_word' id='word_1_746' title='bbox 2482 4609 2929 4690; x_wconf 63' lang='grc' dir='ltr'>ἀποστείλαντά</span> <span class='ocrx_word' id='word_1_747' title='bbox 2948 4626 3024 4690; x_wconf 68' lang='grc' dir='ltr'><strong>με</strong></span> <span class='ocrx_word' id='word_1_748' title='bbox 3067 4608 3293 4690; x_wconf 47' lang='grc' dir='ltr'>Κύριος</span> <span class='ocrx_word' id='word_1_749' title='bbox 3330 4602 3585 4690; x_wconf 67' lang='grc' dir='ltr'>Ἰηιζρῦν.</span> 
     </span>
    </p>
   </div>
   <div class='ocr_carea' id='block_1_93' title="bbox 330 4672 3585 4738">
    <p class='ocr_par' dir='ltr' id='par_1_93' title="bbox 330 4672 3585 4738">
     <span class='ocr_line' id='line_1_93' title="bbox 330 4672 3585 4738; baseline -0.001 -8"><span class='ocrx_word' id='word_1_750' title='bbox 330 4672 458 4730; x_wconf 67' lang='lat' dir='ltr'><strong>Haéc</strong></span> <span class='ocrx_word' id='word_1_751' title='bbox 484 4672 641 4728; x_wconf 72' lang='lat' dir='ltr'><strong>verba</strong></span> <span class='ocrx_word' id='word_1_752' title='bbox 674 4672 1161 4733; x_wconf 38' lang='lat' dir='ltr'><strong>non—liabeuturiu</strong></span> <span class='ocrx_word' id='word_1_753' title='bbox 1182 4672 1354 4735; x_wconf 78' lang='lat' dir='ltr'><strong>tribus</strong></span> <span class='ocrx_word' id='word_1_754' title='bbox 1387 4672 1590 4736; x_wconf 77' lang='lat' dir='ltr'><strong>nostris</strong></span> <span class='ocrx_word' id='word_1_755' title='bbox 1621 4672 1904 4738; x_wconf 72' lang='lat' dir='ltr'><strong>codicibus</strong></span> <span class='ocrx_word' id='word_1_756' title='bbox 2017 4672 2145 4737; x_wconf 59' lang='lat' dir='ltr'><strong>Dure</strong></span> <span class='ocrx_word' id='word_1_757' title='bbox 2178 4672 2381 4735; x_wconf 71' lang='lat' dir='ltr'><strong>ultima:</strong></span> <span class='ocrx_word' id='word_1_758' title='bbox 2410 4696 2571 4734; x_wconf 90' lang='lat' dir='ltr'><strong>voces</strong></span> <span class='ocrx_word' id='word_1_759' title='bbox 2602 4682 2799 4733; x_wconf 86' lang='lat' dir='ltr'><strong>absunt</strong></span> <span class='ocrx_word' id='word_1_760' title='bbox 2831 4696 2860 4733; x_wconf 90' lang='lat' dir='ltr'><strong>a</strong></span> <span class='ocrx_word' id='word_1_761' title='bbox 2892 4672 3066 4734; x_wconf 76' lang='lat' dir='ltr'><strong>tribus</strong></span> <span class='ocrx_word' id='word_1_762' title='bbox 3101 4672 3399 4731; x_wconf 81' lang='lat' dir='ltr'><strong>codicibus</strong></span> <span class='ocrx_word' id='word_1_763' title='bbox 3424 4674 3585 4738; x_wconf 82' lang='lat' dir='ltr'><strong>Maz.,</strong></span> 
     </span>
    </p>
   </div>
   <div class='ocr_carea' id='block_1_94' title="bbox 330 4744 993 4803">
    <p class='ocr_par' dir='ltr' id='par_1_94' title="bbox 330 4744 993 4803">
     <span class='ocr_line' id='line_1_94' title="bbox 330 4744 993 4803; baseline 0.005 -4"><span class='ocrx_word' id='word_1_764' title='bbox 330 4744 469 4799; x_wconf 79' lang='lat' dir='ltr'><strong>Maz.</strong></span> <span class='ocrx_word' id='word_1_765' title='bbox 498 4744 637 4799; x_wconf 82' lang='lat' dir='ltr'><strong>Med.</strong></span> <span class='ocrx_word' id='word_1_766' title='bbox 668 4761 731 4798; x_wconf 89' lang='lat' dir='ltr'><strong>ac</strong></span> <span class='ocrx_word' id='word_1_767' title='bbox 762 4746 993 4803; x_wconf 84' lang='lat' dir='ltr'><strong>Fuketii.</strong></span> 
     </span>
    </p>
   </div>
   <div class='ocr_carea' id='block_1_95' title="bbox 401 4813 1905 4890">
    <p class='ocr_par' dir='ltr' id='par_1_95' title="bbox 401 4813 1905 4890">
     <span class='ocr_line' id='line_1_95' title="bbox 401 4813 1905 4890; baseline 0.007 -24"><span class='ocrx_word' id='word_1_768' title='bbox 401 4813 513 4885; x_wconf 88' lang='lat'><strong>(70)</strong></span> <span class='ocrx_word' id='word_1_769' title='bbox 534 4814 778 4890; x_wconf 52' lang='lat' dir='ltr'><strong>fama?»</strong></span> <span class='ocrx_word' id='word_1_770' title='bbox 820 4817 939 4871; x_wconf 74' lang='grc' dir='ltr'>ἀπὸ</span> <span class='ocrx_word' id='word_1_771' title='bbox 976 4819 1429 4890; x_wconf 74' lang='grc' dir='ltr'>Ἰεροσολύμων.</span> <span class='ocrx_word' id='word_1_772' title='bbox 1464 4819 1590 4874; x_wconf 63' lang='lat' dir='ltr'><strong>Duae</strong></span> <span class='ocrx_word' id='word_1_773' title='bbox 1616 4830 1905 4888; x_wconf 72' lang='lat' dir='ltr'><strong>postrema:</strong></span> 
     </span>
    </p>
   </div>
   <div class='ocr_carea' id='block_1_96' title="bbox 328 4885 1902 4956">
    <p class='ocr_par' dir='ltr' id='par_1_96' title="bbox 328 4885 1902 4956">
     <span class='ocr_line' id='line_1_96' title="bbox 328 4885 1902 4956; baseline 0.008 -21"><span class='ocrx_word' id='word_1_774' title='bbox 328 4898 490 4956; x_wconf 56' lang='lat' dir='ltr'><strong>loces</strong></span> <span class='ocrx_word' id='word_1_775' title='bbox 516 4885 710 4939; x_wconf 86' lang='lat' dir='ltr'><strong>desunt</strong></span> <span class='ocrx_word' id='word_1_776' title='bbox 737 4887 789 4939; x_wconf 91' lang='lat' dir='ltr'><strong>in</strong></span> <span class='ocrx_word' id='word_1_777' title='bbox 820 4889 992 4943; x_wconf 84' lang='lat' dir='ltr'><strong>tribus</strong></span> <span class='ocrx_word' id='word_1_778' title='bbox 1021 4885 1222 4944; x_wconf 73' lang='lat' dir='ltr'><strong>neSIris</strong></span> <span class='ocrx_word' id='word_1_779' title='bbox 1254 4885 1535 4953; x_wconf 74' lang='lat' dir='ltr'><strong>codicibus</strong></span> <span class='ocrx_word' id='word_1_780' title='bbox 1568 4885 1728 4956; x_wconf 60' lang='lat' dir='ltr'><strong>Mam,</strong></span> <span class='ocrx_word' id='word_1_781' title='bbox 1761 4891 1902 4956; x_wconf 75' lang='lat' dir='ltr'><strong>Med.</strong></span> 
     </span>
    </p>
   </div>
   <div class='ocr_carea' id='block_1_97' title="bbox 327 4950 1692 5025">
    <p class='ocr_par' dir='ltr' id='par_1_97' title="bbox 327 4950 1692 5025">
     <span class='ocr_line' id='line_1_97' title="bbox 327 4950 1692 5025; baseline 0.004 -16"><span class='ocrx_word' id='word_1_782' title='bbox 327 4950 446 5009; x_wconf 79' lang='lat' dir='ltr'><strong>Fuk</strong></span> <span class='ocrx_word' id='word_1_783' title='bbox 475 4970 606 5015; x_wconf 81' lang='lat' dir='ltr'><strong>.uec</strong></span> <span class='ocrx_word' id='word_1_784' title='bbox 644 4956 978 5025; x_wconf 62' lang='lat' dir='ltr'><strong>halieuturin</strong></span> <span class='ocrx_word' id='word_1_785' title='bbox 1012 4950 1459 5025; x_wconf 74' lang='lat' dir='ltr'><strong>interpretatione</strong></span> <span class='ocrx_word' id='word_1_786' title='bbox 1493 4961 1692 5014; x_wconf 71' lang='lat' dir='ltr'><strong>liuliui.</strong></span> 
     </span>
    </p>
   </div>
   <div class='ocr_carea' id='block_1_98' title="bbox 364 5021 1899 5099">
    <p class='ocr_par' dir='ltr' id='par_1_98' title="bbox 364 5021 1899 5099">
     <span class='ocr_line' id='line_1_98' title="bbox 364 5021 1899 5099; baseline 0.005 -21"><span class='ocrx_word' id='word_1_787' title='bbox 364 5035 371 5042; x_wconf 82' lang='lat'><strong><em>‘</em></strong></span> <span class='ocrx_word' id='word_1_788' title='bbox 398 5025 531 5099; x_wconf 75' lang='lat' dir='ltr'><strong>(7l)_</strong></span> <span class='ocrx_word' id='word_1_789' title='bbox 558 5024 610 5076; x_wconf 84' lang='lat'><strong>&#39;0</strong></span> <span class='ocrx_word' id='word_1_790' title='bbox 640 5024 706 5077; x_wconf 77' lang='grc' dir='ltr'>δὲ</span> <span class='ocrx_word' id='word_1_791' title='bbox 731 5021 879 5099; x_wconf 52' lang='grc' dir='ltr'>εἷπε</span> <span class='ocrx_word' id='word_1_792' title='bbox 911 5028 1025 5099; x_wconf 71' lang='grc' dir='ltr'>Ναί</span> <span class='ocrx_word' id='word_1_793' title='bbox 1048 5021 1243 5097; x_wconf 68' lang='grc' dir='ltr'>Κύριε.</span> <span class='ocrx_word' id='word_1_794' title='bbox 1282 5030 1404 5084; x_wconf 62' lang='lat' dir='ltr'><strong>Haec</strong></span> <span class='ocrx_word' id='word_1_795' title='bbox 1418 5041 1472 5085; x_wconf 92' lang='lat' dir='ltr'><strong>et</strong></span> <span class='ocrx_word' id='word_1_796' title='bbox 1495 5031 1775 5099; x_wconf 87' lang='lat' dir='ltr'><strong>sequentia</strong></span> <span class='ocrx_word' id='word_1_797' title='bbox 1805 5047 1899 5085; x_wconf 89' lang='lat' dir='ltr'><strong>us-</strong></span> 
     </span>
    </p>
   </div>
   <div class='ocr_carea' id='block_1_99' title="bbox 328 5096 1898 5172">
    <p class='ocr_par' dir='ltr' id='par_1_99' title="bbox 328 5096 1898 5172">
     <span class='ocr_line' id='line_1_99' title="bbox 328 5096 1898 5172; baseline 0.005 -24"><span class='ocrx_word' id='word_1_798' title='bbox 328 5109 433 5172; x_wconf 80' lang='lat' dir='ltr'><strong>que</strong></span> <span class='ocrx_word' id='word_1_799' title='bbox 467 5096 533 5149; x_wconf 85' lang='lat' dir='ltr'><strong>ad</strong></span> <span class='ocrx_word' id='word_1_800' title='bbox 564 5110 729 5172; x_wconf 77' lang='lat' dir='ltr'><strong>voces</strong></span> <span class='ocrx_word' id='word_1_801' title='bbox 759 5097 1175 5172; x_wconf 58' lang='lat' dir='ltr'><strong>illas,__ajraya-{s</strong></span> <span class='ocrx_word' id='word_1_802' title='bbox 1212 5101 1371 5154; x_wconf 82' lang='grc' dir='ltr'>αὑτὸν</span> <span class='ocrx_word' id='word_1_803' title='bbox 1398 5099 1535 5172; x_wconf 82' lang='grc' dir='ltr'>πρὸς</span> <span class='ocrx_word' id='word_1_804' title='bbox 1569 5096 1658 5170; x_wconf 80' lang='grc' dir='ltr'><strong>μέ,</strong></span> <span class='ocrx_word' id='word_1_805' title='bbox 1699 5116 1799 5156; x_wconf 91' lang='lat' dir='ltr'><strong>nec</strong></span> <span class='ocrx_word' id='word_1_806' title='bbox 1830 5103 1898 5172; x_wconf 17' lang='lat' dir='ltr'><strong>‘iu</strong></span> 
     </span>
    </p>
   </div>
   <div class='ocr_carea' id='block_1_100' title="bbox 332 5168 1899 5240">
    <p class='ocr_par' dir='ltr' id='par_1_100' title="bbox 332 5168 1899 5240">
     <span class='ocr_line' id='line_1_100' title="bbox 332 5168 1899 5240; baseline 0.004 -19"><span class='ocrx_word' id='word_1_807' title='bbox 332 5168 506 5240; x_wconf 74' lang='lat' dir='ltr'><strong>tribus</strong></span> <span class='ocrx_word' id='word_1_808' title='bbox 539 5168 763 5240; x_wconf 84' lang='lat' dir='ltr'><strong>_nuslris</strong></span> <span class='ocrx_word' id='word_1_809' title='bbox 808 5168 1108 5240; x_wconf 71' lang='lat' dir='ltr'><strong>codicibus,</strong></span> <span class='ocrx_word' id='word_1_810' title='bbox 1166 5186 1266 5240; x_wconf 87' lang='lat' dir='ltr'><strong>nec</strong></span> <span class='ocrx_word' id='word_1_811' title='bbox 1322 5174 1373 5223; x_wconf 91' lang='lat' dir='ltr'><strong>in</strong></span> <span class='ocrx_word' id='word_1_812' title='bbox 1438 5168 1899 5240; x_wconf 80' lang='lat' dir='ltr'><strong>interpretatione</strong></span> 
     </span>
    </p>
   </div>
   <div class='ocr_carea' id='block_1_101' title="bbox 329 5234 1896 5309">
    <p class='ocr_par' dir='ltr' id='par_1_101' title="bbox 329 5234 1896 5309">
     <span class='ocr_line' id='line_1_101' title="bbox 329 5234 1896 5309; baseline 0.006 -23"><span class='ocrx_word' id='word_1_813' title='bbox 329 5235 505 5309; x_wconf 72' lang='lat' dir='ltr'><strong>ltul&#39;mi</strong></span> <span class='ocrx_word' id='word_1_814' title='bbox 539 5235 808 5309; x_wconf 69' lang='lat' dir='ltr'><strong>leguntur.</strong></span> <span class='ocrx_word' id='word_1_815' title='bbox 838 5234 998 5299; x_wconf 81' lang='lat' dir='ltr'><strong>Solus</strong></span> <span class='ocrx_word' id='word_1_816' title='bbox 1030 5241 1199 5294; x_wconf 81' lang='lat' dir='ltr'><strong>codex</strong></span> <span class='ocrx_word' id='word_1_817' title='bbox 1227 5239 1430 5309; x_wconf 74' lang='lat' dir='ltr'><strong>Regius</strong></span> <span class='ocrx_word' id='word_1_818' title='bbox 1453 5234 1896 5295; x_wconf 57' lang='lat' dir='ltr'><strong>eam&#39;lectionem</strong></span> 
     </span>
    </p>
   </div>
   <div class='ocr_carea' id='block_1_102' title="bbox 326 5302 1895 5382">
    <p class='ocr_par' dir='ltr' id='par_1_102' title="bbox 326 5302 1895 5382">
     <span class='ocr_line' id='line_1_102' title="bbox 326 5302 1895 5382; baseline 0.004 -25"><span class='ocrx_word' id='word_1_819' title='bbox 326 5302 509 5382; x_wconf 65' lang='lat' dir='ltr'><strong>habet.</strong></span> <span class='ocrx_word' id='word_1_820' title='bbox 545 5302 650 5382; x_wconf 63' lang='lat' dir='ltr'><strong>seu</strong></span> <span class='ocrx_word' id='word_1_821' title='bbox 686 5306 878 5359; x_wconf 87' lang='lat' dir='ltr'><strong>mirum</strong></span> <span class='ocrx_word' id='word_1_822' title='bbox 906 5317 991 5361; x_wconf 90' lang='lat' dir='ltr'><strong>est</strong></span> <span class='ocrx_word' id='word_1_823' title='bbox 1022 5302 1361 5382; x_wconf 71' lang='lat' dir='ltr'><strong>quantopere</strong></span> <span class='ocrx_word' id='word_1_824' title='bbox 1385 5312 1559 5365; x_wconf 86' lang='lat' dir='ltr'><strong>codex</strong></span> <span class='ocrx_word' id='word_1_825' title='bbox 1604 5311 1695 5365; x_wconf 90' lang='lat' dir='ltr'><strong>ille</strong></span> <span class='ocrx_word' id='word_1_826' title='bbox 1741 5327 1769 5364; x_wconf 90' lang='lat' dir='ltr'><strong>a</strong></span> <span class='ocrx_word' id='word_1_827' title='bbox 1804 5327 1895 5364; x_wconf 89' lang='lat' dir='ltr'><strong>re-</strong></span> 
     </span>
    </p>
   </div>
   <div class='ocr_carea' id='block_1_103' title="bbox 327 5372 1898 5451">
    <p class='ocr_par' dir='ltr' id='par_1_103' title="bbox 327 5372 1898 5451">
     <span class='ocr_line' id='line_1_103' title="bbox 327 5372 1898 5451; baseline 0.004 -23"><span class='ocrx_word' id='word_1_828' title='bbox 327 5372 488 5451; x_wconf 77' lang='lat' dir='ltr'><strong>liquis</strong></span> <span class='ocrx_word' id='word_1_829' title='bbox 525 5377 816 5451; x_wconf 58' lang='lat' dir='ltr'><strong>discrepet,</strong></span> <span class='ocrx_word' id='word_1_830' title='bbox 862 5386 976 5431; x_wconf 84' lang='lat' dir='ltr'><strong>tum</strong></span> <span class='ocrx_word' id='word_1_831' title='bbox 1027 5372 1178 5444; x_wconf 78' lang='lat' dir='ltr'><strong>alibi,</strong></span> <span class='ocrx_word' id='word_1_832' title='bbox 1211 5372 1322 5436; x_wconf 72' lang='lat' dir='ltr'><strong>tum</strong></span> <span class='ocrx_word' id='word_1_833' title='bbox 1368 5383 1638 5451; x_wconf 71' lang='lat' dir='ltr'><strong>praecipue</strong></span> <span class='ocrx_word' id='word_1_834' title='bbox 1661 5382 1712 5435; x_wconf 90' lang='lat' dir='ltr'><strong>in</strong></span> <span class='ocrx_word' id='word_1_835' title='bbox 1745 5382 1898 5436; x_wconf 86' lang='lat' dir='ltr'><strong>clau-</strong></span> 
     </span>
    </p>
   </div>
   <div class='ocr_carea' id='block_1_104' title="bbox 296 5444 1431 5510">
    <p class='ocr_par' dir='ltr' id='par_1_104' title="bbox 296 5444 1431 5510">
     <span class='ocr_line' id='line_1_104' title="bbox 296 5444 1431 5510; baseline -0.017 -3"><span class='ocrx_word' id='word_1_836' title='bbox 296 5445 441 5507; x_wconf 70' lang='lat' dir='ltr'><strong>sula</strong></span> <span class='ocrx_word' id='word_1_837' title='bbox 477 5444 637 5510; x_wconf 87' lang='lat' dir='ltr'><strong>hujus</strong></span> <span class='ocrx_word' id='word_1_838' title='bbox 670 5444 814 5500; x_wconf 88' lang='lat' dir='ltr'><strong>libri.</strong></span> <span class='ocrx_word' id='word_1_839' title='bbox 1368 5444 1384 5451; x_wconf 88' lang='lat'>&#39;</span> <span class='ocrx_word' id='word_1_840' title='bbox 1414 5464 1431 5479; x_wconf 75' lang='grc' dir='ltr'><em>ι</em></span> 
     </span>
    </p>
   </div>
   <div class='ocr_carea' id='block_1_105' title="bbox 294 5514 1898 5587">
    <p class='ocr_par' dir='ltr' id='par_1_105' title="bbox 294 5514 1898 5587">
     <span class='ocr_line' id='line_1_105' title="bbox 294 5514 1898 5587; baseline 0.006 -21"><span class='ocrx_word' id='word_1_841' title='bbox 294 5557 313 5579; x_wconf 81' lang='grc'><strong>,</strong></span> <span class='ocrx_word' id='word_1_842' title='bbox 393 5514 504 5586; x_wconf 73' lang='grc'>(72)</span> <span class='ocrx_word' id='word_1_843' title='bbox 545 5515 880 5583; x_wconf 71' lang='grc' dir='ltr'>Ἀναγαγεῒν</span> <span class='ocrx_word' id='word_1_844' title='bbox 914 5533 992 5571; x_wconf 85' lang='grc' dir='ltr'><strong>σε</strong></span> <span class='ocrx_word' id='word_1_845' title='bbox 1048 5520 1185 5587; x_wconf 78' lang='grc' dir='ltr'>παρ’</span> <span class='ocrx_word' id='word_1_846' title='bbox 1217 5520 1421 5574; x_wconf 80' lang='grc' dir='ltr'>αὐτόν.</span> <span class='ocrx_word' id='word_1_847' title='bbox 1475 5519 1678 5576; x_wconf 89' lang='lat' dir='ltr'><strong>Omnes</strong></span> <span class='ocrx_word' id='word_1_848' title='bbox 1726 5521 1898 5576; x_wconf 87' lang='lat' dir='ltr'><strong>nostri</strong></span> 
     </span>
    </p>
   </div>
   <div class='ocr_carea' id='block_1_106' title="bbox 322 5586 1895 5660">
    <p class='ocr_par' dir='ltr' id='par_1_106' title="bbox 322 5586 1895 5660">
     <span class='ocr_line' id='line_1_106' title="bbox 322 5586 1895 5660; baseline 0.004 -21"><span class='ocrx_word' id='word_1_849' title='bbox 322 5587 557 5660; x_wconf 72' lang='lat' dir='ltr'><strong>codices,</strong></span> <span class='ocrx_word' id='word_1_850' title='bbox 589 5602 653 5639; x_wconf 83' lang='lat' dir='ltr'><strong>ne</strong></span> <span class='ocrx_word' id='word_1_851' title='bbox 670 5586 840 5660; x_wconf 47' lang='lat' dir='ltr'><strong>lii-git;</strong></span> <span class='ocrx_word' id='word_1_852' title='bbox 863 5589 1081 5660; x_wconf 81' lang='lat' dir='ltr'><strong>quidem</strong></span> <span class='ocrx_word' id='word_1_853' title='bbox 1114 5586 1368 5660; x_wconf 81' lang='lat' dir='ltr'><strong>excepto,</strong></span> <span class='ocrx_word' id='word_1_854' title='bbox 1400 5590 1605 5645; x_wconf 89' lang='lat' dir='ltr'><strong>diserte</strong></span> <span class='ocrx_word' id='word_1_855' title='bbox 1632 5594 1895 5659; x_wconf 85' lang='lat' dir='ltr'><strong>scriptum</strong></span> 
     </span>
    </p>
   </div>
   <div class='ocr_carea' id='block_1_107' title="bbox 323 5652 1896 5733">
    <p class='ocr_par' dir='ltr' id='par_1_107' title="bbox 323 5652 1896 5733">
     <span class='ocr_line' id='line_1_107' title="bbox 323 5652 1896 5733; baseline 0.005 -26"><span class='ocrx_word' id='word_1_856' title='bbox 323 5652 1001 5733; x_wconf 41' lang='grc' dir='ltr'>Ιιξιιιειιι-παρὌύτῷζξίε</span> <span class='ocrx_word' id='word_1_857' title='bbox 1043 5660 1200 5733; x_wconf 84' lang='lat' dir='ltr'><strong>paulo</strong></span> <span class='ocrx_word' id='word_1_858' title='bbox 1235 5652 1374 5728; x_wconf 74' lang='lat' dir='ltr'><strong>post,</strong></span> <span class='ocrx_word' id='word_1_859' title='bbox 1423 5661 1512 5733; x_wconf 85' lang='lat' dir='ltr'><strong>ubi</strong></span> <span class='ocrx_word' id='word_1_860' title='bbox 1546 5652 1896 5733; x_wconf 42' lang='lat' dir='ltr'><strong>legitur-stag?</strong></span> 
     </span>
    </p>
   </div>
   <div class='ocr_carea' id='block_1_108' title="bbox 322 5722 1895 5798">
    <p class='ocr_par' dir='ltr' id='par_1_108' title="bbox 322 5722 1895 5798">
     <span class='ocr_line' id='line_1_108' title="bbox 322 5722 1895 5798; baseline 0.008 -23"><span class='ocrx_word' id='word_1_861' title='bbox 322 5722 484 5798; x_wconf 76' lang='grc' dir='ltr'>αὐτὸν</span> <span class='ocrx_word' id='word_1_862' title='bbox 530 5722 892 5797; x_wconf 77' lang='grc' dir='ltr'>ἀπέσταλμὰι,</span> <span class='ocrx_word' id='word_1_863' title='bbox 922 5727 980 5798; x_wconf 62' lang='lat' dir='ltr'><strong>in</strong></span> <span class='ocrx_word' id='word_1_864' title='bbox 1009 5722 1269 5798; x_wconf 74' lang='lat' dir='ltr'><strong>omnibus</strong></span> <span class='ocrx_word' id='word_1_865' title='bbox 1324 5722 1525 5785; x_wconf 82' lang='lat' dir='ltr'><strong>nestris</strong></span> <span class='ocrx_word' id='word_1_866' title='bbox 1565 5722 1895 5798; x_wconf 56' lang='lat' dir='ltr'><strong>eiemplnri-</strong></span> 
     </span>
    </p>
   </div>
   <div class='ocr_carea' id='block_1_109' title="bbox 323 5791 1816 5875">
    <p class='ocr_par' dir='ltr' id='par_1_109' title="bbox 323 5791 1816 5875">
     <span class='ocr_line' id='line_1_109' title="bbox 323 5791 1816 5875; baseline 0.014 -29"><span class='ocrx_word' id='word_1_867' title='bbox 323 5791 425 5849; x_wconf 86' lang='lat' dir='ltr'><strong>bus</strong></span> <span class='ocrx_word' id='word_1_868' title='bbox 453 5791 813 5867; x_wconf 68' lang='lat' dir='ltr'><strong>praeterquam</strong></span> <span class='ocrx_word' id='word_1_869' title='bbox 837 5791 892 5855; x_wconf 83' lang='lat' dir='ltr'><strong>in</strong></span> <span class='ocrx_word' id='word_1_870' title='bbox 921 5796 1056 5864; x_wconf 69' lang='lat' dir='ltr'><strong>Fuk.</strong></span> <span class='ocrx_word' id='word_1_871' title='bbox 1085 5800 1349 5873; x_wconf 87' lang='lat' dir='ltr'><strong>scriptum</strong></span> <span class='ocrx_word' id='word_1_872' title='bbox 1381 5808 1465 5858; x_wconf 83' lang='lat' dir='ltr'><strong>est</strong></span> <span class='ocrx_word' id='word_1_873' title='bbox 1485 5800 1615 5872; x_wconf 83' lang='grc' dir='ltr'>παρ’</span> <span class='ocrx_word' id='word_1_874' title='bbox 1647 5791 1816 5875; x_wconf 49' lang='lat' dir='ltr'><strong>abit?-</strong></span> 
     </span>
    </p>
   </div>
   <div class='ocr_carea' id='block_1_110' title="bbox 2005 4743 3589 4817">
    <p class='ocr_par' dir='ltr' id='par_1_110' title="bbox 2005 4743 3589 4817">
     <span class='ocr_line' id='line_1_110' title="bbox 2005 4743 3589 4817; baseline -0.005 -10"><span class='ocrx_word' id='word_1_875' title='bbox 2005 4753 2148 4807; x_wconf 71' lang='lat' dir='ltr'><strong>Meil.</strong></span> <span class='ocrx_word' id='word_1_876' title='bbox 2185 4768 2249 4807; x_wconf 90' lang='lat' dir='ltr'><strong>ac</strong></span> <span class='ocrx_word' id='word_1_877' title='bbox 2283 4750 2447 4814; x_wconf 79' lang='lat' dir='ltr'><strong>Fuk.,</strong></span> <span class='ocrx_word' id='word_1_878' title='bbox 2475 4766 2575 4804; x_wconf 90' lang='lat' dir='ltr'><strong>nec</strong></span> <span class='ocrx_word' id='word_1_879' title='bbox 2599 4751 2865 4803; x_wconf 90' lang='lat' dir='ltr'><strong>habentur</strong></span> <span class='ocrx_word' id='word_1_880' title='bbox 2892 4752 2944 4805; x_wconf 89' lang='lat' dir='ltr'><strong>in</strong></span> <span class='ocrx_word' id='word_1_881' title='bbox 2984 4747 3440 4817; x_wconf 85' lang='lat' dir='ltr'><strong>interpretatione</strong></span> <span class='ocrx_word' id='word_1_882' title='bbox 3472 4743 3589 4799; x_wconf 83' lang='lat' dir='ltr'><strong>Ru-</strong></span> 
     </span>
    </p>
   </div>
   <div class='ocr_carea' id='block_1_111' title="bbox 2003 4823 2120 4879">
    <p class='ocr_par' dir='ltr' id='par_1_111' title="bbox 2003 4823 2120 4879">
     <span class='ocr_line' id='line_1_111' title="bbox 2003 4823 2120 4879; baseline -0.034 0"><span class='ocrx_word' id='word_1_883' title='bbox 2003 4823 2120 4879; x_wconf 74' lang='lat' dir='ltr'><strong>ﬁni.</strong></span> 
     </span>
    </p>
   </div>
   <div class='ocr_carea' id='block_1_112' title="bbox 2074 4887 3582 4968">
    <p class='ocr_par' dir='ltr' id='par_1_112' title="bbox 2074 4887 3582 4968">
     <span class='ocr_line' id='line_1_112' title="bbox 2074 4887 3582 4968; baseline -0.004 -22"><span class='ocrx_word' id='word_1_884' title='bbox 2074 4891 2194 4968; x_wconf 67' lang='lat' dir='ltr'><strong>(7d)</strong></span> <span class='ocrx_word' id='word_1_885' title='bbox 2216 4892 2269 4968; x_wconf 76' lang='grc'><strong>’0</strong></span> <span class='ocrx_word' id='word_1_886' title='bbox 2285 4891 2503 4968; x_wconf 73' lang='grc' dir='ltr'>Κύριος</span> <span class='ocrx_word' id='word_1_887' title='bbox 2520 4889 2688 4968; x_wconf 46' lang='lat' dir='ltr'><strong>furcifr</strong></span> <span class='ocrx_word' id='word_1_888' title='bbox 2703 4889 2804 4944; x_wconf 79' lang='grc' dir='ltr'>καὶ</span> <span class='ocrx_word' id='word_1_889' title='bbox 2826 4887 3232 4968; x_wconf 32' lang='grc' dir='ltr'>Θεὸς-Ἰησοῦς</span> <span class='ocrx_word' id='word_1_890' title='bbox 3253 4891 3286 4943; x_wconf 86' lang='grc' dir='ltr'><em>ὁ</em></span> <span class='ocrx_word' id='word_1_891' title='bbox 3308 4887 3582 4968; x_wconf 49' lang='grc' dir='ltr'>Χριστός.</span> 
     </span>
    </p>
   </div>
   <div class='ocr_carea' id='block_1_113' title="bbox 2004 4958 3585 5030">
    <p class='ocr_par' dir='ltr' id='par_1_113' title="bbox 2004 4958 3585 5030">
     <span class='ocr_line' id='line_1_113' title="bbox 2004 4958 3585 5030; baseline -0.005 -11"><span class='ocrx_word' id='word_1_892' title='bbox 2004 4958 2322 5030; x_wconf 81' lang='lat' dir='ltr'><strong>Simplicior</strong></span> <span class='ocrx_word' id='word_1_893' title='bbox 2356 4958 2720 5030; x_wconf 25' lang='lat' dir='ltr'><strong>aesinc‘erior</strong></span> <span class='ocrx_word' id='word_1_894' title='bbox 2750 4972 2833 5015; x_wconf 86' lang='lat' dir='ltr'><strong>est</strong></span> <span class='ocrx_word' id='word_1_895' title='bbox 2868 4962 3048 5022; x_wconf 83' lang='lat' dir='ltr'><strong>lectio,</strong></span> <span class='ocrx_word' id='word_1_896' title='bbox 3102 4975 3263 5027; x_wconf 90' lang='lat' dir='ltr'><strong>quam</strong></span> <span class='ocrx_word' id='word_1_897' title='bbox 3321 4961 3372 5011; x_wconf 93' lang='lat' dir='ltr'><strong>in</strong></span> <span class='ocrx_word' id='word_1_898' title='bbox 3403 4958 3585 5030; x_wconf 75' lang='lat' dir='ltr'><strong>tribus</strong></span> 
     </span>
    </p>
   </div>
   <div class='ocr_carea' id='block_1_114' title="bbox 2010 5025 3579 5098">
    <p class='ocr_par' dir='ltr' id='par_1_114' title="bbox 2010 5025 3579 5098">
     <span class='ocr_line' id='line_1_114' title="bbox 2010 5025 3579 5098; baseline -0.004 -9"><span class='ocrx_word' id='word_1_899' title='bbox 2010 5025 2213 5089; x_wconf 58' lang='lat' dir='ltr'><strong>nostris</strong></span> <span class='ocrx_word' id='word_1_900' title='bbox 2258 5029 2536 5086; x_wconf 86' lang='lat' dir='ltr'><strong>codicibus</strong></span> <span class='ocrx_word' id='word_1_901' title='bbox 2588 5033 2889 5098; x_wconf 89' lang='lat' dir='ltr'><strong>reperimus</strong></span> <span class='ocrx_word' id='word_1_902' title='bbox 2928 5030 3093 5095; x_wconf 83' lang='lat' dir='ltr'><strong>Maz.,</strong></span> <span class='ocrx_word' id='word_1_903' title='bbox 3124 5025 3264 5084; x_wconf 77' lang='lat' dir='ltr'><strong>Med.</strong></span> <span class='ocrx_word' id='word_1_904' title='bbox 3308 5044 3370 5082; x_wconf 89' lang='lat' dir='ltr'><strong>ac</strong></span> <span class='ocrx_word' id='word_1_905' title='bbox 3401 5025 3579 5082; x_wconf 78' lang='lat' dir='ltr'><strong>Fuk.:</strong></span> 
     </span>
    </p>
   </div>
   <div class='ocr_carea' id='block_1_115' title="bbox 2018 5099 3583 5174">
    <p class='ocr_par' dir='ltr' id='par_1_115' title="bbox 2018 5099 3583 5174">
     <span class='ocr_line' id='line_1_115' title="bbox 2018 5099 3583 5174; baseline -0.005 -16"><span class='ocrx_word' id='word_1_906' title='bbox 2018 5104 2076 5158; x_wconf 89' lang='grc' dir='ltr'>Ὁ</span> <span class='ocrx_word' id='word_1_907' title='bbox 2102 5103 2303 5174; x_wconf 81' lang='grc' dir='ltr'>Κύριος</span> <span class='ocrx_word' id='word_1_908' title='bbox 2332 5101 2490 5173; x_wconf 82' lang='grc' dir='ltr'>ήμῶν</span> <span class='ocrx_word' id='word_1_909' title='bbox 2535 5100 2741 5172; x_wconf 82' lang='grc' dir='ltr'>Ἰησοῦς</span> <span class='ocrx_word' id='word_1_910' title='bbox 2762 5099 2824 5152; x_wconf 86' lang='grc' dir='ltr'><strong>τὸ</strong></span> <span class='ocrx_word' id='word_1_911' title='bbox 2855 5100 3089 5171; x_wconf 83' lang='grc' dir='ltr'>θέλημα,</span> <span class='ocrx_word' id='word_1_912' title='bbox 3123 5113 3228 5174; x_wconf 79' lang='lat' dir='ltr'><strong>_e_t_c.</strong></span> <span class='ocrx_word' id='word_1_913' title='bbox 3262 5099 3429 5166; x_wconf 84' lang='lat' dir='ltr'><strong>Quam</strong></span> <span class='ocrx_word' id='word_1_914' title='bbox 3458 5099 3583 5166; x_wconf 89' lang='lat' dir='ltr'><strong>qui-</strong></span> 
     </span>
    </p>
   </div>
   <div class='ocr_carea' id='block_1_116' title="bbox 2005 5171 3580 5246">
    <p class='ocr_par' dir='ltr' id='par_1_116' title="bbox 2005 5171 3580 5246">
     <span class='ocr_line' id='line_1_116' title="bbox 2005 5171 3580 5246; baseline -0.004 -19"><span class='ocrx_word' id='word_1_915' title='bbox 2005 5174 2128 5227; x_wconf 85' lang='lat' dir='ltr'><strong>dem</strong></span> <span class='ocrx_word' id='word_1_916' title='bbox 2176 5171 2850 5246; x_wconf 78' lang='lat' dir='ltr'><strong>scripturam__c0nlirmat_</strong></span> <span class='ocrx_word' id='word_1_917' title='bbox 2901 5176 3064 5225; x_wconf 83' lang='lat' dir='ltr'><strong>etiam</strong></span> <span class='ocrx_word' id='word_1_918' title='bbox 3120 5171 3458 5246; x_wconf 71' lang='lat' dir='ltr'><strong>Nicephorus</strong></span> <span class='ocrx_word' id='word_1_919' title='bbox 3518 5182 3580 5246; x_wconf 73' lang='lat' dir='ltr'><strong>ac</strong></span> 
     </span>
    </p>
   </div>
   <div class='ocr_carea' id='block_1_117' title="bbox 2006 5240 3578 5318">
    <p class='ocr_par' dir='ltr' id='par_1_117' title="bbox 2006 5240 3578 5318">
     <span class='ocr_line' id='line_1_117' title="bbox 2006 5240 3578 5318; baseline -0.004 -21"><span class='ocrx_word' id='word_1_920' title='bbox 2006 5245 2268 5318; x_wconf 58' lang='lat' dir='ltr'><strong>Ruﬁnus.</strong></span> <span class='ocrx_word' id='word_1_921' title='bbox 2310 5243 2434 5318; x_wconf 41' lang='grc' dir='ltr'>Βεε-</span> <span class='ocrx_word' id='word_1_922' title='bbox 2475 5240 2634 5303; x_wconf 85' lang='grc' dir='ltr'>ιιΙΙιιε,</span> <span class='ocrx_word' id='word_1_923' title='bbox 2676 5250 2739 5318; x_wconf 83' lang='lat' dir='ltr'><strong>_ut</strong></span> <span class='ocrx_word' id='word_1_924' title='bbox 2765 5242 2980 5309; x_wconf 84' lang='lat' dir='ltr'><strong>opinor,</strong></span> <span class='ocrx_word' id='word_1_925' title='bbox 3013 5240 3252 5318; x_wconf 62' lang='lat' dir='ltr'><strong>negabit,</strong></span> <span class='ocrx_word' id='word_1_926' title='bbox 3290 5255 3408 5294; x_wconf 88' lang='lat' dir='ltr'><strong>eam</strong></span> <span class='ocrx_word' id='word_1_927' title='bbox 3442 5240 3578 5318; x_wconf 72' lang='lat' dir='ltr'><strong>scri-</strong></span> 
     </span>
    </p>
   </div>
   <div class='ocr_carea' id='block_1_118' title="bbox 2003 5310 3574 5383">
    <p class='ocr_par' dir='ltr' id='par_1_118' title="bbox 2003 5310 3574 5383">
     <span class='ocr_line' id='line_1_118' title="bbox 2003 5310 3574 5383; baseline -0.006 -16"><span class='ocrx_word' id='word_1_928' title='bbox 2003 5325 2219 5383; x_wconf 87' lang='lat' dir='ltr'><strong>pturam</strong></span> <span class='ocrx_word' id='word_1_929' title='bbox 2258 5314 2382 5383; x_wconf 89' lang='lat' dir='ltr'><strong>huic</strong></span> <span class='ocrx_word' id='word_1_930' title='bbox 2422 5312 2542 5366; x_wconf 92' lang='lat' dir='ltr'><strong>loco</strong></span> <span class='ocrx_word' id='word_1_931' title='bbox 2578 5310 2758 5383; x_wconf 82' lang='lat' dir='ltr'><strong>aptius</strong></span> <span class='ocrx_word' id='word_1_932' title='bbox 2804 5312 3117 5383; x_wconf 75' lang='lat' dir='ltr'><strong>convenire.</strong></span> <span class='ocrx_word' id='word_1_933' title='bbox 3154 5310 3391 5383; x_wconf 75' lang='lat' dir='ltr'><strong>Primum</strong></span> <span class='ocrx_word' id='word_1_934' title='bbox 3427 5310 3574 5383; x_wconf 81' lang='lat' dir='ltr'><strong>enim</strong></span> 
     </span>
    </p>
   </div>
   <div class='ocr_carea' id='block_1_119' title="bbox 2006 5377 3578 5439">
    <p class='ocr_par' dir='ltr' id='par_1_119' title="bbox 2006 5377 3578 5439">
     <span class='ocr_line' id='line_1_119' title="bbox 2006 5377 3578 5439; baseline -0.006 -2"><span class='ocrx_word' id='word_1_935' title='bbox 2006 5377 2223 5439; x_wconf 77' lang='lat' dir='ltr'><strong>veteres</strong></span> <span class='ocrx_word' id='word_1_936' title='bbox 2256 5382 2331 5437; x_wconf 90' lang='lat' dir='ltr'><strong>illi</strong></span> <span class='ocrx_word' id='word_1_937' title='bbox 2366 5382 2459 5436; x_wconf 88' lang='lat' dir='ltr'><strong>Dei</strong></span> <span class='ocrx_word' id='word_1_938' title='bbox 2488 5377 2810 5435; x_wconf 42' lang='lat' dir='ltr'><strong>voca—bulum</strong></span> <span class='ocrx_word' id='word_1_939' title='bbox 2860 5381 2960 5435; x_wconf 82' lang='lat' dir='ltr'><strong>soli</strong></span> <span class='ocrx_word' id='word_1_940' title='bbox 2993 5382 3137 5434; x_wconf 87' lang='lat' dir='ltr'><strong>Patri</strong></span> <span class='ocrx_word' id='word_1_941' title='bbox 3168 5380 3407 5433; x_wconf 88' lang='lat' dir='ltr'><strong>tribttere</strong></span> <span class='ocrx_word' id='word_1_942' title='bbox 3435 5377 3578 5430; x_wconf 84' lang='lat' dir='ltr'><strong>sole-</strong></span> 
     </span>
    </p>
   </div>
   <div class='ocr_carea' id='block_1_120' title="bbox 2004 5449 3573 5515">
    <p class='ocr_par' dir='ltr' id='par_1_120' title="bbox 2004 5449 3573 5515">
     <span class='ocr_line' id='line_1_120' title="bbox 2004 5449 3573 5515; baseline -0.005 -8"><span class='ocrx_word' id='word_1_943' title='bbox 2004 5454 2155 5515; x_wconf 87' lang='lat' dir='ltr'><strong>bant,</strong></span> <span class='ocrx_word' id='word_1_944' title='bbox 2198 5462 2257 5507; x_wconf 90' lang='lat' dir='ltr'><strong>nt</strong></span> <span class='ocrx_word' id='word_1_945' title='bbox 2291 5465 2477 5506; x_wconf 87' lang='lat' dir='ltr'><strong>uetum</strong></span> <span class='ocrx_word' id='word_1_946' title='bbox 2510 5461 2618 5506; x_wconf 92' lang='lat' dir='ltr'><strong>est.</strong></span> <span class='ocrx_word' id='word_1_947' title='bbox 2654 5449 2867 5506; x_wconf 86' lang='lat' dir='ltr'><strong>Deinde</strong></span> <span class='ocrx_word' id='word_1_948' title='bbox 2891 5452 2935 5504; x_wconf 89' lang='lat' dir='ltr'><strong>si</strong></span> <span class='ocrx_word' id='word_1_949' title='bbox 2970 5450 3270 5505; x_wconf 70' lang='lat' dir='ltr'><strong>Tbaddaaus</strong></span> <span class='ocrx_word' id='word_1_950' title='bbox 3299 5449 3573 5513; x_wconf 80' lang='lat' dir='ltr'><strong>Abgarnm</strong></span> 
     </span>
    </p>
   </div>
   <div class='ocr_carea' id='block_1_121' title="bbox 2002 5516 3575 5595">
    <p class='ocr_par' dir='ltr' id='par_1_121' title="bbox 2002 5516 3575 5595">
     <span class='ocr_line' id='line_1_121' title="bbox 2002 5516 3575 5595; baseline -0.009 -17"><span class='ocrx_word' id='word_1_951' title='bbox 2002 5524 2553 5595; x_wconf 13' lang='lat' dir='ltr'><strong>alloqueusruondum</strong></span> <span class='ocrx_word' id='word_1_952' title='bbox 2578 5521 2733 5595; x_wconf 84' lang='lat' dir='ltr'><strong>plena</strong></span> <span class='ocrx_word' id='word_1_953' title='bbox 2775 5521 3041 5595; x_wconf 82' lang='lat' dir='ltr'><strong>imbutum</strong></span> <span class='ocrx_word' id='word_1_954' title='bbox 3083 5520 3211 5578; x_wconf 82' lang='lat' dir='ltr'><strong>lide,</strong></span> <span class='ocrx_word' id='word_1_955' title='bbox 3242 5516 3429 5595; x_wconf 79' lang='lat' dir='ltr'><strong>Jesum</strong></span> <span class='ocrx_word' id='word_1_956' title='bbox 3476 5529 3575 5595; x_wconf 75' lang='lat' dir='ltr'><strong>ap-</strong></span> 
     </span>
    </p>
   </div>
   <div class='ocr_carea' id='block_1_122' title="bbox 2000 5592 3575 5665">
    <p class='ocr_par' dir='ltr' id='par_1_122' title="bbox 2000 5592 3575 5665">
     <span class='ocr_line' id='line_1_122' title="bbox 2000 5592 3575 5665; baseline -0.006 -18"><span class='ocrx_word' id='word_1_957' title='bbox 2000 5595 2255 5665; x_wconf 86' lang='lat' dir='ltr'><strong>pellasset</strong></span> <span class='ocrx_word' id='word_1_958' title='bbox 2289 5594 2477 5665; x_wconf 72' lang='lat' dir='ltr'><strong>Deum,</strong></span> <span class='ocrx_word' id='word_1_959' title='bbox 2503 5593 2556 5645; x_wconf 89' lang='lat' dir='ltr'><strong>id</strong></span> <span class='ocrx_word' id='word_1_960' title='bbox 2587 5592 2864 5665; x_wconf 72' lang='lat' dir='ltr'><strong>Abgarum</strong></span> <span class='ocrx_word' id='word_1_961' title='bbox 2902 5592 3120 5665; x_wconf 83' lang='lat' dir='ltr'><strong>turbare</strong></span> <span class='ocrx_word' id='word_1_962' title='bbox 3145 5592 3335 5665; x_wconf 84' lang='lat' dir='ltr'><strong>merito</strong></span> <span class='ocrx_word' id='word_1_963' title='bbox 3360 5592 3575 5665; x_wconf 74' lang='lat' dir='ltr'><strong>potuis-</strong></span> 
     </span>
    </p>
   </div>
   <div class='ocr_carea' id='block_1_123' title="bbox 1999 5660 3571 5732">
    <p class='ocr_par' dir='ltr' id='par_1_123' title="bbox 1999 5660 3571 5732">
     <span class='ocr_line' id='line_1_123' title="bbox 1999 5660 3571 5732; baseline -0.006 -14"><span class='ocrx_word' id='word_1_964' title='bbox 1999 5660 2104 5731; x_wconf 78' lang='lat' dir='ltr'><strong>set,</strong></span> <span class='ocrx_word' id='word_1_965' title='bbox 2143 5675 2196 5723; x_wconf 86' lang='lat' dir='ltr'><strong>et</strong></span> <span class='ocrx_word' id='word_1_966' title='bbox 2230 5664 2370 5717; x_wconf 87' lang='lat' dir='ltr'><strong>banc</strong></span> <span class='ocrx_word' id='word_1_967' title='bbox 2399 5662 2473 5715; x_wconf 93' lang='lat' dir='ltr'><strong>illi</strong></span> <span class='ocrx_word' id='word_1_968' title='bbox 2503 5664 2873 5732; x_wconf 87' lang='lat' dir='ltr'><strong>suspicionem</strong></span> <span class='ocrx_word' id='word_1_969' title='bbox 2921 5661 3167 5730; x_wconf 72' lang='lat' dir='ltr'><strong>injicere,</strong></span> <span class='ocrx_word' id='word_1_970' title='bbox 3191 5660 3330 5713; x_wconf 85' lang='lat' dir='ltr'><strong>duos</strong></span> <span class='ocrx_word' id='word_1_971' title='bbox 3383 5660 3516 5711; x_wconf 80' lang='lat' dir='ltr'><strong>deos</strong></span> <span class='ocrx_word' id='word_1_972' title='bbox 3536 5667 3571 5709; x_wconf 68' lang='grc' dir='ltr'>ι</span> 
     </span>
    </p>
   </div>
   <div class='ocr_carea' id='block_1_124' title="bbox 1999 5733 2608 5816">
    <p class='ocr_par' dir='ltr' id='par_1_124' title="bbox 1999 5733 2608 5816">
     <span class='ocr_line' id='line_1_124' title="bbox 1999 5733 2608 5816; baseline -0.007 -26"><span class='ocrx_word' id='word_1_973' title='bbox 1999 5734 2271 5803; x_wconf 68' lang='lat' dir='ltr'><strong>Tbaddsro</strong></span> <span class='ocrx_word' id='word_1_974' title='bbox 2300 5733 2608 5816; x_wconf 71' lang='lat' dir='ltr'><strong>pmdicari.</strong></span> 
     </span>
    </p>
   </div>
  </div>
