4154 6402
411 298 516 353 155

1404 294 1751 350 ΗΙΒΤΟΒῙΕ
1790 287 2350 353 ECCLESIASTICJE
2390 296 2517 355 LIB.
2562 297 2625 353 ll.

3562 313 3671 368 134

408 418 504 472 τοῦ
545 417 813 488 σωτηρίου
849 417 1021 486 Λόγου
1055 416 1188 488 (8i),
1215 419 1432 490 καὶτῆς
1459 419 1840 490 ἀρχαιολογίας
1881 421 1956 473 τῶ

2057 421 2272 481 Lnotari
2301 423 2570 490 oportuit,
2608 432 2721 478 tum
2761 424 2828 480 de
2863 427 3150 483 divinitate
3179 430 3368 497 Verbi,
3397 442 3450 488 et
3485 435 3550 490 de
3581 453 3672 490 ve-

406 511 508 583 τῆς
541 511 816 582 ἡμετέρας
870 510 1214 573 διδασκαλίας
1267 510 1576 580 δογμάτων,
1628 511 1987 583 ἀρχαιότητος

407 617 469 654 τε
501 600 598 670 τῆς
623 599 762 652 κατὰ
783 600 1138 669 Χριστιανοὺς
1165 600 1527 671 εύαγγελικῆς
1584 601 1877 664 πολιτείας,
1925 602 1985 653 οὐ

412 691 520 762 μὴν
548 691 682 744 ἁλλά
715 691 808 744 καὶ
835 693 933 744 ὅσα
965 692 1090 762 περὶ
1122 693 1219 761 τῆς
1252 692 1550 763 γενομένης
1597 691 1823 762 ἔναγχος
1866 695 1989 746 επις

408 782 636 849 φανείας
662 782 849 844 αὑτοῦ,
874 782 945 833 τά
969 800 1028 834 τε
1055 782 1182 852 περὶ
1220 781 1314 834 τοῦ
1359 782 1565 845 πάθους
1614 783 1708 835 καὶ
1757 783 1825 835 τὰ
1860 784 1988 854 περὶ

406 872 506 941 τῆς
533 871 640 922 τῶν
662 871 972 924 ἀποστόλων
1004 870 1231 940 ἐκλογῆς
1264 872 1322 922 ὲν
1356 869 1433 940 τῷ
1466 870 1572 942 πρὸ
1609 869 1821 932 τούτου,
1865 887 1988 922 συν-

405 961 664 1031 τεμόντες
714 961 812 1024 τὰς
855 961 1185 1026 ἀποδείξεις,
1230 961 1603 1032 διειλήφαμεν.
1646 961 1780 1032 Φέρε
1815 961 1859 1014 δ’
1891 962 1986 1014 ἐπὶ

406 1052 503 1106 τοῦ
539 1053 800 1124 παρόντος
842 1052 942 1122 ἤδη
987 1053 1080 1104 καὶ
1118 1051 1187 1104 τὰ
1221 1052 1358 1122 μετά
1393 1053 1488 1122 τὴν
1520 1052 1788 1123 ἀνάληψιν
1819 1053 1983 1106 αὑτοῦ

405 1145 844 1218 διασκεψώμεθα,
872 1146 942 1200 τὰ
985 1148 1081 1217 μὲν
1118 1149 1182 1200 ὲκ
1203 1147 1310 1200 τῶν
1360 1147 1518 1200 θείων
1569 1147 1986 1219 παρασημαινό-

409 1256 560 1308 μενοι
593 1240 959 1312 Γραμμάτων,
984 1240 1052 1292 τὰ
1083 1239 1128 1292 δ’
1163 1239 1359 1306 ἔξωθεν
1408 1239 1893 1312 προσιστοροῦντες
1926 1239 1984 1304 ἐξ

401 1323 478 1383 ὧν
533 1331 676 1384 κατὰ
745 1331 936 1402 καιρὸν
1007 1330 1455 1402 μνημονεύσομεν
1501 1331 1612 1403 (89.)
1657 1331 1984 1401 ὑπομνημά-

403 1439 533 1476 των.

933 1494 1330 1546 ΚΕΦΑΛΛΙΟΝ
1363 1489 1440 1546 Α’.

400 1585 542 1653 Περὶ
572 1585 680 1667 τῆς
705 1586 855 1666 μετὰ
886 1585 1002 1669 τὴν
1032 1585 1356 1669 ἀηεὶληψιχ.
1394 1586 1500 1669 τοῦ
1546 1577 1830 1669 ξριστοῢη
1855 1586 2003 1669 δια-Δ

517 1655 713 1727 γωγῆς
735 1655 851 1710 τῶν
871 1656 1410 1726 ἀποστόλων-..Μία
1445 1657 1514 1710 Il.
1542 1656 1609 1711 Ε.
1645 1673 1701 1717 tt.
1733 1657 1877 1729 1-6.)

2093 523 2298 568 tnstate
2330 514 2593 568 doctrina:
2625 527 2822 572 nostra:
2869 529 3031 588 atque
3072 524 3407 592 evangelica:
3457 527 3673 583 vivendi

2090 606 2278 661 formae
2315 625 2328 660 :
2363 618 2474 660 tttm
2509 610 2573 662 de
2610 612 2813 664 recenti
2845 613 3088 678 ejusdem
3122 615 3431 673 Scrvatoris
3465 619 3674 675 adven-

2090 705 2168 761 tu,
2201 698 2266 752 de
2295 699 2547 766 passione
2581 710 2634 754 et
2663 701 2730 754 de
2754 705 3119 772 apostolorum
3155 707 3425 764 electione
3453 751 3468 774 ,
3507 727 3673 781 snpe-

2089 787 2236 842 riore
2287 789 2428 844 libro
2457 792 2727 861 complexi
2779 810 2964 848 sumus
2992 837 3007 860 ,
3040 799 3270 868 adjectis
3313 811 3518 870 quanta
3551 803 3668 858 fieri

2086 879 2263 946 potuit
2328 880 2596 936 brevitate
2653 885 3082 952 probationibus.
3143 889 3296 946 Nunc
3351 909 3483 948 vero
3545 912 3668 965 quae

2086 981 2210 1037 post
2237 971 2356 1041 ejus
2384 976 2756 1029 ascensionem
2809 981 3097 1036 subsecuta
3143 996 3312 1048 sunt,
3369 989 3419 1040 iu
3468 988 3570 1041 hoc
3602 989 3668 1042 li-

2086 1062 2184 1116 bro
2231 1063 2623 1132 dispiciamus,
2679 1069 2876 1135 partim
2927 1087 2993 1124 ex
3035 1075 3209 1128 sacris
3257 1074 3476 1131 Litteris
3521 1079 3664 1147 peti-

2089 1161 2179 1217 ta,
2230 1154 2426 1222 partim
2477 1155 2642 1209 etiam
2693 1172 2761 1212 ex
2809 1159 2932 1213 aliis
2982 1167 3391 1232 momimentis,
3428 1183 3660 1236 quorum

2085 1259 2182 1299 suo
2219 1245 2337 1300 loco
2368 1261 2432 1302 ac
2467 1256 2711 1317 tempore
2740 1252 3070 1307 mentionem
3111 1253 3307 1312 facturi
3337 1273 3548 1314 sumus.

2647 1500 2758 1570 33
2791 1501 3020 1557 CAPUT
3053 1503 3093 1560 t.

2119 1583 2196 1640 De
2220 1587 2300 1642 his
2331 1605 2446 1659 qua:
2475 1593 2700 1659 apostoli
2755 1597 3146 1717 ῗΙηερίιιιει-ιιηι
3177 1607 3296 1666 post
3336 1615 3612 1656 ascensum

2821 1676 2981 1717 tristi.

2821 1676 2981 1719 ‘trtstt.

473 1749 695 1820 Πρῶτος
725 1748 1012 1819 τοιγαροῦν
1045 1749 1156 1820 (83)
1209 1751 1288 1813 είς
1341 1744 1440 1821 τὴν
1499 1750 1800 1822 ἀποστολὴν
1861 1751 1956 1805 ἀντ

2057 1822 2058 1826 η
2086 1839 2094 1840 7
2155 1749 2396 1804 Primum
2445 1750 2610 1822 igitur
2638 1753 2688 1807 in
2723 1755 2896 1809 locum
2929 1758 3225 1826 proditoris
3252 1758 3402 1816 Judat
3433 1773 3651 1832 aposto-

398 1839 492 1893 τοῦ
520 1841 774 1911 προδότου
823 1841 990 1894 Ἰούδα
1019 1841 1314 1911 κληροῦται
1335 1841 1601 1908 Ματθίας,
1633 1837 1713 1906 εἷς
1751 1844 1844 1896 καὶ
1877 1844 1975 1895 αὑ-

397 1932 509 1995 τὸς,
529 1933 604 1996 ὼς
636 1933 948 2005 δεδήλωται,
975 1934 1084 1986 τῶν
1105 1934 1198 1986 τοῦ
1232 1934 1437 2004 Κυρίου
1469 1934 1757 2004 γενόμενος
1793 1935 1972 2008 μαθη-

395 2024 524 2077 τῶν.
553 2023 918 2078 Καθίστανται
950 2025 1006 2077 δὲ
1029 2024 1095 2077 δι’
1126 2025 1290 2095 εὐχῆς
1326 2025 1418 2078 καὶ
1450 2025 1647 2095 χειρῶν
1677 2025 1972 2091 ἐπιθέσεως

395 2114 504 2169 τῶν
527 2117 834 2171 ἀποστόλων
865 2119 945 2181 είς
995 2119 1291 2183 διακονίαν,
1335 2119 1638 2190 ὑπηρεσίας
1682 2119 1843 2172 ἕνεκα
1877 2117 1970 2172 τοῦ

397 2207 599 2270 κοινοῦ,
632 2210 825 2280 ἄνδρες
857 2209 1303 2280 δεδοκιμασμένοι
1333 2205 1424 2263 τὸν
1463 2210 1692 2281 ἀριθμὸν
1727 2210 1866 2264 ἑπτὰ
1920 2213 1969 2264 οἱ

395 2299 539 2369 ἀμφὶ
554 2301 642 2352 τὸν
670 2301 942 2370 Στέφανον
961 2319 974 2331 ·
1004 2301 1062 2365 ὃς
1085 2302 1177 2354 καὶ
1205 2301 1415 2374 πρῶτος
1462 2302 1598 2373 μετὰ
1618 2302 1710 2357 τὸν
1743 2304 1966 2376 Κύριον,

397 2390 510 2460 ἅμα
538 2394 604 2461 τῇ
629 2391 930 2464 χειροτονίᾳ
959 2392 1091 2464 (84),
1128 2392 1314 2464 ὥσπερ
1345 2397 1422 2458 εἰς
1456 2395 1586 2448 αὐτὸ
1625 2395 1782 2449 τοῦτο
1837 2415 1970 2468 προ-

396 2481 579 2550 αχθεὶς
603 2523 618 2547 ,
669 2482 838 2548 λίθοις
871 2487 950 2548 εἰς
979 2485 1204 2539 θάνατον
1261 2483 1397 2557 πρὸς
1438 2487 1546 2539 τῶν
1590 2487 1967 2560 Κυριοκτόνων

395 2570 666 2641 βάλλεται.
707 2576 817 2629 Καὶ
843 2576 1014 2649 ταύτῃ
1051 2576 1283 2648 πρώτως
1319 2579 1415 2632 τὸν
1447 2578 1597 2650 αὐτῷ
1642 2580 1965 2653 φερώνυμον

389 2662 498 2715 τῶν
531 2665 814 2730 ἀξιονίκων
845 2667 938 2719 τοῦ
988 2668 1222 2739 Χριστοῦ
1283 2670 1574 2742 μαρτύρων
1627 2672 1966 2744 ἀποφέρεται

391 2754 668 2824 στέφανον.
701 2757 834 2810 Τότε
883 2758 1018 2829 δῆτα
1069 2760 1161 2813 καὶ
1198 2761 1451 2814 Ἰάκωϐον
1485 2761 1576 2814 τὸν
1621 2761 1715 2815 τοῦ
1758 2763 1964 2834 Κυρίου

386 2841 676 2917 λεγόμενον
732 2848 980 2918 ἀδελφὸν,
1035 2850 1116 2902 ὃτι
1180 2850 1243 2921 δὴ
1298 2852 1391 2906 καὶ
1427 2845 1581 2916 οὗτος
1625 2852 1720 2906 τοῦ
1766 2853 1963 2924 Ἰωσὴφ

385 2936 669 3008 ὠνόμαστο
695 2943 823 3005 παῖς
846 2958 859 2971 °
881 2941 977 2994 τοῦ
1008 2941 1064 2994 δὲ
1088 2943 1324 3014 Χριστοῦ
1360 2943 1582 3017 πατὴρό
1615 2943 1808 3016 Ἰωσὴφ
1828 2944 1960 3018 (85),

2083 1839 2252 1894 latum
2298 1842 2522 1896 sortitus
2549 1853 2636 1898 est
2673 1844 2929 1900 Matthias
2951 1887 2968 1911 ,
3003 1849 3094 1917 qui
3125 1888 3139 1912 ,
3185 1859 3247 1902 ut
3277 1853 3530 1920 superius
3563 1854 3651 1909 di-

2081 1942 2228 1986 ctum
2259 1941 2376 1996 est,
2413 1950 2552 1989 unus
2584 1951 2647 1990 ex
2686 1937 2896 1991 Domini
2929 1939 3211 2006 discipulis
3257 1941 3376 1996 fuit.
3411 1943 3532 1998 Mox
3561 1960 3650 2000 se-

2079 2036 2226 2094 ptem
2250 2036 2505 2094 spectatte
2532 2028 2748 2081 virtutis
2777 2029 2878 2082 viri
2911 2045 3005 2098 per
3030 2033 3393 2098 precationem
3425 2051 3648 2092 manus-

2081 2130 2188 2184 que
2243 2117 2643 2185 itupositionem
2701 2119 2913 2174 diaconi
2961 2121 3028 2175 ab
3065 2125 3327 2190 apostolis
3367 2128 3648 2183 constituti

2073 2217 2201 2263 sunt
2225 2248 2241 2270 ,
2273 2209 2365 2278 qui
2416 2208 2677 2264 Ecclesiae
2717 2212 3078 2266 ministerium
3132 2216 3476 2271 exhiberem.
3503 2219 3651 2285 Quo.

2073 2307 2192 2354 rum
2230 2316 2294 2355 ex
2348 2315 2577 2356 numero
2627 2301 2726 2354 fuit
2776 2300 3122 2372 Stephanus,
3169 2307 3258 2375 qui
3294 2309 3478 2363 statim
3525 2317 3651 2378 post

2071 2392 2467 2446 Ordinationetn
2497 2433 2512 2456 ,
2542 2393 2694 2459 quasi
2731 2393 2797 2445 ad
2825 2393 2924 2448 hoc
2959 2400 3333 2453 tantummodo
3363 2400 3648 2455 ordinatus

2072 2483 2262 2538 fuisset
2294 2485 2588 2546 diaconus.
2624 2486 2833 2554 primus
2867 2487 3108 2541 omnium
3140 2499 3262 2556 post
3289 2500 3514 2544 mortem
3543 2492 3648 2546 Do-

2069 2574 2223 2640 mini,
2259 2575 2324 2629 ab
2352 2576 2481 2645 ipsis
2514 2577 2604 2645 qui
2642 2575 2927 2632 Dominum
2958 2579 3271 2634 occiderant
3299 2582 3518 2647 Judasis,
3562 2584 3643 2638 ia-

2067 2666 2280 2734 pidibus
2307 2677 2389 2720 est
2431 2666 2660 2721 obrutus
2688 2686 2702 2732 ;
2735 2678 2899 2736 atque
2948 2669 3022 2722 ita
3070 2671 3277 2739 primus
3311 2672 3451 2727 inter
3483 2675 3644 2728 nobi-

2066 2759 2308 2814 lissimos
2361 2760 2561 2815 Christi
2613 2772 2885 2830 martyres
2951 2765 3366 2829 respondentem
3436 2767 3644 2821 numini

2067 2867 2165 2907 suo
2191 2866 2452 2907 coronam
2485 2851 2684 2906 retulit.
2717 2851 2869 2907 Tunc
2905 2854 3067 2906 etiam
3113 2852 3375 2908 Jacobum
3400 2855 3490 2923 qni
3533 2855 3643 2910 fra-

2069 2954 2148 2998 ter
2177 2944 2388 2998 Domini
2418 2944 2725 3009 dicebatur,
2755 2959 2821 2999 eo
2853 2946 2995 3015 quod
3023 2957 3171 3000 esset
3201 2945 3421 3016 Josephi
3458 2946 3638 3016 ﬁlius;

383 3123 573 3200 fuisse.
604 3126 1063 3200 Caeternmihujns
1088 3128 1304 3200 epochie
1329 3127 1725 3182 Edessenorum
1763 3129 1957 3182 memi-
1983 3134 2025 3192 (ς
2058 3127 2219 3200 hujus
2249 3128 2454 3200 rapitis;
2475 3129 2636 3183 titulo
2661 3129 2943 3183 emendavi
3006 3131 3281 3200 διαγωγῆς
3344 3130 3452 3183 τῶν
3497 3133 3636 3185 ἀπο-

384 3195 466 3249 ιιὶι
499 3197 759 3269 Eusebius
787 3199 837 3251 in
867 3195 1144 3269 Chronico,
1204 3198 1268 3250 ad
1296 3214 1518 3269 annum
1548 3215 1560 3252 t
1615 3200 1954 3269 Olympiadis

381 3279 568 3320 ccutv
605 3283 618 3318 :
653 3268 894 3336 Secundo
933 3285 1070 3321 anno
1098 3267 1433 3336 Probijtta'ta
1459 3267 1805 3322 Antiochenos
1833 3269 1958 3332 525,

380 3335 1067 3408 “acJuxta-Edessena,
1115 3339 1244 3400 588,
1280 3335 1486 3390 insana
1536 3338 1955 3408 Manicltworum

381 3406 617 3476 (intretis,
646 3409 701 3459 in
727 3406 998 3460 commune
1026 3409 1242 3462 humani
1278 3410 1480 3476 generis
1523 3407 1720 3460 malum
1749 3419 1951 3462 exorta.

381 3473 444 3526 Hi
484 3487 664 3546 autem
693 3478 818 3528 anni
861 3473 1380 3532 Edessenorum'ab
1434 3478 1730 3530 autumnali
1785 3479 1956 3546 aequi-

381 3544 563 3618 noctio
586 3547 1198 3618 sutiteliantexordiutn,
1236 3555 1296 3601 ut
1331 3562 1446 3601 mos
1467 3547 1568 3600 fuit
1594 3544 1868 3618 Syrorum
1897 3557 1954 3602 et

381 3613 626 3665 omnium
671 3613 784 3668 fere
815 3615 1198 3670 Orientalium.

450 3682 565 3755 (81)
605 3681 715 3752 Τῆς
740 3701 802 3738 τε
825 3687 1133 3755 θεολογίας
1181 3683 1314 3752 πέρι
1358 3684 1464 3738 τοῦ
1512 3685 1806 3752 σωτηρίου
1836 3685 1950 3738 Λό-

375 3769 504 3827 νοο.
541 3753 632 3808 Sic
662 3753 1034 3818 scribendum,
1057 3765 1329 3827 praeeunte
1349 3755 1580 3827 llenrico
1612 3757 1833 3827 Savilio,
1862 3758 1954 3824 qui

378 3822 578 3896 etipse
611 3838 896 3896 accentum
930 3822 1329 3895 prapositionis
1347 3834 1473 3896 περί
1502 3826 1554 3877 in
1590 3825 1818 3893 primam
1842 3822 1953 3896 sil-

381 3893 558 3947 Iabam
603 3895 896 3964 rejccit,uti
923 3893 1208 3951 ileri‘solet
1239 3893 1455 3964 quoties
1486 3893 1956 3964 prmpositio.qitaa

378 3965 571 4028 praeire
602 3965 886 4030 debuerat,
941 3967 1286 4036 postponitur
1330 3966 1740 4036 vocabitlo.’Sic
1787 3967 1953 4036 igitur

373 4037 733 4106 construenda
754 4044 839 4090 est
859 4033 1034 4092 oratio
1060 4033 1217 4106 ἔπερί
1235 4053 1294 4088 τε
1316 4034 1415 4104 τῆς
1430 4033 1704 4106 θεολογίας
1724 4035 1817 4088 τοῦ
1850 4053 1955 4090 σω-

377 4097 566 4177 τηρίαν
592 4100 788 4177 ᾼόγου.
821 4106 955 4160 Nam
980 4097 1295 4177 prteposnio
1331 4097 1458 4175 περί
1497 4097 1725 4177 refertur
1753 4108 1818 4158 ad
1853 4122 1948 4177 vn-

377 4170 492 4226 cem
518 4170 816 4243 θεολογίας,
850 4192 955 4231 non
981 4170 1166 4232 autein
1203 4177 1268 4230 ad
1305 4170 1570 4246 σωτηρίου
1611 4176 1805 4246 Λόγου.
1865 4176 1948 4228 Id-

371 4257 483 4318 que
508 4247 951 4318 manifestissime
985 4256 1207 4318 apparet
1236 4261 1303 4318 ex
1335 4244 1684 4313 sequentibus
1725 4244 1944 4318 Eusebii

371 4313 573 4386 verbis.
607 4317 869 4386 Sequitur
887 4313 1033 4370 enini
1056 4313 1115 4370 in
1150 4319 1252 4371 Itac
1276 4317 1400 4386 ipsa
1424 4318 1668 4380 periodo,
1721 4315 1784 4367 οὐ
1838 4315 1946 4386 μὴν

2069 3198 2292 3256 στόλων,
2346 3197 2767 3264 suﬂ'ragatttibus
2843 3211 3074 3266 quatuor
3112 3197 3408 3254 codicibus
3471 3201 3632 3267 Mam,

2065 3267 2229 3330 Μαί..
2258 3267 2392 3322 Fuk.
2418 3283 2480 3322 ac
2514 3269 2704 3329 Savil..
2729 3270 2926 3336 quibus
2955 3273 3218 3323 coissentit
3264 3272 3424 3322 etiam
3479 3271 3632 3324 Ruti-

2064 3355 2199 3402 ttus;
2233 3338 2310 3390 sic
2336 3339 2478 3390 enim
2505 3340 2667 3390 vertit
2693 3357 2705 3390 :
2746 3337 2820 3390 De
2849 3346 2949 3390 vita
2975 3351 3020 3390 et
3050 3340 3378 3390 institutione
3421 3352 3632 3403 aposto-

2059 3409 2229 3460 lorum
2255 3420 2370 3474 post
2399 3409 2750 3460 ascensionem
2779 3408 2996 3460 Christi.
3027 3407 3185 3460 Solus
3215 3410 3385 3460 codex
3427 3408 3629 3477 Regius

2053 3478 2314 3542 scriptum
2345 3477 2820 3546 liabetotatayﬁg.

2125 3547 2236 3613 (84)
2267 3547 2412 3614 Ἅμα
2453 3545 2526 3614 τῇ
2551 3545 2903 3615 χειροτονίᾳ.
2950 3546 3067 3611 Quo
3127 3561 3268 3599 anno
3322 3545 3629 3615 Stephanus

2049 3617 2582 3687 martyriicoronam
2620 3619 2844 3684 adeptus
2875 3618 2965 3676 sit,
3026 3632 3132 3670 non
3177 3618 3430 3687 convnnit
3482 3616 3628 3672 inter

2045 3685 2255 3743 omnes.
2291 3685 2396 3738 Alii
2430 3690 2616 3740 eodem
2665 3703 2807 3738 anno
2837 3702 2943 3754 qtto
2981 3702 3172 3751 passus
3222 3697 3301 3740 est
3327 3686 3624 3754 Christus,

2054 3755 2347 3828 lapidatum
2376 3754 2522 3828 illum
2548 3770 2670 3828 esse
2690 3756 2900 3828 volunt,
2926 3771 2997 3810 vn
3029 3756 3295 3828 Calendas
3316 3753 3624 3828 Ianuarias.

2053 3825 2127 3880 Ita
2153 3827 2360 3879 diserte
2392 3825 2655 3878 scribitur
2687 3827 2738 3878 itt
2775 3828 3056 3892 Excerptis
3074 3825 3477 3891 chronolog‘icis
3502 3841 3623 3893 quas

2053 3911 2178 3950 cum
2217 3895 2432 3949 Eusebii
2459 3893 2722 3948 Chronico
2743 3897 2913 3948 edidit
2944 3896 3208 3961 Scaliger,
3250 3911 3370 3964 pag.
3427 3894 3514 3950 68.
3554 3896 3620 3949 Et

2054 3966 2167 4020 lucc
2198 3965 2362 4018 fuisse
2385 3965 2599 4018 videtur
2628 3966 2842 4018 Eusebii
2871 3966 3158 4028 sententia,
3185 3975 3240 4017 ut
3269 3982 3333 4019 ex
3368 3964 3469 4018 hoc
3507 3965 3625 4021 loco

2052 4045 2299 4106 apparet.
2338 4035 2442 4106 Alii
2491 4049 2653 4106 vero,
2687 4035 2922 4106 triennio
2964 4045 3083 4102 post
3139 4036 3361 4106 Christi
3393 4047 3622 4106 mortem

2052 4103 2369 4175 martyrium
2397 4104 2656 4175 Stephani
2687 4105 3005 4175 retulerunt,
3024 4120 3166 4158 anno
3185 4105 3384 4157 Tiberii
3409 4103 3619 4175 uliimo.

2047 4175 2124 4228 lta
2151 4172 2342 4229 scribit
2373 4175 2426 4226 in
2471 4174 2730 4227 Chronico
2779 4173 3046 4244 Georgius
3107 4175 3408 4244 Syucellus.
3463 4172 3616 4228 Multi

2047 4249 2211 4298 etiam
2239 4245 2464 4297 ulterius
2489 4255 2870 4311 processerunt
2891 4283 2905 4306 ,
2943 4243 2995 4297 et
3023 4243 3353 4313 Stephanum
3381 4259 3522 4295 anno
3547 4245 3615 4298 ab

2047 4316 2392 4368 ordinatione
2419 4330 2514 4366 sua
2542 4318 2772 4381 septimo
2803 4329 3019 4380 passum
3065 4329 3187 4367 esse
3245 4315 3607 4380 scripserunt.

370 4380 633 4459 ἀλλάηκαι
655 4380 753 4438 ὅσα
769 4404 843 4459 ,πε
853 4387 906 4459 ρὶ
927 4387 1027 4458 τῆς
1048 4380 1344 4459 γενομένης
1377 4384 1602 4459 ἔναγχος
1629 4380 1948 4453 ἐπιφανέίάς

2057 4385 2190 4438 Inter
2212 4400 2347 4459 quos
2369 4395 2451 4437 est
2481 4380 2713 4437 Evodius
2740 4382 3301 4459 apudLNicepltormn,
3337 4381 3614 4459 etillippof

369 4453 556 4506 αὑτοῦ.
590 4455 699 4508 Nec
730 4451 888 4510 alitc'r
933 4451 1240 4513 cons-trutiit
1288 4451 1648 4525 Nicephorus,
1685 4451 1744 4509 ut
1793 4466 1942 4524 patet
1973 4463 2018 4518 ι)
2047 4455 2188 4525 lytus
2213 4453 2529 4525 'i‘ltebanus,
2557 4464 2609 4506 et
2638 4462 2826 4506 auctor
2850 4451 3092 4525 Chronici
3123 4454 3494 4515 Alexandrini,
3519 4454 3613 4521 qui

367 4537 432 4576 ex
467 4525 618 4580 initio
643 4526 760 4579 libri
796 4529 1040 4582 secItndi.

438 4595 551 4666 (82)
587 4595 1117 4666 Μνημονεύίτομεν.
1167 4595 1287 4650 Jam
1349 4596 1553 4664 pridem
1603 4595 1936 4661 conieceram

365 4665 710 4740 scribendum
735 4683 855 4720 esse
889 4665 1352 4740 μνημονεύσομεν,
1385 4682 1482 4734 pro
1512 4679 1578 4719 eo
1610 4667 1753 4740 quod
1781 4675 1936 4719 antea

364 4726 666 4808 legebatur,
695 4737 720 4787 ὲ
730 4754 834 4808 μνη
843 4726 1212 4808 μονεύσαμεν,
1233 4726 1423 4808 ἰιιβοίιι
1448 4751 1533 4808 ille
1568 4726 1936 4808 conjecturam

365 4754 666 4800 tegebatur,
695 4754 720 4787 ε
771 4755 1212 4808 νημονευσαμεν,
1251 4754 1423 4789 meam
1448 4754 1533 4796 me
1568 4754 1936 4804 conjecturam

364 4803 693 4876 confirmant
729 4754 928 4876 iicgius
963 4813 1129 4864 codex
1163 4818 1218 4863 et
1265 4805 1594 4868 MaZarinns,
1639 4806 1692 4858 in
1741 4807 1936 4876 quibus

363 4873 438 4944 ita
466 4874 665 4927 diserte
695 4868 956 4944 scriptum
988 4880 1187 4933 inveni.
1223 4879 1275 4931 In
1306 4877 1442 4930 Med.
1491 4886 1671 4928 autem
1717 4868 1769 4927 et
1796 4868 1932 4929 Fuit.

363 4942 560 5018 iegitur
589 4942 1050 5018 μνημονεύσωμεν
1072 4988 1087 5013 ,
1150 4948 1606 5016 quemadmodum
1665 4946 1854 5018 etiam!
1880 4947 1933 4998 in

361 5011 637 5068 Mazarino
683 5011 1034 5072 emendatum
1077 5011 1180 5073 est'
1222 5018 1524 5072 recentiore
1583 5030 1769 5067 manu.
1814 5014 1930 5068 Non

362 5084 717 5158 dissimulabo
763 5097 964 5151 tamen,
1001 5089 1268 5158 vulgatam
1311 5087 1596 5140 lectionem
1645 5084 1700 5138 iu
1745 5087 1932 5140 codice

358 5145 528 5224 Regio
556 5145 974 5224 superscriptam
1010 5145 1131 5211 esse
1156 5159 1342 5212 eadem
1377 5171 1561 5210 manu.

431 5223 543 5296 (85)
568 5225 806 5293 Πρῶτος
831 5223 1164 5296 τοιγαροῦν.
1211 5227 1294 5280 Ab
1336 5229 1417 5280 his
1471 5225 1651 5278 verbis
1695 5225 1928 5296 primum

359 5295 520 5362 caput
552 5299 730 5349 exorsi
764 5295 970 5359 sumus,
1023 5300 1217 5364 partim
1267 5296 1472 5360 Rutiui,
1534 5297 1728 5363 partim
1775 5295 1926 5364 Regii

361 5366 565 5434 codicis
591 5377 644 5420 ct
691 5367 830 5420 Maz.
881 5379 935 5421 et
987 5365 1121 5420 Fuk.
1184 5369 1558 5420 auctoritatem
1613 5376 1924 5434 sequentes.

358 5432 495 5506 Nam
555 5451 675 5505 qua:
733 5439 1074 5505 praecedunt,
1126 5437 1371 5506 proauuii
1434 5436 1612 5506 locum
1658 5432 1922 5506 obtinent.

359 5505 564 5574 Quippe
597 5507 859 5561 Eusebius
881 5508 1105 5578 singulis
1128 5505 1385 5560 historia:
1411 5505 1711 5578 sutelibris
1741 5506 1924 5559 brevia

357 5579 600 5642 quaedam
639 5580 898 5646 prooemia
922 5575 1058 5633 sciet
1098 5579 1395 5647 praeﬁgere,
1443 5575 1638 5645 quibus
1687 5585 1796 5628 tum
1854 5589 1917 5628 ea

356 5658 474 5715 (tua)
505 5649 781 5715 superiore
812 5647 948 5703 libro
977 5649 1118 5704 dicta
1155 5659 1283 5702 sunt
1309 5647 1616 5699 summatim
1649 5655 1913 5708 recenset,

359 5711 468 5785 ium
493 5730 554 5769 ea
575 5711 705 5785 quae
734 5719 976 5774 dicturus
1010 5729 1092 5774 est
1127 5719 1394 5784 insinuat.
1448 5715 1602 5781 Quod
1649 5726 1833 5785 tamen
1883 5731 1914 5768 a

359 5781 848 5858 Cbristop'horsouo
885 5781 1225 5847 miniute'est
1246 5792 1615 5847 observatum.
1647 5784 1820 5844 Porro
1864 5786 1918 5840 in

2043 4524 2186 4578 anno
2211 4524 2420 4578 Claudii
2470 4525 2644 4590 primo
2669 4524 2991 4592 martyrium
3037 4525 3292 4591 Stephani
3330 4527 3610 4592 assignat.

2039 4593 2169 4661 Quae
2194 4595 2465 4646 sententia
2495 4594 2641 4653 hinc.
2670 4603 2726 4645 ut
2749 4591 2964 4660 opinor,
3013 4593 3270 4646 manavit.
3325 4591 3428 4646 Pro
3461 4601 3612 4646 certo

2039 4666 2244 4718 scilicet
2277 4664 2566 4723 habebant,
2587 4662 2808 4715 Paulum
2843 4663 3032 4731 paucis
3052 4663 3240 4716 diebus
3269 4673 3385 4729 post
3405 4663 3608 4731 caedem

2039 4733 2298 4802 Stephani
2328 4736 2394 4785 ad
2426 4732 2630 4786 Christi
2665 4733 2822 4785 lidetn
2844 4728 3040 4786 'l'uisse
3064 4728 3608 4786 converSnm.‘Eum-

2037 4807 2160 4857 dent
2189 4819 2316 4856 vero
2343 4819 2488 4856 anno
2521 4803 2902 4856 conversionis
2950 4818 3061 4856 sua:
3085 4804 3248 4856 tertio
3296 4802 3608 4871 Hierosoly-

2036 4889 2122 4927 ma
2147 4875 2452 4935 advenisse,
2486 4872 2658 4938 ipsius
2685 4873 2996 4926 testimonio
3046 4873 3368 4926 didicerant.
3396 4873 3448 4923 Id
3491 4886 3605 4939 pot-

2035 4959 2097 4996 ro
2121 4945 2388 4997 accidisse
2429 4958 2572 4995 anno
2600 4943 2807 4995 Claudii
2844 4945 3028 5002 tet-tio,
3063 4943 3221 5010 paulo
3244 4953 3368 4996 ante
3397 4943 3605 4995 obitum

2033 5012 2264 5067 Herodis
2286 5011 2558 5081 Agrippzc,
2587 5026 2655 5066 ex
2698 5011 2856 5066 Luca:
2901 5013 3128 5067 biStoria
3165 5014 3368 5082 optime
3389 5013 3602 5066 conclu-

2031 5085 2254 5137 debant.

2103 5154 2214 5223 (85)
2245 5149 2431 5220 Οὗτος
2463 5151 2569 5206 τοῦ
2602 5150 2812 5222 Ἰωσὴφ
2838 5151 3150 5223 ὠνόμαστο
3179 5150 3354 5217 παῖς-ε
3393 5149 3500 5223 τοῦ
3535 5149 3601 5203 δὲ

2027 5221 2285 5292 Χριστοῦ
2312 5224 2508 5292 πατὴρ
2540 5225 2573 5276 ό
2613 5223 2847 5291 Ἰωσήφ.
2898 5221 3100 5275 Horum
3145 5225 3432 5274 verborum
3482 5221 3600 5292 loco

2030 5291 2082 5348 in
2122 5294 2425 5349 Fultetiano
2461 5291 2514 5347 et
2544 5295 2822 5345 Savdiano
2853 5294 3040 5345 codice
3069 5293 3140 5344 ita
3181 5293 3441 5356 scriptum
3501 5291 3597 5341 Ita-

2029 5367 2188 5418 betur
2221 5383 2236 5421 :
2265 5360 2430 5427 Οῦτος
2467 5362 2579 5425 υίὸς
2616 5358 2684 5433 ἢν
2737 5363 2843 5433 τοῦ,
2883 5361 3077 5431 Ἰωσὴφ
3108 5360 3202 5414 τοῦ
3240 5359 3598 5433 νομιζομένου

2026 5435 2187 5489 οἱονεὶ
2218 5435 2422 5505 πατρὸς
2461 5433 2554 5486 τοῦ
2611 5430 2869 5503 Χριστοῦ,
2939 5430 3041 5505 le\i
3090 5431 3420 5505 discrimine,
3472 5445 3593 5505 cum

2027 5507 2168 5560 idem
2214 5509 2284 5560 sit
2333 5498 2916 5572 'utrobique‘sensus.
2973 5504 3064 5554 Ait
3108 5501 3274 5572 igitur
3334 5498 3596 5572 Eusebius

2023 5574 2308 5647 Iacobum,
2365 5577 2457 5644 qtti
2509 5566 2575 5647 ini
2617 5574 2906 5647 Evangeiio
2938 5585 2990 5626 et
3031 5573 3100 5647 _in_
3133 5566 3591 5647 Episiolisfanli

2025 5646 2196 5702 frater
2255 5637 2474 5701 Dom-ini
2524 5637 2967 5708 diciturftilium
3023 5637 3199 5695 fuisse
3255 5637 3473 5706 Josephi
3523 5653 3592 5708 est

2025 5718 2129 5774 alia
2172 5721 2418 5788 coiijuge,
2477 5731 2641 5786 quam
2686 5707 2957 5784 stcphus
3023 5719 3150 5765 ante
3219 5708 3444 5763 Mariam
3490 5707 3597 5761 sibi
