4154 6406
423 327 527 381 137

1437 321 1784 379 ΠΙΞΤΟΒΙᾹΞ
1824 318 2388 376 εςειΕειΑδΤιείΕ
2428 320 2556 378 LIB.
2601 322 2663 376 ll.

3552 328 3654 383 158

420 440 691 509 στήσατο·
729 436 899 490 εἰσέτι
940 453 997 488 τε
1056 434 1150 489 νῦν
1198 434 1256 501 ἐξ
1313 436 1520 489 ἐκείνου
1572 437 1605 505 ή
1675 436 1825 489 πᾶσα
1888 433 1965 487 τῶ

2069 446 2203 501 set,
2240 437 2456 492 tandem
2494 435 2759 490 salutaris
2807 435 3061 490 doctrinae
3110 438 3387 494 auditores
3405 434 3656 493 reddidit.

429 529 759 599 Ἐδεσσηνῶν
805 528 984 592 πόλις,
1039 531 1105 599 τῇ
1143 528 1238 581 τοῦ
1286 526 1522 599 Χριστοῦ
1569 526 1990 598 προσανάκειται

417 622 778 695 προσηγορίᾳ,
816 622 877 674 οὐ
928 621 989 673 τὸ
1019 621 1177 691 τυχὸν
1227 620 1595 692 ἐπιφερομένη
1640 620 1835 690 δεῖγμα
1894 620 1992 688 τῆς

412 713 508 768 τοῦ
541 712 794 785 Σωτῆρος
824 712 981 782 ἡμῶν
1015 712 1111 766 καὶ
1147 714 1227 776 εἰς
1264 714 1462 775 αὐτοὺς
1491 712 1824 783 εὐεργεσίας.
1879 712 1990 764 Καὶ

409 804 585 858 ταῦτα
622 805 721 874 μὲν
746 802 821 866 ὡς
845 802 905 868 ἐξ
939 802 1180 873 ἀρχαίων
1215 804 1456 875 ἱστορίας
1486 804 1741 875 εἰρήσθω.
1775 802 1986 857 Μετίω-

413 912 515 965 μεν
543 894 590 946 δ’
626 890 783 957 αὖθις
825 892 917 945 ἐπὶ
951 893 1050 964 τὴν
1076 891 1225 946 θείαν
1255 893 1498 964 Γραφήν.
1534 893 1831 964 Γενομένου
1852 892 1988 961 δῆτα

408 987 504 1040 ἐπὶ
534 988 599 1057 τῇ
641 985 736 1039 τοῦ
765 985 1037 1055 Στεφάνου
1075 985 1353 1057 μαρτυρίᾳ
1374 984 1593 1056 πρώτου
1615 986 1708 1038 καὶ
1732 985 1987 1056 μεγίστου

408 1076 545 1148 πρὸς
583 1076 762 1130 αὐτῶν
820 1075 1084 1129 Ἰουδαίων
1143 1075 1283 1129 κατὰ
1344 1076 1447 1146 τῆς
1494 1079 1550 1129 ἐν
1598 1075 1987 1147 Ἰεροσολύμοις

419 1168 741 1240 Ἐκκλησίας
771 1168 1036 1239 διωγμοῦ,
1068 1168 1285 1221 πάντων
1320 1185 1379 1221 τε
1405 1168 1510 1221 τῶν
1546 1168 1825 1239 μαθητῶν,
1849 1168 1988 1239 πλὴν

404 1258 614 1313 ὅτιτῶν
641 1258 849 1312 δώδεκα
886 1258 1083 1329 μόνων,
1115 1258 1217 1312 άνὰ
1244 1258 1343 1331 τὴν
1384 1259 1644 1311 Ἰουδαίαν
1660 1276 1719 1312 τε
1753 1259 1849 1312 καὶ
1882 1260 1986 1312 Σα-

408 1349 638 1420 μάρειαν
674 1347 1101 1420 διασπαρέντων·
1135 1350 1296 1412 τινὲς,
1334 1347 1411 1411 ῶς
1448 1351 1663 1420 φησινὴ
1711 1348 1828 1402 θεία
1856 1350 1894 1402 Γ
1898 1367 1988 1421 ρα-

405 1441 501 1513 φὴ,
524 1441 820 1506 διελθόντες
857 1442 961 1506 ἕως
986 1443 1239 1515 Φοινίκης
1268 1443 1362 1496 καὶ
1391 1442 1617 1514 Κύπρου
1645 1443 1740 1497 καὶ
1786 1444 1988 1496 Ἀντιο‹

400 1532 574 1604 χείας,
600 1530 751 1585 οὔπω
793 1532 889 1603 μὲν
946 1530 1152 1585 ἔθνεσιν
1186 1526 1288 1586 οἷοί
1325 1548 1385 1584 τε
1438 1526 1578 1602 ἦσαν
1623 1529 1718 1583 τοῦ
1761 1530 1859 1600 τῆς
1893 1530 1984 1583 πί-

402 1640 572 1689 στεως
601 1624 936 1695 μεταδιδόναι
982 1624 1142 1693 λόγου
1187 1623 1428 1695 τολμᾷν,
1488 1623 1667 1694 μόνοις
1694 1621 1752 1675 δὲ
1798 1622 1986 1675 τοῦτον

416 1715 692 1779 Ἰουδαίοις
726 1715 1110 1787 κατήγγελλον.
1157 1713 1467 1786 Τηνικαῦτα
1491 1715 1585 1767 καὶ
1629 1712 1840 1777 Παῦλος
1865 1714 1984 1767 ὲλυ-

2092 526 2306 581 Abhinc
2335 528 2585 581 universa
2628 525 3026 581 Etlessenorum
3055 528 3248 583 civitas
3268 569 3283 593 ,
3316 528 3522 600 quippe
3544 544 3665 599 qua)

2091 634 2196 672 non
2221 618 2445 689 vulgare
2468 616 2781 673 Servaloris
2815 619 2983 672 nostri
3016 633 3146 689 erga
3191 636 3249 676 se
3274 620 3664 679 benevolentia:
3711 680 3717 709 ξ

2091 709 2349 765 indicium
2385 709 2695 779 possideat,
2747 710 2864 778 ejus
2911 712 3113 766 nomini
3166 714 3431 771 hactenus
3482 716 3661 772 dicata

2090 800 2401 869 permansit.
2434 799 2502 853 Et
2535 800 2650 855 haec
2674 802 2889 871 quidem
2925 818 2991 857 ex
3024 812 3263 859 veterum
3296 813 3662 864 monumentis

2090 890 2370 960 desumpta
2398 900 2541 947 sunt.
2575 891 2729 946 Nunc
2757 893 2824 946 ad
2841 893 3078 948 divinam
3110 894 3451 964 Scripturam
3488 909 3663 955 trans-

2090 993 2296 1036 eamus.
2352 980 2483 1036 Post
2526 983 2847 1052 martyrium
2896 983 3177 1054 Stephani,
3216 1003 3338 1041 cum
3370 992 3540 1058 prima
3570 1005 3663 1044 ea-

2089 1072 2321 1141 demque
2352 1072 2676 1142 gravissima
2713 1071 3020 1129 Jndarorum
3057 1078 3363 1142 persecutio
3397 1080 3661 1135 adversus

2089 1160 2632 1233 Hierosolymitanam
2678 1162 2979 1218 Ecclesiam
3023 1176 3208 1220 coorta
3235 1177 3380 1222 esset
3412 1208 3424 1233 ,
3454 1169 3660 1225 cunctis

2087 1252 2289 1307 Chrisﬁ
2340 1253 2623 1322 discipulis
2664 1262 2859 1321 praeter
2906 1253 3186 1309 duodecim
3235 1256 3515 1325 apostolos
3562 1273 3661 1327 per

2086 1343 2324 1400 Iudaeam
2384 1344 2798 1414 Samariamqne
2847 1345 3146 1417 dispersis;
3177 1348 3415 1401 nonnulli
3468 1363 3657 1403 eorum

2088 1449 2256 1504 usque
2286 1435 2353 1490 ad
2386 1435 2700 1491 Phoenicem
2727 1445 2781 1490 et
2805 1437 3037 1509 Cyprum
3073 1448 3127 1493 et
3159 1439 3499 1494 Antiochiam
3530 1455 3659 1510 pro-

2087 1526 2259 1595 gressi
2292 1526 2375 1598 (ut
2401 1541 2558 1581 sacra
2583 1536 2814 1583 testatur
2836 1527 3140 1599 Scriptura)
3174 1531 3293 1585 fidei
3331 1530 3659 1586 Christianae

2087 1632 2395 1672 sermonem
2442 1618 2698 1687 gentibus
2728 1619 2948 1687 quidem
2986 1621 3222 1674 nomium
3257 1622 3659 1677 communicare

2089 1708 2379 1773 audebant,
2414 1709 2508 1765 sed
2539 1709 2669 1764 solis
2697 1707 2901 1765 Judais
2932 1710 3083 1765 illum
3121 1713 3510 1779 przedicabant.
3540 1714 3656 1780 Qua

402 1804 624 1877 μαίνετο
653 1805 820 1859 εἰσέτι
852 1785 973 1859 τότε
1000 1806 1098 1877 τὴν
1138 1785 1484 1876 Ἐκκλησίαν,
1518 1806 1635 1859 κατ’
1662 1804 1841 1869 οίκους
1871 1805 1966 1859 τῶι

2086 1810 2405 1877 tempestate
2430 1802 2629 1859 Paulus
2666 1806 2959 1860 etiamnum
2990 1807 3282 1862 Ecclesium
3314 1806 3607 1864 infestabat
3638 1851 3653 1875 ,

399 1896 607 1949 πιστῶν
641 1898 1111 1968 εἰσπορευόμενος,
1158 1898 1337 1968 σύρων
1374 1914 1434 1949 τε
1480 1896 1677 1969 ἄνδρας
1729 1899 1822 1951 καὶ
1876 1914 1977 1966 γυ-

399 1992 624 2053 ναῖκας,
672 1990 765 2043 καὶ
820 1991 901 2053 είς
958 1989 1203 2060 φυλακὴν
1256 1990 1604 2063 παραδιδούς.
1674 1988 1833 2043 Ἀλλά
1884 1989 1977 2043 καὶ

395 2082 676 2147 Φίλιππος,
708 2078 788 2146 εἷς
808 2082 919 2136 τῶν
952 2083 1067 2154 ἅμα
1093 2084 1349 2154 Στεφάνῳ
1382 2082 1874 2156 προχειρισθέντων
1896 2083 1977 2146 εἰς

396 2173 492 2245 τὴν
523 2173 818 2239 διακονίαν,
853 2175 911 2226 ὲν
945 2177 1057 2238 τοῖς
1087 2175 1432 2247 διασπαρεῖσι
1448 2176 1760 2245 γενόμενος,
1796 2174 1976 2229 κάτει-

397 2282 480 2317 σιν
509 2267 590 2329 cl;
619 2265 718 2337 τὴν
748 2266 1080 2339 Σαμάρειαν,
1116 2266 1265 2332 θείας
1317 2284 1377 2319 τε
1410 2266 1659 2337 ἔμπλεως
1687 2265 1763 2321 ὣν
1814 2265 1973 2320 δυνά-

402 2374 564 2427 μεως,
600 2359 858 2429 κηρύττει
884 2358 1096 2431 πρῶτος
1124 2361 1235 2422 τοίς
1270 2357 1458 2413 αὐτόθι
1491 2358 1583 2412 τὸν
1640 2356 1813 2427 λόγον.
1869 2358 1972 2409 Το-

400 2447 569 2516 σαύτη
588 2448 630 2501 δ’
652 2448 800 2519 αὐτῷ
830 2448 948 2502 θεία
979 2450 1235 2519 συνήργει
1264 2448 1441 2520 χάρις,
1485 2447 1561 2510 ὼς
1615 2447 1710 2501 καὶ
1754 2446 1972 2517 Σίμωνα

396 2539 487 2592 τὸν
519 2539 707 2608 Μάγον
743 2540 878 2611 μετά
911 2541 1178 2594 πλείστων
1202 2539 1406 2612 ἐτέρων
1438 2538 1647 2609 ἀνδρῶν
1681 2537 1813 2609 (90),
1858 2540 1972 2602 τοῖς

393 2630 558 2685 αὐτοῦ
598 2631 778 2701 λόγοις
800 2632 1071 2704 ἑλχθῆναι.
1105 2630 1228 2685 Ἐπὶ
1244 2631 1493 2685 τοσοῦτον
1520 2632 1566 2686 δ’
1596 2635 1624 2686 ὁ
1657 2632 1840 2703 Σίμων
1878 2631 1969 2702 βε-

392 2720 658 2794 ϐοημένος
695 2726 813 2777 κατ’
837 2726 1012 2779 ἐκεῖνο
1035 2722 1226 2792 καιροῦ
1252 2723 1360 2777 τῶν
1396 2725 1766 2795 ἠπατημένων
1804 2724 1968 2794 ἐκρά-

389 2829 471 2866 τει
499 2815 741 2887 γοητείᾳ,
764 2815 840 2879 ὡς
883 2815 979 2886 τὴν
1020 2814 1262 2886 μεγάλην
1314 2814 1478 2868 αὐτὸν
1524 2813 1771 2886 ἡγεῖσθαι
1831 2810 1968 2867 εἶναι

386 2903 616 2976 δύναμιν
646 2906 739 2960 τοῦ
774 2905 930 2959 Θεοῦ.
958 2906 1091 2959 Τότε
1117 2905 1161 2958 δ’
1185 2901 1278 2960 οὖν
1311 2906 1404 2958 καὶ
1432 2900 1586 2969 οὗτος
1610 2904 1708 2969 τὰς
1745 2904 1849 2958 ὑπὸ
1872 2894 1965 2957 τοῦ

386 2994 650 3050 Φιλίππου
673 2997 899 3069 δυνάμει
920 2997 1039 3069 θείᾳ
1060 2996 1384 3069 τελουμένας
1403 2996 1773 3064 καταπλαγεὶς
1797 3012 1969 3066 παρα-

385 3084 712 3151 δοξοποιτας,
746 3088 1102 3161 παραδύεται,
1134 3090 1229 3143 καὶ⁵
1271 3089 1432 3160 μέχρι
1482 3087 1706 3161 λουτροῦ
1752 3088 1852 3158 τὴν
1883 3087 1965 3151 εἰς
1992 3121 2035 3179 C

385 3178 618 3251 Χριστὸν
642 3180 823 3235 πίστιν
857 3181 1335 3253 καθυποκρίνεται.
1394 3182 1458 3235 '0
1513 3183 1607 3235 καί⁵
1662 3179 1961 3251 θαυμάζειν

386 3268 536 3336 ἄξιον
566 3273 646 3335 εἰς
675 3272 837 3345 δεῦρο
864 3274 1146 3344 γινόμενον
1176 3273 1312 3345 πρὸς
1333 3273 1441 3327 τῶν
1465 3272 1545 3325 ἔτι
1569 3273 1662 3326 καὶ
1716 3271 1811 3325 νῦν
1864 3270 1963 3341 τὴν

385 3363 478 3415 ἀπ’
506 3363 717 3417 ἐκείνου
780 3366 1130 3435 μιαρωτάτην
1163 3366 1453 3435 μετιόντων
1501 3364 1745 3435 αἵρεσιν
1798 3363 1848 3416 οἲ
1894 3365 1960 3434 τῇ

384 3451 478 3503 τοῦ
514 3453 663 3522 σφῶν
693 3456 1036 3526 προπάτορος
1065 3455 1307 3526 μεθόδῳ,
1344 3454 1442 3525 τὴν
1482 3454 1807 3523 Ἐκκλησίαν
1847 3452 1960 3505 λοι-

389 3540 594 3610 μώδους
620 3545 714 3597 καὶ
754 3544 1042 3616 ψωραλέας
1086 3546 1241 3598 νόσου
1273 3546 1427 3615 δίκην
1467 3544 1841 3615 ὑποδυόμενοι,
1894 3545 1962 3598 τὰ

388 3630 620 3701 μέγιστα
643 3633 988 3704 λυμαίνονται
1016 3637 1163 3699 τοὺς,
1186 3629 1266 3699 οἷς
1292 3635 1737 3706 ὲναπομάξασθαι
1768 3629 1870 3688 οἶοί
1901 3653 1961 3688 τε

385 3721 452 3775 ἂν
477 3719 587 3776 εἷεν
616 3724 708 3777 τὸν
739 3727 797 3777 ἐν
827 3726 1010 3790 αὐτοῖς
1043 3727 1533 3797 ἀποκεκρυμμένον
1575 3726 1813 3797 δυσαλθῆ
1866 3729 1960 3781 καὶ

382 3814 617 3885 χαλεπὸν
655 3816 750 3871 ἰόν.
785 3818 925 3888 Ἤδη
957 3821 1020 3887 γέ
1046 3836 1128 3872 τοι
1166 3818 1382 3881 πλείους
1413 3816 1618 3873 τούτων
1670 3818 1959 3891 ἀπεώσθη-

382 3923 503 3974 σαν,
533 3907 706 3961 ὁποῖοί
730 3925 871 3972 τινες
897 3903 1005 3963 εἷεν
1046 3908 1157 3981 (9i)
1188 3909 1285 3980 τὴν
1349 3894 1648 3980 μοχθηρίαν
1707 3909 1952 3974 ἁλόντεςο

375 3998 565 4070 ὡσπερ
593 3994 686 4052 οὖν
716 4000 811 4053 καὶ
857 4002 886 4054 ὁ
931 4001 1112 4072 Σίμων
1172 4002 1334 4065 αὐτὸς
1399 4002 1535 4072 πρὸς
1598 4001 1692 4055 τοῦ
1746 4002 1955 4073 Πέτρου

377 4090 796 4161 καταφωραθεὶς
826 4091 884 4155 ὃς
906 4086 995 4163 ἦν,
1026 4091 1123 4162 τὴν
1161 4093 1540 4163 προσήκουσαν
1595 4093 1739 4147 ἔτισε
1793 4112 1959 4167 τιμω-

382 4180 518 4245 ρίαν.
566 4179 727 4233 Ἀλλά
761 4179 868 4251 γὰρ
901 4182 982 4245 εἰς
1010 4180 1234 4252 αὔξησιν
1260 4181 1529 4253 ὁσημέραι
1557 4184 1834 4254 προϊόντος
1862 4185 1954 4238 τοῦ

376 4272 644 4340 σωτηρίου
673 4271 1044 4344 κηρύγματος,
1097 4272 1378 4343 οἰκονομία
1405 4291 1487 4337 τις
1510 4269 1644 4345 ἦγεν
1692 4277 1785 4329 καὶ
1846 4277 1955 4330 ἀπὸ

376 4354 472 4426 τῆς
498 4361 768 4417 Αἰθιόπων
792 4367 895 4435 γῆς
932 4364 1033 4434 τῆς
1065 4363 1251 4418 αὐτόθι
1279 4364 1548 4434 βασιλίδος
1584 4367 1814 4438 (κατάτι
1848 4369 1952 4422 πά-

2082 1893 2137 1948 ἰιι
2167 1874 2573 1950 ωὸεεήάοηυηι
2602 1895 2995 1966 irrumpens,et
3018 1899 3167 1954 viros
3187 1915 3310 1953 cum
3340 1900 3655 1955 nniIicribus

2082 1985 2208 2040 inde
2251 1985 2559 2042 abstractos
2585 1987 2847 2042 custodia:
2902 1990 3243 2058 mancipans.
3285 1990 3437 2045 Tunc
3485 1992 3653 2045 etiam

2080 2072 2362 2145 Philippus
2387 2116 2403 2140 ,
2438 2092 2576 2132 unus
2598 2092 2666 2132 ex
2695 2077 2761 2131 iis
2796 2074 2883 2145 qui
2911 2093 3036 2134 cum
3068 2080 3345 2149 Stephano
3368 2081 3434 2136 ad
3464 2081 3650 2135 diaco-

2081 2176 2237 2222 natus
2271 2165 2502 2223 ofﬁcium
2531 2168 2748 2226 fuerant
2792 2171 2975 2239 electi,
3012 2171 3225 2242 fugiens
3268 2188 3388 2227 cum
3440 2173 3654 2228 caneris

2079 2258 2384 2315 Samariam
2410 2262 2687 2318 descendit
2706 2304 2722 2328 ,
2752 2273 2809 2320 et
2834 2265 3014 2319 divina
3045 2265 3238 2335 plenus
3262 2266 3459 2320 virtute
3484 2307 3499 2331 ,
3531 2280 3654 2321 ver-

2077 2350 2203 2407 bum
2245 2352 2339 2408 Dei
2368 2356 2574 2421 primns
2607 2355 2799 2413 incolis
2829 2358 3118 2412 nuntiavit.
3163 2358 3336 2414 Tanta
3371 2377 3535 2431 porro
3568 2363 3651 2417 vis

2078 2441 2272 2497 divinae
2301 2432 2509 2515 gratia:
2553 2448 2650 2516 ipsi
2701 2449 2930 2511 aderat,
2982 2457 3040 2502 ut
3087 2449 3365 2504 Simonem
3435 2449 3648 2522 Magum

2076 2532 2318 2603 aliosque
2364 2535 2787 2594 innumerabiles
2829 2539 3308 2609 prmdicationibus
3340 2541 3454 2595 suis
3485 2542 3551 2595 ad
3591 2557 3651 2597 se

2073 2627 2424 2696 pertraxerit.
2443 2626 2544 2683 Hic
2574 2628 2760 2685 Simon
2790 2640 2921 2686 tunc
2951 2632 3210 2701 temporis
3239 2631 3648 2695 celeberrimus.

2072 2727 2277 2772 tantam
2326 2721 2700 2775 auctoritatem
2753 2722 2980 2791 adeptus
3032 2736 3152 2779 erat
3186 2724 3326 2794 apud
3374 2740 3468 2780 eos
3512 2741 3650 2796 quos

2068 2815 2364 2886 praestigiis
2391 2816 2506 2870 suis
2542 2815 2849 2887 deceperat,
2893 2827 2951 2871 ut
2980 2833 3229 2889 magnam
3261 2817 3351 2873 Dei
3383 2819 3647 2874 Virtutem

2070 2904 2248 2995 ipsum
2285 2919 2405 2960 esse
2434 2905 2830 2963 existimarent.
2853 2907 2997 2963 Idem
3026 2919 3207 2962 tamen
3238 2908 3649 2978 obstupefactus

2068 2993 2345 3051 miraculis
2391 3011 2509 3066 quae
2538 2993 2814 3067 Philippus
2838 2997 3018 3051 divina
3062 2999 3258 3054 virtute
3281 3000 3647 3070 perpetrabat,

2070 3086 2264 3142 callide
2308 3087 2546 3157 irrepsit,
2575 3086 2848 3158 ﬁdemque
2870 3089 2922 3142 in
2968 3089 3246 3144 Christum
3278 3092 3542 3147 hactenus
3571 3092 3647 3146 si-

2069 3178 2334 3243 mulavit,
2387 3190 2445 3233 ut
2492 3180 2820 3248 baptismum
2872 3180 3195 3248 susciperet.
3244 3181 3395 3249 Quod
3427 3185 3644 3253 quidem

2064 3268 2364 3322 etiamnum
2395 3268 2512 3323 fieri
2543 3270 2613 3324 ab
2661 3270 2749 3324 his
2776 3270 2864 3337 qui
2901 3272 3240 3325 teterrimam
3279 3274 3395 3342 ejus
3434 3284 3640 3329 sectam

2063 3360 2387 3429 profitentur
2437 3375 2543 3414 non
2600 3361 2719 3416 sine
2767 3360 3136 3416 admiratione
3182 3364 3494 3429 cernimus;
3545 3367 3638 3435 qui

2064 3466 2217 3504 more
2249 3452 2494 3519 parentis
2519 3453 2604 3507 sui
2633 3453 2685 3507 in
2726 3453 3023 3509 Ecclesiam
3058 3464 3315 3523 tanquam
3351 3457 3518 3525 pestis
3544 3468 3643 3512 aut

2063 3541 2211 3611 lepra
2252 3541 2497 3612 quaedam
2550 3544 2850 3614 irrepentes
2874 3586 2891 3612 ,
2924 3546 3301 3615 gravissimum
3337 3545 3449 3620 40
3482 3548 3641 3604 dam-

2066 3649 2192 3687 num
2228 3634 2469 3690 inferunt
2508 3635 2576 3690 iis
2608 3636 2805 3705 quibus
2831 3637 3130 3706 pessimum
3162 3636 3289 3693 illud
3316 3649 3371 3694 et
3394 3640 3640 3696 immedi-

2063 3726 2241 3781 cabile
2272 3742 2540 3782 venenmn
2572 3728 2714 3797 quod
2749 3728 3025 3783 mentibus
3070 3729 3349 3785 occultant
3377 3731 3640 3787 instillare

2061 3818 2359 3884 potuerint.
2397 3821 2478 3874 Ac
2528 3819 2771 3889 plerique
2797 3820 2909 3891 jam
2933 3835 3119 3876 eorum
3154 3822 3222 3877 ab
3253 3821 3494 3880 Ecclesia
3525 3823 3631 3895 eje-

2062 3910 2133 3964 cti
2166 3920 2310 3975 sunt,
2340 3925 2461 3964 cum
2497 3909 2650 3967 fraus
2692 3912 2938 3982 ipsorum
2976 3912 3190 3969 detecta
3223 3924 3414 3973 esset:
3442 3929 3637 3985 quem-

2059 4003 2346 4058 admodum
2398 4003 2588 4059 Simon
2616 4018 2831 4073 quoque
2863 4005 2979 4073 ipse
3030 4020 3060 4059 a
3092 4004 3255 4060 Petro
3289 4008 3503 4062 tandem
3536 4007 3636 4063 de-

2058 4095 2363 4162 prehensus
2389 4094 2600 4150 debitas
2628 4110 2818 4165 pmuas
2840 4096 3008 4151 dedit.
3028 4095 3199 4152 Porro
3232 4112 3356 4152 cum
3379 4098 3637 4154 salutaris

2057 4188 2337 4260 Evangelii
2393 4189 2711 4259 praedicatio
2774 4189 2929 4243 novis
2984 4189 3228 4258 quotidie
3279 4189 3636 4245 incrementis

2057 4288 2407 4352 augesceret,
2433 4281 2614 4335 divina
2648 4281 2985 4350 providentia
3017 4282 3306 4350 quemdam
3339 4295 3405 4335 ex
3440 4294 3634 4350 proce-

2057 4373 2207 4429 ribus
2241 4373 2556 4445 Ethiopum
2590 4375 2791 4444 reginae
2823 4374 2876 4427 in
2921 4370 3160 4427 Iudaeam
3190 4373 3447 4427 adduxit:
3472 4374 3633 4444 quip.

374 4459 524 4516 τριον
554 4449 672 4515 ἔθος
704 4453 809 4506 ὑπὸ
830 4454 1086 4522 γυναικὸς
1105 4454 1199 4507 τοῦ
1229 4454 1412 4518 ἔθνους
1431 4456 1597 4509 εἰσέτι
1635 4457 1730 4511 νῦν
1792 4459 1947 4529 βασι-

2069 4481 2123 4533 se
2152 4466 2322 4520 moris
2362 4475 2445 4520 est
2471 4465 2775 4520 etiamnum
2807 4463 2916 4518 illis
2958 4463 3210 4532 gentibus
3239 4463 3488 4517 muliebri
3523 4463 3630 4516 im-

374 4532 687 4607 λευομένου)
717 4543 984 4615 δυνάστην
1009 4561 1023 4574 θ
1056 4543 1114 4598 ὃν
1146 4544 1358 4615 πρῶτον
1392 4544 1450 4611 ἐξ
1479 4545 1647 4600 ἐθνῶν
1681 4549 1814 4619 πρὸς
1852 4548 1945 4602 τοῦ

362 4625 640 4684 Φιλίππου
674 4633 744 4686 δι’
773 4636 1097 4705 ἐπιφανείας
1124 4635 1192 4688 τὰ
1236 4636 1329 4690 τοῦ
1390 4637 1533 4691 θείου
1577 4639 1732 4708 λόγου
1784 4642 1946 4714 ὄργια

380 4724 729 4789 μετασχόντα,
780 4728 888 4780 τῶν
949 4745 1009 4781 τε
1061 4728 1164 4781 ἀνὰ
1215 4727 1312 4799 τὴν
1360 4731 1682 4802 οἰκουμένην
1737 4733 1944 4786 πιστῶν

375 4810 625 4884 ἀπαρχὴν
661 4819 964 4887 γενόμενον,
995 4823 1208 4893 πρῶτον
1248 4822 1464 4893 κατέχει
1505 4825 1661 4894 λόγος
1707 4826 1800 4879 ἐπὶ
1851 4826 1948 4899 τὴν

375 4902 602 4972 πάτριον
655 4904 1117 4982 παλινοστήσαντα
1172 4914 1296 4984 γῆν,
1350 4914 1799 4983 εὐαγγελίσασθαι
1847 4918 1944 4989 τὴν

371 4991 465 5045 τοῦ
492 4994 597 5046 τῶν
627 4993 761 5047 ὅλων
790 4996 922 5054 Θεοῦ
952 5002 1168 5071 γνῶσιν,
1203 5006 1297 5059 καὶ
1326 5005 1425 5077 τὴν
1464 5004 1727 5069 ζωοποιὸν
1748 5010 1944 5071 εἱςηάν-

369 5084 617 5157 θρώπους
651 5086 743 5140 τοῦ
771 5089 1021 5163 Σωτῆρος
1044 5094 1200 5164 ἡμῶν
1225 5095 1538 5168 ἐπιδημίαν,
1601 5097 1746 5170 ἔργῳ
1798 5098 1937 5170 πλη-

369 5177 633 5250 ρωθείσης
672 5179 738 5232 δι’
764 5181 930 5234 αὑτοῦ
961 5185 1078 5254 τῆς,
1119 5204 1137 5235 ι
1168 5186 1421 5241 Αἰθιοπία
1451 5189 1755 5261 προφθάσει
1778 5194 1936 5262 χεῖρα

364 5270 534 5340 αὐτῆς
556 5269 633 5339 τῷ
654 5269 792 5341 Θεῷ,
832 5291 851 5323 ι
891 5276 1249 5349 περιεχούσης
1277 5281 1634 5352 προφητείας.
1674 5283 1794 5335 Ἐπὶ
1814 5284 1937 5338 τού-

359 5373 476 5422 τοις
502 5358 711 5424 Παῦλος
740 5361 801 5414 τὸ
833 5362 931 5433 τῆς
953 5363 1185 5435 ἐκλογῆς
1212 5368 1423 5433 σκεῦος,
1477 5371 1576 5424 οὐκ
1623 5371 1682 5439 ἐξ
1727 5373 1936 5445 ἀνθρώ-

398 5452 445 5483 ¹⁷
472 5451 615 5507 Psal.
642 5470 807 5509 uvu.

432 5543 543 5628 (ιιι),
570 5547 730 5627 litera
755 5551 1060 5628 αξτὶείστων
1082 5554 1299 5623 ἐτέρων
1322 5555 1576 5628 ἀτί-δρῶν.
1610 5558 1782 5628 Magis
1809 5566 1931 5627 pla-

362 5615 657 5694 ceticctjm
691 5615 1335 5694 codicumunostrorum,
1379 5615 1638 5683 Mazarini
1693 5615 1929 5694 scilicet,

362 5684 529 5771 Med...
547 5684 697 5771 ‘F_uk.
721 5703 786 5771 ac
806 5688 1090 5771 Saviliani,
1124 5694 1260 5764 μετὰ
1282 5684 1551 5752 πλείστων
1580 5698 1788 5771 ἀνδρῶν
1816 5684 1932 5763 τοῖς

371 5754 531 5810 αὐτοῦ
547 5756 724 5827 λόγοις
733 5756 1007 5827 ἑλχθῆναι.

720 5849 992 5913 ΡινιΊιοι..
1026 5851 1144 5914 Gn.
1191 5852 1324 5917 XX.

2055 4560 2207 4630 perio
2224 4556 2536 4627 gubernari.
2556 4554 2660 4622 Qui
2693 4569 2816 4610 cum
2850 4569 2880 4608 a
2906 4553 3155 4622 Philippo
3179 4553 3392 4608 cmlesti
3422 4554 3631 4609 visione

2056 4650 2333 4705 admonito
2357 4648 2566 4719 primus
2595 4662 2664 4701 ex
2691 4645 2947 4716 gentibus
2984 4644 3148 4699 divini
3177 4643 3339 4700 Verbi
3369 4645 3627 4716 mysteria

2052 4737 2387 4807 percepisset
2414 4775 2432 4803 ,
2463 4732 2629 4790 totius
2657 4735 2808 4789 orbis
2852 4733 3087 4787 ﬁdelium
3123 4733 3375 4803 primitiae
3406 4735 3579 4790 factus
3609 4752 3626 4800 ;

2051 4828 2178 4883 inde
2208 4828 2261 4881 in
2288 4827 2519 4896 patriam
2556 4839 2834 4888 reversus,
2869 4824 2964 4880 Dei
3005 4824 3255 4878 notitiam
3287 4833 3342 4879 et
3369 4825 3629 4881 Servato-

2050 4920 2128 4975 ris
2155 4919 2324 4974 nostri
2352 4917 2645 4974 salutarem
2674 4916 2727 4970 in
2756 4925 2935 4971 terras
2955 4916 3240 4970 adventum
3258 4915 3467 4983 primus
3490 4931 3627 4985 pre-

2049 5010 2264 5064 dicasse
2308 5007 2505 5063 fertur.
2541 5008 2719 5077 Atque
2750 5006 2825 5058 ita
2855 5020 2954 5076 per
3000 5004 3176 5074 ipsum
3232 5006 3503 5073 completa
3537 5015 3624 5062 est

2044 5100 2327 5172 propheta:
2357 5098 2636 5170 praedictio
2683 5112 2807 5166 qua:
2858 5096 2939 5150 sic
2984 5096 3147 5151 habet
3195 5111 3210 5151 :
3272 5113 3292 5148 ι
3337 5097 3618 5168 Ethiopian

2042 5188 2342 5261 praeveniet
2376 5204 2597 5243 manum
2620 5187 2738 5258 ejus
2765 5187 2874 5241 Deo
2900 5186 2969 5238 ⁸⁷.
3003 5204 3021 5236 ι
3061 5186 3621 5256 lntereaPaulus,vas

2043 5280 2177 5336 illud
2203 5280 2486 5335 electionis
2510 5318 2528 5343 ,
2564 5294 2670 5334 non
2698 5294 2767 5334 ex
2815 5276 3125 5333 hominibus
3171 5292 3273 5331 nec
3318 5292 3412 5346 per
3446 5278 3622 5332 homi-

2043 5387 2142 5427 nes
2167 5412 2185 5440 ,
2216 5373 2312 5427 sed
2341 5386 2440 5441 per
2472 5370 2861 5425 revelationem
2888 5368 3018 5425 Jesu
3049 5368 3273 5434 Christi,
3307 5376 3362 5423 et
3394 5368 3490 5422 Dei
3518 5366 3620 5422 Pa-

2110 5557 2223 5630 (9l)
2266 5556 2492 5611 ὀποῖοί
2513 5571 2674 5679 τινιςς
2697 5555 2845 5611 εἷεν.
2889 5555 3134 5623 Quatuor
3160 5555 3332 5611 nostri
3375 5555 3614 5620 codices,

2110 5628 2369 5679 marinus.
2398 5625 2567 5679 Med..
2642 5624 2731 5679 uk.
2783 5640 2848 5679 ac
2882 5624 3052 5679 Savil.
3106 5625 3367 5679 scriotum
3410 5627 3614 5679 habent

2040 5624 2369 5694 Ma‘zarinus,
2398 5625 2567 5695 hiem,
2594 5624 2731 5679 Fuk.
2783 5640 2848 5679 ac
2882 5624 3052 5679 Savil.
3106 5625 3367 5695 scriptum
3410 5627 3620 5682 habent

2043 5697 2220 5751 ὁποῖοί
2248 5690 2392 5760 τινες
2438 5690 2601 5767 ἦσαν.
2633 5696 2777 5765 quod
2803 5696 3004 5767 rectius
3034 5690 3268 5767 videtur.
3322 5695 3413 5750 Sic
3465 5710 3613 5752 enim

2045 5769 2203 5837 paulo
2220 5779 2340 5838 post
2358 5758 2511 5832 dicit,
2534 5758 2947 5836 καταφωραθείς
2974 5763 3034 5826 ὃς
3062 5758 3151 5826 ἦν.

3206 5855 3245 5918 5
