4154 6402
351 398 452 455 “5

875 522 1272 577 ΚΕΦΑΛΑΙΟΝ
1324 524 1399 579 Δθ.

355 608 452 676 ὐς
477 612 629 680 μετὰ
662 614 919 682 Τιϐέριον
949 612 1129 681 Γάϊος
1180 614 1472 669 Ἰουδαίων
1495 615 1760 679 βασιλέα
1785 617 1924 668 καθ-

414 682 662 750 ίστησιν
697 684 1044 754 Ἀγρίππαν,
1092 685 1200 738 τὸν
1234 684 1499 754 Ἡρώδην
1529 685 1697 753 ἀϊδίῳ
1718 683 1919 754 ζημιώ-

412 766 528 817 σας
555 751 722 823 φυγῇ
746 751 887 823 (Nic.
939 754 1008 807 ΙΙ.
1041 754 1107 808 Ε.
1153 772 1214 820 ll,
1240 751 1319 823 9).

410 844 661 918 Τιϐέριος
697 846 796 916 μὲν
824 842 918 900 οὖν
946 847 1090 918 ἀμφὶ
1123 846 1189 900 τὰ
1218 846 1311 900 δύο
1336 848 1430 901 καὶ
1465 847 1638 900 εἴκοσι
1672 842 1918 917 βασιλεύ-

342 953 444 1002 σας
475 937 592 1008 ἐτη,
627 939 884 1010 τελευτᾷ·
925 937 1064 1010 μετά
1092 938 1148 992 δὲ
1191 938 1379 992 τοῦτον
1406 937 1687 1009 Γάϊοςητὴν
1716 940 1919 1008 ἠγεμο-

339 1029 457 1083 νίαν
476 1027 824 1101 παραλαϐὼν,
842 1030 1041 1085 αὐτίκα
1059 1033 1159 1101 τῆς
1193 1030 1461 1085 Ἰουδαίων
1490 1031 1663 1103 ἀρχῆς
1692 1030 1917 1101 Ἀγρίπ-

342 1138 423 1191 πᾳ
451 1121 514 1175 τὸ
544 1122 781 1193 διάδημα
808 1121 883 1192 (6)
913 1122 1277 1195 περιτίθησιν,
1308 1121 1530 1193 βασιλέα
1571 1123 1918 1193 καταστήσας

341 1209 507 1263 αὑτὸν
537 1210 635 1281 τῆς
658 1228 716 1264 τε
744 1211 1008 1266 Φιλίππου
1030 1212 1125 1266 καὶ
1147 1212 1247 1282 τῆς
1274 1212 1543 1266 Λυσανίου
1572 1212 1914 1284 τετραρχίας.

252 1314 255 1317 ‘
339 1301 487 1373 Πρὸς
518 1300 608 1365 αἷς
639 1303 755 1372 μετ’
782 1303 843 1355 οὐ
876 1303 1041 1357 πολὺν
1068 1302 1257 1374 χρόνον
1290 1302 1439 1374 αὐτῷ
1480 1303 1575 1357 καὶ
1605 1303 1703 1374 τὴν
1740 1301 1914 1374 Ἡρώ-

337 1393 439 1446 δουι
474 1395 796 1467 τετραρχίαν
827 1396 1212 1467 παραδίδωσιν,
1249 1395 1404 1466 ἀϊδίῳ
1436 1398 1579 1466 φυγῇ
1611 1394 1702 1447 τὸν
1738 1393 1915 1466 Ἠρώ-

334 1488 432 1560 δην
465 1483 637 1559 (οὗτος
668 1488 713 1541 δ’
746 1485 813 1561 ἦν
841 1492 869 1543 ὁ
906 1489 1046 1543 κατὰ
1075 1489 1134 1543 τὸ
1174 1487 1345 1551 πάθος
1384 1486 1477 1541 τοῦ
1511 1487 1781 1558 Σωτῆρος)
1820 1485 1916 1538 σὺν

336 1584 430 1637 καὶ
462 1587 526 1656 τῇ
568 1584 787 1654 γυναικὶ
826 1582 1114 1655 ’Ἡρωδιάδι
1148 1581 1246 1652 ('7),
1298 1581 1562 1635 πλείστων
1598 1580 1757 1634 ἕνεκα
1816 1578 1913 1650 ζη-

1370 401 1719 459 BISTORLE
1760 400 2315 463 ECCLESIASTICA‘I
2354 402 2484 459 LIB.
2524 405 2586 460 ll.

1960 526 2007 582 A
2649 520 2877 576 CAPUT
2908 520 2997 577 IV.

2652 278 2715 337 \

3508 403 3610 459 H6

2048 609 2326 676 Quomodo
2355 620 2469 673 post
2497 619 2714 663 mortem
2739 608 2934 663 Tiberii
2972 609 3133 665 Gaius
3168 610 3452 679 Agrippam
3504 610 3610 664 Ju-

2101 683 2336 734 dazorum
2379 696 2548 751 regem
2594 680 2901 743 constituit,
2953 691 3001 734 et
3048 679 3314 735 Herodem
3353 692 3603 744 perpetuo

2100 751 2287 806 exsilio
2313 750 2605 809 damnavit.

2098 843 2308 897 Interea
2340 840 2611 909 Tiberius,
2650 855 2770 895 cum
2803 839 3015 896 duobus
3043 842 3266 896 circiter
3303 856 3367 895 ac
3401 842 3600 912 viginti

2027 936 2189 991 annis
2215 935 2557 1003 imperasset,
2585 942 2885 988 extremum
2913 933 3058 988 diem
3094 933 3248 989 obiit.
3282 934 3382 989 Cui
3410 949 3603 990 succe-

2027 1028 2167 1083 dens
2194 1026 2357 1082 Caius
2384 1023 2584 1079 Iudaea:
2607 1040 2833 1094 regnum
2864 1026 3047 1079 Statim
3079 1026 3301 1080 tradidit
3326 1024 3604 1096 Agrippa,

2026 1133 2322 1190 regemque
2361 1116 2510 1171 illnnt
2545 1126 2656 1170 tuttt
2698 1116 2753 1170 in
2787 1115 3039 1185 Philippi,
3090 1127 3202 1171 tum
3258 1117 3312 1171 in
3348 1115 3602 1187 Lysaniae

2026 1210 2317 1266 tetrarchia
2348 1208 2653 1265 constituit.
2687 1208 2797 1264 Nec
2831 1208 3007 1264 multo
3050 1219 3172 1278 post
3205 1208 3439 1265 Herodis
3463 1225 3602 1279 quo-

2023 1319 2128 1373 que
2157 1301 2507 1357 tetrarchiam
2539 1302 2716 1357 eidem
2749 1300 2992 1369 donavit,
3025 1316 3147 1356 cum
3170 1300 3439 1357 llerodem
3467 1318 3599 1373 per-

2022 1405 2185 1464 petuo
2237 1393 2432 1449 exsilio
2480 1393 2789 1449 damnasset
2821 1433 2835 1456 ,
2893 1408 2998 1448 una
3056 1409 3178 1449 cmn
3230 1408 3398 1449 uxore
3428 1394 3645 1461 ipsius.

2021 1485 2325 1542 Herodiade
2339 1487 2407 1540 ob
2426 1485 2573 1540 varia
2601 1485 2805 1541 scelera
2830 1486 3015 1542 debito
3039 1488 3302 1558 supplicio
3316 1486 3596 1554 affectum,

2023 1589 2084 1635 ut
2115 1587 2347 1635 testatur
2380 1578 2549 1635 etiam
2600 1576 2891 1650 Josephus.
2949 1578 3049 1636 llic
3103 1589 3190 1637 est
3222 1579 3465 1636 Herodes
3503 1580 3596 1650 qui
3638 1614 3641 1619 ι

333 1782 470 1842 cum.
500 1763 772 1842 Barnabq,
806 1770 1077 1842 assumpto
1115 1772 1163 1817 et
1197 1761 1335 1842 Tito.
1364 1761 1591 1842 Asceudi
1619 1769 1792 1842 autem
1824 1774 1906 1812 se—
1938 1763 1981 1820 Β
2007 1757 2207 1813 Paulus
2253 1757 2334 1842 in”
2355 1756 2608 1825 Epistola‘
2643 1757 2709 1842 ad
2738 1756 2982 1842 Galatas,
3028 1757 3191 1842 hujus
3235 1757 3596 1842 profectionis

331 1828 1012 1889 nitidumvrevelalionem':
1039 1842 1084 1886 et
1118 1832 1315 1886 contuli
1355 1848 1471 1885 cum
1510 1831 1620 1884 illis
1667 1828 1905 1899 Evange-

330 1907 484 1962 lium.
518 1903 658 1974 quod
696 1904 927 1971 pm'dico
961 1903 1307 1974 urgentibus,
1335 1912 1439 1957 etc.
1467 1901 1599 1974 Quis
1625 1915 1729 1974 non
1758 1901 1904 1974 videt

331 1977 445 2030 ltzec
478 1970 621 2030 inter
649 1970 709 2027 se
742 1987 966 2041 prorsus
999 1970 1339 2041 discrepare,
1384 1988 1507 2027 cum
1544 1970 1745 2025 Paulus
1781 1970 1902 2041 qui-

330 2048 451 2100 dem
484 2052 641 2113 neget
678 2039 753 2113 se
770 2041 983 2097 venisse
1012 2039 1384 2113 Hierosolyma
1425 2041 1608 2096 statim
1644 2050 1765 2113 post
1806 2039 1904 2113 ba-

329 2110 589 2185 ptismum
632 2132 647 2168 :
692 2112 877 2185 Lucas
919 2127 1047 2167 vero
1099 2122 1221 2185 post
1262 2110 1609 2185 'baptismnm
1648 2110 1684 2164 'a
1735 2110 1901 2185 Paulo

328 2181 669 2254 susceptum,
699 2194 766 2242 .et
812 2182 1016 2253 aliquot
1042 2181 1473 2254 praedicationes
1510 2181 1903 2254 Damasci‘lta-

330 2249 668 2317 bitasJillnut
706 2249 971 2309 Datnasco
1008 2249 1149 2308 clam
1180 2252 1475 2321 aufugisse,
1508 2261 1563 2306 et
1594 2262 1740 2321 recta
1774 2249 1901 2304 Hie-

327 2328 595 2396 rosolyma
625 2325 837 2396 venisse
863 2323 1132 2396 testetur?
1162 2319 1496 2396 lianc—lineae
1520 2332 1574 2376 et
1607 2319 1754 2396 Pauli
1791 2322 1901 2375 dis-

330 2391 634 2450 sonantiam
670 2394 827 2449 fateri
868 2394 1184 2463 compulsus
1213 2404 1297 2448 est
1322 2393 1691 2463 Hieronymus
1726 2391 1899 2463 iniex-

328 2467 596 2534 positioue
635 2464 885 2535 Epistolas
917 2464 984 2517 ad
1015 2463 1265 2535 Galatas.
1304 2462 1478 2530 Quam
1529 2462 1587 2535 ut
1636 2462 1900 2516 concilia-

330 2531 454 2589 rent
485 2531 700 2604 quidam
737 2544 1003 2604 veterum,
1036 2543 1174 2588 teste
1208 2531 1643 2604 Hieronymojta
1678 2546 1899 2604 censue-

328 2601 741 2662 rnntfPaulnnt
790 2603 1145 2672 profectionis
1191 2604 1333 2658 illius
1363 2601 1476 2658 suae
1525 2601 1897 2672 Hierosolyma

325 2676 506 2728 statim
537 2686 657 2744 post
685 2671 1014 2742 baptismum
1062 2688 1201 2744 quae
1229 2682 1561 2729 memoratur
1592 2687 1621 2725 a
1666 2671 1809 2726 Luca
1844 2673 1895 2726 in

325 2746 491 2798 dicto
513 2742 692 2812 capite
721 2759 774 2798 tx
807 2744 1008 2797 nullam
1044 2742 1297 2812 habuisse
1327 2745 1616 2812 rationem,
1644 2757 1709 2796 eo
1754 2744 1897 2810 quod

325 2813 447 2882 fuga
505 2811 685 2883 potius
742 2829 903 2883 quant
964 2811 1229 2882 profectio
1276 2811 1729 2883 fuissctaVcrum
1781 2813 1897 2867 haec

321 2882 521 2940 solutio
567 2886 700 2940 levis
752 2893 831 2940 est
872 2884 1182 2939 admodum.
1220 2884 1431 2940 Etenim
1485 2882 1660 2938 Lucas
1710 2882 1898 2937 scribit

318 2955 546 3010 Paulum
583 2963 713 3011 tunc
751 2971 781 3008 a
817 2953 1065 3009 Barnaba
1118 2954 1283 3009 fuisse
1333 2955 1620 3009 deductum
1664 2954 1729 3007 ad
1767 2968 1897 3022 apo-

319 3027 510 3093 stolas,
543 3036 595 3096 et
635 3025 769 3081 satis
808 3025 896 3096 diu
930 3025 1213 3096 mansisse
1251 3023 1681 3096 HierosolymisL
1698 3032 1756 3096 et
1795 3023 1893 3077 ad-

2007 1829 2498 1883 smementionem
2555 1829 3204 1898 meritoprzetermisit,
3235 1836 3424 1897 utpote
3469 1844 3590 1898 quae

2006 1898 2138 1953 nihil
2188 1899 2254 1952 ad
2314 1899 2619 1953 institutum
2667 1914 2825 1953 suum
2886 1898 3115 1955 faceret;
3165 1897 3277 1953 Nec
3333 1913 3438 1952 vox
3470 1897 3583 1959 illa.

2005 1986 2192 2023 rursus
2219 1970 2457 2035 ascendi,
2480 1969 2799 2039 secundam
2840 1968 3233 2039 profectionem
3272 1968 3590 2039 necessario

2004 2039 2269 2109 designat,
2298 2039 2391 2093 sed
2420 2038 2584 2109 etiam
2609 2039 2677 2093 de
2716 2038 2874 2093 tertia
2905 2039 3008 2093 dici
3043 2048 3239 2103 potest.
3266 2038 3421 2105 Quod
3459 2054 3589 2109 v_ero

2005 2123 2109 2163 non
2129 2107 2320 2177 possit
2345 2124 2466 2164 esse
2494 2108 2584 2161 illa
2626 2124 2788 2179 quam
2816 2119 3018 2177 quarto
3054 2110 3173 2163 loco
3201 2115 3450 2163 recenset
3478 2107 3591 2162 Ln-

2002 2193 2116 2243 cas,
2146 2187 2203 2233 ut
2245 2180 2460 2234 videtur
2483 2180 2720 2248 sensisse
2754 2179 3202 2248 Cltrysostomus,
3248 2193 3315 2233 ex
3342 2193 3408 2232 eo
3452 2193 3590 2234 con-

2002 2250 2261 2313 vincitur,
2309 2250 2451 2317 quod
2497 2247 2697 2304 Paulus
2743 2247 2940 2303 scribit
2984 2263 3043 2302 se
3086 2248 3395 2303 ascendisse
3456 2265 3603 2303 cum.

2002 2317 2271 2373 Barnalta.
2299 2318 2369 2374 At
2398 2320 2449 2374 in
2487 2329 2681 2388 quarta
2726 2318 3063 2386 profectione
3105 2318 3304 2373 Paulus
3347 2334 3452 2373 non
3483 2319 3589 2373 fuit

2002 2404 2126 2444 eum
2175 2388 2443 2459 Barnaba.
2480 2388 2817 2459 Iampridem
2859 2391 3004 2443 enim
3052 2388 3121 2443 ab
3158 2403 3224 2444 eo
3270 2403 3389 2443 sese
3422 2391 3587 2443 abru-

2002 2467 2175 2527 perat.
2222 2457 2421 2516 Verum
2451 2471 2511 2515 ut
2538 2457 2620 2515 ad‘
2652 2459 2946 2515 Eusebium
2994 2468 3237 2514 nostrum
3272 2459 3580 2523 redeamus,

2001 2530 2215 2601 videtur
2255 2530 2303 2585 is
2349 2531 2647 2601 secundant
2678 2529 2832 2585 Pauli
2868 2529 3413 2601 Hierosolymitanam
3459 2545 3584 2596 pro~

2001 2599 2624 2722 1(ὶξιιιὶοιιιξιιιροιιίιιιιίειςιι
2646 2616 2764 2657 cum
2793 2600 2989 2671 prima,
3015 2610 3069 2655 et
3094 2599 3159 2660 ex
3184 2600 3395 2654 duabus
3418 2615 3580 2654 unam

2023 2685 2218 2722 CCISSB.

2023 2685 2218 2726 CCISSB.

2072 2739 2149 2817 (6)
2190 2738 2307 2808 Τῆς
2341 2739 2637 2817 Ἰουδαίων
2659 2741 2854 2811 ἀρχῆς
2884 2742 3166 2817 Ἀγρίππᾳ
3197 2740 3263 2817 rp
3289 2737 3578 2817 διᾴδημα.

2001 2810 2218 2867 Falsmtt
2253 2820 2336 2867 est
2365 2813 2655 2882 Agrippam
2697 2827 2879 2882 regem
2915 2810 3116 2867 ludam
3145 2827 3175 2864 a
3206 2810 3575 2882 Caio‘fact'um

1998 2899 2141 2938 esse.
2188 2880 2431 2952 Agrippa
2472 2880 2617 2936 enim
2661 2897 2690 2934 a
2729 2880 2862 2937 Caio
2890 2882 3105 2937 Cassare
3147 2882 3251 2952 s_ult
3288 2880 3583 2952 initiarima

1997 2955 2134 3023 perii
2163 2949 2338 3008 factus
2364 2949 2452 3007 est
2483 2968 2598 3023 rex,
2628 2952 2862 3023 primum
2892 2953 3109 3022 quidem
3151 2949 3577 3023 Traclmttitidis,

1998 3020 2119 3089 quae
2154 3023 2448 3078 tetrarchia
2490 3020 2721 3091 Philippi
2766 3020 2962 3086 fuerat,
2995 3031 3056 3075 ut
3086 3022 3280 3076 scribit
3321 3020 3582 3091 ΡΙιὶΙοηίιι

320 3089 513 3151 versus
548 3095 768 3152 Grazcos
796 3093 1125 3165 disputasse.
1153 3095 1280 3158 Alii,
1309 3096 1451 3149 inter
1482 3089 1619 3164 quos
1650 3093 1792 3165 Beda
1841 3106 1893 3147 et
1922 3104 1964 3162 ο
1999 3093 2252 3149 Flaccum
2281 3104 2337 3148 et
2361 3089 2758 3165 losephtts‘lib.
2795 3108 2952 3165 xrt_t_t.
2979 3091 3101 3165 Mox
3127 3106 3283 3165 __vero
3325 3106 3446 3165 cum
3473 3089 3586 3165 ili-.-

316 3165 619 3236 Baronius,
666 3164 895 3236 primam
948 3165 1092 3220 illaut
1147 3166 1534 3235 profectionem
1585 3164 1738 3229 cuius
1778 3179 1894 3217 nte-

316 3238 477 3291 tttittit
511 3235 743 3300 Paulus,
786 3244 1037 3291 asserunt
1079 3250 1197 3290 eam
1249 3237 1419 3305 ipsam
1467 3247 1589 3305 esse
1637 3248 1757 3301 quae
1808 3249 1895 3286 re-

316 3307 493 3361 fertur
538 3321 566 3360 a
602 3305 747 3359 Luca
799 3307 851 3359 in
887 3321 1005 3374 cap.
1033 3321 1087 3359 tx
1115 3303 1344 3359 Actmim
1378 3322 1392 3357 :
1425 3308 1516 3359 sed
1549 3303 1752 3357 Lucam
1800 3305 1892 3356 iti-

314 3378 466 3430 neris
493 3377 715 3430 Arabici
749 3376 870 3429 ideo
901 3377 1317 3445 praetermisisse
1350 3375 1703 3445 mentionem,
1734 3375 1890 3445 quod

314 3445 451 3516 nihil
486 3446 746 3500 memoria
781 3442 1002 3516 dign—um
1034 3446 1149 3499 illic
1176 3460 1205 3498 a
1238 3445 1404 3516 Paulo
1432 3454 1649 3516 gestum
1675 3442 1886 3516 fuisset.

316 3514 558 3580 Quorum
598 3512 877 3569 sententiae
920 3515 1153 3568 libenter
1193 3512 1455 3582 equideui
1488 3515 1707 3569 accedo.
1758 3512 1887 3566 Nam

315 3585 384 3637 de
429 3583 661 3637 adventu
701 3584 791 3638 illo
843 3584 992 3637 Pauli
1038 3582 1408 3652 Hierosolyma
1454 3583 1769 3652 planissime
1816 3584 1884 3636 ibi

314 3654 556 3724 loquitur
598 3652 808 3721 Lucas;
856 3653 1057 3724 quippe
1102 3655 1194 3724 qui
1234 3654 1556 3708 collocutum
1594 3666 1728 3724 euut
1761 3668 1884 3707 cum

313 3721 577 3795 apostolis
610 3735 738 3777 tunc
780 3721 916 3795 esse
942 3721 1096 3789 dicit,
1123 3721 1183 3777 et
1227 3723 1540 3795 multa-alia
1572 3721 1885 3795 singillatim

315 3791 509 3863 refert.
535 3795 792 3863 additque
821 3813 833 3848 :
867 3791 937 3856 Et
961 3804 1074 3848 erat
1110 3810 1227 3848 cum
1260 3794 1366 3846 illis
1397 3794 1602 3847 intrans
1630 3803 1679 3845 et
1710 3794 1886 3846 exiens

310 3865 367 3917 iu
420 3860 740 3918 Jerusalem.
788 3863 941 3919 Nunc
986 3865 1053 3919 de
1101 3863 1357 3926 secunda.
1390 3864 1481 3916 illa
1548 3862 1887 3932 profectione

310 3948 474 4002 quam
524 3934 724 3989 Paulus
752 3945 875 4003 post
906 3949 998 3989 xnv
1043 3949 1214 3989 annos
1261 3934 1562 3987 instituisse
1609 3949 1670 3988 se
1719 3933 1882 3999 dicit,

308 4005 695 4073 inquirendum
735 4016 841 4062 est.
870 4004 1266 4067 Tlteodoretus,
1309 4013 1521 4057 etanta
1570 4003 1717 4058 illum
1765 4006 1885 4072 qui-

309 4076 433 4144 dam
460 4084 694 4139 veteres,
720 4076 989 4130 referente
1024 4074 1374 4144 Hieronymo,
1406 4075 1547 4128 hanc
1579 4075 1747 4143 ipsam
1762 4089 1885 4128 esse

308 4143 717 4208 existimarunt,
744 4145 900 4214 cujus
943 4148 1149 4199 mentio
1183 4143 1242 4199 lit
1276 4145 1327 4214 in
1359 4144 1606 4207 Actibus,
1644 4159 1765 4213 cap.
1790 4159 1877 4207 xv,

308 4215 525 4282 quando
557 4214 756 4270 Paulus
798 4212 909 4272 una
949 4231 1072 4270 cunt
1114 4212 1365 4268 Barnaba
1414 4214 1485 4267 ob
1524 4212 1771 4268 exortam
1816 4215 1884 4268 de

306 4286 719 4353 circumcisione
751 4285 1180 4342 controversiam
1232 4282 1509 4353 profectus
1553 4295 1641 4339 est
1687 4284 1880 4339 Hiero-

307 4353 536 4424 selyma.
579 4348 731 4409 Ha‘nc
763 4356 1088 4413 sententiam
1116 4348 1338 4411 secutus
1383 4363 1469 4409 est
1499 4354 1783 4409 Baronius.
1818 4354 1884 4409 Et

309 4421 461 4478 Pauli
497 4425 663 4480 verba
711 4426 764 4481 id
801 4426 1024 4481 omnino
1069 4426 1301 4480 suadere
1328 4426 1607 4480 videntur.
1652 4425 1883 4492 thjicit

305 4494 451 4567 enim
492 4493 712 4567 Paulos,
751 4512 810 4552 se
840 4496 1188 4567 Evangelium
1221 4495 1364 4567 quod
1391 4495 1647 4567 gentibus
1689 4496 1882 4567 praedi-

305 4562 467 4636 cabat
508 4566 765 4636 detulisse
804 4569 869 4621 ad
900 4562 1197 4636 apostolos.
1237 4562 1427 4635 eisque
1479 4562 1895 4636 dijudicattdttur

305 4634 587 4707 obtulisse.
614 4634 729 4707 line
774 4638 917 4692 enim
937 4633 1057 4707 sibi
1093 4637 1278 4707 volunt
1307 4633 1370 4690 ea
1398 4633 1565 4690 verba
1600 4633 1880 4707 ἀνεθέμην

304 4701 489 4776 αὐτοῖς
514 4703 576 4756 τὸ
597 4705 963 4776 Εὑαγγέλιον.
990 4705 1127 4760 Tum
1163 4705 1439 4776 sultjungit
1480 4709 1547 4761 de
1589 4705 1738 4760 falsis
1770 4701 1899 4760 ινδ-.

308 4774 499 4846 tribus,
516 4775 607 4846 qui
635 4774 917 4832 veritatem
942 4777 1214 4846 Evangelii
1237 4774 1543 4846 opprimere
1571 4777 1875 4839 tentabant,

304 4843 752 4916 et_Christianos
793 4848 846 4902 in
897 4843 1211 4903 servitutem
1246 4843 1382 4916 legis
1433 4847 1698 4916 redigere.
1746 4846 1877 4914 Qua:

302 4913 522 4986 quidem
566 4915 749 4969 onmia
786 4919 1051 4986 pertinent
1082 4918 1198 4972 sine
1231 4913 1394 4971 dubio
1442 4918 1505 4970 ad
1553 4913 1871 4971 controver-

298 4984 620 5056 stantillam
653 4987 719 5040 de
757 4984 1189 5043 circumcisione.
1226 4986 1418 5042 Verum
1450 4988 1578 5056 quid
1625 5002 1761 5056 opus
1789 4999 1873 5043 est

298 5053 715 5128 pluribus,»eutn
749 5071 813 5128 ea
835 5072 933 5128 _res
958 5060 1264 5112 certissimo
1301 5053 1624 5128 argumento
1662 5053 1741 5110 ita
1775 5061 1873 5113 de-

297 5126 591 5199 monstrari
612 5124 1106 5199 possit?Profectio
1129 5128 1219 5181 illa
1244 5124 1406 5199 quam
1432 5136 1554 5196 post
1582 5142 1672 5181 xtv
1698 5143 1870 5185 annos

296 5207 357 5248 ae
386 5196 688 5269 instituisse
728 5198 804 5251 ait
832 5196 1057 5269 Paulus,
1089 5213 1193 5252 non
1228 5196 1405 5269 potest
1442 5212 1564 5253 esse
1606 5213 1668 5251 ea
1702 5213 1866 5267 quam

294 5264 533 5318 secundo
577 5267 699 5320 loco
738 5277 989 5322 numerat
1039 5264 1243 5323 Lucas:
1284 5269 1391 5323 Nec
1439 5284 1629 5324 rursus
1675 5264 1865 5325 eadem

292 5342 381 5388 est
406 5350 530 5406 cum
563 5335 653 5390 illa
691 5352 853 5406 quam
899 5350 1092 5406 quarto
1131 5338 1249 5394 loco
1282 5350 1532 5395 recenset
1582 5341 1724 5393 idem
1759 5340 1866 5394 Lu-

292 5418 410 5459 cas.
439 5403 642 5461 Eadem
667 5403 752 5479 est
780 5403 940 5478 igitur
969 5425 1092 5465 cunt
1126 5409 1219 5465 illa
1246 5424 1407 5479 quam
1442 5411 1657 5464 tertiam
1689 5408 1865 5466 Lucas

290 5486 702 5550 commemorat.
721 5478 874 5550 Quod
899 5494 1005 5534 non
1029 5482 1201 5550 possit
1222 5478 1342 5535 esse
1370 5479 1456 5533 illa
1479 5495 1599 5550 quae
1625 5483 1863 5536 secundo

290 5542 422 5619 loco
441 5542 763 5619 numeratur
785 5564 813 5601 a
847 5542 1175 5614 Luca,'ltinc
1209 5562 1435 5619 apparet
1459 5567 1471 5602 :
1492 5542 1691 5605 Paulus
1732 5561 1861 5608 tunc

288 5617 357 5667 ad
391 5616 711 5674 deferendas
753 5619 979 5674 fratrum
1009 5616 1379 5690 eleemosyitas
1424 5629 1630 5674 tantum
1662 5622 1861 5678 missus

289 5693 416 5760 e_st;_
449 5701 549 5760 nec
583 5702 706 5760 cum
745 5690 1005 5759 apostolis
1044 5691 1344 5746 collocutus
1372 5702 1476 5752 est,
1502 5692 1700 5760 quippe
1735 5707 1856 5747 cunt

291 5752 592 5829 Ecclesium
638 5752 951 5815 Judaiorum
999 5771 1127 5816 tunc
1173 5763 1408 5815 maxime
1442 5752 1857 5829 persequeretur

287 5821 553 5897 llcrodee,
589 5839 645 5908 et
676 5829 870 5887 Petrus
917 5833 971 5887 in
1004 5833 1233 5889 vinculis
1283 5821 1454 5886 esset:
1491 5821 1853 5896 Qttat'nobrent

2001 3166 2161 3219 rodes
2212 3161 2496 3217 tetrarcha'
2546 3162 2813 3228 Galilaue,
2870 3163 3064 3217 Herodi
3110 3161 3189 3215 λὶς
3239 3164 3424 3215 uxoris
3471 3162 3580 3214 int-

1995 3234 2153 3304 pulsu
2204 3233 2431 3289 Bonnam
2474 3234 2800 3304 navigasset,
2847 3243 2907 3285 ut
2946 3248 2984 3285 ι·‹
3119 3231 3511 3304 .t__tlignitatem
3546 3250 3574 3282 a
3622 3268 3627 3271 -

1995 3299 2127 3357 Caio
2183 3304 2541 3370 impetraret:
2580 3302 2746 3357 Caius
2784 3305 3092 3371 ademptam
3141 3299 3341 3355 Ilerodi
3387 3310 3579 3354 tetrar-

1995 3374 2198 3437 chiam,
2235 3372 2514 3428 Galilaeam
2559 3372 2772 3426 scilicet
2814 3373 3038 3425 donavit
3084 3371 3359 3440 Agrippae,
3390 3384 3580 3436 quent-

1993 3443 2284 3498 admodum
2332 3443 2495 3495 tradit
2537 3441 2807 3510 Josephns
2853 3442 2906 3495 in
2952 3441 3089 3493 libro
3127 3442 3472 3510 supradicto,
3523 3451 3577 3495 et

1990 3513 2149 3567 Philo
2181 3515 2233 3567 in
2291 3511 2571 3581 Legatione
2602 3509 2681 3565 ad
2720 3511 2909 3565 Caium
2953 3514 3054 3565 sub
3106 3511 3288 3564 linem.
3336 3509 3577 3565 Tandem

1991 3599 2123 3637 vero
2154 3591 2280 3653 post
2308 3581 2669 3653 tteceut.Caii,
2699 3581 2954 3653 Claudius
2999 3596 3222 3653 regnum
3266 3581 3519 3653 Agrippae
3546 3584 3609 3635 a‘

1990 3653 2122 3707 Caio
2155 3649 2339 3706 datum
2369 3649 2732 3715 conﬁrmavit,
2762 3651 2989 3719 adjectis
3012 3650 3195 3705 .lndaaa
3232 3667 3295 3706 ac
3324 3652 3575 3706 Samaria

1989 3739 2125 3789 quas
2171 3721 2415 3778 Herodes
2461 3736 2595 3776 avus
2648 3723 2984 3777 obtinuerat.
3036 3722 3214 3790 Atque
3264 3723 3338 3776 ita
3402 3729 3573 3775 totum

1990 3794 2220 3849 Herodis
2248 3793 2426 3861 Magni
2457 3807 2682 3863 regnum
2710 3794 2777 3847 ad
2815 3793 3110 3863 Agrippam
3160 3795 3433 3863 pervenit.
3468 3792 3572 3860 Qui

1991 3879 2114 3919 mox
2150 3862 2537 3934 Hierosolymis
2568 3878 2668 3934 suo
2710 3862 3336 3934 arbitratu’pontificetn
3386 3879 3579 3917 creare

1988 3936 2185 4002 cmpit,
2234 3932 2437 4005 quippe
2492 3933 2583 4005 qui
2634 3932 2984 4005 tumrJudaaa;
3041 3947 3136 3988 rex
3188 3942 3372 3997 esset,
3421 3934 3579 4005 cujus

1988 4015 2152 4076 caput
2189 4014 2306 4061 erat
2336 4004 2467 4058 urbs
2512 4004 2909 4076 Hierosolyma.
2956 4003 3127 4076 Recte
3164 4018 3294 4071 ergo
3329 4003 3578 4070 Scaliger

1989 4075 2041 4129 in
2077 4075 2643 4145 animadversionibus
2691 4074 3046 4145 reprehendit.
3076 4074 3391 4139 Eusebium,
3427 4078 3575 4141 quod

1987 4147 2282 4214 Agrippam
2312 4160 2494 4213 regem
2535 4143 2809 4200 Judaaat'a
2846 4145 2979 4200 Caio
3019 4144 3222 4201 factum
3264 4159 3384 4199 esse
3418 4146 3573 4199 dixe-

1988 4216 2084 4287 rit.
2116 4217 2223 4271 Sed
2258 4214 2463 4287 fallitur
2492 4215 2610 4284 ipse
2647 4220 2874 4287 quoque
2899 4215 3167 4287 Scaliger,
3208 4229 3332 4268 cum
3378 4215 3580 4268 scribit.

1989 4284 2279 4356 Agrippam
2323 4285 2551 4339 Romam
2595 4284 2847 4349 venisse,
2892 4296 2950 4341 ut
2992 4284 3263 4341 Herodem
3315 4294 3577 4356 patruum

1986 4354 2292 4412 accusaret.
2310 4356 2516 4427 :Neque
2545 4356 2690 4410 enim
2730 4358 2967 4427 Agrippa
3016 4359 3253 4427 Romam
3290 4354 3569 4423 profectus

1988 4437 2091 4491 est,
2145 4427 2240 4483 sed
2307 4426 2667 4482 Fortunatum
2729 4424 2986 4481 libertum
3054 4442 3179 4480 cum
3242 4424 3438 4478 litteris
3496 4428 3565 4479 ad

1988 4497 2175 4552 Caium
2209 4498 2376 4561 misit,
2413 4506 2472 4550 ut
2511 4498 2677 4551 tradit
2719 4494 3009 4563 Josepbttsl
3040 4496 3214 4550 Porro
3243 4494 3563 4563 jamdudum

1985 4581 2116 4623 ante
2168 4566 2506 4637 Scaligerum
2562 4567 2890 4623 scholiastes
2929 4567 3150 4637 quidam
3209 4567 3262 4619 itt
3320 4567 3567 4633 margine

1984 4639 2191 4694 codicis
2223 4636 2486 4690 Ma’zarini
2534 4637 2678 4691 hunc
2709 4638 2930 4692 Eusebii
2954 4636 3220 4691 errorem
3258 4645 3562 4688 notaverat.

1982 4709 2118 4763 Nam
2145 4708 2326 4777 adlilla
2357 4709 2545 4774 verba,
2571 4706 2673 4777 τῆς
2710 4702 2978 4763 Ἰουδαίων
3004 4706 3181 4778 ἀρχῆς
3207 4706 3269 4759 τὸ
3291 4705 3529 4777 διάδημα
3549 4745 3568 4771 ,

1983 4780 2086 4835 hoc
2126 4780 2373 4833 scltolion
2430 4779 2728 4846 ascriptum
2775 4787 2886 4843 est,
2935 4794 3040 4832 non
3088 4779 3307 4846 quidem
3373 4780 3564 4846 eadem

1981 4867 2166 4913 manu,
2208 4850 2303 4904 sed
2341 4842 2696 4902 nihilominus
2716 4842 2930 4903 vetusta
2963 4867 2976 4903 :
3013 4842 3141 4917 00f
3178 4842 3356 4912 οὗτος,
3397 4845 3513 4900 ἀλλ’
3535 4848 3567 4901 ὁ

1977 4920 2265 4985 Κλαύδιος.
2312 4918 2574 4975 Excusari
2622 4926 2802 4972 tamen
2850 4923 3133 4973 commode
3166 4927 3346 4987 potest
3389 4918 3562 4973 Euse-

1977 4993 2118 5046 bius.
2142 4992 2258 5046 Non
2284 4993 2431 5046 enim
2457 4989 2599 5059 dixit
2620 4986 2911 5059 Agrippam
2935 4989 3136 5044 Judaeat
3162 4986 3344 5059 regem
3370 5005 3400 5042 a
3427 4989 3564 5043 Caio

1976 5062 2179 5116 factum
2215 5061 2405 5122 fuisse.
2437 5058 2536 5115 sed
2573 5058 2910 5125 Iudaeorum,
2958 5075 3150 5116 eorum
3201 5058 3415 5114 scilicet
3467 5061 3563 5128 qui

1972 5133 2027 5186 in
2059 5131 2447 5187 Tracbonitide
2471 5138 2528 5184 et
2557 5131 2609 5185 in
2652 5128 2903 5201 Lysattite
2944 5131 3245 5201 tetrarchia
3268 5132 3559 5201 degebant.

1973 5202 2118 5256 Sane
2143 5203 2297 5257 Philo
2326 5203 2378 5255 in
2413 5201 2653 5256 oratione
2674 5200 2927 5256 adversus
2957 5200 3234 5264 Flaccum,
3259 5200 3559 5270 Agrippam

1972 5274 2135 5335 hunc,
2165 5274 2257 5342 qui
2288 5283 2401 5327 tum
2446 5271 2627 5326 adhuc
2653 5273 2823 5342 solius
2849 5272 3376 5342 Trachonitidisrex
3419 5282 3558 5342 erat,

1968 5340 2322 5399 nihilominus
2351 5351 2510 5397 vocat
2533 5355 2723 5414 regem
2755 5340 3090 5414 ludatur-um.
3126 5340 3382 5414 Loquens
3413 5341 3556 5395 enim

1967 5415 2035 5471 de
2058 5412 2582 5484 Alexandrinis,sic
2606 5409 2742 5467 'ait:
2777 5411 3086 5484 Ἥσχαλλον
3132 5409 3240 5466 ὲπὶή
3273 5409 3354 5481 τῷ
3395 5425 3558 5479 γεγε-

1965 5485 2163 5558 νῆσθαί
2188 5501 2311 5558 τινα
2347 5482 2575 5558 βασιλέα
2591 5512 2595 5518 ι
2610 5482 2899 5558 Ἰουδαίων.

2036 5556 2114 5629 (7)
2149 5555 2273 5611 Σὺν
2316 5549 2798 5629 νέαὶᾼτῇᾼτυνᾳικὶ
2846 5553 3174 5629 Ἡρωδιάδι.
3213 5549 3364 5629 ,φειδ
3386 5550 3559 5629 __ltuttc

1963 5620 2156 5700 locum
2171 5626 2385 5700 accepit
2412 5620 2970 5700 ChriStopltorsonu's,
3001 5626 3156 5694 quasi
3195 5622 3341 5700 dicat
3383 5620 3551 5700 Cuse-

1962 5701 2083 5753 bius
2117 5690 2383 5752 Herodem
2418 5698 2562 5750 hunc
2598 5690 2704 5750 uita
2741 5710 2865 5751 cum
2911 5690 3084 5750 uxore
3114 5708 3213 5747 sua
3246 5690 3556 5746 Herodiade

1966 5768 2283 5823 interfuisse
2332 5766 2570 5835 passioni
2626 5766 2851 5820 Christi.
2886 5765 3053 5833 Atqui
3106 5778 3221 5835 non
3272 5764 3376 5815 hoc
3405 5761 3561 5835 _dieit

1967 5841 2256 5903 Eusebius,
2289 5830 2383 5894 sed
2415 5835 2777 5892 Herodiadetu
2809 5830 2990 5890 simtth
3021 5850 3141 5888 cum
3176 5833 3292 5885 viro
3342 5830 3556 5901 relega-
