4154 6406
374 342 476 399 »153

1359 325 1715 384 lllSTORIE
1754 321 2314 381 ECCLESIASTICE
2354 322 2483 379 LIB.
2522 321 2566 378 ll

3527 316 3626 371 156

373 459 650 531 ξάνδρειαν
682 450 1066 525 συμϐεϐηκότα
1104 448 1403 531 Ἰουδαίοις,
1431 448 1524 500 ἐπὶ
1558 444 1653 499 τοῦ
1694 444 1955 516 δηλουμέ-

2062 446 2344 503 virtutibus
2369 441 2673 514 inscripsit,
2721 433 2925 491 Iudicis
2964 433 3353 490 Alexandriam
3389 431 3635 485 incolen-

369 567 481 615 νου,
501 530 557 603 ἐν
587 545 823 616 δευτέρῳ
856 530 1317 612 συγγράμματιῷ
1344 535 1621 608 ἐπέγραψε
1647 536 1785 602 Περὶ
1816 536 1952 602 ἀρε-

368 642 489 697 τῶν
511 639 644 709 (20),
683 637 901 708 ἱστορεῖ.
947 631 1169 703 Συνᾴδει
1206 630 1251 683 δ’
1284 627 1435 699 αὐτῷ
1469 630 1562 682 καὶ
1597 630 1625 681 ὁ
1670 626 1950 697 Ἰώσηπος,

371 732 570 804 ὁμοίως
616 727 724 784 ἀπὸ
764 726 873 780 τῶν
907 722 1142 777 Πιλάτου
1172 721 1379 792 χρόνων
1412 720 1506 774 καὶ
1534 720 1643 773 τῶν
1683 718 1826 773 κατὰ
1857 716 1951 771 τοῦ

371 824 623 895 Σωτῆρος
655 821 811 891 ἡμῶν
848 818 1288 889 τετολμημένων,
1317 816 1417 880 τὰς
1456 812 1597 869 κατὰ
1632 810 1828 872 παντὸς
1858 809 1952 862 τοῦ

268 912 275 919 ’
373 915 559 977 ἔθνους
584 910 910 983 ἐνάρξασθαι
938 909 1214 982 σημαίνων
1240 907 1544 980 συμφοράς.
1580 906 1778 957 Ἀκουε
1795 902 1839 955 δ’
1861 897 1952 954 οὖν

375 1002 465 1059 οἶα
480 1006 572 1060 καὶ
590 998 743 1067 οὗτος
764 1007 822 1058 ἐν
842 1003 1079 1075 δευτέρῳ
1094 1003 1187 1056 τοῦ
1206 999 1537 1055 Ἰουδαϊκοῦ
1554 995 1827 1065 Πολέμου
1852 994 1952 1047 αὑ-

377 1099 499 1160 ταῖς
529 1095 814 1158 συλλαϐαῖς
844 1094 994 1165 δηλοῖ
1017 1094 1218 1162 λέγων·
1261 1111 1279 1143 ι
1307 1089 1584 1161 Πεμφθεὶς
1610 1088 1667 1141 δὲ
1699 1088 1779 1150 είς
1820 1088 1951 1139 Ἰου-

378 1190 534 1242 δαίαν
562 1188 854 1259 ἐπίτροπος
882 1186 986 1239 ὑπὸ
1006 1184 1256 1256 Τιϐερίου
1279 1183 1528 1245 Πιλάτος,
1553 1180 1769 1250 νύκτωρ
1791 1194 1955 1232 κεκα-

379 1280 654 1352 λυμμένας
682 1282 760 1343 εἰς
803 1278 1146 1351 Ἰεροσόλυμα
1174 1273 1591 1347 παρεισκομίξει
1623 1272 1725 1335 τὰς
1744 1270 1954 1324 Καίσα-

381 1391 475 1444 ρος
502 1373 711 1436 είκόνας
733 1389 746 1401 ’
774 1373 1004 1442 σημαῖαι
1027 1366 1339 1422 καλοῦνται.
1370 1365 1542 1419 Τοῦτο
1573 1363 1691 1435 μεθ’
1715 1362 1950 1433 ἡμέραν,

380 1466 640 1537 μεγίστην
689 1465 934 1537 ταραχὴν
984 1464 1175 1535 ῆγειρε
1223 1463 1334 1524 τοῖς
1392 1458 1685 1522 Ἰουδαίοις.
1732 1458 1794 1509 Oi
1844 1455 1954 1526 γὰρ

381 1558 562 1627 ἐγγὺς,
590 1557 725 1627 πρὸς
742 1557 841 1627 τὴν
865 1556 988 1625 ὄψιν
1017 1553 1415 1623 ἐξεπλάγησαν,
1440 1551 1516 1614 ὡς
1550 1547 1953 1619 πεπατημένων

380 1650 556 1714 αὐτοῖς
582 1648 692 1702 τῶν
734 1648 934 1718 νόμων.
979 1646 1143 1700 υὺδέν
1172 1645 1282 1715 γὰρ
1326 1642 1567 1710 ἀξιοῦσιν
1610 1643 1667 1695 ἐν
1699 1643 1764 1710 τῇ
1802 1639 1953 1691 πόλει

378 1740 618 1812 δείκηλον
676 1739 939 1793 τίθεσθαι.
968 1758 985 1789 ι
1046 1737 1232 1792 Ταῦτα
1281 1737 1337 1789 δὲ
1393 1733 1690 1806 συγκρίνας
1735 1734 1799 1803 τῇ
1844 1730 1953 1784 τῶν

385 1834 735 1905 Εὑαγγελίων
777 1832 983 1902 γραφῇ,
1018 1827 1138 1899 εἴσῃ
1163 1828 1238 1891 ὡς
1266 1829 1365 1880 οὐκ
1401 1827 1479 1890 είς
1514 1825 1729 1896 μακρὰν
1762 1824 1957 1887 αὐτοὺς

384 1923 641 1994 μετῆλθεν
666 1922 798 1993 (2i),
832 1924 897 1993 ἣν
925 1920 1158 1993 ἐῤῥηξαν
1187 1921 1272 1972 ἐπ’
1304 1917 1467 1972 αὐτοῦ
1493 1916 1725 1970 Πιλάτου
1751 1914 1953 1986 φωνὴν,

381 2018 446 2071 δι’
469 2010 538 2089 ἦς
564 2018 665 2070 οὐκ
690 2016 845 2070 ἄλλον
869 2014 901 2086 ἢ
933 2014 1090 2085 μόνον
1120 2012 1269 2083 ἐχειν
1313 2010 1553 2064 ἐπεϐόων
1582 2008 1838 2079 Καίσαρα
1861 2008 1956 2079 βα-

385 2108 554 2163 σιλέα.
582 2104 716 2163 Εἶτα
752 2108 809 2161 δὲ
853 2107 946 2160 καὶ
980 2105 1146 2177 ἄλλην
1188 2104 1316 2174 ἑξῆς
1363 2104 1391 2155 ὀ
1424 2101 1584 2164 αὐτὸς
1611 2101 1956 2173 συγγραφεὺς

381 2201 586 2271 ἱστορεῖ
607 2197 880 2269 μετελθεῖν
900 2196 1097 2258 αὐτοὺς
1121 2192 1406 2266 συμφορὰν
1426 2194 1483 2245 ἐν
1503 2191 1711 2255 τούτοις
1729 2208 1742 2220 ο
1773 2210 1790 2242 ι
1803 2189 1957 2245 Μετά

384 2284 445 2339 δὲ
479 2284 654 2338 ταῦτα
686 2285 933 2356 ταραχὴν
966 2284 1159 2354 ἑτέραν
1195 2283 1394 2346 ἐκίνει,
1432 2279 1524 2332 τὸν
1563 2278 1705 2349 ἱερὸν
1751 2276 1957 2346 θησαυ-

386 2374 484 2446 ρὸν
519 2374 786 2445 (καλεῖται
823 2374 880 2427 δὲ
918 2374 1201 2446 κορϐονᾶς)
1241 2376 1321 2437 είς
1370 2370 1700 2441 καταγωγὴν
1750 2367 1958 2423 ὑδάτων

384 2466 771 2531 ἐξαναλίσκων.
816 2467 1027 2538 Κατῄει
1071 2467 1130 2521 δὲ
1184 2467 1294 2520 ἀπὸ
1340 2464 1665 2537 τριακοσίων
1707 2462 1957 2517 σταδίων.

386 2559 529 2629 Πρὸς
571 2559 731 2613 τοῦτο
773 2559 868 2614 τοῦ
917 2559 1155 2627 πλήθους
1197 2558 1568 2626 ἀγανάκτησις
1594 2551 1681 2626 ἦν.
1726 2556 1835 2608 Καὶ
1861 2551 1959 2607 τοῦ

385 2649 619 2703 Πιλάτου
664 2652 928 2722 παρόντος
970 2654 1049 2715 είς
1096 2649 1474 2721 Ἱεροσόλυμα,
1522 2646 1873 2719 περιστάντες
1899 2642 1961 2699 τὸ

386 2737 538 2811 βῆμα
562 2740 697 2812 (2‘2),
731 2741 1025 2796 κατεϐόων.
1065 2743 1123 2796 '0
1149 2742 1227 2806 δέ,
1265 2739 1487 2812 προῄδει
1522 2738 1631 2809 γὰρ
1659 2736 1835 2792 αὐτῶν
1863 2736 1963 2807 τὴν

382 2832 646 2905 ταραχὴν,
680 2833 758 2905 τῷ
793 2834 987 2907 πλήθει
1021 2835 1148 2898 τοὺς
1179 2832 1517 2905 στρατιώτας
1545 2830 1799 2893 ἐνόπλους
1848 2829 1960 2901 (25)

383 2924 607 2995 ἐσθῆσιν
637 2927 932 2991 ίδιωτικαίς
957 2925 1406 2998 κεκαλυμμένους
1446 2922 1837 2995 ἐγκαταμίξας,
1869 2922 1965 2976 καὶ⁸

2063 538 2207 590 tibus
2259 532 2556 600 supradicti
2608 527 2725 583 Caii
2757 528 3067 597 principatu
3101 525 3393 594 contigisse
3437 524 3629 578 refert.
3694 582 3701 591 ,

2059 625 2157 681 Cui
2191 623 2519 693 astipulatur
2551 622 2713 675 etiam
2758 616 3059 687 Josephus,
3086 616 3178 686 qui
3208 629 3481 670 aerumnas
3512 612 3637 668 illas

2060 717 2256 787 quibus
2280 713 2587 769 Judteorum
2620 727 2753 780 gens
2780 709 3086 765 conﬂictata
3115 715 3218 770 est,
3254 707 3367 777 jam
3400 707 3524 761 inde
3566 703 3639 759 ab

2060 808 2194 878 ipsis
2225 806 2388 861 Pilati
2440 804 2793 873 temporibus,
2819 810 2871 856 et
2922 816 2951 856 ιι
2999 801 3205 857 scelere
3238 798 3331 853 illo
3374 797 3639 851 adversus

2061 900 2412 954 Servatorem
2438 905 2682 952 nostrun:
2716 894 2957 947 admisso
2988 900 3141 946 ortas
3169 904 3294 944 esse
3341 886 3634 958 signiﬁcat.

2057 990 2380 1057 Audiamus,
2409 990 2453 1045 si
2486 989 2681 1059 placet,
2713 1001 2833 1057 quae
2855 984 2945 1039 ille
2990 984 3044 1037 in
3073 981 3317 1037 secundo
3367 977 3507 1032 Belli
3531 974 3638 1031 Ju-

2059 1086 2203 1139 daici
2234 1084 2374 1140 libro
2403 1082 2570 1137 refert
2600 1082 2685 1135 bis
2723 1077 2943 1134 verbis:
2978 1095 2996 1129 ι
3032 1075 3264 1135 Pilatus.
3297 1073 3495 1143 inquit,
3541 1071 3636 1141 qni

2060 1193 2089 1231 a
2130 1176 2351 1232 Tiberio
2381 1182 2699 1245 procurator
2728 1172 2780 1227 in
2810 1170 3052 1225 ledaeam
3087 1167 3291 1221 missus
3320 1165 3518 1229 fuerat,
3551 1180 3638 1218 ve-

2060 1271 2198 1325 latas
2218 1268 2451 1325 Caesaris
2474 1266 2743 1337 imagines
2762 1279 2884 1334 qua:
2908 1264 3059 1334 signa
3086 1261 3445 1331 appellantur,
3472 1270 3636 1313 noctu

2061 1362 2241 1417 intulit
2270 1359 2663 1430 Hierosolyma.
2693 1357 2765 1412 Ea
2792 1372 2879 1412 res
2911 1355 3071 1410 simul
3103 1364 3269 1422 atque
3289 1352 3405 1408 dies
3434 1352 3633 1415 illuxit,

2061 1453 2354 1506 maximum
2387 1449 2679 1504 tumultum
2730 1449 2991 1503 excitavit
3017 1446 3348 1502 Iudaeorum.
3383 1444 3516 1499 Nam
3545 1444 3640 1513 qui

2061 1545 2113 1597 in
2170 1543 2420 1611 proximo
2447 1549 2626 1604 erant,
2662 1555 2801 1594 novo
2842 1538 3158 1608 spectaculo
3187 1538 3404 1593 attoniti
3446 1536 3638 1591 obstu-

2059 1648 2247 1702 puere,
2278 1646 2499 1702 prorsus
2535 1631 2691 1698 quasi
2722 1633 2910 1699 patria:
2934 1630 3080 1699 leges
3106 1628 3444 1685 conculcata:
3469 1627 3640 1683 viola-

2062 1740 2236 1797 tacque
2286 1734 2492 1782 essent.
2546 1724 2708 1779 Nefas
2760 1724 2963 1795 quippe
3003 1723 3110 1778 illis
3158 1731 3244 1779 est
3286 1721 3638 1778 simulacrum

1991 1812 2029 1866 Β
2061 1820 2226 1874 ullum
2263 1818 2317 1873 in
2348 1817 2481 1872 urbe
2504 1825 2767 1872 statuere.
2802 1835 2821 1867 ι
2853 1816 2983 1883 Qua:
3007 1815 3221 1885 quidem
3249 1815 3294 1871 si
3320 1830 3440 1869 cum
3470 1828 3636 1868 evan-

2061 1911 2230 1983 gelica
2256 1910 2481 1964 historia
2509 1908 2762 1965 conferre
2792 1908 3055 1971 volueris,
3088 1907 3359 1978 intelliges
3387 1906 3636 1976 profecto

2062 2003 2515 2058 acclamationem
2573 2001 2744 2066 illam,
2769 2016 2874 2071 qua
2917 2000 3094 2055 Pilato
3138 2001 3317 2056 testati
3352 2007 3498 2063 sunt,
3528 2015 3634 2055 non

2062 2097 2230 2151 alium
2263 2095 2363 2151 sibi
2390 2108 2570 2163 regem
2602 2109 2723 2149 esse
2759 2108 2921 2163 quam
2961 2094 3253 2161 Caesarem,
3286 2093 3436 2149 brevi
3466 2093 3520 2148 in
3558 2094 3641 2163 ip-

2061 2204 2250 2246 sorum
2284 2188 2510 2242 exitium
2544 2186 2793 2241 vertisse.
2832 2186 3009 2241 Aliam
3039 2185 3234 2241 deinde
3266 2185 3635 2241 calamitatem

2061 2281 2241 2335 divina
2274 2279 2480 2334 ultione
2514 2280 2647 2348 ipsis
2680 2277 2884 2332 illatam
2934 2277 3075 2330 idem
3108 2277 3345 2348 scriptor
3371 2285 3639 2333 memorat

2056 2370 2141 2426 his
2168 2371 2391 2427 verbis:
2433 2387 2452 2421 ι
2489 2370 2621 2425 Post
2667 2369 2803 2435 haec,
2837 2368 3036 2440 inquit,
3082 2369 3250 2423 alium
3292 2384 3509 2439 quoque
3547 2378 3635 2423 tu-

2057 2461 2289 2517 multum
2317 2461 2457 2517 idem
2481 2461 2688 2516 Pilatus
2737 2461 3017 2528 excitavit,
3039 2476 3162 2516 cum
3189 2462 3471 2531 pecuniam
3492 2461 3634 2517 sacri

2057 2552 2235 2608 πται·ίί
2275 2553 2420 2623 quod
2464 2552 2762 2609 corbonam
2799 2553 2980 2623 patria
3024 2552 3206 2621 lingua
3244 2552 3542 2624 appellant,
3578 2552 3636 2609 in

2059 2645 2521 2701 constructionem
2583 2644 2944 2714 aqumductus
3013 2645 3369 2714 impenderet.
3428 2644 3636 2702 Aberat

2060 2744 2242 2791 autem
2273 2750 2412 2805 aqua
2437 2750 2601 2806 quam
2629 2735 2898 2791 deducere
2925 2736 2977 2789 in
3007 2736 3193 2790 urbem
3243 2734 3448 2792 Pilatus
3480 2737 3634 2795 vole-

2061 2829 2175 2892 bat,
2205 2828 2467 2883 trecentis
2501 2827 2570 2882 ab
2600 2828 2734 2883 urbe
2766 2828 2980 2883 stadiis.
3021 2828 3075 2882 Id
3106 2828 3258 2899 plebs
3279 2844 3422 2899 aegre
3450 2830 3636 2886 admo-

2062 2921 2191 2975 dum
2223 2920 2451 2975 ferebat.
2489 2918 2680 2989 itaque
2708 2934 2831 2975 cum
2864 2918 3073 2975 Pilatus
3108 2920 3347 2975 venisset
3380 2919 3638 2983 Hieroso-

450 3080 594 3166 (ἓρ).
615 3083 741 3163 Ἐν-
766 3082 1022 3166 δευτέρῳ
1086 3083 1497 3166 συγγράμματι
1543 3076 1605 3166 ’ᾧ
1665 3083 1955 3166 ἐπέγραψε

2074 3080 2278 3136 Christi
2298 3080 2886 3166 mouerit-contigisse.
2912 3079 3074 3166 Atqui
3105 3079 3386 3164 dom-phus
3414 3081 3530 3166 ipse
3557 3092 3638 3165 te-

379 3152 520 3221 Περί
561 3151 805 3221 ἀρετῶν.
861 3153 915 3206 In
953 3151 1246 3216 superiori
1279 3151 1457 3220 capite
1507 3151 1956 3217 observavimus,

381 3220 578 3293 librum
612 3222 854 3293 Philonis
892 3225 945 3276 in
1003 3222 1253 3293 Flaccum
1284 3223 1656 3277 collocandum
1689 3239 1809 3278 esse
1838 3231 1959 3293 post

379 3289 582 3346 librum
635 3292 711 3344 De
742 3293 1001 3363 legatione
1040 3293 1109 3363 ad
1136 3290 1347 3356 Caium,
1398 3308 1503 3347 non
1535 3302 1714 3347 autem
1749 3289 1959 3363 priapo-

379 3364 638 3423 nendum,
663 3371 724 3415 ut
780 3362 939 3428 vulgo
974 3362 1115 3416 litin
1146 3363 1307 3415 editis
1359 3372 1415 3415 et
1466 3363 1519 3416 in
1573 3362 1958 3429 manuscriptis

379 3430 803 3498 exemplaribus,
831 3431 993 3498 idque
1016 3432 1228 3484 duobus
1254 3431 1591 3498 argumentis
1622 3434 1959 3487 demonstra-

377 3502 578 3568 vimus,
606 3514 724 3567 quae
764 3500 851 3553 hic
899 3509 1146 3562 repetere
1196 3499 1524 3568 superﬂuum
1574 3500 1756 3556 fuerit.
1804 3500 1959 3556 Nunc

379 3582 512 3621 vero
538 3567 625 3622 hic
671 3568 889 3623 Eusebii
941 3568 1093 3623 locus
1132 3567 1291 3636 quem
1345 3583 1455 3637 prae
1507 3571 1756 3624 manibus
1786 3571 1951 3625 hahe-

380 3652 525 3700 mus,
554 3639 875 3693 sententiam
918 3647 1155 3691 nostram
1209 3648 1393 3705 aperte
1450 3637 1754 3693 conﬁrmat.
1797 3640 1957 3694 Post-

380 3720 542 3774 quam
619 3708 762 3760 enim
816 3707 1075 3761 Eusebius
1114 3706 1255 3759 mala
1312 3708 1508 3775 quibus
1556 3706 1728 3762 Judmi
1766 3724 1794 3762 a
1826 3709 1959 3765 Caio

380 3775 562 3847 vexati
587 3786 732 3841 sunt,
758 3792 824 3830 ex
853 3776 1093 3831 Philonis
1129 3776 1266 3847 libro
1289 3775 1367 3831 lle
1395 3776 1652 3847 legatione
1677 3780 1745 3832 ad
1769 3779 1958 3833 Caium

382 3845 708 3919 singillatim
748 3846 1214 3919 commemoravit,
1272 3845 1458 3919 addit,
1494 3847 1702 3919 multas
1746 3863 1960 3919 quoque

381 3914 521 3970 alias
563 3917 916 3984 gravi~simas
964 3916 1304 3971 calamitates
1334 3914 1539 3971 Iudicis
1570 3914 1958 3973 Alexandrinis

379 4000 503 4056 esse
546 3986 725 4056 illatas
776 3985 1015 4054 ejusdem
1065 3986 1182 4056 Gaii
1234 3987 1564 4056 principatu,
1620 4003 1757 4056 quas
1795 3990 1960 4043 refert

380 4054 535 4110 Philo
568 4055 621 4109 in
650 4056 887 4109 secundo
926 4056 1064 4110 libro
1096 4054 1173 4109 De
1210 4054 1512 4112 virtutibus.
1550 4054 1652 4110 llic
1690 4060 1959 4113 secundus

381 4124 519 4178 liber
546 4141 653 4179 non
689 4135 867 4193 potest
900 4139 1020 4180 esse
1068 4126 1206 4178 alius
1235 4140 1396 4193 quam
1427 4126 1564 4179 liber
1593 4127 1649 4180 in
1678 4125 1955 4181 Flaccum.

379 4193 498 4265 Non
541 4196 687 4249 enim
725 4196 827 4249 dici
858 4205 1036 4265 potest
1065 4211 1188 4250 eum
1229 4196 1405 4264 ipsum
1455 4210 1577 4251 esse
1624 4198 1822 4251 librum
1866 4197 1956 4265 qui

381 4264 463 4319 De
486 4267 746 4336 legatione
776 4263 1441 4336 ad’Caiuminseribitur,
1473 4282 1596 4321 cum
1622 4263 1957 4336 Legationem

382 4338 452 4387 ad
482 4332 673 4405 Gaium
721 4336 919 4405 diserte
973 4335 1271 4405 distinguat
1308 4336 1575 4391 Eusebius
1608 4338 1674 4391 ab
1698 4332 1818 4391 hoc
1866 4352 1958 4391 se-

382 4403 665 4475 cundoDe
700 4404 979 4459 virtutibus
1008 4403 1166 4460 libro.
1200 4404 1388 4475 Restat
1416 4421 1545 4475 ergo
1579 4416 1638 4459 ut
1689 4409 1956 4461 secundus

2068 3159 2261 3215 statur,
2296 3151 2348 3204 id
2393 3151 2662 3206 accidisse
2707 3150 2865 3205 initio
2914 3151 3405 3213 administrationis
3452 3151 3632 3206 Pilati.

2061 3221 2153 3274 Sic
2185 3222 2327 3274 enim
2379 3221 2569 3274 scribit
2616 3220 2667 3272 in
2707 3220 2842 3273 libn)
2867 3236 2901 3272 ll
2937 3220 3010 3273 De
3032 3220 3163 3274 bello
3191 3220 3421 3275 Iudaico
3446 3237 3466 3275 :
3492 3222 3637 3275 [Iau-

2061 3243 2153 3274 DIC
2185 3243 2327 3274 CIIII"
2379 3243 2569 3274 ΒίτΓΙΙΙΙι
2616 3243 2667 3272 111
2707 3243 2842 3273 "HN
2867 3243 2901 3272 ΙΙ
2937 3243 3010 3273 νε
3032 3243 3163 3274 υειιο
3191 3243 3421 3275 δυιιηισο
3446 3243 3466 3275 ἔ
3492 3243 3567 3275 ιιε
3613 3252 3634 3265 ⁸

2059 3291 2213 3359 φθεὶς
2234 3290 2289 3344 δὲ
2316 3292 2397 3361 είς
2432 3289 2694 3343 Ἰουδαίαν
2716 3289 3008 3361 ἐπίτροπος
3049 3290 3153 3342 ὑπὸ
3183 3290 3430 3361 Τιϐερίου
3466 3243 3634 3345 Hilg-

2059 3378 2171 3425 τος,
2204 3370 2309 3414 etc.
2336 3360 2478 3414 Idem
2502 3375 2718 3429 quoque
2745 3360 2989 3425 apertius
3010 3368 3236 3429 testatur
3264 3360 3476 3414 in’libro
3497 3378 3627 3417 xvm

2060 3432 2470 3500 Antiqutjtalum.
2502 3427 2697 3500 Missus
2726 3441 2809 3482 εει
2843 3438 3023 3500 autem
3067 3430 3119 3482 in
3155 3427 3395 3500 Judteam
3428 3430 3632 3485 Pilatus

2061 3497 2210 3554 anno
2234 3499 2436 3569 Tiberii
2469 3499 2815 3562 duodecimo,
2861 3497 3016 3569 idest
3044 3498 3275 3569 triennio
3306 3511 3434 3554 ante
3460 3500 3636 3569 bapti-

2060 3583 2238 3641 smum
2264 3568 2484 3641 Christi.
2518 3568 2826 3641 Absurdum
2864 3568 3029 3636 igitur
3050 3568 3365 3641 estdicere,
3419 3586 3481 3624 ea
3511 3568 3630 3641 quae

2060 3637 2260 3693 Judzeis
2288 3640 2604 3693 acciderunt
2630 3638 2720 3691 diu
2754 3646 2882 3691 ante
2917 3638 3228 3704 passionem
3265 3638 3485 3702 Christi,
3523 3637 3630 3696 non

2059 3710 2130 3761 ob
2156 3708 2318 3761 aliain
2350 3723 2569 3761 causam
2596 3722 2756 3778 quam
2792 3708 2862 3762 ob
2895 3708 3074 3778 scelus
3103 3707 3230 3761 illud
3273 3710 3322 3762 in
3353 3710 3632 3766 Christum

2061 3778 2380 3850 admissum,
2409 3780 2539 3850 ipsis
2564 3777 2876 3850 contigisse.
2912 3777 3014 3850 Est
3055 3778 3287 3850 etgaliud
3323 3782 3627 3850 quidpiam,

2059 3848 2203 3917 quod
2230 3848 2282 3901 in
2317 3847 2550 3903 Eusebio
2575 3848 2805 3901 fortasse
2833 3848 2955 3915 quis
2994 3848 3163 3918 possit
3198 3847 3629 3916 reprehendere.

2060 3917 2404 3988 Existimavit
2449 3918 2592 3988 enim
2630 3918 2917 3979 Eusebius,
2959 3917 3124 3988 unum
3171 3918 3421 3988 idemque
3468 3918 3629 3975 Pilati

2060 3986 2275 4041 facinus
2307 3997 2416 4041 tum
2447 4002 2475 4040 a
2507 3987 2899 4057 Philone,tnm
2940 4002 2969 4041 a
3016 3987 3252 4057 Josepho
3300 3986 3632 4044 commemo-

2063 4057 2209 4127 raril;
2240 4072 2361 4111 cum
2397 4068 2574 4113 tamen
2609 4058 2653 4112 si
2684 4056 2807 4125 quis
2837 4056 3159 4126 diligentius
3174 4057 3485 4127 intenderit,
3510 4062 3634 4115 duae

2064 4126 2255 4197 ill-.eac
2285 4126 2511 4182 diversa:
2552 4142 2639 4181 res
2669 4142 2791 4180 esse
2835 4128 3139 4182 videantur.
3175 4126 3441 4197 Josephus
3482 4130 3629 4184 enim

2061 4195 2302 4266 loquitur
2350 4198 2417 4251 de
2452 4197 2621 4266 signis
2657 4210 2751 4251 seu
2782 4198 2847 4251 de
2893 4199 3219 4266 imaginibus
3263 4195 3630 4265 imperatoris,

2060 4264 2215 4338 Philo
2249 4281 2377 4321 vero
2406 4268 2471 4322 de
2498 4264 2698 4338 clypeis
2730 4269 2954 4338 auratis,
2983 4264 3073 4338 qui
3101 4267 3314 4338 nullani
3334 4264 3624 4336 imaginem

2060 4335 2346 4398 baberent.
2379 4339 2474 4392 sed
2500 4335 2694 4391 nomen
2729 4336 2994 4390 duntaxat
3023 4335 3230 4393 Tiberii
3276 4335 3507 4393 Caesaris
3538 4338 3629 4394 cui

2060 4406 2473 4477 dedicabantur,
2524 4422 2648 4460 cum
2684 4407 2903 4462 nomine
2936 4407 3093 4477 Pilati
3141 4408 3231 4477 qui
3280 4422 3376 4461 eos
3406 4407 3628 4462 dedica-

383 4473 640 4547 bicgliber
667 4475 739 4547 sit
786 4475 872 4528 ille
894 4546 901 4547 ί
923 4476 1037 4547 ipse
1088 4475 1179 4545 qui
1224 4477 1282 4530 in
1313 4446 1584 4547 Flacgum
1615 4476 1952 4531 inscribitur.
1974 4446 2036 4506 ’θ
2061 4476 2171 4547 bat.
2200 4448 2473 4532 Prazterea’
2497 4477 2547 4531 id
2580 4478 2723 4547 quod
2746 4446 2931 4547 narrat
2958 4446 3247 4547 Josepliiuus,
3270 4446 3628 4533 acciditaiino

382 4543 534 4597 Adde
560 4543 703 4611 quod
730 4559 835 4614 non
889 4546 940 4599 in
979 4546 1086 4599 alio
1107 4543 1280 4614 quam
1311 4545 1368 4600 in
1411 4546 1501 4601 illo
1524 4547 1777 4600 adversus
1801 4547 1961 4599 Flac-

385 4627 505 4664 cum
566 4612 1297 4682 libro,'gravissimas_illas
1369 4615 1709 4671 calamitates
1755 4615 1957 4672 Judaeis

385 4682 768 4754 Alexandrinis
798 4685 973 4738 illatas
1000 4685 1187 4739 retulit
1224 4685 1402 4740 Philo.
1440 4686 1520 4739 Ex
1556 4701 1669 4754 quo
1713 4701 1959 4740 necessa-

388 4752 473 4804 rio
502 4752 819 4815 conllcitur,-
834 4756 1126 4808 secundum
1160 4756 1309 4808 illum
1360 4757 1437 4809 De
1471 4752 1755 4811 virtutibus
1785 4756 1961 4809 Philo-

388 4820 713 4896 nislibruni,
732 4837 834 4896 non
860 4823 1026 4896 alium
1054 4840 1172 4896 esse
1194 4841 1355 4896 quam
1385 4826 1581 4896 librum
1604 4828 1658 4880 in
1682 4825 1953 4880 Flaccum.

388 4889 487 4969 Qui
523 4891 739 4969 quidem
773 4892 907 4969 liber
935 4889 1448 4969 inscriptus-“fuerat
1479 4910 1522 4969 a_
1544 4895 1767 4950 Philone
1816 4896 1958 4969 Περί

386 4960 634 5035 ρρετῶν,
681 4964 996 5035 perinde‘ac
1041 4960 1191 5032 prior
1228 4966 1317 5019 ille
1356 4967 1445 5035 qui
1496 4964 1832 5035 Legationem
1886 4960 1956 5020 ad

387 5029 577 5103 Caium
608 5032 866 5103 continet.
905 5029 1097 5103 Docuit
1149 5035 1200 5087 id
1243 5050 1344 5089 nos
1373 5029 1478 5089 "hic
1506 5029 1723 5089 Eusebii
1759 5037 1910 5090 locus
1938 5053 1953 5103 ;

386 5101 474 5154 cui
495 5102 795 5183 iungendus
813 5110 894 5183 est
919 5102 1055 5156 alter
1086 5120 1151 5158 ex
1183 5107 1361 5184 capite
1392 5106 1458 5159 18
1487 5106 1648 5172 hujus
1677 5107 1836 5170 libri,
1860 5101 1953 5162 tibi

389 5178 617 5241 testatur
641 5170 900 5225 Eusebius
952 5173 1135 5241 plures
1178 5174 1344 5229 libros
1376 5178 1444 5229 de
1492 5177 1789 5230 sceleribus
1834 5177 1950 5230 Caii

387 5254 432 5314 ag
460 5238 686 5314 Philone
712 5238 1079 5314 _conscriptos
1121 5258 1244 5297 esse
1296 5260 1433 5313 quos
1463 5246 1552 5299 ille
1603 5248 1834 5314 figurate
1880 5247 1953 5301 De

385 5310 662 5385 uirtutibus
710 5310 1002 5385 inscripsit.
1052 5312 1232 5385 Quare
1273 5310 1381 5385 hoc
1423 5315 1541 5368 loco
1572 5310 1754 5385 ηιεῖιίιιι
1806 5317 1953 5385 lege-

385 5393 465 5518 ἔιιέ
462 5380 611 5503 “gr
620 5379 856 5452 δευτέρῳ
881 5377 890 5381 ⁷
914 5377 1307 5453 συγγράμματι
1348 5377 1429 5439 ὧν
1476 5384 1753 5457 ἐπέγραψε
1809 5377 1951 5455 Περὶ

462 5465 629 5503 ετων.

459 5522 512 5590 (2
522 5521 568 5600 )
589 5520 743 5587 Εῑσῃ
766 5519 850 5600 ὡς
869 5522 1000 5600 οὐκ.
1022 5526 1111 5600 είς
1124 5524 1362 5600 μακρὰν
1383 5525 1608 5600 αὐτοὺς
1625 5527 1946 5600 μετῆλθεν.

390 5586 501 5666 Hoc
531 5586 653 5644 loco
678 5586 959 5666 perspicue
989 5586 1352 5666 hallucinatur
1378 5586 1660 5666 Eusebius,
1710 5586 1803 5666 qui
1849 5614 1949 5665 pu-

393 5659 527 5737 tavit
550 5673 614 5713 ea
638 5673 759 5737 quae
783 5658 1048 5737 Iosephus
1076 5663 1244 5737 refert
1292 5666 1369 5737 de,
1392 5658 1947 5737 imaginibus'Tiberii

386 5726 615 5785 aPilato
639 5726 938 5800 importatis
964 5732 1020 5788 in
1071 5735 1259 5791 urbem
1309 5726 1757 5808 Hierosolymam,
1829 5749 1950 5807 post

2060 4546 2236 4614 primo
2258 4545 2749 4601 administrationis
2780 4545 2957 4610 Pilati,
2993 4545 3121 4602 tunc
3142 4563 3265 4600 cum
3295 4547 3499 4601 Pilatus
3533 4564 3627 4599 ur-

2062 4619 2183 4668 bem
2218 4615 3028 4688 Hierosolymitanainprimum
3062 4619 3339 4686 ingressus
3363 4627 3463 4688 est.
3488 4616 3622 4671 Illud

2063 4699 2244 4739 autem
2279 4689 2423 4755 quod
2465 4685 2636 4744 refert
2671 4685 2842 4753 Philo,
2895 4701 2989 4740 seu
3042 4685 3220 4756 potius
3254 4701 3349 4740 rex
3388 4686 3625 4756 Agrippa

2060 4757 2199 4823 apud
2229 4756 2530 4821 Philonem,
2567 4766 2693 4811 tunc
2724 4756 2951 4825 contigit
2978 4772 3101 4810 cuin
3132 4755 3333 4811 Pilatus
3363 4755 3475 4826 jam
3507 4755 3628 4826 plu-

2058 4840 2147 4897 res
2169 4841 2342 4881 annos
2364 4826 2853 4882 administrationis
2889 4841 2997 4881 sua:
3030 4826 3370 4897 complesset,
3420 4835 3478 4879 ut
3521 4827 3620 4882 ibi—

2059 4896 2180 4949 dem
2217 4905 2446 4951 testatur
2470 4897 2643 4951 Philo.

2130 4964 2241 5037 (2‘2)
2267 4965 2665 5035 Περιστάντες
2689 4963 2756 5018 τὸ
2794 4962 2987 5037 βῆμα.
3018 4964 3109 5021 Sic
3159 4966 3298 5035 apud
3332 4963 3625 5037 Josepbum

2035 5036 2111 5106 et
2140 5035 2502 5104 Nicephorum
2540 5035 2858 5106 Iegitur._li_i
2888 5038 3086 5091 nostris
3137 5047 3314 5091 tamen
3346 5036 3624 5090 codicibus

2055 5104 2195 5159 Maz.
2220 5108 2446 5181 scilicet
2480 5104 2884 5181 Med._et_Fuk.
2926 5108 3185 5181 scriptum
3213 5116 3298 5161 est
3329 5106 3623 5181 περιστάνο

2053 5190 2147 5238 τες
2174 5175 2397 5248 τόλμαν,
2436 5178 2577 5231 haud
2608 5174 2773 5228 dubio
2806 5190 2904 5245 pro
2926 5175 2987 5229 τὺ
3014 5176 3183 5248 βῆμα.

2105 5249 2230 5333 (25).
2278 5247 2439 5373 Vulg.
2493 5249 2795 5331 ὲνόπᾼους
2850 5247 3119 5318 ἵστησιν.
3166 5248 3451 5305 Postrema
3511 5262 3615 5302 vox

2105 5327 2187 5373 est
2217 5336 2271 5373 ιιι
2317 5335 2381 5373 co
2423 5336 2505 5373 tce
2549 5319 2717 5373 Remo
2748 5328 2803 5373 et
2846 5321 2986 5373 anud
3020 5318 3351 5373 Josenhuin:
3394 5333 3460 5372 ac
3494 5332 3615 5371 meo

2035 5316 2271 5374 deest'in
2296 5316 2505 5390 codice
2549 5319 2717 5390 Regio
2748 5328 2803 5374 et
2846 5316 2987 5389 apud
3020 5318 3351 5389 Josephuin;
3394 5333 3460 5372 ac
3493 5332 3617 5390 ineo

2034 5391 2255 5460 quidem
2286 5389 2495 5460 judicio
2523 5386 2895 5460 expitngenda'
2915 5398 2997 5445 est
3012 5386 3615 5460 ianquamgsuperﬂua.

2034 5454 2159 5513 Mox
2194 5459 2247 5513 in
2276 5454 2449 5516 tribus
2479 5454 2684 5515 nostris
2707 5454 2985 5515 codicibus
3010 5454 3167 5522 Mazf,
3199 5457 3337 5512 Med.
3367 5454 3429 5511 ac
3455 5454 3615 5518 Fuk.,

2035 5529 2307 5602 scriptum
2346 5531 2536 5602 inveni
2558 5529 2868 5602 ἐσθήσεσιν
2893 5530 3206 5602 ἰδιωτικαῖς,
3231 5537 3394 5602 atque
3429 5526 3503 5580 ita
3534 5525 3614 5579 le-

2074 5597 2183 5722 itJi‘r
2213 5601 2355 5670 apud
2387 5597 2780 5673 Josephum'ac
2808 5598 3196 5672 Nicephorum,
3224 5597 3483 5652 mendose
3515 5609 3616 5668 pro

2074 5686 2099 5722 5'
2134 5686 2277 5722 ησιν.

2069 5686 2277 5741 σθησιν.
