4154 6408
484 338 583 398 157

997 463 1398 516 ΚΕΦΑΛΛῙΟΝ
1460 463 1538 519 ΕΥ.

676 554 1014 622 Μαρτύριον
1049 556 1321 608 Ἰακώϐου
1363 555 1471 609 τοῦ
1495 557 1864 612 ἀποστόλου.

550 644 686 699 Κατ’
702 646 905 699 ἐκεῖνον
936 646 993 699 δὲ
1019 646 1110 700 τὸν
1142 646 1353 718 καιρὸν,
1383 647 1622 717 δηλονότι
1645 648 1735 704 τὸν
1756 651 1849 703 ἐπὶ
1874 648 2057 703 Κλαυ-

479 733 614 799 δίου,
647 735 912 789 ἐπέϐαλεν
948 733 1191 806 Ἡρώδης
1220 738 1249 788 ὁ
1291 735 1544 806 βασιλεὺς
1580 738 1677 802 τὰς
1710 742 1918 812 χεῖρας,
1958 756 2058 792 κα-

480 825 659 879 κῶσαί
678 844 829 890 τινας
851 826 959 879 τῶν
982 828 1090 880 ἀπὸ
1112 829 1209 899 τῆς
1253 829 1579 899 Ἑκκλησίας
1598 848 1611 860 ·
1660 832 1835 884 ἀνεῖλε
1859 832 1916 885 δὲ
1955 832 2059 885 Ἰἀο

483 917 660 970 κωϐον
680 918 772 970 τὸν
797 918 1021 987 ἀδελφὸν
1061 919 1305 973 Ἰωάννου
1332 920 1593 992 μαχαίρᾳ.
1623 922 1759 993 Περὶ
1787 921 1975 975 τούτου
2013 923 2057 975 δ’

484 1008 512 1059 ὁ
542 1007 775 1077 Κλήμης
806 1007 898 1060 τοῦ
936 1008 1190 1063 Ἰακώϐου
1229 1013 1324 1065 καὶ
1368 1013 1608 1084 ἱστορίαν
1648 1015 1867 1085 μνήμης
1905 1013 2059 1078 ἀξίαν

486 1097 544 1149 ἐν
569 1099 635 1166 τῇ
670 1097 777 1151 τῶν
808 1097 1281 1154 ’Υποτυπώσεων
1304 1102 1506 1174 ἐϐδόμῃ
1547 1104 1927 1173 παρατίθεται,
1984 1104 2060 1168 ὡς

486 1188 551 1241 ἐκ
573 1189 922 1260 παραδόσεως
948 1192 1057 1245 τῶν
1085 1192 1190 1263 πρὸ
1215 1193 1377 1246 αὐτοῦ
1410 1195 1634 1263 φάσκων
1653 1212 1666 1224 ·
1693 1196 1775 1249 ὅτι
1804 1195 1867 1266 δὴ
1891 1198 1919 1249 ὁ
1947 1198 2059 1249 εἱσ-

488 1279 710 1348 αγαγὼν
743 1281 857 1351 (27)
898 1281 1062 1335 αὑτὸν
1096 1285 1175 1347 εἰς
1216 1283 1597 1355 δικαστήριον,
1641 1289 2060 1359 μαρτυρήσαντα

486 1371 647 1425 αὐτὸν
707 1372 848 1437 ἰδὼν,
892 1374 1135 1445 κινηθεὶς
1176 1374 1524 1446 ὡμολόγησεν
1574 1372 1713 1429 εἶναι
1757 1378 1852 1430 καὶ
1899 1379 2059 1443 αὐτὸς

485 1463 674 1516 ἐαυτὸν
703 1464 1026 1536 Χριστιανόν
1072 1466 1204 1536 (28).
1259 1467 1694 1538 Συναπήχθησαν
1743 1464 1835 1522 οὖν
1872 1470 2056 1540 ἄμφω,

485 1555 640 1625 φησι,
681 1558 776 1610 καὶ
824 1557 969 1611 κατὰ
1019 1557 1119 1630 τὴν
1164 1559 1283 1612 ὁδὸν
1323 1557 1553 1629 ἠξίωσεν
1602 1558 1867 1631 ἀφεθῆναι
1910 1561 2061 1631 αὑτῷ

485 1647 589 1700 ὑπὸ
609 1648 702 1702 τοῦ
739 1649 1020 1704 Ἰακώϐου.
1066 1652 1124 1705 '0
1154 1650 1210 1703 δὲ
1239 1651 1415 1721 ὀλίγον
1452 1652 1814 1722 σκεψάμενος,
1843 1652 2065 1723 Εἰρήνη

483 1734 762 1804 σοι,εἷπε,
790 1749 885 1794 και
915 1741 1274 1813 κατεφίλησεν
1305 1741 1486 1795 αὐτόν.
1533 1744 1642 1796 Καὶ
1686 1742 1858 1806 οὕτως
1886 1744 2060 1814 ἀμφό-

1501 340 1854 399 ΗΙΞΤΟΒΙιΕ
1893 342 2452 403 ΕΕΕΕΕΞΙΑΞΤΙΟΛΕ
2491 346 2624 406 LIB.
2665 348 2755 405 ll.‘

3636 353 3735 408 158

2778 470 3007 526 CAPUT
3048 471 3135 525 IX.

2543 560 2859 631 Martyrium
2887 562 3077 616 Jacobi
3108 565 3354 630 apostoli.

2235 647 2441 704 Eodem
2476 656 2739 718 tempore,
2771 650 2983 705 Claudii
3021 652 3230 707 scilicet
3259 652 3489 723 Augusti
3534 654 3738 722 princi-

2164 747 2314 808 patu,
2340 739 2583 796 llerodes
2611 758 2703 797 rex
2741 758 3031 812 aggressus
3079 754 3162 799 est
3193 745 3432 814 atiligere
3476 747 3737 817 quosdam

2165 846 2229 885 ex
2261 832 2525 897 Ecclesia,
2553 844 2608 887 et
2636 833 2896 890 Jacobum
2931 835 3158 891 Joannis
3190 836 3415 891 fratrem
3443 837 3618 907 gladio
3653 839 3741 892 in-

2168 922 2398 979 terfecit.
2435 926 2507 979 De
2557 927 2660 980 hoc
2706 927 2910 983 Jacobo
2956 945 3069 984 rem
3108 945 3329 999 prorsus
3360 930 3620 984 memoria
3653 932 3737 984 di-

2165 1027 2325 1078 gnam
2370 1013 2540 1068 refert
2579 1015 2830 1070 Clemens
2877 1017 2931 1070 in
2983 1020 3211 1086 septimo
3241 1020 3646 1073 lnstitutionum
3676 1020 3741 1074 li-

2168 1103 2290 1167 bro,
2320 1113 2483 1172 prout
2534 1121 2651 1159 eam
2691 1121 2720 1161 a
2766 1106 3059 1173 majoribus
3109 1122 3412 1181 acceperat.
3464 1112 3555 1165 Ait
3591 1112 3739 1166 enim

2166 1209 2312 1257 eum,
2345 1197 2435 1264 qui
2469 1195 2729 1251 Jacobum
2754 1197 2961 1265 judicio
2986 1200 3288 1265 obtulerat,
3322 1218 3441 1256 cum
3472 1202 3621 1256 illum
3659 1202 3740 1256 vi-

2166 1283 2383 1348 dissset,
2407 1284 2611 1340 Christi
2641 1286 2802 1341 fidem
2835 1289 3005 1344 libere
3047 1290 3153 1361 47
3185 1293 3555 1359 confitentem,
3590 1308 3739 1347 com-

2168 1385 2370 1431 motum
2397 1378 2497 1432 viri
2530 1379 2863 1444 constantia,
2892 1396 2949 1435 se
2972 1396 3189 1451 quoque
3216 1382 3581 1437 Christianum
3616 1397 3742 1441 esse

2167 1464 2482 1523 afﬁrmasse.
2509 1469 2681 1524 Ambo
2714 1470 2901 1539 igitur,
2927 1471 3121 1540 inquit,
3142 1472 3301 1526 simul
3329 1475 3393 1526 ad
3418 1475 3739 1542 supplicium

2167 1555 2308 1609 ducti
2331 1568 2480 1614 sunt.
2500 1558 2745 1627 Cumque
2774 1562 2915 1615 inter
2944 1565 3184 1616 eundum
3214 1575 3457 1629 rogasset
3482 1562 3737 1618 Jacobum

2165 1662 2347 1702 comes
2377 1658 2435 1701 ut
2471 1649 2571 1704 sibi
2603 1651 2815 1705 veniam
2850 1653 3030 1719 daret,
3066 1654 3345 1723 paulisper
3379 1665 3618 1710 moratus
3644 1653 3738 1709 Ja-

2165 1738 2372 1792 cobus:
2410 1738 2529 1794 Pax
2558 1738 2676 1804 tibi,
2700 1742 2900 1813 inquit,
2928 1745 3221 1815 statimque
3266 1746 3416 1799 illum
3461 1746 3741 1802 osculatus

483 1844 634 1901 τεροι
677 1830 814 1901 ὁμοῦ
862 1833 1372 1905 ἐκαρατομήοησαν.
1420 1834 1797 1905 Τοτηνικαῦτα
1840 1836 1916 1899 δὲ,
1986 1835 2060 1900 ὥς

2164 1836 2263 1880 est.
2294 1825 2371 1881 lta
2404 1826 2568 1882 simul
2598 1834 2761 1885 ambo
2794 1833 2970 1898 capite
3019 1835 3255 1888 truncati
3284 1836 3555 1891 interiere.
3587 1833 3741 1904 Iuno

486 1936 651 1990 φησιν
676 1924 708 1990 ἡ
742 1921 858 1975 θεία
886 1923 1094 1996 Γραφὴ.
1123 1923 1246 1978 ἰδὼν
1273 1922 1517 1996 Ἡρώδης
1541 1926 1633 1978 ἐπὶ
1661 1929 1727 1997 τῇ
1754 1925 1845 1979 τοῦ
1884 1926 2063 1981 Ἰακώ-

489 2010 582 2064 ϐου
616 2012 912 2086 ἀναιρέσει,
945 2016 1027 2069 ὃτι
1057 2016 1121 2088 δὴ
1164 2017 1299 2088 πρὸς
1330 2018 1524 2089 ἡδονῆς
1566 2018 1651 2088 εἴη
1707 2018 1768 2071 τὸ
1820 2019 2061 2089 πραχθὲν

484 2105 595 2165 τοῖς
636 2103 927 2170 Ἰουδαίοις,
978 2106 1279 2160 ἐπιτίθεται
1329 2108 1422 2160 καὶ
1483 2107 1694 2179 Πέτρῳ,
1734 2108 1950 2179 δεσμοῖς
1999 2128 2059 2163 τε

487 2194 649 2248 αὐτὸν
685 2198 975 2268 παραδοὺς,
1009 2199 1132 2252 ὅσον
1165 2200 1318 2254 οὔπω
1352 2202 1445 2254 καὶ
1476 2201 1568 2253 τὸν
1594 2202 1713 2254 κατ’
1748 2202 1911 2255 αὐτοῦ
1963 2204 2060 2272 φό-

485 2302 575 2338 νον
606 2286 911 2358 ἐνήργησεν
944 2288 1032 2353 ἃν,
1083 2293 1132 2344 εἰ
1164 2290 1237 2362 μὴ
1275 2292 1364 2345 διὰ
1394 2292 1546 2357 θείας
1578 2294 1899 2361 ἐπιφανείας
1939 2296 2060 2351 ἐπι-

487 2374 711 2439 στάντος
736 2377 884 2447 αὐτῷ
901 2378 1116 2451 νύκτωρ
1150 2380 1403 2449 ἀγγέλου,
1437 2382 1752 2453 παραδόξως
1787 2385 1895 2436 τῶν
1946 2388 2060 2457 εἱρ-

484 2466 642 2536 γμῶν
683 2468 1039 2538 ἀπαλλαγεὶς,
1075 2472 1167 2525 ἐπὶ
1194 2471 1292 2543 τὴν
1332 2473 1427 2525 τοῦ
1460 2475 1811 2546 κηρύγματος
1844 2478 2061 2546 ἀφεῖται

482 2555 905 2614 διακονίαν.Καὶ
934 2562 1004 2616 τὰ
1035 2562 1131 2615 μὲν
1155 2562 1296 2616 κατὰ
1328 2563 1531 2634 Πέτρον
1552 2565 1725 2631 οὕτως
1756 2566 1898 2639 εῗχεν
1921 2572 2063 2625 οἰκο-

483 2648 700 2720 νομίας.

1018 2745 1421 2810 ΚΕΦΑΛΑΙΟΝ
1451 2746 1508 2803 I'.

473 2803 591 2903 ’Ὧς
626 2831 961 2903 Ἀγρίππας,
1002 2836 1037 2888 ὁ
1070 2834 1171 2888 καὶ
1209 2806 1479 2902 Ἡρώδης,
1514 2836 1896 2903 ἀποστόλους
1933 2838 2063 2892 διώ·-

557 2900 1017 3042 ᾗαςὲτῆςιξρίας
1046 2905 1384 2974 παραυτίκα
1412 2900 1600 2975 δίκης
1655 2900 1885 2977 ᾔσθετό
1919 2908 2057 2981 (Nic.

618 3014 632 3028 .
709 3012 722 3026 .
751 2990 810 3038 ιι,
913 3014 927 3027 .

557 3063 641 3117 Τά
682 3064 739 3119 δέ
783 3083 847 3135 γε
902 3066 1001 3133 τῆς
1032 3066 1173 3120 κατὰ
1202 3067 1311 3120 τῶν
1342 3068 1655 3121 ἀποστόλων
1698 3069 2059 3141 ἐγχειρήσεως

2162 1917 2348 1981 etiam,
2385 1928 2446 1973 ut
2481 1920 2661 1973 divina
2718 1922 2881 1976 tradit
2922 1924 3200 1994 Scriptura
3228 1928 3296 1989 ’⁸,
3329 1926 3570 1982 Herodes
3616 1943 3738 1982 eum

2161 2005 2346 2063 Jacobi
2398 2013 2603 2065 caedem
2665 2015 3033 2082 gratissimam
3093 2032 3212 2071 esse
3263 2017 3461 2073 Iudaeis
3506 2019 3737 2086 videret,

2163 2100 2378 2154 Petrum
2420 2118 2637 2174 quoque
2682 2106 2905 2160 adortus
2940 2116 3046 2173 est,
3075 2122 3235 2176 quem
3278 2108 3330 2162 in
3363 2110 3576 2162 vincula
3608 2124 3740 2163 con-

2156 2193 2358 2262 jcctum
2389 2194 2602 2263 capitali
2646 2196 2913 2265 supplicio
2960 2195 3192 2267 jamjam
3249 2199 3564 2253 addicturus
3595 2208 3737 2268 erat,

2164 2285 2264 2339 nisi
2294 2286 2485 2340 Petrus
2534 2287 2715 2341 divina
2743 2289 2962 2354 virtute,
2994 2291 3176 2362 angeli
3222 2292 3429 2346 scilicet
3456 2301 3614 2345 noctu
3643 2307 3741 2361 ap-

2163 2378 2409 2446 parentis
2440 2378 2664 2443 auxilio,
2693 2388 2890 2447 praeter
2906 2382 3152 2435 omnium
3180 2396 3328 2451 spem
3347 2382 3577 2435 vinculis
3602 2381 3741 2437 libe—

2163 2477 2337 2534 ratus,
2362 2468 2427 2520 ad
2465 2468 2874 2537 praedicationis
2909 2470 3274 2524 ministerium
3320 2470 3578 2524 dimissus
3606 2470 3741 2523 fuis-

2161 2568 2264 2615 set.
2302 2560 2367 2614 Et
2412 2561 2528 2614 lucc
2561 2559 2778 2627 quidem
2838 2559 3003 2615 Petro
3043 2560 3247 2616 cmlesti
3277 2561 3508 2630 quadam
3557 2562 3740 2632 provi-

2162 2652 2345 2707 dentia
2379 2652 2746 2721 contigerunt.

2782 2739 3011 2797 CAPUT
3054 2740 3120 2796 Χ.

2164 2871 2436 2935 Quomodo
2461 2871 2718 2947 Herodes,
2736 2876 2823 2942 qui
2841 2883 2889 2927 et
2912 2875 3141 2944 Agrippa
3158 2878 3328 2932 dictus
3349 2889 3444 2943 est,
3478 2877 3739 2947 apostolos
3800 2893 3811 2902 '

2230 2953 2535 3008 persecutus
2557 2943 2790 2998 divinam
2813 2947 2988 2998 statim
3014 2943 3263 3001 ultionem
3286 2959 3360 3002 est
3386 2943 3649 3017 expertus.

2231 3056 2398 3127 Regis
2416 3073 2546 3112 vero
2576 3060 2646 3112 oh
2678 3070 3012 3115 commotam
3041 3063 3302 3118 adversus
3328 3064 3601 3130 apostolos
3619 3080 3739 3132 per-

484 3154 576 3209 τοῦ
619 3156 878 3227 βασιλέως
936 3158 1115 3212 οὐκέτ’
1150 3159 1414 3230 ἀναϐολῆς
1454 3160 1626 3231 εἴχετο
1666 3158 1801 3229 (29),
1836 3159 1970 3213 ἀλλά
2000 3162 2060 3230 γέ

2164 3149 2498 3203 sccutionem
2545 3150 2964 3220 haudquaquam
3000 3153 3088 3206 diu
3133 3154 3297 3208 dilata
3327 3154 3568 3208 vindicta
3626 3166 3732 3221 est,

485 3262 569 3299 τοι
596 3246 758 3300 αὐτὸν
789 3248 817 3300 ὀ
846 3248 944 3318 τῆς
974 3247 1122 3308 Θείας
1145 3248 1302 3320 δίκης
1320 3249 1559 3320 τιμωρὸς
1580 3249 1824 3312 διάκονος
1851 3251 2061 3322 μετῄει,

487 3337 799 3407 παραυτίκα
834 3338 970 3407 μετά
1012 3337 1109 3409 τὴν
1140 3338 1249 3392 τῶν
1298 3340 1606 3393 ἀποστόλων
1645 3339 1953 3409 ἐπιϐουλὴν,
1982 3342 2059 3405 ὡς

487 3430 584 3481 καὶ
622 3430 655 3499 ἡ
688 3427 798 3481 τῶν
830 3427 1090 3499 Πράξεων
1123 3431 1326 3501 ἱστορεῖ
1368 3430 1575 3502 γραφὴ,
1607 3431 1927 3502 ὁρμήσαντα
1962 3433 2059 3503 μὲν

490 3519 586 3573 ἐπὶ
615 3520 716 3590 τὴν
762 3520 1121 3590 Καισάρειαν,
1150 3522 1209 3573 ἐν
1248 3523 1505 3593 ἐπισήμῳ
1531 3520 1837 3577 δ’ἐνταῦθα
1865 3523 2059 3595 ἑορτῆς

488 3609 675 3680 ἡμέρᾳ
701 3609 926 3680 λαμπρᾷ
957 3610 1053 3663 καὶ
1098 3609 1346 3681 βασιλικῇ
1386 3610 1801 3682 κοσμησάμενον
1850 3611 2056 3684 ἐσθῆτι,

489 3699 693 3769 ὑψηλόν
712 3717 773 3754 τε
786 3699 891 3770 πρὸ
1000 3716 1162 3769 ματος
1183 3700 1294 3768 (50)
1315 3700 1378 3770 δη
1388 3700 1776 3771 μηγορήσαντα
1794 3716 1808 3731 ·
1836 3700 1931 3753 τοῦ
1948 3702 2059 3775 γὰρ

489 3788 664 3861 δήμου
699 3793 907 3859 παντὸς
952 3793 1444 3864 ἐπευφημήσαντος
1486 3793 1555 3863 τῇ
1582 3789 1890 3863 δημηγορίᾳ
1903 3790 2057 3865 (ὅθ’),

554 3924 602 3957 ⁸⁸
638 3926 755 3980 Act.
793 3942 887 3981 xu.

560 4044 673 4106 (27l
712 4045 777 4097 Ὀ
803 4042 1137 4113 εἰσαγαγὼν
1164 4044 1369 4096 αὐτόν.
1398 4042 1618 4098 Militem
1657 4060 1751 4099 seu
1779 4045 2053 4113 apparito-

487 4129 605 4167 rem
636 4114 907 4183 intelligit,
951 4112 1040 4181 qui
1092 4112 1349 4167 Jacobum
1400 4114 1697 4179 apostolum
1731 4131 1913 4168 coram
1949 4113 2055 4167 Ile-

493 4184 625 4239 rude
650 4185 880 4250 Agrippa
917 4183 968 4236 in
1000 4183 1259 4251 judicium
1286 4183 1593 4237 induxerat.
1626 4184 1886 4239 Solebant
1908 4186 2051 4238 enim

487 4254 566 4308 rei
607 4268 633 4306 a
660 4254 918 4308 militibus
951 4253 1145 4307 deduci
1175 4263 1230 4305 et
1261 4253 1377 4306 sisti
1421 4267 1607 4306 coram
1643 4254 1917 4308 tribunali.
1951 4254 2053 4308 Po-

487 4331 591 4392 test
620 4324 783 4378 eliam
820 4323 1042 4392 intelligi
1076 4332 1380 4383 accusatur,
1433 4338 1461 4375 a
1493 4338 1602 4391 quo
1631 4324 1842 4377 delatus
1877 4324 2056 4377 fuerat

483 4391 720 4447 Iacobus
749 4406 806 4448 et
847 4394 900 4447 in
928 4391 1193 4461 judicium
1220 4393 1500 4446 adductus.
1553 4391 1661 4447 Vox
1692 4394 1836 4447 enim
1867 4393 2052 4447 Graeca

482 4463 514 4517 ὁ
541 4464 873 4531 εἰσαγαγών,
906 4473 1015 4515 tam
1046 4464 1112 4515 de
1133 4462 1442 4529 apparitore
1469 4477 1629 4529 quam
1655 4464 1721 4518 de
1740 4474 2057 4518 accusatore
2127 4472 2136 4483 ‘

488 4533 660 4601 accipi
681 4530 892 4600 potest.
930 4533 1021 4587 Sic
1053 4530 1230 4601 Lucas
1256 4532 1306 4583 in
1330 4533 1560 4585 Actuum
1594 4548 1713 4598 cap.
1745 4548 1833 4586 3m
1864 4536 1930 4587 de
1961 4548 2055 4586 ac-

486 4599 833 4673 cusatoribus
884 4602 1034 4673 Pauli
1084 4599 1324 4673 acdSilm
1364 4601 1603 4673 scribit:
1652 4602 2060 4673 Ἐπιλαϐόμενοι

485 4669 576 4745 τὸν
603 4670 813 4745 Παῦλον
841 4673 935 4725 καὶ
962 4671 1054 4725 τὸν
1099 4671 1278 4745 Σίλαν,
1326 4670 1581 4745 εἵλκυσαν
1611 4674 1692 4736 εἰς
1725 4673 1826 4745 τὴν
1848 4669 2059 4745 ἀγορὰν

487 4741 580 4793 ἐπὶ
615 4742 742 4805 τοὺς
769 4742 1036 4813 ἄρχοντας
1057 4759 1070 4772 ·
1091 4742 1212 4813 -και
1241 4742 1677 4813 προσαγαγόντες
1711 4741 1908 4807 αὐτοὺς
1946 4741 2060 4807 τοῖς

488 4807 819 4882 στρατηγοῖς
843 4807 1035 4882 ξὲίπον.
1088 4807 1293 4882 Μοιίιιῖ
1320 4807 1510 4882 tamen
1537 4812 1753 4867 Eusebii
1795 4814 1959 4867 verba
1992 4815 2060 4868 de

489 4880 806 4951 accusatore
836 4881 1021 4935 Jacobi
1060 4880 1389 4951 intelligere.
1434 4880 1567 4951 Nam
1612 4882 1757 4950 quod
1786 4884 2054 4951 sequitur,

486 4949 759 5004 hominem
805 4951 954 5004 illum
998 4952 1089 5019 qui
1122 4949 1381 5005 Jacobum
1415 4951 1467 5005 in
1506 4949 1768 5017 judicium
1821 4949 2058 5007 adduxe-

487 5029 597 5078 rat.
635 5035 758 5074 mox
785 5036 814 5073 a
848 5019 1053 5075 Jacobo
1077 5022 1293 5074 veniam
1319 5022 1597 5088 petivisse,
1651 5022 1704 5075 id
1737 5024 1910 5089 magis
1935 5037 2065 5078 cou-

486 5090 637 5161 venit
664 5091 967 5161 accusatori
1000 5104 1164 5161 quam
1194 5090 1374 5161 militi.
1408 5091 1618 5161 Quippe
1657 5101 1940 5147 accusator
1968 5091 2063 5161 qui

487 5159 831 5231 innocentem
862 5159 1246 5231 calumniatur,
1290 5160 1471 5215 sciens
1515 5159 1579 5216 ac
1620 5162 1809 5217 volens
1848 5159 2060 5231 peccat,

488 5237 655 5297 atque
688 5229 1149 5300 idcirco__veniam
1177 5242 1363 5298 petere
1394 5239 1571 5298 potest
1597 5231 1666 5286 ab
1692 5246 1762 5286 eo
1783 5229 1945 5300 quem
1977 5231 2061 5284 af-

486 5300 614 5354 fecit
648 5299 863 5367 injuria.
891 5298 1044 5353 Miles
1071 5314 1202 5353 vero
1235 5300 1325 5367 qui
1363 5301 1533 5368 judici
1565 5301 1786 5356 exhibet
1802 5298 2059 5368 noxium,

482 5385 609 5423 eum
642 5369 871 5438 imperio
896 5368 1096 5439 iudicis
1124 5371 1475 5439 obsequatur,
1506 5372 1657 5426 omni
1695 5372 1853 5442 culpa
1902 5374 2057 5426 vide-

484 5448 574 5491 tur
611 5454 823 5493 vacare.

555 5508 668 5580 (98)
706 5510 1115 5579 Ὠμολόγησεν
1147 5504 1301 5563 εἶναι
1352 5510 1452 5565 καὶ
1476 5511 1659 5578 αὐτὸς
1684 5511 1903 5566 ἑαυτὸν
1924 5513 2058 5580 Χρι-

485 5580 759 5633 στιανόν.
790 5580 973 5650 Longe
999 5581 1304 5650 elegantior
1338 5591 1419 5635 est
1454 5583 1618 5637 lectio
1645 5581 1849 5637 codicis
1878 5580 2055 5636 Fulte-

487 5650 643 5715 tiani,
674 5651 765 5722 qui
797 5649 870 5703 ita
905 5649 1171 5722 scriptum
1197 5650 1592 5722 exhibetbunc
1619 5652 1819 5713 locum,
1846 5652 2056 5722 ὡμολό·⁵

482 5732 655 5789 γησεν
677 5717 819 5774 εἶναι
839 5719 936 5775 καὶ
961 5719 1126 5815 auch;
1144 5720 1485 5791 Χριστιανός.
1524 5722 1732 5793 Reliqui
1766 5717 1942 5778 tamen
1968 5739 2060 5780 co-

2166 3240 2259 3294 sed
2292 3240 2550 3295 continuo
2578 3240 3021 3307 divinmjustitia:
3043 3243 3290 3296 minister
3321 3243 3546 3312 angelus
3577 3245 3645 3297 ab
3670 3260 3737 3300 eo

2166 3348 2355 3402 pmoas
2382 3333 2630 3403 expetiit.
2662 3332 2802 3387 Cum
2828 3333 2971 3387 enim
3005 3334 3190 3387 statim
3226 3345 3350 3402 post
3382 3336 3735 3390 commissum

2164 3426 2216 3479 in
2252 3425 2526 3495 apostolos
2554 3424 2790 3489 facinus,
2820 3433 2881 3478 ut
2918 3425 3155 3478 traditur
3190 3424 3243 3479 in
3267 3424 3493 3479 Actibus
3521 3440 3739 3493 aposto-

2160 3514 2361 3578 lorum.
2394 3516 2699 3571 Cresaream
2730 3516 3007 3585 profectus
3054 3523 3224 3582 esset,
3263 3515 3446 3585 ibique
3486 3516 3571 3569 die
3598 3515 3737 3570 festo

2162 3605 2392 3661 candida
2421 3621 2486 3661 ac
2519 3606 2668 3675 regia
2699 3614 2847 3660 veste
2876 3606 3116 3671 indutus,
3144 3605 3395 3673 populum
3419 3621 3449 3660 e
3484 3606 3735 3660 tribunali

2163 3697 2553 3766 alloqueretur,
2596 3697 2881 3766 omnisque
2928 3697 2977 3751 ei
3038 3696 3329 3751 multitudo
3382 3698 3737 3764 acclamaret,

2163 3806 2271 3845 non
2309 3790 2546 3845 hominis
2583 3802 2767 3845 vocem
2796 3804 2917 3844 esse
2948 3803 3108 3858 quam
3140 3789 3417 3855 audirent,
3448 3791 3545 3846 sed
3588 3790 3678 3846 dei
3715 3809 3729 3845 :

2166 4043 2314 4099 dices
2353 4046 2483 4099 nihil
2513 4052 2742 4099 mutant.
2781 4042 2949 4096 Totus
2971 4038 3259 4109 porrohic
3289 4037 3441 4109 locus
3465 4038 3518 4091 in
3552 4043 3736 4109 codice

2164 4113 2439 4168 Mazarino
2485 4116 2556 4169 ita
2591 4106 2988 4181 distinguiturf
3025 4106 3426 4181 Deis-179:1me
3470 4108 3737 4181 abripiet;

2159 4183 2510 4256 δικαστήριον
2568 4176 2975 4256 μαρτυρίσαντα
3007 4177 3202 4256 ἠίδᾷιν
3230 4177 3392 4256 αὑτὸν
3417 4194 3431 4207 ’
3493 4176 3737 4256 κινηρεις

2160 4248 2532 4324 ὡμολόγησεν,
2562 4248 2668 4309 ἐιοξ
2711 4248 2964 4306 l‘Lantdem
3017 4250 3420 4304 distinctionem
3476 4248 3652 4311 reperi
3682 4248 3733 4300 in

2161 4324 2346 4378 codice
2382 4326 2517 4377 Med.
2547 4339 2612 4379 ae
2636 4321 2959 4385 Fuketiano,
2986 4321 3081 4374 sed
3114 4319 3169 4373 in
3206 4316 3505 4371 Fuketiano
3536 4315 3734 4386 legitur

2454 4360 2517 4377 ιΙΙο
2547 4360 2612 4379 ιιν
2636 4360 2656 4377 ι
2681 4360 2777 4377 ιιιιι.
2790 4360 2959 4385 ’δυο-ν,

2163 4393 2669 4468 μαρῖιθρίσοντριο,,
2771 4463 2794 4468 ᾼ
2845 4458 2903 4468 _-
3018 4459 3041 4468 _
3249 4456 3286 4468 κ
3394 4455 3447 4468 ..
3519 4452 3561 4468 ..

2232 4452 2358 4537 (³29)·
2385 4464 2589 4537 ρὺκέτ’
2638 4458 2940 4537 ἀναϐολῆς
2983 4459 3199 4537 εἴχετο.
3249 4456 3352 4510 Pro
3394 4455 3480 4509 bis
3519 4452 3733 4537 Eusebii

2161 4527 2343 4587 verbis
2389 4532 2730 4602 Nicephorus
2781 4527 2897 4584 ista
2934 4527 3245 4602 substituit,
3297 4542 3418 4593 quae
3440 4527 3733 4602 _qu9‘nia_m

2167 4602 2355 4681 scholii
2380 4593 2560 4681 instar
2583 4617 2713 4681 esse
2727 4609 2952 4681 possunt
2982 4600 3069 4681 hic
3100 4609 3417 4681 apportans:
3440 4593 3523 4647 Τὰ
3631 4595 3732 4681 τῇς

2166 4671 2306 4725 κατὰ
2338 4673 2446 4726 τῶν
2492 4665 2805 4727 ἀποστόλων
2839 4670 3201 4739 ἐγχειρήσεως
3243 4665 3502 4737 Ἡρώδου,
3553 4665 3731 4718 οὐκέτ’

2165 4744 2223 4796 ἐν
2250 4742 2537 4807 ἀναϐολαῖς
2566 4739 2706 4801 ἦσαν
2727 4743 2794 4811 τῇ
2820 4738 2963 4811 δίκη.

2236 4813 2353 4885 (50)
2395 4805 2656 4887 ﬁrmam»
2699 4805 3219 4887 ze'sfpd'ﬁripatoc.
3271 4805 3425 4887 Apud
3468 4805 3737 4887 Nicepboj

2165 4876 2283 4955 rum
2308 4876 2565 4950 scripium
2588 4892 2693 4945 est,
2721 4876 2833 4955 πρδ
2859 4878 2955 4932 τοῦ
2989 4876 3303 4955 δικαστικοῦ
3325 4876 3584 4955 βήματος,
3647 4876 3737 4955 ubi

2161 4947 2500 5023 ﬁicephorus
2526 4968 2715 5007 vocem
2740 4947 3288 5023 Gimcctmiiaddidit
3337 4947 3403 5023 de
3436 4962 3555 5009 suo,
3604 4947 3737 5023 satis

2167 5013 2496 5104 inconsulte}
2546 5023 2739 5104 _Neque
2780 5021 2927 5104 enim
2975 5019 3114 5087 juris
3162 5017 3372 5099 dicendi
3403 5031 3578 5104 |eaLusa
3606 5013 3737 5104 illic

2168 5096 2495 5148 consederat
2530 5083 2767 5163 Agrippa
2814 5088 2910 5163 sed
2949 5083 3009 5142 υῐι
3037 5088 3374 5163 concionem
3403 5086 3626 5163 haberet
3669 5083 3737 5135 ad

2163 5163 2417 5231 populum
2440 5205 2455 5229 ,
2486 5156 2939 5230 quemadmodum
2987 5158 3217 5231 traditur
3256 5156 3571 5231 _in_Act_ibus
3599 5168 3734 5220 apo«

2161 5223 2452 5295 stolorum,
2475 5223 2562 5286 u'bi
2591 5231 2756 5286 etiatu
2787 5233 2984 5283 rectius
3011 5228 3225 5298 legitur,
3252 5226 3347 5281 ἐπὶ
3397 5223 3474 5295 τῷ
3507 5223 3733 5294 βήματι.

2162 5300 2298 5357 Nam
2323 5303 2449 5357 illud
2477 5301 2587 5374 πρὸ
2610 5300 2873 5373 βήματος,
2906 5296 3099 5369 parum
3122 5296 3394 5359 Graecum,
3427 5309 3491 5348 ac
3511 5306 3736 5361 prorsus

2164 5371 2413 5427 Latinum
2439 5383 2542 5427 est.

2191 5373 2413 5427 .atinum
2439 5373 2542 5427 est.

2228 5448 2362 5523 (ὄψ’)
2391 5447 2547 5523 vulg.
2588 5439 3253 5523 ἐπευφημήσαντσςὲξςὶ
3282 5434 3738 5523 τῇιςημητριοίρ.

2157 5502 2383 5574 Rectius
2430 5502 2978 5571 invtribus'nostris
3029 5502 3519 5567 codicibus‘VMai"
3572 5502 3740 5571 Μαι,

2159 5589 2322 5652 Fuk.,
2356 5588 2562 5641 omissa
2590 5575 3743 5655 praepositione,_scribitur“circumﬂecte-

2157 5677 2260 5730 eo;
2286 5645 2354 5730 τῇ
2388 5645 2805 5730 δημηγορία’ᾠς
2850 5652 2945 5707 ἐπὶ
2983 5645 3119 5730 Θεοῖι
3175 5650 3323 5730 φωνῇ
3361 5646 3454 5701 καὶ
3500 5645 3600 5699 οὐκ
3644 5646 3746 5701 ἀν·-

2161 5714 2401 5803 ορὶϋπὸἶ),
2431 5714 2560 5799 ιῖιιὰἐ
2586 5714 2744 5782 1ὲοίἰο
2769 5714 2926 5794 longe
2957 5731 3043 5778 est
3065 5714 3384 5790 elegantior.
