4154 6408
468 326 563 382 161

1497 320 1846 377 1118ΤοἰῖΙῶ
1886 322 2448 383 ΕΟΕιΕΞΙΑΒΤΙΟΔΕ
2488 327 2617 384 LIB.
2661 328 2724 386 ll.

3627 344 3729 399 162

459 444 641 498 θανεῖν
685 443 990 513 ἀπάγομαι.
1040 440 1268 495 Λεκτέον
1323 440 1376 493 δὲ
1440 441 1538 511 τὴν
1589 439 2024 518 πεπρωμένηνμξ

2150 457 2245 509 uo,
2279 450 2717 520 quandoquidem
2748 451 2829 507 sic
2865 452 2976 507 Deo
3015 454 3192 509 visum
3225 464 3328 511 est.
3364 456 3545 528 Neque
3578 462 3723 515 enim

457 535 590 600 Θεὸς
628 535 966 606 βεϐούληται.
1003 533 1113 586 Καὶ
1149 533 1258 604 γὰρ
1284 532 1628 605 βεϐιώκαμεν
1655 534 1870 607 οὐδαμῆ
1904 536 2041 605 φαύ-

457 628 583 691 λως,
617 627 839 680 ἀλλ’ὲπὶ
871 626 970 695 τῆς
1013 625 1458 697 μακαριζομένης
1486 625 1871 698 λαμπρότητος
1904 628 2038 697 (54).

456 717 640 771 Ταῦτα
674 717 731 770 δὲ
762 694 957 783 λέγων,
994 694 1243 769 ἐπιτάσει
1292 694 1393 784 τῆς
1418 694 1618 788 όδόνης
1648 694 2036 773 κατεπονεῖτο.

455 805 611 860 Μετὰ
658 806 898 875 σπουδῆς
943 801 1035 858 οὖν
1087 807 1167 869 είς
1198 806 1261 859 τὸ
1306 805 1576 875 βασίλειον
1621 808 1910 879 ἐκομίσθη,
1945 809 2041 861 καὶ

456 896 640 966 διῆλθε
672 896 831 964 λόγος
862 898 942 959 είς
973 897 1200 961 πάντας,
1232 897 1308 961 ὡς
1348 898 1458 969 ἔχοι
1510 898 1600 952 τοῦ
1650 899 1900 954 τεθνάναι
1927 900 2040 970 (55)

458 988 773 1041 παντάπασι
798 988 914 1059 μετ’
935 988 1133 1056 ὀλίγον.
1188 989 1251 1041 Ἥ
1284 988 1491 1062 πληθὺς
1513 990 1558 1043 δ’
1588 992 1787 1045 αὐτίκα
1822 993 1917 1045 σὺν
1942 1008 2041 1060 γυ-

458 1078 603 1142 ναιξὶ
630 1080 725 1133 καὶ
744 1079 929 1132 παισὶν
958 1080 1052 1132 ἐπὶ
1094 1081 1295 1134 σάκκον
1328 1080 1653 1135 καθεσθεῖσα
1688 1082 1799 1152 (56)
1833 1082 1912 1153 τῷ
1935 1100 2040 1135 πα-

460 1170 594 1241 τρίῳ
635 1171 803 1242 νόμῳ,
844 1171 934 1225 τὸν
977 1171 1110 1224 Θεὸν
1159 1172 1397 1225 ἱκέτευον
1439 1173 1577 1243 ὑπὲρ
1623 1172 1716 1225 τοῦ
1754 1172 2037 1243 βασιλέως,

459 1260 702 1331 οἰμωγῆς
732 1276 790 1312 τε
825 1260 980 1314 πάντ’
1014 1256 1082 1332 ἦν
1111 1261 1365 1316 ἀνάπλεω
1391 1263 1482 1316 καὶ
1508 1262 1740 1334 θρήνων.
1787 1264 1873 1315 Ἐν
1904 1263 2041 1334 ὑψη-

459 1350 535 1422 λῷ
558 1351 602 1404 δ’
640 1353 668 1404 ό
715 1350 967 1421 βασιλεὺς
1017 1352 1275 1423 δωματίῳ
1314 1354 1730 1425 κατακείμενος,
1763 1355 1857 1409 καὶ
1887 1355 2040 1409 κάτω

459 1441 667 1513 βλέπων
693 1442 889 1507 αὐτοὺς
919 1446 1146 1513 πρηνεῖς
1176 1444 1643 1516 προσπίπτοντας,
1669 1445 1911 1516 ἄδακρυς
1928 1445 2037 1499 οὐδ’

457 1534 616 1598 αὐτὸς
639 1534 850 1606 ἔμενεν.
901 1535 1149 1606 Συνεχῶς
1177 1536 1223 1590 δ’
1248 1538 1332 1607 ἐφ’
1360 1536 1573 1609 ἡμέρας
1598 1537 1758 1591 πέντε
1813 1538 1891 1609 τῷ
1940 1540 2041 1611 τῆς

454 1624 690 1696 γαστρὸς
718 1624 997 1696 ἀλγήματι
1014 1625 1376 1697 διεργασθεὶς,
1402 1626 1492 1679 τὸν
1519 1626 1629 1697 βίον
1645 1626 2035 1700 κατέστρεψεν,

452 1718 560 1770 ἀπὸ
586 1718 855 1787 γενέσεως
887 1718 1034 1786 ἄγων
1067 1719 1432 1788 πεντηκοστὸν
1463 1717 1583 1782 ἔτος
1616 1721 1712 1772 καὶ
1752 1720 2034 1792 τέταρτον,

2146 536 2286 589 male
2313 548 2369 590 et
2407 538 2614 607 abjecte
2646 541 2904 610 viximus,
2937 548 3031 599 sed
3061 546 3115 600 in
3152 561 3219 601 eo
3250 546 3541 616 splendore
3562 566 3723 621 quem

2145 627 2394 685 homines
2423 629 2914 690 fortunatissimum
2944 636 3285 695 existimant.
3322 638 3445 697 Hac
3475 657 3596 697 cum
3635 646 3725 700 di-

2144 728 2313 784 ceret,
2355 733 2685 792 augescente
2732 725 2948 781 interim
2982 727 3035 781 vi
3088 728 3293 784 doloris
3343 735 3721 802 torquebatur.

2142 807 2308 863 Ocius
2348 824 2478 881 ergo
2507 813 2558 866 in
2609 813 2871 883 palatium
2914 816 3124 873 delatus
3166 834 3289 875 cum
3332 833 3498 889 esset,
3537 841 3727 881 rumor

2142 906 2402 959 continuo
2436 920 2535 975 per
2557 905 2745 960 urbem
2778 921 3002 977 sparsus
3024 918 3128 976 est,
3156 924 3340 979 regem
3386 913 3438 965 in
3483 916 3725 970 maximo

2142 995 2270 1049 vita:
2298 996 2612 1051 discrimine
2634 997 2863 1055 versari.
2889 997 3193 1069 Statimque
3220 1001 3374 1071 plebs
3399 1005 3578 1059 omnis
3600 1022 3722 1061 cum

2142 1088 2407 1142 uxoribus
2438 1098 2493 1142 et
2525 1088 2737 1155 liberis,
2778 1090 2966 1146 stratis
3007 1093 3202 1150 ciliciis
3248 1110 3397 1151 more
3425 1098 3608 1165 patrio
3637 1113 3724 1152 se-

2142 1179 2275 1233 dens
2318 1177 2484 1233 Deum
2514 1195 2613 1249 pro
2668 1181 2844 1237 salute
2875 1183 3018 1254 regis
3042 1185 3371 1240 obsecravit.
3412 1186 3549 1241 'l‘ota
3590 1190 3722 1244 urbs

2140 1268 2341 1336 cjulatu
2374 1284 2437 1323 ac
2468 1269 2726 1326 lamentis
2754 1277 3103 1341 personabat.
3134 1274 3250 1330 Rex
3273 1292 3403 1333 vero
3428 1278 3482 1333 in
3507 1279 3723 1335 excelso

2140 1362 2376 1431 quodam
2401 1362 2600 1417 solario
2638 1365 2992 1432 decumbens,
3023 1382 3144 1423 cum
3170 1382 3263 1422 eos
3290 1369 3435 1423 liumi
3478 1379 3721 1439 prostra-

2144 1462 2224 1507 tos
2250 1469 2317 1508 cx
2346 1453 2455 1508 alto
2491 1458 2855 1525 proSpiceret,
2891 1473 2957 1513 ne
3004 1458 3119 1528 ipse
3151 1459 3368 1527 quidem
3415 1469 3720 1530 temperare

2139 1545 2314 1613 potuit
2341 1562 2370 1600 a
2419 1547 2703 1619 lacrymis.
2738 1547 2976 1604 Tandem
3017 1552 3295 1607 continuis
3341 1567 3437 1622 per
3480 1553 3721 1622 quinque

2138 1637 2257 1692 dies
2296 1640 2503 1695 ventris
2546 1639 2831 1696 doloribus
2878 1640 3160 1696 confectus
3205 1642 3371 1696 vitam
3430 1642 3587 1708 finiit,
3628 1659 3720 1696 an-

2141 1744 2267 1782 num
2309 1746 2474 1800 agens
2513 1732 2696 1787 :etatis
2751 1741 3006 1802 quartum
3062 1743 3116 1789 et
3178 1735 3714 1803 quinquagesimum,

452 1807 554 1876 τῆς
610 1807 668 1861 δὲ
718 1804 991 1878 βασιλείας
1048 1808 1295 1879 ἕϐδομον.
1340 1809 1624 1883 Τέσσαρας
1668 1812 1765 1881 μὲν
1803 1808 1896 1866 οὖν
1942 1813 2024 1865 ἐπὶ

2141 1820 2291 1888 regni
2326 1835 2453 1874 vero
2484 1822 2793 1889 septimum.
2822 1821 2955 1875 Nam
2984 1824 3160 1892 primo
3207 1825 3424 1894 quidem
3459 1824 3559 1879 sub
3588 1824 3719 1879 Caio

449 1899 615 1955 Γαΐου
663 1900 944 1971 Καίσαρος
980 1897 1330 1953 ἐϐασίλευσεν
1366 1902 1667 1965 ἐνιαυτοὺς,
1711 1902 1814 1971 τῆς
1846 1903 2036 1957 Φιλίπ-

454 2006 558 2043 που
599 1990 697 2061 μὲν
731 1990 1057 2063 τετραρχίας
1092 1994 1171 2055 είς
1204 1991 1441 2064 τριετίαν
1474 1990 1666 2064 ἄρξας,
1696 1992 1774 2063 τῷ
1794 1996 2037 2066 τετάρτῳ

453 2081 511 2134 δὲ
544 2083 638 2135 καὶ
669 2082 767 2156 τὴν
789 2083 1025 2155 Ἡρώδου
1065 2083 1467 2157 προσειληφὼς,
1500 2088 1648 2157 τρεῖς
1687 2085 1730 2138 δ’
1764 2085 2036 2140 ἐπιλαϐὼν

453 2174 551 2245 τῆς
581 2173 846 2228 Κλαυδίου
880 2175 1157 2246 Καίσαρος
1179 2174 1627 2245 αὐτοκρατορίας.
1665 2193 1684 2225 s
1723 2173 1910 2229 Ταῦτα
1946 2176 2038 2229 τὸν

465 2265 722 2336 Ἰώσηπον
750 2266 888 2337 μετὰ
914 2266 1021 2320 τῶν
1043 2266 1216 2320 ἄλλων
1246 2267 1366 2328 ταῖς
1396 2263 1565 2328 θείαις
1603 2265 2033 2338 συναληθεύοντα

450 2359 698 2430 Γραφαῖς
731 2358 1123 2430 ἀποθαυμάζω.
1159 2358 1223 2411 Ei
1263 2356 1320 2409 δὲ
1352 2357 1481 2427 περὶ
1507 2356 1606 2428 τὴν
1644 2356 1739 2410 τοῦ
1771 2357 2035 2429 βασιλέως

453 2449 826 2521 προσηγορίαν
848 2449 1017 2516 δόξειέ
1050 2466 1160 2502 τισι
1203 2447 1512 2517 διαφωνεῖν,
1541 2446 1655 2501 ἀλλ’
1690 2449 1717 2501 ὅ
1741 2466 1803 2517 γε
1842 2449 2034 2520 χρόνος

453 2543 545 2596 καὶ⁸
569 2545 603 2614 ἡ
635 2541 834 2614 πρᾶξις
865 2545 956 2595 τὸν
988 2541 1150 2594 αὐτὸν
1176 2540 1303 2596 ὄντα
1323 2540 1613 2605 δείκνυσιν,
1649 2542 1767 2612 ἦτοι
1800 2542 1941 2595 κατά
1980 2560 2033 2596 τι

453 2634 674 2705 σφάλμα
694 2633 962 2705 γραφικὸν
993 2631 1395 2703 ὲνηλλαγμένου
1427 2631 1522 2686 τοῦ
1550 2631 1831 2702 ὀνόματος,
1865 2633 1899 2705 ἢ
1937 2632 2032 2688 καὶ

447 2724 746 2797 διωνυμίας
776 2726 903 2797 περὶ
935 2724 1117 2791 αὐτὸν,
1147 2717 1232 2778 οἷα
1279 2723 1374 2778 καὶ
1426 2723 1556 2796 περὶ
1613 2723 1841 2789 πολλοὺς
1869 2742 2032 2795 γεγε-

448 2817 710 2888 mMme

2135 1909 2351 1965 Caesare
2396 1920 2631 1981 quatuor
2671 1912 2828 1967 annis
2864 1926 3209 1982 regnaverat,
3245 1914 3477 1986 Philippi
3531 1925 3721 1968 tetrar-

2136 2000 2254 2053 cbia
2277 2000 2477 2068 potitus
2494 2017 2590 2070 per
2609 2002 2923 2057 triennium.
2951 2002 3078 2059 Inde
3102 2019 3245 2059 anno
3268 2013 3463 2074 quarto
3488 2002 3717 2057 Heredis

2136 2107 2355 2162 quoque
2386 2096 2740 2149 tetrarchiam
2769 2096 3056 2163 regendam
3103 2099 3336 2165 accepit.
3369 2094 3565 2150 Postea
3589 2112 3717 2151 vero

2139 2184 2437 2253 principatu
2467 2185 2674 2239 Claudii
2694 2187 2919 2256 Augusti
2946 2198 3055 2241 tres
3079 2186 3302 2241 ultimos
3329 2186 3480 2258 regni
3498 2187 3578 2241 sui
3597 2203 3721 2242 exe-

2134 2274 2210 2343 git
2260 2290 2448 2329 annos.
2474 2294 2493 2327 ι
2521 2275 2632 2348 49
2664 2277 2787 2333 Ilatc
2826 2276 3093 2347 Josepbus
3122 2296 3136 2332 :
3163 2278 3217 2332 in
3261 2278 3461 2347 quibus
3489 2278 3717 2348 perinde

2135 2376 2201 2415 ac
2236 2360 2287 2415 in
2317 2365 2551 2428 caeteris,
2586 2368 2747 2420 tidem
2782 2366 2927 2421 illius
2961 2383 3294 2438 magnopere
3330 2368 3589 2434 admiror,
3620 2370 3715 2438 qui

2136 2468 2260 2507 cum
2278 2455 2452 2511 sacris
2471 2457 2668 2512 litteris
2694 2457 2745 2510 in
2772 2458 3006 2512 veritate
3029 2460 3303 2512 narranda
3325 2459 3461 2513 adeo
3488 2474 3717 2515 consen-

2137 2545 2255 2601 tiat.
2293 2546 2449 2614 Quod
2477 2548 2520 2603 si
2557 2548 2609 2602 in
2644 2549 2792 2619 regis
2817 2550 3043 2604 nomine
3062 2550 3376 2620 discrepare
3393 2551 3713 2620 quibusdam

2139 2636 2373 2701 videtur,
2404 2637 2667 2708 temporis
2700 2648 2878 2693 tamen
2915 2638 3053 2693 ratio
3083 2649 3136 2694 et
3181 2654 3271 2695 res
3309 2640 3423 2709 ipsa
3463 2642 3712 2696 eumdem

2139 2739 2259 2781 esse
2289 2729 2612 2795 confirmat;
2655 2731 2789 2785 adeo
2825 2740 2883 2784 ut
2911 2729 2995 2784 vel
3035 2745 3231 2786 nomen
3262 2731 3392 2786 vitio
3427 2732 3719 2802 scripture

2139 2819 2495 2887 depravatum
2537 2837 2662 2879 esse
2705 2831 2991 2893 oporteat,
3026 2822 3113 2878 vel
3154 2834 3303 2880 certe
3345 2839 3525 2896 regem
3570 2823 3715 2881 hunc

449 2911 646 2981 duplici
688 2912 907 2967 nomine
939 2910 1266 2981 appellatum
1306 2909 1495 2977 fuisse,
1527 2911 1671 2981 quod
1706 2919 1762 2967 et
1790 2909 2032 2981 pluribus
2052 2912 2173 2971 aliis
2198 2917 2444 2989 contigit.

969 3007 1364 3061 ΚΕΦᾹΛΑῙΟΝ
1405 3007 1509 3061 IA'.

445 3099 585 3167 Περὶ
614 3096 804 3155 Θευδᾶ
829 3097 937 3154 τοῦ
966 3099 1198 3223 γόῆτοὲ,
1226 3096 1486 3238 alarias?»-
1515 3097 1638 3153 σὺν
1689 3098 1853 3166 αὐτῷ
1891 3098 2031 3172 (Nic.

529 3258 681 3312 Ἐπεὶ
707 3259 765 3313 δὲ
790 3260 951 3314 πάλιν
976 3260 1006 3312 ό
1028 3259 1243 3323 Λουκᾶς
1267 3260 1326 3312 ὲν
1354 3261 1475 3323 ταῖς
1500 3258 1771 3331 Πράξεσιν
1817 3261 2027 3329 εἰσάγει

445 3350 535 3403 τὸν
562 3350 843 3422 Γαμαλιήλ
870 3352 928 3405 ὲν
958 3352 1023 3421 τῇ
1054 3350 1182 3420 περὶ
1206 3349 1315 3402 τῶν
1347 3349 1662 3404 ἀποστόλων
1694 3350 1887 3420 σκέψει
1930 3350 2021 3405 λέ-

453 3454 640 3505 γοντα,
673 3439 749 3502 ὡς
781 3439 890 3511 ἄρα
920 3438 1060 3493 κατὰ
1086 3438 1176 3491 τὸν
1206 3437 1529 3509 δηλούμενον
1572 3440 1762 3512 χρόνον
1788 3441 1900 3512 (57)
1931 3442 2024 3494 ἀν-

453 3528 583 3600 έστη
610 3529 836 3594 Θευδᾶς,
879 3530 1051 3598 λέγων
1085 3529 1277 3583 ἑαυτὸν
1296 3527 1431 3583 εἷναί
1458 3547 1579 3584 τινα
1619 3532 1698 3603 (ὃς
1729 3532 2024 3605 κατελύθη,

447 3620 541 3673 καὶ
587 3620 787 3684 πάντες
810 3621 921 3674 ὅσοι
964 3620 1241 3674 ἐπείθοντο
1281 3620 1430 3692 αὐτῷ
1471 3621 1816 3693 διελύθησαν)
1846 3639 1861 3656 ο
1886 3623 2021 3695 φέρε

447 3713 542 3766 καὶ
566 3712 665 3783 τὴν
688 3712 814 3784 περὶ
838 3711 1031 3765 τούτου
1061 3710 1434 3783 παραθώμεθα
1454 3711 1547 3765 τοῦ
1584 3712 1849 3786 Ἰωσήπου
1880 3732 2021 3786 γρα-

518 3847 627 3922 (5})
658 3848 1139 3922 Μακαριζομένης
1171 3850 1606 3919 λαμπρότητος.
1658 3850 1735 3906 Ex
1784 3850 2022 3922 Josepho

444 3935 512 3974 ac
539 3919 843 3994 Nicephoro
891 3934 987 3994 pro
1038 3922 1457 3994 μακαριότητος,
1515 3923 1846 3994 restituimus
1883 3919 2021 3994 λαμ-

445 3989 733 4061 πρότητος,
763 3998 924 4061 atque
952 3989 1509 4061 ita‘script‘um'ltabet
1534 3989 1702 4045 codex
1735 3991 1872 4061 Fn_k.

515 4057 627 4129 (55)
666 4060 757 4125 Ὡς
779 4058 906 4129 ἔχοι
927 4059 1035 4113 τοῦ
1060 4057 1358 4131 τεθνάναι.
1408 4061 1476 4131 ΔΙη
1529 4061 1759 4131 vulgatis
1800 4059 2021 4131 Josephi

441 4131 770 4203 editionibus
794 4136 945 4183 deest
964 4130 1270 4203 articulus,_
1276 4129 1422 4203 quod
1447 4129 1842 4203 magis'probo.
1860 4129 2013 4203 'ch0:

444 4201 607 4270 igitur
653 4200 886 4268 positum
933 4209 1016 4253 est
1046 4215 1144 4269 pro
1205 4198 1410 4270 μέλλοι,
1471 4198 1657 4270 ψιειῐι
1686 4198 2011 4256 locutionem

444 4268 649 4325 Galiica
678 4270 861 4339 lingua
886 4268 1181 4322 etiamnum
1208 4268 1428 4323 retinet.
1456 4268 1608 4336 Quod
1641 4270 1683 4324 si
1716 4270 2007 4326 articulum

446 4341 684 4394 retinere
708 4338 983 4410 malueris,
1042 4350 1101 4392 ut
1139 4340 1189 4392 in
1214 4339 1467 4410 omnibus
1495 4343 1693 4394 nostris
1730 4341 2009 4410 exempla-

446 4410 599 4463 ribus
644 4420 701 4463 et
722 4411 873 4479 apud
921 4409 1281 4479 Nicephorum
1325 4409 1545 4479 legitur,
1591 4422 1720 4465 tunc
1763 4409 2008 4464 scriben-

446 4481 571 4531 dum
594 4477 898 4549 ρει-ἔχοιτο,
932 4489 1025 4532 aut
1055 4477 1210 4533 certe
1245 4477 1675 4549 subaudiendum
1713 4479 2007 4549 θεινάνάγ-

441 4562 569 4617 κην.
632 4548 688 4602 In
738 4548 918 4602 tribus
971 4549 1173 4617 nostris
1223 4549 1503 4604 codicibus
1550 4548 1710 4613 Maz.,
1773 4548 1912 4604 Med.
1948 4565 2012 4605 ac

442 4615 887 4689 Fukﬁscriptum
910 4627 1001 4689 est
1032 4616 1105 4681 ὡς
1133 4617 1267 4689 ἔχει,
1299 4621 1441 4689 quod
1476 4620 1646 4689 magis
1675 4621 1868 4689 probo.

512 4687 625 4757 (36)
672 4686 803 4739 Ἐπὶ
840 4686 1078 4741 σάκκον
1120 4686 1496 4742 καθεσθεῖσα.
1536 4686 1748 4757 Optime
1789 4687 2013 4745 Rufinus

445 4755 590 4827 hunc
622 4757 795 4827 locum
824 4760 989 4827 vertit
1023 4775 1035 4811 :
1074 4757 1220 4812 More
1249 4760 1421 4827 patrio
1449 4755 1607 4827 super
1635 4758 1808 4811 cilicia
1833 4761 2010 4827 strati,

444 4825 783 4898 omnipotenti
814 4826 919 4898 Deo
945 4841 1038 4895 pro
1066 4830 1200 4898 regis
1240 4825 1599 4883 incolumitate
1626 4825 2012 4896 supplicabant.

444 4891 671 4965 Reliqui
703 4904 878 4948 tamen
912 4891 1233 4965 interpretes
1277 4913 1385 4951 uno
1441 4913 1705 4954 consensu
1725 4891 2016 4953 verterunt

443 4967 611 5017 saccis
658 4964 849 5017 induti.
902 4964 1065 5031 Quod
1088 4969 1191 5022 etsi
1237 4982 1343 5022 non
1377 4969 1596 5031 damno,
1625 4968 1806 5021 verbis
1834 4976 2012 5023 tamen

441 5031 660 5102 Josephi
691 5047 1027 5102 nequaquam
1057 5038 1332 5091 convenit.
1364 5036 1490 5091 Scio
1513 5038 1680 5091 moris
1707 5037 1874 5091 fuisse
1906 5055 2014 5092 non

444 5104 616 5178 solum
652 5107 790 5171 apud
820 5103 1068 5178 dumetis,
1101 5108 1199 5178 sed
1249 5108 1413 5178 etiam
1443 5106 1583 5175 apud
1641 5107 1921 5178 Assyrios,
1956 5118 2017 5162 ut

447 5173 500 5245 in
542 5172 687 5245 luctu
733 5182 788 5245 et
820 5173 1143 5245 in__publ_icis
1194 5172 1678 5245 supplicationibus
1724 5172 2014 5231 sacco'in-

444 5242 585 5317 dnti,
609 5241 719 5317 Deo
743 5243 1001 5317 invidiam
1033 5241 1312 5309 facerent,
1333 5248 1788 5317 quemadmodum
1818 5247 2015 5317 legitur

445 5312 500 5365 in
536 5310 1252 5386 historiaNinivitarum,iet
1280 5310 1421 5386 apud
1448 5313 1741 5386 Joseplium
1778 5317 1832 5370 in
1870 5310 2013 5371 libro

442 5395 515 5437 xx
561 5382 970 5452 Antiquitatum,
1027 5398 1147 5449 cap.
1178 5385 1234 5438 5.
1289 5383 1483 5438 Verum
1536 5382 1593 5439 et
1644 5387 1731 5440 hic
1772 5401 1889 5441 mos
1916 5387 2016 5441 fuit

444 5453 878 5525 supplicantium,
907 5462 963 5525 ut
990 5455 1180 5525 stratis
1208 5454 1403 5525 ciliciis
1433 5466 1489 5509 et
1521 5459 1705 5525 cinere
1735 5457 2013 5525 conspersi

444 5523 761 5591 insiderent.
792 5522 882 5574 Sic
916 5521 978 5591 in
1009 5524 1189 5591 capite
1221 5539 1276 5577 nt
1322 5521 1491 5589 lenae,
1526 5540 1618 5578 rex
1652 5521 2011 5579 Ninivitarum

443 5590 820 5663 περιεϐάλλετο
863 5590 1087 5663 σάκκον,
1136 5595 1230 5647 καὶ
1269 5593 1521 5647 ἐκάθισεν
1562 5595 1669 5663 ίὲπὶ
1696 5593 1912 5648 σποδοῦ.
1952 5596 2016 5649 Et

447 5661 818 5734 i‘nEva‘ngelio
861 5661 1036 5726 Lucae,
1077 5676 1199 5732 cap.
1241 5680 1271 5717 x
1314 5681 1328 5719 :
1361 5663 1417 5717 Si
1447 5665 1503 5718 in
1542 5662 1679 5734 Tyro
1710 5673 1761 5717 et
1815 5664 2015 5721 Sidone

445 5728 598 5798 facite
618 5728 837 5801 fuissent
867 5734 1078 5787 virtutes
1105 5728 1223 5805 qua-
1268 5734 1424 5804 {actm
1454 5728 1661 5789 suut'in
1689 5735 1853 5804 vobis,
1886 5736 2011 5791 olim

2752 3013 2984 3072 CAPUT
3016 3012 3108 3069 X1.

2317 3146 2395 3203 De
2438 3147 2651 3203 Tlieuda
2676 3149 3068 3220 prwstigiatcre
3088 3147 3308 3219 ejusque
3328 3149 3506 3204 sociis.

2209 3258 2315 3315 Sed
2344 3260 2601 3329 quoniam
2633 3258 2810 3314 Lucas
2833 3271 3096 3330 praeterea
3129 3262 3183 3316 in
3217 3262 3443 3315 Actibus
3484 3270 3711 3330 aposto-

2132 3347 2313 3405 lorum
2331 3350 2379 3382 “
2408 3349 2758 3405 Gamalielcm
2784 3350 3098 3419 quemdam,
3131 3366 3255 3405 cum
3284 3350 3337 3403 in
3358 3349 3588 3405 concilio
3612 3347 3709 3404 Ju-

2135 3439 2374 3494 dzeorum
2403 3439 2469 3494 de
2507 3439 2769 3509 apostolis
2801 3438 3123 3494 deliberatio
3163 3439 3354 3506 fieret,
3397 3441 3705 3510 loquentem

2134 3529 2342 3584 inducit
2388 3530 2454 3585 de
2502 3530 2730 3585 Tlieuda
2767 3531 3003 3601 quodam
3035 3533 3127 3601 qui
3172 3534 3320 3588 hisce
3371 3533 3705 3603 temporibus

2130 3622 2359 3689 exstitit,
2408 3634 2465 3676 et
2511 3624 2601 3692 qui
2647 3637 2769 3676 cum
2811 3622 2877 3677 de
2907 3623 3086 3693 seipso
3127 3638 3320 3694 magna
3365 3625 3702 3693 prtedicaret,

2131 3715 2347 3768 tandem
2370 3714 2674 3768 exstinctus
2693 3724 2798 3779 est,
2820 3729 3118 3789 omnesque
3144 3716 3237 3785 qui
3253 3716 3302 3771 ei
3329 3710 3485 3770 fidem
3511 3716 3690 3772 babuo

2124 3854 2181 3908 in
2223 3853 2398 3909 cilicio
2440 3864 2489 3907 et
2528 3851 2978 3920 cinerersedentes
3020 3853 3340 3920 poeniterent.
3384 3851 3569 3920 quue
3614 3868 3708 3908 re-

2124 3923 2269 3978 ferre
2311 3925 2460 3979 soleo
2506 3927 2669 3978 verba
2705 3919 2887 3975 Rufini
2918 3938 2981 3975 ex
3014 3919 3153 3977 libro
3198 3937 3249 3975 xl
3304 3919 3559 3975 liistoriw
3596 3922 3705 3977 Ec-

2124 3993 2456 4058 clesiasticaz,
2495 4008 2619 4062 cap.
2660 3993 2749 4058 δῖ,
2791 3992 2878 4045 ubi
2912 3994 2977 4045 de
3005 3991 3310 4062 Theodosio
3342 3996 3468 4062 imp.
3505 3994 3575 4044 ita
3617 3994 3700 4047 Io-

2130 4065 2314 4132 quitur
2339 4063 2504 4116 :Ante
2539 4059 2832 4132 martyrum
2864 4071 2910 4113 et
2941 4059 3299 4132 apostolorum
3334 4061 3508 4113 tltecus
3546 4062 3701 4129 jace-

2121 4130 2205 4184 θοι
2232 4132 2406 4185 cilicio
2454 4130 2769 4199 prostratus,
2800 4140 2847 4183 et
2880 4131 3082 4183 auxilia
3107 4130 3206 4182 sibi
3236 4130 3345 4197 ﬁda
3394 4139 3699 4195 sanctorum

2117 4201 2493 4255 intercessione
2525 4203 2788 4267 poscebat.
2841 4199 3164 4268 Quanquam
3221 4201 3273 4252 in
3326 4201 3701 4267 manuscripto

2116 4272 2306 4324 codice
2338 4272 2755 4325 Claroinontaui
2793 4271 3005 4333 collegii
3051 4269 3250 4338 legitur
3278 4269 3420 4322 silici
3465 4281 3677 4336 prostra

2115 4349 2221 4394 tus.
2246 4340 2575 4411 Epiphanius
2604 4344 2656 4411 in
2690 4341 2878 4395 lmresi
2904 4338 2991 4411 50Ϊ
3025 4338 3471 4411 Novatianorum,
3497 4353 3615 4407 cap.
3640 4338 3696 4411 7,

2115 4357 2221 4394 ms.
2246 4357 2337 4411 rapi
2382 4357 2575 4395 namus
2606 4357 2656 4393 III
2690 4357 2878 4395 naaresr
2904 4357 2991 4394 au.
3025 4357 3471 4400 tVovatlatturutn,
3497 4357 3615 4407 cap.
3648 4357 3696 4403 ι,

2111 4410 2263 4486 αυτοὶ
2313 4357 2408 4486 ἐάν
2460 4408 2796 4486 ὲνδείξωνται
2848 4408 3058 4486 τελείαν
3080 4408 3204 4486 ’τὴν
3252 4405 3609 4486 μετάνοιαν,-
3638 4408 3699 4462 ὲν

2112 4480 2301 4551 σάκκῳ
2328 4482 2421 4534 καὶ
2467 4480 2647 4551 σποδῷ
2677 4478 3052 4541 καθεσθέντες.
3080 4477 3444 4551 Tertullianus
3477 4480 3529 4551 in
3558 4477 3696 4551 libro

2112 4550 2192 4604 De
2217 4547 2474 4617 pudicitia
2500 4564 2518 4601 :
2546 4547 2761 4604 Pariter
2783 4550 2845 4601 de
2864 4550 3182 4618 paenitentia:
3210 4548 3373 4617 σθίοἰο
3410 4548 3589 4600 sedent
3636 4547 3695 4602 iis

2112 4636 2285 4683 sacco,
2315 4630 2362 4673 et
2393 4621 2562 4672 cinere
2593 4622 2982 4673 inhorrescunt.

2185 4681 2296 4759 (ὅτι
2327 4689 2488 4744 Κατὰ
2509 4688 2614 4742 τὸν
2646 4687 3021 4759 δηλούμενον
3050 4690 3295 4759 χρόνον.
3331 4681 3695 4759 Locus_Luc:e

2112 4754 2292 4816 exstat
2348 4765 2399 4812 in
2440 4774 2559 4828 cap.
2589 4775 2643 4828 Iv
2676 4754 2912 4811 Actuum
2960 4754 3348 4826 apoStolnrutn,
3377 4754 3479 4828 ubi
3518 4754 3696 4828 Lucas

2114 4846 2222 4884 non
2253 4830 2381 4884 dicit
2410 4826 2687 4883 Tlteud’am
2714 4828 2924 4896 Claihlii
2960 4827 3103 4896 imp._
3137 4827 3474 4896 temporibus
3518 4826 3690 4896 exsti-

2117 4903 2267 4964 tisse,
2296 4909 2354 4953 ut
2377 4900 2463 4954 hic
2490 4897 2721 4951 aliirmat
2745 4894 3049 4951 Eusebius.‘
3084 4894 3197 4949 lino
3226 4909 3290 4948 ex
3324 4895 3489 4964 Lucae
3514 4895 3696 4950 verbis

2115 4963 2296 5039 colligi
2355 4977 2551 5037 potest,
2623 4966 2904 5039 Tbeudam
2965 4966 3130 5039 illum
3175 4966 3407 5039 Augusti
3459 4963 3697 5039 Cgsaris

2115 5034 2423 5107 principatu
2457 5039 2643 5107 turbas
2677 5037 2727 5088 in
2761 5035 2947 5091 Judaea
2980 5034 3307 5107 concitasse.
3336 5034 3469 5087 Nam
3494 5034 3694 5107 Gama-

2114 5102 2209 5162 liel
2268 5102 2413 5177 apud
2465 5106 2662 5161 Lucam
2717 5107 2920 5177 diserte
2958 5106 3163 5177 ‘tradit,
3223 5102 3689 5177 post_tumult_um

2116 5173 2355 5233 Theudae
2392 5178 2669 5233 exstitisse
2710 5173 2905 5229 Judain
2946 5173 3254 5240 Galilaeum,
3294 5174 3386 5241 qui
3418 5174 3470 5226 in
3499 5173 3693 5226 diebus

2116 5248 2468 5319 professionis
2516 5247 2813 5319 ‘censualis
2852 5247 3238 5319 _seditione_|u_
3284 5243 3688 5319 commovisset.

2115 5311 2278 5386 Atqui
2306 5316 2591 5386 censualis
2610 5317 2723 5370 haec
2745 5314 3010 5384 professio
3036 5313 3268 5386 contigit
3292 5320 3413 5381 post
3437 5311 3691 5386 exsilium

2116 5382 2394 5454 Archelai,
2442 5385 2691 5459 Quirinio
2724 5382 2952 5459 Syrianl
2987 5384 3423 5459 administrante,
3464 5382 3566 5434 sub
3595 5393 3694 5459 ex-

2115 5465 2289 5529 trema
2324 5453 2553 5529 Augusti
2607 5453 3133 5529 teinpora._Falsum
3180 5453 3407 5529 proinde
3448 5463 3571 5529 esse
3605 5453 3692 5529 vi-

2114 5528 2276 5581 detur
2321 5517 2465 5597 quod
2487 5528 2591 5598 pic
2612 5517 2844 5598 aliirmat
2875 5523 3159 5598 Eusebius,
3180 5517 3433 5598 'LucanL
3452 5517 3693 5598 Theudae

2117 5587 2427 5652 motum-in
2476 5595 2684 5651 Claudii
2726 5602 2985 5664 tempora
3019 5592 3341 5661 conjecisse.
3367 5587 3690 5664 _Eusebiuin

2119 5676 2297 5721 tamen
2352 5676 2601 5725 nostrum
2648 5673 2800 5721 recte
2839 5658 3085 5721 sensisse
3103 5658 3137 5728 ,⁷
3167 5673 3291 5715 mox
3351 5658 3692 5713 demonstra-

2118 5738 2317 5792 bimus.
