4192 6458
399 395 501 453 169

1427 396 1776 454 HISTORIA:
1819 398 2384 458 ECCLESIASTICJ’.
2427 402 2555 457 LIB.
2599 403 2661 457 ll.

3554 415 3660 470 ΠΟ

397 509 564 581 βίους,
596 509 689 562 καὶ
702 507 811 562 τῶν
833 505 1044 578 ψευδῶν
1086 507 1433 579 διδαγμάτων
1462 509 1559 572 τὰς
1589 510 1893 574 ὑποθέσεις,
1925 528 1971 564 τι

2097 514 2367 571 hreretica:
2395 518 2683 584 pravitatis
2712 526 2994 575 auctorum
3037 522 3218 588 initia,
3248 524 3435 590 vitam,
3495 526 3661 582 falso-

392 620 454 656 τε
483 606 648 656 πᾶσιν
686 601 870 664 αὐτοῖς
898 601 1358 672 ἐπιτετηδευμένα
1389 600 1704 670 διαγνῶναι,
1745 603 1806 654 οὑ
1841 603 1984 655 κατά

395 694 670 766 πάρεργον
703 695 767 763 τῇ
790 691 1135 763 δεδηλωμένῃ
1165 691 1258 745 τοῦ
1291 693 1582 765 Είρηναίου
1615 691 1985 763 παραδεδομέ-

393 803 460 841 να
503 786 689 856 βίϐλῳ.
717 787 906 855 Πάσης
937 786 1034 854 μὲν
1067 780 1163 838 οὖν
1194 785 1436 856 ἀρχηγὸν
1470 785 1738 856 αίρέσεως
1764 784 1984 856 πρῶτον

393 877 648 945 γενέσθαι
671 875 761 928 τὸν
789 875 1010 946 Σίμωνα
1053 876 1491 948 παρειλήφαμεν.
1541 875 1632 941 Ἐξ
1660 870 1721 930 οὗ
1764 877 1856 930 καὶ
1902 879 1982 941 εἰς

392 967 554 1039 δεῦρο
575 969 625 1021 οἰ
657 968 757 1038 τὴν
800 969 920 1020 κατ’
961 968 1122 1020 αὑτὸν
1156 969 1435 1039 μετιόντες
1469 971 1700 1042 αἵρεσιν,
1743 971 1842 1040 τὴν
1873 968 1980 1021 σώ-

395 1077 570 1132 φρονα
593 1061 689 1114 καὶ
714 1060 799 1114 διὰ
833 1061 1181 1133 καθαρότητα
1212 1061 1324 1132 βίου
1359 1063 1512 1134 παρά
1551 1065 1682 1116 πᾶσι
1713 1063 1980 1133 βεϐοημέ-

395 1168 494 1221 νην
550 1151 887 1223 Χριστιανῶν
916 1152 1232 1222 φιλοσοφίαν
1277 1154 1715 1226 ὑποκρινόμενοι,
1766 1149 1834 1226 ἦς
1882 1155 1981 1224 μὲν

397 1243 582 1309 ἔδοξαν
598 1243 1033 1298 ἀπαλλάττεσθαι
1089 1263 1155 1298 πε
1166 1247 1216 1318 ρὶ
1237 1247 1304 1299 τὰ
1326 1247 1522 1299 εἴδωλα
1563 1247 1982 1317 δεισιδαιμονίας

396 1337 550 1389 οὑδέν
564 1331 725 1408 ἦττον
750 1333 904 1401 αὖθις
929 1337 1410 1408 ἐπιλαμϐάνονται,
1437 1339 1870 1403 καταπίπτοντες
1890 1340 1982 1391 ἐπ)⁵

396 1427 611 1498 γραφὰς
637 1429 729 1482 καὶ
758 1429 990 1493 εἰκόνας,
1026 1430 1192 1482 αὑτοῦ
1240 1447 1299 1482 τε
1347 1429 1442 1482 τοῦ
1472 1422 1714 1501 Σίμωνος
1747 1431 1840 1484 καὶ
1879 1431 1982 1499 τῆς

399 1522 494 1574 σὺν
524 1520 671 1591 αὑτῷ
696 1521 1029 1592 δηλωθείσης
1071 1521 1308 1593 Ἑλένης,
1349 1522 1654 1594 θυμιάμασί
1675 1541 1732 1575 τε
1765 1524 1857 1576 καὶ
1884 1522 1980 1576 θυ-

397 1611 537 1676 σίαις
587 1613 684 1666 καὶ
715 1614 971 1677 σπονδαῖς
1019 1613 1238 1677 τούτους
1280 1613 1604 1686 θρησκεύειν
1638 1615 1980 1686 ἐπιχειροῦν-

392 1719 483 1766 τες
517 1703 647 1773 (49).
683 1704 764 1757 Τὰ
792 1704 848 1757 δὲ
878 1704 1083 1758 τούτων
1112 1705 1294 1768 αὐτοῖς
1316 1706 1750 1778 ἀπορρητότερα,
1778 1700 1851 1760 ὧν
1879 1723 1982 1774 φα-

396 1811 448 1846 σι
471 1795 561 1848 τὸν
589 1796 806 1866 πρῶτον
833 1795 1211 1849 ἐπακούσαντα
1231 1796 1691 1869 ἐκπλαγήσεσθαι,
1720 1798 1813 1850 καὶ
1838 1799 1980 1852 κατά

2088 619 2205 656 rum
2235 605 2545 674 dogmatum
2575 621 2768 662 causas
2799 622 2863 663 ac
2901 611 3140 666 rationes
3161 651 3178 677 ,
3219 614 3398 668 studia
3425 614 3660 685 denique

2085 694 2405 749 etinstituta
2438 697 2800 767 singulorum,
2831 715 2897 754 ex
2931 701 3260 770 supradictis
3290 703 3478 760 lrentei
3505 705 3660 763 libris

2087 799 2117 838 a
2148 800 2256 854 quo
2282 786 2398 840 haec
2428 797 2684 842 accurate,
2719 789 2920 842 tradita
2964 801 3129 856 sunt,
3161 791 3661 851 liceatvolentibus

2085 888 2438 944 cognoscere.
2499 876 2641 931 Sane
2673 879 2816 932 hunc
2863 879 3136 934 Simonem
3172 883 3443 939 hmretica:
3478 889 3661 955 pravi-

2086 967 2213 1021 tatis
2247 967 2550 1037 principem
2581 977 2743 1037 atque
2779 981 3055 1026 auctorem
3098 974 3267 1030 fuisse
3320 977 3657 1045 accepimus.

2086 1057 2241 1112 Unde
2289 1059 2353 1111 ad
2414 1068 2656 1113 nostram
2710 1075 2883 1131 usque
2918 1073 3135 1119 aetatem
3183 1067 3494 1137 quicunque
3540 1071 3659 1140 ejus

2084 1161 2290 1204 sectam
2323 1152 2670 1220 proﬁtentur,
2698 1167 2820 1207 cum
2858 1170 2917 1210 se
2948 1155 3310 1213 Christianam
3341 1162 3657 1230 religionem

2084 1241 2297 1310 plenam
2323 1243 2604 1298 modestia:
2633 1254 2688 1300 et
2716 1247 3032 1302 sanctitatis
3075 1250 3324 1318 amplecti
3362 1253 3658 1308 simulave-

2087 1336 2192 1388 riut
2220 1355 2233 1390 :
2271 1345 2447 1391 tamen
2478 1346 2532 1392 et
2558 1341 2623 1392 ad
2653 1340 3088 1409 superstitiosum
3111 1343 3412 1399 daemonum
3445 1347 3652 1402 cultum

2082 1443 2244 1496 quem
2279 1429 2514 1496 abjicere
2552 1431 2654 1485 visi
2707 1433 2954 1498 fuerant,
2999 1435 3255 1504 deinceps
3305 1438 3657 1494 nihilominus

2083 1520 2417 1585 relabuntur,
2473 1523 2598 1576 dum
2633 1533 2758 1577 ante
2791 1523 3030 1580 Simonis
3074 1537 3129 1582 et
3160 1531 3484 1598 supradictae
3515 1531 3658 1587 illius

2083 1607 2297 1665 lleleuae
2339 1612 2582 1680 picturas
2637 1625 2798 1682 atque
2845 1615 3109 1683 imagines
3164 1617 3474 1685 pronisese
3517 1619 3656 1688 abji-

2083 1702 2253 1766 ciunt,
2284 1718 2488 1772 eosque
2529 1704 2853 1760 sufﬁmentis
2885 1718 2938 1760 et
2968 1709 3252 1764 sacrificiis
3281 1725 3344 1764 ac
3373 1710 3652 1765 libationi-

2082 1790 2184 1846 bus
2215 1793 2393 1848 colere
2429 1810 2533 1847 non
2565 1807 2842 1850 verentur.
2887 1798 2951 1852 Et
2986 1815 3106 1869 qua:
3141 1800 3283 1868 apud
3325 1800 3445 1856 illos
3470 1817 3655 1857 secre-

390 1904 442 1939 τι
477 1890 607 1957 παρ’
639 1887 820 1951 αὐτοῖς
847 1887 1025 1956 λόγιον
1055 1887 1328 1960 ἔγγραφον
1345 1888 1819 1962 θαμϐωθήσεσθαι,
1846 1889 1971 1962 θάμ-

2082 1883 2220 1937 tiora
2275 1885 2560 1950 habentur,
2619 1888 2818 1956 quibus
2881 1889 3081 1945 auditis
3134 1892 3383 1959 protinus
3443 1892 3656 1948 animos

392 1978 520 2042 ϐους
550 1978 623 2042 ὡς
655 1979 868 2049 ἀληθῶς
914 1981 1007 2033 καὶ
1041 1981 1251 2054 φρενῶν
1287 1983 1595 2046 ἐκστάσεως
1635 1983 1730 2035 καὶ
1776 1983 1974 2054 μανίας

392 2069 612 2142 ἐμπλεω
641 2071 916 2142 τυγχάνει,
941 2072 1167 2126 τοιαῦτα
1193 2073 1341 2138 ὄντα,
1374 2073 1450 2136 ὡς
1483 2074 1557 2144 μὴ
1588 2075 1748 2144 μόνον
1782 2075 1856 2146 μὴ
1879 2075 1973 2128 δυ-

391 2163 529 2216 νατά
559 2159 700 2216 εἶναι
748 2163 1119 2235 παραδοθῆναι
1167 2167 1376 2236 γραφῇ,
1416 2165 1532 2218 ἀλλ’
1576 2166 1698 2218 οὑδέ
1740 2166 1974 2236 χείλεσιν

391 2256 526 2309 αὐτὸ
556 2256 716 2326 μόνον
752 2257 818 2311 δι’
848 2256 1152 2328 ὑπερϐολὴν
1181 2258 1571 2329 αἰσχρουργίας
1595 2277 1652 2311 τε
1683 2261 1774 2313 καὶ
1801 2262 1974 2332 ἀρρη-

390 2349 652 2412 τοποιῖας,
688 2349 912 2421 ἀνδράσι
939 2348 1179 2421 σώφροσι
1199 2349 1515 2420 λαληθῆναι.
1547 2353 1614 2404 Ὃ
1635 2371 1686 2406 τι
1718 2355 1848 2407 ποτὲ
1864 2355 1974 2427 γὰρ

390 2437 456 2492 ἂν
478 2439 562 2512 εἴη
589 2440 956 2514 ἢέπινοηθείη
984 2444 1184 2509 παντὸς
1213 2445 1440 2517 αἰσχροῦ
1471 2445 1975 2517 μιαρώτερον,τοῦ-

389 2547 452 2584 το
484 2534 590 2586 πᾶν
623 2534 1046 2605 ὑπερηκόντισεν
1078 2539 1111 2608 ἡ
1146 2537 1312 2589 τῶνδε
1348 2539 1712 2612 μυσαρωτάτη
1739 2539 1970 2612 αἵρεσις,

389 2623 511 2686 ταῖς
534 2623 748 2689 ἀθλίαις
766 2627 860 2678 καὶ
875 2626 1142 2680 παντοίων
1171 2628 1246 2692 ὡς
1265 2629 1479 2700 ἀληθῶς
1497 2629 1684 2686 κακῶν
1706 2649 1974 2704 σεσωρευ-

394 2715 582 2786 μέναες
604 2716 850 2786 γυναιξὶν
875 2719 1404 2788 ἐγκαταπαιζόντων.

918 2893 1317 2947 ΚΕΦΑΛΑΙΟΝ
1350 2895 1447 2948 ῙΔ’.

391 2984 530 3053 Περὶ
580 2983 686 3038 τοῦ
711 2985 865 3056 κατὰ
902 2983 1124 3056 Ῥώμην
1175 2987 1550 3056 κηρύγματος
1589 2986 1816 3054 Πέτρου
1861 2987 1969 3042 τοῦ

689 3055 1034 3109 ἀποστόλου
1062 3055 1199 3124 (Nic.
1241 3055 1312 3110 Η.
1339 3055 1404 3109 Ε.
1449 3072 1506 3119 u,
1540 3057 1654 3115 14).

459 3149 728 3201 Τοιούτων
755 3147 942 3201 κακῶν
968 3147 1180 3219 πατέρα
1211 3148 1303 3202 καὶ
1322 3148 1651 3221 δημιουργὸν
1676 3149 1769 3202 τὸν
1791 3149 1968 3220 Σίμω-

2085 1976 2415 2031 audientium
2441 1977 2588 2032 aiunt
2617 1981 2858 2047 percelli,
2889 1991 2945 2036 et
2980 1992 3038 2036 ut
3074 1984 3255 2038 verbis
3283 1993 3408 2038 utar
3447 1986 3654 2041 oraculi

2084 2069 2229 2140 quod
2289 2071 2652 2140 perscriptum
2705 2073 2961 2139 habent,
3019 2075 3377 2145 obstupefieri
3414 2095 3428 2132 :
3462 2094 3654 2133 revera

2083 2163 2322 2233 stuporis
2381 2173 2438 2218 et
2502 2165 2790 2218 dementiae
2841 2174 3003 2234 atque
3061 2165 3285 2220 insaniae
3337 2168 3654 2234 plenissima

2082 2265 2214 2310 sunt
2244 2273 2258 2308 :
2288 2257 2423 2311 adeo
2453 2265 2511 2309 ut
2546 2271 2652 2310 non
2684 2257 2842 2310 modo
2865 2256 3082 2325 scriptis
3111 2257 3288 2326 prodi,
3321 2258 3415 2312 sed
3449 2273 3514 2312 ne
3544 2274 3657 2312 ser-

2082 2363 2244 2403 moue
2261 2348 2476 2416 quidem
2515 2346 2693 2401 efl‘erri
2726 2349 2935 2417 possint
2965 2365 2994 2402 a
3024 2349 3285 2403 modestis
3314 2349 3647 2412 hominibus.

2075 2442 2145 2496 ob
2183 2441 2404 2496 nimiam
2439 2441 2825 2510 turpitudinem
2861 2452 3021 2510 atque
3057 2436 3470 2495 obscenitatem.
3505 2441 3653 2497 Nihil

2077 2529 2223 2586 enim
2257 2540 2366 2585 tam
2395 2530 2668 2600 itupurum
2699 2541 2792 2584 aut
2831 2545 2950 2586 esse
2974 2541 3067 2584 aut
3090 2518 3382 2601 eicogitari
3411 2547 3650 2602 unquam

2075 2631 2273 2692 potest,
2330 2621 2475 2692 quod
2529 2621 2948 2693 ﬂagitiosissima
3003 2622 3215 2678 illorum
3277 2633 3426 2679 secta
3493 2625 3652 2697 longo

2075 2713 2361 2769 intervallo
2408 2730 2516 2769 non
2563 2725 2808 2785 superet,
2859 2715 2984 2769 dum
3040 2715 3255 2770 miseris
3299 2727 3464 2786 atque
3503 2718 3652 2773 omni

2081 2800 2287 2855 scelere
2313 2804 2586 2871 coopertis
2617 2802 2932 2856 mulieribus
2961 2803 3210 2860 illuduut.

2659 2890 2890 2948 CAPUT
2931 2892 3069 2948 XIV.

2180 3007 2259 3063 De
2283 3009 2662 3078 praedicatione
2687 3010 2837 3064 Petri
2872 3012 3098 3080 apostoli
3122 3014 3175 3066 in
3202 3015 3330 3068 urbe
3352 3013 3540 3069 Roma.

2147 3143 2302 3199 Hunc
2344 3145 2509 3215 igitur
2547 3154 2818 3200 tantorum
2861 3146 3127 3202 scelerum
3176 3157 3449 3204 auctorem
3490 3161 3652 3221 atque

385 3254 457 3294 να
484 3241 603 3294 κατ’
636 3242 812 3293 ἐκεῖνο
839 3239 1056 3310 καιροῦ,
1108 3209 1347 3310 ωσπερεὶ
1376 3209 1684 3310 μέγανκαὶ
1721 3209 1971 3312 μεγάλων

2074 3237 2432 3291 architectum
2468 3237 2746 3292 Simonem
2780 3239 2987 3292 daemon
3015 3239 3230 3292 virtutis
3262 3240 3546 3308 inimicus,
3589 3251 3648 3296 et

386 3332 677 3386 ἀντίπαλον
707 3331 812 3384 τῶν
839 3331 1141 3385 θεσπεσίων
1160 3332 1254 3385 τοῦ
1283 3333 1532 3404 Σωτῆρος
1562 3334 1593 3403 ἡ
1603 3331 1719 3402 μῶν
1738 3333 1970 3386 ἀποστό-

385 3422 517 3486 λων,
551 3427 585 3496 ἡ
613 3421 904 3494 μισόκαλος
961 3425 1055 3476 καὶ
1082 3424 1180 3494 τῆς
1217 3422 1517 3494 ἀνθρώπων
1541 3424 1822 3487 ἐπίϐουλος
1865 3442 1970 3476 σω-

386 3515 582 3588 τηρίας
613 3514 826 3585 πονηρὰ
861 3515 1089 3583 δύναμις
1132 3515 1529 3584 προὺστήσατο.
1572 3515 1760 3586 Ὅμως
1786 3515 1830 3567 δ’
1875 3511 1969 3568 οὖν

386 3610 420 3677 ἠ
445 3608 564 3660 θεία
607 3607 701 3659 καὶ
732 3605 1124 3677 ὑπερουράνιος
1157 3606 1338 3675 χάρις,
1364 3608 1476 3668 τοῖς
1514 3606 1681 3675 αὑτῆς
1716 3622 1969 3676 συναιρο-

390 3699 524 3770 μένη
559 3697 826 3761 διακόνοις
871 3695 1008 3768 (50),
1043 3697 1108 3750 δι’
1133 3697 1451 3765 ἐπιφανείας
1479 3697 1657 3750 αὑτῶν
1696 3698 1790 3750 καὶ
1825 3715 1962 3769 παρ-

385 3791 592 3855 ουσίας,
621 3790 1004 3862 ἀναπτομένην
1053 3789 1148 3843 τοῦ
1183 3791 1423 3862 πονηροῦ
1446 3791 1545 3861 τὴν
1577 3789 1749 3858 φλόγα
1871 3790 1970 3844 τά⁹

387 3898 481 3952 χος
526 3881 769 3945 ἐσϐέννυ,
802 3880 1132 3934 ταπεινοῦσα
1163 3880 1230 3933 δι’
1275 3881 1452 3934 αὐτῶν
1492 3880 1586 3933 καί⁸
1633 3878 1970 3952 καθαιροῦσα

384 3975 494 4027 πᾶν
518 3972 718 4044 ὕψωμα
749 3971 1108 4043 ἐπαιρόμενον
1137 3971 1279 4025 κατά
1303 3973 1401 4044 τῆς
1429 3970 1681 4040 γνώσεως
1697 3971 1789 4024 τοῦ
1807 3971 1965 4025 Θεοῦ.

381 4066 472 4120 Διὸ
501 4065 564 4137 δὴ
598 4063 721 4118 οὑτε
752 4065 995 4135 Σίμωνος
1028 4063 1138 4116 οὔτ’
1174 4063 1336 4118 ἄλλου
1368 4081 1462 4116 του
1508 4062 1615 4116 τῶν
1645 4062 1766 4115 τότε
1809 4063 1968 4132 φυέν-

380 4175 491 4213 των
541 4157 901 4230 συγκρότημά
936 4172 987 4209 τι
1016 4156 1137 4209 κατ’
1171 4155 1365 4218 αὐτοὺς
1406 4155 1644 4218 ἐκείνους
1683 4154 1811 4217 τοὺς
1834 4154 1970 4208 ἁπο-

383 4250 663 4314 στολικοὺς
718 4251 926 4320 ὑπέστη
995 4249 1239 4321 χρόνους.
1313 4245 1639 4318 ’Υπερενίκα
1704 4245 1814 4317 γὰρ
1871 4245 1968 4298 καὶ

381 4338 679 4408 ὑπερίσχυε
716 4337 784 4390 τὰ
818 4337 997 4390 πάντα
1045 4337 1107 4390 τὸ
1151 4336 1250 4406 τῆς
1284 4335 1541 4407 ἀληθείας
1592 4335 1816 4404 φέγγος,
1849 4335 1878 4388 ὃ
1904 4351 1965 4388 τε

365 4426 537 4494 Λόγος
560 4427 721 4490 αὑτὸς
751 4429 778 4480 ὁ
801 4424 943 4490 θεῖος
962 4426 1087 4499 ἄρτι
1114 4425 1299 4479 θεόθεν
1323 4423 1631 4497 ἀνθρώποις
1652 4423 1966 4495 ἐπιλάμψας

383 4519 476 4571 ἐπὶ
507 4519 610 4589 γῆς
641 4536 701 4572 τε
735 4517 1020 4588 ἀκμάζων,
1051 4517 1144 4571 καὶ
1188 4520 1300 4580 τοῖς
1332 4517 1482 4580 ἰδίοις
1521 4515 1838 4580 ἀποστόλοις
1862 4518 1963 4586 ἐμ-

385 4610 818 4682 πολιτευόμενος.
850 4613 1058 4665 Αὐτίκα
1103 4613 1131 4664 ό
1158 4609 1418 4683 δηλωθεὶς
1445 4610 1578 4680 γόης
1613 4609 1803 4680 ὥσπερ
1859 4607 1964 4662 ὑπὸ

385 4700 532 4764 θείας
567 4703 660 4754 καὶ
709 4702 1008 4773 παραδόξου
1067 4701 1435 4774 μαρμαρυγῆς
1481 4700 1552 4754 τὰ
1597 4701 1693 4772 τῆς
1727 4700 1965 4764 διανοίας

384 4793 614 4865 πληγεὶς
671 4794 916 4864 ὀμματα,
950 4795 1038 4849 ὅτε
1102 4796 1368 4866 πρότερον
1398 4793 1492 4846 ἐπὶ
1540 4793 1641 4863 τῆς
1703 4791 1964 4855 Ἰουδαίας

385 4885 470 4954 ἐφ’
499 4881 579 4948 οἷς
605 4885 1006 4955 ἐπονηρεύσατο
1031 4886 1168 4957 πρὸς
1184 4885 1276 4938 τοῦ
1296 4883 1593 4938 ἀποστόλου
1608 4882 1814 4955 Πέτρου
1831 4901 1964 4936 κατ-

385 4975 665 5047 εφωρόιθη,
699 4975 961 5048 μεγίστην
994 4977 1090 5031 καὶ
1110 4977 1472 5048 ὑπερπόντιον
1493 4977 1711 5046 ἀπάρας
1735 4975 1961 5046 πορείαν

382 5069 480 5140 τὴν
509 5069 603 5121 ἀπ’
630 5066 922 5131 ἀνατολῶν,
952 5068 1045 5121 ἐπὶ
1068 5067 1278 5138 δυσμάς
1313 5065 1484 5137 ῷχετο
1515 5066 1754 5136 φεύγων,
1789 5066 1966 5136 μόνως

381 5159 558 5234 ταύτῃ
603 5157 795 5230 βιωτὸν
848 5158 998 5230 αὑτῷ
1049 5157 1192 5212 κατὰ
1236 5157 1460 5230 γνώμην
1507 5154 1647 5210 εἶναι
1694 5158 1958 5228 οἰόμενος.

455 5389 567 5458 (ί9)
599 5391 966 5458 Θρησκεύεινν
984 5389 1445 5461 ἐπιχειροῦντες.
1465 5391 1521 5445 1η
1557 5392 1731 5448 tribus
1762 5390 1962 5445 nostris

384 5462 838 5526 cndicihnsMaz.,
863 5461 1001 5516 Med.
1031 5475 1084 5514 et
1109 5464 1241 5516 Fuk.
1281 5463 1540 5528 scriptum
1576 5461 1754 5516 inveni
1783 5463 1962 5529 ἐγχει-

387 5530 651 5602 ροῦντεςε
681 5531 740 5584 Et
775 5533 951 5602 paulo
987 5543 1128 5600 post,
1183 5534 1271 5586 ubi
1328 5532 1523 5601 legitur
1570 5530 1796 5602 ἐμπλεω
1827 5547 1960 5602 τυγ-

385 5602 553 5669 χάνει,
621 5601 777 5654 iidem
836 5601 1052 5656 codices
1104 5601 1684 5671 scriptumdexhibent
1720 5601 1955 5671 ἔμπλεα.

375 5672 440 5738 ,Ιιι
502 5672 704 5738 optimo
770 5679 950 5724 tamen
1009 5669 1343 5742 exemplaria
1380 5669 1658 5725 Mazarin
1722 5669 1953 5742 adnota-

374 5751 493 5815 ;ttuu
563 5751 646 5793 est
712 5742 778 5795 ad
835 5742 988 5811 {latus
1045 5740 1257 5813 eadem
1313 5759 1478 5798 manu
1520 5744 1686 5815 :fp.
1735 5740 1958 5811 ἐπιχει-

371 5809 646 5889 ροῦίιτες.

614 5904 886 5966 Paeon.
923 5905 1042 5968 Gn.
1078 5907 1212 5970 XX.

2073 3328 2349 3382 hominum
2407 3329 2568 3384 saluti
2631 3329 3017 3385 infestissimus
3069 3330 3153 3384 his
3207 3333 3540 3400 temporibus
3593 3334 3647 3387 in

2071 3421 2302 3474 medium
2338 3422 2634 3490 produxit,
2667 3432 2726 3474 ut
2752 3422 2958 3492 t'uagnis
2987 3436 3042 3478 et
3072 3422 3482 3480 admirabilibus
3515 3426 3646 3479 Ser-

2069 3505 2275 3560 vatoris
2307 3507 2477 3561 nostri
2505 3509 2766 3576 apostolis
2790 3525 2886 3578 par
2912 3512 3262 3569 adversarius
3294 3511 3644 3568 consisteret.

2069 3591 2270 3648 Verum
2303 3595 2408 3666 52
2441 3597 2683 3654 cmleslis
2731 3600 2822 3655 Dei
2871 3603 3044 3671 gratia
3072 3618 3194 3667 quat
3226 3603 3492 3657 ministris
3534 3604 3646 3659 suis

2070 3697 2285 3753 semper
2330 3685 2535 3743 auxilio
2581 3695 2686 3753 est,
2737 3703 2834 3758 per
2883 3691 3196 3745 eorumdem
3248 3691 3538 3745 adventum
3580 3707 3646 3748 ac

2070 3775 2415 3841 praesentiam
2457 3776 2729 3832 flammam
2777 3780 2920 3835 illam
2969 3797 2998 3835 a
3059 3784 3301 3838 dtemone
3357 3797 3645 3838 accensam

2069 3867 2250 3921 subito
2284 3870 2558 3935 restinxit,
2614 3880 2670 3924 et
2723 3874 2988 3942 superbia;
3016 3873 3214 3929 fastum
3265 3892 3328 3931 ac
3374 3887 3644 3932 tumorem

2069 3962 2159 4028 qui
2190 3977 2249 4016 se
2279 3964 2542 4020 adversus
2574 3964 2669 4020 Dei
2704 3967 2955 4021 notitiam
3009 3968 3301 4034 extulerat,
3350 3969 3550 4039 dejecit
3579 3985 3645 4026 ac

2070 4053 2356 4124 depressit.
2394 4053 2660 4120 Quocirca
2709 4071 2809 4112 nec
2856 4057 3097 4113 Simonis
3136 4073 3235 4114 nec
3283 4059 3512 4115 aliorum
3550 4061 3645 4129 qui

2072 4153 2199 4199 tunc
2225 4146 2482 4215 temporis
2519 4149 2693 4203 exorti
2725 4157 2870 4214 sunt,
2900 4149 3248 4219 conspiratio,
3275 4152 3644 4220 apostolorum

2068 4245 2232 4292 atate
2288 4238 2580 4308 quidquam
2629 4240 2820 4296 valuit.
2888 4240 3091 4298 Omnes
3153 4244 3298 4297 enim
3363 4243 3645 4297 machinas

2069 4330 2415 4397 retundebat,
2446 4342 2748 4403 cunctaque
2779 4335 3070 4404 superabat
3091 4333 3346 4404 splendor
3374 4335 3641 4401 veritatis,

2061 4423 2325 4492 Verbique
2361 4424 2530 4491 ipsius
2561 4423 2728 4478 divini
2772 4426 3012 4494 potentia
3052 4427 3197 4495 quod
3261 4441 3430 4495 nuper
3463 4426 3644 4481 homi-

1995 4556 2039 4611 υ
2071 4513 2229 4568 nibus
2252 4513 2552 4576 affulserat,
2597 4523 2652 4569 et
2687 4524 2797 4570 tum
2852 4519 3089 4572 maxime
3122 4518 3175 4572 in
3215 4518 3375 4572 terris
3404 4518 3640 4588 vigebat,

2069 4615 2123 4661 et
2152 4607 2204 4661 in
2237 4623 2456 4662 suorum
2484 4609 2856 4677 apostolorum
2887 4611 3165 4665 mentibus
3190 4609 3482 4665 insidebat.
3515 4609 3644 4664 Sta-

2070 4699 2163 4751 tim
2198 4714 2329 4769 ergo
2375 4703 2741 4773 praestigiator
2777 4702 2867 4756 ille
2922 4717 3082 4771 quem
3129 4701 3383 4766 diximus,
3445 4700 3646 4761 divina;

2068 4787 2204 4844 lucis
2237 4792 2513 4860 insperato
2543 4795 2776 4864 quodam
2800 4793 3086 4864 splendore
3113 4794 3419 4862 perculsus,
3446 4793 3640 4850 simul-

2069 4892 2230 4952 atque
2283 4885 2338 4938 in
2377 4883 2558 4940 Judtca
2605 4903 2635 4941 a
2695 4886 2856 4941 Petro
2887 4885 3132 4956 apostolo
3192 4886 3473 4940 convictus
3535 4895 3643 4950 est,

2069 4974 2358 5043 omniaque
2381 4976 2498 5047 ejus
2527 4977 2795 5032 maleficia
2823 4979 3120 5047 patefacta,
3146 4975 3461 5046 longissime
3489 4987 3640 5032 trans

2069 5077 2218 5117 mare
2249 5065 2426 5136 fugam
2467 5067 2720 5136 arripuit,
2770 5069 2839 5123 ab
2892 5066 3122 5123 orientis
3165 5067 3405 5136 partibus
3449 5067 3515 5120 ad
3547 5083 3644 5122 oc-

2069 5171 2254 5210 casum
2290 5158 2598 5228 profectus;
2635 5173 2813 5232 neque
2856 5159 3020 5214 aliter
3051 5173 3110 5214 se
3141 5158 3314 5214 libere
3343 5169 3398 5214 et
3430 5173 3499 5215 ex
3531 5161 3644 5215 aui-

2137 5390 2251 5462 (50)
2289 5390 2444 5459 Vulg.
2465 5388 2607 5462 τοῖς
2652 5389 2859 5462 αὐτοῖς
2885 5386 3291 5462 συκαιρομένη
3315 5383 3638 5462 διακόνοις.

2066 5453 2243 5515 Ιιείθιί
2259 5453 2446 5516 codice
2464 5453 2606 5515 Medi.
2626 5463 2796 5515 edidit
2829 5453 2966 5515 Rob.
2987 5453 3318 5528 Stephanus.
3345 5453 3450 5507 Sed
3467 5453 3640 5528 longe

2067 5533 2268 5604 rectius
2299 5534 2349 5585 in
2377 5534 2566 5604 codice
2588 5532 2773 5604 R_egio,
2805 5531 3032 5604 Mazar_.,
3063 5523 3361 5604 Fukcttau‘o
3387 5532 3440 5604 et
3464 5523 3636 5604 ενοι.

2062 5602 2317 5674 scribitur
2359 5605 2472 5665 τοῖς
2501 5595 3089 5674 αὑτῆςίσυναιρομὲνη,
3138 5608 3247 5651 etc.
3293 5595 3636 5674 Quinetiam

2060 5672 2401 5740 Nicephorus
2429 5675 2569 5725 hanc
2598 5666 3257 5740 scriptura'm'eoulirmat.
3293 5666 3469 5720 llabet
3490 5666 3637 5716 cuitu

2055 5743 2168 5806 τοῖς
2195 5744 2408 5814 ἐκείνης
2431 5741 2716 5805 διακόνοις.

3282 5893 3322 5952 6
