4192 6496
481 374 585 428 1ἶῦ

1189 368 1459 425 EUSEBll
1499 369 1984 427 CESARIENSIS
2022 368 2176 427 OPP.
2217 368 2406 425 PARS
2444 368 2486 424 Ι.
2526 399 2596 412 -
2632 369 3027 427 HISTORICA.

3639 379 3743 433 176

478 506 546 546 eo
595 490 929 554 elaboratus,
952 504 1149 545 manes
1181 490 1588 548 ecclesiasticas
1636 492 1852 561 regulas
1874 508 1997 562 quis
2026 507 2043 544 ι

2127 488 2613 560 ,πεφυλαγμένους
2664 489 2764 561 τῆς
2828 488 3158 561 Ἐκκλησέας
3202 489 3448 562 περιέχει
3496 495 3745 559 κανόνας-

477 582 634 638 nobis
659 583 957 638 etiamnum
985 590 1287 647 servantur,
1318 582 1428 655 55
1468 584 1759 639 manifeste
1786 586 2050 639 continet.

478 673 547 728 Et
605 688 729 729 cum
772 672 1214 742 philosophorum
1269 685 1689 745 ascetarumque
1736 686 2051 731 nostrorum

475 767 645 820 vitam
676 764 950 832 describit,
983 766 1118 819 satis
1146 780 1418 836 superque
1446 768 1650 822 indicat
1671 782 1730 822 se
1754 782 1859 822 non
1890 768 2052 822 modo

472 861 698 922 vidisse,
731 860 826 915 sed
865 861 1028 915 etiam
1079 859 1432 914 vehementer
1465 859 1701 930 probare
1748 870 1807 914 et
1856 860 2046 914 mirari

474 951 801 1021 apostolicos
830 952 976 1005 viros
1003 950 1097 1020 qui
1124 964 1190 1005 ex
1232 950 1475 1005 Hebraeis
1497 990 1515 1016 ,
1549 960 1608 1005 ut
1633 950 1893 1006 credibile
1924 959 2046 1013 est,

472 1042 686 1098 oriundi
708 1082 724 1107 ,
750 1041 821 1097 ob
853 1057 974 1098 eam
1004 1058 1225 1097 causam
1249 1041 1504 1097 Judaicos
1537 1042 1675 1098 ritus
1704 1052 1866 1112 atque
1893 1042 2049 1096 insti-

473 1141 585 1188 tuta
623 1144 750 1188 tunc
782 1134 1043 1203 temporis
1077 1148 1268 1203 magna
1295 1148 1362 1187 ex
1396 1143 1551 1202 parte
1575 1135 1887 1189 servabant.
1927 1134 2047 1189 Pri-

469 1239 618 1280 mum
649 1225 817 1296 igitur
848 1226 900 1279 in
946 1239 1012 1279 eo
1051 1225 1192 1279 libro
1222 1238 1382 1294 quem
1414 1223 1489 1279 De
1511 1210 1618 1280 vita
1640 1223 2044 1293 contemplativa

469 1333 564 1372 seu
598 1315 674 1371 De
700 1316 1020 1386 supplicibus
1054 1317 1373 1385 inscripsit,
1405 1326 1687 1386 postquam
1717 1317 1850 1373 nihil
1887 1334 1915 1373 ε
1952 1333 2043 1373 ve-

468 1409 633 1462 ritate
662 1407 897 1463 alienum
934 1409 1232 1463 narrationi
1280 1424 1445 1479 quam
1490 1409 1813 1466 instituisset
1846 1411 1911 1465 de
1942 1424 2043 1465 suo

466 1512 529 1552 se
558 1507 892 1555 attexturum
922 1513 1045 1555 esse
1067 1500 1345 1569 professus
1361 1510 1461 1566 est,
1482 1502 1630 1556 viros
1655 1501 1870 1573 quidem
1894 1502 2041 1571 ipsos

467 1589 876 1660 Therapeutas,
922 1591 1154 1647 feminas
1200 1607 1331 1647 vero
1366 1593 1527 1648 simul
1573 1607 1698 1648 cum
1744 1592 1877 1662 ipsis
1913 1605 2039 1646 ver-

465 1694 653 1739 santes
681 1684 1105 1754 Therapeutrias
1154 1686 1231 1741 ait
1266 1686 1547 1757 appellari,
1610 1705 1939 1763 causamque
1965 1694 2041 1749 is-

467 1777 575 1829 tius
605 1774 983 1843 appellationis
1011 1774 1306 1848 subiungit,
1340 1794 1431 1834 seu
1467 1781 1609 1849 quod
1639 1790 1894 1851 tanquam
1927 1801 2038 1839 me-

2170 581 2330 634 ’Λλλὰ
2349 582 2442 635 καὶ
2466 582 2556 634 τὸν
2596 581 2709 652 βίον
2745 581 2852 635 τῶν
2876 581 3009 653 παρ’
3056 583 3189 651 ἡμῖν
3236 582 3493 653 ἀσκητῶν
3531 584 3645 653 (57)
3671 602 3749 649 ως

2159 671 2238 725 ἔνι
2266 672 2498 743 μάλιστα
2530 672 2900 744 ἀκριϐέστατα
2930 668 3180 742 ἱστορῶν,
3197 672 3393 741 γένοιτ’
3413 673 3480 726 ἂν
3499 675 3743 745 ἔκδηλος,

2151 764 2251 817 οὐκ
2278 763 2430 827 εἰδὼς
2465 763 2648 835 μόνον,
2674 764 2811 817 ἀλλὰ
2850 766 2943 818 καί
2966 763 3366 833 ἀποδεχόμενος
3394 803 3409 826 ,
3441 765 3743 830 ἐκθειάζων

2150 874 2209 910 τε
2223 858 2317 910 καὶ¹
2337 856 2617 927 σεμνύνων
2639 859 2764 919 τοὺς
2780 858 2899 910 κατ’
2921 857 3086 910 αὐτὸν
3107 856 3501 920 ἁποστολικοὺς
3521 858 3740 929 ἄνδρας,

2150 949 2209 1015 ἐξ
2225 949 2490 1021 Ἐϐραίων
2511 949 2585 1013 ὡς
2612 949 2754 1002 ἔοικε
2776 950 3091 1018 γεγονότας,
3109 949 3279 1020 ταύτῃ
3299 966 3358 1001 τε
3375 949 3739 1003 Ἰουδαῖκώτε-

2150 1056 2245 1112 ρον
2271 1038 2379 1092 τῶν
2414 1038 2660 1092 παλαιῶν
2684 1037 2764 1091 ἔτι
2785 1038 2854 1091 τὰ
2877 1037 3108 1091 πλεῖστα
3136 1037 3527 1108 διατηροῦντας
3576 1038 3735 1093 ἐθῶν.

2149 1131 2375 1201 Πρῶτον
2402 1131 2467 1199 γέ
2491 1148 2573 1184 τοι
2601 1131 2662 1183 τὸ
2685 1131 2849 1202 μηδὲν
2871 1130 3014 1202 πέρα
3035 1130 3138 1199 τῆς
3162 1130 3419 1202 ἀληθείας
3446 1129 3657 1183 οἴκοθέν
3675 1146 3735 1185 τι

2146 1224 2241 1276 καὶ
2273 1225 2331 1289 ἐξ
2379 1221 2573 1275 ἑαυτοῦ
2604 1222 2959 1294 προσθήσειν,
2999 1224 3060 1275 ὲν
3100 1216 3184 1287 οἷς
3240 1224 3545 1293 ἱστορήσειν
3575 1223 3735 1293 ἔμελ-

2145 1314 2236 1367 λεν
2258 1314 2369 1383 (58)
2404 1314 2933 1384 ἀπισχυρισάμενος,
2955 1316 3014 1368 ὲν
3050 1307 3096 1382 ᾧ
3124 1315 3405 1386 ἐπέγραψε
3421 1313 3566 1384 λόγῳ
3593 1314 3731 1379 Περὶ

2137 1407 2280 1472 ,βίου
2307 1405 2668 1470 Oet-trutina?)
2698 1404 2809 1474 (59)
2832 1406 2864 1476 ἢ
2888 1403 3119 1467 ἱκετῶν,
3143 1406 3489 1478 θεραπευτὰς
3529 1405 3728 1468 αὐτοὺς

2143 1496 2237 1551 καὶ
2273 1496 2371 1560 τὰς
2399 1500 2496 1551 σὺν
2534 1496 2720 1559 αὐτοῖς
2749 1499 3013 1563 γυναῖκας
3056 1496 3488 1569 θεραπευτρίδας
3516 1498 3728 1550 ἀποκα-

2141 1587 2349 1641 λεῖσθαί
2378 1604 2532 1659 φησι,
2557 1590 2657 1650 τὰς
2692 1588 2872 1651 αἰτίας
2912 1588 3158 1642 ἐπειπὼν
3183 1590 3283 1660 τῆς
3309 1590 3522 1643 τοιᾶσδε
3557 1606 3727 1659 προσ-

2144 1681 2373 1752 ρήσεως.
2424 1678 2543 1749 ἦτοι
2587 1677 2740 1749 παρὰ
2790 1677 2852 1731 τὸ
2893 1678 2991 1740 τὰς
3029 1679 3207 1749 ψυχὰς
3247 1680 3359 1733 τῶν
3391 1680 3727 1751 προσιόντων

2140 1771 2344 1832 αὐτοῖς.
2373 1767 2482 1822 τῶν
2514 1767 2622 1820 ἀπὸ
2648 1767 2847 1830 κακίας
2880 1766 3089 1830 παθῶν,
3135 1767 3337 1839 ἰατρῶν
3368 1769 3525 1838 δίκην
3549 1766 3727 1821 ἀπαλ-

463 1866 574 1922 ilici
603 1868 821 1937 quidam
846 1906 862 1933 ,
896 1868 1107 1923 animos
1143 1885 1335 1924 eorum
1372 1872 1466 1941 qui
1498 1872 1565 1927 ad
1602 1873 1749 1943 ipsos
1782 1889 2035 1931 accesse-

2138 1863 2429 1924 λάττοντας
2469 1860 2717 1914 ἀκεῖσθαι
2756 1861 2850 1913 καὶ
2894 1860 3240 1930 θεραπεύειν,
3279 1860 3313 1930 ἦ
3343 1860 3446 1928 τῆς
3490 1860 3617 1930 περὶ
3660 1858 3726 1913 τὸ

464 1971 634 2029 rant,
682 1960 892 2016 vitiosis
943 1959 1230 2019 aﬂ‘ectibus
1279 1962 1538 2022 liberatos
1587 1978 1889 2032 curarent,
1941 1983 2036 2024 seu

462 2051 607 2117 quod
641 2050 744 2119 ipsi
763 2050 1227 2108 divinum'Numen
1258 2064 1409 2110 caste
1435 2070 1500 2109 ac
1528 2055 1744 2113 sincere
1771 2056 2034 2114 colerent.

463 2145 635 2200 Porro
684 2151 864 2198 utrum
911 2145 1067 2203 Philo
1118 2148 1234 2218 ipse
1280 2149 1426 2204 hanc
1461 2149 1569 2204 illis
1615 2150 2035 2219 appellationem

462 2240 722 2296 indiderit
745 2280 762 2306 ,
789 2250 1133 2297 commentus
1163 2241 1489 2297 vocabulum
1532 2242 1675 2312 quod
1715 2258 1900 2298 eorum
1936 2244 2037 2299 ho-

463 2331 668 2387 minum
694 2333 937 2388 moribus
955 2333 1321 2404 institutisque
1346 2345 1671 2405 congrueret
1695 2352 1709 2401 ;
1748 2350 1816 2389 an
1846 2351 2033 2391 revera

533 2470 645 2544 (57)
677 2472 799 2528 Τῶν
819 2471 957 2541 παρ’
984 2472 1130 2542 ἡμῖν
1161 2471 1464 2540 ἀσκητῶν.
1492 2473 1772 2529 Musonius
1795 2483 1852 2529 et
1873 2474 2033 2529 Chri-

460 2544 857 2612 stophorsonus
884 2545 1170 2597 monachos
1197 2544 1280 2597 his
1309 2545 1490 2598 verbis
1513 2544 1810 2613 signiﬁcari
1837 2546 2032 2600 existi-

466 2623 721 2686 marunt;
766 2614 1016 2686 aquibus
1066 2628 1395 2686 magnopere
1435 2614 1717 2686 dissentio.
1760 2615 2031 2686 Ἀσκητάς

461 2683 606 2755 enim
632 2684 830 2751 priscis
851 2683 959 2737 illis
984 2683 1317 2755 temporibus
1356 2684 1623 2737 vocabant
1651 2699 1746 2740 eos
1771 2688 1862 2755 qui
1890 2683 2032 2740 inter

460 2751 802 2809 Christianos
824 2754 1071 2808 strictius
1092 2751 1361 2822 quoddam
1394 2769 1459 2808 ac
1493 2755 1684 2824 durius
1711 2751 1832 2810 vita:
1858 2770 2031 2824 genus

463 2826 880 2894 proﬁtebantur.
908 2823 1078 2889 Quam
1120 2838 1312 2878 vocem
1348 2840 1377 2878 a
1418 2823 1756 2893 philosophis
1797 2823 2029 2882 mutuati

458 2903 634 2957 erant,
657 2894 748 2962 qui
776 2895 1221 2965 exercitationem
1246 2894 1463 2965 virtutis
1499 2905 1661 2965 atque
1689 2897 2029 2951 abstinentia:

457 2964 689 3035 ἄσκησιν
714 2964 1004 3019 vocabant.
1048 2964 1143 3018 Est
1186 2964 1328 3035 apud
1376 2965 1678 3035 iArrianuin
1728 2966 1783 3035 in
1835 2966 1929 3019 lib.
1963 2982 2026 3021 ιιι

460 3032 925 3097 Dissertationum,
952 3044 1115 3106 caput
1158 3034 1300 3102 Περὶ
1353 3032 1697 3106 ρσκήσεως.
1746 3034 1840 3091 Sic
1883 3038 2027 3106 apud

455 3106 862 3160 Artemidorum
890 3106 943 3158 iu
979 3104 1072 3158 lib.
1101 3119 1175 3170 iv,
1202 3120 1318 3173 cap.
1351 3105 1446 3171 55,
1472 3105 1779 3175 ᾼΙσιιιειιιὰει·
1805 3104 2025 3175 quidam

456 3175 1133 3263 ahi|9_9tzvbts.’é,wt€
1162 3184 1410 3263 ιειεῑιιιιτς
1434 3174 1541 3263 Et.
1570 3174 1725 3263 Phil?
1750 3178 1801 3263 it!
1822 3174 1969 3263 “'1”!
2005 3194 2023 3233 =
2051 3204 2094 3263 c

460 3243 738 3299 Excitatus
761 3253 836 3299 est
864 3243 1014 3311 Noe,
1033 3243 1153 3315 pag.
1174 3244 1308 3308 280,
1336 3246 1585 3316 ὰσκητήν
1615 3247 1831 3314 pietatis
1864 3261 2025 3301 excr-

456 3316 602 3371 citiis
626 3317 869 3369 deditum
896 3327 1075 3369 vocat.
1115 3318 1281 3369 llecte
1313 3317 1479 3385 igitur
1502 3316 1731 3371 Ruﬁnus
1757 3318 1871 3371 hazc
1912 3316 2024 3371 Eu-

455 3387 589 3441 sebii
626 3387 816 3450 verba,
846 3394 953 3438 tam
984 3388 1050 3440 de
1073 3385 1290 3439 clericis
1321 3402 1482 3453 quam
1522 3386 1591 3441 de
1622 3389 1903 3441 monachis
1938 3389 2021 3441 in-

457 3465 788 3525 terpretatus
809 3466 893 3509 est
930 3472 945 3508 :
980 3455 1085 3510 Sed
1122 3466 1171 3509 et
1213 3456 1588 3509 abstinentiam
1647 3460 1800 3520 vitas,
1839 3473 2021 3512 eorum

451 3527 738 3589 duntaxat,
760 3528 999 3597 quinum:
1014 3528 1068 3579 in
1098 3525 1328 3597 ecclesiis
1350 3529 1424 3579 vel
1452 3528 1780 3581 monasteriis
1803 3529 2021 3597 degant,

454 3596 699 3649 describit
724 3598 791 3649 ad
820 3595 1097 3664 iiquidum.
1141 3596 1266 3650 Haec
1300 3597 1343 3651 si
1377 3595 2023 3652 aniuiadvertisset‘Sca-

454 3667 613 3734 liger,
639 3682 745 3719 non
782 3674 890 3718 tam
918 3667 1082 3720 facile
1099 3667 1543 3735 reprehendisset
1564 3666 1881 3724 Eusebium.
1913 3667 2022 3723 Ne-

452 3753 559 3805 que
588 3738 734 3791 enim
790 3736 1052 3790 Eusebius
1099 3735 1396 3790 monachos
1437 3753 1467 3790 a
1510 3735 1691 3805 Marco
1735 3738 2020 3795 institutos

452 3804 574 3860 esse
600 3807 733 3861 dicit
754 3807 1116 3872 Alexandria,
1131 3809 1222 3861 sed
1249 3817 1480 3861 ascetas.
1506 3804 1767 3862 lliautem
1790 3809 2017 3862 multum

452 3877 654 3931 distant
680 3892 708 3929 a
757 3877 1060 3940 monachis,
1098 3884 1152 3930 ut
1211 3890 1383 3946 genus
1429 3877 1596 3930 distat
1639 3891 1670 3928 a
1703 3879 1903 3945 specie.
1952 3878 2021 3932 Et

453 3959 648 3999 asccta:
671 3948 888 4016 quidem
917 3946 972 3999 iii
1002 3946 1241 4000 Ecclesia
1270 3946 1503 4017 luerunt
1542 3960 1791 4017 semper;
1836 3963 2021 4002 mona-

451 4018 674 4069 chorum
703 4031 830 4072 vero
853 4031 1049 4071 nomen
1074 4027 1127 4069 et
1154 4016 1458 4070 institutum
1485 4018 1661 4070 serius
1680 4018 1863 4084 cmpit.
1893 4018 2020 4071 Seio

450 4084 771 4141 Cassianum
800 4087 854 4141 in
888 4088 985 4142 lib.
1018 4100 1057 4139 ιι
1098 4086 1519 4147 institutionum.
1559 4088 1738 4155 capite
1764 4089 1819 4149 5,
1849 4085 2021 4141 Sozo-

451 4172 667 4209 nienuiu
694 4167 749 4211 et
790 4158 942 4220 alios.
977 4159 1120 4210 hunc
1165 4157 1379 4209 Eusebii
1413 4157 1587 4208 locum
1625 4158 1692 4210 de
1731 4157 2019 4213 monachis

449 4229 743 4296 accepisse.
780 4227 975 4280 Verum
1004 4227 1059 4279 hi
1087 4228 1152 4281 ab
1183 4225 1399 4280 Eusebii
1429 4238 1628 4290 mente,
1657 4240 1775 4281 meo
1798 4226 2018 4296 quidem

441 4295 671 4368 judicio,
692 4299 832 4368 flung
858 4301 1212 4368 aberrarunt.

519 4366 630 4439 (58)
658 4360 829 4438 Vulg:
850 4366 1225 4439 προσθῄσειν
1246 4360 1337 4431 οἷς
1371 4364 1720 4439 ἱστορήσειν
1739 4367 2015 4439 ἔμελλεν.

445 4435 522 4493 Ita
543 4435 757 4507 quidem
773 4435 839 4493 ex
854 4439 1041 4492 codice
1054 4436 1222 4507 Regio
1234 4438 1401 4491 edidit
1422 4437 1556 4507 Bob.
1576 4435 2018 4507 Stephanus“:-

446 4506 571 4563 rum
596 4509 647 4561 in
674 4509 847 4563 tribus
876 4510 1075 4563 nostris
1105 4506 1382 4562 codicibus
1414 4506 1575 4573 Mam,
1607 4508 1740 4561 Med.
1768 4517 1823 4561 et
1870 4506 2006 4561 Fuit.

2128 1955 2283 2007 Θείον
2303 1951 2549 2021 καθαρᾶς
2582 1950 2676 2004 καὶ
2705 1949 3032 2021 εἰλικρινοῦς
3060 1950 3356 2020 θεραπείας
3391 1967 3450 2003 τε
3481 1952 3574 2003 καὶ
3592 1950 3727 2022 Opi)-

2141 2043 2327 2106 σκεξας
2355 2042 2537 2096 ἕνεκα.
2579 2042 2690 2094 Εἶτ’
2710 2037 2801 2094 οὖν
2830 2039 2889 2105 ἐξ
2917 2041 3112 2095 ἑαυτοῦ
3139 2042 3345 2110 ταύτην
3376 2043 3557 2105 αὐτοῖς
3597 2044 3721 2096 tm.-

2144 2135 2385 2190 τέθειται
2430 2136 2530 2205 τὴν
2568 2136 2963 2206 προσηγορίαν,
3005 2136 3222 2198 οἰκείως
3276 2137 3588 2208 ἐπιγράψας
3642 2136 3724 2207 τῷ

2133 2229 2319 2300 τρόπῳ
2344 2227 2454 2280 τῶν
2484 2227 2693 2298 ἀνδρῶν
2719 2227 2977 2297 τοῦνομα,
3003 2228 3113 2281 εἴτε
3143 2230 3237 2282 καὶ
3255 2228 3423 2291 ὅντως
3452 2228 3595 2282 τοῦτ’
3624 2230 3725 2282 αὑ-

2133 2322 2258 2384 τοὺς
2292 2320 2521 2373 ἐκάλουν
2573 2320 2856 2392 καταρχὰς
2906 2322 2956 2373 οι
3006 2320 3250 2391 πρῶτοι,
3302 2320 3570 2392 μηδαμῶς
3620 2321 3722 2392 τῆς

2132 2479 2375 2543 mutos
2412 2487 2575 2547 negat
2617 2478 2960 2533 Christianos
3008 2495 3244 2548 unquam
3313 2478 3498 2535 fuisse.
3549 2480 3720 2548 quuo

2132 2550 2296 2614 paulo
2340 2559 2460 2617 post
2511 2549 2758 2618 pluribus
2803 2551 3142 2617 argumentis
3189 2550 3711 2605 demonstrabimus.

2134 2621 2239 2673 Sed
2270 2616 2409 2690 quod
2436 2616 2574 2672 idem
2625 2616 3049 2690 Scaliger’dicit,
3087 2620 3208 2674 illos
3260 2620 3502 2674 Philonis
3550 2619 3715 2690 θερα-

2133 2690 2348 2760 πευτάς,
2368 2689 2603 2743 Essenos
2630 2689 2819 2751 fuisse,
2838 2690 2901 2760 id
2943 2689 3072 2742 mihi
3099 2692 3427 2758 persuadere
3453 2706 3558 2743 non
3590 2689 3717 2760 pos-

2130 2775 2271 2813 sum.
2310 2759 2443 2812 Nam
2471 2761 2705 2828 primum
2756 2759 2976 2827 quidem
3024 2760 3182 2815 Philo
3225 2762 3279 2815 in
3339 2769 3450 2815 toto
3499 2759 3602 2814 illo,
3643 2762 3713 2814 Ii-

2131 2831 2230 2883 bro
2252 2828 2329 2882 De
2359 2830 2462 2881 vita
2495 2829 2930 2894 contemplativa,
2978 2845 3245 2897 nusquam
3301 2830 3424 2884 illos
3476 2830 3712 2886 Essenos

2129 2898 2536 2973 noniiiiat._lmo
2586 2900 2766 2951 statim
2804 2902 2856 2973 iii
2893 2900 3026 2973 ipso
3079 2900 3202 2954 libri
3254 2902 3511 2973 exordio,
3543 2899 3711 2973 θερα-

2128 2968 2334 3030 πευτάς
2365 2969 2441 3039 ait
2465 2979 2805 3039 nuncupatos
2831 2968 3019 3039 fuisse,
3063 2980 3118 3024 et
3171 2971 3431 3025 mulieres
3463 2968 3710 3039 ejusdem

2128 3039 2360 3110 instituti
2401 3037 2866 3110 Ospamwpioac:
2893 3038 3099 3094 Deinde
3154 3039 3344 3095 Esseui
3390 3037 3609 3110 quidem
3652 3043 3707 3096 in

2127 3109 2312 3164 Judzea
2347 3108 2557 3163 tantum
2584 3108 2739 3163 erant
2758 3125 2822 3161 ac
2845 3108 3156 3175 Palwstina,
3182 3120 3243 3164 ut
3275 3108 3477 3165 diserte
3518 3112 3712 3167 scribit

2128 3179 2306 3247 Philo,
2345 3190 2455 3233 tum
2488 3180 2540 3232 in
2602 3179 2738 3232 libro
2770 3178 2923 3243 Quod
2964 3181 3135 3233 omnis
3179 3182 3374 3248 probus
3423 3183 3489 3234 sit
3538 3182 3709 3246 liber;

2129 3259 2240 3303 tuin
2272 3252 2323 3303 in
2352 3249 2608 3317 Apologia
2655 3266 2748 3313 pro
2785 3249 3011 3312 luditis,
3036 3265 3200 3317 quam
3254 3251 3387 3304 citat
3442 3251 3709 3306 Eusebius

2127 3324 2182 3373 in
2208 3319 2344 3375 libro
2376 3335 2468 3373 νιιι
2500 3320 2575 3372 De
2605 3320 3013 3387 prteparatione.
3041 3319 3401 3387 Therapeutre
3450 3338 3578 3375 vero
3609 3338 3706 3387 per

2123 3405 2337 3446 Omnem
2370 3388 2635 3442 Grzeciam
2682 3404 2747 3442 ac
2785 3386 3098 3443 Barbariam
3151 3390 3330 3443 dill'usi
3378 3402 3555 3444 erant.
3595 3386 3703 3446 Sed

2125 3462 2401 3530 praecipue
2425 3459 2478 3512 iii
2507 3458 2742 3530 Ajlgyptu
2762 3460 2917 3530 circa
2967 3458 3260 3514 liareotem
3294 3461 3586 3530 degebant,
3644 3471 3702 3517 tit

2125 3529 2898 3600 aitPhilo,qui_M.ireoticain
2950 3542 3137 3583 eorum
3171 3529 3403 3599 patrioin
3439 3541 3495 3584 et
3542 3532 3699 3600 quasi

2125 3599 2468 3668 metropolim
2514 3598 2686 3652 fuisse
2738 3606 3007 3662 testatur,
3064 3598 3184 3668 quo
3218 3598 3700 3668 praestantissimus

2121 3670 2352 3739 quisque
2379 3668 2842 3740 Therapeutaruin
2864 3670 3278 3740 commigrabai.
3317 3668 3562 3740 Denique
3603 3669 3698 3726 Jo-

2121 3737 2346 3808 sephus,
2400 3737 2851 3808 diiigentissimus
2890 3737 3105 3808 alioqui
3161 3741 3420 3807 scriptor,
3462 3737 3585 3794 cum
3631 3741 3699 3797 de

2122 3807 2445 3863 ESsenorum
2480 3807 2628 3862 secta
2654 3808 2863 3876 duobus
2888 3807 2942 3860 in
2974 3808 3110 3862 locis
3136 3809 3485 3876 ex,prol’esso
3520 3812 3698 3864 disse-

2121 3881 2313 3939 ruerit,
2344 3889 2525 3931 tamen
2548 3879 2613 3948 de
2643 3877 2747 3930 illis
2760 3875 3112 3948 θωρητικοίς
3131 3875 3350 3934 Essenis
3375 3895 3443 3933 ne
3470 3882 3696 3936 verbum

2121 3950 2340 4016 quidem
2378 3950 2538 4001 dixit.
2561 3946 2713 4000 Mitto
2737 3946 2881 4015 quod
2917 3946 3274 4016 'l‘herapeutis
3299 3951 3403 4003 illis
3433 3951 3601 4003 multa
3620 3960 3700 4005 at-

2123 4018 2316 4087 tribuit
2340 4017 2513 4078 Philo,
2546 4031 2668 4086 qua:
2699 4017 2768 4071 ab
2808 4018 3137 4072 Essenoruiii
3174 4031 3325 4073 secta
3379 4019 3539 4087 longe
3601 4022 3698 4074 ab-

2121 4086 2367 4140 horrent.
2393 4087 2707 4154 Ciijusniodi
2746 4086 2876 4141 illud
2909 4098 2992 4141 est
3042 4090 3185 4157 quod
3240 4090 3305 4143 de
3368 4086 3692 4145 mulieribus

2119 4157 2505 4223 therapeuticis
2535 4158 2665 4209 dicit
2691 4196 2707 4219 ,
2760 4172 2883 4211 cuiu
2911 4167 3090 4212 tamen
3116 4157 3268 4213 Philo
3298 4159 3500 4214 diserte
3534 4170 3697 4214 teste-

2122 4235 2209 4278 tur
2238 4226 2827 4299 Esseuosmuligbrem
2867 4243 3057 4281 sexum
3088 4230 3357 4283 aversari.
3402 4228 3519 4284 Jaui
3562 4230 3693 4299 illud

2117 4298 2259 4364 quod
2286 4298 2363 4349 ait
2405 4295 2581 4360 Philo,
2648 4294 3017 4367 Therapeutas
3070 4299 3454 4367 patrimonium
3526 4294 3689 4353 suum

2117 4368 2435 4437 propinquis
2475 4375 2528 4420 et
2561 4366 2751 4420 amicis
2811 4379 3006 4435 sponte
3057 4366 3387 4437 relinquere,
3447 4383 3515 4437 an
3581 4384 3691 4423 non

2120 4436 2405 4507 iiiaiiileste
2437 4446 2638 4505 pugnat
2673 4451 2794 4490 cum
2821 4452 2888 4491 eo
2921 4438 3066 4507 quod
3108 4435 3382 4505 Josephus
3435 4435 3690 4501 aﬂirmat,

2118 4503 2351 4560 Essenos
2374 4503 2583 4562 scilicet
2617 4507 2750 4560 nihil
2786 4503 3101 4576 propinquis
3149 4503 3261 4561 suis
3315 4510 3542 4573 donare,
3595 4510 3690 4563 sed

446 4579 609 4633 aliter
634 4579 893 4633 scribitur
933 4580 1020 4645 hic
1058 4580 1228 4643 locus,
1256 4577 1467 4630 οἴκοθέν
1485 4571 1679 4631 τεκαὶ
1708 4576 1769 4641 ἐξ
1812 4578 2006 4632 ἑαυτοῦ
2041 4620 2043 4625 ι

2127 4582 2296 4629 omnia
2328 4578 2379 4629 iii
2427 4590 2715 4631 commune
2740 4571 3019 4631 coiilerrel
3075 4576 3288 4632 Felellit
3346 4571 3687 4645 Scaligeruin

443 4649 793 4722 προσθήσειν,
819 4651 876 4702 ὲν
903 4643 985 4712 οἷς
1030 4649 1336 4719 ἱστορήσειν
1384 4648 1628 4722 ἔμελλεν
1653 4648 2012 4721 ἀπισχυρισά-

449 4720 793 4791 μενοςζριιαξ
821 4722 1037 4791 quidem
1072 4722 1237 4773 lectio
1266 4720 1466 4791 rectior
1502 4721 1637 4791 mihi
1665 4722 1901 4791 videtur.

515 4791 628 4863 (59)
644 4789 798 4863 Περὶ
816 4787 963 4863 βίον
990 4787 1379 4863 θεωρητικοῦᾷ
1398 4789 1598 4863 ΔΕιιεῑει
1629 4789 1893 4863 hodieque
1921 4788 2009 4845 hic

443 4858 686 4916 Philonis
715 4858 851 4915 liWer
880 4862 931 4913 in
957 4873 1068 4928 quo
1096 4860 1317 4914 disserit
1347 4858 1504 4913 Philo
1532 4863 1598 4915 de
1628 4860 1733 4914 vita
1753 4874 2009 4927 quorum-

445 4934 568 4985 dam
604 4929 1065 5001 philosophoiuiu,
1126 4931 1241 4998 qui,
1289 4930 1493 4984 relictis
1531 4930 1844 5001 civitatibus
1875 4968 1890 4994 ,
1950 4930 2005 4984 in

440 5016 574 5070 agro
599 5000 654 5055 et
679 5002 967 5055 solitudine
998 5002 1274 5070 degentes,
1312 5000 1645 5070 orationibus
1678 5009 1735 5054 et
1762 5010 2008 5070 contem-

440 5068 970 5141 plationivacabant,
1029 5084 1168 5138 quos
1228 5068 1568 5141 θεραπευτάς
1613 5071 1787 5141 dictos
1841 5068 2007 5123 fuisse

441 5137 537 5203 ait,
572 5150 630 5211 et
658 5141 911 5195 mulieres
938 5137 1355 5211 θεραπευτρίας.
1387 5137 1503 5211 ilus
1536 5140 1800 5195 Eusebius
1822 5152 2007 5211 noster

440 5213 556 5264 vult
581 5210 749 5265 fuisse
773 5208 1132 5279 Christianos,
1157 5208 1246 5279 qui
1286 5225 1353 5263 ex
1383 5208 1625 5265 Hebreis
1656 5211 1902 5264 conversi
1937 5210 2005 5263 ab

439 5282 773 5350 evangelista
815 5278 1022 5344 Marco,
1073 5278 1401 5334 strictiorem
1454 5281 1740 5348 quamdam
1790 5280 2003 5350 vivendi

439 5349 780 5421 disciplinam
817 5350 1318 5419 luerautamplesi.
1346 5353 1417 5421 A_t
1454 5351 1696 5420 Scaliger
1720 5352 1770 5404 iii
1799 5349 1910 5421 lib._
1949 5364 2002 5404 v1

437 5420 517 5474 De
563 5419 926 5474 emendatione
986 5429 1274 5485 temporum
1306 5459 1321 5484 ,
1369 5419 1622 5476 Essenos,
1664 5421 1784 5475 illos
1839 5419 2005 5474 luisse

439 5491 720 5544 contendit
751 5508 765 5543 :
797 5502 847 5545 et
871 5492 1161 5560 Eusebium
1205 5492 1449 5559 graviter
1476 5492 1852 5560 reprehendit,
1908 5492 2002 5557 qui

435 5560 777 5614 Christianos
852 5562 973 5615 illos
1017 5558 1185 5613 fuisse
1214 5558 1223 5559 ί
1257 5558 1625 5615 aliirinavei'it.
1684 5560 1801 5614 Duo
1857 5575 2002 5615 enim

435 5646 634 5698 genera
668 5632 997 5685 Essenoruin
1029 5632 1195 5682 luisse
1223 5631 1417 5684 scribit
1450 5632 1727 5701 Scaliger;
1778 5643 1833 5686 et
1870 5631 2004 5683 alios

434 5702 651 5768 quidem
686 5703 852 5772 luisse
878 5701 1235 5772 πρακτικούς,
1264 5704 1328 5753 de
1358 5702 1555 5772 quibus
1582 5704 1634 5754 in
1665 5703 1843 5769 priore
1869 5702 2003 5753 libro

433 5773 654 5824 disserit
680 5771 866 5836 Philo;
899 5769 1032 5823 alios
1066 5769 1453 5840 θεωρητικούς.
1482 5771 1595 5841 Ego
1625 5787 1753 5841 vero
1806 5773 1858 5823 iu
1903 5773 2004 5823 hoc

433 5842 648 5909 quidem
678 5841 907 5896 libenter
935 5851 1201 5896 assentior
1227 5842 1530 5912 bcahgero,
1555 5841 1701 5912 quod
1733 5840 2002 5913 θεραπευ-

2115 4645 2360 4702 l’hilouis
2384 4647 2553 4708 locus,
2584 4649 2675 4715 qui
2705 4646 2901 4698 librum
2931 4661 3088 4699 suum
3120 4646 3192 4699 De
3221 4649 3324 4700 cita
3361 4649 3688 4713 contempla-

2111 4716 2216 4768 tiva
2250 4718 2329 4771 sic
2354 4719 2636 4789 exorditur
2667 4736 2678 4770 :
2725 4715 2991 4789 ‘Eacaioiv
3017 4717 3145 4789 πέρι
3176 4715 3479 4789 διαλεχθεὶς
3521 4716 3570 4769 οι
3598 4718 3690 4771 τὸν

2112 4786 2416 4856 πρακτικὸν
2450 4785 2729 4857 ἐζήλωσαν
2776 4787 2870 4857 καὶ
2903 4785 3229 4856 διεπόνὴσαν
3261 4785 3397 4857 βίον,
3448 4789 3506 4857 ὲν
3546 4788 3689 4841 ἃπα-

2111 4873 2219 4929 σιν,
2245 4858 2280 4929 ἢ
2306 4858 2369 4929 το
2412 4856 2540 4925 γοῦν
2564 4856 2993 4929 εὐφορητᾴτερον
3028 4858 3204 4929 simia
3226 4927 3234 4929 Α
3255 4856 3368 4922 τοῖς
3416 4856 3689 4929 πλείστοις

2107 4927 2304 5050 gem;
2340 4927 2729 4995 διενεγκόντες,
2753 4927 2955 5011 absim
2989 4927 3084 4980 καὶ
3109 4927 3261 5015 περὶ.
3294 4930 3404 4980 τῶν
3450 4928 3687 4998 θεωρίαν

2148 4998 2511 5050 σπασαμένων
2537 4995 2694 5050 λέξω.
2730 4997 2947 5050 δοιιιςθι
2979 4997 3224 5050 Scaliger
3262 4997 3532 5050 Εσσαιων.
3558 5001 3687 5050 sub-

2148 4995 2511 5069 σπασαμένων
2537 4995 2694 5061 λέξω.
2730 4997 2947 5069 Scilicet
2979 4995 3224 5067 Scaliger
3248 4997 3532 5059 Ἐσσαιων,
3558 4995 3689 5052 sub-

2107 5070 2281 5121 audiri
2310 5067 2665 5122 existimavit.
2720 5067 2826 5121 Sed
2870 5068 3004 5122 nihil
3040 5082 3263 5123 necesse
3307 5079 3409 5123 est.
3466 5069 3557 5130 At,
3601 5068 3683 5120 in-

2107 5140 2283 5208 quies,
2306 5139 2526 5207 quinam
2561 5137 2728 5206 igitur
2755 5135 2990 5208 fuerunt
3021 5136 3372 5208 Therapeutaa
3398 5137 3421 5191 τ
3448 5135 3686 5208 iudaicae

2106 5206 2335 5277 quidem
2366 5208 2643 5277 religionis
2680 5207 2917 5277 cultores
2942 5207 3063 5263 illos
3090 5206 3261 5263 fuisse
3287 5222 3394 5263 non
3425 5206 3679 5274 diditcor,

2108 5275 2345 5333 maxime
2380 5275 2502 5332 cum
2526 5275 2682 5331 Philo
2711 5276 2846 5331 nihil
2886 5290 3083 5347 praeter
3107 5278 3280 5347 legem
3335 5291 3400 5331 ac
3450 5280 3686 5346 prophe-

2110 5357 2212 5412 tas,
2252 5364 2348 5404 eos
2391 5347 2668 5401 lectitasse
2732 5349 2896 5404 dicat.
2954 5349 3064 5403 Sed
3119 5348 3350 5402 Essenos
3404 5347 3525 5401 illos
3575 5363 3684 5402 non

2108 5419 2300 5482 fuisse,
2336 5434 2399 5472 ex
2432 5418 2500 5470 iis
2529 5430 2648 5485 qua:
2672 5417 2782 5471 dixi
2808 5419 2964 5483 satis,
2994 5430 3051 5471 ut
3077 5420 3292 5486 opinor,
3318 5419 3503 5486 liquet.
3538 5418 3682 5471 Idem

2107 5490 2394 5541 nobiscum
2428 5498 2595 5541 sentit
2639 5487 2863 5542 Photius
2892 5491 2943 5540 in
2994 5487 3327 5541 Bibtiotliem
3368 5503 3486 5554 cap.
3529 5488 3631 5541 103
3665 5500 3681 5540 :

2119 5554 2651 5630 ’Avsyvdiaonaavﬂé
2704 5558 2838 5630 τῶν,
2865 5559 3017 5630 παρὰ
3070 5558 3342 5630 Ἰουδαίοις
3392 5557 3686 5627 φιλοσοφη-

2106 5630 2314 5700 σάντων
2340 5625 2523 5700 τήντε
2550 5625 2890 5700 θεωρητικὴν
2926 5625 3020 5681 καὶ
3042 5628 3141 5699 τὴν
3187 5630 3496 5699 πρακτικὴν
3534 5625 3686 5700 qund-

2104 5698 2297 5821 tiro-sim!
2328 5693 2432 5768 βίοι
2455 5715 2466 5726 ·
2489 5693 2563 5755 ὧν
2591 5699 2639 5752 oi
2661 5693 2775 5771 ’μὲν
2838 5693 3110 5769 Ἐσσηνοὶ,
3160 5700 3212 5751 οἱ
3234 5693 3307 5752 ’δὲ
3336 5693 3683 5769 Θεραπευταὶ

2135 5785 2203 5821 κα
2236 5786 2412 5821 ουντο.

2135 5785 2412 5824 καλουντο.
