4192 6402
458 419 557 473 177

1484 411 1835 467 Ηιδτοιιιλε
1874 409 2448 469 ΕεοιΕειΑδΤιωΕ
2488 410 2620 467 LIB.
2661 409 2725 464 ll.

3607 409 3707 462 l78

456 532 794 606 Χριστιανῶν
829 549 914 587 πω
938 530 1298 604 προσρήσεως
1325 528 1429 583 ἀνὰ
1458 528 1636 584 πάντα
1655 529 1816 584 τόπον
1845 531 2019 583 ἐπιπε·

2138 532 2207 584 ab
2242 530 2397 584 initio
2433 531 2504 584 ita
2546 529 2721 583 vocati
2759 526 2910 591 sint,
2947 541 3068 582 cum
3116 525 3553 582 Christianorum
3609 537 3709 578 uo-

456 627 807 698 φημισμένης
841 625 979 695 (60),
1033 627 1146 681 οὔτι.
1182 640 1270 676 πω
1310 621 1671 676 διατείνεσθαι
1711 623 2029 691 ἀναγκαῖον.

458 718 648 790 Ὅμως
683 719 730 772 δ’
750 714 844 772 οὖν
884 720 943 770 ὲν
987 714 1225 789 πρώτοις
1272 713 1369 785 τὴν
1421 714 1682 782 ἀπόταξιν
1715 716 1894 780 αὐτοῖς
1934 715 2030 786 τῆς

454 809 640 873 οὐσίας
689 811 981 881 μαρτυρεῖ,
1023 809 1246 877 φάσκων
1295 807 1636 878 ἀρχομένους
1684 808 2029 878 φιλοσοφεῖν,

454 897 768 962 ξξίστασθαι
789 900 903 962 τοῖς
921 897 1253 969 προσήκουσι
1271 896 1378 949 τῶν
1411 896 1763 967 ὑπαρχόντων
1782 932 1793 949 .
1843 894 2032 950 ἔπειτα

456 986 660 1078 ⁸ιιεάσαις
688 986 1131 1057 ἀποταξαμένους
1168 989 1288 1049 ταῖς
1317 986 1411 1039 τοῦ
1454 986 1569 1056 βίου
1597 984 1894 1057 φροντίσιν,
1926 985 2032 1051 ἔξω

455 1078 650 1149 τειχῶν
681 1080 1058 1152 προελθόντας,
1105 1080 1161 1131 ὲν
1208 1080 1523 1152 μοναγρίοις
1563 1081 1655 1134 καὶ
1687 1080 1881 1149 κήποις
1932 1078 2032 1143 τὰς

456 1168 735 1241 διατριϐὰς
769 1170 1058 1234 ποιεῖσθαι,
1080 1167 1179 1232 τὰς
1207 1170 1270 1221 ὲκ
1292 1167 1400 1221 τῶν
1432 1168 1701 1240 ἀνομοίων
1727 1167 2029 1241 ἐπιμιξίας,

456 1259 788 1324 ἀλυσιτελεῑς
808 1261 903 1313 καὶ
931 1259 1198 1331 βλαϐερὰς
1226 1255 1285 1313 εὖ
1323 1260 1684 1324 εἰδόταςοτῶν
1707 1261 1825 1314 κατ’
1853 1263 2032 1314 έκεῖνο

455 1351 646 1422 καιροῦ
679 1351 822 1405 τοῦθ’
845 1352 920 1415 ὡς
950 1353 1094 1416 είκὸς
1122 1352 1511 1407 ἐπιτελούντων
1544 1353 1767 1422 ἐκθύμῳ
1794 1352 1887 1406 καὶ
1915 1352 2031 1425 θερ-

454 1442 658 1513 μοτάτῃ
690 1444 891 1507 πίστει,
936 1443 1044 1497 τῶν
1071 1444 1162 1498 τὸν
1191 1444 1525 1517 προφητικὸν
1566 1443 1761 1515 ζηλοῦν
1798 1444 2029 1499 ἀσκούν-

448 1551 556 1586 των
580 1532 712 1603 βίον.
760 1534 1062 1606 Τοιγαροῦν
1117 1533 1223 1590 κάν
1264 1537 1385 1599 ταῖς
1423 1534 1883 1606 ὁμολογουμέναις
1921 1535 2031 1590 τῶν

445 1625 756 1680 ἀποστόλων
787 1625 1059 1697 Πράξεσιν
1083 1626 1398 1698 ἐμφέρεται,
1428 1628 1510 1681 ὄτι
1535 1626 1598 1697 δὴ
1626 1628 1823 1692 πάντες
1845 1629 1893 1680 οἱ
1919 1627 2031 1681 τῶν

447 1716 759 1770 ἀποστόλων
786 1716 1082 1788 γνώριμοι,
1120 1715 1189 1769 τὰ
1229 1717 1480 1788 κτήματα
1510 1717 1606 1770 καὶ
1644 1716 1741 1781 τὰς
1768 1716 2029 1788 ὑπάρξεις

445 1808 960 1880 διαπιπράσκοντες,
990 1808 1244 1880 ἐμέριζον
1271 1808 1444 1863 ἅπασι
1476 1807 1597 1862 καθ’
1612 1809 1641 1862 δ
1658 1809 1722 1862 ἄν
1742 1827 1825 1874 τις
1841 1808 2029 1882 χρείαν

2134 639 2261 679 men
2307 624 2545 678 nondum
2579 623 2780 692 ubique
2812 619 3063 676 diﬂ’usum
3112 635 3175 675 ac
3212 619 3586 690 pervulgatum
3612 633 3706 673 es-

2133 723 2251 779 set,
2281 713 2429 768 nihil
2448 728 2582 782 opus
2611 722 2697 769 est
2744 711 3101 782 pertinaciter
3142 709 3494 765 contendere.
3526 706 3702 762 Caete-

2134 820 2253 859 rum
2294 815 2423 859 ante
2465 805 2650 858 omnia
2686 803 2905 872 quidem
2940 800 3221 855 facultates
3248 814 3374 855 suas
3410 797 3532 855 illos
3562 797 3701 863 abji-

2132 912 2258 953 cere
2292 905 2545 951 testatur.
2590 895 2682 950 Ait
2719 895 2875 949 enim.
2910 892 3069 949 simul
3101 902 3264 962 atque
3301 890 3366 945 ad
3399 893 3503 946 hoc
3534 889 3710 961 philo-

2132 989 2397 1059 sophandi
2430 1002 2603 1059 genus
2633 1003 2694 1042 se
2739 986 3071 1041 contulerint
3097 1026 3113 1051 ,
3145 984 3396 1040 omnibus
3421 997 3514 1039 eos
3546 979 3704 1036 bonis

2133 1082 2201 1136 ad
2232 1081 2566 1151 propinquos
2592 1094 2720 1134 suos
2750 1076 3085 1133 transmissis
3112 1077 3254 1130 ultro
3286 1076 3496 1131 cedere.
3540 1073 3704 1127 Dein-

2131 1174 2197 1228 de
2220 1172 2429 1240 abjecta
2456 1170 2603 1226 omni
2638 1184 2819 1225 rerum
2851 1170 3206 1224 humanarum
3233 1182 3390 1234 cura,
3419 1176 3574 1222 extra
3605 1183 3702 1222 ur-

2130 1264 2252 1319 bem
2291 1277 2631 1334 progressos,
2663 1262 2716 1316 in
2744 1260 2917 1316 hortis
2946 1259 3244 1330 agellisque
3267 1259 3439 1315 deviis
3461 1260 3657 1331 degere
3683 1279 3700 1316 :

2104 1356 2331 1427 quippe
2362 1355 2453 1426 qui
2490 1353 2799 1423 intelligant
2833 1349 3115 1407 dissimilis
3136 1350 3395 1420 propositi
3425 1349 3700 1404 hominum

2131 1447 2485 1502 contubernia
2522 1453 2581 1501 et
2605 1443 2934 1499 commercia
2971 1442 3268 1514 plurimum
3297 1441 3492 1495 obesse
3520 1440 3700 1512 philo—

2131 1539 2362 1609 supbiac.
2389 1538 2542 1605 Quod
2573 1536 2793 1608 quidem
2829 1534 2977 1589 illius
2999 1533 3264 1603 temporis
3286 1530 3578 1586 Christiani
3610 1548 3703 1602 ge-

2131 1639 2330 1679 neroso
2360 1625 2598 1694 quodam
2632 1638 2697 1678 ac
2728 1624 2911 1677 divino
2958 1621 3079 1676 tidei
3111 1622 3305 1675 ardore
3348 1622 3591 1675 succensi
3621 1622 3705 1675 in-

2129 1717 2379 1773 Stituisse
2422 1716 2553 1771 mihi
2583 1714 2861 1782 videntur,
2908 1728 3032 1769 cum
3071 1713 3442 1783 propheticam
3486 1713 3701 1768 vivendi

2130 1809 2395 1862 rationem
2445 1807 2691 1861 mmulari
2742 1805 3045 1860 studerent.
3095 1805 3307 1860 Etenim
3369 1805 3422 1859 in
3474 1804 3703 1859 Actibus

447 1895 613 1968 εἶχεν,
646 1874 736 1962 ’ὼς
783 1901 918 1971 μηδὲ
998 1874 1136 1951 είναί
1167 1916 1290 1952 τινα
1322 1899 1475 1970 ἐνδεῆ
1503 1900 1634 1971 παρ’
1658 1874 1891 1963 αὑτοῖς-ί.
1912 1900 2019 1953 ὅσοι

2129 1898 2503 1970 apostolorum
2528 1937 2544 1963 ,
2582 1898 2673 1966 qui
2721 1895 2855 1951 nihil
2891 1903 3089 1965 praeter
3117 1896 3388 1950 sinceram
3417 1895 3711 1950 veritatem

444 1988 576 2058 γοῦν
606 1989 869 2060 κτήτορες
893 1989 1107 2060 χωρίων
1131 1989 1164 2061 ἢ
1197 1988 1382 2044 οίκιῶν
1413 1989 1682 2061 ὑπῆρχον,
1720 1989 1796 2054 ὡς
1820 1991 1848 2043 ὁ
1870 1990 2027 2059 λόγος

448 2082 604 2151 φησὶ,
630 2080 933 2145 πωλοῦντες
957 2080 1153 2152 ἔφερον
1182 2081 1281 2146 τὰς
1315 2081 1479 2152 τιμὰς
1500 2081 1610 2135 τῶν
1643 2082 2025 2154 πιπρασκομέψ

446 2189 576 2237 νων,
630 2171 878 2226 ὲτίθεσάν
905 2189 966 2225 τε
995 2171 1148 2244 παρά
1190 2174 1315 2237 τοὺς
1353 2173 1521 2237 πόδας
1547 2172 1657 2225 τῶν
1689 2171 2022 2238 ἀποστόλων,

445 2260 585 2316 ὥστε
606 2263 927 2317 διαδίδοσθαι
949 2264 1163 2335 ἑκάστῳ
1182 2264 1303 2318 καθ’
1327 2266 1356 2318 ὅ
1382 2282 1435 2318 τι
1459 2265 1525 2319 ἄν
1539 2283 1622 2329 τις
1642 2266 1830 2338 χρείαν
1858 2262 2023 2336 εἶχεν.

448 2353 532 2406 Τά
561 2354 922 2426 παραπλήσια
957 2354 1016 2407 δὲ
1043 2355 1253 2420 τούτοις
1299 2358 1655 2429 μαρτυρήσας
1690 2359 1803 2422 τοῖς
1832 2357 2025 2427 δηλου-

448 2443 634 2514 μένοις
673 2446 701 2497 ό
746 2444 940 2508 Φίλων,
986 2445 1273 2510 συλλαϐαῖς
1318 2448 1511 2511 αὑταῖς
1548 2449 1799 2523 ἐπιφέρει
1851 2450 2023 2519 λέγων

442 2533 613 2588 ταῦτα
637 2534 764 2605 περὶ
780 2535 958 2589 αὑτῶν
981 2535 1149 2590 οὕτω·
1166 2555 1184 2586 ι
1205 2537 1475 2609 Πολλαχοῦ
1502 2540 1599 2610 μὲν
1620 2536 1710 2593 οὖν
1729 2541 1827 2611 τῆς
1847 2543 2024 2594 οἰκου-

446 2623 615 2695 μένης
655 2625 773 2677 ἐστὶ
810 2625 870 2678 τὸ
911 2626 1087 2695 γένος.
1121 2628 1268 2681 Ἔδει
1298 2629 1407 2699 γὰρ
1435 2630 1643 2699 ἀγαθοῦ
1673 2633 1879 2689 τελείου
1921 2651 2021 2705 με-

441 2717 661 2786 τασχεῖν
681 2716 773 2769 καὶ
799 2717 899 2786 τὴν
923 2717 1145 2772 Ἐλλάδα
1176 2721 1269 2774 καὶ
1286 2721 1385 2791 τὴν
1409 2721 1707 2794 βάρϐαρον.
1732 2725 2021 2790 Πλεονάζει

438 2804 483 2859 δ’
519 2808 576 2861 ἐν
640 2806 903 2880 Αίγύπτῳ
972 2810 1092 2864 καθ’
1139 2810 1370 2867 ἕκαστον
1421 2813 1530 2867 τῶν
1577 2815 2021 2888 ἐπικαλουμένων

436 2897 639 2969 νομῶν,
674 2901 769 2954 καὶ
802 2901 1038 2972 μάλιστα
1076 2905 1204 2976 περὶ
1240 2904 1340 2977 τὴν
1378 2905 1804 2981 Ἀλεξάνδρειαν.
1855 2911 1917 2962 Οί
1963 2909 2021 2963 δὲ

436 2988 776 3058 πανταχόθεν
804 2988 1039 3061 ἄριστοι,
1082 2991 1335 3064 καθάπερ
1365 2996 1445 3058 είς
1479 2997 1717 3066 πατρίδα
1751 2995 2021 3066 θεραπευ-

433 3080 563 3144 τῶν,
592 3082 850 3136 ἀποικίαν
886 3083 1192 3138 στέλλονται
1232 3085 1342 3156 (6i)
1363 3086 1499 3158 πρός
1530 3088 1803 3159 τιχωρίον
1827 3090 2020 3160 ἐπιτη-

431 3169 721 3236 δειότατον,
748 3174 885 3247 ὅπερ
908 3176 1053 3229 ἐστὶν
1087 3176 1228 3249 ὑπὲρ
1255 3176 1450 3248 λίμνης
1492 3178 1711 3250 Μαρίας
1765 3177 2016 3250 κείμενον

433 3264 525 3317 ἐπὶ
549 3266 823 3335 γεωλόφου
843 3267 1263 3340 χθαμαλωτέρου
1296 3270 1504 3340 σφόδρα
1527 3270 1816 3341 εὐκαίρως,
1838 3271 2016 3340 ἀσφα-

430 3351 582 3418 λείας
608 3371 666 3408 τε
692 3356 857 3411 ’ἑνεκα
892 3359 987 3411 καλ⁵
1027 3358 1190 3430 ἀέρος
1232 3359 1552 3429 εὐκρασίας.
1583 3379 1602 3411 ι
1626 3356 1741 3413 Είθ’
1766 3361 1892 3431 ἑξῆς
1915 3360 2016 3423 τὰς

430 3446 675 3516 οίκήσεις
714 3448 893 3502 αὑτῶν
941 3449 1123 3503 ὁποῖαί
1156 3467 1300 3514 τινες
1332 3446 1472 3521 ἦσαν
1504 3450 1834 3523 διαγράψας,
1888 3452 2017 3524 περὶ

431 3536 543 3591 τῶν
560 3538 705 3592 κατά
719 3539 904 3611 χώραν
921 3540 1227 3612 ἐκκλησιῶν
1242 3540 1415 3594 ταῦτά
1435 3559 1619 3613 φησιν·
1644 3562 1663 3593 ι
1700 3544 1787 3596 Ἑν
1809 3543 2017 3618 ἑκάστῃ

430 3626 490 3682 δὲ
513 3628 681 3699 οίκίᾳ,
710 3628 857 3683 ἔστιν
890 3630 1096 3702 οἴκημα
1134 3632 1277 3702 ἱερὸν
1304 3632 1332 3685 δ
1366 3632 1610 3687 καλεῖται
1640 3637 1888 3704 σεμνεῖον
1921 3635 2016 3688 καὶ

437 3722 820 3792 μοναστήριον,
866 3723 922 3775 ἐν
959 3716 1003 3790 ᾧ
1041 3722 1382 3794 μονούμενοι,
1413 3723 1483 3777 τὰ
1514 3723 1609 3777 τοῦ
1649 3723 1847 3795 σεμνοῦ
1897 3725 2014 3795 βίου

437 3814 712 3882 μυστήρια
732 3812 1034 3878 τελοῦνται,
1065 3814 1231 3886 μηδὲν
1264 3816 1690 3888 εἰσκομίζοντες,
1720 3818 1795 3890 μὴ
1830 3818 2011 3882 ποτὸν,

438 3901 514 3972 μὴ
551 3902 740 3960 σιτίον.
781 3905 919 3975 μήτε
947 3922 999 3958 τι
1028 3904 1136 3958 τῶν
1159 3905 1334 3960 ἄλλων
1375 3908 1474 3961 ὃσα
1499 3908 1635 3980 πρὸς
1655 3907 1755 3973 τὰς
1788 3909 1883 3962 τοῦ
1910 3909 2013 3963 σώ..

434 4011 603 4066 ματος
630 3995 820 4067 χρείας
844 3998 1136 4065 ἀναγκαῖα,
1155 3998 1289 4052 ἀλλά
1314 4000 1512 4072 νόμους
1528 4002 1620 4054 καὶ
1644 3999 1797 4071 λόγια
1823 4001 2012 4055 θεσπι-

432 4084 630 4140 σθέντα
676 4086 765 4140 διά
816 4089 1112 4159 προφητῶν
1159 4091 1254 4144 καὶ
1308 4091 1532 4162 ὕμνους,
1582 4091 1677 4145 καὶ
1732 4092 1898 4147 τᾶλλα
1929 4087 2013 4156 οἷς

427 4179 705 4251 ἐπιστήμη
723 4180 819 4233 καὶ
847 4180 1099 4235 εὐσέϐεια
1126 4182 1478 4250 συναύξονται
1507 4185 1600 4238 καὶ
1624 4185 2006 4240 τελειοῦνται.»

434 4270 545 4323 Καὶ
594 4269 713 4341 μεθ’
746 4271 913 4343 ἕτερά
957 4289 1124 4344 φησι·
1171 4293 1190 4326 ι
1223 4274 1298 4328 Τὸ
1338 4274 1393 4327 δὲ
1439 4273 1499 4340 ἐξ
1545 4275 1768 4330 ἑωθινοῦ
1819 4276 2012 4351 μέχρις

427 4359 669 4432 ἑσπέρας
721 4361 997 4434 διάστημα
1052 4364 1273 4435 σύμπαν
1332 4366 1515 4430 αὑτοῖς
1567 4371 1715 4421 ἐστιν
1757 4369 2008 4442 ἄσκησις.

440 4450 888 4523 Ἐντυγχάνοντες
918 4453 1028 4527 γὰρ
1067 4460 1180 4521 τοῖς
1224 4460 1391 4529 ἱεροῖς
1435 4461 1748 4531 γράμμασι,
1799 4460 2011 4531 φιλοσο-

2128 1992 2409 2047 continent
2439 2030 2455 2056 ,
2488 1990 2752 2059 scriptum
2805 1986 3057 2053 habetur,
3091 2000 3281 2041 omnes
3330 1987 3699 2057 apostolorum

2127 2082 2426 2151 discipulos
2477 2081 2697 2151 praediis
2750 2089 2805 2135 et
2858 2077 3212 2134 facultatibus
3260 2077 3374 2133 suis
3422 2077 3657 2133 venditis
3682 2117 3716 2143 ,,

2126 2173 2358 2244 pretium
2396 2170 2657 2226 fratribus
2707 2180 2871 2240 prout
2907 2170 3169 2240 cujusque
3208 2170 3508 2225 necessitas
3543 2167 3702 2243 ﬂagi-

2129 2263 2312 2330 tabat,
2339 2262 2593 2318 divisisse
2620 2303 2635 2327 ,
2682 2262 2821 2317 adeo
2853 2271 2912 2314 ut
2954 2260 3099 2315 inter
3126 2261 3279 2331 ipsos
3307 2275 3466 2315 nemo
3494 2275 3701 2330 egenus

2122 2356 2431 2411 exsisteret.
2481 2354 2758 2425 Quotquot
2776 2355 2921 2410 enim
2950 2367 3291 2425 possessores
3314 2367 3565 2421 agrorum
3608 2361 3713 2407 aut‘

2124 2448 2406 2504 domorum
2442 2456 2618 2512 erant,
2647 2457 2705 2502 ut
2738 2448 2814 2502 ait
2850 2447 3046 2511 Lucas,
3073 2445 3373 2500 vendentes
3400 2442 3701 2499 aiierebant

2121 2539 2297 2609 pretia
2330 2553 2523 2595 eorum
2569 2553 2695 2608 quae
2729 2538 3124 2603 vendebantur,
3155 2545 3209 2592 et
3254 2537 3530 2607 ponebant
3570 2546 3702 2591 ante

2122 2632 2289 2701 pedes
2350 2631 2742 2703 apostolorum.
2814 2630 3172 2686 Dividebatur
3225 2640 3405 2684 autem
3469 2629 3700 2699 singulis

2123 2732 2287 2793 prout
2312 2725 2509 2795 cuique
2534 2739 2670 2795 opus
2692 2732 2832 2780 erat.
2864 2721 2961 2777 llis
2983 2721 3140 2791 plane
3168 2721 3366 2778 similia
3393 2721 3459 2776 de
3492 2720 3699 2796 Thera-

2121 2816 2301 2885 peutis
2326 2826 2614 2886 postquam
2646 2813 2800 2869 Philo
2838 2812 2944 2885 55
2970 2823 3197 2870 testatus
3223 2823 3325 2878 est,
3356 2823 3469 2868 tum
3502 2812 3605 2866 ista
3628 2811 3697 2865 ad

2118 2907 2343 2961 verbum
2375 2905 2730 2976 subjungitn
2768 2905 2827 2960 Id
2876 2922 3050 2975 genus
3098 2907 3379 2962 hominum
3432 2906 3485 2960 in
3528 2903 3699 2958 variis

2121 2995 2276 3052 orbis
2320 2996 2632 3068 regionibus
2661 3009 2911 3065 sparsum
2961 2998 3255 3066 reperitur.
3302 2995 3524 3052 Graecos
3548 2994 3696 3049 enim

2120 3096 2173 3143 et
2207 3086 2476 3143 barbaros
2512 3085 2646 3140 tanti
2676 3085 2804 3141 boni
2828 3087 3124 3157 participes
3151 3087 3268 3141 ﬁeri
3303 3088 3551 3142 decebat.
3578 3087 3701 3143 Flo-

2119 3187 2203 3234 ret
2231 3189 2413 3233 tamen
2454 3178 2729 3248 praecipue
2772 3177 2826 3233 in
2857 3175 3132 3248 Aigypto,
3172 3193 3270 3248 per
3312 3178 3553 3249 singulas
3580 3179 3700 3252 ejus

2120 3266 2470 3340 praefecturas
2509 3266 2791 3332 diﬂ'usum,
2838 3267 3077 3320 maxime
3122 3281 3253 3321 vero
3277 3263 3421 3322 circa
3459 3266 3701 3323 Alexan-

2119 3360 2317 3416 driam.
2347 3358 2618 3415 Caeterum
2656 3372 2723 3412 ex
2762 3354 3018 3410 omnibus
3040 3369 3201 3410 terrae
3230 3356 3475 3420 partibus
3504 3358 3709 3429 optimi.

2115 3453 2317 3523 quique
2345 3452 2399 3507 in
2452 3451 2628 3506 locum
2680 3448 2971 3519 quemdam
3012 3447 3571 3518 opportunissimum,
3602 3450 3697 3518 qui

2117 3555 2200 3601 est
2229 3553 2381 3599 trans
2404 3541 2633 3598 Mariam
2662 3542 2909 3613 paludem
2938 3543 2991 3597 in
3019 3540 3155 3595 colle
3186 3551 3407 3595 terreno
3432 3542 3565 3597 satis
3598 3542 3699 3595 hu-

2116 3636 2230 3690 mili
2267 3636 2427 3701 situs,
2461 3645 2515 3691 et
2542 3646 2652 3692 tum
2683 3646 2909 3707 propter
2930 3635 3310 3699 securitatem,
3344 3643 3457 3689 tum
3481 3635 3550 3691 ob
3572 3634 3698 3691 coeli

2122 3728 2443 3798 temperiem
2491 3727 3008 3794 commodissimus,
3046 3735 3303 3796 tanquam
3356 3723 3413 3779 in
3462 3724 3697 3793 patriam

2119 3819 2590 3891 Therapeutarum
2616 3822 2875 3889 migrant.
2919 3836 2939 3871 ι
2990 3818 3127 3873 llinc
3169 3827 3457 3888 postquam
3506 3814 3699 3884 cujus-

2117 3913 2262 3969 modi
2316 3924 2506 3969 essent
2553 3912 2773 3969 illorum
2805 3913 3083 3969 domicilia
3118 3911 3455 3981 descripsit,
3502 3910 3571 3965 de
3602 3921 3697 3964 ec-

2114 4003 2300 4060 clesiis
2341 4019 2480 4075 quas
2507 4005 2677 4060 variis
2724 4005 2779 4060 in
2828 4004 2967 4061 locis
3005 4013 3315 4059 exstructas
3344 4001 3587 4068 habent,
3621 3999 3696 4055 ita

2115 4095 2248 4151 dicit
2281 4111 2299 4151 :
2339 4114 2358 4148 ι
2395 4095 2453 4152 In
2480 4096 2712 4168 singulis
2742 4107 2925 4152 autem
2977 4095 3265 4151 domiciliis
3309 4106 3394 4151 est
3424 4095 3697 4163 quoddam

2113 4185 2371 4242 sacellum
2395 4188 2538 4257 quod
2559 4203 2840 4244 semneum
2878 4198 2934 4245 et
2960 4187 3346 4244 monasterium
3373 4183 3696 4255 appellatur.

2114 4275 2173 4332 1n
2196 4293 2304 4348 quo
2333 4278 2458 4344 soli,
2495 4280 2725 4335 remotis
2757 4279 3002 4347 arbitris,
3025 4278 3318 4335 sanctioris
3346 4278 3469 4332 vitae
3495 4286 3699 4347 myste-

2115 4369 2196 4445 ria
2230 4377 2515 4440 peragunt.
2548 4369 2660 4425 Nec
2691 4371 2874 4426 cibum
2915 4382 3201 4442 potumve,
3231 4384 3333 4424 nec
3362 4382 3549 4423 eorum
3575 4383 3699 4439 quas

2114 4461 2183 4515 ad
2212 4463 2459 4532 corporis
2503 4477 2692 4517 curam
2734 4461 3012 4531 pertinent
3057 4460 3364 4530 quidquam
3413 4471 3481 4513 eo
3508 4472 3696 4514 secum

426 4543 587 4612 φοῦσι
632 4544 731 4616 τὴν
780 4547 1011 4618 πάτριον
1057 4549 1375 4619 φιλοσοφίαν
1406 4550 1517 4621 (62)
1560 4551 2009 4624 ἀλληγοροῦντες,

2120 4550 2357 4608 inferunt
2386 4575 2398 4609 :
2424 4555 2520 4609 sed
2546 4553 2718 4623 legem
2753 4556 3022 4610 duntaxat
3047 4562 3102 4608 et
3129 4551 3522 4623 prophetarum
3566 4566 3696 4606 ora-

426 4633 612 4706 ὲπειδὴ
628 4635 954 4707 σύμϐολατά
977 4638 1074 4709 τῆς
1096 4638 1267 4710 ῥητῆς
1297 4640 1595 4712 ἑρμηνείας
1620 4641 1931 4713 νομίζουσιν
1955 4644 2016 4697 ά-

427 4726 891 4798 ποκεκρυμμένης
920 4726 1154 4797 φύσεως,
1169 4730 1225 4782 ἐν
1243 4729 1519 4795 ὑπονοίαις
1532 4730 1691 4802 δηλου
1700 4732 1865 4802 μένης
1888 4732 1994 4804 (63)
2003 4773 2033 4793 .,

498 4840 617 4916 (ϐίῃ
644 4843 1253 4916 Ἐπιπεφημισμένης.
1282 4846 1336 4901 In
1374 4849 1552 4904 tribus
1582 4852 1787 4906 nostris
1816 4853 2018 4907 codici-

430 4908 532 4965 bus
570 4911 732 4995 δίκα..
766 4908 994 4970 Νεῖκος
1034 4908 1476 4989 Ῑ·“ιιιί.”ειτίριιιιιι
1534 4919 1714 4976 inveni
1767 4923 2020 4995 ἐμπεφη-

478 4981 722 5037 ισιιένης.

432 4997 760 5135 μιῗδιίεῖγὲίς
786 5056 1346 5135 πατρίδα-ἀποικίαν
1371 5058 1759 5135 στέλλονται.
1784 5060 1882 5117 Hic
1909 5062 2013 5117 im-

429 5125 652 5202 proprie
678 5125 915 5202 loquitur
940 5127 1113 5202 Philo.
1141 5129 1478 5202 Natucoloui
1504 5133 1793 5202 ex_patria,
1825 5135 2009 5202 potius

428 5209 590 5262 quam
625 5194 677 5247 in
713 5193 943 5269 patriam
980 5201 1213 5268 migrare
1242 5201 1513 5253 dicuntur.
1547 5193 1611 5254 Εἰ
1663 5193 1840 5256 tanteri
1874 5204 2009 5269 ligu-

424 5279 487 5342 ra
516 5272 597 5317 est
617 5280 728 5342 non
759 5263 1476 5342 ἱρείμεπιιδξάποικίανεἰς
1512 5270 1745 5342 πατρίδα
1795 5263 2008 5326 στέλλε-

426 5332 569 5386 σθαι.
615 5333 747 5413 Nam
776 5332 1272 5413 Thcrapeuttequi,
1294 5332 1479 5394 relicta
1512 5332 1707 5413 patria,
1754 5342 1807 5395 in
1835 5342 2008 5413 IEgy-

424 5414 573 5479 ptutn
604 5404 669 5456 ad
700 5419 894 5479 pagum
935 5404 1285 5479 Mareoticum
1322 5404 1778 5479 commigrabant,
1812 5404 2005 5468 ttieriio

426 5474 685 5528 dicuntur
716 5476 767 5527 in
798 5475 1066 5531 coloniam
1106 5479 1269 5531 mitti.
1315 5475 1432 5531 Jam
1484 5474 1615 5535 vero
1661 5496 1782 5535 cum
1837 5484 2001 5537 iidem

424 5540 782 5623 'l_‘.herapeutaa
810 5545 985 5623 locum
1020 5548 1165 5623 illum
1200 5563 1299 5616 pro
1329 5549 1500 5617 patria
1532 5550 1837 5623 habuerint,
1860 5565 2008 5609 recte

428 5614 683 5667 dicuntur
719 5616 769 5668 in
801 5617 1039 5684 patriam
1073 5614 1359 5687 migrasse,
1381 5634 1504 5673 cum
1535 5621 1665 5676 illuc
1684 5624 2007 5690 proticisce-

432 5692 637 5736 l‘tfllllll‘.

498 5750 1200 5831 (62)__¢t.l_oa'o§aoﬁqt__n‘gr
1228 5756 1477 5831 πάτριον
1509 5762 1895 5831 φιλοσοφίαν.
1926 5763 2005 5817 ita

424 5835 489 5873 cx
531 5825 713 5879 codice
739 5825 906 5896 llegio
935 5828 1111 5884 edidit
1142 5828 1279 5885 ιιυυ.
1328 5825 1656 5900 Stephanus.
1720 5825 1919 5889 Verum
1952 5835 2003 5889 in

2128 4645 2250 4700 cula
2296 4645 2643 4717 hymnosque
2685 4656 2741 4702 et
2784 4646 2889 4701 alia
2928 4645 3234 4715 huiusmodi
3258 4683 3274 4709 ,
3299 4644 3495 4713 quibus
3520 4643 3697 4738 pietas

2130 4735 2294 4793 simul
2329 4752 2394 4792 ac
2443 4738 2674 4793 scientia
2719 4747 2986 4810 augentur
3032 4746 3088 4793 et
3141 4735 3612 4792 consummantur.
3667 4753 3690 4790 ι

2126 4855 2317 4910 codice
2350 4853 2490 4910 Maz.
2516 4870 2580 4909 ac
2616 4854 2757 4910 Med.
2782 4855 3044 4924 scriptum
3083 4852 3265 4909 inveni
3303 4852 3418 4924 τὴν
3463 4843 3697 4924 πάτριον

2124 4924 2475 5005 φιλοσοφοῦσι
2502 4925 2715 5005 σοφίαν.
2750 4926 2803 5005 |_n
2839 4921 3026 5005 codice
3072 4934 3267 5005 a‘utenl
3302 4921 3443 5005 Fuk.
3468 4921 3697 5005 "legitur

2119 4992 2221 5067 τήν
2244 4992 2470 5067 πάτριον
2494 4992 2841 5067 φιλοσοφοῦσι
2863 4993 3200 5067 φιλοσοφίαν.
3226 4992 3380 5067 Quod
3400 4994 3539 5067 mihi
3573 4992 3697 5067 qui-

2120 5062 2241 5120 dem
2280 5062 2485 5119 rectius
2508 5062 2743 5120 videtur.
2779 5062 3045 5120 Sic'enim
3066 5062 3238 5119 'Philo
3269 5063 3415 5131 loqui
3458 5063 3599 5117 solet
3628 5062 3699 5117 de

2118 5132 2341 5195 ludatis.
2391 5144 2447 5188 ut
2478 5135 2531 5188 in
2563 5136 2655 5188 lib.
2689 5152 2746 5190 ttt
2774 5135 2849 5189 De
2882 5136 2987 5189 vita
3020 5133 3187 5189 Mosi:
3214 5175 3230 5198 ,
3268 5133 3438 5187 είσέτι
3471 5132 3566 5187 νῦν
3599 5149 3693 5200 φι-

2118 5202 2396 5227 ἱ------ῗῗ--
2427 5208 2546 5227 -..9-
2580 5206 2831 5227 ικβι--..--
2873 5205 3113 5227 9l_-,§_9-_
3147 5206 3244 5227 -.ιη
3280 5203 3505 5227 -,ι.--.--.
3548 5202 3665 5227 ...ῚΑ

2112 5202 2401 5275 λοσοφοῦσι
2426 5208 2546 5270 ταῖς
2575 5206 2831 5278 ἑϐδόμαις
2873 5205 3116 5259 Ἰουδαῖοι
3144 5206 3245 5276 τὴν
3278 5203 3387 5257 πάτ
3427 5219 3506 5256 ιον
3545 5202 3704 5273 φιλο-.

2114 5276 2306 5344 σοφίαν
2327 5291 2342 5306 ο
2385 5285 2437 5329 et
2475 5278 2524 5329 in
2570 5275 2849 5344 Legatione
2871 5278 2940 5329 ad
2964 5274 3282 5339 (ἱαὶιιηι,καὶ
3310 5220 3544 5398 abitura
3571 5274 3695 5334 ταῖς

2112 5344 2388 5398 ἑϐδόμαις.
2420 5346 2510 5398 ὅτε
2537 5346 2774 5398 δημοσία
2806 5346 2905 5398 τὴν
2949 5345 3179 5398 πάτριον
3209 5362 3307 5398 παι
3371 5343 3553 5397 ύονται.
3598 5360 3692 5398 φι-

2110 5344 2391 5468 ξόδόμῗιις,
2420 5346 2510 5399 ὅτε
2537 5343 2774 5418 δημοσίᾳ
2806 5346 2905 5418 τὴν
2949 5345 3179 5418 πάτριον
3209 5343 3553 5399 παιδεύονται
3598 5360 3692 5413 «pi-,-

2142 5431 2273 5468 οσοφ
2301 5432 2384 5468 αν.

2142 5431 2384 5469 οσοφιαν.

2187 5483 2301 5556 t63)
2333 5485 2483 5556 Vulg.
2505 5485 2577 5539 ἑν
2592 5486 2906 5553 ὑπονοίαις
2920 5484 3359 5556 δηλούμεηᾼη
3387 5483 3612 5556 Philone
3634 5492 3694 5539 et

2116 5557 2169 5610 in
2192 5552 2381 5611 codice
2408 5552 2569 5617 Mam.
2591 5557 2733 5610 Med.
2753 5566 2810 5613 et
2834 5552 2968 5612 Fuit.
2986 5552 3053 5609 et
3086 5552 3253 5609 Sat-il.
3282 5554 3475 5624 legitur
3496 5552 3694 5624 δηλου-

2117 5626 2287 5699 μένης
2311 5630 2545 5699 rectius.
2561 5625 2733 5681 Porro
2758 5628 2888 5697 quid
2916 5626 3187 5699 signiticet
3220 5623 3477 5699 ὑπονοίας
3533 5623 3693 5699 voca-

2117 5694 2299 5776 bulum
2328 5735 2349 5776 ,_
2393 5695 2582 5776 paucis
2634 5694 2818 5776 notum
2874 5694 2997 5751 esse
3029 5695 3288 5749 arbitror.
3321 5694 3695 5776 .Antiqui‘o‘res

2113 5764 2287 5820 Graeci
2327 5762 2585 5829 ὑπονοίας
2611 5766 2902 5829 vocabant.
2935 5780 3072 5835 quas
3129 5763 3469 5835 recentiores
3483 5762 3503 5835 ί
3522 5762 3693 5835 ἀλλη-

2115 5836 2307 5905 γορίας
2337 5838 2547 5902 dixere,
2579 5851 2703 5891 cum
2738 5833 2966 5891 scilicet
3001 5833 3148 5889 aliud
3176 5833 3395 5896 dicitur.
3425 5834 3571 5888 aliud
3621 5835 3695 5887 in-
