4192 6440
482 457 585 516 179

1175 443 1448 505 EUSEBII
1482 443 1967 502 CAESARIENSIS
2003 439 2158 499 OPP.
2196 440 2381 497 PARS
2417 439 2460 498 ἰ.
2500 471 2570 485 -
2606 438 3003 498 HISTORICA.

3621 436 3723 492 180

460 564 657 625 Paucis
682 567 879 624 deinde
910 566 1244 638 interpositis
1275 566 1392 621 haec
1426 564 1741 636 subjungit:
1779 584 1798 616 ι
1836 564 2033 619 Totum

2151 563 2298 616 Ἔστι
2322 562 2367 616 6'
2391 564 2575 625 αὐτοῖς
2606 562 2700 616 καὶ
2724 561 3130 633 συγγράμματα
3159 556 3416 613 παλαιῶν
3430 555 3724 627 ἀνδρῶν,οῑ

461 676 596 716 vero
624 701 640 726 ,
667 660 885 731 inquit,
917 659 1023 715 diei
1054 659 1285 729 spatium
1325 660 1468 727 quod
1519 659 1590 713 ab
1639 668 1762 713 ortu
1809 658 1942 712 solis
1971 656 2040 711 ad

463 767 752 821 vesperam
800 751 1122 822 interjacet,
1170 750 1226 803 in
1285 748 1637 804 meditatione
1680 748 2042 817 philosophiae

467 845 776 902 traducunt.
817 844 985 897 Sacra
1018 843 1160 896 enim
1197 840 1474 897 volumina
1520 840 1837 896 lectitantes
1864 840 2044 911 philo-

465 935 763 1003 sophantur
786 947 939 988 more
960 933 1161 1001 patrio,
1200 942 1470 1004 praecepta
1500 931 1786 1001 sapientiae
1811 948 1842 986 a
1873 932 2043 1001 majo-

465 1026 616 1079 ribus
663 1022 859 1079 tradita
910 1022 1201 1091 allegorice
1228 1021 1569 1092 explicando.
1604 1019 1813 1090 Quippe
1852 1022 2044 1076 existi-

467 1125 620 1169 mant
642 1116 805 1170 verba
837 1116 953 1184 ipsa
986 1113 1120 1168 nihil
1162 1114 1312 1167 aliud
1341 1128 1460 1168 esse
1488 1127 1652 1183 quam
1685 1112 1951 1184 imagines
1989 1122 2046 1169 et

467 1205 620 1277 signa
651 1221 838 1260 rerum
871 1203 1181 1258 abditarum
1213 1244 1229 1266 ,
1261 1217 1383 1274 quae
1410 1218 1509 1271 per
1545 1201 1834 1271 allegorias
1860 1202 2041 1258 decla-

466 1299 652 1353 randae
693 1298 824 1353 sint.
858 1295 1003 1352 Sunt
1044 1296 1211 1349 etiam
1245 1295 1390 1364 apud
1419 1310 1512 1349 eos
1541 1296 1917 1351 commentarii
1949 1311 2043 1351 ve-

464 1398 642 1443 terum
666 1387 1052 1459 quorumdam,
1081 1387 1173 1456 qui
1208 1397 1371 1442 sectze
1406 1386 1548 1443 illius
1579 1396 1849 1451 auctores,
1878 1403 2041 1458 quam

467 1480 700 1550 plurima
735 1480 817 1534 eis
846 1487 1204 1533 monumenta
1234 1478 1498 1534 doctrina:
1544 1479 1686 1534 illius
1716 1494 1838 1549 quae
1880 1480 1931 1533 in
1965 1478 2045 1532 al-

467 1573 691 1644 legoriis
715 1573 891 1644 posita
919 1580 1024 1637 est,
1056 1571 1412 1641 reliquerunt.
1440 1571 1647 1640 Quibits
1670 1572 1758 1628 isti
1788 1584 2043 1642 tanquam

468 1665 876 1735 exemplaribus
909 1671 1124 1719 utentes
1148 1704 1164 1730 ,
1195 1678 1402 1720 morem
1436 1665 1579 1720 hunc
1626 1664 2043 1733 institutumque

469 1755 781 1810 imitantur.
817 1772 836 1806 ι
886 1753 1017 1808 Haec
1038 1760 1190 1808 certe
1238 1753 1307 1807 ab
1330 1766 1395 1807 eo
1425 1753 1648 1808 homine
1679 1753 1932 1808 videntur
1960 1754 2045 1808 di-

468 1858 583 1915 cta,
621 1847 713 1915 qui
748 1855 963 1902 nostros
986 1860 1175 1900 sacras
1218 1844 1429 1900 litteras
1455 1856 1792 1915 exponentes
1822 1846 2045 1901 audive—

468 1939 560 1993 rit.
593 1938 742 2004 Quos
792 1946 970 1990 autem
1005 1940 1081 1990 ait
1109 1950 1274 2006 penes
1298 1936 1417 1991 illos
1444 1937 1613 1992 fuisse
1643 1946 1882 1992 veterum
1911 1952 2046 2008 quo-

379 2037 385 2043 ‘
469 2028 719 2084 rumdam
774 2029 1229 2094 commentarios,
1281 2029 1580 2085 verisimile
1628 2041 1711 2084 est
1758 2030 1873 2099 ipsa
1924 2042 2046 2084 esse

471 2122 763 2194 Evangelia
796 2131 851 2177 et
895 2122 1263 2192 apostolorum
1307 2121 1508 2193 scripta
1536 2162 1553 2186 ,
1584 2132 1639 2177 et
1680 2122 2049 2192 expositiones

470 2215 735 2286 quasdam
764 2222 1003 2269 veterum
1038 2216 1429 2285 prophetarum
1462 2232 1478 2268 :
1515 2212 1817 2284 cuiusmodi
1862 2213 2048 2282 plures

472 2317 586 2361 tum
615 2307 670 2361 in
696 2306 818 2362 aliis
841 2306 991 2361 Pauli
1018 2306 1299 2379 Epistolis,
1335 2317 1447 2361 tum
1482 2308 1535 2360 in
1562 2306 1651 2360 illa
1684 2322 1807 2377 qua:
1833 2306 1900 2361 ad
1938 2305 2046 2363 He-

469 2396 649 2451 brazos
692 2397 894 2467 scripta
927 2406 1009 2453 est
1040 2438 1057 2462 ,
1109 2398 1482 2453 continentur.
1514 2397 1868 2453 Postmodum
1919 2412 2051 2454 vero

470 2486 540 2541 de
589 2485 746 2541 novis
777 2485 999 2557 psalmis
1037 2487 1129 2557 qui
1170 2486 1240 2541 ab
1288 2487 1479 2543 iisdem
1524 2498 1945 2557 componuntur,
1974 2488 2049 2542 ita

469 2576 663 2633 scribit
687 2576 846 2634 Philo
880 2592 898 2632 :
934 2597 955 2631 ι
996 2578 1111 2644 lta,
1144 2580 1360 2649 inquit,
1391 2595 1497 2635 non
1535 2580 1709 2634 solum
1760 2578 1872 2652 56
1919 2595 2052 2635 con-

471 2669 813 2739 templationi
848 2680 1086 2736 vacant,
1124 2673 1221 2727 sed
1248 2673 1413 2726 etiam
1462 2673 1678 2727 cantica
1710 2672 2051 2744 hymnosque

472 2764 541 2818 ad
564 2762 659 2818 Dei
709 2761 921 2819 laudem
950 2774 1286 2835 componunt
1314 2765 1466 2820 omni
1504 2773 1805 2821 metrorum
1837 2780 1901 2821 ac
1932 2780 2052 2822 mo-

473 2855 811 2911 dulationum
864 2856 1288 2928 genere..Quos
1334 2857 1553 2927 quidem
1604 2859 1946 2929 gravioribus
1989 2867 2052 2914 ut

472 2962 572 3016 par
597 2957 700 3013 est,
742 2949 983 3003 numeris
1040 2949 1409 3005 conscribunt.
1443 2966 1463 3001 ι
1502 2948 1665 3004 Multa
1700 2964 1917 3020 quoque
1942 2949 2049 3006 alia

471 3042 543 3095 de
589 3041 779 3096 iisdem
833 3040 886 3095 in
939 3054 1005 3096 eo
1057 3056 1217 3111 quem
1279 3042 1392 3097 dixi
1454 3040 1592 3097 libro
1634 3052 2047 3101 commemorat.

474 3130 581 3187 Sed
611 3132 730 3188 haec
760 3133 994 3188 maxime
1023 3132 1303 3204 seligenda
1327 3142 1382 3190 et
1411 3135 1752 3206 excerpenda
1794 3149 1919 3191 esse
1948 3137 2051 3191 du-

2140 656 2239 726 τῆς
2269 654 2534 726 αἱρέσεως
2557 652 2737 708 αὐτῶν
2756 653 3060 724 ἀρχηγέται
3090 650 3202 722 (64)
3231 650 3531 722 γενόμενοι,
3554 648 3727 703 πολλά

2144 748 2383 818 μνημεῖα
2408 747 2513 818 τῆς
2536 748 2593 800 ἐν
2626 748 2738 809 τοῖς
2761 744 3061 817 ἀλληγορου
3070 743 3251 814 μένοις
3270 743 3413 807 ἰδέας
3437 742 3722 807 ἀπέλιπον,

2146 835 2221 897 ατε
2254 838 2509 912 καθάπερ
2542 841 2683 893 τισὶν
2715 838 3045 911 ἀρχετύποις
3078 837 3351 909 χρώμενοι
3372 877 3389 901 ,
3433 836 3724 907 μιμοῦνται

2148 931 2242 999 τῆς
2277 931 2648 1004 προαιρέσεως
2666 932 2757 985 τὸν
2789 931 3009 1003 τρόπον,
3047 950 3066 981 ι
3086 930 3272 983 Ταῦτα
3299 931 3398 1001 μὲν
3427 925 3522 983 οὖν
3548 929 3726 983 ἔοικεν

2143 1024 2398 1096 εἰρῆσθαι
2430 1025 2508 1096 τῷ
2534 1025 2712 1099 ἀνδρὶ.
2736 1024 2838 1089 τὰς
2867 1024 3020 1097 ίεράς
3042 1024 3418 1095 ἐξηγουμένων
3444 1025 3724 1096 ὲπακροα·

2145 1115 2366 1186 σαμένῳ
2394 1116 2633 1186 Γραφάς.
2660 1116 2815 1187 Τάχα
2838 1116 2883 1170 δ’
2910 1117 3058 1180 είκδς
3079 1116 3115 1171 ἀ
3141 1133 3304 1187 φησιν
3327 1116 3569 1186 ἀρχαίων
3592 1115 3724 1187 παρ’

2144 1207 2327 1271 αὐτοῖς
2359 1204 2501 1261 εἶναι
2529 1209 2962 1280 συγγράμματα,
2989 1209 3057 1263 τά
3088 1227 3149 1263 τε
3174 1209 3477 1278 Εὑαγγέλια
3506 1207 3727 1272 καὶτὰς

2142 1298 2251 1351 τῶν
2301 1299 2614 1353 ἀποστόλων
2661 1299 2879 1372 γραφάς
2917 1300 3284 1372 [τυγχάνειν],
3338 1300 3620 1371 διηγήσεις
3663 1316 3725 1354 τε

2143 1389 2297 1454 τινὰς
2316 1390 2457 1444 κατὰ
2477 1391 2540 1444 τὸ
2570 1391 2718 1455 εἰκὸς
2742 1390 2852 1444 τῶν
2883 1392 3050 1446 πάλαι
3075 1391 3371 1465 προφητῶν
3404 1392 3728 1465 ἑρμηνευτι-

2144 1482 2264 1545 κάς,
2290 1483 2483 1546 ὁποίας
2509 1482 2544 1553 ἦ
2572 1500 2632 1535 τε
2657 1483 2794 1554 πρὸς
2836 1481 3145 1555 Ἐϐραίους,
3180 1484 3277 1537 καὶ
3317 1483 3472 1537 ἀλλαι
3507 1482 3730 1547 πλείους

2143 1571 2239 1625 τοῦ
2270 1570 2481 1625 Παύλου
2518 1573 2863 1643 περιέχουσιν
2889 1572 3191 1638 ἐπιστολαὶ,
3218 1572 3392 1627 ταῦτα
3412 1567 3572 1627 εἶναι.
3591 1567 3728 1627 Εἶτα

2147 1663 2315 1719 πάλιν
2340 1663 2468 1733 ἑξῆς
2492 1663 2624 1735 περὶ
2654 1663 2750 1717 τοῦ
2773 1663 2928 1729 νέους
2959 1664 3144 1728 αὐτοῖς
3189 1664 3457 1719 ποιεῖσθαι
3479 1664 3726 1737 ψαλμοὺς

2145 1755 2318 1819 οὕτως
2344 1755 2547 1828 γράφει
2568 1773 2581 1786 ·
2617 1774 2636 1808 ι
2668 1756 2819 1809 Ὥστ⁹
2841 1757 2902 1811 οὐ
2935 1756 3203 1827 θεωροῦσι
3248 1758 3429 1829 μόνον,
3464 1758 3598 1813 ἀλλὰ
3630 1760 3727 1814 καὶ

2148 1846 2391 1900 ποιοῦσιν
2421 1845 2641 1918 ᾄσματα
2676 1848 2770 1901 καὶ
2803 1846 3006 1918 ὕμνους
3045 1850 3126 1913 εἰς
3163 1847 3254 1901 τὸν
3282 1848 3437 1906 θεὸν.
3474 1849 3561 1903 διὰ
3591 1866 3728 1903 παν-

2146 1939 2305 1993 τοίων
2378 1938 2591 2009 μέτρων
2660 1938 2756 1992 καὶ
2833 1937 3010 2010 μελῶν
3072 1937 3301 2010 ῥυθμοῖς
3384 1939 3730 2011 σεμνοτέροις

2148 2030 2462 2097 ἀναγκαίως
2505 2030 2889 2101 χαράσσοντες.
2933 2050 2953 2083 ι
2991 2031 3166 2085 Πολλὰ
3203 2032 3302 2103 μὲν
3339 2027 3432 2085 οὖν
3461 2031 3556 2087 καὶ
3596 2031 3730 2088 ἀλλα

2148 2124 2277 2195 περὶ
2299 2116 2374 2177 ὧν
2398 2125 2427 2177 ό
2451 2123 2627 2192 λόγος,
2663 2123 2725 2176 ὲν
2752 2123 2934 2196 ταύτῷ
2961 2123 3234 2191 διέξεισιν,
3277 2125 3461 2179 ἐκεῖνα
3484 2124 3531 2178 δ’
3556 2126 3730 2195 ἀναγ-

2148 2218 2301 2270 καῖον
2332 2215 2506 2287 ἐφάνη
2549 2214 2663 2268 δεῖν
2708 2213 3104 2282 ἀναλέξασθαι,
3154 2214 3221 2269 δι’
3240 2208 3317 2270 ὧν
3343 2214 3415 2268 τά
3446 2231 3729 2287 χαρακτη-

2153 2305 2365 2379 ριστικά
2399 2305 2501 2376 τῆς
2547 2305 3006 2377 ὲκκλησιαστικῆς
3033 2306 3257 2377 ἀγωγῆς
3295 2305 3631 2360 ὑποτίθεται.
3663 2306 3728 2360 El

2148 2398 2205 2451 δέ
2237 2416 2311 2470 τῳ
2354 2398 2428 2469 μὴ
2466 2397 2613 2451 δοκεῖ
2651 2397 2720 2450 τά
2752 2399 3015 2469 εἰρημένα
3051 2398 3159 2453 ίδια
3193 2395 3332 2453 εἶναι
3369 2399 3469 2470 τῆς
3498 2398 3640 2454 κατά
3668 2398 3731 2453 τδ

2150 2489 2481 2557 Εὐαγγέλιον
2509 2488 2804 2552 πολιτείας,
2834 2488 3093 2543 δύνασθαι
3125 2488 3181 2543 δὲ
3228 2490 3323 2543 καὶ
3353 2488 3534 2552 ἄλλοις
3573 2489 3729 2560 παρά

2149 2583 2275 2644 τοὺς
2305 2580 2704 2652 δεδηλωμένους
2729 2582 3045 2653 ἀρμόττειν,
3075 2580 3346 2634 πειθέσθω
3377 2581 3482 2635 κᾶν
3500 2580 3608 2635 ἀπὸ
3621 2580 3731 2636 τῶν

2150 2674 2288 2745 ἑξῆς·
2304 2672 2470 2727 αὐτοῦ
2500 2673 2715 2743 φωνῶν,
2750 2676 2809 2727 ὲν
2833 2668 2921 2737 αἷς
2943 2674 3359 2745 ἀναμφήριστον
3380 2675 3427 2726 εἰ
3455 2674 3732 2744 εὐγνωμο-

2151 2766 2290 2837 νοίη,
2330 2765 2617 2836 κομίσεται
2659 2766 2757 2836 τὴν
2797 2765 2926 2835 περὶ
2956 2763 3108 2817 τοῦδε
3154 2765 3477 2837 μαρτυρίαν.
3524 2762 3732 2835 Γράφει

2150 2858 2262 2932 γὰρ
2287 2853 2417 2912 ὦδε*
2440 2878 2457 2909 ι
2498 2858 2855 2929 Ἐγκράτειαν
2885 2856 2929 2909 6‘
2958 2855 3147 2927 ὥσπερ
3169 2856 3292 2910 τινὰ
3323 2855 3571 2927 θεμέλιον
3595 2871 3731 2927 προσ

2151 2949 2614 3020 καταϐαλλόμενοι
2649 2951 2716 3019 τῇ
2756 2947 2925 3018 ψυχῇ.
2955 2947 3055 3010 τάς
3087 2948 3252 3010 ἄλλας
3287 2945 3733 3017 ὲποικοδομοῦσιν

2151 3041 2372 3113 ἀρετάς.
2403 3039 2579 3093 Σιτίον
2617 3039 2781 3111 γάρῆ
2810 3038 2972 3092 ποτὸν
3012 3038 3188 3101 οὐδεὶς
3225 3037 3292 3091 ἀν
3341 3036 3521 3090 αὐτῶν
3560 3052 3731 3108 προσ-

2151 3133 2440 3201 ενέγκαιτο
2475 3130 2582 3204 πρὸ
2606 3130 2757 3203 ἡλίου
2776 3130 3000 3195 δύσεως,
3040 3130 3162 3182 ἐπεὶ
3193 3129 3256 3182 τὸ
3287 3128 3386 3199 μὲν
3425 3128 3733 3198 φιλοσοφεῖν

471 3223 552 3287 xi,
589 3224 789 3293 quibus
830 3224 1218 3282 ecclesiasticae
1251 3226 1550 3297 disciplinae
1596 3226 1771 3283 forma
1803 3228 2049 3298 quaedam

2155 3225 2333 3296 φωτὸς
2362 3223 2511 3289 ἄξιον
2542 3223 2822 3295 κρίνουσιν
2850 3220 3008 3285 εἶναι,
3047 3221 3273 3284 σκότους
3299 3220 3355 3275 δὲ
3380 3219 3477 3284 τὰς
3500 3218 3594 3273 τοῦ
3629 3217 3733 3271 σώ-

471 3329 527 3370 et
555 3317 732 3386 imago
757 3316 1031 3388 descripta
1063 3328 1170 3374 est.
1200 3318 1354 3385 Quod
1387 3319 1434 3373 si
1467 3319 1589 3387 quis
1617 3335 1680 3375 ea
1715 3335 1839 3390 quae
1864 3336 1892 3374 a
1921 3320 2049 3375 Phi-

471 3408 595 3463 lone
623 3410 767 3464 dicta
808 3419 976 3475 sunt,
1009 3410 1334 3482 evangelicae
1358 3410 1662 3481 disciplina:
1703 3426 2049 3482 nequaquam

474 3500 693 3568 propria
722 3510 865 3567 csso,
893 3500 989 3556 sed
1019 3500 1142 3556 aliis
1170 3502 1334 3555 etiam
1381 3512 1581 3571 praeter
1612 3501 1735 3558 illos
1762 3516 1901 3573 quos
1935 3502 2050 3557 dixi

473 3603 787 3661 competere
833 3607 992 3662 posse
1038 3595 1362 3659 existimat,
1405 3594 1454 3649 is
1488 3602 1641 3650 certe
1694 3596 2051 3663 sequentibus

473 3683 718 3739 Philonis
742 3685 929 3739 verbis
947 3684 1107 3739 ﬁdem
1131 3685 1407 3753 adhibeat,
1432 3686 1488 3740 in
1508 3687 1727 3756 quibus,
1755 3687 2050 3745 dummodo

475 3791 663 3846 at-qtius
706 3791 888 3830 rerum
929 3778 1227 3832 aestimator
1253 3778 1369 3845 sit,
1399 3778 1769 3834 certissimum
1797 3789 1853 3834 et
1891 3791 2051 3837 extra

473 3883 691 3924 omnem
728 3868 1156 3923 controversiam
1211 3870 1444 3940 positum
1479 3868 1627 3926 illius
1674 3871 1754 3924 rei
1807 3871 2051 3929 testimo-

476 3963 627 4015 stium
668 3961 922 4030 reperiet.
956 3958 1047 4015 Sic
1074 3969 1254 4015 autem
1284 3960 1475 4017 scribit
1506 3979 1524 4016 :
1562 3981 1581 4015 ι
1613 3961 1937 4032 Postquam,
1963 3964 2054 4019 in-

477 4073 763 4143 telligitur.
788 4073 955 4129 Docet
985 4074 1036 4129 id
1064 4073 1391 4132 Plutarchus
1426 4078 1477 4131 in
1510 4077 1647 4133 libro
1674 4077 1952 4144 Quomodo
1981 4080 2055 4134 le-

476 4143 765 4233 gendi’sin't
796 4155 981 4233 post?
1001 4161 1020 4199 :
1048 4146 1214 4233 ,Ἔχει
1243 4147 1327 4233 δέ⁸
1348 4143 1725 4233 ἀναθεώρησιν
1780 4149 2057 4233 ὠφέλιμον

475 4215 571 4289 επὶ
598 4214 706 4267 τῶν
720 4213 1172 4289 ’διαϐεϐλημένων
1213 4216 1466 4289 ,μάλιστα
1515 4213 1734 4289 μῦθων·
1795 4213 1890 4284 οὓς
1935 4213 2059 4285 ταὲς

477 4284 662 4362 πάλαε
679 4285 783 4362 μεν
810 4284 1104 4353 ὑπονοίαις,
1141 4284 1493 4362 ἀλληγορίαις
1516 4284 1580 4362 ’δέ
1610 4289 1706 4362 ν-ῠν
1738 4284 2058 4362 λεγομέναις

476 4353 964 4427 παραϐιαζόμενοι,
997 4370 1107 4427 etc.
1142 4357 1220 4412 Ita
1258 4353 1406 4414 certe
1439 4360 1581 4427 apud
1626 4353 1909 4415 Platonem
1962 4353 2056 4415 su;

478 4425 898 4500 ruittt_r_bn690ta
930 4428 980 4479 iu
1005 4426 1100 4500 lib.
1135 4443 1175 4483 ll
1207 4427 1283 4483 De
1324 4425 1611 4500 republica,
1644 4432 1748 4487 sub
1774 4430 1971 4497 linem;
2000 4442 2056 4486 et

477 4494 618 4564 apud
646 4494 925 4550 Philonem
957 4497 1121 4555 infra.

549 4565 664 4660 L65).
679 4566 1148 4660 .Xaméeﬂfis
1163 4569 1711 4660 sesesese:
1745 4566 2059 4660 sese
2091 4604 2137 4660 n

470 4634 702 4710 ρέσεως
754 4634 1338 4710 αὑτῶῖἀρχηγέται.
1395 4640 1511 4696 Jam
1554 4634 1715 4710 supra
1753 4634 2058 4707 docuimus,

478 4706 726 4779 Philonis
759 4706 1135 4779 Therapeultts
1160 4706 1404 4766 diversos
1454 4712 1525 4765 ab
1576 4706 1800 4766 Essenis
1853 4711 2046 4779 fuisse.

478 4775 671 4831 Restat
702 4791 843 4830 nunc
871 4775 1275 4846 ut'probemus.
1302 4794 1397 4835 eos
1428 4796 1533 4835 non
1572 4780 1739 4836 fuisse
1781 4776 2053 4837 Christia-

481 4861 604 4908 nos,
637 4846 815 4918 utsibi
843 4846 1070 4917 aliisque
1120 4853 1388 4918 persuasit
1436 4852 1724 4906 Eusebius.
1768 4850 2050 4906 Undenam

478 4930 615 4991 vero
649 4917 699 4991 id
728 4918 958 4991 probare
1013 4917 1213 4974 certius
1258 4937 1566 4990 possumus,
1620 4937 1782 4991 quam
1828 4937 1897 4975 ex
1952 4922 2054 4975 hoc

477 4985 722 5060 Philonis
758 4987 1064 5060 loco‘quem
1093 5005 1204 5060 prae
1234 4985 1481 5045 manibus
1506 4985 1785 5045 habemus.
1811 4991 1904 5044 Ait
1947 4991 2053 5060 igi-

478 5068 572 5110 tur
606 5056 780 5130 Philo,
810 5056 1063 5113 habuisse
1093 5056 1488 5130 ’Therapeutas
1541 5062 1749 5129 scripta
1807 5056 2051 5115 veterum

476 5128 836 5203 quorumdam
866 5143 979 5203 sua:
1011 5143 1171 5203 secta:
1206 5128 1494 5186 auctorum
1517 5172 1534 5197 ,
1562 5128 1667 5199 qui
1695 5131 1868 5203 legem
1916 5130 2054 5203 alle-

474 5196 657 5269 gorice
683 5199 1079 5266 exposuissent.
1106 5202 1385 5269 Quomodo
1444 5196 1678 5257 hate—de
1725 5196 2053 5256 Christianis

474 5267 647 5333 accipi
680 5280 938 5335 possunt,
974 5271 1062 5336 qui
1102 5267 1209 5326 tum
1271 5273 1465 5327 novelli
1516 5280 1677 5327 erant
1722 5280 1780 5324 et
1825 5271 2055 5325 nudius-

479 5339 670 5391 tertius
700 5340 843 5411 nati}?
864 5338 1120 5406 Quaenam
1148 5357 1277 5411 rogo
1326 5353 1453 5397 sunt
1506 5342 1707 5409 scripta
1744 5341 1837 5395 illa
1864 5357 1903 5411 ;7
1932 5341 2057 5411 qui-

475 5422 602 5461 nam
633 5408 832 5482 vetus_ti
858 5419 1108 5482 auctores
1135 5422 1188 5466 et
1208 5408 1488 5482 principes
1522 5408 1666 5466 illius
1703 5420 1863 5465 secta:
1886 5410 1911 5463 τ
1937 5408 2053 5482 Non

474 5486 624 5531 certe
646 5479 1032 5545 praphetarum
1059 5479 1351 5537 libriﬁﬂos
1382 5479 1529 5537 cnim
1582 5483 1785 5535 diserte
1817 5482 1884 5534 ab
1946 5479 2053 5534 illis

474 5558 694 5618 separat
731 5547 902 5602 Philo.
937 5549 1303 5618 Respondebit
1337 5553 1605 5607 Eusebius
1642 5565 1766 5606 esse
1819 5551 2051 5604 forsitan

472 5616 762 5692 Evangelia
790 5630 846 5673 et
869 5616 1134 5692 Epistolas
1155 5626 1559 5692 apostolorum;
1579 5622 1673 5676 sed
1701 5622 1814 5675 hac
1832 5620 2055 5692 vixdum

476 5690 691 5759 scripta
712 5698 870 5744 erant
895 5690 1140 5746 Philonis
1168 5689 1370 5747 male:
1414 5694 1613 5745 nedum
1650 5703 1709 5742 ut
1734 5689 1966 5759 apostoli
2001 5695 2057 5743 et

474 5757 822 5824 evangelista
855 5776 954 5828 pro
983 5763 1214 5816 vetustis
1240 5761 1555 5815 auctoribus
1606 5757 1795 5815 haberi
1857 5761 2055 5815 etiam-

477 5838 590 5880 tum
619 5841 861 5892 possent.
887 5834 1186 5898 pra-sertim
1222 5846 1252 5884 a
1280 5831 1527 5890 Philone.
1575 5831 1666 5897 qui
1697 5839 1754 5899 et
1797 5828 2055 5899 apostoli-

482 5910 673 5952 cortrm
698 5908 999 5967 tempmum
1034 5901 1134 5955 fuit
1166 5901 1411 5962 aequalis.
1444 5908 1501 5953 et
1547 5915 1669 5955 cum
1699 5898 1867 5955 Petro
1890 5898 2051 5953 latiti-

2154 3335 2322 3390 ματος
2347 3317 2609 3384 ἀνάγκας,
2642 3315 2763 3369 ὅθεν
2789 3314 2866 3385 τῷ
2890 3316 2987 3385 μὲν
3034 3313 3267 3385 ἡμέραν,
3294 3315 3415 3376 ταῖς
3445 3312 3503 3366 δὲ
3538 3311 3735 3377 νυκτὸς

2153 3409 2329 3484 βραχύ
2358 3426 2410 3462 τι
2449 3410 2612 3480 μέρος
2636 3407 2957 3477 ἀπένειμαν.
3009 3407 3181 3460 ΙἘνιοι
3210 3406 3266 3459 δὲ
3306 3405 3400 3458 καὶ
3431 3403 3518 3458 διά
3565 3403 3733 3476 τριῶν

2149 3502 2373 3575 ἡμερῶν
2400 3501 2908 3573 ὑπομιμνήσκονται
2937 3497 3166 3571 τροφῆς,
3184 3491 3266 3560 οἷς
3281 3484 3495 3550 ’πλείων
3517 3498 3546 3550 ὁ
3571 3496 3734 3560 modo;

2149 3596 2460 3667 ἐπιστήμης
2488 3592 2792 3664 ἐνίδρυται,
2839 3592 2980 3653 τινὲς
3011 3589 3056 3642 δ’
3085 3589 3258 3652 οὕτως
3290 3589 3733 3662 ὲνευφραίνονται

2155 3686 2252 3740 καὶ
2276 3684 2554 3759 τρυφῶσιν
2588 3683 2694 3737 ὑπὸ
2738 3683 2929 3752 σοφίας
2970 3681 3291 3753 ἑστιώμενοι
3326 3681 3595 3744 πλουσίως
3639 3682 3736 3734 καὶ

2158 3778 2406 3847 ἀφθόνως
2431 3777 2498 3831 τὰ
2511 3777 2757 3848 δόγματα
2783 3774 3149 3848 χορηγούσης,
3167 3775 3249 3839 ὡς
3270 3775 3364 3829 καὶ
3392 3773 3530 3846 πρὸς
3554 3773 3738 3828 διιιτλα⁶

2161 3871 2313 3926 σίονα
2349 3870 2538 3942 χρόνον
2567 3854 2812 3940 ἀντέχειν
2849 3869 2944 3921 καὶ
2990 3867 3149 3938 μόγις
3171 3867 3236 3921 δι’
3267 3868 3325 3933 ἒξ
3358 3866 3581 3938 ἡμερῶν
3603 3867 3735 3919 ἀπο-

2159 3964 2413 4037 γεύεσθαι
2437 3964 2641 4036 τροφῆς
2661 3961 2966 4032 ἀναγκαίας
2992 3959 3292 4023 ἐθισθέντες
3309 3958 3439 4030 (65).
3469 3977 3488 4011 ι
3521 3959 3737 4021 Ταύτας

2159 4082 2369 4135 liariter
2392 4079 2576 4133 Roma:
2602 4088 2856 4133 versatus
2885 4085 2991 4137 est.
3019 4074 3063 4129 sl
3090 4075 3322 4130 Eusebio
3338 4074 3629 4128 credimus.
3652 4074 3732 4126 An

2159 4168 2265 4206 non
2300 4165 2365 4205 ex
2396 4151 2480 4203 his
2504 4161 2691 4217 aperte
2735 4148 3029 4211 colligitur,
3065 4145 3347 4217 Philonem
3379 4159 3446 4198 eo
3499 4146 3551 4195 in
3600 4144 3736 4196 lihm

2158 4225 2226 4276 de
2251 4215 2577 4276 Christianis
2608 4234 2717 4272 non
2748 4217 2935 4286 loqui?
2978 4218 3114 4271 Sunt
3163 4224 3219 4270 et
3257 4215 3361 4267 alia
3415 4227 3733 4286 argumenta

2158 4306 2221 4361 ex
2252 4291 2451 4361 quibus
2476 4290 2616 4361 idem
2643 4282 2863 4358 probari
2889 4294 3190 4361 potest,_t_t_t
3240 4299 3363 4337 eum
3405 4285 3543 4361 dicit
3581 4282 3735 4361 Philo

2159 4353 2526 4428 The'rapeutas
2590 4353 2671 4412 bis
2699 4353 2925 4428 tantum
2960 4355 3211 4428 quotidie
3263 4369 3457 4428 preces
3518 4353 3731 4428 recisam2

2158 4424 2371 4486 oriente
2394 4429 2605 4483 scilicet
2630 4427 2746 4483 sole
2777 4437 2831 4481 et
2852 4424 3167 4481 occidente:
3193 4426 3346 4493 quasi
3382 4438 3510 4478 vero
3573 4424 3732 4488 primi

2164 4500 2458 4554 Christiani
2490 4514 2596 4552 nou
2635 4497 2817 4558 tertia.
2845 4507 2996 4550 sexta
3052 4505 3108 4550 et
3163 4509 3304 4549 noua
3359 4494 3512 4557 hora,
3562 4502 3627 4545 ut-
3679 4493 3732 4546 iu

2166 4571 2391 4625 Actibus
2414 4569 2634 4639 legitur,
2683 4578 2736 4622 et
2766 4566 3121 4639 singulisnon
3161 4563 3265 4618 diei
3319 4565 3494 4639 modo.
3525 4565 3622 4639 ἕξει
3681 4571 3736 4615 et

2165 4643 2341 4695 noctis
2371 4630 2521 4694 horis
2547 4630 2714 4694 Deum
2746 4630 3045 4690 oraverint.
3077 4634 3204 4688 Item
3232 4636 3375 4702 quod
3409 4636 3483 4686 ait
3525 4630 3735 4685 Thera-

2155 4723 2344 4779 peutas
2363 4710 2594 4781 hymnos
2623 4717 2679 4761 et
2707 4708 2920 4781 cantica
2949 4705 3107 4781 vario
3124 4714 3418 4758 metrorum
3446 4717 3643 4773 genere
3678 4703 3731 4781 in

2154 4774 2421 4835 honorem
2450 4778 2543 4831 Dei
2572 4778 2969 4844 composuisse,
3009 4775 3207 4829 cadere
3255 4789 3362 4827 non
3436 4783 3614 4841 potest
3677 4774 3730 4825 iu

2155 4853 2445 4919 primmvos
2503 4848 2626 4902 illos
2674 4846 3033 4901 Christianos.
3102 4844 3293 4899 Serius
3348 4846 3530 4919 enitu_
3566 4858 3733 4896 novos

2157 4913 2389 4991 hymnos
2438 4928 2736 4973 contexere
2794 4921 3101 4991 emperunt,
3147 4923 3284 4991 post
3334 4913 3730 4991 Autouitmrum

2155 4985 2361 5046 scilicet
2390 4999 2657 5058 tempora,
2704 5001 2825 5039 cum
2874 4985 2991 5058 viri_
3014 4985 3159 5037 docti
3209 4997 3329 5038 sese
3362 4985 3428 5036 ad
3458 4995 3729 5058 _n0str_:_u_u

2156 5061 2475 5128 religionem
2504 5052 2924 5127 'appliculssent.
2966 5052 3087 5128 Jam
3150 5068 3279 5107 vero
3332 5053 3473 5121 quod
3540 5053 3733 5128 scribit

2155 5124 2334 5192 Philo.
2393 5124 2764 5196 Therapeutas
2812 5125 3276 5196 per_universurn
3319 5137 3496 5196 prope,
3534 5124 3723 5176 orbem

2157 5199 2381 5254 diffusos
2409 5192 2594 5261 fuisse,
2628 5195 2722 5249 sed
2753 5192 3094 5262 potissimum
3124 5195 3176 5248 in
3211 5192 3445 5264 Egypto
3475 5195 3733 5264 frequen-

2157 5278 2241 5323 tes
2270 5270 2435 5323 l'uisse
2457 5309 2474 5333 ,
2505 5278 2561 5321 et
2592 5266 2938 5319 Mareoticum
2978 5262 3359 5333 przelecturam
3407 5263 3573 5317 fuisse
3625 5262 3733 5333 illis

2157 5341 2336 5393 instar
2367 5337 2577 5407 patriae,
2619 5336 2672 5388 iu
2714 5332 3335 5407 quamgprz’estautissimi
3369 5333 3572 5407 quique
3610 5332 3732 5385 illo-

2156 5424 2276 5463 rum
2305 5405 2509 5463 relictis
2545 5407 2738 5475 patriis
2766 5405 2987 5460 sedibus
3038 5406 3277 5473 migrare
3326 5405 3472 5475 soliti
3518 5412 3728 5475 essent,

2157 5479 2430 5546 quomodo
2454 5477 2521 5531 de
2548 5474 2877 5531 Christianis
2903 5474 3010 5528 dici
3039 5484 3236 5543 potest,
3268 5474 3359 5541 qui
3387 5483 3441 5525 et
3463 5474 3731 5540 paucissi-

2158 5549 2230 5601 mi
2256 5559 2382 5601 tunc
2407 5559 2586 5610 erant,
2618 5561 2716 5600 nec
2747 5547 2978 5616 patriam
3019 5546 3119 5600 sibi
3153 5546 3318 5616 ullam
3360 5557 3481 5598 esse
3533 5553 3733 5614 praeter

2157 5619 2431 5673 ctelestem
2456 5616 2752 5671 Jerusalem
2783 5615 3198 5669 existimabant?

2229 5687 2340 5757 (65)
2380 5687 2771 5753 Ἐθισθέντες.
2805 5686 2912 5738 Aut
2944 5686 3057 5738 haec
3101 5700 3200 5757 vox
3234 5682 3456 5757 delenda
3494 5689 3734 5757 est,_aut

2157 5751 2460 5824 adjicienda
2491 5769 2640 5820 sunt,
2668 5751 2789 5824 qua:
2816 5765 3115 5825 sequuntur
3140 5755 3193 5807 in
3234 5752 3466 5825 Philone
3490 5751 3731 5825 ἐθισθέν-

2155 5821 2247 5892 τες
2266 5827 2453 5901 ῶσπερ
2487 5829 2618 5899 φασι
2669 5821 2729 5880 τὸ
2778 5821 2909 5880 16W
2936 5824 3194 5893 τεττίγων
3242 5821 3396 5891 γένος
3447 5822 3567 5892 ἀέρι
3616 5822 3733 5892 τρέ-

2158 5900 2374 5959 φεσθαι.
2426 5900 2434 5901 ί
3114 5924 3127 5935 ο
