4192 6398
427 370 525 430 {Si

1450 356 1813 415 HISTORIA;
1846 353 2404 411 ECCLESIASTICIE
2444 353 2573 412 LIB.
2612 351 2677 409 Π.

3577 354 3674 409 182

424 487 519 544 τοῦ
545 486 776 549 Φίλωνος
805 485 997 553 σαφεῖς
1027 482 1122 535 καὶ
1142 478 1572 551 ἀναπιρῤήτους
1599 478 1854 551 περὶτῶν
1884 476 2005 530 καθ’

2109 476 2249 545 quit,
2287 475 2698 544 temperantiam
2732 481 2985 542 tanquam
3012 471 3419 528 fundamentum
3440 455 3695 544 'aliqumb

426 579 577 651 ἡμᾶς
617 576 882 647 ὑπάρχειν
928 570 1210 643 ἡγούμεθα
1261 567 1456 632 λέξεις.
1493 568 1555 621 Εἰ
1596 567 1639 620 δ’
1669 568 1762 620 ἐπὶ
1798 565 2006 628 τούτοις

425 669 719 738 ἀντιλέγων
756 683 838 730 τις
869 665 951 718 ἐτι
981 653 1354 735 σκληρύνοιτο,
1395 659 1492 714 καὶ
1533 658 1704 724 οὕτως
1733 658 2007 712 ἀπαλλατ-

426 761 604 817 τέσθω
648 759 749 830 τῆς
794 755 1158 817 δυσπιστίας,
1215 750 1641 822 ἐναργεστέρως
1694 747 2006 821 πειθαρχῶν

430 851 790 919 ἀποδείξεσιν,
821 848 887 913 ἀς
912 848 974 901 οὺ
1001 846 1155 920 παρά
1178 861 1340 911 τισιν,
1375 843 1407 914 ἢ
1445 843 1583 916 μόνῃ
1619 846 1685 914 τῇ
1729 842 1841 896 τῶν
1873 844 2008 914 Χρι-

433 943 667 999 στιανῶν
694 942 874 1013 εὑρεῖν
903 939 1079 994 ἔνεστι
1109 935 1250 991 κατά
1281 935 1342 988 τὸ
1363 934 1693 1003 Εὐαγγέλιον
1718 932 2004 1004 θρησκείᾳ.

426 1030 566 1101 Φησὶ
624 1030 731 1100 γὰρ
790 1033 901 1096 τοῖς
934 1031 1059 1101 περὶ
1088 1023 1161 1083 ὧν
1194 1027 1222 1080 ὁ
1266 1026 1443 1095 λόγος,
1473 1026 1568 1080 καὶ
1593 1028 1853 1095 γυναῖκας
1883 1042 2007 1080 συν-

435 1129 574 1182 εῖναι
626 1119 700 1181 ὧν
744 1125 802 1179 αἰ
843 1123 1091 1176 πλεῖσται
1125 1118 1391 1189 γηραλέαι
1431 1118 1758 1188 τυγχάνουσι
1798 1117 2016 1194 παρθέη

437 1234 537 1280 νοι,
562 1216 659 1286 τὴν
693 1213 914 1283 ἁγνείαν
934 1211 1035 1265 οὐκ
1063 1209 1297 1281 ἀνάγκῃ,
1314 1206 1563 1278 καθάπερ
1590 1206 1728 1260 ἔνιαι
1752 1206 1860 1259 τῶν
1876 1208 2003 1277 παρ’

440 1305 690 1376 Ἕλλησιν
719 1302 949 1375 ίερειῶν,
984 1299 1287 1370 φυλάξασαι
1316 1297 1536 1368 μᾶλλον,
1569 1297 1602 1366 ἢ
1627 1297 1747 1350 καθ’
1764 1296 2006 1351 ἑκούσιον

437 1396 678 1469 γνώμην,
711 1395 799 1450 διὰ
850 1394 1008 1464 ζῆλον
1063 1392 1157 1446 καὶ
1205 1390 1368 1444 πόθον
1419 1390 1607 1459 σοφίας
1744 1389 2006 1461 συμϐιοῦν

437 1489 821 1546 σπουδάσασαι.
857 1485 964 1539 τῶν
998 1483 1127 1554 περὶ
1165 1482 1226 1535 τὺ
1259 1481 1417 1553 σῶμα
1460 1480 1662 1552 ἡδονῶν
1709 1482 2003 1553 ὴλόγησαν,

432 1581 494 1634 ού
546 1578 755 1651 θνητῶν
788 1579 1058 1648 ἐκγόνων,
1115 1576 1230 1631 ἀλλ’
1264 1574 1544 1630 ἀθανάτων
1591 1572 1918 1647 ὀρεχθεῖσαι,
1971 1573 2008 1628 ἃ

435 1672 571 1743 μόνη
618 1673 823 1725 τίκτειν
867 1673 959 1740 ἀφ’
984 1671 1185 1741 ἑαυτῆς
1226 1670 1320 1724 οἶα
1366 1685 1427 1721 τε
1479 1667 1626 1720 ἐστὶν
1669 1669 1703 1737 ἠ
1755 1666 2006 1738 θεοφιλὴς

430 1758 598 1831 ψυχή.
654 1757 767 1816 Εἶθ’
833 1759 1185 1823 ὑποκαταϐὰς
1216 1754 1688 1830 ἐμφαντικώτερον
1733 1757 2005 1810 ἐκτίθεται

429 1852 528 1905 καὶ
560 1850 749 1904 ταῦτα·
788 1870 807 1902 ι
845 1852 908 1905 Αἰ
950 1851 993 1904 δ’
1022 1850 1309 1923 ἐξηγήσεις
1338 1849 1447 1903 τῶν
1477 1847 1636 1920 ἱερῶν
1661 1848 2003 1919 γραμμάτων

431 1942 673 2009 γίνονται
704 1942 885 2006 αὐτοῖς
905 1942 985 2001 ,δι’
1020 1941 1283 1996 ὑπονοιῶν
1315 1942 1372 1994 ἐν
1405 1939 2003 2009 ἀλληγορίαις.”Απασα

433 2031 543 2103 γὰρ
578 2034 610 2103 ἡ
651 2032 942 2102 νομοθεσία
969 2032 1118 2086 δοκεῖ
1146 2036 1258 2097 τοῖς
1286 2031 1510 2103 ἀνδράσι
1537 2029 1745 2093 τούτοις
1773 2030 2005 2085 ἐοικέναι

433 2121 577 2194 ζώῳ,
616 2122 710 2177 καὶ
744 2122 901 2194 σῶμα
945 2124 1042 2194 μὲν
1086 2124 1230 2195 ἔχειν
1256 2123 1355 2186 τὰς
1399 2121 1568 2194 ῥητὰς
1598 2119 1792 2187 λέξεις,
1826 2120 2004 2192 ψυχὴν

430 2210 488 2265 δὲ
525 2213 616 2268 τὸν
655 2214 1080 2286 ἐναποκείμενον
1106 2217 1229 2277 ταῖς
1273 2214 1481 2279 λέξεσιν
1515 2212 1742 2283 ἀόρατον
1774 2212 1919 2275 νοῦν,
1945 2212 2005 2267 ὃν

431 2304 633 2376 ἤρξατο
655 2305 1018 2376 διαφερόντως
1041 2308 1074 2377 ἡ
1101 2305 1365 2379 θρησκεία
1388 2303 1525 2375 αῦτη
1551 2304 1791 2377 θεωρεῖν,
1813 2304 1888 2369 ὡς
1917 2304 2005 2359 διὰ

430 2396 738 2469 κατόπτρου
765 2396 873 2450 τῶν
903 2398 1203 2468 ὀνομάτων,
1249 2395 1460 2461 ἐξαίσια
1499 2394 1670 2469 κάλλη
1720 2397 2005 2468 νοημάτων

434 2487 808 2558 ἐμφαινόμενα
851 2486 1164 2541 κατιδοῦσα.
1202 2507 1221 2538 ι
1260 2486 1331 2540 Τί
1357 2487 1439 2541 δεῖ
1474 2486 1681 2551 τούτοις
1733 2486 2006 2555 ἐπιλέγειν

431 2579 529 2641 τὰς
550 2579 643 2632 ἐπὶ
672 2579 863 2632 ταύτὸν
893 2579 1161 2643 συνόδους,
1196 2579 1290 2632 καὶ
1338 2578 1439 2642 τὰς
1492 2579 1597 2650 ἰδίᾳ
1633 2578 1731 2649 μὲν
1773 2576 2001 2648 ἀνδρῶν,

436 2666 542 2740 [δίᾳ
571 2667 631 2721 δὲ
679 2669 953 2737 γυναικῶν
984 2672 1040 2724 ἐν
1071 2669 1254 2741 ταύτῷ
1309 2669 1613 2742 διατριϐάς,
1647 2669 1742 2723 καὶ
1804 2668 1902 2732 τὰς
1944 2669 2012 2735 ἐξ

431 2759 587 2825 ἔθους
633 2763 800 2815 εἰσέτι
854 2764 948 2817 καὶ
1013 2763 1108 2817 νῦν
1169 2763 1307 2835 πρὸς
1373 2763 1533 2834 ἡμῶν
1586 2762 2005 2833 ἐπιτελουμένας

431 2849 710 2920 ἀσκήσεις,
746 2851 811 2917 ἃς
857 2853 1219 2927 διαφερόντως
1260 2853 1402 2908 κατὰ
1447 2855 1548 2926 τὴν
1588 2854 1682 2908 τοῦ
1732 2854 2001 2926 σωτηρίου

432 2941 636 3007 πάθους
685 2946 898 3017 ἑορτὴν,
936 2948 993 2999 ἐν
1041 2947 1279 3011 ἀσιτίαις
1334 2948 1429 3001 καὶ
1469 2946 2000 3020 διανυκτερεύσεσιν,

433 3040 726 3107 προσοχαῖς
767 3056 826 3092 τε
881 3040 988 3094 τῶν
1029 3040 1186 3095 θείων
1215 3041 1390 3110 λόγων
1423 3043 1660 3097 ἐκτελεῖν
1708 3041 1999 3115 εἰώθαμεν.

2110 567 2163 621 ἰη
2200 567 2397 622 animis
2422 566 2534 621 suis
2576 566 2846 636 iecerunt,
2894 561 3131 633 reliquas
3161 553 3418 634 deinceps
3446 564 3678 620 virtutes

2108 665 2515 727 superstruunt.
2548 656 2741 712 Cibum
2769 658 2912 711 enim
2948 663 3244 726 potumque
3273 669 3435 709 nemo
3460 654 3674 709 illorum

2109 762 2237 806 ante
2266 751 2398 807 solis
2434 765 2688 806 occasum
2719 764 2960 819 unquam
2994 748 3308 818 sumpserit.
3335 747 3542 817 Quippe
3565 747 3695 815 phio~

2108 844 2368 914 losophite
2415 843 2652 898 studium
2701 842 2809 897 luci
2853 843 3150 897 convenire
3197 859 3212 896 :
3260 856 3446 895 curam
3490 849 3675 894 autem

2107 936 2352 1003 corporis
2401 934 2637 991 tenebris
2679 933 2891 1003 dignam
2929 947 3050 990 esse
3103 932 3435 987 existimant.
3487 929 3700 1000 Itaque-

2108 1025 2182 1081 illi
2211 1025 2426 1095 quidem
2455 1024 2635 1078 studio
2665 1033 2831 1080 totum
2873 1024 3019 1079 diem
3045 1065 3062 1090 ,
3088 1022 3336 1092 corporis
3366 1030 3545 1076 autem
3580 1035 3677 1076 ne.

2108 1117 2454 1173 cessitatihus
2470 1117 2722 1188 exiguam
2743 1117 2916 1173 noctis
2935 1124 3140 1186 partem
3166 1117 3512 1187 deputarunt.
3530 1113 3693 1169 Non»

2107 1206 2240 1261 nulli
2286 1222 2470 1261 eorum
2523 1217 2636 1263 toto
2682 1207 2864 1263 triduo
2914 1209 3096 1262 cibum
3142 1221 3336 1276 capere
3377 1207 3672 1272 omittunt,

2108 1297 2237 1351 dum
2267 1299 2564 1353 ardentiori
2603 1300 2843 1355 discendi
2888 1298 3182 1368 cupiditate
3208 1300 3512 1367 rapiuntur.
3542 1297 3676 1365 Qui-

2107 1388 2229 1442 dam
2274 1405 2400 1444 vero
2438 1401 2545 1445 tam
2584 1390 2883 1446 incredibili
2910 1390 3203 1458 voluptate,
3231 1389 3506 1458 tantisque
3530 1387 3673 1442 deli-

2106 1484 2206 1538 ciis
2237 1482 2658 1552 perfunduntur,
2687 1481 2811 1536 dum
2845 1490 3145 1551 pascuntur
3175 1481 3347 1550 epulis
3374 1480 3673 1550 sapientiae,

2106 1589 2226 1644 quae
2283 1574 2522 1629 salubria
2573 1573 2707 1645 ipsis
2754 1581 3022 1644 praecepta
3070 1584 3328 1641 tanquam
3390 1573 3715 1642 opiparem.

2106 1666 2416 1722 convivium
2457 1667 2717 1736 apponit,
2749 1676 2809 1720 ut
2836 1665 2999 1735 duplo
3034 1664 3236 1719 diutius
3275 1663 3468 1719 famem
3496 1661 3700 1732 periei

2106 1766 2268 1820 rant,
2315 1772 2380 1811 ac
2426 1758 2513 1810 vix
2547 1767 2702 1811 sexto
2745 1757 2830 1811 die
2873 1771 3238 1812 necessarium
3287 1755 3466 1809 cibum
3505 1753 3685 1823 degu-.

2106 1859 2270 1905 stent.
2306 1868 2326 1902 ι
2365 1848 2490 1905 Haec
2512 1848 2755 1903 Philonis
2781 1848 2950 1903 verba
2974 1848 3059 1902 de»
3078 1848 3270 1917 primis
3302 1854 3520 1901 nostra.
3543 1841 3679 1897 relio‘

2105 1942 2280 2012 gionis
2316 1940 2451 1996 viris
2500 1941 2785 2010 perSpicue
2831 1948 2886 1994 et
2929 1940 3141 2009 absque
3184 1939 3298 1994 ulla‘
3340 1937 3687 1993 dubitatione

2106 2034 2249 2088 dicta
2277 2048 2397 2088 esse
2439 2033 2698 2090 arbitror.
2732 2032 2888 2099 Quod
2933 2033 2979 2088 si
3006 2033 3130 2103 quis
3156 2031 3332 2086 adhuc
3381 2030 3689 2101 pertinaci—

2110 2132 2191 2178 ter
2234 2125 2315 2178 his
2342 2123 2603 2194 refragari
2651 2123 2890 2178 voluerit
2915 2167 2929 2190 ,
2966 2123 3011 2177 is
3039 2120 3507 2177 manifestioribus
3547 2136 3685 2177 con-

2107 2215 2284 2268 victus
2307 2214 2525 2269 indiciis
2555 2255 2569 2277 ,
2598 2226 2719 2281 qua:
2751 2228 2857 2266 non
2894 2212 3021 2267 alibi
3051 2227 3215 2282 quam
3247 2212 3300 2265 in
3330 2208 3677 2265 Christiano-

2107 2319 2226 2358 rum
2255 2304 2515 2378 religione
2543 2306 2609 2359 ad
2656 2304 2938 2374 Evangelii
2969 2318 3221 2358 normam
3266 2302 3567 2371 composita
3592 2315 3689 2354 res

2106 2398 2408 2465 pariuntur,
2455 2398 2806 2465 pertinaciam
2837 2411 2991 2451 suam
3049 2395 3262 2450 tandem
3308 2394 3549 2463 abjiciat.
3588 2392 3682 2446 Ait

2107 2490 2272 2560 igitur
2316 2488 2469 2545 Philo
2494 2506 2615 2544 cum
2647 2491 2730 2546 his
2757 2490 2889 2545 viris
2915 2491 2983 2545 de
3031 2489 3228 2559 quibus
3249 2488 3399 2561 ﬁam;
3418 2488 3703 2555 diximus,

2107 2584 2311 2636 versari
2357 2583 2517 2636 etiam
2559 2582 2798 2636 feminas
2830 2582 3089 2652 quasdam
3114 2621 3130 2646 ,
3162 2597 3390 2650 quarum
3435 2582 3683 2652 plurima:

2106 2676 2173 2729 ad
2215 2682 2513 2729 extremam
2554 2690 2726 2745 usque
2767 2684 3102 2730 senectutem
3155 2673 3390 2742 virgines
3435 2682 3677 2727 manent.

2106 2765 2236 2833 Quae
2286 2767 2500 2836 quidem
2555 2781 2659 2821 non
2707 2776 2910 2822 coactae
2944 2765 3270 2821 necessitate
3310 2772 3370 2818 ut
3410 2763 3687 2834 pleraeque

2105 2855 2246 2926 apud
2270 2855 2487 2912 Graecos
2515 2858 2861 2923 sacerdotes,
2889 2858 2983 2913 sed
3017 2873 3115 2913 sua
3151 2867 3345 2926 sponte
3371 2856 3690 2911 castitatem

2106 2951 2354 3020 corporis
2394 2953 2811 3018 custodierunt-7,
2861 2952 3054 3007 illectae
3097 2965 3283 3006 amore
3316 2964 3380 3004 ac
3409 2948 3683 3004 desiderio

2103 3039 2419 3110 sapientiae;
2466 3042 2520 3097 in
2545 3043 2706 3114 cujus
2740 3042 3026 3112 complexu
3055 3057 3119 3096 ac
3169 3042 3525 3097 contubernio
3548 3039 3678 3094 dum

434 3126 612 3199 Ἀπερ
654 3131 949 3202 ἐπακριϐὲς
999 3130 1092 3185 τὸν
1142 3132 1305 3187 αὑτὸν
1364 3132 1472 3204 (66)
1498 3134 1556 3188 ὃν
1601 3134 1695 3188 καὶ
1727 3136 1805 3200 είς
1847 3134 2005 3206 δεῦρο

2106 3133 2273 3188 vitam
2302 3149 2519 3189 onmem
2552 3133 2836 3189 traducere
2866 3135 3124 3203 cupiunt,
3154 3145 3408 3205 sprevere
3432 3130 3681 3202 corporis

430 3218 725 3291 τετήρηται
776 3221 924 3294 παρὰ
973 3222 1150 3294 μόνοις
1200 3226 1330 3297 ἡμῖν
1388 3223 1607 3294 τρόπον,
1660 3224 1998 3297 ἐπισημηνά-

434 3326 593 3381 μενος
635 3315 664 3366 ὀ
715 3312 971 3385 δηλωθεὶς
1002 3316 1172 3386 ἀνὴρ,
1222 3320 1290 3388 τῇ
1350 3318 1458 3388 ἰδίᾳ
1503 3317 1849 3387 παραδέδωκε
1874 3334 2008 3389 γραο

433 3404 507 3472 φῇ
556 3418 570 3433 ⁸
630 3404 724 3457 καὶ
769 3404 1001 3477 μάλιστα
1053 3406 1151 3471 τὰς
1194 3409 1293 3479 τῆς
1348 3408 1590 3479 μεγάλης
1649 3410 1844 3480 ἑορτῆς
1889 3408 2001 3481 (67)

433 3496 763 3566 παννυχίδας
796 3496 927 3568 (68),
962 3498 1057 3550 καὶ
1079 3498 1177 3562 τὰς
1210 3500 1268 3552 ἐν
1302 3499 1528 3562 ταύταις
1556 3500 1848 3571 ἀσκήσεις,
1879 3499 2007 3563 τούς

508 3604 617 3679 (66)
657 3605 1002 3679 ’ῌπακρ-ιᾷὲς
1033 3606 1366 3679 τὸζαῄτόν.
1391 3606 1588 3679 ΔῐῗιιιιΙο
1623 3607 1781 3679 aliter
1828 3607 2001 3679 nostri

439 3674 656 3730 codices
684 3675 845 3733 Maz...
873 3674 1011 3728 Med.
1035 3687 1082 3726 et
1122 3674 1281 3736 Fnk.,
1312 3676 1402 3744 qui
1452 3678 1523 3730 ita
1554 3677 1813 3744 scriptum
1847 3678 2006 3729 exhi-

437 3745 560 3799 bent
588 3765 602 3802 :
626 3744 780 3799 ἃκαὶ
827 3744 1287 3817 ἐπακριϐέστερον
1328 3746 1490 3809 αὐτὸς
1530 3746 1589 3799 ὃν
1636 3747 1729 3800 καὶ
1783 3747 1862 3810 είς
1887 3746 2007 3799 δεῦ-

440 3833 524 3887 ρο,
542 3828 655 3870 etc.

440 3963 450 3966 _
508 3887 622 3957 (67)
654 3882 768 3966 ζῇς
793 3884 1062 3966 μεγάλης
1090 3884 1301 3966 ἑορτῆς
1319 3884 1714 3966 παννιλχίδᾳςς
1752 3884 2008 3966 intelligit

434 3955 603 4010 totam
656 3955 801 4009 illam
863 3955 1252 4010 hchdomadem
1314 3972 1434 4023 quae
1487 3955 1775 4010 Paschales
1842 3956 2008 4010 ferias

437 4025 713 4097 praecedit,
742 4039 902 4097 quam
927 4024 1218 4097 Μεγάλην⁸
1248 4025 1547 4097 Ἐϐδομάδα
1597 4024 1768 4079 Grzeci
1811 4025 2001 4079 Patres

435 4094 725 4160 appellant.
755 4095 1093 4162 Epiphanius
1121 4094 1174 4148 in
1206 4094 1419 4151 hazresi}
1440 4096 1816 4149 Nazarxrorum
1848 4105 2002 4149 vocat

437 4164 708 4237 ἐσδομάδα
738 4162 1099 4237 τῶν-Πάσχων
1118 4205 1143 4229 ,
1168 4174 1227 4237 ut
1254 4175 1308 4219 et
1354 4166 1590 4237 Cyrillus
1649 4165 1702 4237 in
1756 4163 2003 4237 ilurniliis

435 4234 806 4289 Paschalibus.
838 4234 913 4287 Ex
945 4234 1051 4303 quo
1090 4235 1368 4300 discimus,
1400 4234 1791 4290 hebdomadem
1853 4234 1997 4289 illam

434 4304 490 4358 in
514 4304 885 4358 Alexandrina
921 4304 1158 4359 Ecclesia
1192 4319 1221 4357 a
1282 4305 1521 4360 secunda
1561 4305 1827 4357 duntaxat
1862 4304 1997 4360 feria

434 4374 722 4440 incepisse.
745 4374 835 4427 Ait
869 4383 1055 4428 autem
1091 4374 1427 4443 Epiphanius
1459 4374 1744 4429 Philonem
1784 4390 1880 4442 per
1905 4390 1999 4428 eos

432 4445 551 4515 dies
574 4443 793 4515 venisse
840 4446 907 4497 ad
963 4446 1297 4515 monasteria
1349 4444 1811 4515 Therapeutarum
1863 4459 2000 4515 quos

432 4514 548 4582 ipse
593 4512 833 4568 Jesszeos‘
867 4513 1132 4568 nominat.
1195 4514 1395 4569 Verum
1448 4519 1500 4568 in
1528 4512 1541 4515 ⁷
1567 4512 1810 4567 Philonis
1861 4513 2002 4569 libro
2037 4556 2080 4582 η
2108 4512 2432 4569 ostenditur.

2108 3223 2432 3292 voluptates,
2478 3236 2582 3278 nec
2627 3224 2902 3293 perituros
2966 3231 3157 3290 partus
3232 3221 3680 3288 concupiverunt,

2107 3316 2201 3373 sed
2249 3316 2431 3383 potius
2474 3314 2810 3370 immortales
2859 3312 3047 3369 fmtus.
3084 3312 3236 3380 Quos
3278 3310 3495 3380 quidem
3530 3311 3682 3365 solus

2121 3407 2334 3460 aninms
2357 3406 2549 3461 divino
2564 3403 2774 3459 Nnmini
2800 3404 3013 3458 dicatus
3035 3413 3091 3457 et
3118 3411 3372 3471 acceptus
3403 3418 3472 3457 ex
3501 3402 3683 3471 seipse

2110 3500 2271 3552 edere
2299 3506 2496 3566 petest.
2542 3495 2647 3566 57
2674 3494 2858 3549 Multis
2901 3494 3099 3550 deinde
3145 3492 3461 3562 interiectis,
3505 3493 3682 3549 diser-

2107 3614 2219 3660 mat
2250 3604 2541 3661 Eusebius.
2574 3606 2781 3661 Omitto
2815 3608 3046 3664 choreas
3076 3617 3131 3660 et
3177 3607 3490 3662 saltationes
3540 3609 3683 3666 Theo

2107 3687 2461 3746 rapeutarum
2490 3677 2542 3730 in
2574 3678 2682 3731 illis
2717 3678 3034 3746 pervigiliis,
3063 3693 3184 3746 quae
3231 3680 3412 3746 potius
3443 3681 3512 3734 ad
3548 3678 3682 3736 Bac-

2107 3745 2418 3818 chanalium
2472 3747 2779 3813 insaniam,
2839 3745 3115 3818 quanrad
3168 3745 3538 3803 Christianam
3592 3767 3685 3805 so-

2108 3815 2735 3889 brietatempertineut;
2768 3815 2893 3889 licet
2923 3816 3110 3889 Philop,
3145 3828 3335 3887 utpote
3363 3820 3540 3889 gentis
3571 3835 3683 3875 Sua:

2109 3885 2444 3954 philosophis
2478 3886 2669 3942 favens
2700 3926 2716 3952 ,
2747 3886 3015 3955 ejusmodi
3061 3885 3300 3943 furorem
3363 3885 3581 3945 sacrum
3617 3905 3683 3946 ac

2109 3955 2349 4009 sobrium
2385 3958 2648 4014 nominet.

2181 4022 2293 4095 (68)
2324 4027 2736 4101 ῌανψχίδας.
2758 4027 2959 4101 Paulo
2983 4043 3154 4101 supra
3208 4027 3686 4101 διανυκτερεύσεις

2106 4094 2207 4164 pro
2238 4094 2427 4164 eodem
2460 4096 2598 4149 dixit
2630 4099 2780 4150 :Kotl.
2816 4098 2916 4162 τὰς
2946 4097 3007 4164 ἐξ
3035 4094 3191 4162 ἔθους
3234 4100 3402 4151 εἰσέτι
3445 4094 3540 4153 καὶ
3587 4099 3695 4157 νῦν.

2108 4163 2246 4241 πρὸς
2268 4163 2423 4241 ἡμῶν
2449 4165 2865 4241 ἐπιτελουμένας
2896 4163 3180 4241 ἀσκήσεις,
3213 4167 3280 4241 ἀς
3317 4168 3684 4241 διαφερόντως

2105 4234 2258 4310 κοιτά
2292 4234 2391 4305 τὴν
2440 4235 2533 4288 τοῦ
2563 4234 2851 4310 -σωτηρίου
2881 4234 3085 4302 πάθους
3111 4238 3323 4310 ἑορτὴν,
3349 4234 3682 4310 ἐν-’άσιτίαις

2104 4306 2200 4359 καὶ
2229 4303 2753 4381 διανυκτερεύσεσινζ
2789 4312 3083 4381 προσοχαῖς
3124 4303 3183 4361 τε
3225 4303 3347 4381 τῶν.
3400 4308 3560 4363 θείων
3602 4308 3709 4363 λόὴ⁴

2106 4390 2242 4444 γων,
2270 4386 2375 4431 etc.
2408 4376 2511 4443 Qui
2540 4378 2690 4448 locus
2719 4376 2995 4448 imprimis
3034 4378 3307 4448 notandus
3336 4386 3441 4448 est,
3492 4388 3682 4447 utpote

2108 4460 2179 4499 ex
2212 4459 2320 4514 quo
2351 4447 2645 4513 antiquitas
2671 4445 2865 4516 jejunii
2903 4447 3181 4503 Paschalis
3229 4445 3682 4504 rinatiifestissinre

2486 4517 2745 4582 Quamvis
2796 4519 2942 4572 enim
2996 4518 3384 4579 concedamus,
3439 4517 3683 4572 Philonis

436 4556 578 4636 iiulla
616 4585 709 4653 lit_
726 4584 929 4638 mentio
989 4583 1271 4653 Paschalis
1326 4582 1710 4640 solemnitatis.
1762 4582 2006 4637 Meminit
2036 4556 2081 4611 Β
2111 4584 2291 4638 locum
2319 4600 2387 4639 ex
2411 4556 2549 4641 libro
2579 4586 2657 4639 De
2679 4556 3232 4653 viia‘oontem‘plativa,
3287 4556 3384 4639 de,
3412 4556 3669 4641 Christia:

433 4654 651 4725 quidem
683 4651 839 4707 Philo
893 4655 996 4722 τῆς
1049 4652 1311 4723 Μεγάλης
1369 4654 1615 4725 Ἐορτῆς,
1675 4653 1766 4725 ubi
1814 4653 2007 4725 scribit

436 4723 808 4790 ’l‘herapeutas
836 4737 1080 4777 seorsum
1105 4724 1307 4779 vixisse
1336 4726 1385 4778 in
1418 4723 1760 4778 monasteriis
1781 4764 1798 4788 ,
1837 4724 2002 4792 septi-

436 4807 523 4846 tno
553 4802 732 4844 autem
759 4808 979 4860 quoque
1012 4793 1099 4847 die
1128 4793 1181 4846 in
1228 4810 1390 4847 unum
1423 4794 1716 4847 convenire
1765 4794 1957 4849 solitus
1985 4810 2000 4846 :

435 4872 556 4928 post
585 4861 702 4932 dies
735 4875 865 4915 vero
896 4863 1100 4932 septies
1126 4873 1381 4931 septenos
1417 4863 1668 4918 convivia
1699 4862 2003 4932 frugalissi-

437 4946 522 4983 ma
563 4930 870 4985 celebrasse
898 4930 1018 4985 cuin
1050 4930 1268 4986 choreis
1294 4944 1349 4986 et
1369 4933 1597 4987 canticis
1626 4933 1678 4986 in
1741 4930 2003 4987 honorem

434 4999 532 5072 Dei
565 5001 902 5072 compositis.
933 5001 1144 5071 Quippe
1166 5017 1259 5056 eos
1303 5003 1689 5072 septenariumr
1715 5017 2002 5056 numerum

434 5070 706 5133 coluisse;
735 5084 835 5123 nec
861 5070 1781 5139 solumsimplicem'hebdomadem
1820 5073 1872 5126 in
1907 5074 2007 5126 ho—

433 5140 882 5211 norehabuisse,
913 5155 1100 5194 verum
1152 5143 1317 5195 etiam
1372 5142 1658 5211 repetitam
1700 5156 1765 5195 ac
1808 5158 1905 5210 per
1943 5157 2003 5196 se

434 5209 868 5284 multiplicatam,
910 5210 1109 5284 quippe
1131 5227 1253 5284 qqa:
1286 5209 1470 5282 vigilia
1504 5213 1600 5284 sit,
1625 5226 1720 5284 seu
1769 5209 2000 5284 προεόρ-

431 5295 545 5343 τιος
580 5270 786 5347 magnae
818 5270 1521 5344 festiviiatis,'Peritecostes
1552 5270 1829 5337 videlicet:
1875 5270 2002 5337 lii-c

433 5359 562 5422 sunt
586 5349 837 5422 Philonis
860 5350 1042 5422 verba,
1073 5365 1192 5418 qua:
1227 5351 1470 5420 profecto
1496 5352 1630 5404 nihil
1650 5349 1861 5407 faciunt
1904 5368 2001 5422 pro

434 5420 692 5474 Ellsebit).
724 5420 859 5473 Nam
921 5419 1153 5490 primum
1183 5419 1402 5489 quidem
1459 5422 1608 5476 I’hilo
1647 5419 2001 5478 hebdomadis

434 5491 656 5562 nomine
678 5491 972 5562 sabbatum
1005 5490 1275 5562 intelligit,
1318 5492 1464 5561 quod
1508 5492 1863 5560 'l'herapeutae
1911 5509 2001 5547 rc-

435 5558 626 5630 ligiose
652 5561 907 5615 colebant
936 5575 1004 5612 ex
1028 5558 1506 5630 Mosis‘praacepto,
1534 5572 1592 5614 ut
1628 5558 1792 5616 tradit
1820 5562 1998 5620 Philo.

434 5628 507 5682 At
532 5631 637 5702 hoc
660 5631 823 5702 longe
850 5630 1113 5702 abhorret
1155 5647 1185 5685 a
1216 5628 1697 5702 Christianorunr
1728 5633 1858 5699 ritu,
1903 5635 2000 5702 qui

438 5714 546 5752 non
595 5698 859 5763 Sabbata,
901 5701 993 5755 sed
1061 5701 1176 5754 dies
1240 5701 1549 5756 Dominicos
1620 5698 1996 5759 celebrabant.

442 5768 643 5847 iteinde
671 5770 933 5847 Μεγάλης
966 5769 1188 5842 Ἐορτῆς
1213 5771 1474 5827 vocabulo
1496 5771 1872 5847 Pentecostem
1900 5776 2000 5847 rde-

441 5840 644 5906 signari
671 5840 899 5906 ipsemet
928 5840 1175 5911 testatur,
1199 5858 1303 5900 non
1331 5853 1511 5899 autem
1529 5841 1758 5910 Pascha,
1783 5854 1839 5899 ut
1857 5845 1999 5899 allii-—

2111 4656 2194 4709 nis
2224 4668 2328 4709 nun
2353 4670 2476 4710 esse
2509 4656 2941 4725 intelligendum,
2983 4657 3557 4725 egginterpretat'tone
3599 4667 3682 4715 ta.-

2108 4739 2231 4777 men
2263 4725 2623 4797 Eusebii_hoc
2668 4723 2974 4797 colligimus
3008 4723 3340 4797 :Eusehium
3378 4743 3483 4781 non
3522 4727 3683 4781 dubi-

2109 4802 2254 4847 tasse
2308 4799 2436 4866 quin
2488 4794 2751 4850 Paschale
2800 4794 3066 4864 jejunium
3108 4795 3276 4866 Marci
3330 4797 3682 4866 evangelista:

2109 4865 2445 4931 temporibus
2471 4866 2584 4933 jam
2612 4875 2722 4919 tum
2763 4866 2813 4919 in
2841 4866 3086 4920 Ecclesia
3138 4865 3526 4921 celebraretur.
3568 4868 3683 4921 Cte-

2110 4942 2282 4987 terum
2309 4942 2366 4988 ut
2395 4935 2459 4987 ad
2485 4934 2810 5005 παννυχίδας
2835 4951 2927 4989 seu
2953 4935 3221 5004 pervigilia
3249 4935 3528 4992 Paschalis
3555 4935 3677 4991 festi

2107 5005 2414 5077 redeamus,
2444 5013 2510 5059 de
2534 5008 2723 5059 iisdem
2754 5007 2991 5077 loquitur
3019 5005 3280 5077 Eusebius
3307 5021 3428 5077 cap.
3457 5008 3511 5071 9,
3541 5006 3580 5059 l.
3601 5022 3675 5071 vl,
3740 5038 3741 5041 η

2106 5074 2196 5148 ubi
2251 5075 2365 5148 agit
2422 5074 3121 5148 de,iniraculiséNarcissi
3174 5074 3679 5148 liierosbiymorum

2105 5145 2346 5213 episcopi
2376 5160 2390 5207 ;
2421 5156 2470 5198 et
2508 5146 2558 5198 in
2587 5146 2729 5198 libro
2756 5161 2807 5197 tv
2834 5144 2913 5202 De
2944 5147 3048 5205 vita
3091 5144 3440 5212 Constantini,
3489 5162 3539 5200 c.
3578 5146 3675 5213 '29.,

2102 5212 2203 5284 τὴν
2244 5213 2395 5285 ἱερὰν
2440 5213 2878 5285 διανυκτέρευσιν
2932 5215 3186 5285 appellat.
3244 5215 3576 5285 Epiphanius
3620 5212 3675 5269 iu

2103 5284 2315 5354 epilogo
2339 5287 2521 5353 operis
2543 5284 2619 5339 De
2655 5284 2977 5349 hicresibus,
3011 5284 3109 5339 has
3141 5284 3361 5354 ivigilias
3403 5285 3555 5339 varie
3618 5285 3673 5338 in

2103 5351 2345 5409 Ecclesia
2372 5351 2685 5425 observatas
2707 5370 2830 5409 esse
2853 5364 3101 5409 testatur.
3138 5351 3390 5425 Plerique
3412 5355 3554 5425 enim
3577 5369 3677 5422 per

2102 5439 2198 5494 sex
2239 5427 2359 5479 illos
2383 5427 2498 5480 dies
2528 5426 2614 5494 qui
2650 5423 2853 5480 Pascha
2876 5426 3193 5493 praecedunt
3222 5462 3239 5490 ,
3269 5423 3549 5493 pervigilia
3579 5439 3673 5478 ce-

2105 5493 2408 5566 lebrabant.
2443 5493 2755 5566 Aliiquinta
2790 5497 3052 5566 duntaxat
3081 5494 3297 5566 feriahet
3320 5495 3561 5566 sabbato
3597 5495 3675 5549 vi-

2103 5564 2263 5632 gilias
2289 5567 2544 5634 agebant,
2570 5561 2896 5636 ἀγρυπνίαις
2924 5561 3304 5636 δὲδιατελοῦσι
3317 5562 3421 5636 τὰς
3441 5561 3523 5631 ἐξ,
3541 5573 3673 5636 etc;

2102 5645 2155 5687 et
2187 5635 2344 5702 paqu
2372 5646 2511 5703 post,
2545 5636 2602 5689 ἐν
2620 5634 2735 5689 τισι
2758 5635 2814 5688 δὲ
2838 5636 3020 5706 τόποις
3050 5634 3324 5706 τὴννμετά
3373 5634 3471 5692 τὴν
3520 5634 3675 5706 Δ’πέμ-

2102 5721 2242 5776 πτην
2271 5705 2657 5776 ἀγρυπνοῦσιν,
2686 5703 3206 5776 ἐπιφῷσκουσξανήείς
3256 5703 3317 5755 τὸ
3361 5703 3675 5775 προσάϐϐα-

2100 5774 2215 5848 τον,
2240 5774 2456 5848 καῐίτὴν
2478 5778 2747 5848 κυριακὴν
2785 5774 2970 5848 μόνας.
2995 5774 3112 5848 Qui
3147 5778 3296 5848 locus
3326 5774 3451 5828 cum
3500 5776 3669 5848 nunti-

2101 5847 2186 5901 ius
2221 5852 2313 5915 sit,
2348 5842 2571 5917 italum}
2598 5842 2925 5914 supplendas
2959 5845 3202 5904 videtur.
3239 5844 3337 5901 inv
3388 5842 3525 5897 μετὰ
3577 5844 3677 5898 τὴν
