4192 6452
520 424 622 478 185

1215 425 1485 481 EUSEBII
1522 427 2000 483 CESARIENSiS
2036 425 2184 481 OPP.
2225 420 2407 479 PARS
2443 425 2487 479 1.
2528 454 2593 463 —
2631 419 3021 477 HISTORICA.

3660 421 3765 476 £84

517 542 624 597 tius
649 542 826 597 adhuc
850 544 1090 613 loquitur
1112 543 1197 599 his
1225 545 1447 600 verbis:
1504 563 1525 598 ι
1561 546 1936 616 Exposit'mues
1987 564 2062 599 aut

2184 560 2244 596 τε
2266 542 2524 611 λέγεσθαι
2542 541 2799 604 εἰωθότας
2829 540 2965 612 πρὸς
2990 538 3150 611 ἡμῶν
3177 537 3379 609 ὕμνους
3399 535 3649 610 ἱστορῶν,
3671 535 3767 589 καὶ

514 642 645 699 tem,
669 635 862 703 inquit,
892 650 1166 689 sacrorum
1200 636 1529 692 voluminum
1559 641 1626 693 ab
1662 641 1729 694 iis
1779 639 1915 693 lium
1948 639 2083 708 ligu-

514 734 630 778 rate
659 739 757 793 per
786 725 1087 796 allegorias.
1114 726 1431 783 Universam
1451 731 1593 785 enim
1637 730 1808 800 legem
1849 730 2081 785 similem

511 829 632 870 esse
662 816 976 872 existimant
1003 818 1269 875 animali-z
1302 830 1358 876 et
1387 820 1550 874 verba
1570 822 1786 891 quidem
1818 823 1932 891 ipsa
1963 837 2083 875 cor-

511 908 658 976 poris
681 908 852 962 instar
879 923 1042 974 esse;
1072 910 1349 965 occultum
1395 922 1573 966 autem
1613 927 1832 968 sensum
1857 911 1945 981 qui
1981 913 2082 966 sub

506 997 686 1053 verbis
702 998 847 1063 latet,
875 1001 1068 1054 anima:
1099 1002 1337 1072 speciem
1354 1005 1639 1071 quamdam
1670 1004 1891 1059 habere.
1912 1001 2082 1068 Quem

506 1088 721 1156 quidem
740 1104 956 1144 sensum
974 1092 1090 1145 haec
1103 1103 1251 1146 secta
1270 1103 1455 1147 scruta
1464 1093 1506 1147 ri
1525 1103 1579 1147 et
1594 1093 1945 1164 contemplari
1971 1093 2086 1163 pri-

506 1180 669 1233 mitus
691 1178 945 1244 instituit,
988 1181 1042 1235 in
1074 1182 1255 1236 verbis
1280 1182 1413 1251 ipsis
1444 1183 1591 1237 velut
1621 1184 1674 1237 in
1704 1183 1923 1250 speculo
1943 1196 2082 1253 quo-

504 1271 626 1326 dam
655 1313 671 1336 ,
718 1271 1096 1327 admirabilem
1167 1274 1565 1330 sententiarum
1619 1272 2078 1342 pulchritudinem

501 1374 787 1420 contuens.
822 1363 961 1430 Quid
1015 1374 1277 1433 praeterea
1320 1366 1407 1420 hic
1432 1367 1625 1420 attinet
1651 1376 2078 1421 commemorare

499 1464 677 1508 cactus
707 1463 764 1508 et
798 1456 1042 1508 virorum
1068 1469 1132 1508 ac
1176 1454 1461 1508 mulierum
1491 1469 1734 1508 seorsum
1765 1451 2077 1523 degentium

500 1544 677 1598 studia
700 1553 867 1614 atque
910 1543 1357 1608 exercitationes,
1408 1559 1535 1619 quae
1557 1545 1697 1613 apud
1735 1558 1836 1597 nos
1884 1544 2051 1599 etiam

501 1651 630 1689 num
657 1635 710 1689 in
741 1652 841 1689 usu
871 1645 1014 1700 sunt,
1051 1635 1322 1706 prtecipue
1368 1636 1513 1691 circa
1559 1637 1700 1689 diem
1744 1635 1941 1689 festum
1974 1635 2077 1691 Do-

501 1724 719 1778 minicae
749 1724 1045 1804 passionis,
1071 1740 1180 1792 quo
1221 1734 1464 1793 tempore
1489 1724 1714 1796 jejuniis
1744 1734 1909 1794 atque
1938 1725 2077 1796 vigi-

497 1813 610 1878 liis,
642 1824 697 1869 et
746 1831 1023 1870 sacrorum
1067 1816 1329 1871 librorum
1366 1817 1589 1872 lectioni
1650 1816 1950 1885 impensius
1981 1833 2078 1873 va-

2182 636 2258 699 ὼς
2283 636 2400 699 ἑνὸς
2439 635 2577 706 μετὰ
2603 633 2809 704 ῥυθμοῦ
2829 632 3071 702 κοσμίως
3089 630 3576 699 ὲπιψάλλοντοςηοὶί
3592 628 3767 681 λοιποὶ

2182 724 2303 778 καθ’
2324 725 2553 795 ἡσυχίαν
2577 720 2938 793 ἀκροώμενοι,
2962 720 3069 773 τῶν
3092 721 3274 790 ὓμνων
3295 722 3365 773 τὰ
3381 719 3768 790 άκροτελευτια

2182 816 2586 887 ωνεξηχοῦσιν,
2612 814 2759 876 ὅπως
2785 830 2843 865 τε
2874 814 3012 866 κατὰ
3029 812 3126 875 τὰς
3157 811 3531 882 δεδηλωμένας
3558 812 3768 882 ἡμέρας

2180 910 2275 962 ἐπὶ
2305 907 2567 961 στιϐάδων
2581 905 2994 977 χαμευνούντες,
3024 903 3167 956 οἴνου
3198 904 3295 972 μὲν
3321 903 3667 975 τοπαράπαν.
3691 901 3769 964 ὼς

2182 1000 2365 1061 αὐτοῖς
2422 999 2663 1069 ῥήμασιν
2695 996 3026 1064 ἀνέγραψεν,
3076 994 3177 1047 οὐκ
3226 993 3611 1062 ἀπογεύονται,
3652 994 3767 1048 ἀλλ’

2181 1089 2302 1142 οὐδὲ
2337 1088 2444 1141 τῶν
2470 1088 2708 1159 ἐναίμων
2727 1087 2893 1151 τινὸς,
2923 1086 3064 1158 ὕδωρ
3085 1085 3142 1138 δὲ
3175 1086 3335 1155 μόνον
3362 1086 3546 1148 αὐτοῖς
3569 1087 3687 1138 ἐστι
3706 1084 3769 1139 τὸ

2183 1180 2365 1245 ποτὸν,
2391 1182 2485 1234 καὶ
2511 1179 2842 1253 προσόψημα
2877 1180 2993 1250 μετ’
3020 1178 3185 1248 ἄρτου
3207 1177 3332 1241 ᾰλες
3367 1178 3460 1231 καὶ
3490 1176 3765 1231 ὕσσωπον.

2179 1269 2325 1339 Πρὸς
2342 1272 2550 1335 τούτοις
2582 1271 2780 1343 γράφει
2803 1270 2894 1323 τὸν
2918 1270 3017 1340 τῆς
3039 1269 3373 1340 προστασίας
3403 1270 3604 1340 τρόπον
3630 1267 3765 1337 (69),

2176 1371 2287 1419 τῶν
2322 1362 2420 1422 τάς
2454 1360 2913 1435 ὲκκλησιαστικὶς
2965 1359 3305 1430 λειτουργίας
3351 1357 3769 1429 ὲγκεχειρισμέυ

2177 1470 2307 1516 νων,
2359 1452 2637 1517 διακονίας
2683 1470 2741 1506 τε
2785 1453 2881 1506 καὶ
2914 1452 3013 1515 τὰς
3042 1450 3137 1505 ἐπὶ
3166 1453 3332 1505 πᾶσιν
3374 1449 3635 1504 ἀνωτάτω
3666 1449 3766 1520 τῆς

2185 1544 2486 1614 ἐπισκοπῆς
2530 1544 2844 1615 προεδρίας.
2880 1542 3100 1596 Τούτων
3139 1542 3184 1594 δ’
3214 1543 3321 1612 ὅτῳ
3375 1542 3538 1605 πόθος
3588 1541 3766 1596 ἔνεστι

2180 1633 2281 1701 τῆς
2304 1632 2562 1704 ἀκριϐοῦς
2588 1634 2950 1697 ἐπιστάσεως,
2968 1633 3128 1704 μάθοι
3143 1631 3209 1686 ἂν
3234 1634 3299 1685 ὲκ
3320 1631 3419 1702 τῆς
3434 1630 3767 1702 δηλωθείσης

2182 1723 2276 1776 τοῦ
2310 1724 2501 1795 ἀνδρὸς
2528 1725 2792 1796 ἱστορίας.
2828 1726 2955 1779 Ὀτι
2979 1725 3035 1777 δὲ
3069 1718 3195 1788 τοὺς
3225 1723 3477 1796 πρώτους
3510 1726 3763 1796 κήρυκας

2182 1816 2284 1886 τῆς
2308 1817 2443 1869 κατὰ
2477 1818 2539 1870 τὸ
2565 1817 2900 1886 Εὑαγγέλιον
2928 1817 3307 1880 διδασκαλίας,
3345 1818 3415 1872 τά
3442 1834 3500 1870 τε
3529 1817 3767 1888 ἀρχῆθεν

496 1919 625 1960 care
653 1913 1058 1962 consuevimus.
1103 1925 1122 1959 ι
1163 1910 1293 1974 Qua‘
1326 1909 1507 1963 omnia
1540 1908 1623 1962 vir
1654 1908 1745 1964 ille
1774 1910 1934 1963 toties
1963 1909 2062 1977 jan

2183 1909 2322 1977 πρὸς
2347 1908 2456 1962 τῶν
2484 1910 2798 1963 ἀποστόλων
2832 1910 2927 1981 ἔθη
2962 1909 3373 1981 παραδεδομένα
3388 1909 3714 1965 καταλαϐὼν
3735 1911 3767 1965 6

495 1996 826 2060 nominatus,
860 1997 1050 2051 eodem
1106 1996 1267 2067 plane
1319 1998 1479 2053 modo
1501 2012 1613 2067 quo
1642 2014 1674 2054 a
1733 1997 1892 2053 nobis
1941 1999 2075 2053 solis

2176 1999 2356 2053 Φίλων
2378 2000 2530 2053 ταῦτ’
2556 2001 2786 2073 ἔγραφε,
2819 2001 2979 2055 παντί
3011 2019 3090 2073 τῳ
3116 2001 3297 2071 δῆλον.

492 2090 760 2160 hodieque
776 2092 1159 2156 observantur,
1182 2100 1441 2147 accurate
1462 2100 1670 2158 notata,
1703 2093 1923 2164 scriptis
1954 2093 2069 2148 suis
2104 2094 2354 2159 tradidit,
2384 2105 2547 2163 atque
2572 2095 2625 2149 in
2658 2096 2851 2165 primis
2899 2095 3182 2167 pervigilia
3244 2108 3454 2166 magna:
3507 2093 3765 2150 solean

492 2184 640 2249 tatis,
672 2185 896 2255 piasque
927 2186 979 2239 in
1013 2186 1203 2241 iisdem
1256 2188 1711 2253 exercitationes,
1764 2198 1820 2243 et
1868 2188 2099 2258 hymnos
2147 2190 2240 2259 qui
2278 2204 2307 2242 a
2365 2190 2522 2245 nobis
2574 2190 2791 2245 recitari
2849 2190 3048 2254 solent,
3108 2197 3519 2246 commemorat.
3562 2189 3631 2244 Et
3655 2202 3768 2259 quo

486 2288 670 2347 pacto,
724 2292 847 2332 cum
877 2294 1016 2334 unus
1052 2281 1319 2349 quispiam
1370 2282 1646 2337 modulate
1680 2296 1746 2337 ac
1794 2281 2051 2337 decenter
2087 2284 2349 2353 psalmum
2380 2299 2581 2339 canere
2615 2299 2843 2340 exorsus
2897 2284 3084 2351 fuerit,
3143 2285 3323 2341 caeteri
3376 2299 3498 2340 cum
3549 2284 3765 2341 silentio

486 2372 877 2438 auscultantes,
915 2384 1190 2431 extremas
1235 2376 1498 2431 duntaxat
1533 2378 1858 2449 hymnorqu
1884 2358 2080 2448 partes
2127 2379 2289 2435 simul
2316 2380 2632 2435 concinant.
2662 2377 2841 2449 thue
2876 2394 2975 2449 per
3000 2380 3123 2435 illos
3145 2380 3263 2435 dies
3317 2377 3469 2433 humi
3534 2383 3586 2431 in
3621 2389 3766 2432 stra-

485 2469 680 2523 mentis
712 2472 1060 2538 recubantes,
1104 2487 1135 2527 a
1182 2473 1306 2528 vino
1329 2475 1571 2543 quidem,
1620 2484 1678 2530 ut
1723 2474 1844 2545 ejus
1884 2478 2065 2533 verbis
2094 2486 2237 2542 utar,
2265 2478 2475 2548 penitus
2507 2476 2849 2543 abstineant,
2904 2491 3080 2546 neque
3132 2489 3329 2531 carnes
3387 2474 3526 2530 ullas
3595 2473 3766 2544 degu-

484 2575 674 2618 steut:
711 2565 824 2620 sola
852 2576 1034 2622 autem
1065 2582 1208 2638 aqua
1254 2571 1323 2625 ad
1368 2580 1554 2640 potum
1591 2580 1839 2639 utantur,
1887 2586 2067 2643 neque
2097 2574 2164 2627 ad
2189 2587 2382 2644 panem
2409 2573 2553 2626 aliud
2615 2573 2912 2642 quidquam
2968 2569 3265 2625 adhibeant
3307 2578 3510 2640 preter
3550 2567 3631 2623 sal
3673 2576 3761 2621 at.

483 2670 593 2722 que
615 2654 930 2727 hyssOpum.
954 2660 1036 2715 Ad
1067 2661 1182 2715 haec
1217 2661 1419 2731 gradus
1461 2672 1650 2732 atque.
1680 2665 2385 2734 ordinem'pmsidentium
2459 2664 2744 2730 describit,
2803 2678 2993 2718 eorum
3054 2661 3313 2717 videlicet
3369 2660 3464 2731 qui
3511 2658 3769 2716 ecclesia-

481 2751 619 2803 stica
656 2752 1145 2810 obeuutmunera:
1184 2766 1293 2810 tum
1327 2757 1637 2812 ministeria
1692 2759 2087 2816 diui-onorum:
2113 2771 2395 2830 postremo
2440 2760 2784 2829 episcopatus
2827 2758 3033 2828 apicem
3084 2755 3342 2811 omnibus
3385 2754 3759 2809 antistantem.

482 2846 615 2914 Qua:
632 2850 678 2904 si
706 2851 830 2919 quis
855 2852 1164 2907 accuratius
1188 2868 1349 2909 nosse
1371 2854 1671 2921 desiderat,
1696 2869 1765 2911 ex
1792 2856 1911 2926 ipso
1970 2856 2217 2912 Philonis
2280 2855 2420 2910 libro
2454 2856 2666 2911 discere
2711 2854 2936 2925 poterit.
2965 2851 3235 2909 Caeterum
3286 2849 3418 2921 quin
3472 2850 3598 2905 dum
3654 2847 3760 2902 ista

481 2944 751 2999 scriberet
784 2943 963 3010 Pbilo,
1016 2948 1222 3016 primos
1274 2949 1396 3004 illos
1446 2951 1777 3020 evangelicae
1825 2951 2087 3008 doctrina:
2148 2951 2559 3022 pmlicatores,
2589 2958 2644 3007 et
2694 2951 2763 3006 ab
2800 2947 3071 3018 apostolis
3102 2948 3341 3019 primum
3389 2944 3643 3001 traditam
3675 2943 3761 3001 di-

481 3038 764 3107 sciplinam
794 3039 849 3095 iu
888 3051 1068 3096 mente
1117 3043 1392 3106 habuerit,
1421 3046 1624 3099 nemini
1654 3045 1883 3102 dubium
1906 3062 2033 3104 esse
2069 3047 2325 3103 arbitror.

974 3136 1084 3207 εδ
1103 3135 1335 3194 CAPUT
1374 3137 1564 3197 xvm.

696 3225 802 3291 Qui
834 3225 1239 3303 Philonisiibri
1271 3232 1344 3283 ad
1377 3245 1472 3285 nos
1510 3233 1860 3301 pervenerint.

550 3403 649 3459 llic
672 3419 834 3474 porro
861 3406 944 3459 vir
975 3407 1028 3460 in
1074 3407 1306 3463 dicendo
1350 3410 1628 3479 copiosus,
1683 3412 1737 3465 in
1774 3414 2067 3469 sententiis

478 3495 739 3565 locuples,
785 3498 838 3550 in
870 3498 1067 3553 divinae
1091 3498 1394 3569 Scriptura
1425 3503 1784 3574 intelligentia
1816 3507 2069 3562 sublimis

485 3598 649 3657 atque
692 3590 981 3659 excelsus,
1037 3594 1243 3647 variam
1290 3607 1354 3648 ac
1387 3594 1739 3667 multiplicem
1782 3615 2063 3655 sacrorum

478 3678 817 3734 voluminum
852 3681 1253 3751 expositionem
1288 3687 1481 3742 edidit.
1527 3690 1606 3742 Ac
1632 3689 1813 3760 primo
1837 3692 2061 3761 quidem

476 3776 695 3845 scripsit
715 3778 770 3830 in
787 3776 1035 3843 δεηθείη,
1057 3791 1254 3837 cuncta
1277 3798 1400 3853 quae
1414 3783 1520 3839 illic
1536 3800 2058 3854 commemorantur,

475 3866 668 3922 ordine
684 3868 981 3937 explanans
1012 3885 1183 3939 :quos
1210 3871 1379 3927 libros
1403 3889 1681 3928 sacrarum
1715 3876 1886 3947 legum
1913 3878 2059 3933 Alte-

475 3957 683 4023 goriam
725 3956 1022 4027 inscripsit.
1059 3959 1257 4015 Deinde
1276 3975 1406 4018 vero
1426 3966 1600 4033 capita
1627 3967 1870 4034 quaedam
1887 3983 2059 4024 sacra:

475 4044 777 4116 Scriptum
807 4064 933 4118 qua:
985 4052 1358 4109 dilﬁcultatem
1391 4055 1596 4111 habere
1624 4058 1902 4125 videntur,
1937 4061 2055 4114 sin-

2690 3136 3089 3193 ΚΕΦΑΛΑΙΟΝ
3117 3137 3227 3192 lH'.

2211 3236 2370 3289 Ὅσα
2420 3233 2526 3287 τοῦ
2581 3232 2849 3296 Φίλωνος
2904 3226 3199 3298 ειςγὴμᾱς
3247 3225 3533 3296 περιῆλθε
3573 3240 3726 3298 συγκ-

2454 3302 2763 3373 ’ῃράμματα
2792 3302 2939 3370 (Nic.
2971 3297 3044 3354 Η.
3181 3314 3242 3365 ιι,
3271 3298 3360 3363 Π,
3395 3299 3505 3367 18).

2244 3415 2414 3480 Πολύς
2466 3431 2530 3481 γε
2577 3413 2683 3485 μὴν
2726 3412 2805 3484 τῷ
2862 3412 3026 3482 λόγῳ,
3073 3409 3169 3465 καὶ
3222 3408 3429 3473 πλατὺς
3475 3410 3595 3473 ταῖς
3639 3406 3755 3462 δια-

2170 3511 2341 3573 νοίαις
2376 3507 2509 3581 (τοι,
2547 3506 2747 3579 ὑςηὶός
2783 3522 2842 3559 τε
2881 3504 2976 3559 καὶ
3018 3503 3290 3575 μετέωρος
3323 3503 3380 3554 ὲν
3403 3503 3525 3566 ταῖς
3547 3502 3628 3565 είς
3652 3500 3755 3566 τὰς

2169 3600 2323 3664 θείας
2371 3597 2595 3671 Γραφᾶς
2640 3596 2896 3666 θεωρίαις
2931 3594 3318 3664 γεγενημένος,
3357 3591 3610 3664 ποικίλην
3657 3593 3754 3648 καὶ

2167 3690 2502 3762 πολύτροπον
2541 3688 2655 3743 τῶν
2690 3687 2850 3759 ἱερῶν
2882 3687 3051 3756 λόγων
3082 3686 3374 3757 πεποίηται
3407 3683 3505 3755 τὴν
3538 3686 3753 3759 ὑφήγη-

2165 3800 2273 3837 σιν’
2301 3782 2458 3836 τοῦτο
2487 3782 2586 3853 μὲν
2618 3780 2796 3851 εἰρμῷ
2821 3781 2914 3832 καὶ
2933 3778 3243 3849 ἀκολουθίᾳ,
3275 3777 3374 3848 τὴν
3392 3777 3502 3831 τῶν
3525 3779 3615 3843 εις
3637 3776 3752 3846 τὴν

2161 3874 2420 3928 Γένεσιν
2437 3870 2719 3937 διεξελθὼν
2738 3869 3163 3938 πραγματείαν,
3183 3867 3239 3919 ὲν
3255 3861 3334 3930 οἷς
3351 3866 3628 3939 ἐπέγραψε
3649 3868 3752 3922 rd.

2155 3980 2288 4033 μων
2314 3958 2486 4031 ιερῶν
2504 3955 2936 4028 Ἀλληγορίαις,
2952 3956 3112 4011 τοῦτο
3143 3955 3222 4021 δὲ,
3253 3956 3393 4009 κατά
3431 3958 3596 4028 μέρος
3633 3957 3751 4011 δια-

2162 4052 2353 4115 στολὰς
2394 4051 2706 4122 κεφαλαίων
2764 4050 2874 4106 τῶν
2925 4050 2984 4103 ἐν
3021 4051 3140 4113 ταῖς
3196 4047 3440 4119 Γμφαίς
3480 4048 3749 4120 ζητουμέ-

473 4139 705 4209 gillatim
730 4144 1005 4212 exposuit,
1054 4145 1391 4215 obiectiones
1423 4162 1725 4218 earumque
1756 4151 2056 4207 solutiones

2168 4163 2286 4209 νων,
2354 4144 2670 4207 ἐπιστάσεις
2719 4159 2779 4196 τε
2825 4142 2920 4195 καὶ
2966 4139 3241 4204 διαλύσεις
3304 4140 3625 4211 ποιούμενος
3689 4143 3749 4194 ὲν

471 4244 768 4299 apponens.
799 4233 949 4300 Quos
986 4236 1246 4292 similiter
1274 4238 1442 4293 libros
1468 4237 1835 4304 Quwstionum
1859 4258 1922 4295 ac
1949 4240 2052 4296 So-

2168 4232 2235 4301 :i;
2272 4237 2367 4291 καὶ
2433 4236 2617 4299 αὐτοῖς
2672 4232 3022 4305 κιταλλήλως
3067 4230 3293 4292 τῶν,ὲν
3341 4234 3588 4287 Γενέσει
3649 4233 3748 4287 και

470 4320 733 4375 lulianum
768 4326 822 4378 in
852 4322 1074 4379 Geuesin
1096 4332 1221 4380 etin
1242 4327 1490 4382 Exodum
1521 4328 1678 4383 titulo
1709 4334 2048 4397 praenolavit.

2168 4330 2274 4383 τῶν
2311 4328 2381 4381 ἐν
2436 4324 2730 4395 Ἐξαγωγᾶ
2782 4322 3129 4393 ζητημάτων
3181 4339 3247 4377 τε
3274 4323 3374 4377 καὶ
3407 4325 3649 4379 ,λύσεων
3666 4340 3749 4379 τε·

473 4410 616 4465 Sunt
647 4423 912 4482 praeterea
934 4417 1001 4468 ab
1032 4417 1222 4471 eodem
1255 4432 1501 4473 seorsum
1525 4420 1820 4488 conscripti
1860 4422 1928 4476 de
1965 4401 2048 4475 di-

2168 4421 2336 4475 θειται
2381 4420 2482 4492 τὴν
2522 4418 2855 4489 ἐπιγραφήν.
2882 4416 3040 4469 Ἔστι
3078 4415 3125 4468 δ’
3157 4414 3305 4486 αὑτῷ
3356 4415 3508 4488 παρὰ
3547 4415 3744 4481 ταῦτα,

466 4505 643 4558 versis
663 4510 998 4575 argumentis
1026 4519 1291 4566 tractatus
1322 4528 1337 4563 :
1385 4510 1536 4565 verbi
1566 4512 1763 4581 gratia,
1801 4511 1876 4567 De
1904 4516 2047 4583 agri-

2168 4513 2367 4585 προὸλη
2377 4513 2558 4583 μάτων
2586 4510 2747 4564 τινῶν
2773 4509 2916 4572 ίδίως
2942 4508 3291 4578 πεπονημένα
3332 4509 3739 4579 σπουδάσματα.

467 4597 677 4650 cultura
703 4598 826 4652 libri
856 4605 986 4665 duo,
1024 4602 1375 4671 totidemque,
1405 4602 1479 4657 De
1511 4606 1836 4672 temulentia,
1864 4615 1919 4659 et
1943 4604 2049 4660 alia

2168 4602 2263 4659 ῡῖά
2293 4603 2497 4657 ἐστιτὰ
2532 4603 2671 4673 Περὶ
2701 4600 2984 4670 γεωργίας
3017 4597 3144 4661 δύο,
3167 4601 3261 4655 καί
3282 4598 3353 4652 τὰ
3381 4600 3523 4668 Περὶ
3554 4600 3743 4669 μέθης

467 4686 698 4756 plurima
755 4691 1013 4759 opuscula
1071 4693 1240 4749 variis
1287 4709 1386 4764 pro
1431 4695 1697 4765 cujusque
1727 4707 2051 4765 argumento

470 4778 646 4833 titulis
672 4781 948 4850 insignita.
980 4781 1127 4838 Inter
1159 4800 1280 4853 quae
1316 4796 1399 4839 est
1423 4786 1554 4841 illud
1592 4787 1670 4841 De
1715 4788 1868 4841 rebus
1915 4804 2046 4858 quas

468 4885 614 4923 mens
637 4872 816 4925 sobria
851 4884 994 4942 optat
1027 4886 1072 4928 et
1103 4892 1233 4945 quas
1280 4888 1608 4933 exsecratur.
1648 4879 1777 4934 Item
1811 4879 1887 4934 De
1919 4896 2044 4937 cott-

463 5060 723 5137 πέμπτην
749 5064 1120 5137 άγρυπνοῦσιν
1151 5066 1570 5136 ὲπιφώσκουσαν
1601 5067 1683 5137 είς
1709 5064 1772 5119 τὸ
1803 5062 2045 5137 προσάδς

464 5130 651 5207 σατον,
678 5130 772 5187 καὶ
938 5136 1076 5207 μετὰ
1110 5137 1172 5190 τὸ
1203 5130 1471 5191 σᾶὁὸατον
1503 5130 1924 5207 ὲπιφώσκουσαν
1967 5137 2049 5195 είς

461 5201 866 5277 τὴνικυριακὴν
890 5201 1080 5277 μόνας.
1111 5208 1191 5277 Ac
1220 5208 1448 5263 fortasse
1474 5201 1640 5262 etiam
1664 5206 1818 5275 plura
1854 5208 2049 5277 desunt

463 5269 960 5344 in'illo'Epip'ltaitii
993 5269 1138 5331 loco.
1175 5276 1310 5332 Nam
1347 5286 1403 5333 et
1432 5288 1590 5332 nocte
1641 5269 1732 5332 illa
1782 5292 1901 5345 qua:
1940 5275 2047 5330 Pa-

462 5346 1031 5418 r‘ascevemﬁequitur
1055 5387 1078 5418 ,γ
1100 5346 1398 5403 Christiani
1441 5347 1761 5418 vigilabant,
1795 5357 1862 5418 ut
1888 5347 2050 5418 docet

461 5412 698 5486 tiyrillus
727 5412 1250 5486 Hierosolymitanus
1283 5419 1335 5471 in
1378 5412 1652 5472 cateéhcsi
1706 5417 1795 5480 18,
1844 5415 1935 5469 διὰ
1988 5413 2048 5468 δὲ

460 5479 837 5569 ξξν-κάματον
866 5485 956 5538 τὸν
976 5479 1378 5569 ῖπρογενόμενον
1420 5489 1549 5558 ὑμῖν
1578 5486 1719 5569 Est-trs
1749 5479 2050 5569 sﬁc‘ump-

463 5548 680 5615 θέσεως
716 5554 818 5624 τῆς
871 5548 1123 5627 νηστείας
1177 5548 1277 5628 τῆς
1345 5548 1725 5629 παρασκευῆς,
1786 5548 1882 5611 καὶ
1951 5548 2052 5626 τῆς

461 5619 794 5674 ἀγρυπνίας.

502 5636 794 5691 γρυπνιας.

535 5689 645 5767 (6?)
675 5693 800 5767 Τὸν⁸
824 5693 935 5762 τῆς
980 5698 1356 5765 προστασίας
1401 5698 1647 5766 τρόπον.
1690 5696 2050 5767 Presbyteros

462 5758 736 5834 intelligit,
769 5764 835 5819 de
858 5758 1055 5834 quibus
1082 5767 1234 5822 Philo
1262 5771 1315 5823 in
1332 5758 1496 5823 'dic'to
1522 5769 1662 5822 libro
1687 5767 1763 5823 De
1789 5758 1895 5821 viti:
1921 5781 2049 5820 con-

461 5832 785 5905 tentptntivn,
816 5832 937 5905 pag.
974 5836 1079 5891 899
1105 5839 1369 5893 editionis
1395 5836 1741 5891 Parisiensis.

535 5900 650 5972 (70)
679 5900 921 5973 nauis;
948 5906 1074 5969 ταῖς
1101 5906 1414 5974 διανοίαις.
1444 5906 1674 5963 Ruﬁnus
1723 5907 1917 5976 legisse
1968 5904 2047 5961 vi-

2148 4695 2410 4756 τοσαῦτα,
2438 4692 2535 4746 καὶ
2567 4690 2703 4746 ἄλλα
2722 4690 2858 4743 ἄττα
2885 4687 3143 4758 διαφόρου
3166 4687 3258 4740 καὶ
3288 4686 3494 4750 οἰκείας
3512 4689 3744 4757 ἐπιγρα-

2148 4790 2254 4859 φῆς
2302 4785 2604 4856 ἠξιωμένα.
2644 4778 2768 4845 Οίος
2802 4779 2942 4848 Περὶ
2971 4773 3285 4847 (Imaum-ac
3320 4782 3352 4832 ό
3393 4780 3541 4845 νοῦς
3566 4780 3739 4848 εὔχε-

2147 4895 2241 4932 ται
2261 4877 2484 4949 (71)καὶ
2509 4870 2854 4943 καταρᾶται,
2878 4871 2970 4923 καὶ
2989 4871 3017 4922 ὁ
3047 4868 3187 4937 Περὶ
3213 4866 3417 4939 φυγῆς
3445 4868 3541 4924 καὶ
3572 4868 3740 4938 εὑρέ-

2151 5062 2311 5114 detur
2363 5057 2552 5129 βαθύς,
2577 5057 2742 5109 vertit
2771 5056 2916 5110 enim
2944 5058 2998 5109 in
3021 5056 3260 5129 sensibus
3276 5056 3759 5129 profundissimam

2160 5126 2507 5194 Nicephorius
2568 5138 2748 5180 tamen
2819 5136 2874 5179 et
2930 5128 3117 5194 scripti
3189 5126 3406 5180 codices
3460 5126 3736 5195 vulgatam

2157 5201 2444 5254 lectionem
2474 5205 2714 5250 tuentur.
2744 5195 2911 5250 Paulo
2953 5205 3074 5264 post
3100 5196 3270 5251 nostri
3323 5197 3541 5250 codices
3573 5197 3733 5261 Mam,

2157 5270 2299 5323 Med.
2337 5283 2399 5320 ac
2427 5264 2561 5321 Fuit.
2585 5282 2779 5338 _vocem
2817 5266 3150 5321 interseruut
3182 5267 3284 5321 hoc
3322 5267 3502 5332 modo,
3532 5267 3736 5338 ὑψηλός

2154 5356 2213 5393 τε
2231 5340 2314 5391 ὅν
2339 5338 2436 5391 καὶ
2468 5336 2759 5407 μετέωρος.

2228 5409 2343 5481 (71)
2370 5400 2626 5481 Περὶλῶν
2649 5400 2853 5475 imi-ac
2883 5409 2917 5462 ό
2933 5404 3082 5481 νοῦς
3109 5404 3504 5481 εὕχετᾳιεμῃΗίε
3554 5405 3736 5481 Philo-

2156 5476 2245 5537 nis
2265 5476 2402 5533 liber
2429 5476 2591 5533 hodie
2614 5493 2719 5548 non
2753 5489 2948 5532 exstat.
2982 5476 3118 5531 Nam
3171 5476 3600 5548 qttodiicolaus
3630 5477 3737 5532 Fa-

2161 5554 2255 5605 ber
2287 5550 2353 5603 ad
2385 5563 2540 5603 oratu
2564 5547 2766 5601 codicis
2791 5549 2872 5602 sui
2903 5547 3283 5605 adnotaverat.
3310 5547 3450 5601 forte
3485 5548 3735 5602 scriben-

2160 5623 2284 5674 dum
2311 5634 2432 5673 esse
2453 5616 2592 5686 Περί
2619 5617 2727 5671 τοῦ
2750 5616 3049 5684 Ἔξένηψε
3065 5618 3210 5686 Nais,
3228 5616 3283 5671 id
3304 5618 3552 5685 equidem
3605 5632 3733 5686 pro-

2159 5691 2289 5744 bare
2313 5705 2418 5743 non
2448 5702 2691 5758 possum,
2720 5688 2853 5742 licet
2883 5692 2934 5739 in
2960 5705 3026 5741 eo
3049 5689 3186 5740 libro
3214 5695 3339 5758 agat
3368 5687 3521 5741 Philo
3545 5688 3612 5758 de
3636 5703 3730 5741 vo-

2159 5763 2227 5812 tis
2256 5771 2309 5812 et
2335 5757 2835 5828 imprecationibus.
2851 5758 3029 5828 _Apuil
3058 5758 3279 5828 sumant
3317 5757 3453 5809 liber
3478 5759 3565 5810 hic
3600 5757 3727 5812 l’hi-

2158 5831 2296 5897 Iunis
2328 5820 2639 5883 inscribitur
2676 5828 2815 5895 Περὶ
2838 5820 2939 5882 ὤν’
2963 5826 3112 5880 κατὰ
3172 5826 3325 5897 νοῦς
3370 5843 3460 5893 τις
3489 5828 3728 5897 εὔχεται

2155 5896 2261 5969 εἷς.
2306 5901 2642 5969 Soplit'ouius
2676 5892 2797 5953 m-‘u
2819 5904 2895 5954 sic
2927 5896 3255 5966 habetzllspi
3279 5892 3366 5954 ὧν
3401 5892 3727 5955 κατὰῖοοῧν
