4192 6460
407 347 508 405 189

930 462 1329 518 ΚΕΦΑᾹΔΙΟΝ
1358 462 1458 517 ΙΘ¹.

407 557 514 611 01a
528 555 669 622 τοὺς
692 555 762 609 ἐν
793 555 1230 623 Ἱεροσολύμοις
1264 553 1584 621 Ἰουδαίους
1594 553 1873 623 συμφορὰ
1882 570 1987 623 με·

438 621 744 694 τῆλθενέν
763 624 839 695 τῇ
856 621 963 680 τοῦ
984 621 1204 693 Πάσχα
1218 623 1409 694 ἡμέρᾳ
1435 624 1574 695 (Nic.
1595 621 1752 680 [ΚΕ.
1768 621 1826 690 ιι,
1844 621 1958 694 ἓό).

478 720 599 773 Ἔτι
626 718 685 772 δέ
717 716 988 771 Κλαυδίου
1040 715 1108 769 τὰ
1138 714 1240 785 τῆς
1268 714 1544 786 βασιλείας
1562 716 1857 780 διέποντος,
1890 732 1989 769 κα-

401 810 473 864 τὰ
495 810 595 881 τὴν
621 807 716 863 τοῦ
757 808 949 880 Πάσχα
1008 808 1222 879 ἑορτὴν,
1271 807 1539 878 τοσαύτην
1599 808 1829 862 ἐπὶτῶν
1894 809 1991 862 Ἰε-

409 900 724 975 ροσολύμων
763 900 954 955 στάσιν
1010 901 1103 954 καὶ
1128 900 1372 972 ταραχὴν
1414 900 1731 968 ἐγγενέσθαι
1768 901 1986 973 συνέϐη,

407 994 485 1059 ὡς
521 994 683 1065 μόνον
721 993 829 1046 τῶν
863 994 992 1064 περὶ
1031 991 1130 1055 τὰς
1155 992 1369 1059 ἐξόδους
1395 992 1491 1045 τοῦ
1522 991 1670 1064 ἱεροῦ
1720 992 1814 1064 βίᾳ
1867 1011 1991 1047 συν-

407 1084 756 1156 ωθουμένων,
784 1086 935 1157 τρεῖς
960 1084 1229 1156 μυριάδας
1247 1083 1359 1156 (8‘2)
1395 1084 1662 1139 Ἰουδαίων
1699 1085 1990 1143 ἀποθανεῖν

411 1176 550 1248 πρὸς
567 1176 810 1248 ἀλλήλων
844 1175 1361 1247 καταπατηθέντων,
1383 1175 1636 1245 γενέσθαι
1664 1194 1725 1229 τε
1750 1177 1850 1248 τὴν
1872 1179 1993 1250 ἐορ-

409 1268 509 1340 τὴν
533 1268 725 1332 πένθος
753 1269 849 1340 μὲν
874 1268 980 1339 ὅλῳ
1002 1268 1081 1339 τῷ
1101 1268 1264 1332 ἔθνει,
1307 1267 1504 1340 θρῆνον
1522 1268 1578 1320 δὲ
1603 1268 1723 1322 καθ’
1754 1269 1992 1341 ἑκάστην

410 1360 608 1415 οἰκίαν.
632 1359 922 1415 Κα¹ιταῦτα
948 1360 1047 1432 μὲν
1070 1361 1259 1432 σχεδὸν
1281 1361 1422 1414 κατά
1456 1360 1604 1425 λέξιν
1633 1363 1662 1414 δ
1703 1359 1989 1433 ’¹⁴ί³σηπ⁰“³⁴

411 1450 676 1516 Κλαύδιος
727 1451 781 1505 δὲ
826 1452 1166 1524 Ἀγρίππαν,
1228 1453 1530 1524 Ἀγρίππου
1592 1452 1802 1515 παῖδαᾶ
1859 1454 1993 1506 Ἰου-

410 1542 575 1597 δαίων
662 1543 954 1614 καθίστησι
1035 1542 1258 1614 βασιλέα
1328 1544 1461 1615 (85),
1495 1542 1703 1615 Φήλικα
1733 1543 1842 1615 (84)
1892 1543 1993 1614 τῆς

410 1634 595 1706 χώρας
644 1634 862 1705 ἁπάσης
922 1635 1236 1707 Σαμαρείας
1274 1652 1335 1688 τε
1382 1636 1479 1689 καὶ
1534 1633 1847 1699 Γαλιλαίας,
1899 1635 2014 1689 καὶ⁹

410 1727 639 1799 προσέτι
670 1729 770 1799 τῆς
799 1728 1233 1799 ἐπικαλουμένης
1271 1728 1534 1799 Περαίας,
1569 1727 1863 1799 ἐπίτροπον
1895 1728 1992 1781 ὲκ·-

1432 343 1789 401 ΗΙΒΤΟΒῙΕ
1829 344 2390 404 ΕεαΕδιΑεΤιεΑι
2430 347 2557 405 LIB.
2598 346 2664 403 Π.

2015 471 2065 527 A

3558 356 3660 413 £90

2667 463 2894 522 CAPUT
2929 463 3073 525 XIX.

2162 559 2474 623 Cuiusmodi
2518 561 2798 634 calamitas
2823 560 2857 614 ,1
2867 563 3044 634 mutos
3076 560 3453 634 Hierosolymis
3479 563 3592 634 ipso

2550 627 2774 685 Pascha:
2822 634 2907 685 die
2940 633 3201 703 uﬁlixeril.

2161 720 2426 777 Caeterum
2449 720 2676 776 Claudio
2703 721 3007 778 Romanum
3043 724 3218 780 adhuc
3249 724 3533 794 imperium
3567 738 3663 794 gu-

2092 814 2381 879 bernante,
2411 824 2560 868 tanta
2600 815 2795 870 seditio
2826 824 3116 885 lautusque
3158 817 3423 871 tumultus
3469 816 3664 870 Hiero-

2090 905 2320 977 solymis
2348 906 2401 960 in
2462 906 2578 975 ipsa
2611 906 2954 961 solemnitate
2984 907 3210 963 Paschae
3241 909 3519 963 conﬂatus
3556 915 3662 973 est,

2090 1007 2151 1051 ut
2174 997 2387 1051 illorum
2418 997 2679 1050 duntaxat
2707 996 2797 1063 qui
2825 996 2972 1050 circa
3002 997 3186 1066 templi
3211 1008 3394 1067 portas
3421 999 3664 1053 contrusi

2091 1100 2145 1143 et
2175 1088 2406 1144 conferti
2430 1087 2843 1143 conculcatione
2867 1097 3055 1142 mutua
3084 1089 3380 1156 perierunt,
3408 1106 3667 1146 numerus

2092 1182 2159 1234 ad
2219 1179 2439 1250 triginta
2497 1178 2777 1234 hominum
2831 1179 2999 1233 millia
3064 1181 3377 1248 pervenisse
3426 1180 3664 1236 dicatur.

2089 1272 2243 1328 Adeo
2269 1282 2327 1326 ut
2355 1270 2528 1325 festus
2553 1270 2642 1325 ille
2673 1271 2787 1325 dies
2813 1280 2867 1326 et
2895 1272 3164 1326 universae
3196 1272 3340 1342 genti
3400 1271 3659 1341 lugubris.

2091 1371 2147 1417 et
2170 1364 2398 1432 singulis
2431 1362 2656 1417 familiis
2694 1362 3060 1416 lamentabilis
3091 1363 3277 1418 fuerit.
3337 1362 3463 1417 Haec
3507 1361 3665 1419 Jose-

2092 1455 2232 1522 phus
2261 1455 2456 1508 iisdem
2482 1453 2598 1508 fere
2632 1453 2815 1507 verbis
2845 1461 3132 1507 memorat.
3174 1453 3381 1508 Interea
3411 1453 3669 1507 Claudius

2092 1545 2389 1616 Agrippam
2425 1546 2673 1616 Agrippa:
2701 1544 2868 1599 lilium
2898 1545 3205 1601 Judazorum
3243 1559 3425 1615 regem
3459 1545 3670 1600 consti-

2096 1641 2219 1701 tuit,
2257 1639 2426 1692 misso
2457 1638 2637 1692 Felice
2682 1636 2775 1706 qui
2822 1635 3020 1692 Judacae
3044 1636 3205 1691 simul
3240 1646 3294 1691 et
3326 1635 3590 1691 Samaria:
3615 1643 3670 1691 et

2095 1731 2349 1796 Galilaear,
2385 1741 2440 1785 et
2462 1731 2696 1802 regionis
2726 1740 2876 1785 trans
2898 1729 3186 1787 Jordanem
3209 1730 3319 1802 60
3348 1739 3672 1799 procurator

410 1819 655 1891 πέμψας.
707 1821 995 1891 Διοικήσας
1040 1818 1097 1873 δὲ
1160 1819 1322 1882 αὐτὸς
1384 1820 1483 1890 τὴν
1515 1819 1813 1890 ἠγεμονίαν
1844 1818 1990 1872 ἔτεσι

2097 1835 2264 1880 88581.
2309 1824 2428 1893 Ipse
2487 1839 2612 1879 cum
2661 1822 2919 1878 tredecim
2959 1824 3119 1878 annis
3179 1832 3236 1877 et
3287 1830 3413 1877 octo
3446 1821 3675 1891 insuper

408 1913 560 1983 τρισὶ
591 1913 687 1966 καὶ
711 1912 847 1966 δέκα
869 1912 1006 1985 πρὸς
1038 1912 1203 1984 μησὶν
1234 1910 1400 1976 ὀκτὼ,
1439 1910 1668 1983 Νέρωνα
1691 1912 1789 1982 τῆς
1816 1910 1993 1983 ἀρχῆς

410 2003 651 2075 διάδοχον
677 2003 991 2058 καταλιπὼν
1020 2003 1267 2075 τελευτᾷ.

945 2094 1342 2149 ΚΕΦΑΛΑΙΟΝ
1374 2097 1459 2148 K'.

488 2182 594 2242 υἷα
640 2189 737 2241 καὶ
768 2188 920 2242 κατὰ
947 2189 1191 2255 Νέρωνα
1221 2187 1291 2257 ἐν
1316 2186 1442 2257 τοῖς
1484 2185 1925 2257 Ἰεροσολύμοις

766 2257 1033 2328 ἐπράχθη
1056 2257 1196 2329 (Nic.
1237 2256 1309 2310 Η.
1346 2256 1409 2309 Ε.
1438 2272 1498 2319 ιι,
1525 2256 1639 2327 26).

484 2350 642 2405 Κατὰ
689 2350 745 2404 δὲ
783 2350 1011 2420 Νέρωνα
1055 2349 1283 2420 Φήλικος
1327 2347 1429 2418 τῆς
1484 2348 1741 2412 Ἰουδαίας
1779 2349 1993 2421 ἐπιτρο-

416 2442 696 2507 πεύοντος,
729 2443 911 2507 αὐτοῖς
955 2444 1158 2513 ῥήμασι
1207 2438 1364 2505 αὖθις
1411 2443 1439 2494 ὁ
1479 2441 1762 2512 Ἰώσηπος,
1793 2442 1890 2513 τὴν
1914 2444 1995 2506 είς

418 2532 681 2604 ἀλλήλους
716 2533 903 2587 στάσιν
928 2532 1037 2586 τῶν
1069 2532 1256 2602 ἱερέων
1280 2526 1383 2586 ὧδε
1415 2551 1532 2596 πως
1557 2535 1616 2587 ἐν
1648 2533 1879 2605 εἰκοστῷ
1897 2535 1995 2604 τῆς

433 2625 881 2695 Ἀρχαιολογιας
898 2625 1158 2696 γράφειοι
1196 2624 1512 2691 Ἐξάπτεται
1552 2625 1610 2678 δὲ
1644 2627 1862 2689 καὶτοῖς
1894 2626 1994 2697 ἁρ-

418 2716 662 2788 χιερεῦσι
697 2717 883 2781 στάσις
912 2716 1048 2788 πρὸς
1076 2716 1201 2780 τοὺς
1227 2719 1409 2789 ἱερεῖς,
1438 2717 1532 2771 καὶ
1571 2719 1698 2781 τοὺς
1745 2717 1997 2791 πρώτους

415 2808 514 2866 τοῦ
557 2809 793 2880 πλήθους
844 2808 953 2863 τῶν
990 2809 1394 2881 Ἱεροσολύμων,
1424 2809 1651 2874 ἔκαστός
1684 2826 1744 2862 τε
1794 2810 1993 2875 αὐτῶν,

420 2903 607 2970 στῖφος
637 2899 940 2973 ἀνθρώπων
966 2900 1075 2953 τῶν
1115 2899 1469 2972 θρασυτάτων
1507 2900 1604 2954 καὶ
1628 2900 1996 2971 νεωτεριστῶν

418 2991 597 3062 ἑαυτῷ
630 2993 881 3064 ποιήσας,
910 2989 1133 3064 ἡγεμὼν
1166 2986 1255 3061 ἦν.
1303 2991 1413 3044 Καὶ
1443 2990 1838 3063 συρράσσοντες
1867 2991 1995 3045 ἐκα-

420 3085 678 3153 κολόγουν
701 3101 761 3137 τε
788 3084 1074 3155 ἀλλήλους,
1110 3085 1204 3137 καλ⁵
1231 3082 1401 3147 λίθοις
1444 3083 1686 3137 ἔϐαλλον.
1729 3085 1786 3137 Ὀ
1811 3083 1855 3137 δ’
1877 3086 1997 3137 ἐπι-

420 3177 657 3249 πλήξων,
683 3171 752 3247 ἦν
776 3175 897 3228 οὐδὲ
930 3169 1030 3238 εἷς,
1062 3172 1173 3225 ἀλλ’
1206 3172 1282 3237 ὡς
1310 3174 1367 3226 ἐν
1394 3172 1818 3245 ἁπροστατεύτῳ
1846 3173 1997 3226 πόλει
2024 3157 2066 3212 C

416 3266 570 3322 ταῦτ’
599 3267 904 3336 ἐπράσσετο
945 3263 1058 3334 μετ’
1083 3262 1351 3328 ἐξουσίας.
1381 3263 1629 3332 Τοσαύτη
1660 3262 1718 3315 δὲ
1740 3264 1867 3326 τοὺς
1893 3263 1994 3334 ἁρ-

419 3361 621 3431 χιερείς
660 3355 953 3409 κατέλαϐεν
981 3353 1221 3408 ἀναίδεια
1267 3355 1360 3407 καὶ
1385 3353 1578 3424 τόλμα,
1615 3353 1755 3407 ὥστε
1788 3354 1997 3426 ἐκπέμ-

420 3467 556 3504 πειν
575 3448 791 3510 δούλους
816 3446 1055 3515 ἐτόλμων
1082 3447 1172 3499 ἐπὶ
1204 3446 1302 3510 τὰς
1329 3445 1558 3508 ἅλωνας,
1597 3448 1722 3509 τοὺς
1759 3445 1999 3517 ληψομέ-

419 3557 546 3604 νους
563 3538 661 3603 τὰς
683 3541 793 3604 τοῖς
824 3537 1025 3608 ἱερεῦσι
1051 3536 1402 3608 ὀφειλομένας
1427 3537 1677 3600 δεκάτας.
1708 3539 1818 3590 Καὶ
1870 3554 1997 3592 συν-

422 3632 606 3689 ἐδαινε
646 3633 773 3695 τοὺς
827 3629 1233 3702 ἀπορουμένους
1281 3629 1391 3684 τῶν
1423 3628 1612 3701 ἱερέων
1651 3629 1743 3683 ὑπ’
1795 3630 2000 3695 ἐνδείας

495 3819 607 3878 (82)
648 3817 811 3888 Τρεῖς
832 3816 1145 3889 μῳιάδας.
1199 3818 1341 3889 idem
1385 3831 1640 3889 numerus
1686 3814 1997 3889 pon_itur_in

424 3883 705 3945 Chronico.
753 3883 859 3942 Sed
898 3883 1164 3955 Josephus
1209 3889 1264 3942 in
1304 3888 1398 3943 lib.
1432 3903 1470 3942 ιι
1519 3886 1595 3943 De
1627 3887 1831 3941 excidio
1877 3883 1998 3954 plus

424 3976 584 4030 quam
613 3962 800 4013 decem
844 3957 1331 4030 millia,_hominum
1365 3958 1647 4030 exstincta
1677 3970 1802 4030 esse
1841 3955 1995 4030 dicit.

426 4026 481 4084 In
513 4030 774 4083 vicesimo
795 4041 974 4080 autem
998 4026 1135 4082 libro
1157 4028 1545 4095 Antiquitatum
1566 4065 1583 4090 ,
1616 4026 1708 4095 qui
1732 4026 1852 4080 libri
1880 4033 2003 4095 post

426 4100 711 4155 historiam
743 4096 864 4152 belli
887 4096 1093 4152 Iudaici
1122 4098 1189 4151 ab
1216 4113 1281 4152 eo
1298 4092 1601 4163 conscripti
1631 4092 1777 4159 sunt,
1807 4092 1998 4164 vigin'ti

427 4170 595 4223 millia
620 4171 922 4223 occisorum
946 4178 1214 4222 numerat.
1251 4167 1425 4233 Quem
1459 4166 1677 4234 quidem
1715 4179 1999 4219 numerum

426 4241 581 4308 sequi
639 4239 862 4301 malim,
912 4248 1202 4306 propterea
1247 4238 1391 4307 quod
1449 4237 1507 4293 hi
1560 4236 1683 4290 libri
1731 4236 2002 4306 posterius

425 4310 614 4375 scripti
649 4317 797 4373 sunt,
831 4317 888 4361 ut
914 4308 1046 4361 dixi.

499 4372 611 4448 (83)
653 4372 984 4447 Ἀγρίππαν
1023 4377 1329 4432 Ἰουδαίων
1354 4376 1678 4444 καθίστησι
1712 4372 1999 4439 βασιλέα.

426 4449 526 4503 Hic
556 4449 741 4516 iunior
767 4448 1027 4517 Agrippa,
1061 4449 1109 4518 si
1136 4450 1350 4518 proprie
1373 4449 1691 4515 loquamur,
1725 4460 1999 4518 nunquam

424 4515 733 4575 Iudaeorum
773 4515 869 4571 rex
908 4518 1031 4571 fuit.
1059 4515 1194 4571 Nam
1236 4515 1356 4587 post
1378 4518 1586 4573 obitum
1624 4515 1795 4586 patris
1815 4516 2002 4587 Agrip-

426 4604 542 4670 pae‘,
570 4589 661 4657 qui
707 4602 850 4670 anno
894 4585 1375 4670 iv‘Cla‘udiijbiit
1405 4604 1436 4643 e
1473 4585 1777 4670 vita,_’cuui
1821 4585 2002 4670 adhuc

426 4655 641 4712 inﬁrma
676 4666 825 4711 esset
848 4665 1029 4721 aetate,
1062 4658 1316 4713 Claudius
1343 4673 1466 4712 eum
1490 4657 1628 4727 apud
1661 4670 1719 4727 se
1748 4655 2000 4727 detinuit,

426 4742 527 4797 nec
570 4727 620 4779 in
652 4727 823 4797 patris
857 4741 1023 4795 regno
1056 4730 1344 4783 succedere
1375 4724 1643 4797 permisit.
1682 4724 1879 4779 Postea
1909 4726 2005 4778 dc-

426 4795 615 4868 fnncto
665 4794 1196 4868 Herodebltalcidis
1243 4794 1406 4868 rege,
1452 4795 1724 4868 Claudius.
1771 4810 2000 4868 regnum

427 4866 604 4936 patrui
632 4869 679 4919 ei
702 4866 949 4936 donavit.
992 4867 1146 4933 Quod
1180 4860 1434 4935 cum'per
1463 4860 2002 4936 quadrieiiniuiit_te-

426 4935 656 4996 nuisset.
680 4935 935 4990 Claudius
970 4951 1113 4989 anno
1145 4934 1353 5005 imperii
1387 4934 1818 4992 sui—duodecimo
1874 4934 2004 5005 Tra-

427 5005 720 5077 conitidem
753 5021 874 5077 qua;
901 5006 1195 5061 tetrarchia
1227 5003 1457 5077 Philippi
1503 5008 1711 5077 fuerat,
1732 5020 1864 5077 cum
1890 5003 2004 5077 Ly-

430 5074 595 5146 sanize
631 5090 797 5142 regno
828 5075 875 5128 ei
915 5077 1214 5139 concessit,
1242 5074 1495 5146 adempta
1538 5075 1691 5146 prius
1719 5074 1997 5146 Chalcide.

425 5143 524 5200 Jus
550 5160 764 5214 quoque
795 5146 846 5197 in
879 5145 1154 5217 templum,
1191 5154 1246 5200 et
1271 5143 1646 5217 eligendorum
1684 5144 1998 5217 pontilicum

429 5223 754 5281 potestatem
778 5231 941 5283 quam
972 5214 1212 5271 Herodes
1234 5214 1461 5284 patritus
1487 5214 1770 5278 habuerat,
1802 5215 1853 5267 in
1876 5229 1999 5284 enin

429 5284 729 5339 transtulit.
776 5284 943 5338 Paulo
989 5295 1110 5354 post
1152 5283 1295 5340 Nero
1350 5297 1561 5353 partem
1607 5285 1842 5339 Galihcte
1883 5283 2001 5354 ejus

427 5356 673 5422 adjunxit
709 5368 890 5425 regno,
918 5353 1207 5409 ut’scrihit
1237 5354 1502 5425 Josepbns
1533 5357 1585 5410 in
1617 5356 1714 5410 lib.
1740 5370 1834 5409 xx.
1870 5353 2001 5421 Qua:

428 5440 553 5478 cum
587 5425 659 5478 ita
693 5424 823 5484 sint.
859 5435 1086 5494 apparet
1115 5426 1228 5478 falli
1263 5424 1554 5480 Eusebium
1577 5465 1592 5490 ,
1628 5428 1719 5495 qui
1752 5426 1999 5494 huncju-

427 5496 639 5549 niorem
689 5494 981 5565 Agrippam
1033 5496 1218 5549 statim
1273 5507 1398 5564 post
1452 5494 1660 5551 obitum
1727 5500 1897 5564 patris
1945 5498 1997 5546 in

430 5578 654 5636 regnum
687 5563 837 5636 ‘ejus’
862 5563 1350 5636 'successisseget
1396 5563 1921 5636 regemJudiL-orum
1970 5579 2001 5617 a

427 5631 653 5689 Claudio
678 5631 882 5689 factum
916 5650 1037 5690 esse
1071 5645 1183 5689 ttnn
1212 5635 1322 5700 hic,
1354 5631 1545 5689 tnm'in
1569 5634 1841 5691 Chronico
1871 5636 2003 5689 scri-

428 5707 539 5756 hat.
573 5705 892 5774 Quanquam
923 5706 1026 5761 hoc
1062 5706 1180 5760 loco
1212 5706 1473 5761 Eusebius
1509 5718 1695 5771 aperte
1733 5720 1837 5760 non
1870 5704 2002 5758 dicit

429 5777 613 5828 statim
668 5786 795 5845 post
832 5774 1038 5833 obitum
1076 5776 1246 5846 patris
1285 5791 1468 5848 regem
1516 5776 1665 5832 illum
1718 5790 1748 5831 a
1779 5775 2002 5834 Claudio

2093 1917 2381 1972 mensibus
2427 1915 2714 1983 imperium
2764 1915 3222 1981 administrasset,
3263 1914 3533 1970 Neronem
3564 1917 3674 1970 im-

2096 2008 2231 2065 uerii
2257 2019 2629 2062 successorem
2654 2006 2996 2075 relinquens,
3030 2023 3061 2063 e
3100 2011 3206 2063 vita
3234 2008 3492 2064 decessit.

2686 2096 2916 2159 .CAPUT
2955 2097 3077 2153 XX.

2135 2189 2267 2255 Qua:
2288 2198 2412 2245 acta
2451 2191 2556 2244 sint
2594 2188 2976 2259 Hierosolymis
3013 2187 3108 2242 sub
3136 2188 3358 2257 imperio
3400 2184 3653 2243 Neronis.

2167 2350 2401 2406 Neronis
2430 2360 2608 2405 autem
2666 2349 3003 2418 temporibus
3039 2345 3217 2401 Felice
3243 2344 3488 2400 Judteam
3538 2360 3640 2413 pro

2094 2453 2343 2510 curante,
2373 2442 2536 2496 aliam
2573 2457 2764 2496 rursus
2797 2441 2939 2495 inter
2970 2439 3283 2495 sacerdotes
3304 2447 3546 2492 exortam
3578 2452 3671 2493 se-

2095 2534 2378 2599 ditionem,
2408 2532 2676 2601 Josephus
2711 2532 2764 2586 in
2812 2532 3074 2586 vicesimo
3122 2529 3506 2601 Antiquitatum
3534 2528 3674 2584 libro

2096 2636 2282 2681 narrat
2314 2627 2399 2682 his
2419 2626 2641 2682 verbis:
2681 2646 2699 2677 ι
2735 2623 2864 2679 Orta
2907 2631 3017 2690 est,
3066 2624 3262 2693 inquit,
3304 2623 3501 2694 ingens
3526 2621 3674 2677 sedi-

2098 2722 2173 2777 tio
2198 2722 2516 2792 pontilicum
2544 2722 2805 2776 adversus
2830 2720 3144 2775 sacerdotes
3164 2718 3537 2788 primoresque
3567 2714 3677 2786 ple-

2097 2814 2183 2870 bis
2212 2813 2731 2887 Hierosolymorum,
2767 2813 2903 2868 adeo
2956 2821 3015 2866 ut
3064 2809 3264 2882 singuli
3314 2809 3526 2864 illorum
3558 2807 3675 2863 col-

2097 2903 2233 2960 lecta
2279 2919 2444 2959 manu
2498 2905 2835 2973 perditorum
2885 2901 3164 2956 hominum
3199 2898 3465 2968 novisque
3513 2896 3678 2950 rebus

2097 2994 2457 3058 studentium,
2502 2997 2757 3048 ductores
2782 3006 2842 3047 se
2866 2991 3045 3060 palam
3077 2989 3325 3044 ferrent:
3378 2985 3678 3057 congressi-

2100 3100 2208 3156 que
2235 3088 2504 3141 interdum
2530 3085 2796 3140 conviciis
2821 3093 2876 3139 et
2902 3083 3173 3152 lapidibus
3201 3097 3259 3135 se
3289 3089 3479 3134 mutuo
3506 3079 3678 3146 impe-

2103 3187 2324 3232 terent:
2361 3192 2485 3230 cum
2519 3177 2738 3231 interim
2769 3190 2932 3230 nemo
2976 3180 3122 3228 esset
3151 3171 3242 3242 qui
3281 3185 3377 3225 eos
3422 3167 3677 3237 objurga-

2103 3279 2206 3335 ret,
2237 3267 2331 3325 sed
2357 3279 2615 3337 tanquam
2647 3269 2701 3322 in
2740 3267 2963 3322 civitate
2999 3264 3145 3320 omni
3180 3271 3391 3317 rectore
3416 3260 3675 3315 destituta

2103 3361 2219 3417 haec
2261 3360 2515 3415 licentius
2569 3366 2903 3428 agerentur:
2962 3364 3111 3408 tanta
3161 3368 3323 3422 porro
3358 3351 3676 3422 pontificum

2102 3459 2224 3504 erat
2253 3447 2587 3516 impudentia
2615 3456 2671 3501 et
2694 3444 2946 3510 audacia,
2974 3453 3032 3498 ut
3056 3459 3162 3497 non
3185 3442 3504 3497 dubitarent
3536 3455 3676 3496 ‘ser-

2103 3555 2206 3595 vos
2235 3554 2366 3593 suos
2393 3537 2460 3591 ad
2488 3550 2648 3592 areas
2689 3536 2927 3601 mittere,
2958 3536 3050 3605 qui
3095 3533 3337 3589 decimas
3381 3531 3681 3586 sacerdoti-

2107 3629 2210 3685 bus
2243 3630 2455 3686 debitas
2486 3637 2763 3700 raperent.
2803 3624 2961 3683 Unde
2989 3625 3194 3681 accidit
3242 3634 3303 3680 ut
3343 3623 3585 3683 nonnulli
3610 3638 3678 3679 ex

2104 3809 2307 3865 factum
2352 3807 2539 3864 fuisse.
2581 3808 2740 3864 Certe
2763 3807 2933 3876 ipsius
2968 3805 3191 3878 Josephi
3241 3810 3553 3864 testimonio
3584 3812 3679 3866 de-

2106 3880 2398 3935 monstrari
2422 3888 2639 3948 potest,
2669 3878 2939 3945 iuniorem
2963 3880 3255 3948 Agrippam
3281 3896 3389 3935 non
3418 3882 3679 3937 continuo

2102 3960 2226 4074 East
2245 3949 2426 4032 patris
2459 3957 2689 4030 mortem
2718 3951 2869 4030 regia
2899 3949 3163 4018 dignitate
3201 3963 3455 4032 ornatum
3488 3950 3675 4006 fuisse.

2152 4032 2315 4074 tentm
2333 4017 2598 4074 Josenhns
2617 4035 2669 4072 tu
2697 4018 2791 4072 lib.
2811 4035 2851 4074 ιι
2879 4018 2955 4072 De
2978 4019 3110 4073 bello
3141 4018 3394 4074 Iudaico.
3419 4036 3540 4074 can.
3586 4023 3673 4074 l5.

2152 4017 2598 4091 tetri—ntgtlosephtts
2617 4018 2669 4072 in
2688 4017 2791 4091 lib.
2811 4035 2851 4074 ιι
2879 4017 3110 4073 ὒείιείίο
3141 4018 3394 4083 Iudaico,
3419 4036 3540 4091 cap.
3585 4023 3673 4091 l5,

2102 4088 2477 4145 duodecimum
2502 4088 2732 4160 Neronis
2764 4104 2965 4143 annum
2995 4103 3104 4158 quo
3131 4092 3296 4160 coepit
3342 4088 3547 4145 bellum
3576 4090 3676 4145 Ju-

2106 4162 2358 4230 daicum,
2385 4159 2675 4230 componit
2716 4173 2837 4213 cmn
2869 4174 3016 4213 anno
3060 4159 3495 4230 regis’Agrippte
3537 4176 3672 4217 xvu.

2103 4229 2339 4283 Proinde
2377 4227 2562 4296 iunior
2604 4229 2853 4299 Agrippa
2901 4227 3143 4299 regnare"
3179 4227 3337 4285 orsu's
3380 4227 3487 4299 est
3533 4247 3676 4285 anno

2103 4300 2312 4355 Claudii
2341 4309 2556 4354 octavo.
2593 4298 2766 4354 Porro
2801 4316 2906 4353 non
2955 4298 3263 4369 negaverim
3306 4315 3428 4353 eum
3465 4298 3675 4354 Judmo-

2106 4386 2223 4423 rum
2250 4384 2429 4438 regem
2463 4369 2567 4423 dici
2603 4384 2778 4439 posse.
2806 4384 2929 4425 cum
2973 4368 3067 4423 rex
3101 4368 3264 4423 fuerit
3309 4368 3583 4439 Galilzeae,
3621 4380 3674 4426 et

2107 4440 2250 4494 inter
2294 4437 2617 4509 Judaeorum’
2646 4453 2803 4509 reges
2852 4450 3201 4493 recenseatur
3251 4454 3281 4492 a
3328 4437 3500 4493 Justo.
3566 4440 3673 4494 Sed

2105 4524 2244 4579 nego
2272 4509 2422 4563 illum
2452 4508 2652 4563 Judteae
2687 4508 2867 4579 regem
2898 4524 3135 4576 unquam
3163 4509 3349 4579 fuisse.
3381 4510 3515 4563 Nam
3551 4519 3676 4579 post

2103 4574 2311 4633 obitum
2342 4574 2871 4649 seniorisAgrippze,
2902 4574 3005 4647 qui
3026 4574 3251 4649 contigit
3284 4594 3426 4633 anno
3460 4595 3513 4634 ιν
3541 4574 3673 4649 imp.

2102 4649 2339 4715 Claudii,
2377 4648 2560 4703 Judaea
2588 4648 2642 4701 in
2687 4650 2980 4717 provinciae
3033 4648 3261 4702 formam
3309 4652 3525 4704 redacta
3567 4648 3671 4712 est,

2104 4720 2466 4789 missique_in
2503 4733 2623 4789 eam
2657 4721 2948 4788 quotannis
2988 4729 3370 4788 procuratores
3416 4721 3673 4787 Caesaris,

2102 4799 2163 4844 ut
2189 4787 2346 4844 docet
2369 4787 2656 4857 Josephus.

2175 4859 2290 4930 (84)
2320 4856 2951 4930 M1:a{a._ln€hronico
2997 4858 3215 4913 Eusebii
3241 4857 3392 4914 Felix
3445 4862 3513 4915 ad
3557 4875 3676 4929 pro-

2103 4927 2439 4984 curationem
2492 4927 2692 4982 Judteze
2739 4928 2936 4981 missus
2974 4944 3095 4983 esse
3137 4930 3333 4983 dicitur
3364 4948 3391 4983 a
3446 4927 3674 4986 Claudio

2105 5014 2248 5053 anno
2271 5015 2347 5054 χι.
2381 4999 2487 5054 Sed
2529 5001 2580 5050 in
2613 4999 2851 5053 editione
2875 4996 3134 5067 Scaligeri
3163 5001 3366 5054 rectius
3404 5001 3458 5056 id
3497 5003 3675 5055 ascri-

2104 5069 2252 5122 bitur
2277 5085 2420 5124 anno
2451 5085 2481 5122 x
2513 5068 2746 5122 Claudii.
2782 5069 2971 5122 Verius
3009 5080 3187 5123 tamen
3235 5070 3480 5134 videtur,
3529 5072 3672 5125 Feli-

2103 5152 2220 5193 cem
2254 5155 2398 5193 anno
2426 5137 2637 5194 Claudii
2680 5153 2822 5192 nono
2873 5140 3096 5192 missum
3142 5156 3266 5194 esse
3313 5143 3365 5195 in
3403 5139 3667 5197 Iudaeam.

2100 5210 2238 5264 Nam
2270 5209 2498 5264 Tacitus
2527 5212 2579 5280 in
2612 5208 2709 5263 lib.
2738 5223 2842 5273 xu,
2875 5210 3021 5262 Sulla
3050 5222 3105 5263 et
3138 5210 3351 5265 Othone
3379 5227 3544 5280 coss.,
3577 5213 3670 5280 qui

2101 5289 2182 5350 est
2233 5294 2410 5333 annus
2453 5295 2486 5350 ιι
2540 5277 2790 5341 Claudii,
2831 5279 3064 5334 Felicem
3103 5280 3430 5350 jampridem
3470 5277 3672 5336 Judmis

2100 5349 2414 5418 impositum
2462 5349 2627 5405 fuisse
2676 5351 2835 5413 dicit,
2895 5360 2959 5407 et
3005 5351 3056 5403 in
3102 5349 3234 5419 cap.
3277 5366 3405 5404 xxiv
3435 5355 3666 5404 Actunm

2101 5421 2469 5490 apostolorum
2511 5419 2966 5490 Paulnsicausam
3025 5436 3192 5490 agens
3223 5423 3363 5489 apud
3419 5422 3667 5473 eumdem

2100 5489 2373 5555 Felicem,
2404 5492 2549 5559 quod
2593 5489 2821 5557 contigit
2861 5505 3006 5544 anno
3041 5489 3248 5545 Claudii
3281 5505 3402 5551 xm,
3430 5490 3509 5543 sic
3543 5504 3667 5543 cum

2102 5560 2437 5629 alloquitur:
2480 5560 2566 5614 Ea:
2604 5560 2782 5613 multis
2824 5562 2981 5614 annis
3018 5570 3068 5613 te
3111 5576 3222 5612 esse
3264 5560 3499 5629 judicent
3542 5561 3671 5611 ltuir

2101 5628 2244 5702 genti
2266 5632 2460 5702 sciens,
2480 5643 2584 5685 etc.
2609 5630 2876 5702 Canterum
2914 5630 3242 5702 l'alliturrltic
3285 5628 3516 5702 Rulinns
3536 5669 3550 5691 ,
3577 5630 3671 5696 qui

2105 5700 2217 5756 haec
2249 5702 2411 5755 verba
2433 5700 2654 5769 Josephi
2687 5716 2808 5755 esse
2833 5701 3187 5764 existimavit,
3213 5715 3335 5754 cum
3369 5701 3475 5753 sint
3501 5701 3674 5754 Euse-

2105 5773 2177 5828 bii
2217 5771 2387 5843 ipsius
2419 5784 2474 5828 ut
2503 5783 2745 5841 apparet.
