4192 6420
582 335 687 391 {95

1338 334 1610 392 EUSEBII
1648 335 2132 392 CAESARIEXSIS
2168 334 2323 391 OPP.
2364 334 2545 391 PARS
2584 336 2625 391 l.
2663 365 2735 377 —
2773 335 3167 394 HISTORICA.

3740 343 3846 400 196

582 455 797 501 neutem
819 445 924 501 sibi
950 455 1174 502 mortem
1204 448 1553 517 prtevidcbat.
1579 448 1847 517 Quocnrca
1873 463 2148 522 postquam

2265 451 2538 519 ἐπιλέγων
2578 450 2709 523 τῷ,ι
2740 454 2836 508 καὶ
2870 455 3147 526 ὲρῤύσθην
3171 457 3236 510 ὲκ
3266 457 3535 527 στόματος
3562 459 3794 527 λέοντος,
3820 482 3841 517 ο

581 538 724 594 dixit
748 557 762 593 :
791 558 809 591 ι
831 538 1119 594 Liberatus
1141 556 1259 594 sum
1283 557 1350 596 ex
1377 558 1472 596 ore
1497 543 1689 610 leonis,
1716 563 1735 595 ι
1762 544 1947 597 statim
1974 544 2155 598 addit:

586 648 610 685 ε
646 630 930 687 Liberabit
985 648 1071 688 me
1118 633 1380 689 Dominus
1418 635 1487 689 ab
1529 637 1679 689 omni
1711 650 1876 705 opere
1918 635 2081 700 malo,
2105 645 2162 689 et

581 737 821 791 servabit
842 736 894 790 in
916 751 1135 807 regnum
1162 753 1315 790 stmm
1341 737 1620 799 cmleste,»
1652 738 1974 809 martyrium
1999 753 2158 792 suum

581 826 801 897 iamjam
854 827 1045 880 adfore
1070 828 1406 896 signiﬁcans.
1426 829 1581 896 Quod
1602 829 1821 898 quidem
1852 830 2017 884 etiam
2040 831 2161 883 evi-

580 916 797 972 dentius
835 917 886 970 in
919 917 1114 971 eadem
1142 918 1379 987 Epistola
1418 919 1743 988 prmdiserat
1785 919 1873 974 his
1925 920 2107 973 verbis
2142 933 2157 970 :

588 1026 610 1059 ε
644 1008 757 1077 Ego
816 1009 960 1062 enim
1007 1007 1118 1076 jam
1172 1009 1406 1073 delibor,
1435 1018 1489 1062 et
1541 1019 1753 1081 tempus
1788 1011 2159 1066 dissolutionis

578 1114 714 1153 mete
744 1101 932 1153 instat.
961 1118 979 1150 ι
1015 1099 1081 1152 Ει
1114 1098 1298 1153 in‘hac
1330 1101 1550 1167 quidem
1589 1102 1829 1157 secunda
1858 1104 1927 1157 ad
1969 1102 2155 1157 Timo-

579 1189 763 1243 theum
791 1187 1049 1256 rpistola.
1090 1187 1290 1244 Lucam
1324 1191 1500 1245 solum
1534 1191 1638 1246 sibi
1666 1191 1859 1246 adesse
1885 1201 2153 1258 testatur;

576 1276 631 1331 in
659 1276 846 1345 priore
869 1292 999 1332 vero
1028 1278 1346 1333 defensione
1380 1295 1446 1333 ne
1488 1281 1637 1334 hunc
1664 1281 1880 1350 quidem
1912 1280 2156 1337 adfuisse

576 1366 726 1421 dicit.
753 1367 924 1433 Quam
959 1367 1031 1422 ob
1057 1383 1279 1422 causam
1315 1371 1529 1424 videtur
1558 1370 1737 1426 Lucas
1766 1372 2000 1427 Actunm
2026 1388 2155 1442 apo-

574 1460 892 1515 stolicorum
924 1460 1210 1516 historiam
1246 1463 1339 1527 illo
1368 1473 1611 1533 tempore
1642 1464 1996 1531 conclusisse,
2028 1481 2151 1519 cum

574 1553 757 1604 omnia
786 1566 907 1621 quae
945 1553 1184 1620 quandiu
1223 1569 1346 1608 cum
1394 1553 1564 1607 Paulo
1611 1564 1861 1609 versatus
1886 1566 1971 1610 est
2003 1568 2151 1626 gesta

579 1641 814 1707 fuerant,
847 1654 1347 1700 commemorasset.
1374 1646 1499 1699 llaac
1530 1646 1734 1702 idcirco
1761 1662 1791 1700 a
1823 1648 1979 1702 nobis
2004 1648 2152 1703 dicta

577 1739 727 1792 sunt,
756 1739 817 1784 ut
842 1732 1192 1789 ostendamus
1217 1733 1438 1788 Paulum
1468 1751 1573 1789 non
1601 1737 1651 1790 in
1677 1737 1851 1805 primo
1877 1737 1969 1794 illo
1997 1736 2153 1806 cujus

576 1928 699 1970 esse
718 1913 1081 1985 perfunctum.
1106 1915 1314 1987 Quippe
1340 1920 1625 1988 probabile
1649 1929 1734 1974 est
1756 1920 1904 1974 Pauli
1926 1937 2024 1991 pro
2049 1920 2154 1975 fide

577 2015 761 2059 nostra
786 2005 1155 2062 defensionem
1186 2024 1216 2062 a
1248 2007 1458 2065 Nerone
1488 2011 1581 2080 qui
1609 2011 1754 2066 circa
1792 2012 1944 2067 initia
1978 2014 2156 2085 impe-

579 2098 652 2152 rii
678 2098 1002 2156 clementius
1025 2116 1084 2156 se
1109 2104 1358 2171 gerebat,
1381 2103 1614 2174 benigne
1635 2104 1925 2159 admissam
1946 2104 2112 2162 fuisse
2136 2125 2150 2162 :

574 2202 767 2242 verum
804 2202 927 2242 cum
977 2200 1165 2258 postea
1198 2194 1266 2245 ad
1314 2192 1592 2246 teterrima
1628 2207 1857 2262 quasque
1906 2192 2150 2248 facinora

2262 543 2325 595 τό
2344 558 2356 569 ·
2387 561 2406 593 ε
2449 542 2695 596 Ῥύσεταί
2731 562 2798 614 με
2825 548 2854 598 ὁ
2882 545 3081 616 Κύριος
3118 547 3227 600 ἀπὸ
3254 551 3450 611 παντὸς
3479 550 3641 622 ἔργου
3675 568 3838 623 πονη-

2265 633 2383 707 ροῦ,
2416 636 2509 688 καὶ
2537 634 2699 688 σώσει
2742 638 2822 699 είς
2849 638 2948 707 τὴν
2976 637 3252 707 βασιλείαν
3275 639 3438 693 αὐτοῦ
3477 643 3577 711 τὴν
3611 643 3846 715 ὲττουράο

2262 743 2392 787 νιον,
2427 746 2446 778 ι
2483 727 2762 796 σημαίνων
2786 727 2849 780 τὸ
2878 730 3188 800 παραυτίκα
3212 730 3529 801 μαρτύριον,
3562 733 3591 785 ὃ
3624 735 3718 787 καὶ
3745 752 3845 789 σα-

2263 818 2524 889 φέστερον
2552 821 2609 871 ὲν
2634 822 2700 889 τῇ
2722 820 2859 891 αύτῇ
2885 821 3138 891 προλέγει
3160 826 3343 893 γραφῇ
3367 823 3619 891 φάσκων·
3646 843 3667 877 s
3701 825 3845 893 Ἐγὼ

2261 911 2370 981 γὰρ
2403 912 2501 982 ἤδη
2533 912 2850 981 σπένδομαι,
2882 913 3021 966 καὶὸ
3054 914 3241 981 καιρὸς
3269 916 3367 985 τῆς
3400 915 3709 980 ἀναλύσεώς
3739 935 3842 988 μου

2260 1004 2579 1073 ἐφέστηκεν.
2628 1023 2647 1055 ι
2684 1004 2796 1056 Νῦν
2828 1004 2927 1074 μὲν
2953 1001 3046 1057 οὖν
3086 1006 3180 1059 ἐπὶ
3209 1007 3307 1077 τῆς
3326 1009 3585 1079 δευτέρας
3599 1011 3843 1065 Ἐπιστο-

2258 1093 2356 1166 λῆς
2384 1095 2492 1147 τῶν
2526 1094 2661 1166 πρὸς
2690 1095 2971 1164 Τιμόθεον,
3006 1096 3098 1149 τὸν
3139 1100 3352 1153 Λουκᾶν
3387 1101 3546 1169 μόνον
3575 1104 3842 1172 γράφοντι

2256 1184 2408 1255 αὐτῷ
2449 1189 2689 1238 συνεῖναι
2735 1185 2904 1256 δηλοῖ.
2945 1186 3085 1239 κατά
3121 1187 3176 1240 δὲ
3201 1189 3300 1257 τὴν
3338 1189 3608 1260 προτέραν
3644 1191 3842 1245 ἀπολο-

2255 1274 2382 1342 γίαν
2425 1276 2547 1329 οὐδὲ
2582 1277 2791 1329 τοῦτον.
2823 1277 2986 1331 Ὅθεν
3015 1278 3238 1342 εἰκότως
3261 1278 3359 1343 τάς
3386 1281 3497 1334 τῶν
3524 1281 3841 1336 ἀποστόλων

2255 1366 2490 1438 Πράξεις
2526 1370 2615 1422 ἐπ’
2651 1372 2857 1423 ἐκεῖνον
2902 1371 2932 1423 ό
2966 1372 3180 1435 Λουκᾶς
3210 1373 3545 1445 περιέγραψε
3591 1374 3684 1427 τὸν
3710 1375 3839 1446 χρόα

2253 1477 2363 1525 νον,
2393 1461 2492 1532 τὴν
2524 1462 2717 1534 μέχρις
2748 1464 2838 1515 ὅτε
2880 1463 2957 1534 τῷ
2986 1464 3181 1534 Παύλῳ
3216 1467 3382 1535 συνῆν
3424 1465 3666 1535 ίστορίαν
3699 1467 3840 1538 ὑφη-

2253 1552 2582 1622 γησάμενος.
2633 1553 2817 1607 Ταῦτα
2859 1555 2916 1608 δὲ
2960 1556 3090 1625 ἡμῖν
3122 1555 3339 1625 εἴρηται
3387 1555 3834 1626 παρισταμένοις.

2250 1643 2334 1697 ὅτι
2379 1645 2453 1716 μὴ
2493 1644 2614 1699 καθ’
2636 1647 2703 1715 ῆν
2730 1648 2759 1699 ὁ
2782 1648 2995 1710 Λουκᾶς
3030 1647 3334 1717 ἀνέγραψεν
3355 1648 3448 1700 ἐπὶ
3478 1647 3578 1716 τῆς
3617 1647 3836 1718 Ῥώμης

2253 1734 2543 1806 ἐπιδημίαν
2564 1735 2657 1789 τοῦ
2682 1737 2990 1801 ﬂatile-4,1?)
3013 1738 3308 1809 μαρτύριον
3334 1738 3481 1810 αὐτῷ
3509 1739 3839 1810 συνεπεράν-

478 1818 483 1823 ’
576 1823 825 1877 meminit
851 1822 1050 1888 Lucas,
1079 1824 1131 1877 in
1157 1825 1346 1879 urbem
1373 1826 1599 1881 Romam
1617 1826 1872 1889 adventu,
1892 1828 2148 1898 martyrio

2259 1826 2349 1898 θη.
2380 1828 2541 1891 Εἰκός
2563 1845 2627 1895 γε
2653 1845 2735 1882 τοι
2763 1830 2906 1883 κατά
2947 1831 3046 1901 μὲν
3071 1831 3244 1900 ἀρχάς
3276 1831 3582 1902 ἠπιώτερον
3606 1829 3700 1884 τοῦ
3732 1832 3827 1885 Νέο

2256 1935 2425 1990 ρωνος
2455 1920 2820 1991 διακειμένου,
2857 1925 2986 1994 ῥᾷον
3014 1924 3111 1994 τὴν
3144 1925 3283 1995 ὑπὲρ
3308 1923 3403 1976 τοῦ
3435 1925 3703 1994 δόγματος
3737 1922 3835 1978 τοῦ

2256 2012 2469 2066 Παύλου
2502 2014 2900 2086 καταδεχθῆναι
2941 2016 3260 2084 ἀπολογίανο
3306 2017 3655 2088 προελθόντος
3676 2016 3733 2070 δὲ
3754 2017 3836 2081 εις

2254 2104 2546 2176 ἀθεμίτους
2572 2105 2796 2177 τόλμας,
2835 2106 2973 2177 μετά
3000 2107 3107 2159 τῶν
3128 2107 3303 2160 ἀλλων
3332 2109 3425 2161 καὶ
3457 2106 3527 2160 τά
3554 2106 3695 2161 κατά
3724 2107 3837 2162 τῶν

2254 2197 2570 2252 ἀποστόλων
2594 2199 3004 2269 ἐγχειρισθῆναι
3036 2199 3195 2270 (90‘).

574 2280 719 2335 idem
766 2276 909 2333 Nero
953 2283 1313 2351 prorupisset,
1338 2284 1617 2353 apostolos
1642 2299 1862 2356 quoque
1905 2301 2030 2341 cum
2059 2290 2272 2346 caeteris
2301 2294 2565 2346 smvitiam
2597 2293 2712 2361 ejus
2745 2303 3021 2360 expertos.

1058 2377 1167 2449 63
1203 2376 1433 2435 CAPUT
1466 2378 1652 2433 xxut.

643 2471 918 2539 Quomodo
942 2470 1176 2527 Iacobus
1204 2472 1294 2536 qui
1324 2472 1491 2539 frater
1527 2471 1736 2527 Domini
1770 2474 1945 2528 dictus
1974 2484 2074 2540 est,

2763 2388 3160 2442 ΚΕΦΛΛΔΙΟΝ
3192 2389 3318 2442 KI‘.

2267 2479 2366 2546 Ὠς
2389 2480 2801 2552 ἐμαρτύρησεν
2836 2478 3112 2552 Ἰάκωβος
3139 2479 3321 2552 6]οᾷ
3351 2481 3574 2547 Κυρίου
3604 2498 3833 2552 χρημα-

1099 2544 1409 2611 martyrium
1441 2542 1622 2599 subiit.

2341 2542 2355 2546 '
2415 2542 2433 2550 '
2492 2542 2961 2618 umquamde
2994 2542 3137 2613 (me.
3169 2548 3243 2607 ιι.
3279 2550 3346 2603 ε.
3379 2542 3581 2619 mss).

641 2632 909 2689 Caeterum
962 2648 1084 2687 eum
1115 2632 1315 2688 Paulus
1352 2633 1420 2687 ad
1455 2632 1724 2689 Cmsarem
1773 2645 2146 2705 provocasset,

2338 2642 2580 2696 Ἰουδαῖοί
2614 2658 2678 2711 γε
2717 2641 2943 2714 μὴν,τοῦ
2974 2641 3190 2696 Παύλου
3226 2642 3478 2714 Καίσαρα
3509 2642 3835 2698 ἐπικαλεσαο

570 2722 911 2795 Romamque
942 2740 971 2778 a
1000 2722 1163 2780 Festo
1189 2725 1389 2779 missus
1416 2735 1580 2790 esset,
1599 2723 1768 2780 Judaei
1795 2725 1887 2795 qui
1918 2726 2148 2781 insidias

2255 2732 2420 2805 μένου
2440 2772 2455 2795 ,
2484 2733 2578 2787 ἐπί
2606 2749 2668 2786 τε
2697 2733 2798 2804 τὴν
2835 2732 3122 2802 Ῥωμαίων
3151 2733 3306 2786 πόλιν
3345 2734 3450 2787 ὑπὸ
3487 2735 3697 2805 φήστου
3727 2752 3834 2789 πα-

570 2816 672 2886 ipsi
709 2824 1048 2879 struxerant,
1088 2831 1183 2886 spe
1204 2830 1303 2897 sua
1337 2816 1610 2883 frustrati,
1644 2817 1697 2871 in
1726 2815 1989 2873 Iacobum
2026 2816 2144 2871 fra-

2253 2823 2668 2896 ραπεμφθέντος
2690 2863 2707 2887 ,
2750 2824 2847 2895 τῆς
2879 2823 3090 2888 ἐλπίδος
3130 2824 3253 2877 καθ’
3281 2825 3348 2895 ἢν
3387 2824 3647 2895 ἐξήρτυον
3683 2824 3833 2897 αὐτῷ

571 2917 708 2963 trem
736 2906 1077 2973 Domini,cui
1103 2907 1430 2979 episcopalis
1456 2906 1962 2979 Hierosolymorum
1985 2908 2145 2964 sedes

2249 2915 2350 2985 τὴν
2382 2913 2675 2985 ἐπιϐουλὴν
2695 2953 2711 2978 ,
2738 2913 3139 2977 ἀποπεσύντες,
3167 2913 3261 2967 ἐπὶ
3301 2914 3555 2968 Ἰάκωϐον
3602 2913 3694 2967 τὸν
3735 2912 3832 2969 τοῦ

569 3004 640 3057 ab
677 3001 939 3070 apostolis
967 3001 1163 3055 tradita
1205 2999 1406 3067 fuerat,
1432 3000 1635 3055 rabiem
1682 3008 2029 3068 convertunt,
2059 3012 2147 3056 at-

2249 3004 2455 3076 Κυρίου
2479 3004 2768 3076 τρέπονται
2809 3003 3055 3073 ἀδελφὸν,
3085 2998 3131 3072 ᾧ
3165 3004 3300 3075 πρὸς
3324 3005 3434 3058 τῶν
3459 3006 3772 3061 ἀποστόλων
3802 3007 3835 3060 ό

568 3107 678 3164 que
710 3088 952 3149 hoc'fere
998 3092 1162 3147 modo
1195 3092 1346 3147 illum
1398 3093 1574 3148 adorti
1619 3103 1763 3148 sunt.
1812 3093 2143 3151 Productum

2250 3095 2350 3166 τῆς
2373 3094 2675 3165 ἐπισκοπῆς
2690 3094 2788 3164 τῆς
2812 3096 2870 3147 ὲν
2903 3093 3294 3165 Ἰεροσολύμοις
3315 3094 3690 3172 ἐγκεχείριστο
3711 3092 3836 3166 θρό-

568 3155 625 3241 in
666 3185 939 3250 medium,
978 3184 1252 3257 abnegare
1309 3185 1469 3241 fidem
1521 3185 1723 3241 Christi
1764 3201 1949 3242 coram
1999 3188 2146 3243 omni

2392 3155 2941 3249 Tataﬁta'ﬁ'ubroig
2976 3155 3069 3238 καὶ
3099 3155 3186 3239 τὰ,
3207 3155 3367 3239 κατὰ.
3393 3155 3583 3240 τούτόυ
3627 3155 3832 3259 τολμή-

567 3276 766 3348 populo
797 3276 1010 3348 jubent.
1044 3276 1152 3332 Sed
1185 3277 1378 3332 cumis
1410 3290 1608 3346 praeter
1644 3279 1888 3333 omnium
1950 3295 2148 3348 esspe-

2255 3294 2401 3348 ματα
2416 3277 2550 3346 (91).
2572 3278 2666 3340 Et;
2690 3277 2854 3347 μέσον
2873 3278 3035 3330 αὑτὸν
3061 3279 3617 3350 ἁγαγόντες,ἀρνησιν
3638 3280 3739 3351 τῆς
3751 3281 3834 3344 είς

568 3371 861 3425 ctationem
903 3369 1073 3425 libera
1116 3382 1248 3424 voce
1276 3380 1333 3424 et
1384 3367 1588 3437 majore
1638 3383 1802 3439 quam
1854 3369 2148 3440 sperabant

2250 3370 2341 3423 τὸν
2370 3369 2601 3440 Χριστὸν
2630 3369 2867 3433 πίστεως
2909 3369 3002 3422 ἐπὶ
3045 3371 3243 3434 παντὸς
3284 3370 3508 3443 ἐζήτουν
3549 3370 3643 3424 τοῦ
3675 3370 3832 3427 λαοῦ.

568 3465 787 3531 ﬁducia,
824 3465 1172 3519 Servatorem
1220 3479 1287 3519 ac
1334 3462 1622 3517 Dominum
1670 3472 1915 3517 nostrum
1964 3459 2147 3515 Jesum

571 3555 668 3612 Dei
704 3554 900 3611 Filium
934 3570 1055 3611 esse
1081 3570 1268 3611 coram
1301 3554 1451 3609 omni
1487 3553 1834 3609 multitudine
1864 3552 2149 3608 confessus

567 3647 799 3716 fuisset;
826 3658 937 3703 tum
980 3648 1056 3702 illi
1088 3648 1445 3718 impatienter
1491 3648 1733 3703 ferentes
1775 3645 2146 3700 testimonium

568 3741 703 3795 tanti
744 3741 869 3806 viri,
897 3741 1095 3811 quippe
1132 3741 1225 3811 qui
1269 3740 1338 3796 ob
1367 3739 1700 3812 singularem
1750 3738 2145 3793 continentiam

568 3848 637 3887 ac
668 3832 1007 3903 religionem,
1045 3832 1287 3886 omnium
1318 3844 1587 3887 consensu
1605 3828 1945 3899 justissimus
1977 3825 2148 3881 habe-

568 3926 755 3989 batur,
786 3932 999 3991 arrepta
1027 3939 1093 3979 es
1125 3933 1298 3978 lltOl‘le
1329 3921 1561 3978 rectoris
1606 3919 1822 3976 licentia
1873 3934 1997 3973 eum
2027 3926 2147 3971 tru-

567 4016 777 4071 cidant.
805 4014 1014 4086 Quippe
1056 4031 1152 4085 per
1188 4016 1331 4070 idem
1359 4023 1573 4084 tempus
1606 4021 1826 4067 mortuo
1877 4011 1931 4064 in
1962 4007 2145 4062 Judma

567 4107 750 4173 Festo,
792 4110 997 4180 absque
1019 4107 1129 4163 ullo
1154 4105 1383 4178 praeside
1408 4121 1473 4161 ac
1500 4103 1844 4159 moderatore
1865 4100 2146 4170 provincia

568 4209 931 4256 remanserat.
963 4200 1040 4255 Ac
1063 4199 1176 4269 jam
1206 4198 1426 4269 quidem
1452 4196 1708 4267 superius
1729 4197 1948 4251 modum
1980 4196 2146 4251 caadis

563 4287 760 4347 Jacobi
785 4306 852 4346 ex
883 4290 1066 4345 allatis
1086 4289 1384 4346 Clementis
1416 4288 1595 4344 verbis
1646 4289 2018 4359 cognovimus,
2053 4286 2144 4355 qui

564 4396 633 4437 ex
667 4381 849 4451 templi
899 4380 1115 4453 fastigio
1163 4395 1288 4435 eum
1343 4378 1768 4449 praacipitatum,
1819 4387 1875 4433 et
1925 4377 2144 4433 fullonis

2251 3462 2357 3515 Τοῦ
2381 3462 2439 3515 δὲ
2460 3461 2610 3533 παρά
2632 3459 2730 3531 τὴν
2754 3461 3010 3516 ἁπάντων
3032 3462 3255 3534 γνώμην
3282 3463 3542 3536 ἐλευθέρα
3564 3468 3715 3539 φωνῇ
3737 3466 3834 3521 καὶ

2253 3554 2452 3626 μᾶλλον
2474 3554 2506 3625 ἢ
2530 3554 2931 3625 προσεδόκησαν
2951 3555 3043 3608 ἐπὶ
3061 3555 3162 3625 τῆς
3185 3554 3421 3627 πληθύος
3450 3556 3667 3629 ἀπάσης
3690 3559 3833 3629 παῤ-

2250 3643 2672 3715 ρησιασαμένου,
2697 3645 2791 3697 καὶ
2815 3644 3244 3717 ὁμολογήσαντος
3268 3645 3395 3699 Υἱδν
3419 3641 3557 3701 εἶναι
3584 3646 3676 3701 τοῦ
3694 3646 3831 3702 Θεοῦ

2247 3736 2338 3789 τὸν
2370 3735 2598 3805 Σωτῆρα
2643 3736 2738 3788 καὶ
2768 3735 2971 3808 Κύριον
3002 3736 3157 3807 ἡμῶν
3207 3737 3412 3809 Ἰησοῦν
3439 3738 3531 3792 τὸν
3570 3738 3830 3811 Χριστὸν.

2251 3826 2444 3899 μηκέθ’
2473 3821 2573 3880 οἷοί
2599 3842 2658 3881 τε
2681 3830 2779 3898 τὴν
2806 3827 2900 3880 τοῦ
2947 3827 3139 3900 ἀνδρὸς
3170 3831 3475 3901 μαρτυρίαν
3503 3829 3719 3903 φέρειν,
3748 3830 3828 3902 τῷ

2245 3918 2577 3973 δικαιότατον
2620 3918 2781 3973 αὐτὸν
2819 3918 2971 3991 παρά
3012 3921 3126 3981 τοῖς
3167 3920 3299 3972 πᾶσι
3340 3919 3408 3973 δι’
3439 3917 3832 3993 ἀκρότητα,ἦς

2250 4009 2438 4082 μετῄει
2490 4008 2630 4063 κατά
2654 4009 2746 4063 τὸν
2791 4008 3252 4080 βίοννφιλοσοφίας
3280 4027 3339 4063 τε
3385 4011 3478 4064 καὶ
3522 4011 3831 4077 θεοσεϐείας

2248 4101 2617 4166 πιστεύεσθαι,
2648 4102 2938 4165 κτείνουσι,
2970 4103 3160 4173 καιρὸν
3192 4104 3273 4167 είς
3301 4102 3550 4168 ἐξουσίαν
3574 4102 3831 4168 λαϐόντες

2245 4196 2344 4268 τὴν
2371 4195 2652 4268 ἀναρχίαν,
2683 4196 2765 4249 ὃτι
2804 4194 2867 4266 δὴ
2902 4194 2995 4248 τοῦ
3028 4195 3236 4266 Φήστου
3265 4195 3387 4247 κατ’
3420 4194 3553 4247 αὐτὸ
3579 4193 3672 4247 τοῦ
3704 4211 3829 4249 και-

2249 4285 2344 4357 ροῦ
2362 4286 2455 4340 ἐπὶ
2474 4285 2574 4356 τῆς
2608 4283 2868 4347 Ἰουδαίας
2890 4282 3329 4354 τελευτήσαντος,
3353 4283 3564 4354 ἀναρχα
3604 4284 3698 4337 καὶ
3735 4284 3831 4338 ἀν-

2245 4377 2613 4451 επιτρόπευτα
2642 4378 2713 4431 τὰ
2738 4376 2840 4446 τῆς
2884 4375 3073 4429 αὐτόθι
3105 4374 3424 4446 διοικήσεως
3456 4375 3828 4446 καθειστήκει.

563 4480 721 4528 vecte
746 4486 1061 4541 percussum
1089 4471 1365 4527 interiisse
1392 4479 1622 4525 testatus
1648 4477 1750 4524 est.
1769 4468 1876 4524 Sed
1900 4468 2140 4523 omnium

2249 4471 2349 4527 Τὸν
2373 4471 2430 4525 δὲ
2457 4470 2559 4541 τῆς
2589 4470 2685 4523 τοῦ
2726 4467 2984 4522 Ἰακώϐου
3026 4467 3282 4537 τελευτῆς
3315 4466 3546 4539 τρόπον,
3587 4467 3691 4539 ἤδη
3728 4467 3829 4538 μὲν

567 4562 977 4619 accuratissime
1009 4562 1345 4632 Hegesippus
1381 4560 1472 4630 qui
1523 4559 1889 4630 apostolorum
1935 4571 2142 4629 tempo-

567 4654 717 4709 ribus
740 4653 1020 4724 proximus
1056 4652 1176 4719 fuit,
1204 4653 1258 4707 in
1306 4653 1496 4723 quinto
1523 4650 2037 4707 Commentariorum
2071 4650 2141 4704 li-

564 4743 667 4801 bro
710 4745 775 4801 de
807 4742 1013 4801 Jacoho
1067 4745 1403 4816 praescripsit
1429 4744 1514 4799 his
1547 4741 1730 4797 verbis
1761 4759 1776 4795 :
1808 4760 1828 4793 ι
1859 4740 2136 4805 Ecclesiae,

566 4837 764 4907 inquit,
790 4837 1315 4892 administrationem
1354 4850 1460 4890 una
1494 4850 1618 4890 cum
1662 4833 1920 4905 apestolis
1953 4850 2140 4890 susce-

560 4929 645 4999 pit
672 4926 907 4984 Jacobus
947 4927 1119 4984 frater
1163 4926 1402 4994 Domini,
1440 4927 1533 4998 qui
1562 4927 1676 4997 jam
1707 4926 1833 4982 inde
1865 4941 1896 4980 a
1926 4924 2133 4983 Christi

639 5116 777 5186 (90‘)
792 5115 1281 5186 Ἐτχειρισθῆναι.
1296 5116 1352 5171 1η
1380 5125 1613 5186 quatuor
1633 5114 1839 5170 nostris
1861 5111 2141 5186 codicibus

566 5185 733 5252 Man,
777 5185 1095 5252 διεδηιευι
1156 5203 1220 5241 ac
1260 5185 1430 5241 Savil.
1484 5187 1750 5253 scriptum
1807 5193 1892 5237 est
1929 5185 2139 5255 ἐπιχει-

570 5257 752 5330 ρῆσαι.
781 5256 953 5323 Quam
985 5257 1267 5330 lectionem
1302 5257 1356 5310 in
1400 5254 2051 5330 quihusdatqeodicibus
2082 5267 2143 5306 se

566 5324 836 5395 reperisse
864 5337 1088 5381 testatur
1121 5324 1445 5395 Stephanus.
1482 5324 1679 5395 Verum
1704 5326 1748 5379 si
1773 5326 1846 5395 ita
1873 5324 2137 5395 legamus,

566 5392 880 5470 necessario
910 5392 1257 5470 scribendum
1296 5399 1409 5470 erit
1429 5394 1763 5470 προελθόντα
1899 5397 1980 5457 εἰς
2009 5392 2138 5446 ἀθε-

567 5468 757 5566 tres
1036 5465 1772 5566 Ξετιεὲίεεξξξξιοιξιξηίξι
1792 5465 2135 5566 ,ὶὲἒῖροιεεςυτεῖε

566 5533 659 5601 34,
686 5541 757 5591 ita
788 5533 999 5591 videtur
1035 5538 1248 5605 legisse.
1297 5538 1388 5589 Sic
1428 5533 1573 5590 enim
1612 5537 1757 5588 hunc
1782 5533 2008 5605 Eusebii
2055 5534 2140 5605 lo_-

568 5625 693 5661 t-nut
725 5601 1111 5674 interpolavit?
1129 5608 1208 5671 είς
1232 5605 1277 5659 δ’
1303 5606 1593 5676 ἀθεμίτους
1615 5603 1963 5676 ἐξοκείλαντα
2006 5601 2140 5676 πρᾷ-

572 5677 699 5742 ξέις,
741 5672 883 5748 μετᾶ
906 5676 1015 5730 τῶν
1041 5677 1216 5731 ἄλλων
1241 5677 1334 5731 καὶ
1353 5672 1450 5741 τάς
1468 5678 1577 5729 τῶν
1595 5673 1909 5729 ἀποστόλων
1934 5672 2143 5725 ἐπιτολ-

617 5749 744 5815 ῆσαι
776 5748 1009 5815 σφαγάς.

574 5766 649 5819 μη
658 5766 744 5800 σαι
776 5766 1009 5815 σφαγας.

641 5820 750 5880 ιθι)
778 5813 818 5871 ν
830 5821 933 5880 uia.
949 5818 1019 5872 τὰ
1030 5815 1175 5873 κατὰ
1187 5818 1399 5873 τούτου
1417 5813 1725 5887 τολμᾶται.
1746 5814 1991 5884 Quatuor
2009 5827 2140 5870 nos-

2247 4561 2508 4633 πρότερον
2540 4560 2595 4614 αἱ
2640 4557 3033 4631 παρατεθεῖσαι
3065 4555 3159 4609 τοῦ
3196 4556 3515 4626 Κλήμεντος
3540 4557 3715 4626 (φωναὶ
3741 4557 3830 4611 δε-

2241 4654 2570 4726 δηλώκασιν,
2597 4654 2707 4707 ἀπὸ
2745 4652 2839 4706 τοῦ
2879 4650 3175 4723 πτερυγίου
3217 4649 3530 4721 βεϐλῆσθαι,
3579 4649 3720 4722 ξύλῳ
3765 4667 3829 4705 τι

2241 4746 2343 4814 τὴν
2391 4744 2529 4816 πρὸς
2579 4744 2808 4799 θάνατον
2862 4741 3170 4812 πεπλῆχθαι
3231 4743 3395 4796 αὐτὸν
3454 4743 3823 4815 ἱστορηκότος.

2254 4834 2646 4907 Ἀκριϐέστατά
2660 4850 2724 4903 γε
2748 4832 2853 4904 μὴν
2872 4832 2939 4885 τά
2965 4833 3087 4886 κατ’
3109 4831 3269 4885 αὑτὸν
3294 4833 3323 4885 ὀ
3353 4832 3698 4902 Ἡγήσιππος
3732 4834 3827 4886 ἐπὶ

2237 4927 2336 4999 ⁴τῆς
2361 4925 2584 4998 πρώτης
2611 4926 2719 4980 τῶν
2743 4922 3054 4979 ἀποστόλων
3098 4922 3388 4995 γενόμενος
3414 4923 3663 4995 διαδοχῆς
3687 4923 3824 5006 (92)⁹

2247 5109 2315 5165 tri
2337 5108 2552 5162 codices
2566 5106 2706 5162 Μαι.
2724 5146 2740 5170 ,
2761 5106 2978 5168 Medic.,
3010 5104 3146 5163 Fuk.
3170 5115 3224 5161 et
3245 5103 3413 5160 Savil.
3432 5118 3532 5174 pro
3559 5103 3826 5174 τολμᾶται

2246 5178 2793 5255 scripturireshibeut
2817 5176 3170 5255 colitque“.
3186 5176 3337 5243 Quod
3361 5176 3612 5255 equidem
3654 5175 3827 5255 magis

2248 5244 2441 5320 probo.
2479 5246 2613 5301 Nam
2645 5249 2690 5303 si
2715 5244 2986 5318 τολμᾶται
3000 5244 3320 5312 legerimus.
3353 5244 3684 5311 superfluum
3723 5244 3829 5298 erit

2248 5319 2326 5377 τὰ.
2345 5334 2468 5373 cum
2493 5317 2937 5372 sumciatdixisse
2956 5332 3183 5370 τοιαυτα
3197 5315 3254 5369 δὲ
3269 5315 3452 5377 αὐτοῖς
3473 5313 3616 5367 κατά
3634 5314 3825 5373 τούτου

2235 5333 2326 5383 τα,
2345 5334 2468 5373 Cll!“
2493 5333 2937 5372 sumetatumsse
2956 5333 3183 5370 τοιαυτα
3197 5333 3254 5369 οε
3269 5333 3452 5377 αυτοις
3473 5333 3616 5367 κατα
3634 5333 3825 5373 τουτου

2235 5389 2522 5460 τολμᾶται.
2569 5387 2734 5460 l’anlo
2776 5399 2903 5440 ante
2946 5387 3109 5460 iidem
3150 5388 3368 5460 codices
3400 5384 3561 5460 pls-1..
3586 5383 3724 5460 Med.
3761 5398 3826 5441 ac

2234 5453 2369 5514 Fulﬁ.
2385 5475 2501 5525 ,μνη
2512 5457 2888 5528 ἐγκεχείριστο
2903 5459 3163 5528 scriptqu
3180 5457 3381 5528 habent
3396 5453 3820 5528 ἐγκεχείρισται.

2307 5522 2419 5595 (92)
2437 5529 2489 5579 '0
2503 5522 2885 5603 'Hrrfo'u'rgrog
2899 5526 3003 5603 ἐπὶ
3018 5522 3143 5603 τῆς
3158 5524 3392 5603 πρώτης
3417 5522 3539 5603 τω
3556 5522 3826 5603 ἀποστό-

2234 5602 2361 5654 λων
2399 5601 2716 5667 γενόμενος
2757 5597 3062 5666 διαδοχῆς.
3096 5597 3321 5650 Rutinus
3358 5598 3554 5667 legisse
3587 5600 3818 5653 Vah-tur.

2235 5671 2327 5724 ἐπὶ
2352 5662 2417 5740 τῇ
2463 5662 2652 5741 πρώτῃ
2692 5662 3055 5741 διαδοχῇζδιᾳ
3083 5666 3226 5717 enim
3260 5662 3427 5741 vertit
3451 5688 3463 5720 ;
3499 5662 3821 5730 Hegesippes

2234 5742 2323 5807 qui
2375 5737 2687 5811 parum:
2736 5737 2916 5794 ssatint
2967 5737 3166 5808 primos
3201 5739 3563 5805 apostolorum
3612 5748 3821 5789 sucus.
