4192 6444
451 335 549 390 197

1440 332 1789 390 HISTORIA!)
1828 334 2387 393 ECCLESIASTICIE
2426 337 2555 391 LTB.
2596 337 2661 394 ll.

3615 346 3715 401 £93

446 454 505 506 ἰν
553 449 632 521 τῷ
677 449 911 520 πέμπτῳ
954 445 1121 502 αὑτοῦ
1176 444 1562 517 Ὑπομνήματα
1610 448 1804 501 τοῦτον
1861 448 2026 518 λέγων

2139 454 2471 521 temporibus
2501 454 2567 506 ad
2603 461 2845 507 nostram
2866 468 3040 523 usque
3064 462 3283 510 aetatem
3304 455 3487 513 Justus
3513 474 3717 527 cogno—

447 545 647 615 ξστορεί
673 542 763 597 τὸν
794 541 1021 613 τρόπον·
1058 558 1077 591 t
1116 536 1430 606 Διαδέχεται
1473 538 1531 591 δὲ
1572 538 2033 613 τὴνΙἘκκλησίαν

450 638 587 709 μετὰ
610 636 718 690 τῶν
750 634 1065 690 ἀποστόλων
1101 634 1233 704 (95),
1267 636 1294 687 ὁ
1318 632 1544 700 ἀδελφὸς
1565 631 1658 683 τοῦ
1684 631 1889 702 Κυρίου
1927 633 2032 685 Ἰά-

450 730 644 794 κωϐος,
690 732 719 783 ὁ
760 728 1083 796 ὀνομασοεὶς
1124 728 1227 779 ὑπὸ
1270 727 1488 778 πάντων
1521 723 1739 786 Δίκαιος
1774 724 1883 792 (9-4)
1925 724 2032 777 ἀπὸ

446 821 555 876 τῶν
581 822 675 874 τοῦ
707 820 914 889 Κυρίου
941 819 1148 889 χρόνων
1186 819 1344 890 μέχρι
1369 816 1462 869 καὶ
1488 814 1668 886 ἡμῶν.
1709 815 1863 867 Ἐπεὶ
1897 814 2032 868 πολ-

448 912 530 966 λοὶ
567 911 811 965 Ἰάκωϐοι
857 908 1165 962 ἐκαλοῦντο.
1197 904 1361 971 Οὗτος
1391 907 1447 960 δὲ
1476 908 1541 960 ἐκ
1569 906 1777 970 κοιλίας
1827 906 2033 977 μητρὸς

449 1003 615 1058 αὐτοῦ
648 1002 801 1070 ἅγιος
822 998 912 1073 ἦν.
943 997 1099 1055 Οἶνον
1123 1001 1216 1054 καὶ
1246 1000 1438 1069 σίκερα
1467 1000 1565 1053 οὐκ
1591 998 1763 1062 ἔπιεν,
1782 999 1905 1052 οὐδὲ
1932 999 2032 1069 ἐμ-

449 1094 619 1165 ψυχον
654 1093 841 1163 ἔφαγε.
877 1092 1046 1163 Ξυρὸν
1073 1091 1164 1145 ἐπὶ
1188 1091 1285 1163 τὴν
1313 1090 1553 1160 κεφαλὴν
1578 1089 1743 1143 αὑτοῦ
1772 1090 1874 1143 οὐκ
1902 1090 2028 1143 ἀνέ-

451 1185 545 1257 6η,
568 1184 745 1239 ἔλαιον
768 1186 865 1237 οὐκ
897 1184 1174 1253 ἠλείψατο,
1194 1185 1287 1236 καὶ
1312 1182 1578 1253 βαλανείῳ
1605 1183 1705 1237 οὐκ
1735 1184 2027 1254 ἐχρήσατο.

452 1277 636 1347 Τούτῳ
665 1278 808 1348 μόνῳ
831 1276 958 1347 ἐξῆν
986 1276 1095 1346 (95)
1120 1279 1199 1340 είς
1230 1276 1297 1329 τὰ
1325 1275 1455 1342 ἆγια
1486 1275 1733 1329 εἰσιέναι.
1769 1276 1902 1330 Οὐδὲ
1923 1276 2030 1349 γὰρ

451 1369 636 1440 ἐρεοῦν
668 1369 849 1440 ἐφόρει
873 1410 887 1433 ,
919 1369 1054 1422 ἀλλὰ
1082 1368 1341 1431 σινδόνας.
1392 1368 1502 1420 Καὶ
1548 1367 1707 1437 μόνος
1743 1368 2029 1438 εἰσήρχετο

449 1461 528 1523 είς
558 1460 647 1513 τὸν
673 1459 819 1524 ναόν,
846 1460 1137 1531 ηῦρίσκετό
1171 1477 1229 1512 τε
1253 1459 1503 1527 κείμενος
1537 1459 1630 1512 ἐπὶ
1659 1462 1773 1523 τοῖς
1815 1461 2026 1528 γόνασι,

449 1551 542 1604 καὶ
584 1550 898 1623 αἰτούμενος
932 1552 1074 1623 ὑπὲρ
1099 1551 1192 1605 τοῦ
1224 1552 1355 1604 λαοῦ
1385 1552 1599 1622 ἄφεσιν,
1629 1552 1704 1615 ὡς
1749 1552 2027 1625 ἀπεσκληο

446 1643 597 1697 κέναι
637 1643 705 1697 τὰ
744 1644 945 1712 γόνατα
975 1643 1141 1697 αὐτοῦ
1174 1643 1330 1715 δίκην
1372 1644 1616 1714 καμήλου
1640 1684 1654 1706 ,
1701 1644 1788 1698 διὰ
1830 1645 1892 1698 τὸ
1938 1646 2027 1698 ἀεὶ

446 1733 718 1804 κάμπτειν
747 1736 838 1787 ἐπὶ
868 1735 997 1802 γόνυ
1024 1735 1135 1805 (96)
1179 1734 1585 1806 προσκυνοῦντα
1626 1735 1703 1806 τῷ
1731 1734 1886 1805 Θεῷ,
1931 1736 2023 1789 καὶ

2140 542 2376 596 minatus
2406 555 2509 596 est.
2538 542 2672 596 Nam
2704 544 2858 598 multi
2901 546 3124 614 quidem
3147 548 3336 602 eodem
3372 550 3592 604 nomine
3622 551 3712 605 ,ιιι-

2136 633 2254 686 cobi
2293 634 2652 689 vocabantur.
2690 634 2798 691 Sed
2834 635 2922 691 hic
2949 638 3016 691 ab
3044 637 3161 707 ipso
3190 640 3383 693 matris
3406 651 3562 697 utero
3587 658 3715 696 san-

2135 734 2254 777 ctus
2289 722 2408 778 fuit.
2440 725 2552 779 Nec
2574 728 2756 779 vinum
2782 742 3021 798 unquam
3051 728 3187 782 bibit
3217 745 3315 782 nec
3341 731 3574 785 siceram
3603 750 3615 785 :
3645 734 3713 787 ab

2133 813 2493 868 animantium
2544 817 2802 871 carnibus
2860 820 3077 887 penitus
3130 821 3415 876 abstinuit.
3486 824 3710 879 Comam

2136 919 2408 973 nunquam
2443 907 2696 963 totondit.
2748 906 2933 975 Neque
2963 911 3111 974 ungi,
3159 926 3333 979 neque
3379 912 3561 969 lavare
3593 916 3714 969 bal-

2133 1012 2237 1051 neo
2279 1012 2479 1067 corpus
2520 1013 2756 1067 unquam
2806 1000 3016 1056 solitus.
3053 1000 3204 1057 Unus
3256 1020 3321 1058 ex
3359 1007 3612 1062 omnibus
3656 1009 3709 1062 in

2133 1088 2380 1143 intimum
2413 1091 2592 1159 templi
2630 1095 2996 1146 sanctuarium
3040 1095 3373 1163 ingrediendi
3413 1097 3505 1165 jus
3535 1099 3710 1153 facul-

2134 1187 2412 1250 tatemque
2464 1181 2718 1236 habebat.
2752 1182 2942 1252 Neque
2993 1186 3137 1239 enim
3177 1187 3396 1253 lanicio,
3438 1191 3530 1243 sed
3568 1190 3707 1244 linea

2133 1280 2341 1325 tantum
2400 1282 2549 1327 veste
2584 1274 2860 1331 utebatur.
2911 1273 2968 1328 In
3005 1276 3262 1344 templum
3301 1280 3447 1332 solus
3476 1280 3704 1343 intrare,

2131 1373 2294 1432 atque
2329 1363 2400 1418 ibi
2425 1366 2652 1434 genibus
2675 1364 2832 1420 ﬂexis
2863 1381 2960 1434 pro
3005 1369 3241 1436 peccatis
3272 1369 3450 1438 μορυΙί
3482 1372 3705 1440 supplex

2133 1457 2300 1512 Deum
2335 1473 2496 1513 orare
2518 1469 2897 1514 consueverat.
2936 1459 3087 1517 Adeo
3120 1471 3177 1514 ut
3211 1476 3383 1530 genua
3422 1463 3590 1532 ipsius
3624 1465 3708 1517 in-

2129 1561 2243 1604 star
2272 1551 2464 1605 cameli
2511 1551 2885 1616 occalluerint,
2915 1552 3041 1606 dum
3071 1555 3289 1610 assidue
3330 1557 3498 1611 Deum
3539 1573 3706 1613 vene-

2131 1659 2280 1707 rans,
2310 1653 2363 1699 et
2410 1660 2507 1713 pro
2557 1642 2668 1716 64
2719 1646 2891 1700 salute
2931 1644 3109 1716 populi
3144 1656 3263 1702 vota
3304 1646 3512 1703 faciens
3552 1649 3702 1704 lmmi

2129 1744 2483 1793 sterneretur.
2523 1735 2623 1790 Hic
2673 1752 2803 1806 ergo
2832 1740 2901 1791 ob
2934 1738 3258 1809 singularem
3303 1738 3570 1809 justitiam
3612 1755 3707 1796 co-

444 1826 710 1879 dissideat
741 1828 934 1896 ἄφεσιν
974 1827 1049 1897 τῷ
1073 1826 1205 1898 λαῷ.
1233 1827 1332 1881 Διά
1374 1844 1438 1896 γε
1477 1845 1558 1881 τοι
1585 1827 1683 1898 τὴν
1715 1828 2021 1899 ὑπερϐολὴν

2121 1827 2471 1894 gnominatus
2498 1838 2577 1882 est
2602 1826 2790 1885 Justus
2814 1838 2868 1884 et
2892 1828 3093 1893 Oblias,
3124 1832 3266 1901 quod
3296 1832 3488 1887 Latine
3530 1834 3707 1887 muni-

444 1919 545 1988 τῆς
592 1918 938 1991 δικαιοσύνης
982 1918 1146 1973 αὐτοῦ
1173 1963 1188 1987 ,
1232 1920 1479 1974 ἐκαλεῖτο
1505 1920 1725 1984 Δίκαιος
1766 1922 1861 1974 καὶ
1900 1921 2020 1973 Ὠϐ-

443 2012 564 2078 λίας
594 2015 742 2085 (97)°
773 2015 801 2067 ὅ
841 2016 987 2067 ἐστιν
1023 2014 1325 2085 Ἑλληνιστὶ
1359 2014 1585 2084 περιοχὴ
1625 2013 1718 2067 τοῦ
1761 2011 1891 2067 λαοῦ
1932 2014 2025 2068 καὶ

445 2106 775 2177 δικαιοσύνη,
799 2107 872 2170 ὡς
891 2109 938 2160 οἱ
969 2106 1243 2179 προφῆται
1267 2106 1485 2177 δηλοῦσι
1508 2106 1634 2177 περὶ
1657 2103 1842 2159 αὑτοῦ.
1869 2106 2025 2169 Τινὲς

445 2194 539 2253 οῦν
569 2200 676 2252 τῶν
703 2200 843 2253 ἑπτὰ
876 2201 1140 2272 αἱρέσεων
1167 2198 1277 2252 τῶν
1320 2200 1379 2251 ὲν
1401 2196 1479 2267 τῷ
1520 2196 1654 2267 λαῷ,
1685 2197 1791 2252 τῶν
1824 2214 2025 2268 προγε-

444 2291 778 2363 γραμμὲνων
815 2310 903 2362 μοι
936 2292 1043 2362 (98)
1072 2294 1129 2345 ὲν
1162 2293 1274 2354 τοῖς
1315 2290 1761 2360 Ὑπομνήμασιν,
1794 2288 2024 2342 ὲπυνοά-

442 2401 593 2439 νοντο
619 2383 781 2437 αὐτοῦ
800 2425 814 2446 ,
851 2383 932 2448 τίς
962 2386 995 2454 ἢ
1041 2382 1181 2455 θύρα
1207 2383 1302 2437 τοῦ
1356 2381 1530 2454 Ἰησοῦ
1560 2381 1691 2453 (99).
1728 2382 1839 2434 Καὶ
1870 2379 2021 2451 ἔλεγε

445 2505 615 2556 siones
652 2503 900 2569 {uit,ctc.
938 2500 1157 2570 Vulgata
1216 2509 1393 2555 tamen
1437 2500 1597 2556 lectio
1648 2500 1869 2553 minime
1919 2514 2017 2553 re-

445 2573 712 2642 pudianda
788 2582 901 2631 est,
955 2569 1081 2642 cum
1143 2570 1423 2641 Ilegesippi
1490 2570 1726 2642 aetas‘in
1785 2569 2011 2642 primam

447 2638 805 2710 apostolorum
855 2638 1248 2696 successionem
1303 2638 1573 2696 ineitlerit.
1625 2638 1805 2710 Prima
1849 2640 2010 2710 enim

445 2708 808 2778 apostolorum
840 2713 1113 2765 successio
1142 2726 1313 2781 usque
1330 2714 1394 2763 ad
1424 2721 1663 2780 tempora
1698 2708 1860 2781 Marci
1902 2709 2011 2762 An-

448 2781 614 2850 tonini
660 2782 992 2847 producitur.
1024 2781 1099 2835 Eo
1130 2779 1357 2849 namque
1388 2781 1706 2850 imperante,
1756 2779 2011 2850 Polycarg

443 2867 563 2918 pus,
589 2848 814 2920 Joannis
853 2851 1082 2920 apostoli
1116 2848 1428 2917 discipulus.
1466 2848 1728 2904 coronam
1761 2848 2006 2918 martyrii

440 2920 757 2988 reportavit.
802 2919 965 2975 Recte
1006 2920 1171 2989 igitur
1212 2921 1542 2989 Hegesippns
1573 2922 1626 2973 in
1657 2920 1827 2987 prima
1879 2934 2008 2986 apo-

441 2991 702 3060 stolorum
749 2988 1093 3045 successione
1143 2988 1341 3045 vixisse
1397 2988 1617 3060 dicitur,
1660 2989 1861 3060 quippe
1912 2988 2006 3057 qui

440 3058 626 3114 ﬂoruit
672 3060 1064 3113 Antoninorum
1094 3061 1428 3130 principatu.
1478 3058 1725 3129 Cumque
1775 3058 2005 3130 Romam

441 3130 687 3183 venisset
717 3129 1032 3196 pontiﬁcatu
1077 3129 1305 3194 Aniceti,
1353 3129 1549 3183 ibidem
1595 3129 1894 3198 permansit
1925 3143 2008 3182 us-

2128 1928 2354 1972 mentum
2374 1919 2556 1987 populi
2579 1930 2631 1975 et
2642 1920 2912 1990 justitiam
2938 1921 3231 1991 signiﬁcat,
3249 1925 3702 1993 quemadmodum

2128 2009 2289 2063 etiam
2315 2013 2589 2081 propheta:
2623 2013 2689 2067 de
2715 2027 2779 2066 eo
2818 2012 3207 2081 prmdixerunt.
3246 2014 3477 2082 Quidam
3518 2026 3700 2070 autem

2129 2114 2196 2154 ex
2225 2110 2430 2171 septem
2456 2103 2621 2158 sectis
2648 2118 2769 2173 qua:
2798 2105 2939 2172 apud
2968 2103 3184 2159 Iudaeos
3207 2112 3384 2168 erant,
3409 2107 3475 2161 de
3503 2108 3703 2178 quibus

2131 2192 2187 2248 in
2214 2194 2584 2264 superioribus
2618 2195 2773 2251 libris
2801 2197 3091 2266 scripsisse
3125 2197 3499 2263 meminimus,
3528 2200 3701 2254 inter‘

2132 2296 2396 2354 rogarunt
2426 2302 2572 2351 eum,
2610 2288 2883 2354 quodnam
2910 2297 3053 2343 esset
3081 2288 3278 2342 ostium
3313 2287 3462 2345 Jesu.
3492 2291 3702 2358 Quibus

2130 2375 2218 2430 ille
2242 2374 2425 2433 Jesum
2452 2392 2573 2432 esse
2621 2377 2966 2433 Servatorem
3014 2380 3313 2449 respondit.
3347 2379 3439 2435 llis
3479 2383 3699 2447 auditis.

2122 2497 2271 2550 ribus
2306 2511 2468 2561 usque
2492 2496 2563 2549 ad
2600 2504 2835 2550 nostram
2880 2507 3089 2550 (etatem
3130 2494 3314 2550 iustus
3349 2499 3414 2550 ab
3456 2501 3700 2554 omnibus

2116 2566 2524 2633 cognominatus
2556 2578 2653 2619 est.
2683 2566 2745 2620 Et
2781 2567 2921 2621 hanc
2958 2566 3174 2636 quidem
3204 2568 3607 2636 distinctionem
3642 2570 3696 2624 in

2119 2636 2566 2704 interpretatione
2603 2652 2720 2690 mea
2749 2638 2902 2703 sequi
2936 2635 3125 2702 malui,
3155 2645 3276 2703 post
3309 2635 3607 2690 Mnsculnm
3641 2648 3699 2693 et

2117 2705 2692 2773 Christopborsonum.
2737 2707 2932 2774 quippe
2973 2722 3092 2774 qua:
3130 2706 3333 2760 certior
3358 2716 3413 2759 et
3459 2722 3696 2774 sequen-

2114 2776 2259 2831 tibus
2289 2775 2576 2845 Hegesippi
2606 2775 2785 2830 verbis
2830 2776 2999 2843 magis
3038 2790 3337 2844 congruere
3366 2776 3499 2830 mihi
3547 2778 3697 2831 vide-

2114 2845 2593 2918 retlll‘.ASll_ltjit_3il_
2612 2845 2754 2899 enim
2809 2845 3164 2918 llegcsippus,
3196 2846 3321 2918 ἐπεὶ
3371 2846 3558 2901 πολλοὶ
3593 2847 3696 2918 μὲν

2125 2914 2372 2970 Ἰάκωϐοι
2400 2912 2710 2979 ἐκαλοῦντο,
2740 2927 2846 2970 etc.
2880 2912 3202 2982 Qute‘verba
3241 2916 3359 2969 sine
3400 2918 3563 2971 dubio
3593 2912 3695 2971 ἰδε-

2114 2986 2367 3040 feruntur
2395 2987 2461 3037 ad
2496 3001 2557 3038 ea
2597 3000 2715 3055 quae
2744 2994 3163 3053 prmcesserunt,
3192 2986 3220 3038 ὁ
3244 2985 3562 3055 ὀνομασθείς
3590 2987 3696 3041 ὑπὸ

2114 3003 2367 3040 teruntur
2395 3003 2461 3037 au
2496 3003 2557 3038 ea
2597 3003 2715 3055 qua:
2744 3003 3163 3053 praecesserunt,
3192 3003 3220 3038 ο
3244 3003 3562 3108 ονοῇασυεις
3590 3003 3691 3041 οπο

2113 3055 2333 3126 πάντων
2360 3055 2596 3126 Δίκαιος.
2629 3055 2821 3126 Reddit
2850 3057 3007 3126 enim
3027 3057 3289 3108 rationem
3386 3058 3691 3126 egesippus,

2113 3141 2213 3179 cur
2252 3124 2487 3180 Iacobus
2516 3124 2705 3179 Justus
2749 3125 2817 3178 ab
2846 3125 3098 3192 omnibus
3133 3124 3549 3192 cogitatuinatns
3572 3124 3690 3182 'sit.

442 3212 548 3275 que
573 3199 639 3250 ad
669 3189 1038 3275 pontiﬁcatum
1082 3189 1374 3275 Eleutheri.
1402 3198 1458 3252 In
1488 3189 1749 3275 Cur-onis!)
1779 3199 2011 3253 Alexan-
2038 3189 2080 3247 C
2113 3195 2341 3275 Quippe,
2384 3195 2595 3275 inquit,
2638 3193 2991 3275 multinl‘uer‘e
3031 3189 3259 3275 .lacnbi;_
3303 3195 3397 3249 sed
3444 3196 3532 3248 hic
3579 3212 3692 3275 prin

440 3269 617 3332 (trino,
659 3269 806 3332 quod
854 3269 1070 3335 quidem
1105 3269 1496 3324 Antiochenum
1547 3268 1801 3323 libentius
1852 3284 2012 3322 voca-

440 3339 634 3407 verint,
674 3336 1009 3407 Hegesippns
1032 3349 1282 3407 mortuus
1302 3352 1422 3393 esse
1463 3337 1664 3392 dicitur
1701 3338 2009 3407 principatu

440 3405 1255 3477 CommodiAngusti.Ieqtalls
1279 3408 1439 3477 igitur
1464 3407 1563 3477 l'uit
1588 3405 1787 3462 Irenaeo
1809 3424 1822 3459 :
1848 3422 2007 3475 quem

442 3476 605 3544 etiam
658 3476 844 3543 prima:
884 3477 1249 3543 apostolorum
1300 3476 1631 3530 Successioni
1694 3477 2006 3544 contiguum

443 3541 609 3596 fuisse
659 3541 888 3595 testatur
920 3541 1194 3599 Eusebius
1241 3546 1292 3598 in
1338 3546 1436 3599 lib.
1461 3560 1513 3602 v.
1549 3561 1669 3610 cap.
1698 3544 1789 3607 20,
1824 3541 1911 3598 ubi
1943 3547 2008 3597 de

441 3610 578 3681 l_ibro
612 3612 728 3678 ejus
758 3614 864 3680 agit
899 3614 990 3680 qui
1025 3615 1314 3681 inscriptus
1335 3623 1453 3669 erat
1482 3614 1555 3667 De
1579 3613 1833 3681 Ogrloade
1856 3628 1875 3665 :
1918 3615 2006 3668 Ἐν

436 3672 483 3747 ᾧ
523 3681 618 3756 κα).
640 3672 1076 3756 ’ἐπισημαίνεται
1118 3672 1217 3756 τὴν
1249 3683 1485 3756 πρώτην
1529 3672 1649 3737 τῶν
1692 3683 2006 3737 ἀποστόλων

436 3750 821 3824 κατειληφέναι
832 3750 1033 3824 ἑαυτὸν
1055 3750 1320 3824 διαδοχήνξ

509 3820 621 3893 (95)
648 3820 822 3893 Μετὰ
846 3822 983 3893 τῶν
1009 3820 1386 3879 ἀποστόλων.
1424 3823 1778 3893 Hieronymus
1811 3822 1863 3893 in
1896 3822 2001 3875 Ca-

436 3891 611 3959 talogo
660 3892 803 3945 hunc
842 3892 1015 3946 locum
1062 3896 1134 3947 ita
1183 3895 1385 3947 vertit:
1423 3891 1660 3956 Suscepit
1712 3891 2000 3946 Ecclesium

437 3958 841 4032 Hierosolyma,
873 3974 989 4029 post
1015 3963 1276 4032 apostolos
1305 3963 1469 4031 frater
1493 3963 1699 4032 Domini
1743 3961 1996 4015 Jacobus.

434 4029 598 4102 Quasi
626 4031 894 4102 legeretur
917 4029 1057 4102 μετᾶ
1077 4033 1202 4096 τοὺς
1221 4029 1570 4096 ἀποστόλους.
1595 4031 1776 4101 Longe
1799 4034 1999 4085 rectius

436 4101 783 4172 adversarius
832 4100 1141 4172 Hieronymi
1199 4103 1426 4157 Ruﬁnus
1472 4100 1866 4172 interpretatus
1912 4110 1999 4156 est

436 4183 555 4240 cum
576 4170 851 4240 apostolis.
870 4170 1004 4226 Nam
1019 4170 1248 4240 apostoli
1267 4186 1372 4225 una
1390 4171 1728 4226 eumJacobo
1741 4171 1996 4239 episcopo

437 4235 976 4305 Hierosolvmitanam
1021 4235 1275 4295 reseruat
1309 4242 1625 4296 Ecclesium.
1657 4235 1837 4305 Quare
1871 4235 1996 4305 per-

434 4320 618 4380 peram
657 4306 883 4362 Ruﬁnus
912 4311 964 4363 in
1005 4326 1124 4380 cap.
1146 4311 1182 4363 9.
1211 4311 1370 4374 huius
1402 4310 1546 4380 libri,
1575 4308 1833 4380 Jacobum
1864 4324 1994 4377 apo—

434 4376 695 4449 stolorum
762 4376 1085 4449 episcopum
1149 4380 1464 4449 nominavit.
1515 4379 1676 4447 Atqui
1734 4376 1991 4449 _Clen_tens

435 4444 590 4511 cujus
635 4444 810 4501 verba
841 4444 963 4503 illic'
996 4451 1384 4515 interpretatur
1432 4444 1684 4511 Ruﬁnus,
1725 4446 1988 4501 Jacobnm

2113 3263 2322 3320 ueteris
2376 3263 2588 3332 justitia
2650 3263 2943 3333 excellnit,
2997 3272 3056 3316 ut
3096 3264 3292 3333 ptui-tis
3352 3267 3691 3333 argumentis

2111 3330 2389 3399 deinceps
2426 3335 2625 3402 probat
2682 3332 3034 3401 llegesippus.
3075 3330 3297 3402 Deinde
3350 3333 3396 3387 si
3422 3330 3683 3400 'priorem

2113 3400 2520 3458 distinctionem
2572 3400 2863 3468 sequamur
2902 3417 3024 3454 cum
3072 3400 3287 3464 Ruﬁno,
3339 3402 3533 3456 falsum
3579 3406 3690 3459 erit

2110 3473 2237 3527 illud
2271 3474 2415 3540 quod
2464 3473 2727 3539 sequitur,
2764 3469 3023 3526 Jacobnm
3070 3471 3280 3523 scilicet
3307 3472 3618 3539 episcopum
3653 3491 3685 3529 a

2111 3543 2442 3611 temporibus
2495 3542 2705 3611 Domini
2748 3556 2942 3611 ‘ttsqne
3002 3540 3071 3594 ad
3128 3540 3415 3611 llegesjppi
3467 3551 3684 3597 aetatem
3730 3553 3733 3557 ‘

2108 3607 2496 3680 permansisse.
2547 3608 2683 3663 Nam
2735 3607 2971 3680 Iacchus
3014 3607 3233 3677 quidem
3280 3607 3467 3664 Justus
3512 3626 3689 3667 ctesns

2106 3679 2184 3735 eSI
2236 3679 2467 3735 Neronis
2517 3681 2843 3746 principatu.
2886 3679 3220 3748 ﬂegesippus
3268 3694 3397 3734 vero
3447 3682 3684 3738 Antoni-

2105 3766 2299 3805 norum
2334 3751 2670 3820 temporibus
2700 3750 2898 3820 ﬂoruit,
2927 3760 2985 3802 ut
3015 3748 3264 3820 superius
3294 3751 3607 3806 observavi.

2177 3820 2288 3891 (95)
2317 3817 2508 3891 Τούτῳ
2522 3819 2686 3888 μόνῳ
2704 3817 2877 3891 ἐξῆν,
2892 3819 3211 3891 etc._'l‘ntun_t
3232 3818 3373 3891 hunc
3399 3820 3686 3891 licgesippi

2103 3888 2281 3942 locum
2310 3888 2422 3954 jam
2455 3892 2660 3957 pridem
2702 3888 3036 3942 examinavit
3064 3888 3309 3955 Scaliger
3336 3889 3389 3942 in
3424 3888 3688 3944 Animad-

2103 3959 2425 4014 rersionibus
2449 3957 2782 4022 Eusebianis,
2809 3975 2933 4027 pag.
2956 3957 3080 4018 178,
3114 3962 3388 4025 multaque
3413 3963 3467 4012 in
3500 3976 3565 4014 eo
3596 3977 3686 4016 re-

2102 4028 2406 4097 prehendit,
2429 4043 2547 4096 qua:
2562 4043 2740 4095 operae
2760 4039 2988 4096 pretium
3008 4030 3116 4081 erit
3137 4027 3331 4096 legere.
3350 4028 3499 4084 Adde
3517 4031 3680 4085 etiam

2098 4113 2220 4169 quae
2249 4098 2508 4169 adversus
2532 4097 2794 4169 Sealigeri
2827 4113 3112 4169 censuram
3136 4099 3359 4169 sctjpsit
3385 4098 3680 4169 Dionysius

2100 4165 2350 4221 Petavius
2373 4170 2426 4221 in
2452 4167 2598 4221 notis
2619 4171 2685 4220 ad
2712 4167 2960 4221 hmresim
2985 4183 3186 4220 Lxxvnt
3211 4165 3593 4234 Epiphanii,'et
3617 4170 3678 4224 P.

2096 4236 2397 4291 Halloixins
2422 4238 2473 4290 in
2507 4235 2876 4290 natationibus
2905 4238 2972 4289 ad
3015 4235 3185 4289 Vitam
3219 4235 3517 4303 Hegesippi,
3545 4253 3594 4293 c.
3617 4240 3676 4295 5.

2168 4306 2277 4377 (96)
2316 4307 2420 4362 Διὰ
2447 4306 2514 4360 τὸ
2559 4305 2653 4377 ἀεὶ
2695 4305 3135 4377 κάμπτειν-ἐπὶ
3180 4306 3539 4377 τόνυηυιιαε
3586 4323 3680 4376 po-

2095 4374 2315 4432 strema:
2345 4392 2506 4431 voces
2528 4376 2725 4430 absunt
2740 4374 2977 4429 acodice
3004 4375 3136 4429 Fuk.
3166 4386 3222 4429 et
3249 4374 3389 4442 apud
3417 4374 3678 4445 Nicepho-

2096 4462 2239 4501 rum.
2266 4445 2462 4501 Verum
2496 4446 2549 4497 in
2577 4446 2765 4499 codice
2796 4445 2934 4499 Maz.
2964 4462 3027 4497 ac
3054 4445 3193 4498 Med.
3225 4455 3366 4496 toms
3398 4446 3485 4498 hic
3520 4446 3674 4501 locus

432 4528 539 4589 non
566 4518 954 4589 apostolorum,
986 4521 1096 4589 sed
1140 4513 1988 4589 Hierosolymorumepiscopum
2023 4526 2026 4576 j

2111 4526 2165 4589 ta
2181 4516 2415 4589 legitur,
2453 4514 2542 4568 διὰ
2580 4514 2642 4567 τὸ
2687 4514 2775 4568 ἀεὶ
2817 4516 3090 4586 κάμπτειν
3138 4513 3550 4585 προσκυνοῦντα
3595 4516 3676 4589 τῷ

438 4585 638 4637 factum
666 4600 785 4640 esse
807 4585 958 4641 dicit.
984 4588 1154 4643 Porro
1177 4585 1402 4643 Ruﬁnus
1433 4589 1483 4641 id
1511 4588 1758 4641 hausisse
1779 4588 1992 4640 videtur

436 4667 501 4727 ex
526 4654 817 4727 Clementis
838 4655 1313 4727 Recognitiouibus,
1343 4673 1479 4727 quas
1503 4657 1584 4710 vel
1619 4655 1837 4727 ipseAveI
1866 4654 1998 4709 Pau-

432 4720 574 4796 l_inns_
595 4721 782 4796 Latine
804 4720 1129 4782 vertitham
1150 4731 1202 4782 in
1227 4729 1320 4782 lib.
1337 4720 1374 4781 ti
1392 4727 1509 4796 ejus
1525 4720 1704 4795 operis
1725 4724 1993 4796 Clemens,

429 4789 688 4843 Jacobum
724 4793 948 4866 fratrem
996 4798 1228 4862 Domini,
1259 4789 1437 4866 quem'
1469 4789 1581 4863 ipse
1624 4789 1993 4866 archiepiscof

431 4873 557 4925 pmn
593 4863 832 4935 nominat
863 4874 917 4917 et
944 4867 1235 4933 principem
1270 4863 1667 4935 episcoporum,
1703 4863 1992 4935 episcopali

431 4930 754 5002 auctoritate
780 4930 1037 5002 apostolis
1061 4930 1317 4990 omnibus
1340 4930 1989 5002 praecipientemindu—cit.

501 4999 612 5065 (94)
665 4999 718 5052 Ὀ
760 5001 1114 5070 ὀνομασθείς
1142 5005 1261 5058 ὑπὸ
1300 4999 1538 5059 πάντων
1566 5003 1818 5068 Δίκαιος.
1864 5002 1994 5057 Post

429 5065 544 5140 base
573 5070 732 5133 verba
763 5070 822 5140 in
861 5065 1047 5126 codice
1070 5065 1342 5129 Mazarino
1379 5091 1442 5128 ac
1480 5073 1614 5128 Fuit.
1639 5065 1879 5140 apposita
1910 5082 1993 5126 est

428 5138 727 5212 distinctio.
746 5138 916 5212 Quam
936 5145 1154 5211 quidem
1179 5138 1903 5212 interpunctionemsecttlus
1920 5146 1996 5195 vi-

427 5207 586 5260 detur
615 5209 860 5267 Ruﬁnus.
888 5207 981 5264 Sit:
1007 5215 1148 5266 enim
1188 5207 1346 5266 vertit
1381 5232 1394 5265 :
1431 5214 1665 5276 Suscepit
1697 5209 1988 5264 Ecclesia»:

424 5291 544 5329 cum
569 5280 818 5351 apostolis
848 5280 1014 5351 frater
1036 5281 1245 5336 Domini
1264 5282 1518 5346 Iacobus,
1537 5284 1626 5351 qui
1655 5285 1719 5334 ab
1750 5284 1988 5334 omnibus

425 5350 821 5419 cognominatus
865 5361 939 5402 cst
982 5349 1206 5412 Justus,
1247 5354 1310 5405 ab
1350 5354 1478 5419 ipsis
1525 5349 1737 5404 Domini
1788 5362 1985 5419 tempo-

425 5418 570 5488 gibus
623 5422 915 5484 perdurans
968 5437 1127 5488 usque
1182 5423 1251 5472 ad
1309 5418 1422 5474 nos.
1458 5420 1656 5476 Verum
1697 5424 1748 5473 in
1802 5418 1989 5474 codice

424 5483 595 5555 Regio
622 5483 687 5541 ac
716 5488 852 5543 Med.
881 5500 936 5543 et
965 5483 1104 5558 apud
1136 5489 1493 5559 Nicephorum
1528 5492 1670 5544 nulla
1701 5500 1785 5545 est
1821 5493 1989 5545 ascri-

423 5569 515 5623 pta
555 5559 835 5613 distinctio
868 5570 989 5628 post
1032 5574 1215 5614 vocem
1246 5561 1489 5623 Δίκαιος.
1526 5563 1620 5614 sed
1657 5570 1800 5613 totus
1836 5561 1987 5613 locus

426 5641 533 5701 uno
577 5630 769 5701 Spiritu
819 5633 1182 5701 continuatur
1219 5631 1319 5701 hoc
1365 5637 1567 5701 modo.
1599 5632 1629 5683 ὁ
1662 5630 1986 5701 ρνομασθεὶς

423 5695 527 5772 ὑπὸ
570 5695 786 5772 πάντων
831 5700 1047 5772 ᾼίκαιος
1091 5699 1200 5753 ἀπὸ
1238 5700 1346 5772 τῶν
1389 5699 1483 5772 τοῦ
1518 5699 1734 5772 Κυρίου
1760 5695 1985 5772 ’χρόνων

422 5766 582 5838 μέχρι
620 5768 711 5824 καὶ
749 5769 928 5843 ἡμῶν,
967 5773 1016 5827 id
1050 5782 1151 5840 est,
1179 5773 1270 5842 qui
1285 5771 1350 5825 ab
1386 5771 1512 5841 ipsis
1555 5766 1752 5824 Citriin
1782 5766 1983 5837 tcmpo-

2096 4584 2217 4656 Θεῷ
2230 4584 2310 4656 τὰ
2332 4584 2556 4656 γόνατα.

2169 4650 2281 4725 (97)
2333 4650 2627 4709 Ἐκαλεῖτο
2676 4654 2912 4725 Δίκαιος
2959 4652 3060 4707 καὶ
3103 4650 3357 4720 Ὠϐλίας.
3420 4653 3673 4713 Nicolaus

2094 4723 2350 4780 Fullerus
2391 4726 2445 4778 in
2482 4725 2577 4778 lib.
2606 4740 2664 4778 ιιι
2697 4723 3161 4778 Miscellaneorum
3195 4739 3490 4784 sacrorum.
3528 4726 3674 4781 hunc

2096 4793 2376 4866 locum_s_ic
2407 4795 2686 4866 emendat,
2730 4794 2974 4866 ἐκαλεῖτο
3001 4792 3204 4866 Σαρδὶκ
3236 4793 3330 4845 καὶ
3371 4793 3616 4866 Ὠζλιὰμ,
3643 4797 3674 4850 ὃ

2094 4865 2242 4917 ἐστιν
2270 4863 2519 4930 δίκαιος,
2544 4865 2641 4917 καὶ
2678 4863 2928 4933 περιοχὴ
2956 4862 3132 4917 λαοῦ.
3169 4861 3339 4933 Quam
3371 4861 3670 4920 doctissimi

2091 4934 2196 5002 viri
2228 4935 2665 4988 emendationem
2701 4932 2930 4990 libenter
2961 4933 3281 5002 amplector.
3310 4932 3513 4988 Tamen
3546 4951 3670 4990 cum

2091 5001 2432 5071 Epiphanius
2463 5005 2515 5056 in
2552 5004 2740 5071 haeresi
2784 5018 2986 5056 LXXVIII
3017 5000 3070 5056 et
3117 5000 3302 5071 .lo_\ins
3347 5006 3667 5067 monachus,

2092 5069 2252 5142 quem
2284 5074 2440 5142 vulgo
2488 5074 2630 5126 male
2674 5070 2889 5126 Jobium
2923 5081 3141 5136 vocant,
3168 5069 3428 5127 Jacobnm
3456 5073 3667 5127 Obliam

2092 5141 2294 5196 dictum
2323 5141 2444 5197 esse
2474 5144 2762 5205 testentur,
2793 5143 3073 5196 retinenda
3100 5152 3182 5194 est
3208 5142 3442 5211 vulgaris
3471 5143 3664 5209 lectio;

2092 5213 2327 5281 maxime
2359 5228 2480 5266 cum
2520 5212 2743 5279 Opltlias
2780 5211 3048 5267 Hebraice
3077 5227 3250 5264 arcem
3286 5213 3468 5281 pepuli
3496 5213 3666 5281 signi-

2091 5280 2236 5352 ticet.
2271 5281 2378 5335 Sed
2422 5291 2477 5334 et
2528 5281 2758 5335 Ruﬁnus
2804 5292 2969 5352 atque
3018 5283 3357 5351 Nicepltorus
3393 5280 3662 5351 vulgatam

2089 5350 2377 5405 lectiOuem
2410 5361 2651 5404 tuentur.

2159 5419 2272 5490 (9s)
2318 5419 2442 5473 Τῶν
2477 5420 2627 5474 ἑπτὰ
2664 5420 2950 5489 αἱρέσεων
2982 5420 3102 5474 τῶν
3132 5418 3666 5490 προγεγραμμένον

2083 5488 2205 5558 μοι.
2249 5488 2427 5560 Locus
2477 5488 2794 5560 llegesippi,
2840 5494 2891 5544 in
2942 5507 3049 5559 quo
3098 5493 3163 5543 de
3206 5488 3662 5560 septemfludaiei

2088 5557 2266 5627 populi
2302 5558 2464 5614 sectis
2496 5557 2875 5628 se'scripsisse
2917 5557 3163 5624 testatur,
3203 5569 3383 5612 exstat
3426 5559 3478 5610 in
3523 5557 3663 5628 libro

2089 5644 2140 5682 tv
2185 5629 2401 5683 Eusebii
2445 5631 2651 5693 nostri,
2693 5627 2926 5700 cupas.
2969 5631 3045 5681 Ad
3095 5642 3253 5696 quem
3307 5629 3515 5700 locum,
3554 5627 3663 5700 Deo

2083 5700 2325 5769 juvante,
2359 5700 2509 5767 plura
2541 5696 2960 5769 dicturi-suntne
3000 5702 3066 5769 de
3092 5705 3296 5769 septem
3332 5696 3437 5749 illis
3470 5699 3657 5751 sectis.

2158 5770 2268 5841 (99)
2316 5766 2408 5835 Τίς
2438 5772 2476 5842 ἡ
2511 5771 2661 5838 θύρα
2705 5768 2814 5823 τοῦ
2867 5766 3081 5836 Ἰησοῦ.
3130 5767 3341 5822 Ostium
3381 5771 3482 5823 hoc
3538 5769 3660 5823 loco
