  <div class='ocr_page' id='page_1' title='image "/cluster/home/n/w/nwhite01/storage/ocr_20150623/20:no.2/coo.31924054873009/120.png"; bbox 0 0 4192 6396; ppageno 0'>
   <div class='ocr_carea' id='block_1_1' title="bbox 447 364 548 420">
    <p class='ocr_par' dir='ltr' id='par_1_1' title="bbox 447 364 548 420">
     <span class='ocr_line' id='line_1_1' title="bbox 447 364 548 420; baseline -0.01 0"><span class='ocrx_word' id='word_1_1' title='bbox 447 364 548 420; x_wconf 73' lang='lat'><strong>22-1</strong></span> 
     </span>
    </p>
   </div>
   <div class='ocr_carea' id='block_1_2' title="bbox 1441 332 2690 406">
    <p class='ocr_par' dir='ltr' id='par_1_2' title="bbox 1441 332 2690 406">
     <span class='ocr_line' id='line_1_2' title="bbox 1441 332 2690 406; baseline -0.016 0"><span class='ocrx_word' id='word_1_2' title='bbox 1441 345 1791 406; x_wconf 65' lang='lat' dir='ltr'><strong>HISTORIA}</strong></span> <span class='ocrx_word' id='word_1_3' title='bbox 1830 338 2389 400; x_wconf 68' lang='lat' dir='ltr'><strong>ECCLESIASTICE</strong></span> <span class='ocrx_word' id='word_1_4' title='bbox 2430 333 2557 390; x_wconf 80' lang='lat' dir='ltr'><strong>LIB.</strong></span> <span class='ocrx_word' id='word_1_5' title='bbox 2599 332 2690 389; x_wconf 88' lang='lat' dir='ltr'><strong>Ill.</strong></span> 
     </span>
    </p>
   </div>
   <div class='ocr_carea' id='block_1_3' title="bbox 3582 325 3690 382">
    <p class='ocr_par' dir='ltr' id='par_1_3' title="bbox 3582 325 3690 382">
     <span class='ocr_line' id='line_1_3' title="bbox 3582 325 3690 382; baseline 0 -1"><span class='ocrx_word' id='word_1_6' title='bbox 3582 325 3690 382; x_wconf 58' lang='grc' dir='ltr'><strong>ΕΞ</strong></span> 
     </span>
    </p>
   </div>
   <div class='ocr_carea' id='block_1_4' title="bbox 446 445 2052 556">
    <p class='ocr_par' dir='ltr' id='par_1_4' title="bbox 446 466 2027 556">
     <span class='ocr_line' id='line_1_4' title="bbox 446 466 2027 556; baseline -0.016 -14"><span class='ocrx_word' id='word_1_7' title='bbox 446 484 708 556; x_wconf 85' lang='grc' dir='ltr'>Τιμόθεον</span> <span class='ocrx_word' id='word_1_8' title='bbox 731 479 1072 550; x_wconf 75' lang='grc' dir='ltr'><strong>Ἐπιστολὴν,</strong></span> <span class='ocrx_word' id='word_1_9' title='bbox 1093 473 1309 548; x_wconf 83' lang='grc' dir='ltr'>πρῶτος</span> <span class='ocrx_word' id='word_1_10' title='bbox 1343 471 1480 545; x_wconf 88' lang='grc' dir='ltr'><strong>μετά</strong></span> <span class='ocrx_word' id='word_1_11' title='bbox 1516 471 1722 541; x_wconf 80' lang='grc' dir='ltr'><strong>Πέτρον</strong></span> <span class='ocrx_word' id='word_1_12' title='bbox 1753 466 1853 537; x_wconf 88' lang='grc' dir='ltr'><strong>τῆς</strong></span> <span class='ocrx_word' id='word_1_13' title='bbox 1893 466 2027 517; x_wconf 80' lang='grc' dir='ltr'><strong>Ῥω-</strong></span> 
     </span>
    </p>
   </div>
   <div class='ocr_carea' id='block_1_5' title="bbox 2142 445 3693 556">
    <p class='ocr_par' dir='ltr' id='par_1_5' title="bbox 2142 445 3693 520">
     <span class='ocr_line' id='line_1_5' title="bbox 2142 445 3693 520; baseline -0.011 -5"><span class='ocrx_word' id='word_1_14' title='bbox 2142 460 2280 515; x_wconf 81' lang='lat' dir='ltr'><strong>Pauli</strong></span> <span class='ocrx_word' id='word_1_15' title='bbox 2313 455 2602 514; x_wconf 71' lang='lat' dir='ltr'><strong>comitibus</strong></span> <span class='ocrx_word' id='word_1_16' title='bbox 2633 451 2898 506; x_wconf 86' lang='lat' dir='ltr'><strong>Crescens</strong></span> <span class='ocrx_word' id='word_1_17' title='bbox 2943 447 3162 520; x_wconf 83' lang='lat' dir='ltr'><strong>quidem</strong></span> <span class='ocrx_word' id='word_1_18' title='bbox 3191 445 3258 502; x_wconf 84' lang='lat' dir='ltr'><strong>ab</strong></span> <span class='ocrx_word' id='word_1_19' title='bbox 3301 461 3366 502; x_wconf 88' lang='lat' dir='ltr'><strong>eo</strong></span> <span class='ocrx_word' id='word_1_20' title='bbox 3400 445 3596 501; x_wconf 90' lang='lat' dir='ltr'><strong>missus</strong></span> <span class='ocrx_word' id='word_1_21' title='bbox 3642 446 3693 498; x_wconf 91' lang='lat' dir='ltr'><strong>iu</strong></span> 
     </span>
    </p>
   </div>
   <div class='ocr_carea' id='block_1_6' title="bbox 449 557 2026 652">
    <p class='ocr_par' dir='ltr' id='par_1_6' title="bbox 449 557 2026 652">
     <span class='ocr_line' id='line_1_6' title="bbox 449 557 2026 652; baseline -0.015 -21"><span class='ocrx_word' id='word_1_22' title='bbox 449 577 626 652; x_wconf 87' lang='grc' dir='ltr'>μαίων</span> <span class='ocrx_word' id='word_1_23' title='bbox 658 572 982 644; x_wconf 87' lang='grc' dir='ltr'>Ἑκκλησίας</span> <span class='ocrx_word' id='word_1_24' title='bbox 1017 570 1115 641; x_wconf 82' lang='grc' dir='ltr'><strong>τὴν</strong></span> <span class='ocrx_word' id='word_1_25' title='bbox 1148 565 1450 636; x_wconf 73' lang='grc' dir='ltr'>ἐπισκοπὴν</span> <span class='ocrx_word' id='word_1_26' title='bbox 1477 564 1576 633; x_wconf 75' lang='grc' dir='ltr'>ήδη</span> <span class='ocrx_word' id='word_1_27' title='bbox 1610 561 1873 633; x_wconf 89' lang='grc' dir='ltr'>πρότερον</span> <span class='ocrx_word' id='word_1_28' title='bbox 1899 557 2026 626; x_wconf 85' lang='grc' dir='ltr'>κλη-</span> 
     </span>
    </p>
   </div>
   <div class='ocr_carea' id='block_1_7' title="bbox 2126 536 3695 615">
    <p class='ocr_par' dir='ltr' id='par_1_7' title="bbox 2126 536 3695 615">
     <span class='ocr_line' id='line_1_7' title="bbox 2126 536 3695 615; baseline -0.011 -9"><span class='ocrx_word' id='word_1_29' title='bbox 2126 552 2330 607; x_wconf 86' lang='lat' dir='ltr'><strong>Callias</strong></span> <span class='ocrx_word' id='word_1_30' title='bbox 2381 547 2534 602; x_wconf 85' lang='lat' dir='ltr'><strong>Pauli</strong></span> <span class='ocrx_word' id='word_1_31' title='bbox 2579 543 2749 615; x_wconf 88' lang='lat' dir='ltr'><strong>ipsius</strong></span> <span class='ocrx_word' id='word_1_32' title='bbox 2792 541 3105 596; x_wconf 90' lang='lat' dir='ltr'><strong>testimonio</strong></span> <span class='ocrx_word' id='word_1_33' title='bbox 3155 539 3483 595; x_wconf 76' lang='lat' dir='ltr'><strong>declaratur.</strong></span> <span class='ocrx_word' id='word_1_34' title='bbox 3528 536 3695 590; x_wconf 81' lang='lat' dir='ltr'><strong>Linus</strong></span> 
     </span>
    </p>
   </div>
   <div class='ocr_carea' id='block_1_8' title="bbox 452 627 2052 740">
    <p class='ocr_par' dir='ltr' id='par_1_8' title="bbox 452 627 2024 740">
     <span class='ocr_line' id='line_1_8' title="bbox 452 627 2024 740; baseline -0.017 -19"><span class='ocrx_word' id='word_1_35' title='bbox 675 627 1003 734; x_wconf 63' lang='grc' dir='ltr'>δεδήλωταί.</span> <span class='ocrx_word' id='word_1_36' title='bbox 1059 627 1220 711; x_wconf 64' lang='grc' dir='ltr'>’λλλὰ</span> <span class='ocrx_word' id='word_1_37' title='bbox 1265 655 1359 709; x_wconf 76' lang='grc' dir='ltr'><strong>καὶ</strong></span> <span class='ocrx_word' id='word_1_38' title='bbox 1751 627 1849 717; x_wconf 89' lang='grc' dir='ltr'><strong>τῆς</strong></span> <span class='ocrx_word' id='word_1_39' title='bbox 1892 646 2024 697; x_wconf 86' lang='grc' dir='ltr'><strong>Ῥω-</strong></span> 
     </span>
    </p>
   </div>
   <div class='ocr_carea' id='block_1_9' title="bbox 2142 627 3693 740">
    <p class='ocr_par' dir='ltr' id='par_1_9' title="bbox 2142 627 3693 710">
     <span class='ocr_line' id='line_1_9' title="bbox 2142 627 3693 710; baseline -0.011 -13"><span class='ocrx_word' id='word_1_40' title='bbox 2142 658 2274 707; x_wconf 75' lang='lat' dir='ltr'><strong>rero,</strong></span> <span class='ocrx_word' id='word_1_41' title='bbox 2309 655 2470 710; x_wconf 90' lang='lat' dir='ltr'><strong>quem</strong></span> <span class='ocrx_word' id='word_1_42' title='bbox 2531 639 2587 692; x_wconf 91' lang='lat' dir='ltr'><strong>in</strong></span> <span class='ocrx_word' id='word_1_43' title='bbox 2648 633 2882 690; x_wconf 74' lang='lat' dir='ltr'><strong>secunda</strong></span> <span class='ocrx_word' id='word_1_44' title='bbox 2939 633 3006 687; x_wconf 89' lang='lat' dir='ltr'><strong>ad</strong></span> <span class='ocrx_word' id='word_1_45' title='bbox 3056 633 3401 686; x_wconf 91' lang='lat' dir='ltr'><strong>Timotheum</strong></span> <span class='ocrx_word' id='word_1_46' title='bbox 3461 627 3693 698; x_wconf 88' lang='lat' dir='ltr'><strong>Epistola</strong></span> 
     </span>
    </p>
   </div>
   <div class='ocr_carea' id='block_1_10' title="bbox 457 740 2028 832">
    <p class='ocr_par' dir='ltr' id='par_1_10' title="bbox 457 740 2028 832">
     <span class='ocr_line' id='line_1_10' title="bbox 457 740 2028 832; baseline -0.017 -17"><span class='ocrx_word' id='word_1_47' title='bbox 457 760 632 832; x_wconf 86' lang='grc' dir='ltr'>μαίων</span> <span class='ocrx_word' id='word_1_48' title='bbox 682 757 772 811; x_wconf 74' lang='grc' dir='ltr'><strong>καὶ</strong></span> <span class='ocrx_word' id='word_1_49' title='bbox 814 753 975 816; x_wconf 80' lang='grc' dir='ltr'>αὐτὸς</span> <span class='ocrx_word' id='word_1_50' title='bbox 1014 749 1336 820; x_wconf 83' lang='grc' dir='ltr'>Ἐκκλησίας</span> <span class='ocrx_word' id='word_1_51' title='bbox 1367 744 1549 817; x_wconf 81' lang='grc' dir='ltr'>τρίτος</span> <span class='ocrx_word' id='word_1_52' title='bbox 1584 740 1879 799; x_wconf 75' lang='grc' dir='ltr'>ἐπίσκοπος</span> <span class='ocrx_word' id='word_1_53' title='bbox 1928 753 2028 791; x_wconf 83' lang='grc' dir='ltr'>κα-</span> 
     </span>
    </p>
   </div>
   <div class='ocr_carea' id='block_1_11' title="bbox 451 831 2026 915">
    <p class='ocr_par' dir='ltr' id='par_1_11' title="bbox 451 831 2026 915">
     <span class='ocr_line' id='line_1_11' title="bbox 451 831 2026 915; baseline -0.017 -7"><span class='ocrx_word' id='word_1_54' title='bbox 451 831 674 915; x_wconf 80' lang='grc' dir='ltr'>ταστὰς,</span> <span class='ocrx_word' id='word_1_55' title='bbox 710 847 924 902; x_wconf 80' lang='grc' dir='ltr'>Παύλου</span> <span class='ocrx_word' id='word_1_56' title='bbox 957 843 1213 915; x_wconf 85' lang='grc' dir='ltr'>συνεργὸς</span> <span class='ocrx_word' id='word_1_57' title='bbox 1257 842 1348 894; x_wconf 73' lang='grc' dir='ltr'><strong>καὶ</strong></span> <span class='ocrx_word' id='word_1_58' title='bbox 1381 833 1716 906; x_wconf 82' lang='grc' dir='ltr'>συναθλητὴς</span> <span class='ocrx_word' id='word_1_59' title='bbox 1747 831 2026 902; x_wconf 86' lang='grc' dir='ltr'>γεγονέναι</span> 
     </span>
    </p>
   </div>
   <div class='ocr_carea' id='block_1_12' title="bbox 458 920 2028 1014">
    <p class='ocr_par' dir='ltr' id='par_1_12' title="bbox 458 920 2028 1014">
     <span class='ocr_line' id='line_1_12' title="bbox 458 920 2028 1014; baseline -0.017 -16"><span class='ocrx_word' id='word_1_60' title='bbox 458 944 594 1014; x_wconf 77' lang='grc' dir='ltr'>πρὸς</span> <span class='ocrx_word' id='word_1_61' title='bbox 661 939 824 994; x_wconf 79' lang='grc' dir='ltr'>αὐτοῦ</span> <span class='ocrx_word' id='word_1_62' title='bbox 894 937 1264 1008; x_wconf 85' lang='grc' dir='ltr'>μαρτυρεῖται.</span> <span class='ocrx_word' id='word_1_63' title='bbox 1325 930 1446 983; x_wconf 70' lang='grc' dir='ltr'><strong>Ἐπὶ</strong></span> <span class='ocrx_word' id='word_1_64' title='bbox 1512 926 1722 988; x_wconf 75' lang='grc' dir='ltr'>τούτοις</span> <span class='ocrx_word' id='word_1_65' title='bbox 1788 923 1884 976; x_wconf 76' lang='grc' dir='ltr'><strong>καὶ</strong></span> <span class='ocrx_word' id='word_1_66' title='bbox 1937 920 2028 974; x_wconf 79' lang='grc' dir='ltr'>τὸν</span> 
     </span>
    </p>
   </div>
   <div class='ocr_carea' id='block_1_13' title="bbox 467 1013 2030 1106">
    <p class='ocr_par' dir='ltr' id='par_1_13' title="bbox 467 1013 2030 1106">
     <span class='ocr_line' id='line_1_13' title="bbox 467 1013 2030 1106; baseline -0.013 -19"><span class='ocrx_word' id='word_1_67' title='bbox 467 1037 524 1087; x_wconf 83' lang='grc' dir='ltr'><strong>Ἀ</strong></span> <span class='ocrx_word' id='word_1_68' title='bbox 538 1032 883 1106; x_wconf 83' lang='grc' dir='ltr'>ρειοπαγίτην</span> <span class='ocrx_word' id='word_1_69' title='bbox 917 1029 1142 1089; x_wconf 72' lang='grc' dir='ltr'>ἐκεῖνον,</span> <span class='ocrx_word' id='word_1_70' title='bbox 1173 1023 1444 1084; x_wconf 85' lang='grc' dir='ltr'>Διονύσιος</span> <span class='ocrx_word' id='word_1_71' title='bbox 1489 1020 1657 1090; x_wconf 77' lang='grc' dir='ltr'>ὄνομα</span> <span class='ocrx_word' id='word_1_72' title='bbox 1689 1013 1855 1084; x_wconf 79' lang='grc' dir='ltr'>αὐτῷ,</span> <span class='ocrx_word' id='word_1_73' title='bbox 1887 1013 1944 1066; x_wconf 82' lang='grc' dir='ltr'>ὃν</span> <span class='ocrx_word' id='word_1_74' title='bbox 1973 1014 2030 1066; x_wconf 82' lang='grc' dir='ltr'>ὲν</span> 
     </span>
    </p>
   </div>
   <div class='ocr_carea' id='block_1_14' title="bbox 459 1105 2032 1197">
    <p class='ocr_par' dir='ltr' id='par_1_14' title="bbox 459 1105 2032 1197">
     <span class='ocr_line' id='line_1_14' title="bbox 459 1105 2032 1197; baseline -0.016 -16"><span class='ocrx_word' id='word_1_75' title='bbox 459 1105 698 1197; x_wconf 78' lang='grc' dir='ltr'>Πράξεσι</span> <span class='ocrx_word' id='word_1_76' title='bbox 743 1123 878 1193; x_wconf 87' lang='grc' dir='ltr'>μετὰ</span> <span class='ocrx_word' id='word_1_77' title='bbox 906 1121 1002 1191; x_wconf 82' lang='grc' dir='ltr'>τὴν</span> <span class='ocrx_word' id='word_1_78' title='bbox 1029 1120 1086 1171; x_wconf 78' lang='grc' dir='ltr'><strong>ἐν</strong></span> <span class='ocrx_word' id='word_1_79' title='bbox 1124 1115 1315 1186; x_wconf 87' lang='grc' dir='ltr'>Ἀρείῳ</span> <span class='ocrx_word' id='word_1_80' title='bbox 1360 1113 1519 1182; x_wconf 84' lang='grc' dir='ltr'>πάγῳ</span> <span class='ocrx_word' id='word_1_81' title='bbox 1545 1111 1682 1182; x_wconf 84' lang='grc' dir='ltr'>πρὸς</span> <span class='ocrx_word' id='word_1_82' title='bbox 1721 1105 2032 1176; x_wconf 83' lang='grc' dir='ltr'>Ἀθηναίους</span> 
     </span>
    </p>
   </div>
   <div class='ocr_carea' id='block_1_15' title="bbox 461 1195 2032 1284">
    <p class='ocr_par' dir='ltr' id='par_1_15' title="bbox 461 1195 2032 1284">
     <span class='ocr_line' id='line_1_15' title="bbox 461 1195 2032 1284; baseline -0.015 -13"><span class='ocrx_word' id='word_1_83' title='bbox 461 1195 673 1271; x_wconf 86' lang='grc' dir='ltr'>Παύλου</span> <span class='ocrx_word' id='word_1_84' title='bbox 721 1212 1077 1284; x_wconf 76' lang='grc' dir='ltr'><strong>δημηγορίαν,</strong></span> <span class='ocrx_word' id='word_1_85' title='bbox 1124 1205 1338 1278; x_wconf 84' lang='grc' dir='ltr'>πρῶτον</span> <span class='ocrx_word' id='word_1_86' title='bbox 1404 1202 1691 1257; x_wconf 85' lang='grc' dir='ltr'>πιστεῦσαι</span> <span class='ocrx_word' id='word_1_87' title='bbox 1739 1197 1849 1267; x_wconf 76' lang='grc'><strong>(46)</strong></span> <span class='ocrx_word' id='word_1_88' title='bbox 1906 1195 2032 1284; x_wconf 82' lang='grc' dir='ltr'>ἀνέ-</span> 
     </span>
    </p>
   </div>
   <div class='ocr_carea' id='block_1_16' title="bbox 461 1283 2036 1377">
    <p class='ocr_par' dir='ltr' id='par_1_16' title="bbox 461 1283 2036 1377">
     <span class='ocr_line' id='line_1_16' title="bbox 461 1283 2036 1377; baseline -0.015 -17"><span class='ocrx_word' id='word_1_89' title='bbox 461 1305 663 1377; x_wconf 66' lang='grc' dir='ltr'>γραψεν</span> <span class='ocrx_word' id='word_1_90' title='bbox 693 1306 721 1357; x_wconf 89' lang='grc' dir='ltr'><strong>ό</strong></span> <span class='ocrx_word' id='word_1_91' title='bbox 745 1283 1093 1367; x_wconf 80' lang='grc' dir='ltr'>Λουκᾶς,τῆς</span> <span class='ocrx_word' id='word_1_92' title='bbox 1125 1297 1182 1348; x_wconf 81' lang='grc' dir='ltr'>ἐν</span> <span class='ocrx_word' id='word_1_93' title='bbox 1225 1293 1476 1364; x_wconf 83' lang='grc' dir='ltr'><strong>Ἀθήναις</strong></span> <span class='ocrx_word' id='word_1_94' title='bbox 1535 1287 1856 1358; x_wconf 88' lang='grc' dir='ltr'>Ἐκκλησίας</span> <span class='ocrx_word' id='word_1_95' title='bbox 1887 1283 2036 1355; x_wconf 86' lang='grc' dir='ltr'>πρῶ-</span> 
     </span>
    </p>
   </div>
   <div class='ocr_carea' id='block_1_17' title="bbox 461 1378 2036 1462">
    <p class='ocr_par' dir='ltr' id='par_1_17' title="bbox 461 1378 2036 1462">
     <span class='ocr_line' id='line_1_17' title="bbox 461 1378 2036 1462; baseline -0.014 -11"><span class='ocrx_word' id='word_1_96' title='bbox 461 1416 552 1451; x_wconf 90' lang='grc' dir='ltr'><strong>τον</strong></span> <span class='ocrx_word' id='word_1_97' title='bbox 596 1396 908 1458; x_wconf 79' lang='grc' dir='ltr'>ἐπίσκοπον,</span> <span class='ocrx_word' id='word_1_98' title='bbox 954 1389 1198 1462; x_wconf 84' lang='grc' dir='ltr'>ἀρχαίων</span> <span class='ocrx_word' id='word_1_99' title='bbox 1245 1404 1328 1450; x_wconf 87' lang='grc' dir='ltr'><strong>τις</strong></span> <span class='ocrx_word' id='word_1_100' title='bbox 1376 1385 1562 1456; x_wconf 70' lang='grc' dir='ltr'>ἕτερος</span> <span class='ocrx_word' id='word_1_101' title='bbox 1619 1380 1892 1442; x_wconf 87' lang='grc' dir='ltr'>Διονύσιος</span> <span class='ocrx_word' id='word_1_102' title='bbox 1936 1378 2036 1448; x_wconf 87' lang='grc' dir='ltr'><strong>τῆς</strong></span> 
     </span>
    </p>
   </div>
   <div class='ocr_carea' id='block_1_18' title="bbox 461 1468 2033 1557">
    <p class='ocr_par' dir='ltr' id='par_1_18' title="bbox 461 1468 2033 1557">
     <span class='ocr_line' id='line_1_18' title="bbox 461 1468 2033 1557; baseline -0.013 -15"><span class='ocrx_word' id='word_1_103' title='bbox 461 1484 760 1557; x_wconf 80' lang='grc' dir='ltr'>Κορινθίων</span> <span class='ocrx_word' id='word_1_104' title='bbox 830 1481 1126 1553; x_wconf 82' lang='grc' dir='ltr'>παροικίας</span> <span class='ocrx_word' id='word_1_105' title='bbox 1196 1476 1399 1547; x_wconf 85' lang='grc' dir='ltr'>ποιμὴν</span> <span class='ocrx_word' id='word_1_106' title='bbox 1459 1474 1660 1544; x_wconf 83' lang='grc' dir='ltr'>ἱστορεῖ</span> <span class='ocrx_word' id='word_1_107' title='bbox 1731 1468 2033 1539; x_wconf 89' lang='grc' dir='ltr'>γεγονέναι.</span> 
     </span>
    </p>
   </div>
   <div class='ocr_carea' id='block_1_19' title="bbox 473 1560 2039 1648">
    <p class='ocr_par' dir='ltr' id='par_1_19' title="bbox 473 1560 2039 1648">
     <span class='ocr_line' id='line_1_19' title="bbox 473 1560 2039 1648; baseline -0.012 -16"><span class='ocrx_word' id='word_1_108' title='bbox 473 1577 630 1632; x_wconf 84' lang='grc' dir='ltr'>Ἀλλὰ</span> <span class='ocrx_word' id='word_1_109' title='bbox 651 1577 760 1648; x_wconf 81' lang='grc' dir='ltr'>γὰρ</span> <span class='ocrx_word' id='word_1_110' title='bbox 787 1575 892 1646; x_wconf 84' lang='grc' dir='ltr'>ὁδῷ</span> <span class='ocrx_word' id='word_1_111' title='bbox 918 1573 1322 1644; x_wconf 80' lang='grc' dir='ltr'>προϐαίνουσιν,</span> <span class='ocrx_word' id='word_1_112' title='bbox 1347 1569 1439 1622; x_wconf 70' lang='grc' dir='ltr'><strong>ἐπὶ</strong></span> <span class='ocrx_word' id='word_1_113' title='bbox 1466 1565 1658 1638; x_wconf 82' lang='grc' dir='ltr'>καιροῦ</span> <span class='ocrx_word' id='word_1_114' title='bbox 1681 1563 1750 1617; x_wconf 81' lang='grc' dir='ltr'><strong>τά</strong></span> <span class='ocrx_word' id='word_1_115' title='bbox 1775 1565 1874 1633; x_wconf 89' lang='grc' dir='ltr'><strong>τῆς</strong></span> <span class='ocrx_word' id='word_1_116' title='bbox 1898 1560 2039 1614; x_wconf 80' lang='grc' dir='ltr'>κατά</span> 
     </span>
    </p>
   </div>
   <div class='ocr_carea' id='block_1_20' title="bbox 459 1655 2036 1742">
    <p class='ocr_par' dir='ltr' id='par_1_20' title="bbox 459 1655 2036 1742">
     <span class='ocr_line' id='line_1_20' title="bbox 459 1655 2036 1742; baseline -0.013 -18"><span class='ocrx_word' id='word_1_117' title='bbox 459 1671 682 1742; x_wconf 89' lang='grc' dir='ltr'>χρόνους</span> <span class='ocrx_word' id='word_1_118' title='bbox 740 1666 846 1720; x_wconf 82' lang='grc' dir='ltr'><strong>τῶν</strong></span> <span class='ocrx_word' id='word_1_119' title='bbox 899 1664 1209 1719; x_wconf 81' lang='grc' dir='ltr'>ἀποστόλων</span> <span class='ocrx_word' id='word_1_120' title='bbox 1264 1659 1513 1730; x_wconf 80' lang='grc' dir='ltr'>διαδοχῆς</span> <span class='ocrx_word' id='word_1_121' title='bbox 1563 1657 1693 1727; x_wconf 85' lang='grc' dir='ltr'>ἡμῖν</span> <span class='ocrx_word' id='word_1_122' title='bbox 1736 1655 2036 1726; x_wconf 74' lang='grc' dir='ltr'>εἰρήσεται.</span> 
     </span>
    </p>
   </div>
   <div class='ocr_carea' id='block_1_21' title="bbox 458 1749 1630 1829">
    <p class='ocr_par' dir='ltr' id='par_1_21' title="bbox 458 1749 1630 1829">
     <span class='ocr_line' id='line_1_21' title="bbox 458 1749 1630 1829; baseline -0.012 -13"><span class='ocrx_word' id='word_1_123' title='bbox 458 1759 572 1816; x_wconf 84' lang='grc' dir='ltr'>Νῦν</span> <span class='ocrx_word' id='word_1_124' title='bbox 595 1760 652 1814; x_wconf 81' lang='grc' dir='ltr'>δὲ</span> <span class='ocrx_word' id='word_1_125' title='bbox 681 1761 775 1813; x_wconf 76' lang='grc' dir='ltr'>ἐπὶ</span> <span class='ocrx_word' id='word_1_126' title='bbox 797 1759 867 1814; x_wconf 86' lang='grc' dir='ltr'><strong>τὰ</strong></span> <span class='ocrx_word' id='word_1_127' title='bbox 897 1755 1021 1829; x_wconf 77' lang='grc' dir='ltr'>ἑξῆς</span> <span class='ocrx_word' id='word_1_128' title='bbox 1049 1757 1219 1828; x_wconf 75' lang='grc' dir='ltr'>ἴωμεν</span> <span class='ocrx_word' id='word_1_129' title='bbox 1243 1754 1338 1826; x_wconf 87' lang='grc' dir='ltr'><strong>τῆς</strong></span> <span class='ocrx_word' id='word_1_130' title='bbox 1371 1749 1630 1823; x_wconf 81' lang='grc' dir='ltr'>ἱστορίας.</span> 
     </span>
    </p>
   </div>
   <div class='ocr_carea' id='block_1_22' title="bbox 995 2016 1504 2074">
    <p class='ocr_par' dir='ltr' id='par_1_22' title="bbox 995 2016 1504 2074">
     <span class='ocr_line' id='line_1_22' title="bbox 995 2016 1504 2074; baseline -0.012 0"><span class='ocrx_word' id='word_1_131' title='bbox 995 2020 1174 2074; x_wconf 79' lang='grc' dir='ltr'><strong>ΚΕΦΑ</strong></span> <span class='ocrx_word' id='word_1_132' title='bbox 1182 2016 1389 2072; x_wconf 79' lang='grc' dir='ltr'><strong>ΛΑΙΟΝ</strong></span> <span class='ocrx_word' id='word_1_133' title='bbox 1427 2016 1504 2069; x_wconf 90' lang='grc' dir='ltr'><strong>Ε’.</strong></span> 
     </span>
    </p>
   </div>
   <div class='ocr_carea' id='block_1_23' title="bbox 466 2099 2041 2186">
    <p class='ocr_par' dir='ltr' id='par_1_23' title="bbox 466 2099 2041 2186">
     <span class='ocr_line' id='line_1_23' title="bbox 466 2099 2041 2186; baseline -0.013 -14"><span class='ocrx_word' id='word_1_134' title='bbox 466 2115 604 2186; x_wconf 72' lang='grc' dir='ltr'>Περὶ</span> <span class='ocrx_word' id='word_1_135' title='bbox 655 2114 766 2184; x_wconf 80' lang='grc' dir='ltr'><strong>τῆς</strong></span> <span class='ocrx_word' id='word_1_136' title='bbox 799 2112 948 2182; x_wconf 83' lang='grc' dir='ltr'>μετὰ</span> <span class='ocrx_word' id='word_1_137' title='bbox 986 2112 1092 2186; x_wconf 61' lang='grc' dir='ltr'>τόν</span> <span class='ocrx_word' id='word_1_138' title='bbox 1121 2103 1722 2186; x_wconf 29' lang='grc' dir='ltr'><strong>,ξρισζρνηὺστὰζηςὶ</strong></span> <span class='ocrx_word' id='word_1_139' title='bbox 1746 2099 2041 2158; x_wconf 81' lang='grc' dir='ltr'>Ἰουδαίων</span> 
     </span>
    </p>
   </div>
   <div class='ocr_carea' id='block_1_24' title="bbox 746 2171 1750 2252">
    <p class='ocr_par' dir='ltr' id='par_1_24' title="bbox 746 2171 1750 2252">
     <span class='ocr_line' id='line_1_24' title="bbox 746 2171 1750 2252; baseline -0.013 -14"><span class='ocrx_word' id='word_1_140' title='bbox 746 2171 1093 2251; x_wconf 62' lang='grc' dir='ltr'>ίπόλιορκίας</span> <span class='ocrx_word' id='word_1_141' title='bbox 1111 2171 1246 2252; x_wconf 69' lang='lat' dir='ltr'><strong>(Nic.</strong></span> <span class='ocrx_word' id='word_1_142' title='bbox 1284 2177 1358 2232; x_wconf 84' lang='grc' dir='ltr'><strong>Η.</strong></span> <span class='ocrx_word' id='word_1_143' title='bbox 1386 2175 1454 2229; x_wconf 86' lang='grc' dir='ltr'><strong>Ε.</strong></span> <span class='ocrx_word' id='word_1_144' title='bbox 1491 2191 1572 2237; x_wconf 91' lang='lat' dir='ltr'><strong>ttt,</strong></span> <span class='ocrx_word' id='word_1_145' title='bbox 1601 2171 1750 2242; x_wconf 75' lang='lat'><strong>5—8).</strong></span> 
     </span>
    </p>
   </div>
   <div class='ocr_carea' id='block_1_25' title="bbox 537 2262 2044 2347">
    <p class='ocr_par' dir='ltr' id='par_1_25' title="bbox 537 2262 2044 2347">
     <span class='ocr_line' id='line_1_25' title="bbox 537 2262 2044 2347; baseline -0.012 -15"><span class='ocrx_word' id='word_1_146' title='bbox 537 2275 691 2332; x_wconf 82' lang='grc' dir='ltr'>Μετὰ</span> <span class='ocrx_word' id='word_1_147' title='bbox 735 2273 963 2347; x_wconf 87' lang='grc' dir='ltr'>Νέρωνα</span> <span class='ocrx_word' id='word_1_148' title='bbox 994 2273 1125 2325; x_wconf 83' lang='grc' dir='ltr'>δέκα</span> <span class='ocrx_word' id='word_1_149' title='bbox 1155 2270 1289 2341; x_wconf 82' lang='grc' dir='ltr'>πρὸς</span> <span class='ocrx_word' id='word_1_150' title='bbox 1341 2266 1516 2337; x_wconf 71' lang='grc' dir='ltr'>τρισὶν</span> <span class='ocrx_word' id='word_1_151' title='bbox 1554 2263 1696 2317; x_wconf 79' lang='grc' dir='ltr'>ἔτεσι</span> <span class='ocrx_word' id='word_1_152' title='bbox 1741 2262 1838 2334; x_wconf 79' lang='grc' dir='ltr'><strong>τὴν</strong></span> <span class='ocrx_word' id='word_1_153' title='bbox 1869 2262 2044 2335; x_wconf 77' lang='grc' dir='ltr'>ἀρχὴν</span> 
     </span>
    </p>
   </div>
   <div class='ocr_carea' id='block_1_26' title="bbox 469 2353 2047 2439">
    <p class='ocr_par' dir='ltr' id='par_1_26' title="bbox 469 2353 2047 2439">
     <span class='ocr_line' id='line_1_26' title="bbox 469 2353 2047 2439; baseline -0.011 -18"><span class='ocrx_word' id='word_1_154' title='bbox 469 2368 934 2439; x_wconf 81' lang='grc' dir='ltr'>ὲπικρατήσαντα,</span> <span class='ocrx_word' id='word_1_155' title='bbox 973 2364 1080 2416; x_wconf 85' lang='grc' dir='ltr'><strong>τῶν</strong></span> <span class='ocrx_word' id='word_1_156' title='bbox 1101 2360 1242 2432; x_wconf 67' lang='grc' dir='ltr'>ἀμφὶ</span> <span class='ocrx_word' id='word_1_157' title='bbox 1267 2357 1476 2412; x_wconf 75' lang='grc' dir='ltr'>Γάλϐαν</span> <span class='ocrx_word' id='word_1_158' title='bbox 1507 2356 1599 2409; x_wconf 76' lang='grc' dir='ltr'>καὶ</span> <span class='ocrx_word' id='word_1_159' title='bbox 1629 2353 1841 2408; x_wconf 86' lang='grc' dir='ltr'>Ὄθωνα</span> <span class='ocrx_word' id='word_1_160' title='bbox 1873 2356 2047 2406; x_wconf 74' lang='grc' dir='ltr'>ἐνιαυ-</span> 
     </span>
    </p>
   </div>
   <div class='ocr_carea' id='block_1_27' title="bbox 472 2446 2046 2527">
    <p class='ocr_par' dir='ltr' id='par_1_27' title="bbox 472 2446 2046 2527">
     <span class='ocr_line' id='line_1_27' title="bbox 472 2446 2046 2527; baseline -0.01 -15"><span class='ocrx_word' id='word_1_161' title='bbox 472 2460 560 2512; x_wconf 80' lang='grc' dir='ltr'><strong>τὸν</strong></span> <span class='ocrx_word' id='word_1_162' title='bbox 599 2459 691 2510; x_wconf 74' lang='grc' dir='ltr'>ἐπὶ</span> <span class='ocrx_word' id='word_1_163' title='bbox 726 2456 888 2527; x_wconf 72' lang='grc' dir='ltr'>μησὶν</span> <span class='ocrx_word' id='word_1_164' title='bbox 931 2454 989 2519; x_wconf 79' lang='grc' dir='ltr'>ἓξ</span> <span class='ocrx_word' id='word_1_165' title='bbox 1020 2451 1433 2522; x_wconf 82' lang='grc' dir='ltr'>διαγενομένων,</span> <span class='ocrx_word' id='word_1_166' title='bbox 1477 2446 1880 2510; x_wconf 78' lang='grc' dir='ltr'>Οὐεσπασιανὸς</span> <span class='ocrx_word' id='word_1_167' title='bbox 1927 2447 2046 2508; x_wconf 84' lang='grc' dir='ltr'>ταῖς</span> 
     </span>
    </p>
   </div>
   <div class='ocr_carea' id='block_1_28' title="bbox 473 2537 2048 2616">
    <p class='ocr_par' dir='ltr' id='par_1_28' title="bbox 473 2537 2048 2616">
     <span class='ocr_line' id='line_1_28' title="bbox 473 2537 2048 2616; baseline -0.008 -15"><span class='ocrx_word' id='word_1_168' title='bbox 473 2547 614 2602; x_wconf 75' lang='grc' dir='ltr'>κατὰ</span> <span class='ocrx_word' id='word_1_169' title='bbox 649 2546 916 2600; x_wconf 69' lang='grc' dir='ltr'>Ἰουδαίων</span> <span class='ocrx_word' id='word_1_170' title='bbox 944 2543 1276 2616; x_wconf 81' lang='grc' dir='ltr'>παρατάξεσι</span> <span class='ocrx_word' id='word_1_171' title='bbox 1307 2540 1772 2614; x_wconf 77' lang='grc' dir='ltr'>λαμπρυνάμενος,</span> <span class='ocrx_word' id='word_1_172' title='bbox 1801 2537 2048 2608; x_wconf 73' lang='grc' dir='ltr'>βασιλεὺς</span> 
     </span>
    </p>
   </div>
   <div class='ocr_carea' id='block_1_29' title="bbox 475 2629 2049 2708">
    <p class='ocr_par' dir='ltr' id='par_1_29' title="bbox 475 2629 2049 2708">
     <span class='ocr_line' id='line_1_29' title="bbox 475 2629 2049 2708; baseline -0.009 -14"><span class='ocrx_word' id='word_1_173' title='bbox 475 2644 559 2694; x_wconf 75' lang='grc' dir='ltr'><strong>ἐπ’</strong></span> <span class='ocrx_word' id='word_1_174' title='bbox 584 2639 756 2708; x_wconf 73' lang='grc' dir='ltr'>αὐτῆς</span> <span class='ocrx_word' id='word_1_175' title='bbox 797 2637 1174 2692; x_wconf 84' lang='grc' dir='ltr'>ἀναδείκνυται</span> <span class='ocrx_word' id='word_1_176' title='bbox 1221 2636 1322 2706; x_wconf 90' lang='grc' dir='ltr'><strong>τῆς</strong></span> <span class='ocrx_word' id='word_1_177' title='bbox 1367 2634 1652 2696; x_wconf 85' lang='grc' dir='ltr'>Ἰουδαίας,</span> <span class='ocrx_word' id='word_1_178' title='bbox 1695 2629 2049 2700; x_wconf 81' lang='grc' dir='ltr'>αὐτοκράτωρ</span> 
     </span>
    </p>
   </div>
   <div class='ocr_carea' id='block_1_30' title="bbox 475 2719 2050 2804">
    <p class='ocr_par' dir='ltr' id='par_1_30' title="bbox 475 2719 2050 2804">
     <span class='ocr_line' id='line_1_30' title="bbox 475 2719 2050 2804; baseline -0.01 -18"><span class='ocrx_word' id='word_1_179' title='bbox 475 2733 610 2804; x_wconf 83' lang='grc' dir='ltr'>πρὸς</span> <span class='ocrx_word' id='word_1_180' title='bbox 635 2730 742 2786; x_wconf 81' lang='grc' dir='ltr'><strong>τῶν</strong></span> <span class='ocrx_word' id='word_1_181' title='bbox 775 2729 960 2784; x_wconf 78' lang='grc' dir='ltr'>αὐτόθι</span> <span class='ocrx_word' id='word_1_182' title='bbox 991 2727 1365 2800; x_wconf 79' lang='grc' dir='ltr'>στρατοπέδων</span> <span class='ocrx_word' id='word_1_183' title='bbox 1399 2721 1798 2797; x_wconf 81' lang='grc' dir='ltr'>ἀναγορευθείς.</span> <span class='ocrx_word' id='word_1_184' title='bbox 1818 2723 1928 2792; x_wconf 74' lang='grc' dir='ltr'>Τὴν</span> <span class='ocrx_word' id='word_1_185' title='bbox 1956 2719 2050 2772; x_wconf 70' lang='grc' dir='ltr'>ἐπὶ</span> 
     </span>
    </p>
   </div>
   <div class='ocr_carea' id='block_1_31' title="bbox 485 2809 2051 2893">
    <p class='ocr_par' dir='ltr' id='par_1_31' title="bbox 485 2809 2051 2893">
     <span class='ocr_line' id='line_1_31' title="bbox 485 2809 2051 2893; baseline -0.008 -17"><span class='ocrx_word' id='word_1_186' title='bbox 485 2821 704 2893; x_wconf 84' lang='grc' dir='ltr'>Ῥώμης</span> <span class='ocrx_word' id='word_1_187' title='bbox 735 2815 828 2874; x_wconf 83' lang='grc' dir='ltr'><strong>οῦν</strong></span> <span class='ocrx_word' id='word_1_188' title='bbox 859 2819 1058 2874; x_wconf 84' lang='grc' dir='ltr'>αὐτίκα</span> <span class='ocrx_word' id='word_1_189' title='bbox 1086 2816 1457 2887; x_wconf 85' lang='grc' dir='ltr'>στειλάμενος,</span> <span class='ocrx_word' id='word_1_190' title='bbox 1491 2814 1636 2885; x_wconf 86' lang='grc' dir='ltr'>Τίτῳ</span> <span class='ocrx_word' id='word_1_191' title='bbox 1667 2811 1745 2884; x_wconf 74' lang='grc' dir='ltr'>τῷ</span> <span class='ocrx_word' id='word_1_192' title='bbox 1780 2811 1928 2865; x_wconf 72' lang='grc' dir='ltr'>παιδὶ</span> <span class='ocrx_word' id='word_1_193' title='bbox 1959 2809 2051 2863; x_wconf 86' lang='grc' dir='ltr'><strong>τὸν</strong></span> 
     </span>
    </p>
   </div>
   <div class='ocr_carea' id='block_1_32' title="bbox 474 2899 2052 2979">
    <p class='ocr_par' dir='ltr' id='par_1_32' title="bbox 474 2899 2052 2979">
     <span class='ocr_line' id='line_1_32' title="bbox 474 2899 2052 2979; baseline -0.011 -12"><span class='ocrx_word' id='word_1_194' title='bbox 474 2911 615 2967; x_wconf 84' lang='grc' dir='ltr'>κατὰ</span> <span class='ocrx_word' id='word_1_195' title='bbox 651 2909 919 2964; x_wconf 87' lang='grc' dir='ltr'>Ἰουδαίων</span> <span class='ocrx_word' id='word_1_196' title='bbox 945 2906 1234 2979; x_wconf 72' lang='grc' dir='ltr'>ἐγχειρίζει</span> <span class='ocrx_word' id='word_1_197' title='bbox 1262 2906 1514 2976; x_wconf 88' lang='grc' dir='ltr'>πόλεμον.</span> <span class='ocrx_word' id='word_1_198' title='bbox 1547 2902 1703 2958; x_wconf 81' lang='grc' dir='ltr'>Μετά</span> <span class='ocrx_word' id='word_1_199' title='bbox 1730 2919 1790 2970; x_wconf 88' lang='grc' dir='ltr'><strong>γε</strong></span> <span class='ocrx_word' id='word_1_200' title='bbox 1824 2899 1927 2972; x_wconf 70' lang='grc' dir='ltr'><strong>μὴν</strong></span> <span class='ocrx_word' id='word_1_201' title='bbox 1953 2899 2052 2971; x_wconf 79' lang='grc' dir='ltr'>τὴν</span> 
     </span>
    </p>
   </div>
   <div class='ocr_carea' id='block_1_33' title="bbox 472 2991 2051 3074">
    <p class='ocr_par' dir='ltr' id='par_1_33' title="bbox 472 2991 2051 3074">
     <span class='ocr_line' id='line_1_33' title="bbox 472 2991 2051 3074; baseline -0.009 -17"><span class='ocrx_word' id='word_1_202' title='bbox 472 3004 566 3057; x_wconf 90' lang='grc' dir='ltr'><strong>τοῦ</strong></span> <span class='ocrx_word' id='word_1_203' title='bbox 599 3003 848 3074; x_wconf 82' lang='grc' dir='ltr'>Σωτῆρος</span> <span class='ocrx_word' id='word_1_204' title='bbox 873 2999 1030 3072; x_wconf 79' lang='grc' dir='ltr'>ἡμῶν</span> <span class='ocrx_word' id='word_1_205' title='bbox 1052 2997 1334 3068; x_wconf 71' lang='grc' dir='ltr'>ἀνάληψιν,</span> <span class='ocrx_word' id='word_1_206' title='bbox 1369 2994 1634 3049; x_wconf 87' lang='grc' dir='ltr'>Ἰουδαίων</span> <span class='ocrx_word' id='word_1_207' title='bbox 1666 2991 1802 3064; x_wconf 81' lang='grc' dir='ltr'>πρὸς</span> <span class='ocrx_word' id='word_1_208' title='bbox 1827 2991 1904 3062; x_wconf 81' lang='grc' dir='ltr'>τῷ</span> <span class='ocrx_word' id='word_1_209' title='bbox 1934 2991 2051 3043; x_wconf 85' lang='grc' dir='ltr'>κατ’</span> 
     </span>
    </p>
   </div>
   <div class='ocr_carea' id='block_1_34' title="bbox 475 3083 2054 3166">
    <p class='ocr_par' dir='ltr' id='par_1_34' title="bbox 475 3083 2054 3166">
     <span class='ocr_line' id='line_1_34' title="bbox 475 3083 2054 3166; baseline -0.009 -16"><span class='ocrx_word' id='word_1_210' title='bbox 475 3093 639 3150; x_wconf 79' lang='grc' dir='ltr'>αὐτοῦ</span> <span class='ocrx_word' id='word_1_211' title='bbox 667 3094 995 3166; x_wconf 76' lang='grc' dir='ltr'>τολμήματι,</span> <span class='ocrx_word' id='word_1_212' title='bbox 1034 3093 1133 3163; x_wconf 72' lang='grc' dir='ltr'>ἤδη</span> <span class='ocrx_word' id='word_1_213' title='bbox 1165 3091 1259 3144; x_wconf 73' lang='grc' dir='ltr'><strong>καὶ</strong></span> <span class='ocrx_word' id='word_1_214' title='bbox 1291 3087 1434 3144; x_wconf 86' lang='grc' dir='ltr'>κατὰ</span> <span class='ocrx_word' id='word_1_215' title='bbox 1476 3087 1584 3141; x_wconf 85' lang='grc' dir='ltr'><strong>τῶν</strong></span> <span class='ocrx_word' id='word_1_216' title='bbox 1614 3085 1924 3140; x_wconf 84' lang='grc' dir='ltr'>ἀποστόλων</span> <span class='ocrx_word' id='word_1_217' title='bbox 1955 3083 2054 3136; x_wconf 86' lang='grc' dir='ltr'>αύ-</span> 
     </span>
    </p>
   </div>
   <div class='ocr_carea' id='block_1_35' title="bbox 473 3157 2118 3252">
    <p class='ocr_par' dir='ltr' id='par_1_35' title="bbox 473 3157 2118 3252">
     <span class='ocr_line' id='line_1_35' title="bbox 473 3157 2118 3252; baseline -0.009 -10"><span class='ocrx_word' id='word_1_218' title='bbox 473 3189 569 3242; x_wconf 88' lang='grc' dir='ltr'><strong>τοῦ</strong></span> <span class='ocrx_word' id='word_1_219' title='bbox 608 3157 866 3248; x_wconf 73' lang='grc' dir='ltr'>πλείστοις</span> <span class='ocrx_word' id='word_1_220' title='bbox 890 3187 1019 3248; x_wconf 84' lang='grc' dir='ltr'>ὅσας</span> <span class='ocrx_word' id='word_1_221' title='bbox 1053 3157 1344 3245; x_wconf 71' lang='grc' dir='ltr'>έπιϐουλάς</span> <span class='ocrx_word' id='word_1_222' title='bbox 1380 3179 1877 3252; x_wconf 75' lang='grc' dir='ltr'>μεμηχανημένων,</span> <span class='ocrx_word' id='word_1_223' title='bbox 1909 3175 2052 3248; x_wconf 87' lang='grc' dir='ltr'>πρώ-</span> <span class='ocrx_word' id='word_1_224' title='bbox 2078 3157 2118 3214; x_wconf 77' lang='lat' dir='ltr'><strong><em>C</em></strong></span> 
     </span>
    </p>
   </div>
   <div class='ocr_carea' id='block_1_36' title="bbox 473 3263 2052 3347">
    <p class='ocr_par' dir='ltr' id='par_1_36' title="bbox 473 3263 2052 3347">
     <span class='ocr_line' id='line_1_36' title="bbox 473 3263 2052 3347; baseline -0.01 -12"><span class='ocrx_word' id='word_1_225' title='bbox 473 3299 566 3336; x_wconf 87' lang='grc' dir='ltr'><strong>του</strong></span> <span class='ocrx_word' id='word_1_226' title='bbox 591 3298 651 3334; x_wconf 89' lang='grc' dir='ltr'><strong>τε</strong></span> <span class='ocrx_word' id='word_1_227' title='bbox 695 3277 966 3347; x_wconf 75' lang='grc' dir='ltr'>Στεφάνου</span> <span class='ocrx_word' id='word_1_228' title='bbox 996 3276 1162 3338; x_wconf 87' lang='grc' dir='ltr'>λίθοις</span> <span class='ocrx_word' id='word_1_229' title='bbox 1194 3275 1283 3328; x_wconf 76' lang='grc' dir='ltr'>ὑπ’</span> <span class='ocrx_word' id='word_1_230' title='bbox 1315 3272 1491 3327; x_wconf 74' lang='grc' dir='ltr'>αὐτῶν</span> <span class='ocrx_word' id='word_1_231' title='bbox 1526 3271 1895 3344; x_wconf 81' lang='grc' dir='ltr'>ἀνῃρημένου,</span> <span class='ocrx_word' id='word_1_232' title='bbox 1936 3263 2052 3320; x_wconf 77' lang='grc' dir='ltr'>εἶτα</span> 
     </span>
    </p>
   </div>
   <div class='ocr_carea' id='block_1_37' title="bbox 475 3361 2049 3441">
    <p class='ocr_par' dir='ltr' id='par_1_37' title="bbox 475 3361 2049 3441">
     <span class='ocr_line' id='line_1_37' title="bbox 475 3361 2049 3441; baseline -0.008 -16"><span class='ocrx_word' id='word_1_233' title='bbox 475 3373 531 3425; x_wconf 81' lang='grc' dir='ltr'>δὲ</span> <span class='ocrx_word' id='word_1_234' title='bbox 578 3373 694 3441; x_wconf 78' lang='grc' dir='ltr'>μετ’</span> <span class='ocrx_word' id='word_1_235' title='bbox 728 3370 888 3422; x_wconf 78' lang='grc' dir='ltr'>αὐτὸν</span> <span class='ocrx_word' id='word_1_236' title='bbox 923 3367 1200 3434; x_wconf 80' lang='grc' dir='ltr'>Ἰακώϐου,</span> <span class='ocrx_word' id='word_1_237' title='bbox 1237 3367 1295 3430; x_wconf 86' lang='grc' dir='ltr'>ὃς</span> <span class='ocrx_word' id='word_1_238' title='bbox 1322 3361 1390 3436; x_wconf 85' lang='grc' dir='ltr'>ἦν</span> <span class='ocrx_word' id='word_1_239' title='bbox 1427 3364 1709 3418; x_wconf 76' lang='grc' dir='ltr'>Ζεϐεδαίου</span> <span class='ocrx_word' id='word_1_240' title='bbox 1755 3362 1852 3432; x_wconf 81' lang='grc' dir='ltr'><strong>μὲν</strong></span> <span class='ocrx_word' id='word_1_241' title='bbox 1889 3363 2049 3425; x_wconf 84' lang='grc' dir='ltr'>παῖς,</span> 
     </span>
    </p>
   </div>
   <div class='ocr_carea' id='block_1_38' title="bbox 475 3452 2053 3530">
    <p class='ocr_par' dir='ltr' id='par_1_38' title="bbox 475 3452 2053 3530">
     <span class='ocr_line' id='line_1_38' title="bbox 475 3452 2053 3530; baseline -0.006 -16"><span class='ocrx_word' id='word_1_242' title='bbox 475 3461 701 3530; x_wconf 83' lang='grc' dir='ltr'>ἁδελφὸς</span> <span class='ocrx_word' id='word_1_243' title='bbox 725 3460 782 3513; x_wconf 79' lang='grc' dir='ltr'>δὲ</span> <span class='ocrx_word' id='word_1_244' title='bbox 817 3458 1084 3518; x_wconf 84' lang='grc' dir='ltr'>Ἰωάννου,</span> <span class='ocrx_word' id='word_1_245' title='bbox 1116 3455 1212 3526; x_wconf 79' lang='grc' dir='ltr'>τὴν</span> <span class='ocrx_word' id='word_1_246' title='bbox 1243 3453 1482 3525; x_wconf 82' lang='grc' dir='ltr'>κεφαλὴν</span> <span class='ocrx_word' id='word_1_247' title='bbox 1511 3452 1936 3524; x_wconf 77' lang='grc' dir='ltr'>ἀποτμηθέντος,</span> <span class='ocrx_word' id='word_1_248' title='bbox 1961 3452 2053 3504; x_wconf 71' lang='grc' dir='ltr'>ἐπὶ</span> 
     </span>
    </p>
   </div>
   <div class='ocr_carea' id='block_1_39' title="bbox 478 3540 2052 3614">
    <p class='ocr_par' dir='ltr' id='par_1_39' title="bbox 478 3540 2052 3614">
     <span class='ocr_line' id='line_1_39' title="bbox 478 3540 2052 3614; baseline -0.007 -11"><span class='ocrx_word' id='word_1_249' title='bbox 478 3550 612 3604; x_wconf 76' lang='grc' dir='ltr'>πᾶσί</span> <span class='ocrx_word' id='word_1_250' title='bbox 644 3566 704 3602; x_wconf 87' lang='grc' dir='ltr'><strong>τε</strong></span> <span class='ocrx_word' id='word_1_251' title='bbox 737 3547 993 3602; x_wconf 80' lang='grc' dir='ltr'>Ἰακώϐου</span> <span class='ocrx_word' id='word_1_252' title='bbox 1021 3544 1115 3598; x_wconf 88' lang='grc' dir='ltr'><strong>τοῦ</strong></span> <span class='ocrx_word' id='word_1_253' title='bbox 1146 3545 1237 3598; x_wconf 84' lang='grc' dir='ltr'><strong>τὸν</strong></span> <span class='ocrx_word' id='word_1_254' title='bbox 1264 3543 1448 3599; x_wconf 81' lang='grc' dir='ltr'>αὐτόθι</span> <span class='ocrx_word' id='word_1_255' title='bbox 1473 3543 1573 3614; x_wconf 87' lang='grc' dir='ltr'><strong>τῆς</strong></span> <span class='ocrx_word' id='word_1_256' title='bbox 1597 3541 1900 3610; x_wconf 76' lang='grc' dir='ltr'>ἐπισκοπῆς</span> <span class='ocrx_word' id='word_1_257' title='bbox 1928 3540 2052 3614; x_wconf 88' lang='grc' dir='ltr'>θρό-</span> 
     </span>
    </p>
   </div>
   <div class='ocr_carea' id='block_1_40' title="bbox 476 3631 2053 3713">
    <p class='ocr_par' dir='ltr' id='par_1_40' title="bbox 476 3631 2053 3713">
     <span class='ocr_line' id='line_1_40' title="bbox 476 3631 2053 3713; baseline -0.008 -17"><span class='ocrx_word' id='word_1_258' title='bbox 476 3659 588 3706; x_wconf 90' lang='grc' dir='ltr'>νον,</span> <span class='ocrx_word' id='word_1_259' title='bbox 616 3639 833 3713; x_wconf 81' lang='grc' dir='ltr'>πρώτου</span> <span class='ocrx_word' id='word_1_260' title='bbox 871 3638 1006 3710; x_wconf 84' lang='grc' dir='ltr'>μετὰ</span> <span class='ocrx_word' id='word_1_261' title='bbox 1039 3637 1136 3708; x_wconf 82' lang='grc' dir='ltr'><strong>τὴν</strong></span> <span class='ocrx_word' id='word_1_262' title='bbox 1172 3636 1265 3690; x_wconf 90' lang='grc' dir='ltr'><strong>τοῦ</strong></span> <span class='ocrx_word' id='word_1_263' title='bbox 1304 3636 1553 3706; x_wconf 88' lang='grc' dir='ltr'>Σωτῆρος</span> <span class='ocrx_word' id='word_1_264' title='bbox 1590 3633 1744 3704; x_wconf 82' lang='grc' dir='ltr'>ἡμῶν</span> <span class='ocrx_word' id='word_1_265' title='bbox 1790 3631 2053 3702; x_wconf 71' lang='grc' dir='ltr'>ἀνάληψιν</span> 
     </span>
    </p>
   </div>
   <div class='ocr_carea' id='block_1_41' title="bbox 478 3723 2052 3805">
    <p class='ocr_par' dir='ltr' id='par_1_41' title="bbox 478 3723 2052 3805">
     <span class='ocr_line' id='line_1_41' title="bbox 478 3723 2052 3805; baseline -0.006 -17"><span class='ocrx_word' id='word_1_266' title='bbox 478 3731 919 3805; x_wconf 76' lang='grc' dir='ltr'>κεκληρωμένου,</span> <span class='ocrx_word' id='word_1_267' title='bbox 962 3730 1053 3783; x_wconf 83' lang='grc' dir='ltr'><strong>τὸν</strong></span> <span class='ocrx_word' id='word_1_268' title='bbox 1087 3727 1498 3800; x_wconf 83' lang='grc' dir='ltr'>προδηλωθέντα</span> <span class='ocrx_word' id='word_1_269' title='bbox 1546 3725 1744 3796; x_wconf 82' lang='grc' dir='ltr'>τρόπον</span> <span class='ocrx_word' id='word_1_270' title='bbox 1789 3723 2052 3794; x_wconf 84' lang='grc' dir='ltr'>μεταλλά-</span> 
     </span>
    </p>
   </div>
   <div class='ocr_carea' id='block_1_42' title="bbox 478 3814 2051 3893">
    <p class='ocr_par' dir='ltr' id='par_1_42' title="bbox 478 3814 2051 3893">
     <span class='ocr_line' id='line_1_42' title="bbox 478 3814 2051 3893; baseline -0.008 -13"><span class='ocrx_word' id='word_1_271' title='bbox 478 3826 690 3893; x_wconf 82' lang='grc' dir='ltr'>ξαντος,</span> <span class='ocrx_word' id='word_1_272' title='bbox 717 3823 826 3876; x_wconf 84' lang='grc' dir='ltr'><strong>τῶν</strong></span> <span class='ocrx_word' id='word_1_273' title='bbox 872 3841 933 3876; x_wconf 90' lang='grc' dir='ltr'><strong>τε</strong></span> <span class='ocrx_word' id='word_1_274' title='bbox 963 3821 1165 3876; x_wconf 86' lang='grc' dir='ltr'>λοιπῶν</span> <span class='ocrx_word' id='word_1_275' title='bbox 1208 3818 1518 3874; x_wconf 87' lang='grc' dir='ltr'>ἀποστόλων</span> <span class='ocrx_word' id='word_1_276' title='bbox 1556 3817 1723 3888; x_wconf 86' lang='grc' dir='ltr'>μυρία</span> <span class='ocrx_word' id='word_1_277' title='bbox 1763 3818 1840 3880; x_wconf 85' lang='grc' dir='ltr'>εἰς</span> <span class='ocrx_word' id='word_1_278' title='bbox 1886 3814 2051 3868; x_wconf 88' lang='grc' dir='ltr'>θάνα-</span> 
     </span>
    </p>
   </div>
   <div class='ocr_carea' id='block_1_43' title="bbox 477 3907 2056 3984">
    <p class='ocr_par' dir='ltr' id='par_1_43' title="bbox 477 3907 2056 3984">
     <span class='ocr_line' id='line_1_43' title="bbox 477 3907 2056 3984; baseline -0.006 -13"><span class='ocrx_word' id='word_1_279' title='bbox 477 3935 569 3971; x_wconf 90' lang='grc' dir='ltr'><strong>τον</strong></span> <span class='ocrx_word' id='word_1_280' title='bbox 622 3913 1174 3984; x_wconf 80' lang='grc' dir='ltr'>ἐπιϐεϐουλευμένων,</span> <span class='ocrx_word' id='word_1_281' title='bbox 1218 3913 1312 3966; x_wconf 77' lang='grc' dir='ltr'><strong>καὶ</strong></span> <span class='ocrx_word' id='word_1_282' title='bbox 1368 3911 1468 3978; x_wconf 91' lang='grc' dir='ltr'><strong>τῆς</strong></span> <span class='ocrx_word' id='word_1_283' title='bbox 1517 3911 1614 3980; x_wconf 84' lang='grc' dir='ltr'>μὲν</span> <span class='ocrx_word' id='word_1_284' title='bbox 1653 3908 1908 3970; x_wconf 85' lang='grc' dir='ltr'>Ἰουδαίας</span> <span class='ocrx_word' id='word_1_285' title='bbox 1951 3907 2056 3977; x_wconf 86' lang='grc' dir='ltr'><strong>γῆς</strong></span> 
     </span>
    </p>
   </div>
   <div class='ocr_carea' id='block_1_44' title="bbox 478 3998 2055 4084">
    <p class='ocr_par' dir='ltr' id='par_1_44' title="bbox 478 3998 2055 4084">
     <span class='ocr_line' id='line_1_44' title="bbox 478 3998 2055 4084; baseline -0.01 -18"><span class='ocrx_word' id='word_1_286' title='bbox 478 4010 922 4084; x_wconf 84' lang='grc' dir='ltr'>ἀπεληλαμένων,</span> <span class='ocrx_word' id='word_1_287' title='bbox 947 4009 1039 4061; x_wconf 74' lang='grc' dir='ltr'>ἐπὶ</span> <span class='ocrx_word' id='word_1_288' title='bbox 1068 4007 1124 4060; x_wconf 82' lang='grc' dir='ltr'>δὲ</span> <span class='ocrx_word' id='word_1_289' title='bbox 1147 4008 1212 4077; x_wconf 86' lang='grc' dir='ltr'>τῇ</span> <span class='ocrx_word' id='word_1_290' title='bbox 1245 4003 1339 4059; x_wconf 87' lang='grc' dir='ltr'><strong>τοῦ</strong></span> <span class='ocrx_word' id='word_1_291' title='bbox 1361 4002 1715 4076; x_wconf 74' lang='grc' dir='ltr'>κηρύγματος</span> <span class='ocrx_word' id='word_1_292' title='bbox 1742 3998 2055 4070; x_wconf 78' lang='grc' dir='ltr'>διδασκαλίᾳ</span> 
     </span>
    </p>
   </div>
   <div class='ocr_carea' id='block_1_45' title="bbox 477 4089 2055 4177">
    <p class='ocr_par' dir='ltr' id='par_1_45' title="bbox 477 4089 2055 4177">
     <span class='ocr_line' id='line_1_45' title="bbox 477 4089 2055 4177; baseline -0.011 -20"><span class='ocrx_word' id='word_1_293' title='bbox 477 4104 577 4177; x_wconf 84' lang='grc' dir='ltr'>τὴν</span> <span class='ocrx_word' id='word_1_294' title='bbox 608 4104 687 4165; x_wconf 84' lang='grc' dir='ltr'><strong>εἰς</strong></span> <span class='ocrx_word' id='word_1_295' title='bbox 716 4099 1005 4171; x_wconf 86' lang='grc' dir='ltr'>σύμπαντα</span> <span class='ocrx_word' id='word_1_296' title='bbox 1038 4094 1107 4149; x_wconf 86' lang='grc' dir='ltr'>τὰ</span> <span class='ocrx_word' id='word_1_297' title='bbox 1149 4095 1274 4166; x_wconf 73' lang='grc' dir='ltr'>ἔθνη</span> <span class='ocrx_word' id='word_1_298' title='bbox 1309 4091 1673 4163; x_wconf 83' lang='grc' dir='ltr'>στειλαμένων</span> <span class='ocrx_word' id='word_1_299' title='bbox 1708 4089 1931 4160; x_wconf 89' lang='grc' dir='ltr'>πορείαν</span> <span class='ocrx_word' id='word_1_300' title='bbox 1961 4091 2055 4142; x_wconf 76' lang='grc' dir='ltr'><strong>σὺν</strong></span> 
     </span>
    </p>
   </div>
   <div class='ocr_carea' id='block_1_46' title="bbox 474 4181 2055 4265">
    <p class='ocr_par' dir='ltr' id='par_1_46' title="bbox 474 4181 2055 4265">
     <span class='ocr_line' id='line_1_46' title="bbox 474 4181 2055 4265; baseline -0.012 -16"><span class='ocrx_word' id='word_1_301' title='bbox 474 4193 701 4265; x_wconf 84' lang='grc' dir='ltr'>δυνάμει</span> <span class='ocrx_word' id='word_1_302' title='bbox 751 4190 844 4246; x_wconf 88' lang='grc' dir='ltr'><strong>τοῦ</strong></span> <span class='ocrx_word' id='word_1_303' title='bbox 901 4186 1135 4260; x_wconf 76' lang='grc' dir='ltr'>Χριστοῦ</span> <span class='ocrx_word' id='word_1_304' title='bbox 1195 4187 1464 4257; x_wconf 86' lang='grc' dir='ltr'>φήσαντος</span> <span class='ocrx_word' id='word_1_305' title='bbox 1515 4183 1736 4244; x_wconf 82' lang='grc' dir='ltr'>αὐτοῖς’</span> <span class='ocrx_word' id='word_1_306' title='bbox 1799 4199 1816 4232; x_wconf 79' lang='grc' dir='ltr'><strong>ι</strong></span> <span class='ocrx_word' id='word_1_307' title='bbox 1846 4181 2055 4252; x_wconf 77' lang='grc' dir='ltr'>Πορευ-</span> 
     </span>
    </p>
   </div>
   <div class='ocr_carea' id='block_1_47' title="bbox 479 4273 2056 4356">
    <p class='ocr_par' dir='ltr' id='par_1_47' title="bbox 479 4273 2056 4356">
     <span class='ocr_line' id='line_1_47' title="bbox 479 4273 2056 4356; baseline -0.01 -17"><span class='ocrx_word' id='word_1_308' title='bbox 479 4286 666 4348; x_wconf 81' lang='grc' dir='ltr'>θέντες</span> <span class='ocrx_word' id='word_1_309' title='bbox 699 4279 1074 4356; x_wconf 84' lang='grc' dir='ltr'>μαθητεύσατε</span> <span class='ocrx_word' id='word_1_310' title='bbox 1124 4279 1303 4332; x_wconf 87' lang='grc' dir='ltr'>πάντα</span> <span class='ocrx_word' id='word_1_311' title='bbox 1351 4277 1420 4330; x_wconf 80' lang='grc' dir='ltr'>τὰ</span> <span class='ocrx_word' id='word_1_312' title='bbox 1463 4276 1590 4346; x_wconf 79' lang='grc' dir='ltr'>ἔθνη</span> <span class='ocrx_word' id='word_1_313' title='bbox 1628 4277 1686 4328; x_wconf 83' lang='grc' dir='ltr'><strong>ὲν</strong></span> <span class='ocrx_word' id='word_1_314' title='bbox 1712 4273 1790 4345; x_wconf 82' lang='grc' dir='ltr'><strong>τῷ</strong></span> <span class='ocrx_word' id='word_1_315' title='bbox 1835 4273 2056 4344; x_wconf 87' lang='grc' dir='ltr'>ὀνόματί</span> 
     </span>
    </p>
   </div>
   <div class='ocr_carea' id='block_1_48' title="bbox 482 4364 2058 4448">
    <p class='ocr_par' dir='ltr' id='par_1_48' title="bbox 482 4364 2058 4448">
     <span class='ocr_line' id='line_1_48' title="bbox 482 4364 2058 4448; baseline -0.008 -18"><span class='ocrx_word' id='word_1_316' title='bbox 482 4395 603 4448; x_wconf 87' lang='grc' dir='ltr'>μου·</span> <span class='ocrx_word' id='word_1_317' title='bbox 628 4396 646 4428; x_wconf 70' lang='grc' dir='ltr'><strong>ι</strong></span> <span class='ocrx_word' id='word_1_318' title='bbox 683 4376 744 4429; x_wconf 84' lang='grc' dir='ltr'>οὐ</span> <span class='ocrx_word' id='word_1_319' title='bbox 784 4374 889 4447; x_wconf 84' lang='grc' dir='ltr'>μὴν</span> <span class='ocrx_word' id='word_1_320' title='bbox 928 4373 1064 4428; x_wconf 79' lang='grc' dir='ltr'>ἀλλὰ</span> <span class='ocrx_word' id='word_1_321' title='bbox 1109 4372 1204 4426; x_wconf 74' lang='grc' dir='ltr'>καὶ</span> <span class='ocrx_word' id='word_1_322' title='bbox 1234 4369 1329 4424; x_wconf 89' lang='grc' dir='ltr'><strong>τοῦ</strong></span> <span class='ocrx_word' id='word_1_323' title='bbox 1365 4368 1494 4422; x_wconf 90' lang='grc' dir='ltr'>λαοῦ</span> <span class='ocrx_word' id='word_1_324' title='bbox 1532 4369 1630 4439; x_wconf 88' lang='grc' dir='ltr'><strong>τῆς</strong></span> <span class='ocrx_word' id='word_1_325' title='bbox 1669 4370 1726 4420; x_wconf 81' lang='grc' dir='ltr'><strong>ὲν</strong></span> <span class='ocrx_word' id='word_1_326' title='bbox 1767 4364 2058 4438; x_wconf 84' lang='grc' dir='ltr'>Ἰεροσολύ-</span> 
     </span>
    </p>
   </div>
   <div class='ocr_carea' id='block_1_49' title="bbox 483 4457 2056 4538">
    <p class='ocr_par' dir='ltr' id='par_1_49' title="bbox 483 4457 2056 4538">
     <span class='ocr_line' id='line_1_49' title="bbox 483 4457 2056 4538; baseline -0.007 -17"><span class='ocrx_word' id='word_1_327' title='bbox 483 4485 603 4538; x_wconf 88' lang='grc' dir='ltr'>μοις</span> <span class='ocrx_word' id='word_1_328' title='bbox 654 4465 1007 4538; x_wconf 85' lang='grc' dir='ltr'>Ἐκκλησίας,</span> <span class='ocrx_word' id='word_1_329' title='bbox 1057 4464 1199 4517; x_wconf 86' lang='grc' dir='ltr'>κατά</span> <span class='ocrx_word' id='word_1_330' title='bbox 1247 4479 1367 4515; x_wconf 91' lang='grc' dir='ltr'>τινα</span> <span class='ocrx_word' id='word_1_331' title='bbox 1417 4459 1662 4531; x_wconf 85' lang='grc' dir='ltr'>χρησμὸν</span> <span class='ocrx_word' id='word_1_332' title='bbox 1709 4461 1820 4521; x_wconf 88' lang='grc' dir='ltr'>τοῖς</span> <span class='ocrx_word' id='word_1_333' title='bbox 1870 4457 2056 4511; x_wconf 83' lang='grc' dir='ltr'>αὐτόθι</span> 
     </span>
    </p>
   </div>
   <div class='ocr_carea' id='block_1_50' title="bbox 478 4549 2054 4630">
    <p class='ocr_par' dir='ltr' id='par_1_50' title="bbox 478 4549 2054 4630">
     <span class='ocr_line' id='line_1_50' title="bbox 478 4549 2054 4630; baseline -0.008 -18"><span class='ocrx_word' id='word_1_334' title='bbox 478 4557 719 4630; x_wconf 84' lang='grc' dir='ltr'>δοκίμοις</span> <span class='ocrx_word' id='word_1_335' title='bbox 750 4558 820 4611; x_wconf 86' lang='grc' dir='ltr'>δι’</span> <span class='ocrx_word' id='word_1_336' title='bbox 841 4554 1236 4624; x_wconf 74' lang='grc' dir='ltr'>ἀποκαλύψεως</span> <span class='ocrx_word' id='word_1_337' title='bbox 1267 4553 1510 4615; x_wconf 81' lang='grc' dir='ltr'>δοθέντα,</span> <span class='ocrx_word' id='word_1_338' title='bbox 1551 4550 1658 4622; x_wconf 85' lang='grc' dir='ltr'><strong>πρὸ</strong></span> <span class='ocrx_word' id='word_1_339' title='bbox 1689 4549 1783 4602; x_wconf 90' lang='grc' dir='ltr'><strong>τοῦ</strong></span> <span class='ocrx_word' id='word_1_340' title='bbox 1820 4549 2054 4620; x_wconf 85' lang='grc' dir='ltr'>πολέμου</span> 
     </span>
    </p>
   </div>
   <div class='ocr_carea' id='block_1_51' title="bbox 487 4641 2057 4722">
    <p class='ocr_par' dir='ltr' id='par_1_51' title="bbox 487 4641 2057 4722">
     <span class='ocr_line' id='line_1_51' title="bbox 487 4641 2057 4722; baseline -0.006 -19"><span class='ocrx_word' id='word_1_341' title='bbox 487 4650 884 4722; x_wconf 88' lang='grc' dir='ltr'>μεταναστῆναι</span> <span class='ocrx_word' id='word_1_342' title='bbox 937 4650 1035 4720; x_wconf 87' lang='grc' dir='ltr'><strong>τῆς</strong></span> <span class='ocrx_word' id='word_1_343' title='bbox 1083 4648 1316 4710; x_wconf 84' lang='grc' dir='ltr'>πόλεως,</span> <span class='ocrx_word' id='word_1_344' title='bbox 1361 4645 1454 4699; x_wconf 88' lang='grc' dir='ltr'><strong>καί</strong></span> <span class='ocrx_word' id='word_1_345' title='bbox 1506 4661 1626 4697; x_wconf 89' lang='grc' dir='ltr'>τινα</span> <span class='ocrx_word' id='word_1_346' title='bbox 1671 4642 1771 4712; x_wconf 87' lang='grc' dir='ltr'><strong>τῆς</strong></span> <span class='ocrx_word' id='word_1_347' title='bbox 1818 4641 2057 4714; x_wconf 87' lang='grc' dir='ltr'>Περαίας</span> 
     </span>
    </p>
   </div>
   <div class='ocr_carea' id='block_1_52' title="bbox 484 4733 2056 4809">
    <p class='ocr_par' dir='ltr' id='par_1_52' title="bbox 484 4733 2056 4809">
     <span class='ocr_line' id='line_1_52' title="bbox 484 4733 2056 4809; baseline -0.004 -14"><span class='ocrx_word' id='word_1_348' title='bbox 484 4741 637 4795; x_wconf 87' lang='grc' dir='ltr'>πόλιν</span> <span class='ocrx_word' id='word_1_349' title='bbox 673 4743 840 4794; x_wconf 78' lang='grc' dir='ltr'>οἰκεῖν</span> <span class='ocrx_word' id='word_1_350' title='bbox 883 4739 1342 4809; x_wconf 74' lang='grc' dir='ltr'>κεκελευσμένοι),</span> <span class='ocrx_word' id='word_1_351' title='bbox 1389 4735 1597 4789; x_wconf 80' lang='grc' dir='ltr'>Πέλλαν</span> <span class='ocrx_word' id='word_1_352' title='bbox 1641 4733 1810 4805; x_wconf 76' lang='grc' dir='ltr'>αὐτὴν</span> <span class='ocrx_word' id='word_1_353' title='bbox 1854 4734 2056 4805; x_wconf 81' lang='grc' dir='ltr'>ὀνομά-</span> 
     </span>
    </p>
   </div>
   <div class='ocr_carea' id='block_1_53' title="bbox 486 4826 2058 4903">
    <p class='ocr_par' dir='ltr' id='par_1_53' title="bbox 486 4826 2058 4903">
     <span class='ocr_line' id='line_1_53' title="bbox 486 4826 2058 4903; baseline -0.003 -19"><span class='ocrx_word' id='word_1_354' title='bbox 486 4831 668 4896; x_wconf 80' lang='grc' dir='ltr'>ζουσιν</span> <span class='ocrx_word' id='word_1_355' title='bbox 715 4831 848 4902; x_wconf 73' lang='grc'><strong>(47),</strong></span> <span class='ocrx_word' id='word_1_356' title='bbox 888 4832 945 4884; x_wconf 83' lang='grc' dir='ltr'>ὲν</span> <span class='ocrx_word' id='word_1_357' title='bbox 1069 4830 1179 4883; x_wconf 84' lang='grc' dir='ltr'><strong>τῶν</strong></span> <span class='ocrx_word' id='word_1_358' title='bbox 1225 4831 1304 4893; x_wconf 79' lang='grc' dir='ltr'><strong>είς</strong></span> <span class='ocrx_word' id='word_1_359' title='bbox 1347 4827 1578 4900; x_wconf 84' lang='grc' dir='ltr'>Χριστὸν</span> <span class='ocrx_word' id='word_1_360' title='bbox 1620 4826 2058 4880; x_wconf 89' lang='grc' dir='ltr'>πεπιστευκότων</span> 
     </span>
    </p>
   </div>
   <div class='ocr_carea' id='block_1_54' title="bbox 557 5014 2060 5092">
    <p class='ocr_par' dir='ltr' id='par_1_54' title="bbox 557 5014 2060 5092">
     <span class='ocr_line' id='line_1_54' title="bbox 557 5014 2060 5092; baseline -0.003 -17"><span class='ocrx_word' id='word_1_361' title='bbox 557 5019 670 5092; x_wconf 71' lang='grc'><strong>(46)</strong></span> <span class='ocrx_word' id='word_1_362' title='bbox 732 5020 990 5092; x_wconf 24' lang='grc' dir='ltr'>Πρῶτον*</span> <span class='ocrx_word' id='word_1_363' title='bbox 1019 5017 1362 5092; x_wconf 65' lang='grc' dir='ltr'>πιστεῦσαι.</span> <span class='ocrx_word' id='word_1_364' title='bbox 1407 5017 1578 5092; x_wconf 84' lang='lat' dir='ltr'><strong>_A_ntea</strong></span> <span class='ocrx_word' id='word_1_365' title='bbox 1605 5017 1826 5092; x_wconf 85' lang='lat' dir='ltr'><strong>editt:m_</strong></span> <span class='ocrx_word' id='word_1_366' title='bbox 1843 5014 2060 5092; x_wconf 77' lang='grc' dir='ltr'>πρῶτον</span> 
     </span>
    </p>
   </div>
   <div class='ocr_carea' id='block_1_55' title="bbox 485 5086 2063 5156">
    <p class='ocr_par' dir='ltr' id='par_1_55' title="bbox 485 5086 2063 5156">
     <span class='ocr_line' id='line_1_55' title="bbox 485 5086 2063 5156; baseline -0.004 -9"><span class='ocrx_word' id='word_1_367' title='bbox 485 5086 790 5146; x_wconf 73' lang='grc' dir='ltr'>ἐπίσκοπον</span> <span class='ocrx_word' id='word_1_368' title='bbox 804 5088 1294 5152; x_wconf 71' lang='grc' dir='ltr'>πιστεῦσαι,ῑτίι)ιιε</span> <span class='ocrx_word' id='word_1_369' title='bbox 1311 5089 1517 5149; x_wconf 77' lang='lat' dir='ltr'><strong>verbis;</strong></span> <span class='ocrx_word' id='word_1_370' title='bbox 1542 5102 1770 5156; x_wconf 89' lang='lat' dir='ltr'><strong>quorum</strong></span> <span class='ocrx_word' id='word_1_371' title='bbox 1795 5086 1902 5140; x_wconf 85' lang='lat' dir='ltr'><strong>duo</strong></span> <span class='ocrx_word' id='word_1_372' title='bbox 1924 5087 2063 5156; x_wconf 85' lang='lat' dir='ltr'><strong>prio-</strong></span> 
     </span>
    </p>
   </div>
   <div class='ocr_carea' id='block_1_56' title="bbox 489 5157 2061 5225">
    <p class='ocr_par' dir='ltr' id='par_1_56' title="bbox 489 5157 2061 5225">
     <span class='ocr_line' id='line_1_56' title="bbox 489 5157 2061 5225; baseline -0.005 -7"><span class='ocrx_word' id='word_1_373' title='bbox 489 5180 546 5218; x_wconf 85' lang='lat' dir='ltr'><strong>ra</strong></span> <span class='ocrx_word' id='word_1_374' title='bbox 576 5166 626 5216; x_wconf 92' lang='lat' dir='ltr'><strong>iu</strong></span> <span class='ocrx_word' id='word_1_375' title='bbox 679 5161 893 5216; x_wconf 89' lang='lat' dir='ltr'><strong>lineolis</strong></span> <span class='ocrx_word' id='word_1_376' title='bbox 912 5161 1198 5212; x_wconf 87' lang='lat' dir='ltr'><strong>subnotata</strong></span> <span class='ocrx_word' id='word_1_377' title='bbox 1232 5169 1374 5217; x_wconf 88' lang='lat' dir='ltr'><strong>sunt.</strong></span> <span class='ocrx_word' id='word_1_378' title='bbox 1408 5168 1462 5212; x_wconf 91' lang='lat' dir='ltr'><strong>et</strong></span> <span class='ocrx_word' id='word_1_379' title='bbox 1487 5159 1553 5211; x_wconf 87' lang='lat' dir='ltr'><strong>ad</strong></span> <span class='ocrx_word' id='word_1_380' title='bbox 1584 5157 1884 5225; x_wconf 76' lang='lat' dir='ltr'><strong>marginem</strong></span> <span class='ocrx_word' id='word_1_381' title='bbox 1923 5159 2061 5210; x_wconf 84' lang='lat' dir='ltr'><strong>scri-</strong></span> 
     </span>
    </p>
   </div>
   <div class='ocr_carea' id='block_1_57' title="bbox 377 5226 2060 5304">
    <p class='ocr_par' dir='ltr' id='par_1_57' title="bbox 377 5226 2060 5304">
     <span class='ocr_line' id='line_1_57' title="bbox 377 5226 2060 5304; baseline -0.005 -16"><span class='ocrx_word' id='word_1_382' title='bbox 377 5247 381 5251; x_wconf 76' lang='lat'>‘</span> <span class='ocrx_word' id='word_1_383' title='bbox 483 5243 633 5304; x_wconf 84' lang='lat' dir='ltr'><strong>ptum</strong></span> <span class='ocrx_word' id='word_1_384' title='bbox 678 5241 761 5286; x_wconf 89' lang='lat' dir='ltr'><strong>est</strong></span> <span class='ocrx_word' id='word_1_385' title='bbox 801 5246 864 5284; x_wconf 87' lang='lat' dir='ltr'><strong>ea</strong></span> <span class='ocrx_word' id='word_1_386' title='bbox 897 5227 1327 5304; x_wconf 84' lang='lat' dir='ltr'><strong>superfluaesse.</strong></span> <span class='ocrx_word' id='word_1_387' title='bbox 1356 5229 1516 5282; x_wconf 83' lang='lat' dir='ltr'><strong>Certe</strong></span> <span class='ocrx_word' id='word_1_388' title='bbox 1536 5226 2060 5304; x_wconf 78' lang='lat' dir='ltr'><strong>Christophorsouus</strong></span> 
     </span>
    </p>
   </div>
   <div class='ocr_carea' id='block_1_58' title="bbox 485 5297 2057 5370">
    <p class='ocr_par' dir='ltr' id='par_1_58' title="bbox 485 5297 2057 5370">
     <span class='ocr_line' id='line_1_58' title="bbox 485 5297 2057 5370; baseline -0.006 -12"><span class='ocrx_word' id='word_1_389' title='bbox 485 5297 541 5358; x_wconf 86' lang='lat' dir='ltr'><strong>in</strong></span> <span class='ocrx_word' id='word_1_390' title='bbox 567 5301 1030 5370; x_wconf 73' lang='lat' dir='ltr'><strong>interpretatione</strong></span> <span class='ocrx_word' id='word_1_391' title='bbox 1050 5315 1142 5352; x_wconf 89' lang='lat' dir='ltr'><strong>sua</strong></span> <span class='ocrx_word' id='word_1_392' title='bbox 1172 5307 1456 5366; x_wconf 88' lang='lat' dir='ltr'><strong>tttratuque</strong></span> <span class='ocrx_word' id='word_1_393' title='bbox 1478 5312 1659 5352; x_wconf 88' lang='lat' dir='ltr'><strong>vocem</strong></span> <span class='ocrx_word' id='word_1_394' title='bbox 1688 5297 2057 5366; x_wconf 64' lang='lat' dir='ltr'><strong>praetermisit.</strong></span> 
     </span>
    </p>
   </div>
   <div class='ocr_carea' id='block_1_59' title="bbox 487 5366 2062 5442">
    <p class='ocr_par' dir='ltr' id='par_1_59' title="bbox 487 5366 2062 5442">
     <span class='ocr_line' id='line_1_59' title="bbox 487 5366 2062 5442; baseline -0.006 -14"><span class='ocrx_word' id='word_1_395' title='bbox 487 5375 600 5442; x_wconf 81' lang='lat' dir='ltr'><strong>Ego</strong></span> <span class='ocrx_word' id='word_1_396' title='bbox 651 5366 778 5426; x_wconf 75' lang='lat' dir='ltr'><strong>vero</strong></span> <span class='ocrx_word' id='word_1_397' title='bbox 835 5369 1190 5442; x_wconf 82' lang='lat' dir='ltr'><strong>posteriorem</strong></span> <span class='ocrx_word' id='word_1_398' title='bbox 1233 5370 1541 5442; x_wconf 63' lang='lat' dir='ltr'><strong>duntaxat,</strong></span> <span class='ocrx_word' id='word_1_399' title='bbox 1594 5382 1785 5434; x_wconf 84' lang='lat' dir='ltr'><strong>nempe</strong></span> <span class='ocrx_word' id='word_1_400' title='bbox 1838 5366 2062 5419; x_wconf 79' lang='grc' dir='ltr'>ἐπίσκο-</span> 
     </span>
    </p>
   </div>
   <div class='ocr_carea' id='block_1_60' title="bbox 486 5438 2064 5510">
    <p class='ocr_par' dir='ltr' id='par_1_60' title="bbox 486 5438 2064 5510">
     <span class='ocr_line' id='line_1_60' title="bbox 486 5438 2064 5510; baseline -0.006 -14"><span class='ocrx_word' id='word_1_401' title='bbox 486 5438 611 5505; x_wconf 74' lang='grc' dir='ltr'>πον,</span> <span class='ocrx_word' id='word_1_402' title='bbox 668 5440 1100 5510; x_wconf 81' lang='lat' dir='ltr'><strong>expungendam,</strong></span> <span class='ocrx_word' id='word_1_403' title='bbox 1139 5438 1402 5510; x_wconf 85' lang='lat' dir='ltr'><strong>_prioretn</strong></span> <span class='ocrx_word' id='word_1_404' title='bbox 1457 5452 1598 5510; x_wconf 77' lang='lat' dir='ltr'><strong>vero_</strong></span> <span class='ocrx_word' id='word_1_405' title='bbox 1642 5451 1764 5510; x_wconf 75' lang='lat' dir='ltr'><strong>esse</strong></span> <span class='ocrx_word' id='word_1_406' title='bbox 1824 5440 2064 5491; x_wconf 87' lang='lat' dir='ltr'><strong>retinen-</strong></span> 
     </span>
    </p>
   </div>
   <div class='ocr_carea' id='block_1_61' title="bbox 485 5506 2062 5578">
    <p class='ocr_par' dir='ltr' id='par_1_61' title="bbox 485 5506 2062 5578">
     <span class='ocr_line' id='line_1_61' title="bbox 485 5506 2062 5578; baseline -0.003 -14"><span class='ocrx_word' id='word_1_407' title='bbox 485 5517 610 5566; x_wconf 71' lang='lat' dir='ltr'><strong>dam</strong></span> <span class='ocrx_word' id='word_1_408' title='bbox 644 5506 791 5578; x_wconf 88' lang='lat' dir='ltr'><strong>puto.</strong></span> <span class='ocrx_word' id='word_1_409' title='bbox 826 5506 991 5576; x_wconf 79' lang='lat' dir='ltr'><strong>quue</strong></span> <span class='ocrx_word' id='word_1_410' title='bbox 1018 5507 1311 5561; x_wconf 81' lang='lat' dir='ltr'><strong>confirmat</strong></span> <span class='ocrx_word' id='word_1_411' title='bbox 1355 5508 1536 5578; x_wconf 76' lang='lat' dir='ltr'><strong>versio</strong></span> <span class='ocrx_word' id='word_1_412' title='bbox 1568 5506 1771 5578; x_wconf 65' lang='lat' dir='ltr'><strong>Rufini,</strong></span> <span class='ocrx_word' id='word_1_413' title='bbox 1799 5507 1888 5575; x_wconf 88' lang='lat' dir='ltr'><strong>qui</strong></span> <span class='ocrx_word' id='word_1_414' title='bbox 1916 5507 2062 5578; x_wconf 82' lang='lat' dir='ltr'><strong>hunc</strong></span> 
     </span>
    </p>
   </div>
   <div class='ocr_carea' id='block_1_62' title="bbox 487 5576 2062 5646">
    <p class='ocr_par' dir='ltr' id='par_1_62' title="bbox 487 5576 2062 5646">
     <span class='ocr_line' id='line_1_62' title="bbox 487 5576 2062 5646; baseline -0.006 -10"><span class='ocrx_word' id='word_1_415' title='bbox 487 5576 664 5636; x_wconf 83' lang='lat' dir='ltr'><strong>locum</strong></span> <span class='ocrx_word' id='word_1_416' title='bbox 694 5582 765 5634; x_wconf 91' lang='lat' dir='ltr'><strong>ita</strong></span> <span class='ocrx_word' id='word_1_417' title='bbox 794 5581 1183 5646; x_wconf 85' lang='lat' dir='ltr'><strong>interpretatus</strong></span> <span class='ocrx_word' id='word_1_418' title='bbox 1205 5586 1290 5630; x_wconf 90' lang='lat' dir='ltr'><strong>est</strong></span> <span class='ocrx_word' id='word_1_419' title='bbox 1317 5595 1329 5630; x_wconf 90' lang='lat'>:</span> <span class='ocrx_word' id='word_1_420' title='bbox 1357 5576 1530 5631; x_wconf 77' lang='lat' dir='ltr'><strong>Sedet</strong></span> <span class='ocrx_word' id='word_1_421' title='bbox 1560 5577 1871 5645; x_wconf 76' lang='lat' dir='ltr'><strong>Dionysium</strong></span> <span class='ocrx_word' id='word_1_422' title='bbox 1897 5577 2062 5628; x_wconf 80' lang='lat' dir='ltr'><strong>Areo-</strong></span> 
     </span>
    </p>
   </div>
   <div class='ocr_carea' id='block_1_63' title="bbox 487 5646 2060 5721">
    <p class='ocr_par' dir='ltr' id='par_1_63' title="bbox 487 5646 2060 5721">
     <span class='ocr_line' id='line_1_63' title="bbox 487 5646 2060 5721; baseline -0.004 -17"><span class='ocrx_word' id='word_1_423' title='bbox 487 5653 717 5721; x_wconf 81' lang='lat' dir='ltr'><strong>pagitam</strong></span> <span class='ocrx_word' id='word_1_424' title='bbox 749 5651 891 5718; x_wconf 84' lang='lat' dir='ltr'><strong>apud</strong></span> <span class='ocrx_word' id='word_1_425' title='bbox 924 5650 1192 5721; x_wconf 74' lang='lat' dir='ltr'><strong>Athenas,</strong></span> <span class='ocrx_word' id='word_1_426' title='bbox 1213 5663 1364 5718; x_wconf 82' lang='lat' dir='ltr'><strong>quem</strong></span> <span class='ocrx_word' id='word_1_427' title='bbox 1394 5646 1576 5721; x_wconf 60' lang='lat' dir='ltr'><strong>Lucas</strong></span> <span class='ocrx_word' id='word_1_428' title='bbox 1600 5648 1805 5721; x_wconf 74' lang='lat' dir='ltr'><strong>scripsit</strong></span> <span class='ocrx_word' id='word_1_429' title='bbox 1832 5647 2060 5710; x_wconf 83' lang='lat' dir='ltr'><strong>primum</strong></span> 
     </span>
    </p>
   </div>
   <div class='ocr_carea' id='block_1_64' title="bbox 492 5716 2058 5791">
    <p class='ocr_par' dir='ltr' id='par_1_64' title="bbox 492 5716 2058 5791">
     <span class='ocr_line' id='line_1_64' title="bbox 492 5716 2058 5791; baseline -0.008 -14"><span class='ocrx_word' id='word_1_430' title='bbox 492 5716 662 5777; x_wconf 77' lang='grc' dir='ltr'>Ριῖιιίο</span> <span class='ocrx_word' id='word_1_431' title='bbox 691 5716 1008 5791; x_wconf 68' lang='grc' dir='ltr'>ριίὲάὶεαηιε</span> <span class='ocrx_word' id='word_1_432' title='bbox 1051 5716 1356 5791; x_wconf 69' lang='lat' dir='ltr'><strong>credidisse,</strong></span> <span class='ocrx_word' id='word_1_433' title='bbox 1386 5725 1506 5791; x_wconf 55' lang='lat' dir='ltr'><strong>etc:</strong></span> <span class='ocrx_word' id='word_1_434' title='bbox 1538 5716 1936 5791; x_wconf 56' lang='lat' dir='ltr'><strong>Conjtjcturanl</strong></span> <span class='ocrx_word' id='word_1_435' title='bbox 1959 5731 2058 5791; x_wconf 61' lang='lat' dir='ltr'><strong>tio-</strong></span> 
     </span>
    </p>
   </div>
   <div class='ocr_carea' id='block_1_65' title="bbox 489 5784 2059 5858">
    <p class='ocr_par' dir='ltr' id='par_1_65' title="bbox 489 5784 2059 5858">
     <span class='ocr_line' id='line_1_65' title="bbox 489 5784 2059 5858; baseline -0.004 -12"><span class='ocrx_word' id='word_1_436' title='bbox 489 5803 658 5848; x_wconf 81' lang='lat' dir='ltr'><strong>stram</strong></span> <span class='ocrx_word' id='word_1_437' title='bbox 691 5784 864 5852; x_wconf 50' lang='lat' dir='ltr'><strong>&#39;ulaue</strong></span> <span class='ocrx_word' id='word_1_438' title='bbox 887 5791 1230 5858; x_wconf 63' lang='lat' dir='ltr'><strong>confirmant</strong></span> <span class='ocrx_word' id='word_1_439' title='bbox 1261 5789 1419 5846; x_wconf 88' lang='lat' dir='ltr'><strong>codd.</strong></span> <span class='ocrx_word' id='word_1_440' title='bbox 1455 5785 1617 5854; x_wconf 62' lang='grc' dir='ltr'><strong>Μυκη</strong></span> <span class='ocrx_word' id='word_1_441' title='bbox 1657 5787 1868 5843; x_wconf 85' lang='lat' dir='ltr'><strong>Med.et</strong></span> <span class='ocrx_word' id='word_1_442' title='bbox 1897 5784 2059 5854; x_wconf 83' lang='lat' dir='ltr'><strong>Fuk.,</strong></span> 
     </span>
    </p>
   </div>
   <div class='ocr_carea' id='block_1_66' title="bbox 2125 719 3696 792">
    <p class='ocr_par' dir='ltr' id='par_1_66' title="bbox 2125 719 3696 792">
     <span class='ocr_line' id='line_1_66' title="bbox 2125 719 3696 792; baseline -0.012 -5"><span class='ocrx_word' id='word_1_443' title='bbox 2125 734 2309 787; x_wconf 75' lang='lat' dir='ltr'><strong>Roma:</strong></span> <span class='ocrx_word' id='word_1_444' title='bbox 2339 746 2520 786; x_wconf 88' lang='lat' dir='ltr'><strong>secum</strong></span> <span class='ocrx_word' id='word_1_445' title='bbox 2558 726 2764 782; x_wconf 86' lang='lat' dir='ltr'><strong>versari</strong></span> <span class='ocrx_word' id='word_1_446' title='bbox 2799 733 3053 787; x_wconf 85' lang='lat' dir='ltr'><strong>testatur,</strong></span> <span class='ocrx_word' id='word_1_447' title='bbox 3081 724 3289 792; x_wconf 88' lang='lat' dir='ltr'><strong>primus</strong></span> <span class='ocrx_word' id='word_1_448' title='bbox 3312 731 3431 792; x_wconf 87' lang='lat' dir='ltr'><strong>post</strong></span> <span class='ocrx_word' id='word_1_449' title='bbox 3455 719 3696 784; x_wconf 89' lang='lat' dir='ltr'><strong>Petrum,</strong></span> 
     </span>
    </p>
   </div>
   <div class='ocr_carea' id='block_1_67' title="bbox 2127 811 3702 892">
    <p class='ocr_par' dir='ltr' id='par_1_67' title="bbox 2127 811 3702 892">
     <span class='ocr_line' id='line_1_67' title="bbox 2127 811 3702 892; baseline -0.011 -14"><span class='ocrx_word' id='word_1_450' title='bbox 2127 833 2186 878; x_wconf 89' lang='lat' dir='ltr'><strong>ut</strong></span> <span class='ocrx_word' id='word_1_451' title='bbox 2213 837 2374 892; x_wconf 88' lang='lat' dir='ltr'><strong>supra</strong></span> <span class='ocrx_word' id='word_1_452' title='bbox 2404 823 2514 892; x_wconf 87' lang='lat' dir='ltr'><strong>jam</strong></span> <span class='ocrx_word' id='word_1_453' title='bbox 2574 819 2830 882; x_wconf 84' lang='lat' dir='ltr'><strong>diximus,</strong></span> <span class='ocrx_word' id='word_1_454' title='bbox 2873 815 3128 870; x_wconf 64' lang='lat' dir='ltr'><strong>Ecclesiae</strong></span> <span class='ocrx_word' id='word_1_455' title='bbox 3184 814 3440 868; x_wconf 68' lang='lat' dir='ltr'><strong>Romanae</strong></span> <span class='ocrx_word' id='word_1_456' title='bbox 3488 811 3702 877; x_wconf 88' lang='lat' dir='ltr'><strong>episco-</strong></span> 
     </span>
    </p>
   </div>
   <div class='ocr_carea' id='block_1_68' title="bbox 2128 900 3703 983">
    <p class='ocr_par' dir='ltr' id='par_1_68' title="bbox 2128 900 3703 983">
     <span class='ocr_line' id='line_1_68' title="bbox 2128 900 3703 983; baseline -0.008 -19"><span class='ocrx_word' id='word_1_457' title='bbox 2128 923 2309 983; x_wconf 86' lang='lat' dir='ltr'><strong>patum</strong></span> <span class='ocrx_word' id='word_1_458' title='bbox 2335 912 2562 979; x_wconf 90' lang='lat' dir='ltr'><strong>adeptus</strong></span> <span class='ocrx_word' id='word_1_459' title='bbox 2587 916 2691 963; x_wconf 88' lang='lat' dir='ltr'><strong>est.</strong></span> <span class='ocrx_word' id='word_1_460' title='bbox 2725 906 2977 960; x_wconf 87' lang='lat' dir='ltr'><strong>Clemens</strong></span> <span class='ocrx_word' id='word_1_461' title='bbox 3011 919 3250 974; x_wconf 90' lang='lat' dir='ltr'><strong>quoque,</strong></span> <span class='ocrx_word' id='word_1_462' title='bbox 3283 904 3328 956; x_wconf 90' lang='lat' dir='ltr'><strong>is</strong></span> <span class='ocrx_word' id='word_1_463' title='bbox 3379 901 3468 969; x_wconf 91' lang='lat' dir='ltr'><strong>qui</strong></span> <span class='ocrx_word' id='word_1_464' title='bbox 3511 900 3703 952; x_wconf 89' lang='lat' dir='ltr'><strong>tertius</strong></span> 
     </span>
    </p>
   </div>
   <div class='ocr_carea' id='block_1_69' title="bbox 2130 991 3705 1066">
    <p class='ocr_par' dir='ltr' id='par_1_69' title="bbox 2130 991 3705 1066">
     <span class='ocr_line' id='line_1_69' title="bbox 2130 991 3705 1066; baseline -0.01 -7"><span class='ocrx_word' id='word_1_465' title='bbox 2130 1004 2387 1058; x_wconf 71' lang='lat' dir='ltr'><strong>Ecclesiae</strong></span> <span class='ocrx_word' id='word_1_466' title='bbox 2415 1001 2671 1056; x_wconf 73' lang='lat' dir='ltr'><strong>Romanae</strong></span> <span class='ocrx_word' id='word_1_467' title='bbox 2688 999 2972 1066; x_wconf 87' lang='lat' dir='ltr'><strong>episcopus</strong></span> <span class='ocrx_word' id='word_1_468' title='bbox 2993 1004 3076 1050; x_wconf 90' lang='lat' dir='ltr'><strong>est</strong></span> <span class='ocrx_word' id='word_1_469' title='bbox 3106 995 3452 1056; x_wconf 88' lang='lat' dir='ltr'><strong>constitutus,</strong></span> <span class='ocrx_word' id='word_1_470' title='bbox 3488 991 3705 1060; x_wconf 82' lang='lat' dir='ltr'><strong>adjutor</strong></span> 
     </span>
    </p>
   </div>
   <div class='ocr_carea' id='block_1_70' title="bbox 2132 1083 3705 1160">
    <p class='ocr_par' dir='ltr' id='par_1_70' title="bbox 2132 1083 3705 1160">
     <span class='ocr_line' id='line_1_70' title="bbox 2132 1083 3705 1160; baseline -0.013 -9"><span class='ocrx_word' id='word_1_471' title='bbox 2132 1095 2278 1151; x_wconf 85' lang='lat' dir='ltr'><strong>Pauli</strong></span> <span class='ocrx_word' id='word_1_472' title='bbox 2324 1093 2618 1160; x_wconf 89' lang='lat' dir='ltr'><strong>sociusque</strong></span> <span class='ocrx_word' id='word_1_473' title='bbox 2649 1086 3009 1144; x_wconf 86' lang='lat' dir='ltr'><strong>certaminum</strong></span> <span class='ocrx_word' id='word_1_474' title='bbox 3069 1083 3259 1148; x_wconf 89' lang='lat' dir='ltr'><strong>fuisse,</strong></span> <span class='ocrx_word' id='word_1_475' title='bbox 3302 1083 3587 1152; x_wconf 89' lang='lat' dir='ltr'><strong>ipsiusmet</strong></span> <span class='ocrx_word' id='word_1_476' title='bbox 3626 1088 3705 1132; x_wconf 85' lang='lat' dir='ltr'><strong>te-</strong></span> 
     </span>
    </p>
   </div>
   <div class='ocr_carea' id='block_1_71' title="bbox 2131 1170 3702 1252">
    <p class='ocr_par' dir='ltr' id='par_1_71' title="bbox 2131 1170 3702 1252">
     <span class='ocr_line' id='line_1_71' title="bbox 2131 1170 3702 1252; baseline -0.013 -10"><span class='ocrx_word' id='word_1_477' title='bbox 2131 1186 2388 1242; x_wconf 88' lang='lat' dir='ltr'><strong>stimonio</strong></span> <span class='ocrx_word' id='word_1_478' title='bbox 2437 1182 2772 1252; x_wconf 85' lang='lat' dir='ltr'><strong>perhibetur.</strong></span> <span class='ocrx_word' id='word_1_479' title='bbox 2821 1177 3062 1245; x_wconf 89' lang='lat' dir='ltr'><strong>Denique</strong></span> <span class='ocrx_word' id='word_1_480' title='bbox 3115 1175 3497 1244; x_wconf 79' lang='lat' dir='ltr'><strong>Areopagitam</strong></span> <span class='ocrx_word' id='word_1_481' title='bbox 3555 1170 3702 1224; x_wconf 88' lang='lat' dir='ltr'><strong>illum</strong></span> 
     </span>
    </p>
   </div>
   <div class='ocr_carea' id='block_1_72' title="bbox 2133 1264 3704 1346">
    <p class='ocr_par' dir='ltr' id='par_1_72' title="bbox 2133 1264 3704 1346">
     <span class='ocr_line' id='line_1_72' title="bbox 2133 1264 3704 1346; baseline -0.011 -13"><span class='ocrx_word' id='word_1_482' title='bbox 2133 1277 2351 1334; x_wconf 88' lang='lat' dir='ltr'><strong>nomine</strong></span> <span class='ocrx_word' id='word_1_483' title='bbox 2410 1275 2750 1346; x_wconf 83' lang='lat' dir='ltr'><strong>Dionysium,</strong></span> <span class='ocrx_word' id='word_1_484' title='bbox 2796 1287 2958 1341; x_wconf 88' lang='lat' dir='ltr'><strong>quem</strong></span> <span class='ocrx_word' id='word_1_485' title='bbox 3008 1279 3134 1340; x_wconf 88' lang='lat' dir='ltr'><strong>post</strong></span> <span class='ocrx_word' id='word_1_486' title='bbox 3181 1268 3501 1324; x_wconf 90' lang='lat' dir='ltr'><strong>concionem</strong></span> <span class='ocrx_word' id='word_1_487' title='bbox 3559 1264 3704 1317; x_wconf 88' lang='lat' dir='ltr'><strong>illam</strong></span> 
     </span>
    </p>
   </div>
   <div class='ocr_carea' id='block_1_73' title="bbox 2134 1354 3706 1441">
    <p class='ocr_par' dir='ltr' id='par_1_73' title="bbox 2134 1354 3706 1441">
     <span class='ocr_line' id='line_1_73' title="bbox 2134 1354 3706 1441; baseline -0.01 -17"><span class='ocrx_word' id='word_1_488' title='bbox 2134 1386 2296 1441; x_wconf 90' lang='lat' dir='ltr'><strong>quam</strong></span> <span class='ocrx_word' id='word_1_489' title='bbox 2343 1367 2544 1423; x_wconf 82' lang='lat' dir='ltr'><strong>Paulus</strong></span> <span class='ocrx_word' id='word_1_490' title='bbox 2581 1367 2632 1421; x_wconf 92' lang='lat' dir='ltr'><strong>in</strong></span> <span class='ocrx_word' id='word_1_491' title='bbox 2665 1366 2946 1437; x_wconf 80' lang='lat' dir='ltr'><strong>AreOpago</strong></span> <span class='ocrx_word' id='word_1_492' title='bbox 2979 1363 3044 1416; x_wconf 90' lang='lat' dir='ltr'><strong>ad</strong></span> <span class='ocrx_word' id='word_1_493' title='bbox 3092 1361 3446 1416; x_wconf 84' lang='lat' dir='ltr'><strong>Athenienses</strong></span> <span class='ocrx_word' id='word_1_494' title='bbox 3492 1354 3706 1419; x_wconf 79' lang='lat' dir='ltr'><strong>habuit,</strong></span> 
     </span>
    </p>
   </div>
   <div class='ocr_carea' id='block_1_74' title="bbox 2134 1447 3710 1533">
    <p class='ocr_par' dir='ltr' id='par_1_74' title="bbox 2134 1447 3710 1533">
     <span class='ocr_line' id='line_1_74' title="bbox 2134 1447 3710 1533; baseline -0.01 -18"><span class='ocrx_word' id='word_1_495' title='bbox 2134 1461 2366 1533; x_wconf 89' lang='lat' dir='ltr'><strong>primum</strong></span> <span class='ocrx_word' id='word_1_496' title='bbox 2397 1457 2692 1512; x_wconf 82' lang='lat' dir='ltr'><strong>credidisse</strong></span> <span class='ocrx_word' id='word_1_497' title='bbox 2725 1456 2902 1511; x_wconf 88' lang='lat' dir='ltr'><strong>Lucas</strong></span> <span class='ocrx_word' id='word_1_498' title='bbox 2927 1455 2980 1508; x_wconf 91' lang='lat' dir='ltr'><strong>in</strong></span> <span class='ocrx_word' id='word_1_499' title='bbox 3025 1452 3252 1508; x_wconf 83' lang='lat' dir='ltr'><strong>Actibus</strong></span> <span class='ocrx_word' id='word_1_500' title='bbox 3284 1449 3497 1513; x_wconf 87' lang='lat' dir='ltr'><strong>scribit,</strong></span> <span class='ocrx_word' id='word_1_501' title='bbox 3537 1447 3710 1500; x_wconf 83' lang='lat' dir='ltr'><strong>Athe-</strong></span> 
     </span>
    </p>
   </div>
   <div class='ocr_carea' id='block_1_75' title="bbox 2138 1541 3711 1621">
    <p class='ocr_par' dir='ltr' id='par_1_75' title="bbox 2138 1541 3711 1621">
     <span class='ocr_line' id='line_1_75' title="bbox 2138 1541 3711 1621; baseline -0.01 -11"><span class='ocrx_word' id='word_1_502' title='bbox 2138 1555 2340 1610; x_wconf 84' lang='lat' dir='ltr'><strong>niensis</strong></span> <span class='ocrx_word' id='word_1_503' title='bbox 2382 1551 2637 1608; x_wconf 77' lang='lat' dir='ltr'><strong>Ecclesiae</strong></span> <span class='ocrx_word' id='word_1_504' title='bbox 2683 1553 2914 1621; x_wconf 89' lang='lat' dir='ltr'><strong>primum</strong></span> <span class='ocrx_word' id='word_1_505' title='bbox 2969 1549 3284 1618; x_wconf 86' lang='lat' dir='ltr'><strong>episcopum</strong></span> <span class='ocrx_word' id='word_1_506' title='bbox 3326 1543 3496 1597; x_wconf 90' lang='lat' dir='ltr'><strong>fuisse</strong></span> <span class='ocrx_word' id='word_1_507' title='bbox 3544 1541 3711 1600; x_wconf 84' lang='lat' dir='ltr'><strong>tradit</strong></span> 
     </span>
    </p>
   </div>
   <div class='ocr_carea' id='block_1_76' title="bbox 2139 1636 3709 1714">
    <p class='ocr_par' dir='ltr' id='par_1_76' title="bbox 2139 1636 3709 1714">
     <span class='ocr_line' id='line_1_76' title="bbox 2139 1636 3709 1714; baseline -0.01 -11"><span class='ocrx_word' id='word_1_508' title='bbox 2139 1647 2278 1703; x_wconf 85' lang='lat' dir='ltr'><strong>alter</strong></span> <span class='ocrx_word' id='word_1_509' title='bbox 2335 1644 2555 1714; x_wconf 92' lang='lat' dir='ltr'><strong>quidam</strong></span> <span class='ocrx_word' id='word_1_510' title='bbox 2607 1643 2896 1713; x_wconf 88' lang='lat' dir='ltr'><strong>Dionysius</strong></span> <span class='ocrx_word' id='word_1_511' title='bbox 2941 1640 3347 1696; x_wconf 89' lang='lat' dir='ltr'><strong>Corinthiorum</strong></span> <span class='ocrx_word' id='word_1_512' title='bbox 3407 1636 3709 1704; x_wconf 83' lang='lat' dir='ltr'><strong>cpiscopus,</strong></span> 
     </span>
    </p>
   </div>
   <div class='ocr_carea' id='block_1_77' title="bbox 2142 1727 3716 1806">
    <p class='ocr_par' dir='ltr' id='par_1_77' title="bbox 2142 1727 3716 1806">
     <span class='ocr_line' id='line_1_77' title="bbox 2142 1727 3716 1806; baseline -0.009 -14"><span class='ocrx_word' id='word_1_513' title='bbox 2142 1736 2548 1806; x_wconf 83' lang='lat' dir='ltr'><strong>antiquissimus</strong></span> <span class='ocrx_word' id='word_1_514' title='bbox 2568 1733 2820 1802; x_wconf 89' lang='lat' dir='ltr'><strong>scriptor.</strong></span> <span class='ocrx_word' id='word_1_515' title='bbox 2846 1732 2948 1787; x_wconf 88' lang='lat' dir='ltr'><strong>Sed</strong></span> <span class='ocrx_word' id='word_1_516' title='bbox 2971 1731 3189 1802; x_wconf 87' lang='lat' dir='ltr'><strong>quinam</strong></span> <span class='ocrx_word' id='word_1_517' title='bbox 3226 1727 3456 1784; x_wconf 88' lang='lat' dir='ltr'><strong>subinde</strong></span> <span class='ocrx_word' id='word_1_518' title='bbox 3500 1742 3597 1796; x_wconf 88' lang='lat' dir='ltr'><strong>per</strong></span> <span class='ocrx_word' id='word_1_519' title='bbox 3624 1739 3716 1779; x_wconf 87' lang='lat' dir='ltr'><strong>or-</strong></span> 
     </span>
    </p>
   </div>
   <div class='ocr_carea' id='block_1_78' title="bbox 2067 1817 3714 1896">
    <p class='ocr_par' dir='ltr' id='par_1_78' title="bbox 2067 1817 3714 1896">
     <span class='ocr_line' id='line_1_78' title="bbox 2067 1817 3714 1896; baseline -0.009 -13"><span class='ocrx_word' id='word_1_520' title='bbox 2067 1817 2110 1873; x_wconf 82' lang='lat' dir='ltr'><strong>B</strong></span> <span class='ocrx_word' id='word_1_521' title='bbox 2139 1829 2316 1882; x_wconf 92' lang='lat' dir='ltr'><strong>dinem</strong></span> <span class='ocrx_word' id='word_1_522' title='bbox 2335 1837 2632 1896; x_wconf 91' lang='lat' dir='ltr'><strong>temporum</strong></span> <span class='ocrx_word' id='word_1_523' title='bbox 2649 1822 2910 1892; x_wconf 86' lang='lat' dir='ltr'><strong>apostolis</strong></span> <span class='ocrx_word' id='word_1_524' title='bbox 2937 1820 3326 1884; x_wconf 87' lang='lat' dir='ltr'><strong>successerint,</strong></span> <span class='ocrx_word' id='word_1_525' title='bbox 3347 1819 3398 1872; x_wconf 93' lang='lat' dir='ltr'><strong>in</strong></span> <span class='ocrx_word' id='word_1_526' title='bbox 3425 1828 3714 1885; x_wconf 79' lang='lat' dir='ltr'><strong>progressu</strong></span> 
     </span>
    </p>
   </div>
   <div class='ocr_carea' id='block_1_79' title="bbox 2137 1911 3715 1992">
    <p class='ocr_par' dir='ltr' id='par_1_79' title="bbox 2137 1911 3715 1992">
     <span class='ocr_line' id='line_1_79' title="bbox 2137 1911 3715 1992; baseline -0.008 -16"><span class='ocrx_word' id='word_1_527' title='bbox 2137 1920 2317 1992; x_wconf 79' lang='lat' dir='ltr'><strong>operis</strong></span> <span class='ocrx_word' id='word_1_528' title='bbox 2344 1934 2443 1975; x_wconf 87' lang='lat' dir='ltr'><strong>suo</strong></span> <span class='ocrx_word' id='word_1_529' title='bbox 2468 1919 2582 1974; x_wconf 93' lang='lat' dir='ltr'><strong>loco</strong></span> <span class='ocrx_word' id='word_1_530' title='bbox 2608 1918 2866 1974; x_wconf 90' lang='lat' dir='ltr'><strong>dicemus.</strong></span> <span class='ocrx_word' id='word_1_531' title='bbox 2894 1915 3048 1970; x_wconf 81' lang='lat' dir='ltr'><strong>Nunc</strong></span> <span class='ocrx_word' id='word_1_532' title='bbox 3084 1914 3150 1967; x_wconf 90' lang='lat' dir='ltr'><strong>ad</strong></span> <span class='ocrx_word' id='word_1_533' title='bbox 3183 1911 3384 1981; x_wconf 89' lang='lat' dir='ltr'><strong>reliqua</strong></span> <span class='ocrx_word' id='word_1_534' title='bbox 3408 1922 3715 1980; x_wconf 83' lang='lat' dir='ltr'><strong>pergamus.</strong></span> 
     </span>
    </p>
   </div>
   <div class='ocr_carea' id='block_1_80' title="bbox 2762 2005 3090 2064">
    <p class='ocr_par' dir='ltr' id='par_1_80' title="bbox 2762 2005 3090 2064">
     <span class='ocr_line' id='line_1_80' title="bbox 2762 2005 3090 2064; baseline -0.009 -1"><span class='ocrx_word' id='word_1_535' title='bbox 2762 2006 2991 2064; x_wconf 84' lang='lat' dir='ltr'><strong>CAPUT</strong></span> <span class='ocrx_word' id='word_1_536' title='bbox 3030 2005 3090 2061; x_wconf 87' lang='lat' dir='ltr'><strong>V.</strong></span> 
     </span>
    </p>
   </div>
   <div class='ocr_carea' id='block_1_81' title="bbox 2143 2089 3720 2173">
    <p class='ocr_par' dir='ltr' id='par_1_81' title="bbox 2143 2089 3720 2173">
     <span class='ocr_line' id='line_1_81' title="bbox 2143 2089 3720 2173; baseline -0.011 -13"><span class='ocrx_word' id='word_1_537' title='bbox 2143 2104 2218 2160; x_wconf 84' lang='lat' dir='ltr'><strong>De</strong></span> <span class='ocrx_word' id='word_1_538' title='bbox 2267 2115 2530 2173; x_wconf 82' lang='lat' dir='ltr'><strong>postrema</strong></span> <span class='ocrx_word' id='word_1_539' title='bbox 2580 2100 2888 2156; x_wconf 77' lang='lat' dir='ltr'><strong>Juda&#39;orum</strong></span> <span class='ocrx_word' id='word_1_540' title='bbox 2934 2099 3315 2169; x_wconf 67' lang='lat' dir='ltr'><strong>expugnatione</strong></span> <span class='ocrx_word' id='word_1_541' title='bbox 3365 2103 3478 2164; x_wconf 88' lang='lat' dir='ltr'><strong>post</strong></span> <span class='ocrx_word' id='word_1_542' title='bbox 3521 2089 3720 2146; x_wconf 72' lang='lat' dir='ltr'><strong>Christi</strong></span> 
     </span>
    </p>
   </div>
   <div class='ocr_carea' id='block_1_82' title="bbox 2827 2187 3020 2226">
    <p class='ocr_par' dir='ltr' id='par_1_82' title="bbox 2827 2187 3020 2226">
     <span class='ocr_line' id='line_1_82' title="bbox 2827 2187 3020 2226; baseline -0.016 -1"><span class='ocrx_word' id='word_1_543' title='bbox 2827 2187 3020 2226; x_wconf 86' lang='lat' dir='ltr'><strong>necem.</strong></span> 
     </span>
    </p>
   </div>
   <div class='ocr_carea' id='block_1_83' title="bbox 2214 2252 3718 2333">
    <p class='ocr_par' dir='ltr' id='par_1_83' title="bbox 2214 2252 3718 2333">
     <span class='ocr_line' id='line_1_83' title="bbox 2214 2252 3718 2333; baseline -0.009 -13"><span class='ocrx_word' id='word_1_544' title='bbox 2214 2264 2343 2321; x_wconf 85' lang='lat' dir='ltr'><strong>Post</strong></span> <span class='ocrx_word' id='word_1_545' title='bbox 2366 2264 2660 2328; x_wconf 86' lang='lat' dir='ltr'><strong>Neronem,</strong></span> <span class='ocrx_word' id='word_1_546' title='bbox 2687 2264 2776 2333; x_wconf 90' lang='lat' dir='ltr'><strong>qui</strong></span> <span class='ocrx_word' id='word_1_547' title='bbox 2812 2278 2906 2333; x_wconf 86' lang='lat' dir='ltr'><strong>per</strong></span> <span class='ocrx_word' id='word_1_548' title='bbox 2930 2259 3185 2316; x_wconf 89' lang='lat' dir='ltr'><strong>tredecim</strong></span> <span class='ocrx_word' id='word_1_549' title='bbox 3225 2271 3397 2312; x_wconf 81' lang='lat' dir='ltr'><strong>annos</strong></span> <span class='ocrx_word' id='word_1_550' title='bbox 3429 2252 3718 2325; x_wconf 88' lang='lat' dir='ltr'><strong>imperium</strong></span> 
     </span>
    </p>
   </div>
   <div class='ocr_carea' id='block_1_84' title="bbox 2148 2351 3722 2425">
    <p class='ocr_par' dir='ltr' id='par_1_84' title="bbox 2148 2351 3722 2425">
     <span class='ocr_line' id='line_1_84' title="bbox 2148 2351 3722 2425; baseline -0.008 -13"><span class='ocrx_word' id='word_1_551' title='bbox 2148 2359 2340 2420; x_wconf 87' lang='lat' dir='ltr'><strong>tenuit,</strong></span> <span class='ocrx_word' id='word_1_552' title='bbox 2375 2373 2494 2412; x_wconf 89' lang='lat' dir='ltr'><strong>cum</strong></span> <span class='ocrx_word' id='word_1_553' title='bbox 2520 2357 2689 2412; x_wconf 84' lang='lat' dir='ltr'><strong>Galba</strong></span> <span class='ocrx_word' id='word_1_554' title='bbox 2712 2366 2872 2425; x_wconf 90' lang='lat' dir='ltr'><strong>atque</strong></span> <span class='ocrx_word' id='word_1_555' title='bbox 2899 2352 3040 2409; x_wconf 87' lang='lat' dir='ltr'><strong>Otho</strong></span> <span class='ocrx_word' id='word_1_556' title='bbox 3073 2365 3218 2405; x_wconf 90' lang='lat' dir='ltr'><strong>anno</strong></span> <span class='ocrx_word' id='word_1_557' title='bbox 3248 2351 3513 2404; x_wconf 87' lang='lat' dir='ltr'><strong>duntaxat</strong></span> <span class='ocrx_word' id='word_1_558' title='bbox 3543 2354 3598 2400; x_wconf 90' lang='lat' dir='ltr'><strong>et</strong></span> <span class='ocrx_word' id='word_1_559' title='bbox 3623 2359 3722 2401; x_wconf 70' lang='lat' dir='ltr'><strong>se:</strong></span> 
     </span>
    </p>
   </div>
   <div class='ocr_carea' id='block_1_85' title="bbox 2149 2436 3724 2518">
    <p class='ocr_par' dir='ltr' id='par_1_85' title="bbox 2149 2436 3724 2518">
     <span class='ocr_line' id='line_1_85' title="bbox 2149 2436 3724 2518; baseline -0.01 -16"><span class='ocrx_word' id='word_1_560' title='bbox 2149 2449 2421 2504; x_wconf 90' lang='lat' dir='ltr'><strong>mensibus</strong></span> <span class='ocrx_word' id='word_1_561' title='bbox 2460 2456 2800 2518; x_wconf 81' lang='lat' dir='ltr'><strong>regnassent,</strong></span> <span class='ocrx_word' id='word_1_562' title='bbox 2862 2443 3228 2512; x_wconf 83' lang='lat' dir='ltr'><strong>Vespasianus</strong></span> <span class='ocrx_word' id='word_1_563' title='bbox 3273 2439 3324 2494; x_wconf 87' lang='lat' dir='ltr'><strong>in</strong></span> <span class='ocrx_word' id='word_1_564' title='bbox 3375 2437 3584 2508; x_wconf 76' lang='lat' dir='ltr'><strong>prteliis</strong></span> <span class='ocrx_word' id='word_1_565' title='bbox 3626 2436 3724 2488; x_wconf 82' lang='lat' dir='ltr'><strong>ad-</strong></span> 
     </span>
    </p>
   </div>
   <div class='ocr_carea' id='block_1_86' title="bbox 2152 2525 3721 2607">
    <p class='ocr_par' dir='ltr' id='par_1_86' title="bbox 2152 2525 3721 2607">
     <span class='ocr_line' id='line_1_86' title="bbox 2152 2525 3721 2607; baseline -0.009 -15"><span class='ocrx_word' id='word_1_566' title='bbox 2152 2554 2342 2594; x_wconf 83' lang='lat' dir='ltr'><strong>versus</strong></span> <span class='ocrx_word' id='word_1_567' title='bbox 2363 2537 2576 2593; x_wconf 75' lang='lat' dir='ltr'><strong>Judzcos</strong></span> <span class='ocrx_word' id='word_1_568' title='bbox 2611 2545 2908 2607; x_wconf 85' lang='lat' dir='ltr'><strong>spectatus,</strong></span> <span class='ocrx_word' id='word_1_569' title='bbox 2952 2537 3248 2604; x_wconf 87' lang='lat' dir='ltr'><strong>imperator</strong></span> <span class='ocrx_word' id='word_1_570' title='bbox 3285 2530 3339 2584; x_wconf 91' lang='lat' dir='ltr'><strong>in</strong></span> <span class='ocrx_word' id='word_1_571' title='bbox 3373 2529 3486 2597; x_wconf 90' lang='lat' dir='ltr'><strong>ipsa</strong></span> <span class='ocrx_word' id='word_1_572' title='bbox 3537 2525 3721 2579; x_wconf 69' lang='lat' dir='ltr'><strong>Judaea</strong></span> 
     </span>
    </p>
   </div>
   <div class='ocr_carea' id='block_1_87' title="bbox 2151 2614 3719 2699">
    <p class='ocr_par' dir='ltr' id='par_1_87' title="bbox 2151 2614 3719 2699">
     <span class='ocr_line' id='line_1_87' title="bbox 2151 2614 3719 2699; baseline -0.01 -14"><span class='ocrx_word' id='word_1_573' title='bbox 2151 2631 2219 2684; x_wconf 88' lang='lat' dir='ltr'><strong>ab</strong></span> <span class='ocrx_word' id='word_1_574' title='bbox 2243 2631 2484 2685; x_wconf 86' lang='lat' dir='ltr'><strong>exercitu</strong></span> <span class='ocrx_word' id='word_1_575' title='bbox 2521 2630 2614 2699; x_wconf 92' lang='lat' dir='ltr'><strong>qui</strong></span> <span class='ocrx_word' id='word_1_576' title='bbox 2653 2629 2762 2682; x_wconf 89' lang='lat' dir='ltr'><strong>illic</strong></span> <span class='ocrx_word' id='word_1_577' title='bbox 2805 2634 2946 2690; x_wconf 86' lang='lat' dir='ltr'><strong>erat,</strong></span> <span class='ocrx_word' id='word_1_578' title='bbox 2982 2623 3349 2680; x_wconf 89' lang='lat' dir='ltr'><strong>renuntiatur.</strong></span> <span class='ocrx_word' id='word_1_579' title='bbox 3381 2619 3481 2686; x_wconf 86' lang='lat' dir='ltr'><strong>Qui</strong></span> <span class='ocrx_word' id='word_1_580' title='bbox 3530 2614 3719 2671; x_wconf 76' lang='lat' dir='ltr'><strong>confe-</strong></span> 
     </span>
    </p>
   </div>
   <div class='ocr_carea' id='block_1_88' title="bbox 2153 2709 3724 2779">
    <p class='ocr_par' dir='ltr' id='par_1_88' title="bbox 2153 2709 3724 2779">
     <span class='ocr_line' id='line_1_88' title="bbox 2153 2709 3724 2779; baseline -0.011 -4"><span class='ocrx_word' id='word_1_581' title='bbox 2153 2721 2275 2775; x_wconf 90' lang='lat' dir='ltr'><strong>stim</strong></span> <span class='ocrx_word' id='word_1_582' title='bbox 2309 2719 2533 2773; x_wconf 81' lang='lat' dir='ltr'><strong>Romam</strong></span> <span class='ocrx_word' id='word_1_583' title='bbox 2561 2733 2750 2773; x_wconf 88' lang='lat' dir='ltr'><strong>versus</strong></span> <span class='ocrx_word' id='word_1_584' title='bbox 2780 2716 3132 2779; x_wconf 89' lang='lat' dir='ltr'><strong>contendens,</strong></span> <span class='ocrx_word' id='word_1_585' title='bbox 3163 2728 3351 2778; x_wconf 89' lang='lat' dir='ltr'><strong>curam</strong></span> <span class='ocrx_word' id='word_1_586' title='bbox 3375 2709 3503 2765; x_wconf 89' lang='lat' dir='ltr'><strong>belli</strong></span> <span class='ocrx_word' id='word_1_587' title='bbox 3533 2709 3724 2761; x_wconf 86' lang='lat' dir='ltr'><strong>adver-</strong></span> 
     </span>
    </p>
   </div>
   <div class='ocr_carea' id='block_1_89' title="bbox 2153 2797 3724 2866">
    <p class='ocr_par' dir='ltr' id='par_1_89' title="bbox 2153 2797 3724 2866">
     <span class='ocr_line' id='line_1_89' title="bbox 2153 2797 3724 2866; baseline -0.008 -2"><span class='ocrx_word' id='word_1_588' title='bbox 2153 2827 2245 2866; x_wconf 88' lang='lat' dir='ltr'><strong>sus</strong></span> <span class='ocrx_word' id='word_1_589' title='bbox 2273 2808 2487 2864; x_wconf 72' lang='lat' dir='ltr'><strong>Iudaeos</strong></span> <span class='ocrx_word' id='word_1_590' title='bbox 2528 2809 2649 2863; x_wconf 86' lang='lat' dir='ltr'><strong>Tito</strong></span> <span class='ocrx_word' id='word_1_591' title='bbox 2695 2807 2803 2862; x_wconf 90' lang='lat' dir='ltr'><strong>lilio</strong></span> <span class='ocrx_word' id='word_1_592' title='bbox 2851 2807 3142 2862; x_wconf 88' lang='lat' dir='ltr'><strong>commisit.</strong></span> <span class='ocrx_word' id='word_1_593' title='bbox 3181 2806 3353 2859; x_wconf 86' lang='lat' dir='ltr'><strong>Porro</strong></span> <span class='ocrx_word' id='word_1_594' title='bbox 3396 2817 3517 2856; x_wconf 91' lang='lat' dir='ltr'><strong>cum</strong></span> <span class='ocrx_word' id='word_1_595' title='bbox 3553 2797 3724 2853; x_wconf 70' lang='lat' dir='ltr'><strong>Jutltci</strong></span> 
     </span>
    </p>
   </div>
   <div class='ocr_carea' id='block_1_90' title="bbox 2154 2897 3727 2970">
    <p class='ocr_par' dir='ltr' id='par_1_90' title="bbox 2154 2897 3727 2970">
     <span class='ocr_line' id='line_1_90' title="bbox 2154 2897 3727 2970; baseline -0.009 -15"><span class='ocrx_word' id='word_1_596' title='bbox 2154 2912 2275 2970; x_wconf 90' lang='lat' dir='ltr'><strong>post</strong></span> <span class='ocrx_word' id='word_1_597' title='bbox 2310 2900 2622 2956; x_wconf 87' lang='lat' dir='ltr'><strong>Servatoris</strong></span> <span class='ocrx_word' id='word_1_598' title='bbox 2651 2898 2824 2954; x_wconf 89' lang='lat' dir='ltr'><strong>nostri</strong></span> <span class='ocrx_word' id='word_1_599' title='bbox 2850 2899 2901 2952; x_wconf 90' lang='lat' dir='ltr'><strong>iu</strong></span> <span class='ocrx_word' id='word_1_600' title='bbox 2927 2897 3094 2953; x_wconf 69' lang='lat' dir='ltr'><strong>cmlos</strong></span> <span class='ocrx_word' id='word_1_601' title='bbox 3122 2908 3428 2958; x_wconf 85' lang='lat' dir='ltr'><strong>ascensum,</strong></span> <span class='ocrx_word' id='word_1_602' title='bbox 3464 2906 3568 2945; x_wconf 92' lang='lat' dir='ltr'><strong>non</strong></span> <span class='ocrx_word' id='word_1_603' title='bbox 3596 2902 3727 2943; x_wconf 90' lang='lat' dir='ltr'><strong>con-</strong></span> 
     </span>
    </p>
   </div>
   <div class='ocr_carea' id='block_1_91' title="bbox 2159 2979 3728 3062">
    <p class='ocr_par' dir='ltr' id='par_1_91' title="bbox 2159 2979 3728 3062">
     <span class='ocr_line' id='line_1_91' title="bbox 2159 2979 3728 3062; baseline -0.008 -16"><span class='ocrx_word' id='word_1_604' title='bbox 2159 2994 2292 3047; x_wconf 88' lang='lat' dir='ltr'><strong>tcuti</strong></span> <span class='ocrx_word' id='word_1_605' title='bbox 2341 3007 2405 3046; x_wconf 91' lang='lat' dir='ltr'><strong>eo</strong></span> <span class='ocrx_word' id='word_1_606' title='bbox 2440 2992 2649 3057; x_wconf 84' lang='lat' dir='ltr'><strong>scelere</strong></span> <span class='ocrx_word' id='word_1_607' title='bbox 2704 2990 2848 3062; x_wconf 89' lang='lat' dir='ltr'><strong>quod</strong></span> <span class='ocrx_word' id='word_1_608' title='bbox 2885 2989 2938 3044; x_wconf 93' lang='lat' dir='ltr'><strong>in</strong></span> <span class='ocrx_word' id='word_1_609' title='bbox 2970 2988 3147 3059; x_wconf 90' lang='lat' dir='ltr'><strong>ipsum</strong></span> <span class='ocrx_word' id='word_1_610' title='bbox 3207 2985 3559 3046; x_wconf 86' lang='lat' dir='ltr'><strong>admiserant,</strong></span> <span class='ocrx_word' id='word_1_611' title='bbox 3609 2979 3728 3046; x_wconf 61' lang='lat' dir='ltr'><strong>eius</strong></span> 
     </span>
    </p>
   </div>
   <div class='ocr_carea' id='block_1_92' title="bbox 2158 3075 3728 3158">
    <p class='ocr_par' dir='ltr' id='par_1_92' title="bbox 2158 3075 3728 3158">
     <span class='ocr_line' id='line_1_92' title="bbox 2158 3075 3728 3158; baseline -0.011 -18"><span class='ocrx_word' id='word_1_612' title='bbox 2158 3103 2372 3158; x_wconf 88' lang='lat' dir='ltr'><strong>quoque</strong></span> <span class='ocrx_word' id='word_1_613' title='bbox 2407 3085 2679 3156; x_wconf 80' lang='lat' dir='ltr'><strong>apostolos</strong></span> <span class='ocrx_word' id='word_1_614' title='bbox 2710 3083 3006 3152; x_wconf 69' lang='lat' dir='ltr'><strong>saapissime</strong></span> <span class='ocrx_word' id='word_1_615' title='bbox 3028 3079 3239 3134; x_wconf 91' lang='lat' dir='ltr'><strong>insidiis</strong></span> <span class='ocrx_word' id='word_1_616' title='bbox 3259 3075 3628 3146; x_wconf 91' lang='lat' dir='ltr'><strong>appetissent;</strong></span> <span class='ocrx_word' id='word_1_617' title='bbox 3662 3085 3728 3124; x_wconf 87' lang='lat' dir='ltr'><strong>ac</strong></span> 
     </span>
    </p>
   </div>
   <div class='ocr_carea' id='block_1_93' title="bbox 2154 3168 3724 3252">
    <p class='ocr_par' dir='ltr' id='par_1_93' title="bbox 2154 3168 3724 3252">
     <span class='ocr_line' id='line_1_93' title="bbox 2154 3168 3724 3252; baseline -0.013 -15"><span class='ocrx_word' id='word_1_618' title='bbox 2154 3185 2388 3252; x_wconf 89' lang='lat' dir='ltr'><strong>primtttn</strong></span> <span class='ocrx_word' id='word_1_619' title='bbox 2419 3181 2637 3250; x_wconf 90' lang='lat' dir='ltr'><strong>quidem</strong></span> <span class='ocrx_word' id='word_1_620' title='bbox 2671 3178 3006 3246; x_wconf 81' lang='lat' dir='ltr'><strong>Stephanum</strong></span> <span class='ocrx_word' id='word_1_621' title='bbox 3055 3171 3322 3239; x_wconf 84' lang='lat' dir='ltr'><strong>lapidibus</strong></span> <span class='ocrx_word' id='word_1_622' title='bbox 3353 3168 3664 3223; x_wconf 86' lang='lat' dir='ltr'><strong>obruissent</strong></span> <span class='ocrx_word' id='word_1_623' title='bbox 3708 3182 3724 3218; x_wconf 88' lang='lat'><strong>:</strong></span> 
     </span>
    </p>
   </div>
   <div class='ocr_carea' id='block_1_94' title="bbox 2156 3258 3725 3329">
    <p class='ocr_par' dir='ltr' id='par_1_94' title="bbox 2156 3258 3725 3329">
     <span class='ocr_line' id='line_1_94' title="bbox 2156 3258 3725 3329; baseline -0.013 -1"><span class='ocrx_word' id='word_1_624' title='bbox 2156 3272 2352 3329; x_wconf 87' lang='lat' dir='ltr'><strong>deinde</strong></span> <span class='ocrx_word' id='word_1_625' title='bbox 2380 3271 2642 3326; x_wconf 82' lang='lat' dir='ltr'><strong>Jacobum</strong></span> <span class='ocrx_word' id='word_1_626' title='bbox 2695 3268 2940 3323; x_wconf 62' lang='lat' dir='ltr'><strong>Zebedmi</strong></span> <span class='ocrx_word' id='word_1_627' title='bbox 2985 3264 3178 3329; x_wconf 82' lang='lat' dir='ltr'><strong>ﬁlium,</strong></span> <span class='ocrx_word' id='word_1_628' title='bbox 3229 3261 3452 3316; x_wconf 88' lang='lat' dir='ltr'><strong>Joannis</strong></span> <span class='ocrx_word' id='word_1_629' title='bbox 3499 3258 3725 3312; x_wconf 84' lang='lat' dir='ltr'><strong>fratrem</strong></span> 
     </span>
    </p>
   </div>
   <div class='ocr_carea' id='block_1_95' title="bbox 2153 3349 3724 3434">
    <p class='ocr_par' dir='ltr' id='par_1_95' title="bbox 2153 3349 3724 3434">
     <span class='ocr_line' id='line_1_95' title="bbox 2153 3349 3724 3434; baseline -0.013 -14"><span class='ocrx_word' id='word_1_630' title='bbox 2153 3365 2333 3434; x_wconf 91' lang='lat' dir='ltr'><strong>capite</strong></span> <span class='ocrx_word' id='word_1_631' title='bbox 2397 3368 2787 3417; x_wconf 88' lang='lat' dir='ltr'><strong>truncasscnt:</strong></span> <span class='ocrx_word' id='word_1_632' title='bbox 2817 3372 2881 3412; x_wconf 93' lang='lat' dir='ltr'><strong>ac</strong></span> <span class='ocrx_word' id='word_1_633' title='bbox 2931 3364 3205 3424; x_wconf 91' lang='lat' dir='ltr'><strong>postremo</strong></span> <span class='ocrx_word' id='word_1_634' title='bbox 3253 3350 3515 3408; x_wconf 81' lang='lat' dir='ltr'><strong>Jacobum</strong></span> <span class='ocrx_word' id='word_1_635' title='bbox 3572 3349 3724 3402; x_wconf 91' lang='lat' dir='ltr'><strong>illum</strong></span> 
     </span>
    </p>
   </div>
   <div class='ocr_carea' id='block_1_96' title="bbox 2153 3439 3728 3526">
    <p class='ocr_par' dir='ltr' id='par_1_96' title="bbox 2153 3439 3728 3526">
     <span class='ocr_line' id='line_1_96' title="bbox 2153 3439 3728 3526; baseline -0.013 -16"><span class='ocrx_word' id='word_1_636' title='bbox 2153 3457 2242 3526; x_wconf 91' lang='lat' dir='ltr'><strong>qui</strong></span> <span class='ocrx_word' id='word_1_637' title='bbox 2273 3455 2479 3524; x_wconf 87' lang='lat' dir='ltr'><strong>primus</strong></span> <span class='ocrx_word' id='word_1_638' title='bbox 2507 3462 2624 3523; x_wconf 89' lang='lat' dir='ltr'><strong>post</strong></span> <span class='ocrx_word' id='word_1_639' title='bbox 2655 3463 2943 3505; x_wconf 89' lang='lat' dir='ltr'><strong>ascensum</strong></span> <span class='ocrx_word' id='word_1_640' title='bbox 2981 3443 3193 3499; x_wconf 87' lang='lat' dir='ltr'><strong>Domini</strong></span> <span class='ocrx_word' id='word_1_641' title='bbox 3224 3441 3586 3512; x_wconf 89' lang='lat' dir='ltr'><strong>episcopalem</strong></span> <span class='ocrx_word' id='word_1_642' title='bbox 3623 3439 3728 3491; x_wconf 83' lang='lat' dir='ltr'><strong>Ec-</strong></span> 
     </span>
    </p>
   </div>
   <div class='ocr_carea' id='block_1_97' title="bbox 2154 3532 3730 3607">
    <p class='ocr_par' dir='ltr' id='par_1_97' title="bbox 2154 3532 3730 3607">
     <span class='ocr_line' id='line_1_97' title="bbox 2154 3532 3730 3607; baseline -0.011 -5"><span class='ocrx_word' id='word_1_643' title='bbox 2154 3546 2330 3602; x_wconf 70' lang='lat' dir='ltr'><strong>clesiae</strong></span> <span class='ocrx_word' id='word_1_644' title='bbox 2367 3544 2507 3599; x_wconf 88' lang='lat' dir='ltr'><strong>illius</strong></span> <span class='ocrx_word' id='word_1_645' title='bbox 2529 3543 2713 3597; x_wconf 89' lang='lat' dir='ltr'><strong>sedem</strong></span> <span class='ocrx_word' id='word_1_646' title='bbox 2745 3538 2997 3604; x_wconf 88' lang='lat' dir='ltr'><strong>obtinuit,</strong></span> <span class='ocrx_word' id='word_1_647' title='bbox 3033 3551 3100 3591; x_wconf 92' lang='lat' dir='ltr'><strong>eo</strong></span> <span class='ocrx_word' id='word_1_648' title='bbox 3143 3550 3304 3607; x_wconf 89' lang='lat' dir='ltr'><strong>quem</strong></span> <span class='ocrx_word' id='word_1_649' title='bbox 3337 3532 3576 3586; x_wconf 82' lang='lat' dir='ltr'><strong>diximus</strong></span> <span class='ocrx_word' id='word_1_650' title='bbox 3619 3545 3730 3585; x_wconf 77' lang='lat' dir='ltr'><strong>mo-</strong></span> 
     </span>
    </p>
   </div>
   <div class='ocr_carea' id='block_1_98' title="bbox 2155 3623 3728 3708">
    <p class='ocr_par' dir='ltr' id='par_1_98' title="bbox 2155 3623 3728 3708">
     <span class='ocr_line' id='line_1_98' title="bbox 2155 3623 3728 3708; baseline -0.01 -16"><span class='ocrx_word' id='word_1_651' title='bbox 2155 3639 2224 3693; x_wconf 86' lang='lat' dir='ltr'><strong>do</strong></span> <span class='ocrx_word' id='word_1_652' title='bbox 2246 3637 2604 3708; x_wconf 89' lang='lat' dir='ltr'><strong>peretnissent</strong></span> <span class='ocrx_word' id='word_1_653' title='bbox 2639 3655 2652 3689; x_wconf 86' lang='lat'><strong>:</strong></span> <span class='ocrx_word' id='word_1_654' title='bbox 2686 3648 2808 3686; x_wconf 90' lang='lat' dir='ltr'><strong>cum</strong></span> <span class='ocrx_word' id='word_1_655' title='bbox 2843 3631 3036 3698; x_wconf 88' lang='lat' dir='ltr'><strong>reliqui</strong></span> <span class='ocrx_word' id='word_1_656' title='bbox 3070 3630 3196 3682; x_wconf 87' lang='lat' dir='ltr'><strong>item</strong></span> <span class='ocrx_word' id='word_1_657' title='bbox 3242 3624 3474 3697; x_wconf 88' lang='lat' dir='ltr'><strong>apostoli</strong></span> <span class='ocrx_word' id='word_1_658' title='bbox 3502 3623 3728 3677; x_wconf 90' lang='lat' dir='ltr'><strong>inlinitis</strong></span> 
     </span>
    </p>
   </div>
   <div class='ocr_carea' id='block_1_99' title="bbox 2155 3711 3726 3799">
    <p class='ocr_par' dir='ltr' id='par_1_99' title="bbox 2155 3711 3726 3799">
     <span class='ocr_line' id='line_1_99' title="bbox 2155 3711 3726 3799; baseline -0.011 -16"><span class='ocrx_word' id='word_1_659' title='bbox 2155 3743 2322 3799; x_wconf 89' lang='lat' dir='ltr'><strong>prope</strong></span> <span class='ocrx_word' id='word_1_660' title='bbox 2354 3727 2534 3781; x_wconf 90' lang='lat' dir='ltr'><strong>modis</strong></span> <span class='ocrx_word' id='word_1_661' title='bbox 2569 3739 2677 3778; x_wconf 91' lang='lat' dir='ltr'><strong>non</strong></span> <span class='ocrx_word' id='word_1_662' title='bbox 2717 3723 2834 3778; x_wconf 90' lang='lat' dir='ltr'><strong>sine</strong></span> <span class='ocrx_word' id='word_1_663' title='bbox 2881 3736 3074 3790; x_wconf 84' lang='lat' dir='ltr'><strong>magno</strong></span> <span class='ocrx_word' id='word_1_664' title='bbox 3101 3719 3224 3772; x_wconf 76' lang='lat' dir='ltr'><strong>vita:</strong></span> <span class='ocrx_word' id='word_1_665' title='bbox 3269 3731 3380 3772; x_wconf 82' lang='lat' dir='ltr'><strong>sua:</strong></span> <span class='ocrx_word' id='word_1_666' title='bbox 3412 3711 3726 3770; x_wconf 89' lang='lat' dir='ltr'><strong>discrimine</strong></span> 
     </span>
    </p>
   </div>
   <div class='ocr_carea' id='block_1_100' title="bbox 2156 3804 3728 3878">
    <p class='ocr_par' dir='ltr' id='par_1_100' title="bbox 2156 3804 3728 3878">
     <span class='ocr_line' id='line_1_100' title="bbox 2156 3804 3728 3878; baseline -0.011 -6"><span class='ocrx_word' id='word_1_667' title='bbox 2156 3821 2224 3873; x_wconf 89' lang='lat' dir='ltr'><strong>ab</strong></span> <span class='ocrx_word' id='word_1_668' title='bbox 2251 3819 2444 3874; x_wconf 86' lang='lat' dir='ltr'><strong>iisdem</strong></span> <span class='ocrx_word' id='word_1_669' title='bbox 2475 3815 2652 3871; x_wconf 80' lang='lat' dir='ltr'><strong>vexati</strong></span> <span class='ocrx_word' id='word_1_670' title='bbox 2677 3821 2878 3878; x_wconf 90' lang='lat' dir='ltr'><strong>essent,</strong></span> <span class='ocrx_word' id='word_1_671' title='bbox 2902 3821 2958 3865; x_wconf 92' lang='lat' dir='ltr'><strong>et</strong></span> <span class='ocrx_word' id='word_1_672' title='bbox 2983 3825 3048 3864; x_wconf 85' lang='lat' dir='ltr'><strong>ex</strong></span> <span class='ocrx_word' id='word_1_673' title='bbox 3076 3807 3258 3864; x_wconf 72' lang='lat' dir='ltr'><strong>Judzea</strong></span> <span class='ocrx_word' id='word_1_674' title='bbox 3286 3805 3478 3875; x_wconf 83' lang='lat' dir='ltr'><strong>fugati,</strong></span> <span class='ocrx_word' id='word_1_675' title='bbox 3506 3804 3570 3858; x_wconf 89' lang='lat' dir='ltr'><strong>ad</strong></span> <span class='ocrx_word' id='word_1_676' title='bbox 3589 3816 3728 3872; x_wconf 66' lang='lat' dir='ltr'><strong>prae-</strong></span> 
     </span>
    </p>
   </div>
   <div class='ocr_carea' id='block_1_101' title="bbox 2157 3899 3727 3976">
    <p class='ocr_par' dir='ltr' id='par_1_101' title="bbox 2157 3899 3727 3976">
     <span class='ocr_line' id='line_1_101' title="bbox 2157 3899 3727 3976; baseline -0.011 -12"><span class='ocrx_word' id='word_1_677' title='bbox 2157 3909 2441 3964; x_wconf 86' lang='lat' dir='ltr'><strong>dicandam</strong></span> <span class='ocrx_word' id='word_1_678' title='bbox 2474 3905 2750 3976; x_wconf 81' lang='lat' dir='ltr'><strong>Evangelii</strong></span> <span class='ocrx_word' id='word_1_679' title='bbox 2773 3903 3076 3958; x_wconf 86' lang='lat' dir='ltr'><strong>doctrinam</strong></span> <span class='ocrx_word' id='word_1_680' title='bbox 3099 3914 3290 3956; x_wconf 89' lang='lat' dir='ltr'><strong>omnes</strong></span> <span class='ocrx_word' id='word_1_681' title='bbox 3311 3899 3514 3966; x_wconf 90' lang='lat' dir='ltr'><strong>ubique</strong></span> <span class='ocrx_word' id='word_1_682' title='bbox 3550 3907 3727 3949; x_wconf 86' lang='lat' dir='ltr'><strong>terra-</strong></span> 
     </span>
    </p>
   </div>
   <div class='ocr_carea' id='block_1_102' title="bbox 2159 3985 3728 4072">
    <p class='ocr_par' dir='ltr' id='par_1_102' title="bbox 2159 3985 3728 4072">
     <span class='ocr_line' id='line_1_102' title="bbox 2159 3985 3728 4072; baseline -0.01 -16"><span class='ocrx_word' id='word_1_683' title='bbox 2159 4019 2274 4056; x_wconf 90' lang='lat' dir='ltr'><strong>rum</strong></span> <span class='ocrx_word' id='word_1_684' title='bbox 2303 4011 2491 4072; x_wconf 81' lang='lat' dir='ltr'><strong>gentes</strong></span> <span class='ocrx_word' id='word_1_685' title='bbox 2511 4001 2662 4055; x_wconf 87' lang='lat' dir='ltr'><strong>adire</strong></span> <span class='ocrx_word' id='word_1_686' title='bbox 2685 3997 3000 4066; x_wconf 81' lang='lat' dir='ltr'><strong>coepissent,</strong></span> <span class='ocrx_word' id='word_1_687' title='bbox 3024 3995 3144 4048; x_wconf 80' lang='lat' dir='ltr'><strong>freti</strong></span> <span class='ocrx_word' id='word_1_688' title='bbox 3166 3985 3401 4063; x_wconf 84' lang='lat' dir='ltr'><strong>potentia</strong></span> <span class='ocrx_word' id='word_1_689' title='bbox 3419 3989 3620 4046; x_wconf 86' lang='lat' dir='ltr'><strong>Christi</strong></span> <span class='ocrx_word' id='word_1_690' title='bbox 3637 3985 3728 4056; x_wconf 88' lang='lat' dir='ltr'><strong>qui</strong></span> 
     </span>
    </p>
   </div>
   <div class='ocr_carea' id='block_1_103' title="bbox 2157 4085 3723 4166">
    <p class='ocr_par' dir='ltr' id='par_1_103' title="bbox 2157 4085 3723 4166">
     <span class='ocr_line' id='line_1_103' title="bbox 2157 4085 3723 4166; baseline -0.011 -17"><span class='ocrx_word' id='word_1_691' title='bbox 2157 4095 2264 4166; x_wconf 84' lang='lat'><strong>75</strong></span> <span class='ocrx_word' id='word_1_692' title='bbox 2320 4095 2448 4148; x_wconf 91' lang='lat' dir='ltr'><strong>olim</strong></span> <span class='ocrx_word' id='word_1_693' title='bbox 2513 4093 2644 4160; x_wconf 91' lang='lat' dir='ltr'><strong>ipsis</strong></span> <span class='ocrx_word' id='word_1_694' title='bbox 2697 4090 2952 4143; x_wconf 76' lang='lat' dir='ltr'><strong>dixerat:</strong></span> <span class='ocrx_word' id='word_1_695' title='bbox 2989 4087 3240 4142; x_wconf 69' lang='lat' dir='ltr'><strong>«Euutes</strong></span> <span class='ocrx_word' id='word_1_696' title='bbox 3293 4085 3480 4139; x_wconf 88' lang='lat' dir='ltr'><strong>docete</strong></span> <span class='ocrx_word' id='word_1_697' title='bbox 3528 4093 3723 4135; x_wconf 90' lang='lat' dir='ltr'><strong>omnes</strong></span> 
     </span>
    </p>
   </div>
   <div class='ocr_carea' id='block_1_104' title="bbox 2157 4170 3731 4256">
    <p class='ocr_par' dir='ltr' id='par_1_104' title="bbox 2157 4170 3731 4256">
     <span class='ocr_line' id='line_1_104' title="bbox 2157 4170 3731 4256; baseline -0.011 -17"><span class='ocrx_word' id='word_1_698' title='bbox 2157 4197 2346 4256; x_wconf 70' lang='lat' dir='ltr'><strong>gentes</strong></span> <span class='ocrx_word' id='word_1_699' title='bbox 2371 4184 2422 4238; x_wconf 92' lang='lat' dir='ltr'><strong>in</strong></span> <span class='ocrx_word' id='word_1_700' title='bbox 2453 4183 2674 4237; x_wconf 90' lang='lat' dir='ltr'><strong>nomine</strong></span> <span class='ocrx_word' id='word_1_701' title='bbox 2701 4197 2844 4247; x_wconf 89' lang='lat' dir='ltr'><strong>meo;</strong></span> <span class='ocrx_word' id='word_1_702' title='bbox 2871 4199 2889 4232; x_wconf 72' lang='grc' dir='ltr'><strong>ι</strong></span> <span class='ocrx_word' id='word_1_703' title='bbox 2918 4179 3033 4234; x_wconf 89' lang='lat' dir='ltr'><strong>&#39;sed</strong></span> <span class='ocrx_word' id='word_1_704' title='bbox 3067 4188 3121 4234; x_wconf 90' lang='lat' dir='ltr'><strong>et</strong></span> <span class='ocrx_word' id='word_1_705' title='bbox 3145 4192 3266 4232; x_wconf 92' lang='lat' dir='ltr'><strong>cum</strong></span> <span class='ocrx_word' id='word_1_706' title='bbox 3296 4175 3549 4230; x_wconf 88' lang='lat' dir='ltr'><strong>universa</strong></span> <span class='ocrx_word' id='word_1_707' title='bbox 3579 4170 3731 4240; x_wconf 81' lang='lat' dir='ltr'><strong>plebs</strong></span> 
     </span>
    </p>
   </div>
   <div class='ocr_carea' id='block_1_105' title="bbox 2161 4261 3733 4341">
    <p class='ocr_par' dir='ltr' id='par_1_105' title="bbox 2161 4261 3733 4341">
     <span class='ocr_line' id='line_1_105' title="bbox 2161 4261 3733 4341; baseline -0.01 -11"><span class='ocrx_word' id='word_1_708' title='bbox 2161 4276 2392 4332; x_wconf 80' lang='lat' dir='ltr'><strong>fidelium</strong></span> <span class='ocrx_word' id='word_1_709' title='bbox 2461 4273 2716 4329; x_wconf 63' lang='lat' dir='ltr'><strong>Ecclesiae</strong></span> <span class='ocrx_word' id='word_1_710' title='bbox 2785 4270 3321 4341; x_wconf 84' lang='lat' dir='ltr'><strong>llierosolymitauae,</strong></span> <span class='ocrx_word' id='word_1_711' title='bbox 3382 4280 3452 4319; x_wconf 82' lang='lat' dir='ltr'><strong>ex</strong></span> <span class='ocrx_word' id='word_1_712' title='bbox 3506 4261 3733 4319; x_wconf 89' lang='lat' dir='ltr'><strong>oraculo</strong></span> 
     </span>
    </p>
   </div>
   <div class='ocr_carea' id='block_1_106' title="bbox 2158 4353 3729 4439">
    <p class='ocr_par' dir='ltr' id='par_1_106' title="bbox 2158 4353 3729 4439">
     <span class='ocr_line' id='line_1_106' title="bbox 2158 4353 3729 4439; baseline -0.012 -15"><span class='ocrx_word' id='word_1_713' title='bbox 2158 4370 2302 4439; x_wconf 89' lang='lat' dir='ltr'><strong>quod</strong></span> <span class='ocrx_word' id='word_1_714' title='bbox 2356 4369 2489 4422; x_wconf 74' lang='lat' dir='ltr'><strong>viris</strong></span> <span class='ocrx_word' id='word_1_715' title='bbox 2537 4366 2865 4437; x_wconf 89' lang='lat' dir='ltr'><strong>quibusdam</strong></span> <span class='ocrx_word' id='word_1_716' title='bbox 2895 4361 3254 4418; x_wconf 85' lang='lat' dir='ltr'><strong>sanctissimis</strong></span> <span class='ocrx_word' id='word_1_717' title='bbox 3303 4356 3562 4412; x_wconf 88' lang='lat' dir='ltr'><strong>divinitus</strong></span> <span class='ocrx_word' id='word_1_718' title='bbox 3611 4353 3729 4407; x_wconf 87' lang='lat' dir='ltr'><strong>edi-</strong></span> 
     </span>
    </p>
   </div>
   <div class='ocr_carea' id='block_1_107' title="bbox 2091 4447 3730 4546">
    <p class='ocr_par' dir='ltr' id='par_1_107' title="bbox 2091 4447 3730 4546">
     <span class='ocr_line' id='line_1_107' title="bbox 2091 4447 3730 4546; baseline -0.012 -30"><span class='ocrx_word' id='word_1_719' title='bbox 2091 4491 2133 4546; x_wconf 74' lang='grc' dir='ltr'><strong>ι)</strong></span> <span class='ocrx_word' id='word_1_720' title='bbox 2163 4472 2274 4516; x_wconf 92' lang='lat' dir='ltr'><strong>tum</strong></span> <span class='ocrx_word' id='word_1_721' title='bbox 2300 4459 2501 4526; x_wconf 87' lang='lat' dir='ltr'><strong>fuerat,</strong></span> <span class='ocrx_word' id='word_1_722' title='bbox 2552 4467 2678 4514; x_wconf 88' lang='lat' dir='ltr'><strong>ante</strong></span> <span class='ocrx_word' id='word_1_723' title='bbox 2704 4458 2918 4512; x_wconf 90' lang='lat' dir='ltr'><strong>initiunt</strong></span> <span class='ocrx_word' id='word_1_724' title='bbox 2970 4453 3092 4508; x_wconf 89' lang='lat' dir='ltr'><strong>belli</strong></span> <span class='ocrx_word' id='word_1_725' title='bbox 3121 4466 3186 4507; x_wconf 82' lang='lat' dir='ltr'><strong>ex</strong></span> <span class='ocrx_word' id='word_1_726' title='bbox 3218 4450 3437 4505; x_wconf 86' lang='lat' dir='ltr'><strong>civitate</strong></span> <span class='ocrx_word' id='word_1_727' title='bbox 3475 4447 3730 4514; x_wconf 75' lang='lat' dir='ltr'><strong>migrare,</strong></span> 
     </span>
    </p>
   </div>
   <div class='ocr_carea' id='block_1_108' title="bbox 2162 4536 3732 4622">
    <p class='ocr_par' dir='ltr' id='par_1_108' title="bbox 2162 4536 3732 4622">
     <span class='ocr_line' id='line_1_108' title="bbox 2162 4536 3732 4622; baseline -0.012 -15"><span class='ocrx_word' id='word_1_728' title='bbox 2162 4564 2217 4608; x_wconf 89' lang='lat' dir='ltr'><strong>et</strong></span> <span class='ocrx_word' id='word_1_729' title='bbox 2288 4552 2546 4622; x_wconf 91' lang='lat' dir='ltr'><strong>oppidum</strong></span> <span class='ocrx_word' id='word_1_730' title='bbox 2611 4549 2882 4620; x_wconf 88' lang='lat' dir='ltr'><strong>quoddam</strong></span> <span class='ocrx_word' id='word_1_731' title='bbox 2948 4555 3098 4599; x_wconf 90' lang='lat' dir='ltr'><strong>trans</strong></span> <span class='ocrx_word' id='word_1_732' title='bbox 3157 4541 3469 4604; x_wconf 79' lang='lat' dir='ltr'><strong>Jordanem,</strong></span> <span class='ocrx_word' id='word_1_733' title='bbox 3530 4536 3732 4592; x_wconf 89' lang='lat' dir='ltr'><strong>Pellam</strong></span> 
     </span>
    </p>
   </div>
   <div class='ocr_carea' id='block_1_109' title="bbox 2165 4628 3734 4710">
    <p class='ocr_par' dir='ltr' id='par_1_109' title="bbox 2165 4628 3734 4710">
     <span class='ocr_line' id='line_1_109' title="bbox 2165 4628 3734 4710; baseline -0.01 -12"><span class='ocrx_word' id='word_1_734' title='bbox 2165 4645 2400 4709; x_wconf 87' lang='lat' dir='ltr'><strong>nomine,</strong></span> <span class='ocrx_word' id='word_1_735' title='bbox 2436 4641 2843 4710; x_wconf 89' lang='lat' dir='ltr'><strong>iucolerejussa</strong></span> <span class='ocrx_word' id='word_1_736' title='bbox 2885 4637 3110 4700; x_wconf 84' lang='lat' dir='ltr'><strong>fuisset;</strong></span> <span class='ocrx_word' id='word_1_737' title='bbox 3157 4635 3382 4705; x_wconf 85' lang='lat' dir='ltr'><strong>jamque</strong></span> <span class='ocrx_word' id='word_1_738' title='bbox 3425 4644 3612 4687; x_wconf 89' lang='lat' dir='ltr'><strong>omnes</strong></span> <span class='ocrx_word' id='word_1_739' title='bbox 3641 4628 3734 4697; x_wconf 89' lang='lat' dir='ltr'><strong>qui</strong></span> 
     </span>
    </p>
   </div>
   <div class='ocr_carea' id='block_1_110' title="bbox 2165 4720 3733 4793">
    <p class='ocr_par' dir='ltr' id='par_1_110' title="bbox 2165 4720 3733 4793">
     <span class='ocr_line' id='line_1_110' title="bbox 2165 4720 3733 4793; baseline -0.011 -4"><span class='ocrx_word' id='word_1_740' title='bbox 2165 4737 2218 4789; x_wconf 92' lang='lat' dir='ltr'><strong>in</strong></span> <span class='ocrx_word' id='word_1_741' title='bbox 2279 4735 2554 4789; x_wconf 84' lang='lat' dir='ltr'><strong>Christum</strong></span> <span class='ocrx_word' id='word_1_742' title='bbox 2622 4732 2994 4790; x_wconf 75' lang='lat' dir='ltr'><strong>crediderant,</strong></span> <span class='ocrx_word' id='word_1_743' title='bbox 3065 4726 3266 4780; x_wconf 88' lang='lat' dir='ltr'><strong>relictis</strong></span> <span class='ocrx_word' id='word_1_744' title='bbox 3322 4720 3733 4793; x_wconf 78' lang='lat' dir='ltr'><strong>Hierosolymis,</strong></span> 
     </span>
    </p>
   </div>
   <div class='ocr_carea' id='block_1_111' title="bbox 2164 4814 3731 4887">
    <p class='ocr_par' dir='ltr' id='par_1_111' title="bbox 2164 4814 3731 4887">
     <span class='ocr_line' id='line_1_111' title="bbox 2164 4814 3731 4887; baseline -0.01 -5"><span class='ocrx_word' id='word_1_745' title='bbox 2164 4827 2321 4882; x_wconf 84' lang='lat' dir='ltr'><strong>sedes</strong></span> <span class='ocrx_word' id='word_1_746' title='bbox 2350 4842 2478 4884; x_wconf 87' lang='lat' dir='ltr'><strong>suas</strong></span> <span class='ocrx_word' id='word_1_747' title='bbox 2510 4825 2709 4881; x_wconf 89' lang='lat' dir='ltr'><strong>Pellam</strong></span> <span class='ocrx_word' id='word_1_748' title='bbox 2741 4821 3176 4878; x_wconf 87' lang='lat' dir='ltr'><strong>transtulissent:</strong></span> <span class='ocrx_word' id='word_1_749' title='bbox 3209 4816 3280 4873; x_wconf 88' lang='lat' dir='ltr'><strong>ita</strong></span> <span class='ocrx_word' id='word_1_750' title='bbox 3319 4827 3374 4873; x_wconf 89' lang='lat' dir='ltr'><strong>et</strong></span> <span class='ocrx_word' id='word_1_751' title='bbox 3399 4816 3545 4887; x_wconf 84' lang='lat' dir='ltr'><strong>regia</strong></span> <span class='ocrx_word' id='word_1_752' title='bbox 3575 4814 3731 4878; x_wconf 87' lang='lat' dir='ltr'><strong>urbe,</strong></span> 
     </span>
    </p>
   </div>
   <div class='ocr_carea' id='block_1_112' title="bbox 2168 4993 3736 5080">
    <p class='ocr_par' dir='ltr' id='par_1_112' title="bbox 2168 4993 3736 5080">
     <span class='ocr_line' id='line_1_112' title="bbox 2168 4993 3736 5080; baseline -0.013 -11"><span class='ocrx_word' id='word_1_753' title='bbox 2168 5015 2222 5069; x_wconf 89' lang='lat' dir='ltr'><strong>in</strong></span> <span class='ocrx_word' id='word_1_754' title='bbox 2256 5011 2452 5080; x_wconf 86' lang='lat' dir='ltr'><strong>quibus</strong></span> <span class='ocrx_word' id='word_1_755' title='bbox 2484 5007 2686 5080; x_wconf 84' lang='lat' dir='ltr'><strong>diserte</strong></span> <span class='ocrx_word' id='word_1_756' title='bbox 2713 5004 2973 5080; x_wconf 76' lang='lat' dir='ltr'><strong>scribitur</strong></span> <span class='ocrx_word' id='word_1_757' title='bbox 2995 5000 3210 5080; x_wconf 72' lang='grc' dir='ltr'>πρώτον</span> <span class='ocrx_word' id='word_1_758' title='bbox 3231 4996 3540 5080; x_wconf 70' lang='grc' dir='ltr'>πιστεῦσαι.</span> <span class='ocrx_word' id='word_1_759' title='bbox 3564 4993 3736 5048; x_wconf 90' lang='lat' dir='ltr'><strong>Porro</strong></span> 
     </span>
    </p>
   </div>
   <div class='ocr_carea' id='block_1_113' title="bbox 2167 5070 3731 5138">
    <p class='ocr_par' dir='ltr' id='par_1_113' title="bbox 2167 5070 3731 5138">
     <span class='ocr_line' id='line_1_113' title="bbox 2167 5070 3731 5138; baseline -0.014 0"><span class='ocrx_word' id='word_1_760' title='bbox 2167 5070 2312 5138; x_wconf 71' lang='lat' dir='ltr'><strong>hunc</strong></span> <span class='ocrx_word' id='word_1_761' title='bbox 2345 5079 2563 5134; x_wconf 85' lang='lat' dir='ltr'><strong>Eusebii</strong></span> <span class='ocrx_word' id='word_1_762' title='bbox 2588 5077 2762 5130; x_wconf 91' lang='lat' dir='ltr'><strong>locum</strong></span> <span class='ocrx_word' id='word_1_763' title='bbox 2795 5075 2847 5128; x_wconf 90' lang='lat' dir='ltr'><strong>iu</strong></span> <span class='ocrx_word' id='word_1_764' title='bbox 2874 5070 3052 5127; x_wconf 81' lang='lat' dir='ltr'><strong>metite</strong></span> <span class='ocrx_word' id='word_1_765' title='bbox 3083 5073 3271 5125; x_wconf 83' lang='lat' dir='ltr'><strong>habuit</strong></span> <span class='ocrx_word' id='word_1_766' title='bbox 3294 5070 3731 5138; x_wconf 28' lang='lat' dir='ltr'><strong>Maximus,‘cuttt</strong></span> 
     </span>
    </p>
   </div>
   <div class='ocr_carea' id='block_1_114' title="bbox 2165 5134 3735 5219">
    <p class='ocr_par' dir='ltr' id='par_1_114' title="bbox 2165 5134 3735 5219">
     <span class='ocr_line' id='line_1_114' title="bbox 2165 5134 3735 5219; baseline -0.015 -11"><span class='ocrx_word' id='word_1_767' title='bbox 2165 5134 2328 5207; x_wconf 13' lang='lat' dir='ltr'><strong>aitii&#39;u</strong></span> <span class='ocrx_word' id='word_1_768' title='bbox 2351 5150 2574 5219; x_wconf 72' lang='lat' dir='ltr'><strong>prologo</strong></span> <span class='ocrx_word' id='word_1_769' title='bbox 2597 5145 3106 5219; x_wconf 62' lang='lat' dir='ltr'><strong>Commentariorum</strong></span> <span class='ocrx_word' id='word_1_770' title='bbox 3131 5143 3184 5194; x_wconf 82' lang='lat' dir='ltr'><strong>in</strong></span> <span class='ocrx_word' id='word_1_771' title='bbox 3220 5139 3529 5219; x_wconf 61' lang='lat' dir='ltr'><strong>Dionysium</strong></span> <span class='ocrx_word' id='word_1_772' title='bbox 3568 5134 3735 5219; x_wconf 38' lang='lat' dir='ltr'><strong>{Ar‘eo-</strong></span> 
     </span>
    </p>
   </div>
   <div class='ocr_carea' id='block_1_115' title="bbox 2164 5204 3737 5292">
    <p class='ocr_par' dir='ltr' id='par_1_115' title="bbox 2164 5204 3737 5292">
     <span class='ocr_line' id='line_1_115' title="bbox 2164 5204 3737 5292; baseline -0.014 -15"><span class='ocrx_word' id='word_1_773' title='bbox 2164 5204 2392 5292; x_wconf 39' lang='lat' dir='ltr'><strong>pagi—(nni</strong></span> <span class='ocrx_word' id='word_1_774' title='bbox 2421 5234 2439 5272; x_wconf 91' lang='lat'><strong><em>:</em></strong></span> <span class='ocrx_word' id='word_1_775' title='bbox 2464 5204 2897 5292; x_wconf 37' lang='lat' dir='ltr'><strong>lli-vnttovstie‘t‘oé</strong></span> <span class='ocrx_word' id='word_1_776' title='bbox 2924 5211 3017 5292; x_wconf 79' lang='grc' dir='ltr'><strong>τοῦ</strong></span> <span class='ocrx_word' id='word_1_777' title='bbox 3061 5204 3472 5292; x_wconf 55' lang='grc' dir='ltr'>Ἀρειοπαγίίου</span> <span class='ocrx_word' id='word_1_778' title='bbox 3501 5206 3595 5292; x_wconf 66' lang='grc' dir='ltr'>καὶ</span> <span class='ocrx_word' id='word_1_779' title='bbox 3624 5204 3737 5256; x_wconf 86' lang='grc' dir='ltr'>Διο-</span> 
     </span>
    </p>
   </div>
   <div class='ocr_carea' id='block_1_116' title="bbox 2165 5275 3735 5361">
    <p class='ocr_par' dir='ltr' id='par_1_116' title="bbox 2165 5275 3735 5361">
     <span class='ocr_line' id='line_1_116' title="bbox 2165 5275 3735 5361; baseline -0.013 -15"><span class='ocrx_word' id='word_1_780' title='bbox 2165 5275 2345 5354; x_wconf 63' lang='grc' dir='ltr'>νύσιος</span> <span class='ocrx_word' id='word_1_781' title='bbox 2361 5275 2584 5361; x_wconf 71' lang='grc' dir='ltr'>ἀρχαῖος</span> <span class='ocrx_word' id='word_1_782' title='bbox 2594 5275 2908 5361; x_wconf 57' lang='grc' dir='ltr'>’ᾕορινθίων</span> <span class='ocrx_word' id='word_1_783' title='bbox 2925 5275 3243 5361; x_wconf 46' lang='grc' dir='ltr'><strong>ίιπίσπιεορτοςἲ</strong></span> <span class='ocrx_word' id='word_1_784' title='bbox 3255 5275 3366 5361; x_wconf 44' lang='grc' dir='ltr'>καὶ.</span> <span class='ocrx_word' id='word_1_785' title='bbox 3378 5275 3735 5361; x_wconf 67' lang='grc' dir='ltr'>Πολύκαρπος</span> 
     </span>
    </p>
   </div>
   <div class='ocr_carea' id='block_1_117' title="bbox 2165 5349 3734 5434">
    <p class='ocr_par' dir='ltr' id='par_1_117' title="bbox 2165 5349 3734 5434">
     <span class='ocr_line' id='line_1_117' title="bbox 2165 5349 3734 5434; baseline -0.011 -18"><span class='ocrx_word' id='word_1_786' title='bbox 2165 5365 2223 5416; x_wconf 83' lang='grc' dir='ltr'>ὲν</span> <span class='ocrx_word' id='word_1_787' title='bbox 2256 5349 2341 5434; x_wconf 57' lang='grc' dir='ltr'><strong>τῇ’</strong></span> <span class='ocrx_word' id='word_1_788' title='bbox 2363 5349 2499 5434; x_wconf 65' lang='grc' dir='ltr'>π’ρῖς</span> <span class='ocrx_word' id='word_1_789' title='bbox 2538 5349 2852 5434; x_wconf 30' lang='lat' dir='ltr'><strong>derivation;</strong></span> <span class='ocrx_word' id='word_1_790' title='bbox 2884 5353 3163 5423; x_wconf 76' lang='grc' dir='ltr'>ἐπιστολῇ.</span> <span class='ocrx_word' id='word_1_791' title='bbox 3205 5351 3304 5406; x_wconf 88' lang='lat' dir='ltr'><strong>Ubi</strong></span> <span class='ocrx_word' id='word_1_792' title='bbox 3337 5349 3564 5402; x_wconf 80' lang='lat' dir='ltr'><strong>delenda</strong></span> <span class='ocrx_word' id='word_1_793' title='bbox 3602 5355 3734 5414; x_wconf 87' lang='lat' dir='ltr'><strong>puto</strong></span> 
     </span>
    </p>
   </div>
   <div class='ocr_carea' id='block_1_118' title="bbox 2166 5425 3009 5495">
    <p class='ocr_par' dir='ltr' id='par_1_118' title="bbox 2166 5425 3009 5495">
     <span class='ocr_line' id='line_1_118' title="bbox 2166 5425 3009 5495; baseline -0.012 -7"><span class='ocrx_word' id='word_1_794' title='bbox 2166 5425 2476 5488; x_wconf 41' lang='lat' dir='ltr'><strong>haec-verba</strong></span> <span class='ocrx_word' id='word_1_795' title='bbox 2507 5429 2602 5482; x_wconf 73' lang='grc' dir='ltr'>καὶ</span> <span class='ocrx_word' id='word_1_796' title='bbox 2632 5425 3009 5495; x_wconf 84' lang='grc' dir='ltr'>Πολύκαρπος.</span> 
     </span>
    </p>
   </div>
   <div class='ocr_carea' id='block_1_119' title="bbox 2234 5482 3738 5573">
    <p class='ocr_par' dir='ltr' id='par_1_119' title="bbox 2234 5482 3738 5573">
     <span class='ocr_line' id='line_1_119' title="bbox 2234 5482 3738 5573; baseline -0.013 -16"><span class='ocrx_word' id='word_1_797' title='bbox 2234 5482 2648 5573; x_wconf 35' lang='lat' dir='ltr'><strong>ﬂuvidique</strong></span> <span class='ocrx_word' id='word_1_798' title='bbox 2686 5482 3341 5573; x_wconf 51' lang='grc' dir='ltr'><strong>αὑτὴὶουόίθομὰζουσιν.</strong></span> <span class='ocrx_word' id='word_1_799' title='bbox 3375 5485 3524 5573; x_wconf 66' lang='lat' dir='ltr'><strong>idem</strong></span> <span class='ocrx_word' id='word_1_800' title='bbox 3572 5482 3738 5573; x_wconf 55' lang='lat' dir='ltr'><strong>tradit</strong></span> 
     </span>
    </p>
   </div>
   <div class='ocr_carea' id='block_1_120' title="bbox 2165 5552 3739 5643">
    <p class='ocr_par' dir='ltr' id='par_1_120' title="bbox 2165 5552 3739 5643">
     <span class='ocr_line' id='line_1_120' title="bbox 2165 5552 3739 5643; baseline -0.013 -17"><span class='ocrx_word' id='word_1_801' title='bbox 2165 5552 2584 5643; x_wconf 54' lang='lat' dir='ltr'><strong>Ep‘iph’auitisiu</strong></span> <span class='ocrx_word' id='word_1_802' title='bbox 2637 5552 2836 5643; x_wconf 47' lang='lat' dir='ltr'><strong>Itajresi‘</strong></span> <span class='ocrx_word' id='word_1_803' title='bbox 2883 5552 3290 5643; x_wconf 49' lang='lat' dir='ltr'><strong>Dianai-tuorum,</strong></span> <span class='ocrx_word' id='word_1_804' title='bbox 3334 5552 3739 5643; x_wconf 38' lang='lat' dir='ltr'><strong>clap..&#39;l,ICl.tri-</strong></span> 
     </span>
    </p>
   </div>
   <div class='ocr_carea' id='block_1_121' title="bbox 2163 5623 3738 5706">
    <p class='ocr_par' dir='ltr' id='par_1_121' title="bbox 2163 5623 3738 5706">
     <span class='ocr_line' id='line_1_121' title="bbox 2163 5623 3738 5706; baseline -0.015 -9"><span class='ocrx_word' id='word_1_805' title='bbox 2163 5623 2370 5697; x_wconf 45' lang='lat' dir='ltr'><strong>{ditias</strong></span> <span class='ocrx_word' id='word_1_806' title='bbox 2384 5623 2604 5694; x_wconf 79' lang='lat' dir='ltr'><strong>scilicet</strong></span> <span class='ocrx_word' id='word_1_807' title='bbox 2631 5639 2720 5706; x_wconf 91' lang='lat' dir='ltr'><strong>qui</strong></span> <span class='ocrx_word' id='word_1_808' title='bbox 2754 5632 3141 5706; x_wconf 76' lang='lat' dir='ltr'><strong>Hierosolymis</strong></span> <span class='ocrx_word' id='word_1_809' title='bbox 3171 5627 3508 5706; x_wconf 50' lang='lat' dir='ltr'><strong>habitabant,</strong></span> <span class='ocrx_word' id='word_1_810' title='bbox 3527 5626 3608 5706; x_wconf 40' lang='grc' dir='ltr'>’με</span> <span class='ocrx_word' id='word_1_811' title='bbox 3633 5623 3738 5676; x_wconf 85' lang='lat' dir='ltr'><strong>im-</strong></span> 
     </span>
    </p>
   </div>
   <div class='ocr_carea' id='block_1_122' title="bbox 2161 5693 3737 5770">
    <p class='ocr_par' dir='ltr' id='par_1_122' title="bbox 2161 5693 3737 5770">
     <span class='ocr_line' id='line_1_122' title="bbox 2161 5693 3737 5770; baseline -0.013 -3"><span class='ocrx_word' id='word_1_812' title='bbox 2161 5693 2402 5768; x_wconf 67' lang='lat' dir='ltr'><strong>minente</strong></span> <span class='ocrx_word' id='word_1_813' title='bbox 2429 5693 2706 5765; x_wconf 70' lang='lat' dir='ltr'><strong>obsidione</strong></span> <span class='ocrx_word' id='word_1_814' title='bbox 2734 5722 2763 5760; x_wconf 87' lang='lat' dir='ltr'><strong>a</strong></span> <span class='ocrx_word' id='word_1_815' title='bbox 2801 5693 3022 5760; x_wconf 73' lang='lat' dir='ltr'><strong>Christo</strong></span> <span class='ocrx_word' id='word_1_816' title='bbox 3045 5699 3416 5770; x_wconf 75' lang='lat' dir='ltr'><strong>praemonitos,</strong></span> <span class='ocrx_word' id='word_1_817' title='bbox 3447 5693 3647 5749; x_wconf 86' lang='lat' dir='ltr'><strong>Pellam</strong></span> <span class='ocrx_word' id='word_1_818' title='bbox 3675 5705 3737 5746; x_wconf 80' lang='lat' dir='ltr'><strong>se</strong></span> 
     </span>
    </p>
   </div>
   <div class='ocr_carea' id='block_1_123' title="bbox 2159 5767 3736 5843">
    <p class='ocr_par' dir='ltr' id='par_1_123' title="bbox 2159 5767 3736 5843">
     <span class='ocr_line' id='line_1_123' title="bbox 2159 5767 3736 5843; baseline -0.018 -1"><span class='ocrx_word' id='word_1_819' title='bbox 2159 5767 2473 5842; x_wconf 73' lang='lat' dir='ltr'><strong>centulisse.</strong></span> <span class='ocrx_word' id='word_1_820' title='bbox 2497 5781 2554 5835; x_wconf 91' lang='lat' dir='ltr'><strong>ln</strong></span> <span class='ocrx_word' id='word_1_821' title='bbox 2588 5778 2725 5834; x_wconf 89' lang='lat' dir='ltr'><strong>libro</strong></span> <span class='ocrx_word' id='word_1_822' title='bbox 2755 5785 2934 5833; x_wconf 85' lang='lat' dir='ltr'><strong>autem</strong></span> <span class='ocrx_word' id='word_1_823' title='bbox 2975 5767 3060 5828; x_wconf 44' lang='lat' dir='ltr'><strong>De‘</strong></span> <span class='ocrx_word' id='word_1_824' title='bbox 3089 5767 3406 5843; x_wconf 80' lang='lat' dir='ltr'><strong>ponderibus</strong></span> <span class='ocrx_word' id='word_1_825' title='bbox 3439 5775 3486 5822; x_wconf 78' lang='lat' dir='ltr'><strong>et</strong></span> <span class='ocrx_word' id='word_1_826' title='bbox 3525 5777 3736 5820; x_wconf 62' lang='lat' dir='ltr'><strong>mensa.</strong></span> 
     </span>
    </p>
   </div>
  </div>
