4192 6432
460 343 571 401 223

1200 336 1468 397 EUSEBII
1506 334 1990 396 CESARIENSIS
2025 333 2176 392 OPP.
2218 333 2397 392 PARS
2434 332 2477 390 1.
2514 331 2995 392 —HISTORICA.

3618 334 3726 396 su

461 471 586 529 quae
617 455 783 512 totius
809 454 988 526 gentis
1014 460 1302 523 caputest.
1329 460 1387 509 et
1412 451 1664 507 universa
1691 447 1877 505 Judca
1902 449 2038 504 viris

2138 446 2244 501 ἀπὺ
2274 446 2372 518 τῆς
2403 444 2755 519 Ἰερουσαλὴμ
2786 444 3234 518 μετῳκισμένων,
3261 445 3411 501 ὡσάν
3442 451 3722 518 παντελῶς

465 547 678 604 sanctis
709 546 986 609 destituta.
1019 554 1131 600 tum
1170 541 1387 598 demum
1430 541 1614 598 divina
1647 541 1773 596 illos
1809 539 1947 595 ultio
1973 538 2046 594 ob

464 647 546 693 tot
570 637 807 694 admissa
835 644 947 692 tum
974 635 1029 690 in
1052 633 1357 699 Christum,
1395 641 1510 688 tum
1540 633 1595 689 in
1626 632 1744 703 ejus
1770 629 2046 699 apostolos

463 727 671 784 scelera
705 724 989 796 corripuit,
1015 733 1293 795 totamque
1315 722 1462 779 illam
1486 722 1776 794 impiorum
1801 720 2044 778 sobolem

463 816 705 874 funditus
730 816 947 872 delevit.
995 814 1063 870 Et
1104 821 1238 886 quot
1283 814 1504 885 quidem
1544 825 1872 884 quantaeque
1914 823 2044 869 tunc

464 909 805 965 calamitates
845 907 1117 964 universa
1163 906 1312 979 genti
1353 906 1553 976 ubique
1579 906 1910 977 contigerint
1938 922 1955 961 :
1987 915 2045 962 et

435 980 734 1072 'quomodo
799 998 856 1055 hi
909 999 1187 1071 praecipue
1244 998 1340 1067 qui
1403 994 1645 1053 Judzeam
1696 996 2040 1065 incolebant,

461 1091 721 1147 extremis
775 1089 1025 1146 cladibus
1076 1088 1323 1156 oppressi
1373 1089 1520 1154 sint;
1573 1099 1710 1158 quot
1759 1087 2040 1144 hominum

461 1183 631 1239 millia
659 1196 785 1239 cum
812 1179 999 1252 pueris
1026 1178 1193 1237 simul
1224 1193 1292 1234 ac
1325 1178 1541 1234 feminis
1562 1178 1710 1235 ferro
1731 1188 1789 1234 et
1817 1179 1960 1237 fame
1984 1190 2043 1236 et

461 1274 726 1347 cujusque
752 1274 897 1330 modi
941 1274 1137 1330 mortis
1169 1271 1461 1343 generibus
1508 1271 1909 1328 occubuerint:
1947 1289 2042 1327 ur-

461 1369 609 1422 bium
638 1373 907 1438 praeterea
932 1362 1289 1421 Iudaicarum
1337 1369 1475 1433 quot
1515 1360 1814 1432 qualesque
1839 1360 2042 1417 fuerint

461 1458 900 1531 oppugnationes
927 1478 942 1514 :
975 1464 1112 1528 quot
1139 1470 1409 1528 quamque
1447 1454 1783 1511 incredibilia
1807 1454 1948 1509 mala
1983 1454 2037 1509 hi

460 1553 556 1621 qui
587 1550 964 1622 Hierosolyma
996 1558 1253 1619 tanquam
1293 1548 1348 1603 in
1382 1547 1799 1603 munitissimam
1848 1548 2037 1603 urbem

462 1657 523 1698 se
556 1648 906 1712 receperant,
961 1638 1139 1697 oculis
1181 1641 1295 1694 suis
1330 1638 1672 1706 aspexerint;
1735 1637 1859 1707 quis
1912 1637 2035 1693 belli

465 1734 634 1791 totius
671 1732 830 1798 ordo,
855 1731 979 1804 quis
1004 1730 1340 1802 singularum
1372 1744 1551 1785 rerum
1580 1727 1746 1785 fuerit
1772 1737 2033 1794 eventus;

461 1829 698 1899 denique
758 1802 1215 1898 quemadmodum
1281 1824 1617 1880 abominatio
1683 1822 2035 1878 desolationis
2068 1802 2109 1857 Β

460 1934 622 1991 quam
645 1920 919 1991 prophetae
947 1919 1327 1988 praedixerant.
1360 1917 1415 1972 in
1440 1917 1556 1986 ipso
1585 1917 1857 1985 quondam
1890 1915 2035 1979 cele-

460 2012 704 2067 berrimo
763 2010 858 2065 Dei
927 2010 1129 2091 templo
1195 2008 1492 2065 constituta
1562 2006 1656 2071 sit,
1728 2015 1856 2060 tunc
1912 2020 2036 2060 cum

462 2104 797 2159 destructum
848 2100 1091 2157 funditus
1135 2108 1299 2170 atque
1344 2097 1598 2154 incendio
1656 2105 2037 2166 consumptum

462 2202 547 2249 est
588 2210 602 2247 :
638 2194 944 2262 cuicunque
1007 2192 1265 2257 libuerit,
1333 2190 1495 2245 facile
1548 2199 1632 2245 est
1690 2204 1755 2243 ex
1814 2186 2036 2257 Josephi

465 2286 710 2342 Historia
756 2294 1016 2342 accurate
1059 2300 1411 2355 cognoscere.
1463 2282 1705 2351 Qualiter
1735 2296 1865 2337 vero
1898 2280 2038 2336 idem

458 2382 695 2451 scriptor
742 2394 919 2451 usque
961 2378 1032 2435 ad
1078 2379 1267 2435 tricies
1301 2387 1533 2435 centena
1565 2378 1841 2432 hominum
1873 2374 2038 2429 millia

459 2474 551 2545 qui
606 2489 675 2530 ex
730 2474 984 2529 universa
1035 2469 1223 2528 Iudaea
1270 2471 1339 2526 ad
1392 2470 1536 2526 diem
1568 2469 1764 2525 festum
1818 2466 2040 2523 Pascha;

459 2567 860 2635 conﬂuxerant,
922 2564 1317 2636 Hierosolymis
1375 2572 1635 2633 tanquam
1700 2561 1755 2616 in
1815 2574 2040 2616 carcere

458 2661 668 2716 inclusa
699 2659 869 2716 fuisse
899 2664 1313 2721 commemorat,
1338 2668 1517 2726 Opera:
1546 2652 1779 2723 pretium
1803 2660 1890 2706 est
1910 2664 2040 2720 pro-

459 2752 587 2809 latis
614 2751 787 2823 ipsius
809 2749 994 2807 verbis
1025 2751 1337 2805 ostendere.
1397 2745 1609 2817 Quippe
1643 2758 1853 2815 aequum
1897 2753 2037 2807 erat,

462 2854 525 2901 ut
554 2845 758 2916 quibus
786 2844 982 2900 diebus
1009 2841 1299 2913 benignum
1325 2839 1569 2895 omnium
1608 2837 1959 2895 Servatorem
1985 2848 2040 2893 et

457 2937 741 2993 Christum
769 2934 861 2991 Dei
878 2933 1064 2992 Jesum
1096 2944 1272 2989 morte
1299 2931 1618 2997 affecerant,
1643 2930 1832 2986 iisdem
1850 2943 2039 2985 omnes

458 3028 613 3086 velut
643 3029 697 3084 in
726 3042 894 3083 unum
932 3040 1209 3083 carcerem
1236 3025 1477 3082 contrusi
1503 3068 1519 3090 ,
1565 3039 1595 3077 a
1618 3023 1796 3077 divina
1823 3022 2034 3093 jnstitia

458 3121 685 3177 sceleris
720 3121 803 3176 sui
840 3132 1058 3190 pinnam
1103 3117 1436 3187 exciperent.
1492 3116 1684 3181 Porro,
1712 3115 1930 3171 omissis
1968 3115 2036 3169 iis
2062 3154 2103 3212 ο

451 3212 618 3269 malis
668 3225 1008 3283 quacunque
1079 3209 1156 3264 illi
1208 3217 1304 3263 aut
1358 3208 1505 3263 ferro
1554 3215 1650 3262 aut
1697 3206 1805 3262 alio
1839 3205 2034 3277 quovis

458 3318 660 3377 genere
708 3302 1022 3374 singillatim
1078 3300 1321 3371 perpessi
1384 3308 1552 3367 sunt,
1616 3314 1711 3355 eas
1766 3300 2035 3353 duntaxat

458 3392 795 3448 calamitates
820 3390 1327 3449 commemorandas
1364 3401 1526 3460 puto,
1567 3403 1704 3460 quas
1736 3389 1853 3444 dira
1887 3386 2032 3443 fame

458 3483 699 3555 oppressi
749 3481 1090 3553 pertulerunt
1144 3481 1255 3553 76
1282 3498 1298 3536 :
1326 3489 1388 3536 ut
1432 3480 1519 3536 vel
1559 3495 1627 3535 ex
1670 3479 1758 3536 his
1799 3479 2035 3535 lectores

459 3574 632 3631 nostri
694 3576 880 3645 cperis
925 3575 1268 3646 intelligant,
1319 3587 1429 3643 quo
1479 3581 1638 3643 pacto
1696 3571 1918 3626 admissi
1977 3570 2029 3624 in

457 3666 740 3723 Christum
794 3666 890 3723 Dei
946 3666 1149 3737 piaculi
1199 3680 1392 3737 pinnas
1448 3665 1517 3721 ab
1571 3664 1678 3720 illis
1726 3678 1832 3719 non
1878 3663 2035 3733 longe

456 3769 642 3829 postea
678 3759 900 3814 caeleste
930 3756 1140 3814 Numen
1170 3756 1417 3827 expetiit.

2145 537 2563 592 ἐπιλελοιπότων
2594 538 2766 607 ἁγίων
2794 537 3002 609 ἀνδρῶν
3031 538 3202 609 αὐτήν
3231 555 3292 592 τε
3316 539 3418 611 τὴν
3457 540 3726 599 Ἰουδαίων

2146 630 2433 703 βασιλικὴν
2467 628 2802 703 μητρόπολιν
2839 630 2935 683 καὶ
2987 628 3284 701 σύμπασαν
3321 632 3422 704 τὴν
3459 633 3725 691 Ἰουδαίαν

2144 724 2269 796 γῆν,
2302 725 2336 795 ἡ
2369 725 2435 778 ὲκ
2463 722 2599 777 Θεοῦ
2636 722 2762 794 δίκη
2793 722 2978 777 λοιπὺν
3015 723 3216 788 αὐτοὺς
3240 724 3335 779 ἀττ
3378 724 3616 781 τοσαῦτα
3646 729 3727 794 είς

2140 830 2204 867 τι
2246 812 2338 869 τδν
2376 814 2611 887 Χριστὸν
2660 814 2756 868 καί⁵
2797 814 2925 882 τοὺς
2969 814 3301 881 ἀποστόλους
3343 817 3508 872 αὐτοῦ
3544 836 3727 893 παρη-

2142 906 2450 977 νομηκότας
2496 906 2718 979 μετῄει,
2761 906 2874 961 τῶν
2921 906 3137 962 ἀσεϐῶν
3184 907 3354 981 ἄρδην
3393 907 3496 982 τὴν
3533 910 3727 980 γενεὰν

2142 998 2315 1071 αὐτὴν
2356 999 2572 1073 ἱκείνην
2596 1001 2657 1068 ιε
2694 998 3000 1073 ἀνθρώπων
3047 1002 3403 1073 ἀφανίζουσα.
3434 1003 3576 1056 Ὅσα
3624 1002 3726 1074 μὲν

2140 1088 2237 1146 οὖν
2259 1092 2514 1164 τηνικάδε
2544 1093 2687 1147 κατά
2718 1093 2898 1147 πάντα
2923 1094 3086 1148 τόπον
3122 1094 3229 1165 δλῳ
3257 1094 3336 1166 τῷ
3362 1093 3506 1149 ἔθνει
3534 1098 3725 1167 συνερ-

2142 1182 2247 1254 ρύη
2279 1182 2446 1246 κακά,
2473 1184 2621 1247 ὅπως
2658 1201 2717 1238 τε
2747 1181 2816 1239 αὖ
2853 1184 3089 1256 μάλιστα
3119 1186 3171 1239 οί
3214 1186 3314 1257 τῆς
3346 1184 3605 1251 Ἰουδαίας
3643 1188 3723 1241 οί-

2141 1277 2369 1347 κήτορες
2396 1276 2477 1339 είς
2521 1274 2749 1346 ἔσχατον
2798 1276 3208 1350 περιηλάθησαν
3247 1279 3562 1352 συμφορῶν,
3602 1282 3726 1336 ὁπό-

2140 1383 2233 1421 σαι
2264 1383 2325 1420 τε
2366 1367 2626 1439 μυριάδες
2653 1367 2852 1440 ἡϐηδὸν
2876 1367 3122 1436 γυναιξὶν
3150 1370 3267 1442 ἀμα
3296 1371 3390 1425 καὶ
3431 1373 3609 1438 παισὶ,
3643 1372 3726 1440 ξί-

2140 1474 2230 1527 φει
2280 1459 2378 1513 καὶ
2414 1458 2559 1531 λιμῷ
2597 1460 2693 1514 καὶ
2731 1460 2945 1531 μυρίοις
2991 1460 3174 1525 ἀλλοις
3233 1462 3724 1533 περιπεπτώκασιν

2139 1551 2302 1606 είδεσι
2330 1550 2581 1617 θανάτου,
2606 1551 2816 1606 πόλεών
2838 1569 2899 1606 τε
2932 1553 3237 1609 Ἰουδαϊκῶν
3265 1554 3389 1608 δσαι
3409 1571 3467 1608 τε
3494 1557 3589 1610 καὶ
3610 1550 3724 1611 οἷαι

2138 1644 2396 1714 γεγόνασι
2444 1644 2775 1716 πολιορκίαι,
2814 1646 2949 1701 ἀλλά
2983 1648 3079 1702 καὶ
3122 1647 3294 1702 ὁπόσα
3340 1651 3390 1702 oi.
3433 1651 3521 1704 ἐπ’
3551 1649 3723 1723 αὐτὴν

2138 1737 2237 1808 τὴν
2286 1734 2641 1808 Ἰερουσαλὴμ
2680 1736 2828 1791 ὼσὰν
2877 1738 2970 1790 ἐπὶ
3010 1738 3340 1809 μητρόπολιν
3371 1740 3723 1811 ὀχυρωτάτην

2139 1826 2633 1897 καταπεφευγότες,
2660 1828 2716 1880 δε
2725 1828 2810 1881 ινά
2836 1830 2932 1882 καὶ
2949 1829 3089 1902 πέρα
3105 1829 3291 1884 δεινῶν
3310 1831 3608 1902 ἑωράκασι,
3623 1830 3720 1887 τοῦ

2137 1938 2196 1974 τε
2214 1919 2417 1983 παντὸς
2430 1919 2667 1990 πολέμου
2684 1918 2776 1974 τὸν
2788 1921 3011 1990 τρόπον,
3034 1922 3127 1975 καὶ
3156 1921 3265 1976 τῶν
3298 1923 3357 1977 έν
3372 1923 3546 1996 τούτῳ
3562 1941 3722 1994 γεγε-

2137 2011 2386 2085 νημένων
2416 2015 2475 2066 ὲν
2509 2012 2665 2083 μέρει
2685 2012 2921 2077 ἕκαστα,
2951 2013 3045 2066 καὶ
3089 2012 3167 2077 ὡς
3196 2013 3289 2067 ἐπὶ
3303 2015 3448 2068 τέλει
3492 2015 3553 2069 τὸ
3584 2015 3722 2088 πρὸς

2137 2103 2245 2158 τῶν
2286 2102 2583 2174 προφητῶν
2630 2104 3066 2175 ἀνηγορευμένον
3116 2105 3394 2177 βδέλυγμα
3440 2090 3539 2178 τῆς
3585 2110 3720 2180 ἀρη-

2141 2194 2393 2264 μώσεως,
2431 2194 2490 2246 έν
2518 2192 2667 2264 αὐτῷ
2707 2193 2943 2265 κατέστη
2974 2194 3050 2265 τῷ
3086 2194 3250 2249 πάλαι
3277 2195 3373 2249 τοῦ
3399 2196 3535 2251 Θεοῦ
3573 2214 3723 2270 περιο

2138 2284 2314 2357 ϐοήτῳ
2346 2283 2471 2356 νεῷ,
2503 2285 2735 2357 παντελῆ
2768 2285 2974 2358 φθορὰν
3011 2287 3107 2341 καὶ
3148 2288 3456 2359 ἀφανισμὸν
3492 2289 3721 2361 ἔσχατον

2136 2376 2229 2431 τὸν
2255 2376 2345 2431 διά
2378 2376 2551 2450 πυρὸς
2592 2378 2967 2448 ὑπομείναντι,
3000 2379 3264 2451 πάρεστιν
3302 2381 3410 2452 ὅτῳ
3445 2382 3599 2451 φίλον
3630 2382 3719 2438 ἐπ’

2137 2467 2361 2541 ἀκριϐὲς
2394 2470 2459 2522 ὲκ
2491 2469 2590 2539 τῆς
2618 2469 2696 2542 τῷ
2729 2470 2978 2543 Ἰωσήπῳ
3005 2471 3309 2544 γραφείσης
3356 2473 3718 2540 ἀναλέξασθαι

2151 2560 2431 2631 Ἱστορίας.
2473 2560 2561 2624 Ὠς
2591 2559 2648 2614 δὲ
2672 2560 2834 2624 αὐτὸς
2865 2554 3021 2625 οὗτος
3046 2560 3155 2615 τῶν
3181 2562 3582 2634 ἀθροισθέντων
3611 2567 3720 2620 ἀπὸ

2134 2652 2234 2722 τῆς
2286 2651 2543 2716 Ἰουδαίας
2588 2653 2806 2724 ἀπάσης
2848 2653 2907 2706 έν
2951 2654 3191 2725 ἡμέραις
3234 2655 3335 2726 τῆς
3385 2655 3481 2710 τοῦ
3526 2651 3719 2729 Πάσχα

2135 2744 2347 2817 ἑορτῆς,
2383 2744 2573 2816 ῶσπερ
2612 2747 2670 2797 ὲν
2703 2745 2924 2816 εἱρκτῇ,
2955 2746 3195 2817 ῥήμασιν
3225 2747 3430 2813 αὐτοῖς,
3466 2749 3721 2804 ἀποκλει-

2138 2837 2329 2907 σθῆναι
2391 2836 2472 2900 είς
2530 2836 2598 2890 τά
2642 2837 2989 2910 Ἰεροσόλυμα
3043 2838 3187 2909 ἀμφὶ
3234 2841 3556 2913 τριακοσίας
3616 2860 3718 2913 μυ⁶

2138 2928 2326 3000 ριάδας
2352 2927 2414 2981 τδ
2437 2927 2641 2999 πλῆθος
2667 2930 2888 3001 ἱστορεῖ,
2911 2931 3209 3000 ἀναγκαῖον
3236 2933 3714 3008 ὑποσημήνασθαι.

2133 3019 2289 3090 Χρῆν
2326 3018 2455 3087 γοῦν
2503 3019 2649 3090 (48),
2701 3019 2759 3074 ἐν
2796 3018 2884 3086 αἷς
2931 3022 3165 3095 ἡμέραις
3208 3023 3300 3077 τὸν
3338 3025 3557 3082 πάντων
3600 3026 3714 3081 Σω-

2134 3109 2279 3181 τῆρα
2325 3110 2420 3164 καὶ
2462 3110 2756 3182 εὐεργέτην
2786 3111 2877 3166 τὸν
2922 3114 3155 3185 Χριστὸν
3198 3115 3291 3168 τὸν
3332 3116 3429 3171 τοῦ
3468 3115 3606 3172 Θεοῦ
3646 3118 3718 3173 τά
3780 3134 3783 3141 '

2138 3202 2282 3256 κατά
2311 3202 2374 3256 τὸ
2402 3202 2575 3267 πάθος
2607 3203 2991 3271 διατέθεινται,
3036 3209 3158 3272 ταῖς
3188 3209 3376 3275 αὑταῖς
3423 3208 3611 3285 ὥσπερ
3657 3214 3718 3269 ὲν

2138 3292 2327 3365 εἱρκτῇ
2360 3293 2864 3359 κατακλεισθέντας,
2897 3295 2989 3350 τὸν
3030 3297 3351 3369 μετελθόντα
3382 3302 3579 3367 αὐτοὺς
3605 3304 3718 3359 δλεο

2140 3385 2268 3457 θρον
2301 3385 2438 3458 πρὸς
2475 3387 2573 3458 τῆς
2605 3385 2754 3453 θείας
2788 3388 2942 3459 δίκης
2978 3389 3386 3456 καταδέξασθαι.
3425 3393 3719 3467 Παρελθὼν

2138 3478 2203 3550 δὴ
2240 3477 2310 3531 τὰ
2332 3478 2442 3532 τῶν
2481 3478 2539 3532 ὲν
2578 3479 2730 3552 μέρει
2778 3472 3198 3553 συμϐεϐηκότων
3242 3486 3445 3552 αὐτοῖς,
3493 3487 3594 3541 δσα
3629 3487 3718 3544 διά

2140 3569 2330 3640 ξίφους
2360 3570 2453 3624 καὶ
2491 3569 2637 3641 ἀλλῳ
2677 3588 2755 3642 τῳ
2784 3572 2971 3645 τρόπῳ
3012 3575 3134 3628 κατ’
3171 3575 3351 3629 αὐτῶν
3398 3578 3718 3652 ἐγκεχείρη-

2138 3678 2261 3729 ται,
2314 3661 2481 3734 μόνας
2524 3661 2624 3726 τὰς
2660 3661 2749 3717 διὰ
2796 3662 2891 3717 τοῦ
2938 3664 3099 3735 λιμοῦ
3140 3666 3434 3735 ἀναγκαῖον
3477 3668 3715 3742 ἡγοῦμαι

2137 3753 2421 3825 συμφοράς
2456 3752 2822 3823 παραθέσθαι,
2866 3755 2943 3820 ὡς
2986 3756 3053 3810 ἂν
3089 3757 3154 3810 ὲκ
3202 3758 3404 3830 μέρους
3446 3758 3620 3831 ἔχοιεν
3665 3762 3716 3817 οι

456 3853 587 3926 τῇδε
621 3856 688 3925 τῇ
723 3855 908 3926 γραφῇ
950 3853 1365 3925 ἐντυγχάνοντες
1409 3852 1627 3917 εἰδέναι,
1654 3852 1804 3916 ὅπως
1843 3850 2039 3914 αὐτοὺς
2090 3850 2188 3922 τῆς
2240 3852 2321 3915 είς
2367 3849 2459 3904 τὸν
2518 3850 2751 3922 Χριστὸν
2793 3851 2889 3905 τοῦ
2938 3852 3072 3906 Θεοῦ
3113 3857 3458 3929 παρανομίας
3488 3860 3588 3914 οὐκ
3633 3861 3713 3926 είς

463 3947 675 4020 μακρὸν
702 3949 737 4019 ἡ
766 3949 832 4002 ἐκ
856 3946 991 4002 Θεοῦ
1024 3948 1250 4020 μετῆλθε
1282 3949 1541 4020 τιμωρία.

1060 4058 1287 4115 CAPUT
1343 4057 1430 4117 Vl.

746 4152 820 4209 De
861 4154 1001 4225 fume
1047 4170 1165 4226 qua:
1208 4153 1427 4210 Judwos
1470 4153 1746 4222 oppressit.

536 4311 770 4382 Agedum
814 4328 966 4382 ergo,
1023 4326 1237 4382 sumpto
1290 4313 1491 4371 iterum
1532 4312 1723 4384 quinto
1768 4311 2035 4366 Historia-

2663 4053 3053 4107 KEthAAAlON
3094 4057 3182 4122 ς’.

2134 4142 2275 4212 Περὶ
2302 4143 2410 4199 τοῦ
2440 4142 2762 4212 πιέσαντος
2818 4147 3038 4286 adiget”;-
3090 4149 3268 4219 λιμοῦ
3307 4150 3444 4219 (Nic.
3511 4152 3586 4209 II.
3639 4154 3710 4214 Ε.

2768 4234 2851 4282 Ill,
2948 4259 2961 4272 .

2768 4234 2851 4282 Ill,
2882 4234 2961 4282 υ).

2209 4304 2345 4380 Φέρε
2375 4306 2439 4377 δὴ
2479 4304 2571 4361 οὖν
2596 4308 2703 4361 τῶν
2746 4311 3015 4383 Ἱστοριῶν
3042 4313 3140 4380 τὴν
3171 4313 3427 4386 πέμπτην
3473 4315 3566 4370 τοῦ
3602 4318 3714 4371 Ἰω-

460 4420 578 4459 rum
605 4401 827 4474 Iosephi
859 4405 1024 4470 libro,
1052 4405 1354 4461 luctuosam
1388 4404 1466 4461 rei
1507 4413 1672 4476 gestae
1710 4403 2031 4475 tragaadiam

2140 4396 2314 4468 σήπου
2364 4398 2501 4469 μετά
2535 4401 2722 4471 χεῖρας
2749 4399 2902 4467 αὖθις
2929 4404 3234 4471 ἀναλαϐὼν,
3272 4408 3380 4463 τῶν
3422 4410 3545 4465 τότε
3571 4429 3712 4484 πρα-

461 4498 778 4554 recitemus.
813 4514 833 4550 r
874 4495 1172 4553 Ditioribus
1205 4498 1427 4568 quidem
1453 4536 1470 4562 ,
1523 4510 1744 4551 manere
1807 4494 2032 4564 perinde

2138 4487 2372 4559 χθέντων
2410 4489 2583 4545 δίελθε
2607 4494 2706 4563 τὴν
2743 4496 3077 4568 τραγῳδίαν·
3118 4518 3136 4551 r
3166 4499 3291 4565 Τοῖς
3315 4517 3377 4570 γε
3411 4502 3518 4573 μὴν
3554 4504 3716 4561 εὐπό-

458 4590 754 4645 exitiosum
795 4598 936 4644 erat.
970 4587 1104 4644 Nam
1160 4596 1382 4659 propter
1405 4587 1626 4643 divitias
1675 4585 2032 4649 necabantur,

2140 4598 2282 4653 ροις,
2326 4582 2479 4652 φησὶ,
2524 4583 2618 4638 καὶ⁸
2646 4585 2707 4639 τὸ
2755 4587 2936 4658 μένειν
2971 4588 3107 4661 πρὸς
3145 4591 3421 4658 ἀπωλείας
3463 4596 3580 4650 ἴσον
3620 4594 3711 4669 ἦν.

460 4680 616 4751 quasi
668 4679 1008 4752 transfugere
1048 4680 1117 4734 ad
1168 4680 1352 4735 hostes
1396 4677 1711 4734 voluissent.
1762 4677 2033 4731 Caeterum

2141 4673 2417 4745 Προφάσει
2460 4674 2570 4747 γὰρ
2614 4677 2941 4750 αὐτομολίας
2981 4681 3234 4754 ἀνῃρεῖτό
3261 4702 3344 4750 τις
3371 4685 3459 4740 διὰ
3493 4689 3593 4761 τὴν
3620 4693 3714 4746 οὐ-

462 4770 626 4827 simul
653 4786 777 4829 cum
815 4772 1307 4844 inopia'cresceba:
1329 4772 1381 4826 in
1419 4772 1532 4826 dies
1563 4768 1720 4824 furor
1748 4767 2034 4823 seditioso-

2142 4767 2282 4821 σίαν.
2314 4767 2403 4840 Τῷ
2445 4767 2588 4840 λιμῷ
2617 4770 2673 4824 δὲ
2711 4773 2745 4842 ή
2779 4772 3005 4827 ἀπόνοια
3035 4775 3142 4828 τῶν
3199 4779 3539 4834 στασιαστῶν
3589 4798 3714 4837 συν-

2134 4943 2477 5025 q-uadamnex
2530 4957 2613 5025 eu_
2639 4945 2988 5025 depromere,
3029 4958 3087 5001 nt
3125 4957 3260 5025 sunt
3292 4948 3379 5003 illa
3412 4949 3603 5025 ῶσπερ
3651 4953 3711 5007 έν

460 5020 726 5087 migrasse
757 5014 984 5076 scribit}
1012 5031 1201 5091 postea
1225 5014 1355 5073 vero
1371 5036 1494 5074 cum
1522 5016 2035 5091 Hadrianusﬂiero-
2132 5016 2344 5091 είριιειῖῇΣ
2364 5014 2494 5091 Quae
2525 5014 2741 5091 quidem
2767 5016 2994 5084 ipsumet
3028 5019 3189 5091 verba
3216 5019 3443 5091 rJosephi
3480 5014 3602 5077 esse
3627 5038 3709 5078 sa-

459 5084 668 5165 solvma
691 5084 1066 5165 instaurassét,
1105 5101 1162 5145 et
1187 5107 1252 5146 ex
1285 5105 1386 5143 suo
1413 5093 1632 5165 nomipe
1669 5087 1867 5142 Alliam
1889 5087 2035 5165 colo-
2136 5084 2207 5165 tis
2236 5084 2496 5165 indicavit
2544 5084 2806 5165 [inscitius
2847 5100 2970 5165 cu_n_1
3012 5088 3179 5165 dixit:
3211 5084 3496 5165 '0_crr:if.p£v
3517 5093 3708 5165 είρκτῇ

463 5096 668 5161 solyma
691 5096 1066 5157 instaurasset,
1105 5101 1162 5145 et
1187 5107 1252 5146 ex
1285 5105 1386 5143 suo
1413 5096 1632 5143 nomine
1669 5096 1867 5142 Aliam
1889 5096 2035 5142 colo-

463 5162 611 5213 niam
644 5160 987 5230 appellasset.
1017 5176 1084 5216 eo
1107 5175 1352 5215 reversos
1373 5174 1514 5213 esse.
1552 5159 1729 5214 Porro
1765 5174 1888 5213 cum
1922 5158 2032 5212 Eu-

463 5231 644 5279 sebius
667 5232 871 5279 nullum
906 5229 1065 5279 huius
1088 5231 1164 5279 rei
1184 5232 1318 5279 citet
1363 5240 1659 5279 auctorem.
1689 5230 1822 5279 satis
1862 5243 2034 5279 anna-

2138 5096 2207 5138 tis
2236 5096 2496 5139 ιιιαιοιινιι
2544 5096 2806 5139 busehius
2847 5100 2970 5168 cum
3012 5096 3179 5144 dixit:
3211 5096 3496 5163 Ὠσπερέν
3517 5096 3708 5215 εἱρκτῇ

2138 5157 2378 5279 Ξήμασιν
2428 5154 2611 5218 αὐτοῖς
2643 5154 3065 5229 ἀποκλεισθηναι
3116 5161 3302 5244 είς-τά
3364 5161 3563 5235 ἰεροσό
3598 5181 3711 5234 υμα

2176 5226 2276 5279 uel
2326 5225 2643 5279 τριακοσίας
2701 5226 2965 5279 μυριάδας
3014 5228 3076 5279 τὸ
3120 5230 3326 5279 πλῇθος
3371 5233 3592 5279 ἱστορεῖ-
3656 5233 3709 5279 In

461 5231 644 5304 subitis
667 5225 871 5286 nullum
906 5229 1065 5298 hujus
1088 5231 1164 5285 rei
1184 5232 1318 5304 citet
1363 5230 1822 5304 auctoretn,‘satis
1862 5243 2034 5297 appa-

2138 5225 2276 5304 ἀμφὶ
2321 5225 2643 5304 τριακοσίας
2701 5225 2973 5304 μυριάδας
3011 5228 3076 5304 τὸ
3120 5230 3326 5302 πλῆθος
3364 5225 3592 5304 Αίσέορεῖ.
3634 5225 3710 5289 Ἰη

460 5313 545 5373 ret
575 5300 721 5373 illum
749 5316 814 5356 ex
842 5297 1082 5373 veterum
1117 5302 1407 5373 traditione
1441 5301 1544 5373 ista
1571 5300 1875 5371 scripsisse,
1909 5313 2031 5354 cum
2134 5297 2365 5373 vidgatis
2397 5297 2724 5350 editionibus
2752 5300 2973 5373 deerant
3011 5299 3096 5373 hae
3119 5297 3294 5373 voces
3312 5297 3556 5373 ῥήμασιν
3614 5306 3711 5358 αὐ-

461 5370 663 5496 οΙὶἻυί
691 5371 807 5440 ipse
842 5371 1054 5425 vicinus
1084 5380 1228 5425 esset
1258 5372 1324 5425 iis
1351 5370 1508 5425 locis.
1687 5369 1696 5371 “
2134 5369 2268 5429 τοῖς,
2303 5380 2438 5434 quas
2474 5380 2572 5419 llos
2608 5380 2675 5419 ex
2712 5370 2944 5423 vetustis
2980 5370 3256 5426 codicibus
3280 5369 3440 5436 Maii,
3481 5372 3623 5428 Med.
3653 5384 3708 5429 et

532 5441 584 5496 (4
627 5440 839 5496 Ηίαῆν
884 5440 1052 5496 γοῦν.
1094 5442 1232 5496 Ante
1292 5443 1404 5495 haac
1441 5441 1604 5495 verba
1650 5437 2033 5496 Christonhor-
2139 5435 2276 5489 Fuk.
2328 5435 2716 5496 supplevimus.
2769 5437 2992 5493 Easdem
3027 5441 3188 5494 etiam
3246 5456 3407 5496 voces
3451 5446 3622 5496 reneri
3656 5445 3708 5496 in

532 5435 1052 5513 (43)_X;0ﬁ1‘47‘0237.
1094 5442 1232 5513 Ante
1292 5443 1420 5513 haec
1441 5441 1608 5513 verba
1650 5437 2033 5513 Christophor-
2139 5435 2276 5513 Fuit.
2328 5435 2716 5513 supplex-imus.
2769 5437 2992 5493 Easdem
3027 5441 3203 5513 etiam_
3246 5456 3407 5513 voces
3451 5446 3622 5512 reperi
3656 5445 3709 5499 in

460 5506 628 5565 suuus
653 5506 830 5581 locum
858 5506 1125 5575 integrum
1154 5510 1373 5581 Josephi
1409 5511 1638 5566 inseruit
1668 5526 1732 5565 ex
1752 5510 1842 5564 lib.
1871 5506 1926 5562 ιι
1958 5507 2036 5561 De
2138 5509 2326 5581 codice
2396 5506 2596 5581 licuit),
2637 5520 2801 5581 Δ(ιιιοΔ
2831 5524 2980 5581 usus
3023 5521 3107 5564 est
3168 5508 3304 5566 Rob.
3379 5506 3709 5581 Stephanus.

464 5582 600 5635 bello
635 5580 891 5643 Iudaico,
931 5594 1119 5634 contra
1149 5576 1309 5637 [idem
1347 5581 1839 5650 manuscriptorum
1883 5582 2033 5634 codi-
2139 5576 2240 5650 Qni
2301 5576 2544 5643 profecto
2595 5577 2756 5650 nimis
2789 5577 3013 5650 indulsit
3059 5582 3388 5650 conjecturae
3417 5576 3552 5649 siue,
3581 5585 3709 5637 dum

464 5667 610 5714 cum,
644 5662 699 5706 et
722 5651 928 5720 absque
958 5650 1062 5705 ulla
1105 5653 1442 5707 necessitate.
1478 5646 1641 5706 Certe
1670 5665 1768 5703 nec
1809 5649 2035 5702 llulinus
2142 5646 2244 5720 has
2312 5660 2476 5720 voces
2523 5648 2788 5720 expunxit
2835 5648 2983 5712 hinc,
3043 5646 3300 5720 etpaulo
3357 5652 3495 5705 Infra
3538 5646 3711 5707 resti-

467 5716 947 5793 nee_Nicepborus
993 5721 1141 5777 illum
1192 5720 1409 5791 Josephi
1457 5721 1629 5777 locum
1668 5722 2032 5793 inseruerunt,

2142 5716 2272 5793 t_uit,
2335 5716 2437 5771 hoc
2493 5720 2700 5793 modo:
2766 5718 3062 5793 ἀναγκαῖον
3112 5716 3171 5793 es
3236 5722 3501 5793 ῥήμασιν
3528 5722 3712 5785 αὐτοῖς

466 5803 523 5844 et
566 5785 826 5850 Eusebius
874 5792 1004 5850 satis
1042 5794 1226 5850 habuit
1270 5785 1423 5849 illum
1470 5792 1733 5858 indicare,
1784 5798 1838 5847 et
1873 5787 2036 5846 verba

2143 5785 2625 5860 ὑποσημηνασθαι,
2649 5797 2836 5845 contra
2858 5785 3016 5845 fidem
3031 5785 3267 5848 omnium
3293 5785 3709 5864 Exemplarium.

459 4947 559 5013 ris,
587 4947 790 5005 Christi
819 4948 1110 5020 discipulos
1141 4949 1208 5004 ab
1244 4946 1435 5019 angelo
1468 4948 1795 5020 admonitos,
1827 4946 2028 5020 Deliam
