4192 6394
393 337 503 392 225

1385 336 1738 392 lﬂSTORlAE
1777 336 2338 393 ECCLESIASTICIE
2377 335 2506 392 LIB.
2548 335 2640 392 Ill.

3549 343 3658 400 226

393 454 633 528 ήκμαζε,
656 455 750 510 καὶ
790 456 912 510 καθ’
936 457 1146 528 ἡμέραν
1182 457 1464 530 ἀμφότερα
1493 457 1885 530 προσεξεγάετο
1915 459 1977 512 τὰ

2087 472 2229 522 rum,
2259 467 2314 514 et
2343 469 2637 528 utrumque
2665 455 2867 512 malum
2903 459 3076 529 magis
3108 474 3171 516 ac
3213 461 3386 532 magis
3417 465 3657 532 quotidie

393 547 565 602 δεινά.
589 547 831 619 ¹Ψανερὸς
871 548 971 618 μέν
1007 565 1070 617 γε
1109 548 1345 620 οὐδαμοῦ
1392 553 1535 614 σῖτος
1587 546 1676 622 ἦν,
1717 551 1981 620 ἐπεισπη-

393 639 592 705 δῶντες
638 640 696 693 δὲ
741 639 1040 712 διηρεύνων
1097 640 1196 705 τάς
1239 641 1434 704 οἰκίας.
1485 641 1695 694 Ἔπειθ’
1731 642 1980 713 εὑρόντες

399 731 522 804 μὲν,
549 730 625 796 ὡς
654 731 1065 803 ἀρνησαμένους
1093 730 1361 801 ᾐκίζοντο·
1395 733 1469 804 μὴ
1511 732 1763 805 εὑρόντες
1793 732 1871 795 δὲ,
1905 732 1981 795 ὠς

395 822 820 894 ἐπιμελέστερον
894 823 1206 895 κρύψαντας
1271 823 1607 890 ἐϐασάνιζον.
1673 825 1979 897 Τεκμήριον

397 913 456 967 δὲ
492 912 587 968 τοῦ
629 916 677 967 τ’
709 913 850 985 ἔχειν
891 915 986 967 καὶ
1021 915 1115 986 μὴ,
1160 915 1230 969 τὰ
1261 915 1488 986 σώματα
1521 916 1627 968 τῶν
1657 915 1856 968 ἀθλίων
1886 912 1974 986 ἦν.

397 999 499 1059 Ὧν
539 1007 590 1059 οἰ
633 1007 729 1077 μὲν
776 1007 855 1059 ἐτι
907 1006 1266 1071 συνεστῶτες,
1315 1007 1561 1079 εὐπορεῖν
1607 1008 1813 1078 τροφῆς
1867 1008 1980 1060 ἐδό-

397 1117 549 1163 κουν,
587 1101 637 1152 οἰ
682 1099 969 1171 τηκόμενοι
1007 1100 1063 1152 δέ
1103 1099 1236 1171 ἤδη,
1284 1099 1662 1171 παρωδεύοντο
1696 1099 1838 1170 (49),
1884 1097 1978 1152 καὶ

398 1193 630 1248 κτείνειν
684 1191 876 1260 ἀλογον
941 1191 1114 1245 ἐδόκει
1177 1191 1305 1254 τοὺς
1367 1191 1457 1244 ὑπ’
1515 1189 1720 1254 ἐνδείας
1784 1189 1976 1262 τεθνη-

402 1284 656 1355 ξομένους
729 1283 944 1339 αὐτίκα.
1016 1284 1206 1337 Πολλοὶ
1236 1284 1293 1336 δὲ
1349 1283 1522 1356 λάθρα
1592 1283 1691 1345 τὰς
1757 1283 1978 1354 κτήσεις

399 1376 517 1438 ἐνὸς
553 1374 1075 1445 ἀντικατηλλάξαντο
1115 1375 1336 1446 μέτρου,
1371 1373 1558 1447 πυρῶν
1594 1374 1712 1445 μὲν,
1742 1375 1790 1426 εἰ
1818 1371 1980 1425 πλου-

401 1463 647 1535 σιώτεροι
685 1466 998 1535 τυγχάνοιεν
1027 1465 1196 1530 ὄντες,
1223 1467 1272 1518 οί
1300 1465 1356 1518 δὲ
1394 1465 1727 1536 πενέστεροι,
1763 1463 1974 1535 κριθῆς.

403 1563 634 1618 Ἔπειτα
687 1560 1102 1622 κατακλείοντες
1149 1560 1372 1623 ἑαυτοὺς
1421 1562 1502 1623 εἰς
1551 1559 1619 1613 τά
1674 1562 1976 1633 μυχαίτατα

399 1655 506 1710 τῶν
539 1656 744 1720 οἰκιῶν,
772 1655 914 1718 τινὲς
951 1654 1048 1725 μὲν
1076 1654 1166 1707 ὑπ’
1188 1655 1362 1724 ἄκρας
1391 1653 1614 1719 ἐνδείας,
1646 1657 1977 1728 ἀνέργαστον

2083 547 2517 616 ingravescebat.
2566 545 2635 600 Et
2673 546 2850 616 palam
2895 548 3116 618 quidem
3170 550 3377 606 nullum
3425 552 3478 606 in
3525 551 3657 606 urbe

2080 637 2406 692 frumentum
2433 649 2571 693 erat.
2601 637 2709 693 Sed
2740 639 2983 696 seditiosi
3020 643 3295 700 irruentes
3338 643 3391 698 in
3437 645 3654 708 domos,

2079 730 2263 784 omnia
2293 730 2677 786 scrutabantur
2701 745 2719 787 :
2747 739 2801 786 et
2825 731 2874 787 si
2903 733 3032 802 quid
3072 736 3428 804 reperissent,
3457 736 3654 790 mdium

2080 821 2354 885 dominos,
2388 830 2574 891 utpote
2603 822 2697 892 qui
2728 821 3062 879 frumentum
3111 839 3170 879 se
3205 825 3412 879 habere
3461 841 3656 896 negas-

2083 920 2227 978 sent,
2273 913 2570 968 crudeliter
2602 913 2989 969 verberabant.
3027 915 3183 980 ρυοά
3234 916 3280 968 si
3315 914 3458 969 forte
3519 913 3657 969 nihil

2080 1004 2421 1071 invenerant,
2440 1003 2595 1074 quasi
2615 1003 2930 1073 diligentius
2957 1006 3342 1073 occultassent,
3373 1009 3655 1061 tormentis

2079 1096 2486 1151 excruciabant.
2519 1094 2688 1152 Porro
2721 1112 2788 1150 an
2822 1097 2972 1152 cibos
3021 1097 3305 1162 haberent,
3337 1112 3524 1160 necne,
3567 1099 3654 1150 in-

2079 1188 2222 1241 dicio
2269 1197 2430 1242 erant
2465 1202 2695 1258 corpora
2726 1189 3075 1242 miserorum.
3133 1187 3268 1242 Nam
3326 1191 3416 1258 qui
3477 1190 3655 1244 adhuc

2080 1278 2235 1331 firma
2293 1287 2452 1332 erant
2501 1280 2842 1345 valetudine,
2895 1294 2989 1332 eos
3049 1280 3431 1335 alimentorum
3494 1282 3651 1350 copia

2079 1367 2355 1423 abundare
2384 1367 2700 1423 censebant.
2730 1368 2830 1435 Qui
2872 1383 3001 1422 vero
3028 1369 3140 1438 jam
3175 1371 3655 1436 contabescerent,

2078 1473 2172 1513 eos
2216 1459 2410 1514 missos
2453 1458 2746 1514 faciebant.
2811 1457 3021 1529 Quippe
3069 1475 3098 1513 a
3161 1461 3373 1514 ratione
3417 1461 3653 1516 alienum

2079 1550 2392 1614 videbatur,
2429 1552 2681 1607 homines
2722 1552 3060 1623 jatnjamque
3111 1567 3224 1621 pra:
3275 1553 3455 1607 inedia
3498 1554 3658 1608 mori-

2081 1653 2252 1708 turos,
2287 1641 2435 1698 ferro
2466 1643 2798 1698 interficere.
2821 1645 2985 1714 {Multi
3017 1661 3148 1700 vero
3188 1647 3328 1701 clam
3364 1646 3654 1701 facultates

398 1747 488 1800 τὸν
522 1750 666 1801 σῖτον
694 1745 900 1818 ἢσθιον,
931 1747 981 1798 οἱ
1013 1744 1069 1798 δὲ
1102 1743 1352 1808 ἔπεσσον,
1378 1744 1453 1808 ὠς
1483 1746 1518 1816 ἦ
1547 1763 1606 1798 τε
1637 1747 1850 1818 ἀνάγκη
1883 1749 1975 1801 καὶ

2079 1751 2206 1790 suas
2257 1751 2363 1789 uno
2404 1733 2658 1789 frumenti
2709 1736 2956 1806 quidem,
2992 1738 3037 1792 si
3070 1739 3269 1793 divites
3329 1748 3534 1803 essent,
3568 1740 3654 1794 sin

398 1840 458 1893 τὸ
485 1841 604 1905 δέος
634 1839 884 1910 παρῄνει.
926 1836 1036 1890 Καὶ
1082 1836 1328 1908 τράπεζα
1365 1836 1464 1906 μὲν
1516 1837 1752 1908 οὐδαμοῦ
1801 1857 1975 1912 παρε-

2079 1841 2364 1895 pauperes,
2418 1825 2608 1880 hordei
2667 1827 2846 1880 modio
2888 1828 3288 1897 permutabant.
3349 1829 3553 1885 Deinde
3599 1832 3654 1883 in

397 1931 595 1998 τίθετο,
633 1930 728 1984 τοῦ
776 1930 836 1983 δὲ
871 1929 1042 2001 πυρὸς
1093 1927 1410 1997 ἐφέλκοντες
1454 1928 1586 1999 (50),
1622 1928 1696 1982 ἐτ’
1735 1929 1864 2000 ὠμὰ
1908 1930 1976 1984 τά

399 2025 545 2078 σιτία
577 2021 894 2094 διήρπαζον.
928 2020 1163 2091 Ἐλεεινὴ
1189 2019 1230 2072 δ’
1253 2015 1319 2091 ἧν
1351 2021 1383 2092 ἡ
1409 2021 1582 2091 τροφὴ
1608 2022 1702 2075 καὶ
1726 2022 1974 2093 δακρύων

394 2116 544 2182 ἄξιος
576 2117 610 2186 ή
654 2115 770 2179 θέα,
799 2114 910 2168 τῶν
940 2113 1038 2183 μὲν
1075 2111 1460 2182 δυνατωτέρων
1490 2111 1971 2177 πλεονεκτούντων,

397 2209 505 2264 τῶν
537 2209 594 2264 δέ
621 2207 861 2262 ἀσθενῶν
891 2205 1248 2280 ὀδυρομένων.
1290 2204 1512 2258 Πάντων
1557 2206 1652 2274 μὲν
1682 2205 1746 2277 δὴ
1788 2206 1975 2261 παθῶν

399 2303 754 2373 ὑπερίσταται
805 2297 990 2369 λιμός⁶
1043 2297 1196 2350 οὐδὲν
1241 2296 1287 2350 δ’
1336 2295 1508 2359 οὕτως
1557 2297 1848 2351 ἀπόλλυσιν
1901 2299 1975 2362 ὡς

399 2396 550 2448 αἰδῶ.
576 2395 649 2448 Τὸ
675 2394 783 2464 γὰρ
811 2391 983 2456 ἄλλως
1014 2391 1277 2461 ἐντροπῆς
1311 2390 1478 2457 ἀξιον,
1518 2392 1574 2444 ἐν
1609 2390 1778 2460 τούτῳ
1812 2409 1977 2444 κατα-

404 2485 699 2555 φρονεῖται.
740 2481 997 2544 Γυναῖκες
1033 2482 1162 2550 γοῦν
1188 2480 1417 2553 ἀνδρῶν,
1453 2481 1546 2533 καὶ
1583 2480 1768 2544 παῖδες
1814 2481 1976 2533 πατέ-

404 2592 535 2647 ρων,
563 2573 656 2627 καὶ
685 2573 745 2625 τὸ
775 2571 1140 2642 οἰκτρότατον,
1177 2573 1409 2644 μητέρες
1439 2573 1646 2645 νηπίων
1671 2572 1976 2644 ἐξήρπαζον

400 2668 462 2732 ἐξ
505 2666 682 2721 αὐτῶν
713 2664 821 2718 τῶν
855 2665 1133 2736 στομάτων
1178 2665 1276 2728 τὰς
1307 2665 1527 2738 τροφάς.
1561 2665 1668 2718 Καὶ
1705 2665 1812 2718 τῶν
1857 2665 1977 2734 φιλ..

399 2759 577 2812 τάτων
598 2757 656 2809 ἐν
683 2755 840 2827 χερσὶ
869 2755 1300 2826 μαραινομένων,
1323 2756 1422 2808 οὐκ
1450 2751 1517 2826 ἦν
1539 2757 1704 2825 φειδὼ
1727 2756 1854 2819 τοὺς
1881 2755 1973 2808 τοῦ

399 2844 500 2917 ζῇν
557 2845 850 2916 ἀφελέσθαι
897 2846 1256 2917 σταλαγμούς.
1305 2847 1542 2900 Τοιαῦτα
1586 2847 1643 2900 δὲ
1682 2845 1972 2912 ἐσθίοντες,

399 2939 550 3009 ὅμως
581 2939 642 2992 ού
672 2938 1032 2993 διελάνθανον.
1078 2937 1361 3010 Πανταχοῦ
1399 2939 1443 2992 δ’
1468 2935 1560 2992 οὖν
1600 2939 1885 3008 ἐφίσταντο
1925 2939 1974 2991 οἱ

399 3030 721 3085 στασιασταὶ
757 3030 852 3084 καὶ
893 3029 1096 3084 τούτων
1141 3033 1262 3093 ταῖς
1293 3031 1592 3101 ἁρπαγαῖς.
1642 3030 1833 3084 Ὁπότε
1868 3031 1974 3102 γὰρ

2076 1919 2295 1973 intimos
2323 1917 2519 1972 mdium
2565 1933 2817 1974 recessus
2878 1934 2999 1974 sese
3049 1919 3351 1986 abdentes,
3411 1921 3652 1976 nonnulli

2076 2011 2292 2081 quidem
2324 2009 2486 2066 famis
2521 2011 2709 2066 ultima
2741 2012 3070 2096 necessitate
3101 2012 3276 2068 adacti
3303 2013 3487 2084 fruges
3514 2029 3652 2069 non-

2077 2103 2204 2156 dum
2231 2103 2446 2158 molitas
2466 2101 2852 2169 comedebant;
2890 2104 2980 2158 alii
3015 2119 3146 2159 vero
3175 2120 3368 2176 panem
3399 2107 3656 2162 conﬁcie-

2077 2194 2226 2260 bant,
2258 2204 2520 2264 quantum
2565 2197 2862 2249 necessitas
2912 2204 3196 2264 metusque
3249 2198 3533 2252 suadebat.
3583 2197 3652 2251 Et

2078 2301 2260 2340 mensa
2319 2288 2534 2354 quidem
2598 2285 2788 2340 nullibi
2836 2289 3246 2356 apponebatur:
3287 2289 3381 2342 sed
3446 2290 3652 2344 crudos

2075 2380 2250 2434 adhuc
2277 2382 2428 2435 cibos
2468 2396 2537 2435 ex
2587 2381 2712 2450 igne
2743 2380 3124 2436 abstrahentes
3170 2382 3369 2453 singuli
3422 2385 3656 2452 diripie-

2077 2471 2227 2526 bant.
2262 2471 2590 2528 Miserabilis
2622 2487 2786 2542 porro
2813 2482 2934 2526 erat
2977 2473 3237 2529 alimonia
3267 2514 3282 2539 ,
3317 2475 3654 2544 dignumque

2077 2566 2332 2637 lacrymis
2385 2565 2804 2636 spectaculum:
2839 2582 2960 2622 cum
3020 2566 3358 2622 valentiores
3433 2569 3650 2636 quidem

2076 2667 2272 2712 cuncta
2296 2658 2677 2726 prarriperent,
2717 2657 3050 2714 infirmiores
3094 2671 3226 2712 vero
3279 2657 3450 2712 vicem
3498 2671 3652 2711 suam

2077 2749 2346 2804 dolerent.
2379 2748 2584 2804 Omnes
2613 2749 2830 2818 quidem
2858 2749 3025 2805 animi
3061 2749 3286 2805 affectus
3315 2749 3470 2818 longe
3495 2761 3656 2818 supe-

2077 2854 2162 2897 rat
2193 2844 2365 2898 fames
2399 2861 2411 2896 :
2439 2844 2644 2898 nullum
2677 2853 2855 2898 tamen
2882 2859 3034 2915 atque
3057 2846 3257 2900 evertit
3291 2859 3354 2899 ac
3380 2858 3648 2898 verecun-

2077 2937 2248 2988 diam.
2315 2936 2446 2990 Nam
2481 2935 2738 3006 quidquid
2787 2935 2921 2991 alias
2966 2941 3171 2991 honore
3216 2936 3436 3006 dignum
3471 2946 3554 2990 cst
3591 2950 3657 2990 ac

2075 3029 2408 3093 reverentia,
2435 3029 2487 3082 itt
2518 3030 2675 3083 famis
2703 3029 3028 3084 necessitate
3056 3029 3446 3083 contemnitur.
3482 3029 3651 3082 Deni-

397 3123 663 3178 κατίδοιεν
694 3122 1192 3196 ἀποκεκλεισμένην
1218 3123 1415 3186 οἰκίαν,
1446 3126 1668 3193 σημεῖον
1698 3119 1766 3194 ἦν
1793 3123 1969 3188 τοῦτο,

2079 3135 2180 3190 que
2205 3137 2400 3176 uxores
2425 3121 2577 3186 viris,
2612 3121 2704 3174 lilii
2731 3121 3084 3190 parentibus,
3141 3131 3195 3175 et
3239 3122 3381 3190 quod
3409 3121 3655 3174 omnium

395 3217 522 3280 τοὺς
564 3215 709 3269 ἐνδον
756 3214 1160 3286 προσφέρεσθαι
1201 3217 1426 3286 τροφήν.
1472 3214 1690 3279 Εὐθέως
1726 3215 1782 3268 δὲ
1827 3216 1974 3268 εἱσα-

397 3309 660 3382 ράξαντες
690 3308 790 3371 τὰς
829 3308 998 3380 θύρας
1043 3307 1178 3380 (51),
1208 3308 1507 3379 εἰσεπήδων
1538 3309 1630 3362 καὶ
1682 3307 1840 3377 μόνον
1875 3309 1974 3362 οὐκ

2077 3213 2314 3266 maxime
2342 3212 2651 3267 miserabile
2680 3221 2818 3277 erat,
2850 3222 3070 3281 matres
3121 3212 3419 3266 infantibus
3465 3213 3651 3266 cibum

2075 3321 2140 3359 ex
2174 3305 2279 3375 77
2305 3305 2420 3374 ipso
2449 3320 2544 3359 ore
2576 3304 2886 3373 rapiebant.
2918 3305 2985 3358 Et
3009 3303 3476 3358 ntarcesccntibus
3508 3305 3657 3358 inter

397 3401 464 3454 ἐκ
507 3399 616 3453 τῶν
661 3399 954 3471 φαρύγγων
1003 3399 1377 3464 ἀναθλίϐοντες
1428 3400 1554 3464 τοὺς
1594 3399 1820 3463 ἀκόλους
1849 3399 1974 3453 ἀνέ-

2079 3399 2298 3453 brachia
2330 3399 2538 3461 liberis,
2584 3398 2784 3453 vitales
2819 3397 2976 3452 lactis
3020 3407 3202 3468 guttas
3255 3397 3497 3450 adimere
3544 3411 3652 3450 non

401 3505 585 3560 φερον.
625 3488 942 3542 Ἐτύπτοντο
979 3488 1038 3541 δὲ
1065 3489 1318 3558 γέροντες
1357 3490 1704 3559 ἀντεχόμενοι
1748 3491 1854 3542 τῶν
1897 3507 1975 3541 σι-

399 3578 552 3640 τίων,
596 3577 690 3629 καὶ⁸
728 3577 902 3648 κόμης
962 3577 1370 3648 ἐσπαράσσοντο
1431 3580 1717 3646 γυναῖκες,
1767 3595 1973 3646 συγκα-

401 3665 698 3720 λύπτουσαι
729 3667 799 3719 τὰ
839 3670 896 3720 ἐν
923 3666 1110 3738 χερσίν
1132 3682 1145 3696 ·
1177 3666 1298 3723 ούδέ
1324 3685 1408 3732 τις
1441 3663 1510 3739 ἦν
1544 3665 1724 3733 οἶκτος
1763 3670 1973 3734 πολιᾶς,

402 3757 436 3829 ἢ
479 3759 705 3828 νηπίων,
745 3758 878 3813 ἀλλά
926 3759 1338 3831 συνεπαίροντες
1381 3759 1450 3814 τὰ
1493 3761 1662 3834 νήπια
1711 3762 1823 3834 (52)
1869 3763 1977 3817 τῶν

401 3849 610 3920 ψωμῶν
656 3850 1072 3922 ἐκκρεμάμενα,
1128 3851 1402 3904 κατέσειον
1460 3852 1542 3915 είς
1602 3852 1823 3921 ἔδαφος,
1865 3855 1978 3918 τοῖς

401 3941 459 3997 δὲ
485 3941 719 4011 φθάσασι
760 3941 857 4014 τὴν
889 3942 1178 4012 εἰσδρομὴν
1205 3942 1382 3997 αὐτῶν
1414 3944 1504 3998 καὶ
1546 3944 1978 4016 προκαταπιοῦσι

401 4033 463 4085 τὸ
492 4032 966 4106 ἁρπαγησόμενον,
1009 4032 1084 4096 ὡς
1129 4032 1476 4104 ἀδικηθέντες
1515 4030 1655 4106 ἦσαν
1691 4035 1976 4106 ὠμότεροι.

402 4122 591 4186 Δεινάς
617 4123 672 4176 δὲ
698 4122 944 4194 βασάνων
978 4123 1129 4188 ὁδοὺς
1154 4125 1410 4179 ἐπενόουν
1439 4127 1577 4198 πρὸς
1615 4126 1838 4198 ἔρευναν
1864 4145 1981 4199 τροο

406 4214 532 4284 φῆς,
570 4214 780 4285 ὀρόϐοις
812 4215 910 4286 μὲν
937 4216 1343 4286 ἐμφράττοντες
1371 4220 1484 4280 τοῖς
1519 4216 1722 4280 ἀθλίοις
1749 4218 1859 4272 τῶν
1897 4222 1982 4274 αἰ-

405 4306 562 4360 δοίων
586 4306 712 4370 τοὺς
745 4307 966 4380 πόρους,
1011 4308 1227 4380 ῥάϐδοις
1271 4309 1328 4362 δέ
1354 4309 1558 4376 ὀξείαις
1597 4311 1981 4384 ἀναπείροντες

400 4397 502 4461 τὰς
524 4397 703 4470 ἕδρας.
746 4397 829 4452 Τά
871 4401 1073 4471 φρικτά
1102 4400 1159 4454 δὲ
1191 4402 1285 4454 καὶ
1315 4403 1505 4466 ἀκοαῖς
1547 4401 1750 4473 ἔπασχέ
1781 4420 1863 4467 τις
1900 4405 1981 4467 εἰς

2075 3491 2314 3560 pigebat.
2383 3490 2700 3560 llujusmodi
2758 3489 2911 3544 cibos
2955 3490 3080 3544 dum
3134 3497 3440 3557 caperent,
3483 3486 3656 3542 latere

2078 3591 2387 3636 tamennon
2421 3589 2691 3651 poterant.
2721 3579 2854 3634 Nam
2885 3580 3088 3650 ubique
3111 3579 3500 3634 seditiosorum
3539 3594 3655 3632 ma-

2079 3688 2202 3736 nus,
2233 3674 2427 3743 praedm
2457 3674 2682 3729 istorum
2734 3687 2796 3728 ac
2843 3673 3046 3744 rapinis
3079 3670 3654 3740 imminebatzquippe

2080 3766 2133 3819 hi
2163 3765 2334 3820 sicubi
2371 3765 2610 3820 clausam
2654 3765 2878 3820 domum
2927 3772 3354 3834 conspexerant,
3411 3778 3507 3819 eos
3560 3761 3654 3832 qui

2079 3858 2227 3912 intus
2259 3865 2482 3924 essent,
2514 3858 2695 3912 cibum
2737 3871 2956 3912 sumere
2999 3857 3106 3912 hoc
3159 3857 3365 3912 iudicio
3411 3855 3657 3926 suspica-

2079 3950 2313 4010 bantur,
2364 3949 2659 4021 Statimque
2703 3949 2944 4005 ell‘ractis
2973 3948 3184 4004 foribus
3229 3949 3551 4014 irruebant,
3601 3954 3659 4000 et

2079 4057 2245 4112 prope
2300 4059 2367 4098 ex
2422 4043 2552 4113 ipsis
2597 4043 2844 4098 faucibus
2895 4057 3157 4110 expressa
3195 4041 3440 4096 ciborum
3483 4039 3657 4094 frusta

2082 4135 2428 4189 revocabant.
2468 4133 2809 4205 Vapulabaut
2837 4149 2994 4188 senes
3027 4133 3115 4202 qui
3147 4148 3326 4188 escam
3357 4147 3387 4186 e
3409 4131 3658 4185 manibus

2082 4224 2352 4279 dimittere
2375 4222 2652 4278 nolebant.
2685 4223 2936 4279 Mulieres
2969 4237 3192 4292 quoque
3220 4221 3560 4277 occultantes
3589 4233 3656 4274 ea

2082 4330 2202 4386 quae
2229 4316 2282 4369 in
2308 4315 2558 4371 manibus
2587 4315 2878 4380 habebant,
2911 4315 3117 4386 sparsis
3160 4313 3405 4368 crinibus
3452 4322 3636 4381 rapta-

2083 4409 2303 4463 bantur.
2347 4406 2504 4463 Nulla
2549 4422 2835 4472 canorum,
2888 4407 3031 4461 nulla
3069 4405 3310 4460 infantiae
3367 4404 3650 4459 miseratio

405 4488 790 4564 ἐξομολόγησιν
818 4491 936 4555 ἐνὺς
959 4491 1125 4564 ἀρτου
1159 4493 1255 4546 καὶ
1283 4493 1371 4546 ἵνα
1407 4493 1623 4568 μηνύσῃ
1649 4494 1826 4565 δράκα
1856 4496 1977 4565 μίαν

2091 4499 2378 4554 erat:sed
2439 4508 2624 4566 raptos
2670 4497 2723 4552 in
2774 4497 3005 4552 sublime
3045 4495 3300 4568 parvulos
3343 4509 3465 4548 cum
3526 4494 3658 4564 ipsis

405 4585 792 4655 κεκρυμμένην
838 4584 1097 4655 ἀλφίτων.
1133 4586 1196 4639 Ol
1231 4585 1553 4656 βασανισταὶ
1593 4586 1654 4643 δ’.
1684 4587 1784 4641 οὐκ
1827 4588 1979 4641 ἐπεί-

403 4689 536 4735 νων,
584 4676 680 4728 καὶ
709 4675 818 4746 γὰρ
841 4674 908 4730 ἂν
932 4671 1094 4748 ἦττον
1138 4676 1288 4748 ὠμὸν
1332 4673 1400 4750 ἦν
1439 4678 1502 4731 τὸ
1535 4677 1654 4750 μετ’
1695 4679 1941 4750 ἀνάγκης
1965 4721 1979 4746 ,

479 4851 591 4926 (49)
625 4853 1278 4923 Ἥδη.’παρωδεύοντο.
1307 4855 1476 4911 Prava
1505 4857 1663 4926 huius
1687 4857 1788 4911 loci
1819 4857 1990 4912 inter-

407 4925 630 4996 punctio
657 4926 1037 4996 quaaltabetur
1067 4928 1118 4980 iu
1147 4928 1388 4982 editione
1420 4925 1705 4996 Stephani,
1737 4928 1984 4982 Christo-

411 4994 742 5065 phorsonum
790 4993 842 5046 in
892 5009 1132 5050 errorem
1185 4997 1416 5051 induxit.
1468 4993 1628 5065 Atqui
1673 4997 1830 5051 facile
1870 5008 1990 5052 erat

409 5063 530 5138 eam
585 5063 870 5138 restituere
917 5065 969 5116 in
1013 5065 1158 5120 hunc
1201 5067 1454 5138 modum,
1503 5063 1570 5122 οῖ’
1599 5067 1896 5138 τηκόμενοι
1930 5068 1987 5120 δὲ

410 5131 535 5213 ἤδη,
565 5131 958 5213 παρωδεύοντο,
1001 5135 1364 5213 ut__scribitur
1416 5131 1556 5204 apud
1598 5131 1985 5207 Nicephorum,

409 5212 464 5256 et
505 5203 557 5254 itt
587 5203 770 5255 codice
793 5203 930 5255 Maz.
966 5212 1019 5257 et
1045 5203 1182 5258 Med.
1429 5225 1436 5230 ·

483 5271 594 5346 (ξο)
633 5271 742 5324 Τοῦ
765 5271 833 5325 δὲ
857 5272 1046 5340 πυρὸς
1069 5273 1445 5346 ἐφέλκοντες.
1480 5274 1806 5346 Nicephorus
1832 5276 1991 5332 habet

413 5339 758 5416 ὑφέλκοντες.
829 5339 967 5416 Sed?
1015 5339 1265 5416 vulgata_
1297 5339 1457 5416 lectio
1496 5339 1704 5416 ima-gis
1779 5348 1982 5416 placet,

414 5411 610 5480 quippe
671 5427 791 5480 quae
863 5411 1173 5466 violentiam
1243 5413 1404 5468 famis
1462 5411 1661 5470 clarius
1718 5411 1982 5486 designat.

414 5479 646 5538 Singuli.
701 5485 874 5538 inquit
928 5481 1214 5538 Joseubus.
1255 5486 1452 5538 crudos
1493 5486 1667 5538 adhuc
1709 5495 1764 5538 et
1812 5488 1982 5538 semi-

414 5495 646 5548 amgutt,
701 5495 874 5551 mqutt
928 5495 1214 5552 Josepnus,
1255 5495 1452 5538 crudos
1493 5495 1667 5540 adhuc
1709 5495 1764 5540 et
1812 5495 1982 5540 semi-

415 5562 598 5604 coctos
651 5551 802 5606 t'ibos
859 5554 926 5607 ad
975 5568 1095 5608 sese
1139 5552 1483 5607 attrahebant
1527 5571 1590 5607 ac
1635 5555 1980 5624 diripiebant.

414 5617 470 5670 Id
518 5622 661 5670 enim
718 5623 1024 5670 significant.
1072 5637 1232 5670 voces
1288 5623 1391 5670 illa:
1451 5623 1767 5670 ὲεοέλκοντεε
1829 5626 1982 5670 διήθ-

415 5623 470 5670 ld
518 5623 661 5673 enim
718 5623 1024 5690 significant
1072 5637 1232 5678 voces
1287 5623 1391 5676 illa:
1451 5623 1767 5692 ἐφέλκοντες
1829 5626 1984 5696 διήρ-

415 5688 621 5762 παζον.
659 5691 810 5762 Quod
853 5701 1033 5748 tamen
1067 5707 1173 5747 nec
1214 5691 1442 5746 Ruﬁnus
1474 5709 1572 5748 nec
1604 5695 1986 5762 Christophor-

418 5770 582 5815 sonus
610 5761 1015 5830 intellexerunt,
1045 5773 1105 5820 ut
1135 5776 1204 5819 ex
1235 5763 1512 5833 utriusque
1544 5764 1790 5821 versione
1822 5761 1985 5835 appa-

2087 4589 2283 4659 quibus
2309 4591 2531 4659 penduli
2583 4590 2924 4646 inhaerebant
2967 4587 3248 4652 buccellis,
3307 4586 3422 4641 solo
3468 4585 3658 4640 allide-

2089 4683 2242 4737 bant.
2300 4680 2357 4736 Si
2389 4682 2481 4751 qui
2512 4696 2643 4734 vero
2695 4681 2968 4735 incursum
3021 4694 3208 4734 eorum
3243 4679 3655 4748 praevenissent,

2086 4866 2189 4912 rel.
2226 4855 2359 4911 Nam
2402 4857 2927 4923 Cltristnphorsonus
2971 4853 3152 4920 vertit,
3184 4855 3342 4910 'avide
3376 4870 3465 4908 ore
3514 4854 3660 4908 abri-

2084 4929 2310 4995 piebant,
2346 4930 2488 4996 quod
2519 4943 2548 4982 a
2598 4937 2774 4982 tneute
2815 4927 3029 4994 .Iusephi
3077 4927 3234 4995 longe
3270 4927 3442 4980 abest.
3479 4925 3662 4996 Signi-

2086 4999 2381 5052 ﬁcatcnim
2423 4995 2712 5066 Josepltus,
2757 4999 2981 5052 miseros
3012 4997 3130 5051 illus
3164 4997 3364 5066 cibaria
3409 4995 3508 5049 sibi
3536 4995 3658 5048 tnu-

2089 5078 2178 5121 tuo
2204 5070 2468 5134 rapuisse.
2502 5065 2665 5134 ldque
2713 5083 2782 5120 ex
2817 5067 3170 5135 sequentibus
3219 5065 3437 5135 Josephi
3478 5066 3662 5135 verbis

2087 5137 2372 5190 manifeste
2425 5137 2787 5192 convincitur.
2853 5134 2907 5189 In
2963 5137 3149 5191 codice
3207 5134 3360 5190 Mazﬁ
3401 5143 3456 5188 et
3514 5134 3657 5188 Med.

2086 5206 2281 5330 lsi-gitlur
2340 5207 2690 5276 ἀφέλκοντες.
2737 5207 2827 5262 Sic
2882 5207 3046 5261 etiam
3100 5207 3153 5261 in
3217 5207 3372 5262 codd.
3418 5203 3550 5258 Fuk.
3600 5211 3656 5258 et

2128 5291 2208 5328 avt
2240 5319 2254 5330 .

2128 5291 2254 5332 avu.

2153 5345 2262 5416 (51)
2297 5345 2742 5414 Εἱσαράξαντες
2781 5349 2886 5412 τὰς
2929 5348 3130 5414 θύρας.
3172 5345 3263 5400 Sic
3297 5343 3560 5416 JQSPpbtls
3594 5355 3661 5398 ac

2081 5412 2417 5483 Nicep'liorus
2437 5412 2458 5482 ;’
2480 5421 2550 5470 ita
2585 5432 2798 5485 quoque
2821 5419 2976 5471 codd.
2998 5412 3214 5470 Mazar.
3247 5424 3299 5467 et
3331 5412 3489 5476 Fuk.,
3514 5413 3658 5468 hanc

2083 5486 2369 5540 lectionem
2414 5502 2604 5541 omnes
2651 5489 2974 5555 interpretes
3027 5502 3132 5540 uno
3166 5499 3430 5555 consensu
3464 5485 3657 5555 secuti

2081 5564 2227 5608 sunt.
2267 5555 2322 5608 lu
2351 5555 2610 5628 Medicam
2642 5550 3027 5628 εἰσαράξαντες
3063 5556 3310 5610 habetur.
3335 5551 3498 5618 Editi,
3533 5550 3660 5617 ἐξά·-

2084 5641 2278 5695 ραντες
2307 5625 2405 5697 τάς
2430 5628 2633 5697 χεῖρας.

2151 5697 2267 5767 (52)
2295 5696 2369 5748 Τὰ
2386 5689 2590 5762 misria.
2623 5695 2812 5767 Melius
2832 5694 2972 5767 apud
2995 5691 3283 5760 Josephum
3305 5699 3361 5748 et
3387 5689 3657 5760 Nicepho-

2083 5764 2200 5822 rum
2234 5766 2430 5836 legitur
2456 5768 2526 5819 τά
2565 5764 2771 5820 παιδία.
