4192 6394
332 326 441 385 229

1320 309 1670 369 ΒιδτοΒιΑε
1708 309 2266 368 ΕσοιεδιΑδτιοΑζ
2303 309 2431 367 LIB.
2472 308 2564 365 III.

3488 309 3596 366 230

336 436 763 508 ὑποστειλαίμην
801 434 994 496 εἰπεῖν,
1026 430 1062 486 ἆ
1090 445 1179 501 μοι
1205 426 1417 481 κελεύει
1440 426 1501 480 τὸ
1537 426 1727 490 πάθος.
1745 423 1920 499 Οἶμαι1

2027 429 2224 495 mibus,
2262 429 2510 499 qumjam
2541 427 2596 482 in
2633 423 2883 496 sepulcra
2911 438 3193 481 conversae
3218 434 3404 492 erant,
3436 431 3597 485 cada-

350 530 634 603 Ῥωμαίων
674 526 1051 600 βραδυνάντων
1099 521 1193 576 ἐπὶ
1222 521 1350 583 τοὺς
1387 518 1719 590 ἀλιτηρίους,
1753 516 1788 586 ἢ
1819 533 1921 569 κα-

335 622 633 693 ταποθῆναι
679 618 745 673 ἂν
792 615 897 669 ὑπὸ
935 609 1298 684 χάσματος,ἢ
1340 606 1779 677 κατακλυσθῆναι
1823 605 1924 675 τὴν

335 716 509 781 πόλιν,
549 712 583 783 ἢ
617 709 743 772 τοὺς
795 707 893 777 τῆς
945 701 1253 773 Σοδομηνῆς
1301 700 1411 770 (57)
1463 697 1786 770 μεταλαϐεῖν
1832 714 1924 751 κε-

337 804 590 880 ραυνούς.
642 801 784 854 Πολὺ
838 797 948 868 γάρ
1001 793 1111 848 τῶν
1166 791 1340 846 ταῦτα
1389 790 1671 844 παθόντων
1724 790 1921 859 ἤνεγκε

336 896 526 967 γενεάν
570 890 900 963 ἀθεωτέραν.
935 888 1013 959 Τῇ
1054 885 1185 955 γοῦν
1228 884 1432 937 τούτων
1465 882 1694 953 ἀπονοίᾳ
1741 882 1852 944 πᾶς
1889 883 1919 934 ὁ

334 986 462 1051 λαὸς
496 983 858 1038 συναπώλετο.
882 998 900 1031 t
943 979 1051 1033 Καὶ
1081 979 1138 1030 ἐν
1169 973 1247 1046 τῷ
1274 975 1417 1045 ἕκτῳ
1447 973 1504 1027 δὲ
1539 972 1748 1043 βιὸλίῳ,
1778 969 1921 1024 οὕτω

336 1077 630 1151 γράφειο’‹
660 1073 780 1127 Τῶν
806 1072 849 1125 δ’
891 1071 997 1123 ὑπὸ
1026 1067 1120 1122 τοῦ
1162 1064 1322 1133 λιμοῦ
1372 1064 1740 1135 φθειρομένων
1780 1062 1922 1117 κατά

336 1171 435 1243 τὴν
475 1167 649 1232 πόλιν,
677 1165 898 1236 ἄπειρον
936 1162 1032 1233 μὲν
1080 1159 1271 1212 ἔπιπτε
1302 1159 1361 1211 τὸ
1391 1156 1612 1228 πλῆθος,
1654 1154 1924 1226 ἀδιήγητα

334 1263 394 1317 δέ
446 1258 725 1314 συνέϐαινε
771 1256 840 1310 τά
888 1253 1055 1330 πάθη.
1104 1251 1241 1306 Καθ’
1283 1249 1520 1322 ἑκάστην
1568 1248 1677 1320 γὰρ
1721 1247 1919 1313 οἰκίαν,

333 1353 493 1409 εἵπου
525 1350 731 1425 τροφῆς
767 1344 1114 1420 παραφανείη
1153 1342 1300 1409 σκιά,
1339 1342 1572 1411 πόλεμος
1595 1335 1684 1411 ἦν,
1712 1341 1805 1393 καὶ
1835 1336 1922 1392 διά

334 1439 539 1515 χειρῶν
569 1440 807 1513 ἐχώρουν
835 1440 885 1492 oi
920 1437 1166 1507 φίλτατοι
1198 1434 1333 1505 πρὸς
1373 1431 1652 1504 ἀλλήλους,
1683 1429 1923 1501 ἐξαρπά-

336 1533 523 1598 ζοντες
557 1534 624 1588 τά
663 1532 982 1601 ταλαίπωρα
1028 1528 1127 1599 τῆς
1170 1525 1350 1597 ψυχῆς
1403 1523 1609 1592 ἐφόδια.
1652 1523 1841 1586 Πίστις
1873 1521 1918 1576 δ’

335 1624 571 1698 ἀπορίας
619 1623 729 1697 (58)
778 1623 899 1677 οὐδὲ
941 1622 1054 1684 τοῖς
1111 1618 1437 1688 θνήσκουσιν
1478 1611 1568 1687 ἦν.
1609 1613 1775 1668 ’Λλλά
1830 1613 1925 1667 καὶ

2028 537 2151 577 vera
2192 521 2519 591 spoliabant,
2566 526 2621 574 et
2660 518 2930 573 velamina
2959 520 3279 588 corporibus
3308 519 3597 575 detrahen-

2025 623 2107 670 tes
2140 630 2260 669 cum
2291 614 2404 668 risu
2428 610 2862 682 egrediebantur.
2920 611 3061 677 Quin
3093 612 3257 665 etiam
3291 611 3595 679 gladiorum

2025 720 2342 761 mucrOnem
2374 705 2427 759 in
2463 704 2595 773 ipsis
2627 701 2981 757 cadaveribus
3018 706 3251 774 experiri
3303 706 3545 761 solebant
3577 719 3592 760 :

2021 812 2076 856 et
2098 800 2360 870 quosdam
2386 799 2681 869 jacentium
2714 800 2892 853 adhuc
2915 799 3188 869 spirantes
3210 838 3226 864 ,
3258 800 3324 854 ad
3355 801 3592 870 proban-

2023 895 2144 949 dam
2190 891 2318 947 l'erri
2354 891 2522 945 aciem
2556 890 2965 960 transﬁgebant.
3018 890 3171 958 Quod
3213 891 3257 945 si
3301 892 3393 961 qui
3448 893 3594 958 ipsos

2022 984 2310 1055 rogabant,
2350 994 2409 1038 ut
2433 999 2651 1038 manum
2683 984 2785 1038 sibi
2818 998 2883 1038 ac
2915 982 3123 1037 ferrum
3164 984 3594 1048 commodarent.

2023 1081 2337 1148 arrogantia
2392 1077 2541 1143 elati,
2593 1076 2725 1133 fami
2779 1076 3147 1132 conﬁciendos
3194 1076 3597 1145 relinquebant.

2025 1168 2193 1223 Porro
2217 1168 2568 1224 morientium
2615 1167 2812 1238 singuli
2853 1184 2974 1224 cum
3022 1166 3310 1223 seditiosos
3358 1166 3462 1223 sibi
3499 1183 3596 1222 su-

2021 1261 2282 1331 perstites
2317 1262 2705 1331 relinquerent,
2743 1261 2867 1316 lixis
2893 1261 3068 1317 oculis
3098 1261 3353 1331 templum
3381 1271 3598 1329 specta-

2020 1354 2175 1409 bant.
2240 1354 2314 1409 At
2375 1353 2615 1409 seditiosi
2673 1353 2942 1423 principio
2992 1353 3214 1423 quidem
3260 1367 3326 1408 ex
3380 1352 3596 1422 publico

2022 1448 2216 1500 aerario
2248 1456 2494 1502 mortuos
2536 1447 2749 1502 humari
2777 1447 3075 1517 iusserant,
3110 1461 3232 1501 cum
3269 1445 3592 1501 cadaverum

2024 1537 2276 1594 faetorem
2305 1538 2454 1593 ferre
2490 1554 2596 1593 non
2651 1548 2895 1609 possent.
2932 1538 3128 1594 Postea
3173 1553 3300 1594 vero
3339 1554 3461 1593 cum
3496 1541 3598 1594 bu-

2025 1633 2239 1688 mandis
2271 1632 2595 1701 corporibus
2623 1648 2962 1702 nequaquam
2989 1633 3318 1697 sullicerent,
3374 1633 3427 1687 in
3469 1650 3595 1703 pro-

337 1717 464 1781 τοὺς
507 1716 843 1787 ἐμπνέοντας
883 1714 932 1766 οί
962 1711 1158 1784 λῃσταὶ
1196 1708 1513 1781 διηρεύνων,
1558 1708 1633 1779 μή
1689 1723 1774 1770 τις
1821 1705 1920 1758 ὑπὸ

2029 1724 2224 1780 fundas
2259 1725 2547 1795 voragines
2575 1724 2641 1779 de
2682 1740 2835 1779 muro
2856 1723 3237 1794 projiciebant.
3283 1724 3429 1791 Quas
3475 1726 3596 1795 qui-

339 1783 554 1863 xdlmv‘
581 1806 720 1878 ἔχων
749 1805 977 1879 τροφὴν,
1015 1804 1311 1875 σκήπτοιτο
1336 1800 1428 1853 τὸν
1458 1798 1686 1853 θάνατον
1728 1796 1915 1851 αὐτοῦ.
1950 1783 1994 1838 Β

340 1900 405 1955 Oi
433 1899 489 1953 δὲ
513 1898 604 1951 ὑπ’
630 1897 837 1960 ἐνδείας
862 1895 1176 1967 κεχηνότες,
1198 1892 1388 1964 ὥσπερ
1424 1890 1730 1953 λυσσῶντες
1760 1888 1919 1953 κύνες

340 1988 686 2059 ἐσφάλλοντο,
721 1986 816 2041 καὶ
845 1984 1236 2058 παρεφέροντο,
1263 1985 1385 2046 ταῖς
1408 1999 1468 2035 τε
1503 1980 1694 2054 θύραις
1727 1978 1921 2034 ἐνσειό-

344 2097 496 2151 μενοι
546 2078 849 2151 μεθυόντων
900 2076 1120 2149 τρόπον,
1182 2075 1275 2128 καλ.
1324 2073 1431 2128 ὑπὸ
1476 2070 1786 2144 ἀμηχανίας
1840 2071 1920 2135 είς

339 2172 466 2236 τοὺς
509 2170 705 2232 αὐτοὺς
734 2167 916 2232 οἴκους
957 2165 1258 2236 εἰσεπήδων
1288 2164 1370 2229 δὶς
1405 2164 1439 2236 ἢ
1476 2165 1595 2237 τρὶς
1633 2162 1752 2236 ὥρᾳ
1798 2163 1914 2234 μιᾷ.

341 2263 529 2317 Πάντα
563 2262 607 2315 δ’
633 2262 724 2315 ὑπ’
764 2260 982 2323 ὀδόντας
1010 2253 1145 2329 ἦγεν
1184 2258 1218 2327 ή
1248 2256 1484 2325 ἀνάγκη.
1525 2257 1635 2310 Καὶ
1669 2255 1738 2308 τὰ
1781 2254 1915 2326 μηδέ

341 2355 453 2416 τοῖς
510 2351 918 2423 ῥυπαρωτάτοις
973 2348 1082 2403 τῶν
1144 2348 1353 2418 ἀλόγων
1413 2345 1567 2412 ζώων
1635 2346 1918 2419 πρόσφορα
1999 2360 2005 2369 ’

346 2443 713 2512 συλλέγοντες,
746 2441 942 2496 ἐσθίειν
975 2441 1265 2513 ὑπέφερον.
1306 2442 1609 2514 Ζωστήρων
1649 2439 1781 2509 γοῦν
1823 2439 1918 2492 καὶ

343 2533 702 2606 ὑποδημάτων
728 2532 1094 2586 τοτελευταῖον
1127 2532 1227 2585 οὐκ
1257 2530 1680 2597 ἀπέσχοντο,καὶ
1698 2527 1768 2582 τά
1801 2527 1917 2598 δέρ-

346 2641 494 2694 ματα
526 2622 635 2677 τῶν
663 2622 869 2695 θυρεῶν
908 2620 1260 2692 ἀποδέροντες
1300 2618 1600 2690 ἐμασῶντο.
1636 2616 1820 2689 Τροφὴ
1860 2617 1917 2672 δὲ

340 2710 411 2786 ἦν
447 2714 539 2767 καὶ
568 2713 761 2785 χόρτου
807 2712 918 2765 τισὶ
963 2708 1191 2765 παλαιοῦ
1233 2709 1619 2781 σπαράγματα.
1655 2705 1766 2770 Τάς
1806 2705 1923 2775 γὰρ’

342 2806 460 2869 [νας
494 2803 623 2858 ἔνιοι
664 2803 1031 2872 συλλέγοντες,
1072 2801 1352 2872 ἐλάχιστον
1401 2798 1638 2870 σταθμὸν
1675 2796 1917 2852 ἐπώλουν

351 2894 612 2949 Ἀττικῶν
659 2894 957 2967 τεσσάρων.
1007 2894 1119 2948 Καὶ
1169 2893 1220 2946 τί
1273 2891 1356 2945 δεῖ
1404 2889 1503 2962 τὴν
1552 2890 1640 2943 ἐπ’
1689 2888 1916 2961 ἀψύχοις

340 2986 611 3041 ἀναίδειαν
649 2987 744 3040 τοῦ
775 2986 935 3057 λιμοῦ
980 2985 1190 3056 λέγειν;
1239 2980 1355 3056 εἶμι
1391 2983 1502 3057 γάρ
1538 2982 1704 3038 αὐτοῦ
1734 2982 1912 3055 δηλώ-

341 3094 449 3131 σων
500 3077 678 3149 ἔργον,
724 3078 904 3130 ὁποῖον
940 3078 1079 3148 μήτε
1130 3068 1259 3148 παρ’
1282 3073 1536 3146 Ἕλλησι,
1582 3074 1720 3146 μήτε
1766 3073 1917 3146 παρά

340 3168 631 3241 βαρϐάροις
661 3168 962 3241 ἱστόρηται,
995 3168 1218 3239 φρικτὸν
1255 3167 1351 3239 μὲν
1381 3167 1573 3229 εἰπεῖν,
1604 3165 1828 3221 ἄπιστον
1867 3165 1911 3219 δ’

337 3256 588 3313 ἀκοῦσαι.
630 3258 740 3310 Καὶ
786 3257 960 3327 ἔγωγε
998 3257 1071 3329 μὴ
1118 3256 1332 3327 δόξαιμι
1370 3254 1756 3327 τερατεύεσθαι
1788 3257 1913 3319 ’τοῖς

338 3342 493 3411 αὖθις
560 3346 905 3418 ἀνθρώποις,
965 3346 1066 3401 κᾶν
1130 3346 1427 3418 παρέλιπον
1474 3344 1572 3415 τὴν
1629 3344 1913 3416 συμφορὰν

338 3438 528 3508 ἡδέως,
558 3439 607 3491 εἰ
641 3437 715 3508 μὴ
741 3437 849 3491 τῶν
874 3439 993 3491 κατ’
1019 3438 1252 3509 ἐμαυτὸν
1285 3433 1428 3507 εἶχον
1465 3436 1724 3507 ἀπείρους
1770 3434 1913 3506 μάρ-

339 3546 543 3600 τυρας,
597 3528 771 3592 ἄλλως
810 3545 869 3581 τε
934 3529 1028 3581 καὶ
1093 3529 1304 3600 ψυχρὰν
1356 3527 1422 3582 ἂν
1463 3526 1804 3596 καταθείμην
1843 3528 1910 3597 τῇ

340 3620 559 3692 πατρίδι
600 3620 760 3691 χάριν
804 3618 1180 3689 καθυφέμενος
1210 3619 1302 3673 τὸν
1332 3619 1490 3688 λόγον
1524 3617 1655 3689 (59),
1700 3610 1774 3670 ὧν
1817 3615 1914 3669 πέ-

338 3712 501 3766 πονθε
533 3712 602 3766 τά
630 3711 787 3782 ἔργα.
826 3709 968 3780 Γυνὴ
1009 3709 1116 3762 τῶν
1144 3710 1284 3781 ὑπὲρ
1313 3709 1405 3763 τὸν
1438 3707 1705 3779 Ἰορδάνην
1732 3723 1916 3760 κατοι-

336 3806 593 3866 κούντων,
616 3801 805 3873 Μαρία
832 3798 1086 3870 τοῦνομα,
1115 3799 1320 3870 πατρὸς
1351 3796 1697 3869 Ἐλεαζάρου,
1721 3793 1913 3866 κώμης

335 3893 595 3967 Βαθεζώρ
611 3911 626 3926 ο
662 3893 913 3965 σημαίνει
945 3892 1004 3945 δὲ
1029 3889 1185 3944 τοῦτο
1200 3883 1364 3955 οἶκος
1381 3885 1795 3945 ὑσσώπουοδιά
1822 3887 1914 3956 γέ-

335 4004 425 4051 νος
451 3987 545 4041 καὶ
586 3984 812 4040 πλοῦτον
845 3982 1134 4055 ἐπίσημος,
1172 3982 1310 4054 μετά
1335 3981 1430 4036 τοῦ
1454 3979 1642 4037 λοιποῦ
1672 3978 1909 4052 πλήθους

335 4083 416 4144 είς
466 4080 535 4135 τά
593 4079 934 4152 Ἱεροσόλυμα
975 4074 1367 4148 καταφυγοῦσα
1420 4074 1905 4146 συνεπολιορκεῖτο.

335 4171 551 4241 Ταύτης
578 4171 675 4243 τὴν
694 4171 800 4242 μὲν
820 4168 985 4241 ἀλλην
1015 4170 1206 4242 κτῆσιν
1230 4169 1280 4222 oi
1299 4166 1551 4240 τύραννοι
1582 4166 1907 4237 διήρπασαν,

333 4264 464 4335 ὅσην
494 4265 558 4317 ἐκ
597 4263 695 4333 τῆς
746 4262 985 4334 Περαίας
1034 4259 1541 4331 ἀνασκευασαμένη,
1578 4259 1909 4330 μετήνεγκεν

334 4359 414 4421 εἰς
442 4355 540 4427 τὴν
566 4355 739 4409 πόλιν·
765 4354 833 4409 τά
861 4353 918 4407 δέ
948 4353 1175 4423 λείψανα
1211 4352 1318 4406 τῶν
1344 4349 1642 4421 κειμηλίων
1673 4346 1774 4401 κᾶν
1807 4349 1907 4400 είτι

332 4447 538 4521 τροφῆς
556 4445 888 4518 ἐπινοηθείη,
913 4441 1033 4496 καθ’
1055 4442 1267 4514 ἡμέραν
1284 4438 1644 4510 εἰσπηδῶντες
1663 4435 1909 4508 ἥρπαζον
1942 4470 1983 4524 D

330 4543 380 4596 ol
424 4537 726 4611 δορυφόροι.
766 4536 923 4607 Δεινὴ
965 4535 1023 4588 δέ
1050 4550 1133 4597 τις
1172 4535 1234 4587 τδ
1277 4532 1496 4602 γύναιον
1541 4530 1910 4599 ἀγανάκτησις

329 4630 523 4703 είσῄει.
562 4629 673 4682 Καὶ
715 4625 974 4690 πολλάκις
1020 4624 1332 4696 λοιδοροῦσα
1372 4624 1466 4677 καὶ
1508 4619 1871 4694 καταρωμένη
1894 4659 1910 4685 ,

330 4725 456 4788 τοὺς
486 4722 737 4793 ἀρπαγας
766 4722 854 4790 ἐφ’
895 4720 1093 4791 ἐαυτὴν
1117 4717 1388 4791 ἠρέθιζεν.
1427 4715 1514 4779 Ὠς
1544 4713 1588 4767 δ’
1616 4711 1739 4766 οὔτε
1768 4728 1911 4782 παρα

331 4814 649 4886 οξυνόμενός
691 4830 777 4877 τις
815 4810 929 4866 οὔτ’
957 4810 1121 4865 ἐλεῶν
1151 4810 1320 4882 αὐτὴν
1355 4809 1572 4880 ἀνῄρει,
1601 4805 1694 4860 καὶ
1722 4805 1782 4857 τὸ
1813 4804 1910 4874 μὲν

403 5057 514 5186 ἝἸ)
566 5056 681 5125 Τῆς
726 5054 1094 5138 Σοδομηνῆς.
1133 5054 1225 5111 Sic
1252 5053 1304 5107 in
1326 5044 1897 5136 codic..Regio.Maz.,

326 5129 407 5189 Fu
453 5171 466 5184 .
514 5139 570 5183 et
621 5127 899 5183 Savdtano
953 5138 1213 5196 scriptum
1245 5139 1443 5196 reperi,
1475 5134 1662 5196 sicque
1701 5121 1898 5196 legitur

326 5186 471 5272 apud
498 5197 859 5272 Nicephorum
896 5186 1670 5272 et‘Josepbumiguaedectio
1705 5186 1900 5269 melior

324 5257 411 5327 est
457 5257 862 5336 quam-vulgata
896 5257 1229 5336 Σοδομικῆςζ
1302 5257 1597 5317 Dicendum
1636 5257 1780 5312 enim
1812 5270 1898 5310 es-

325 5351 408 5398 set
434 5332 814 5409 Σοδομιτικῆς,
836 5351 940 5409 non
970 5332 1286 5409 Σοδομ-ικῆς.

398 5395 817 5484 (58)-Πὶστιςδ
837 5395 1287 5484 ἀπορίαςξᾘιιὶιο
1312 5399 1499 5484 locum
1520 5395 1897 5484 Cliristqplior-

324 5464 670 5548 sonus'longa
701 5464 992 5532 verborum
1023 5464 1268 5548 ambage,
1306 5467 1696 5548 ωροτε-δοιοί,
1723 5464 1893 5548 invol-

324 5533 421 5604 vit
443 5533 801 5618 potiusuquam
837 5544 1113 5618 exposuit,
1141 5533 1239 5594 nec
1256 5533 1431 5618 magis
1464 5536 1699 5589 ﬁdeliter
1736 5533 1894 5589 Gele-

325 5610 468 5674 nius'.
504 5610 730 5671 Ruﬁn—us
759 5610 939 5669 autem
967 5615 1185 5669 brevius
1213 5610 1428 5680 quidem
1454 5620 1617 5675 quam
1650 5620 1749 5659 nos
1773 5619 1892 5657 ver-

328 5690 385 5726 m
461 5687 586 5726 ειη..
610 5684 791 5726 ἠηιρηι
822 5700 911 5726 ηερε
946 5683 1165 5726 mni-mis
1201 5687 1333 5726 erat.
1361 5676 1468 5726 Sed
1506 5676 1729 5726 verbum
1761 5672 1892 5726 ἀπο-

1801 5689 1896 5726 τω.-

328 5690 413 5759 tit.
456 5684 791 5759 ﬁdesinutem
821 5700 911 5738 nec
946 5683 1165 5759 mortuis
1201 5676 1336 5759 erat,
1361 5676 1468 5730 Sed
1506 5676 1729 5759 verbum

1786 5757 1893 5798 non

328 5742 471 5827 ριοὶἐ
504 5757 722 5827 omisit,
776 5764 833 5813 et
882 5751 1227 5812 morientibus
1286 5748 1471 5807 dicere
1531 5742 1737 5813 debuit,

2023 1819 2143 1873 dem
2194 1818 2521 1873 circumiens
2571 1817 2750 1882 Titus,
2803 1817 2897 1872 ubi
2938 1818 3183 1887 uppletas
3236 1818 3597 1874 cadaveribus

2019 1909 2190 1976 vidit,
2259 1910 2536 1978 altamque
2600 1911 2809 1964 saniem
2879 1910 3196 1979 putrefactis
3271 1913 3594 1979 corporibus

2020 2001 2372 2067 diiliuenlem,
2402 2003 2692 2072 ingemuit.
2724 2002 3057 2072 sublatisque
3092 2003 3143 2057 in
3176 2002 3373 2057 ccelnm
3416 2004 3596 2058 mani-

2018 2097 2144 2163 bus,
2170 2097 2333 2150 Deum
2389 2106 2620 2150 testatus
2671 2102 2771 2160 est,
2835 2094 3046 2149 facinus
3092 2094 3219 2148 illud
3272 2111 3427 2150 suum
3485 2111 3592 2151 non

2018 2204 2162 2246 esse.
2203 2206 2223 2241 ι
2264 2187 2604 2256 Interpositis
2650 2186 2844 2241 deinde
2896 2186 3190 2253 nonnullis,
3236 2187 3377 2241 idem
3436 2184 3593 2244 Iose-

2019 2282 2157 2353 phus
2197 2283 2312 2335 bene
2353 2278 2582 2348 adjicit:
2618 2298 2635 2330 ι
2661 2278 3012 2349 Nequaquam
3065 2281 3312 2345 verebor,
3369 2280 3589 2349 inquit,

2017 2372 2193 2443 palam
2223 2372 2405 2426 dicere
2429 2385 2551 2439 qua:
2589 2368 2743 2424 dolor
2759 2368 2934 2437 jubet.
2962 2368 3222 2438 Equidem
3248 2370 3511 2433 arbitror,
3540 2369 3590 2423 si

2017 2463 2246 2519 Romani
2277 2460 2560 2517 sceleratis
2602 2460 2719 2515 istis
2751 2461 2973 2515 exitium
3008 2460 3209 2515 inferre
3246 2472 3551 2516 cessassent
3573 2499 3590 2528 ,

2017 2556 2284 2612 authiatu
2318 2564 2496 2621 terras,
2532 2562 2625 2607 aut
2647 2567 2910 2622 aquarum
2941 2549 3314 2615 inundatione,
3352 2562 3443 2605 aut
3485 2551 3592 2605 fui.

2017 2647 2224 2702 minum
2248 2645 2400 2714 jactu
2425 2644 2602 2699 instar
2628 2642 2742 2713 agri
2767 2639 3082 2696 Sodomitici
3121 2641 3395 2695 civitatem
3424 2637 3591 2693 fuisse

2018 2740 2337 2810 perituram.
2423 2736 2634 2807 Quippe
2697 2748 2868 2806 genus
2936 2734 3216 2789 hominum
3287 2732 3592 2802 protulerat

2015 2833 2185 2888 multo
2214 2830 2500 2887 scelestius
2519 2830 2584 2883 iis
2615 2828 2706 2899 qui
2729 2825 2857 2881 talia
2876 2826 3146 2896 quondam
3167 2823 3407 2895 perpessi
3439 2831 3588 2876 sunt.

2014 2926 2203 2997 Itaque
2228 2922 2390 2979 simul
2423 2938 2543 2977 cum
2572 2924 2798 2977 istorum
2818 2921 3002 2976 furore
3022 2933 3086 2973 ac
3111 2916 3330 2972 vesania
3360 2916 3586 2970 univer-

2017 3034 2110 3074 sus
2128 3017 2354 3089 populus
2372 3016 2628 3071 interiit.»
2656 3012 2761 3070 Sed
2780 3023 2829 3069 et
2856 3015 2909 3067 in
2934 3011 3072 3065 libro
3092 3018 3245 3065 sexto
3267 3010 3341 3063 ita
3370 3007 3585 3064 scribit:

1942 3121 1983 3179 ο
2024 3108 2253 3164 «Eorum
2278 3120 2430 3171 vero,
2456 3106 2650 3174 inquit,
2678 3103 2768 3173 qui
2801 3118 2897 3171 per
2921 3102 3193 3156 civitatem
3218 3098 3361 3153 fame
3392 3098 3582 3151 inter.

1992 3196 2600 3265 'ibant,iunumerabilis
2617 3205 2735 3251 erat
2755 3194 3062 3250 multitudo.
3082 3191 3192 3246 Nec
3208 3190 3434 3244 dicendo
3457 3190 3591 3246 satis

2017 3293 2278 3365 explicari
2323 3298 2549 3361 possunt
2579 3288 2743 3355 mala,
2773 3302 2894 3356 quae
2921 3285 3137 3341 assidue
3169 3282 3587 3351 contingebant.

2012 3387 2117 3443 Per
2138 3386 2378 3457 singulas
2404 3382 2547 3439 enim
2577 3382 2767 3437 domos
2788 3379 2960 3435 sicubi
2984 3376 3064 3432 vel
3085 3375 3275 3430 umbra
3301 3375 3588 3445 apparuis-

2013 3491 2091 3536 set
2108 3478 2237 3544 cibi,
2253 3493 2426 3549 pugna
2446 3485 2586 3540 erat,
2605 3486 2660 3529 et
2682 3469 3110 3543 coniunctissimi
3136 3468 3338 3539 quique
3366 3467 3508 3522 inter
3526 3480 3588 3522 se

2013 3574 2124 3646 79
2144 3572 2496 3637 dimicabant,
2525 3569 2758 3626 infelicis
2798 3562 2924 3621 vitae
2949 3562 3188 3620 subsidia
3216 3561 3456 3617 vicissim
3483 3559 3588 3616 sibi

2013 3670 2305 3738 rapientes.
2340 3664 2453 3721 Nec
2488 3679 2636 3720 mors
2684 3664 2801 3732 ipsa
2844 3660 3003 3717 (idem
3051 3656 3293 3727 penuriae
3328 3653 3584 3709 faciebat.

2015 3761 2121 3815 Sed
2160 3775 2255 3814 eos
2295 3758 2388 3828 qui
2417 3771 2720 3817 extremum
2765 3755 3014 3826 spiritum
3058 3748 3410 3808 exhalabant,
3451 3756 3580 3815 per-

2013 3854 2397 3911 scrutabantur
2423 3853 2664 3907 latrones
2688 3891 2704 3914 ,
2732 3863 2798 3902 ne
2834 3846 2956 3917 quis
2984 3842 3127 3899 forte
3154 3841 3330 3896 cibum
3372 3838 3429 3892 in
3455 3836 3581 3891 sinu

2015 3948 2255 4005 abditum
2284 3961 2514 4017 gerens,
2544 3942 2679 3998 mori
2727 3955 2786 3996 se
2848 3936 3151 3993 simularet.
3188 3933 3293 4003 Ipsi
3346 3930 3584 3985 latrones

2014 4057 2125 4113 prae
2150 4040 2327 4096 inedia
2360 4038 2592 4101 hiantes,
2625 4034 2729 4089 buc
2755 4031 2884 4088 illuc
2914 4040 3168 4097 tanquam
3198 4024 3368 4080 rabidi
3395 4036 3580 4085 canes,

2013 4111 2131 4202 vagi
2163 4139 2324 4198 atque
2350 4124 2543 4182 incerti
2591 4123 2907 4179 ferebantur
2937 4136 2952 4173 :
2983 4128 3037 4173 et
3071 4114 3283 4170 foribus
3325 4112 3448 4167 illisi
3496 4111 3582 4164 in-

2011 4235 2125 4279 star
2169 4224 2441 4283 ebriorum
2468 4259 2484 4284 ,
2512 4232 2622 4288 prae
2650 4210 2865 4271 consilii
2904 4210 3084 4279 inopia
3117 4210 3169 4262 in
3214 4205 3433 4261 easdem
3477 4202 3578 4255 do-

2011 4318 2130 4371 mo’s
2156 4314 2349 4368 iterum
2377 4327 2442 4366 ac
2470 4308 2666 4378 smpius
2691 4306 2850 4360 unius
2894 4303 3043 4359 bore
3066 4298 3241 4369 spatio
3270 4293 3578 4352 irruebant.

2011 4407 2181 4461 I’orro
2212 4404 2393 4460 omnia
2421 4400 2624 4470 absque
2651 4394 2970 4453 discrimine
2995 4391 3291 4447 necessitas
3321 4385 3581 4442 mandere

2013 4497 2263 4571 cogebat,
2324 4507 2495 4563 eaque
2515 4492 2678 4548 etiam
2705 4503 2825 4558 quae
2851 4502 2919 4542 ne
2943 4481 3330 4541 sordidissimis
3359 4478 3581 4549 quidem

2013 4590 2339 4649 animalibus
2384 4586 2504 4641 usui
2533 4594 2694 4648 sunt,
2737 4580 3024 4638 comedere
3053 4574 3415 4632 sustinebant.
3465 4571 3579 4628 Po-

2012 4692 2214 4737 stremo
2244 4693 2345 4734 nec
2373 4676 2602 4746 cingulis
2629 4689 2730 4728 nec
2748 4666 3132 4746 calceamentis
3164 4662 3575 4719 abstinuerunt.

2013 4778 2380 4848 Ipsa'quoque
2419 4744 2695 4827 scutorum
2721 4766 2867 4824 coria
2902 4744 3092 4820 avulsa
3133 4758 3385 4816 dentibus
3409 4756 3581 4814 conli-

1981 5024 2225 5146 ἔρρηξε.
2254 5053 2328 5065 -—
2350 5022 2473 5079 Mox
2516 5021 2804 5094 legendum
2825 5061 2842 5089 ,
2886 5017 2942 5074 ni
2979 5014 3142 5074 fallor
3160 5057 3177 5083 ,
3207 5013 3557 5079 ἐκπνέοντας.

2091 5109 2146 5146 τ.

2027 5108 2146 5149 DI'I‘.

2061 5173 2172 5242 (59)
2201 5166 2626 5242 Καθυφέμενος
2645 5160 2754 5242 τρφς
2790 5159 2998 5228 λόγον.
3027 5149 3564 5242 Inop‘tgi‘rnongeqdi?

1987 5220 2313 5298 Ma‘z'iéiﬁié'é
2335 5220 2542 5306 ligitnr
2560 5220 2666 5306 τῶν
2689 5220 3060 5306 λόγωνξήιιυοά
3083 5220 3299 5306 rectius
3328 5220 3555 5273 videtur.

1987 5293 2508 5380 vSV—equiturienini'tbv
2534 5293 2774 5357 πέπονθε
2793 5297 2864 5380 τρι
2890 5293 3049 5380 ἐργα.
3083 5293 3563 5380 xamen-obstipui:-

2275 5357 2564 5450 esteat—lem
2601 5386 2785 5450 manu.
2814 5357 2983 5423 Totus
3009 5374 3190 5450 autem
3223 5360 3310 5413 hic
3331 5357 3484 5450 loc‘us'
3507 5357 3557 5407 in

1984 5423 2965 5513 egigni-:odice‘ita'perscriptusest
2990 5432 3212 5513 adium;
3246 5444 3307 5513 τε
3334 5425 3433 5513 καὶ.
3449 5423 3563 5513 φύῖ

1984 5495 2581 5596 Ξέὲὶῖἂκῖῗὶάἓέσέιξῆὖ
2592 5495 2681 5596 ἑῇ
2712 5495 2931 5596 ius???
2966 5505 3147 5596 $823:
3184 5495 3563 5596 fiﬁﬁ‘fiﬁl’ﬁ‘

1984 5563 2681 5658 ἑξοΐλῶὶυηῑῖεῖξτὲάέδχᾳέ·
2697 5580 2768 5634 τὰ
2795 5563 3557 5658 eive-films;393:12‘3312‘1:

2798 5627 3066 5717 εἱὲᾕίίιιιιι
3104 5627 3561 5717 babcnt'mfeeé-

2144 5699 2883 5800 Nihil?iiué'r'u'iééiioids
2911 5699 2968 5770 in
2989 5712 3202 5793 libant,
3233 5717 3355 5773 cap.
3396 5699 3451 5756 6.
