4192 6436
532 310 632 369 εει
1236 304 1510 364 EUSEBII
1545 306 2028 367 CESARIENSIS
2065 308 2217 366 OPP.
2257 309 2442 366 PARS
2478 311 2520 366 I.
2561 341 2630 354 —
2669 309 3064 369 HISTORICA.
3671 316 3780 373 23%

530 429 767 486 ciebant.
813 424 1099 484 Nonnullis
1139 434 1353 482 vetusta
1387 424 1519 483 freni
1571 431 1931 501 praesegmina
1980 430 2098 485 usui

2203 431 2382 504 εὑρεῖν
2425 429 2594 485 σιτίον
2643 430 2754 501 (60)
2841 431 3022 495 ἀλλοις
3077 428 3301 497 ἐκοπία,
3358 430 3695 503 πανταχόθεν
3734 429 3785 490 δ’

534 521 705 577 fuere.
752 518 984 587 Quidam
1030 516 1174 573 enim
1205 531 1330 573 cum
1380 516 1715 575 festucarum
1765 518 2105 575 levissimum

2207 519 2411 591 ἄπορον
2447 514 2519 591 ἦν
2549 520 2650 591 ήδη
2685 521 2780 573 καὶ
2813 519 2875 572 τὸ
2901 520 3100 591 εὑρεῖν,
3130 522 3160 573 6
3185 519 3341 592 λιμὸς
3365 520 3421 574 δὲ
3456 520 3547 575 διὰ
3575 521 3784 592 σπλάγ-

531 613 741 684 pondus
771 610 1136 682 collegissent,
1172 621 1406 682 quatuor
1453 611 1651 667 Atticis
1682 612 1961 667 drachmis
2016 627 2105 667 ve-

2208 628 2349 681 χνων
2386 627 2445 664 τε
2479 612 2573 665 καὶ
2606 611 2817 683 μυελῶν
2844 611 3070 683 ἐχώρει,
3115 613 3207 666 καὶ
3248 612 3345 667 τοῦ
3385 611 3544 685 λιμοῦ
3585 614 3787 686 μᾶλλον

534 704 885 760 numdabant.
935 704 1042 759 Sed
1076 704 1206 774 quid
1233 719 1370 776 opus
1394 715 1479 761 est
1517 704 1907 773 impudentiam
1946 713 2105 775 atque

2207 701 2515 769 ἐξεκαίοντο
2549 706 2598 757 ol
2642 705 2825 776 θυμοὶ,
2859 706 3160 777 σύμϐουλον
3200 705 3438 760 Λαϐοῦσα
3473 707 3572 778 τὴν
3615 708 3785 781 ὀργὴν

534 797 931 867 improbitatem
957 796 1118 851 famis
1146 796 1202 851 in
1235 798 1399 853 rebus
1429 796 1744 852 inanimatis
1775 796 2105 852 ostendere?

2209 794 2348 865 μετά
2377 794 2475 865 τῆς
2518 797 2787 866 ἀνάγκης,
2827 797 2919 850 ἐπὶ
2957 797 3056 869 τὴν
3099 797 3259 867 φύσιν
3302 796 3517 870 ἐχώρει.
3569 799 3680 854 Καὶ
3723 801 3787 856 τὸ

534 888 767 944 Facinus
815 888 1063 944 dicturus
1098 904 1255 954 sum,
1283 889 1591 960 cujus-modi
1628 903 1727 945 nec
1771 888 1912 959 apud
1955 888 2106 945 Graec

537 995 631 1036 eos
656 996 757 1037 nec
818 983 961 1052 apud
996 981 1262 1038 barbaros
1288 989 1500 1051 gestum
1538 979 1707 1038 fuisse
1728 990 2092 1046 memoratur,

531 1080 587 1127 et
612 1073 757 1143 quod
790 1082 901 1127 tum
930 1072 1081 1128 dictu
1105 1073 1436 1128 horrendum
1462 1112 1481 1141 ,
1511 1083 1623 1128 tum
1656 1075 1843 1131 auditu
1877 1076 2108 1132 incredi-

530 1162 640 1219 bile
682 1163 974 1219 videbitur.
1025 1163 1211 1233 Itaque
1262 1163 1439 1220 libens
1486 1175 1634 1222 certe
1685 1168 2104 1223 acerbissimum

531 1254 675 1311 hunc
700 1270 889 1311 casum
918 1255 1139 1311 silentio
1173 1256 1554 1325 praeteriissem
1576 1299 1594 1325 ,
1626 1274 1694 1313 ne
1723 1261 1923 1328 posteri
1954 1259 2106 1314 fabu-

530 1346 612 1403 las
637 1362 704 1404 ac
734 1357 985 1419 portenta
1017 1362 1104 1403 me
1135 1347 1283 1419 loqui
1311 1349 1646 1415 existiment,
1668 1352 1769 1407 nisi
1801 1366 1868 1407 ex
1900 1362 2101 1408 nostra

529 1440 708 1495 aetatis
737 1440 1051 1496 hominibus
1099 1448 1263 1495 testes
1301 1440 1558 1498 haberem
1598 1459 1763 1514 prope
1802 1444 2109 1500 innumera-

531 1532 690 1588 biles.
721 1532 990 1589 Catterum
1036 1534 1153 1589 leve
1187 1548 1251 1588 ac
1297 1534 1549 1606 frigidum
1580 1538 1849 1606 quoddam
1873 1537 2103 1593 cilicium

532 1624 723 1694 patria:
770 1634 1085 1694 prmstarem
1112 1666 1128 1691 ,
1174 1624 1221 1679 si
1257 1642 1378 1695 quae
1414 1626 1554 1681 mala
1601 1642 1661 1682 re
1700 1628 1818 1699 ipsa
1852 1644 2105 1698 perpessa

530 1725 636 1781 est,
665 1717 913 1772 oratione
951 1717 1373 1775 dissimularem.
1421 1718 1615 1774 Mulier
1649 1723 1894 1790 quaedam
1930 1720 2099 1775 Maria

2203 885 2415 953 τέκνον,
2453 882 2522 959 ἦν
2567 888 2612 941 δ’
2643 889 2778 961 αύτῇ
2830 891 2960 953 παῖς
2998 889 3356 959 ύπομάσθιος,
3398 891 3783 965 ἁρπασαμένη,

2212 995 2232 1029 ι
2262 978 2491 1050 Βρέφος,
2522 975 2695 1043 εἶπεν,
2713 979 2915 1046 ἄθλιον,
2934 983 2993 1035 ἐν
3014 982 3234 1053 πολέμῳ
3250 984 3343 1037 καὶ
3358 982 3502 1055 λιμῷ
3530 984 3626 1038 καὶ
3657 986 3786 1040 στά-

2208 1085 2309 1135 σει,
2344 1069 2448 1122 τίνι
2477 1085 2537 1121 σε
2577 1070 2758 1141 τηρῶ;
2791 1071 2859 1126 τά
2894 1074 2993 1142 μὲν
3032 1073 3181 1146 παρά
3216 1075 3534 1145 Ῥωμαίοις,
3572 1074 3785 1131 δουλεία

2206 1160 2312 1215 κᾶν
2338 1160 2593 1233 ζήσωμεν
2629 1164 2716 1215 ἐπ’
2742 1163 2923 1227 αὐτοῖς
2950 1164 3083 1235 (61),
3116 1166 3306 1235 φθάνει
3339 1166 3395 1220 δὲ
3421 1168 3512 1220 καὶ
3542 1166 3784 1223 δουλείαν

2204 1253 2233 1305 6
2262 1251 2439 1323 λιμὸς,
2467 1254 2518 1305 oi
2567 1254 2887 1308 cruciasset
2932 1254 2989 1308 δὲ
3020 1256 3343 1328 ἀμφοτέρων
3389 1256 3777 1331 χαλεπώτεροι.

2208 1343 2340 1409 Ἴθι,
2372 1344 2529 1412 γενοῦ
2565 1363 2655 1416 μοι
2702 1346 2910 1419 τροφὴ,
2954 1348 3193 1412 καὶτοῖς
3243 1351 3590 1414 στασιασταῖς
3639 1353 3785 1423 ἐριν-

2203 1435 2297 1498 vi»;
2331 1434 2464 1506 (62),
2498 1436 2593 1489 καὶ
2622 1436 2700 1506 τῷ
2729 1436 2829 1506 βίῳ
2875 1435 3062 1506 μῦθος,
3100 1437 3129 1488 6
3165 1436 3324 1507 μόνος
3369 1436 3631 1491 ἐλλείπων
3663 1420 3783 1503 ταῖς
3827 1420 3841 1441 ⁸

2217 1527 2480 1581 Ἰουδαίων
2515 1532 2836 1599 συμφοραῖς.
2860 1545 2882 1581 s
2910 1531 3019 1583 Kal.
3046 1529 3197 1582 ταῦθ’
3216 1529 3331 1600 ἄμα
3359 1529 3613 1598 λέγουσα,
3639 1530 3785 1584 κτεί-

2202 1636 2282 1672 νει
2314 1618 2404 1673 τδν
2446 1619 2578 1673 υἱόν.
2616 1620 2825 1674 Ἐπειτ’
2866 1621 3182 1692 ὀπτήσασα,
3223 1619 3285 1673 τὸ
3322 1620 3422 1691 μὲν
3447 1621 3620 1692 ἥμισυ
3647 1638 3780 1677 κατ-

2206 1711 2401 1776 εσθίει,
2448 1711 2509 1765 τὸ
2550 1712 2608 1765 δὲ
2639 1712 2821 1767 λοιπὸν
2850 1711 3298 1784 κατακαλύψασα,
3337 1715 3651 1785 ἐφύλαττεν.
3680 1714 3784 1769 E6-

531 1808 775 1875 nomine,
807 1807 1049 1865 Eleazari
1078 1809 1212 1876 ﬁlia,
1238 1825 1305 1864 ex
1334 1810 1554 1878 regione
1572 1822 1694 1881 qua:
1728 1820 1878 1868 trans
1905 1810 2099 1868 Jorda-

2203 1803 2334 1868 θέως
2364 1803 2408 1857 δ’
2441 1804 2491 1857 οί
2538 1805 2859 1857 στασιασταὶ
2907 1805 3192 1877 παρῆσαν,
3233 1808 3327 1861 καὶ
3372 1806 3472 1878 τῆς
3519 1806 3780 1878 ἀθεμίτου

533 1915 659 1956 nem
688 1900 791 1956 sita
831 1910 933 1963 est,
966 1902 1085 1957 vico
1114 1899 1407 1968 Bathezor,
1443 1917 1564 1973 quas
1596 1918 1696 1958 vox
1738 1903 1955 1974 hyssopi
2000 1903 2100 1960 do-

534 2007 680 2046 mum
714 1992 1007 2063 signiilcat,
1066 2007 1264 2064 genere
1289 2001 1450 2064 atque
1489 1994 1682 2065 opibus
1710 1994 1956 2061 illustris,
1978 2010 2100 2050 cum

533 2082 908 2155 Hierosolyma
955 2084 1323 2157 perfugisset,
1361 2102 1469 2140 una
1518 2101 1641 2141 cum
1684 2086 1891 2156 reliqua
1935 2086 2106 2140 homi-

533 2191 661 2231 num
690 2177 1036 2233 multitudine
1065 2178 1290 2234 obsessa
1316 2179 1625 2233 tenebatur.
1653 2176 1822 2247 Hujus
1841 2177 2102 2247 reliquam

532 2283 748 2324 omnem
782 2268 1178 2340 supellectilem
1205 2308 1221 2336 ,
1269 2283 1433 2339 quam
1464 2268 1554 2322 illa
1586 2285 1653 2324 ex
1686 2269 1943 2325 ulteriore
1982 2268 2105 2325 Jor-

532 2361 688 2417 danis
719 2360 839 2432 ripa
885 2361 1086 2430 raptim
1135 2360 1420 2416 collectam
1449 2360 1504 2416 in
1536 2362 1727 2417 urbem
1778 2361 2101 2429 advexerat,

527 2454 639 2525 jam
673 2453 892 2531 tyranni
943 2453 1301 2525 diripuerant.
1348 2451 1505 2524 Ipsae
1552 2464 1733 2510 autem
1781 2469 2102 2525 magnarum

530 2559 694 2613 opum
712 2544 1069 2617 reliquias,et
1094 2544 1358 2614 quidquid
1406 2544 1651 2601 aiimenti
1681 2546 1796 2616 ipsa
1837 2546 1938 2601 sibi
1968 2560 2105 2602 con-

530 2636 753 2705 quirere
784 2642 1037 2705 poterat,
1069 2636 1346 2692 irruentes
1362 2626 1623 2706 ‘quotidic
1664 2637 1930 2693 satellites
1954 2636 2106 2693 aufe-

531 2732 747 2786 rebant.
781 2730 853 2786 Ea
897 2746 985 2787 res
1028 2730 1279 2785 mulieris
1312 2730 1553 2785 animum
1580 2732 1933 2787 acerbissima
1970 2747 2106 2803 qua-

532 2825 656 2880 dam
703 2824 1071 2895 indignatione
1119 2823 1434 2879 commovit.
1471 2824 1549 2880 .13
1581 2839 1953 2894 sa'penumcro
1978 2838 2109 2880 con-

533 2916 688 2970 viciis
724 2923 782 2970 et
821 2916 957 2970 diris
991 2914 1475 2984 imprecationibus
1520 2915 1807 2984 praedones
1840 2917 1905 2971 de
1945 2916 2106 2971 indu-

531 3006 666 3064 stria
694 3006 751 3061 in
774 3006 1115 3077 semetipsam
1136 3006 1421 3063 incitabat.
1437 3004 1546 3061 Sed
1567 3020 1689 3062 cum
1719 3007 2105 3064 nemoillorum

532 3111 631 3154 seu
675 3097 756 3152 ira
800 3111 897 3152 seu
932 3097 1282 3153 miseratione
1322 3110 1650 3165 commows,
1693 3099 1864 3169 ipsam
1898 3100 2107 3155 interi-

2203 1894 2426 1964 κνίσσης
2467 1894 2790 1959 σπάσαντες,
2832 1896 3086 1965 ἠπείλουν
3128 1899 3177 1951 εί
3219 1898 3294 1971 μὴ
3328 1898 3521 1964 δείξειε
3566 1900 3627 1953 τὸ
3674 1917 3779 1954 πα-

2206 1985 2593 2059 ρασκευασθὲν,
2621 1987 2955 2057 ἀποσφάξειν
2998 1989 3169 2062 αὐτὴν
3210 1990 3429 2055 εὐθέως.
3465 1991 3532 2044 Ἠ
3578 1991 3636 2045 δὲ
3684 1992 3779 2046 καὶ

2206 2083 2400 2150 μοῖραν
2427 2080 2609 2144 αὐτοῖς
2642 2080 2873 2135 εἰποῦσα
2916 2082 3086 2155 καλὴν
3125 2083 3518 2155 τετηρηκέναι,
3558 2083 3629 2137 τά
3672 2082 3781 2137 λεί-

2201 2164 2347 2234 ψανα
2375 2165 2468 2219 τοῦ
2501 2167 2691 2221 τέκνου
2724 2168 3131 2240 διανεκάλυψεν.
3154 2172 3292 2236 Τοὺς
3318 2173 3362 2226 δ’
3385 2172 3585 2238 εὐθέως
3609 2174 3777 2246 φρίκη

2205 2259 2299 2312 καὶ
2362 2259 2571 2330 φρενῶν
2633 2260 2888 2326 ἔκστασις
2945 2263 3103 2335 ᾔρει,
3165 2266 3260 2319 καὶ
3312 2266 3465 2337 παρά
3512 2266 3610 2339 τὴν
3660 2266 3780 2337 ὄψιν

2203 2350 2568 2423 ἐπεπήγεσαν.
2588 2353 2649 2407 Ἡ
2667 2353 2737 2418 δ’,
2762 2373 2780 2406 ι
2813 2355 2996 2426 Ἐμὸν,
3013 2356 3140 2427 ἔφη,
3163 2357 3321 2410 τοῦτο
3346 2358 3407 2411 τὸ
3434 2359 3623 2413 τέκνον
3649 2360 3782 2431 γνή-

2207 2460 2340 2509 σιον,
2378 2445 2472 2499 καὶ
2508 2445 2568 2499 τὸ
2605 2445 2767 2518 ἔργον
2802 2448 2956 2520 ἐμόν.
2998 2450 3237 2518 Φάγετε,
3275 2451 3369 2505 καὶ
3406 2451 3514 2524 γάρ
3544 2449 3656 2520 ἐγὼ
3689 2451 3781 2523 βέ-

2203 2538 2412 2611 ϐρωκα.
2449 2539 2541 2609 Μὴ
2590 2540 2820 2612 γένησθε
2875 2542 3011 2612 μήτε
3063 2541 3443 2614 μαλακώτεροι
3489 2544 3779 2613 γυναικὸς,

2207 2630 2344 2700 μήτε
2387 2630 2824 2702 συμπαθέστεροι
2869 2633 3092 2704 μητρός.
3128 2634 3191 2687 El
3226 2633 3271 2687 δ’
3319 2635 3478 2705 ὑμεῖς
3515 2634 3779 2701 εὐσεϐεῖς,

2205 2719 2301 2773 καὶ
2341 2719 2441 2792 τὴν
2474 2720 2613 2792 ἐμὴν
2645 2723 3053 2795 ἀποστρέφεσθε
3088 2723 3297 2789 θυσίαν,
3330 2725 3439 2795 ἐγὼ
3475 2726 3574 2797 μὲν
3608 2728 3780 2799 ἥμισυ

2207 2810 2481 2883 βέϐρωκα,
2502 2814 2595 2867 καὶ
2621 2813 2874 2869 τδλοιπὸν
2902 2814 2948 2869 δ’
2975 2816 3098 2887 ἐμοὶ
3120 2819 3375 2888 μεινάτω.
3400 2836 3420 2871 ι
3444 2820 3599 2875 Μετά
3629 2820 3781 2876 ταῦθ’

2204 2905 2254 2956 0i
2294 2906 2390 2976 μὲν
2427 2907 2720 2979 τρέμοντες
2750 2908 2995 2979 ἐξῄεσαν,
3034 2912 3170 2983 πρὸς
3200 2911 3257 2965 ἓν
3286 2914 3444 2968 τοῦτο
3471 2914 3654 2979 δειλοὶ,
3689 2917 3782 2973 καὶ

2209 2996 2361 3067 μόλις
2385 2998 2590 3070 ταύτης
2612 3000 2711 3072 τῆς
2737 3004 2943 3074 τροφῆς
2968 3006 3034 3076 τῇ
3068 3006 3233 3077 μητρὶ
3261 3009 3777 3085 παραχωρήσαντες.

2221 3089 2554 3163 ’Δνεπλήσθη
2590 3092 2635 3145 δ’
2678 3094 2879 3159 εὐθέως
2919 3095 3014 3166 ὅλη
3043 3096 3136 3150 τοῦ
3176 3096 3379 3168 μύσους
3411 3101 3443 3170 ή
3478 3100 3651 3167 πόλις,
3687 3101 3781 3157 καὶ

532 3198 722 3254 ceret,
757 3191 1089 3258 taederetque
1136 3189 1310 3259 ipsam
1353 3188 1476 3244 aliis
1521 3163 1929 3259 cibum—parare
1952 3230 1968 3255 ,
2002 3205 2103 3245 nec

2208 3181 2313 3250 πρὸ
2356 3183 2620 3255 ὀμμάτων
2664 3186 2892 3252 ἕκαστος
2933 3163 3013 3242 τδ’
3036 3163 3206 3253 πάθος
3247 3163 3663 3262 ἀναλαμϐάνων,
3702 3193 3780 3259 ὡς

529 3295 663 3336 vero
688 3280 798 3351 jam
830 3282 1056 3351 parandi
1087 3281 1229 3338 ullus
1259 3287 1452 3339 modus
1482 3291 1792 3354 superesset
1820 3299 1834 3336 :
1870 3296 2104 3352 cumque

532 3371 752 3428 interim
784 3371 955 3430 fames
993 3371 1303 3429 visceribus
1341 3388 1406 3430 ac
1441 3373 1558 3445 80
1594 3372 1843 3429 medullis
1887 3374 2105 3442 penitus

532 3462 829 3534 insideret,
858 3475 914 3521 et
952 3466 1252 3537 indignatio
1291 3466 1456 3538 longe
1499 3466 1675 3537 magis
1704 3480 1868 3537 quam
1917 3463 2105 3520 inedia

522 3555 908 3615 ei’fervesceret
925 3561 956 3623 ,'
972 3557 1167 3614 mulier
1216 3558 1371 3613 malis
1423 3556 1822 3615 consultoribus
1871 3570 1968 3612 usa
2019 3556 2104 3611 fn-

532 3663 659 3705 rore
683 3664 747 3705 ac
772 3649 1101 3706 necessitate
1125 3690 1142 3717 ,
1182 3649 1445 3705 adversus
1474 3658 1724 3704 naturam
1765 3647 1938 3718 ipsam
1974 3661 2107 3702 con-

532 3741 796 3810 surrexit;
846 3748 1175 3810 arreptoque
1228 3739 1340 3794 lilio
1384 3753 1543 3809 quem
1595 3739 1770 3795 adhuc
1816 3737 2102 3793 lactentem

2206 3276 2340 3348 παρ’
2382 3276 2533 3349 αὐτῷ
2573 3279 2837 3350 τολμηθὲν
2880 3281 3000 3355 (63)
3044 3281 3231 3347 δεινῶς
3277 3284 3518 3357 ἔφριττε.
3569 3286 3780 3360 Σπουδὴ

2208 3365 2266 3420 δέ
2295 3367 2478 3423 λοιπὸν
2507 3369 2616 3423 τῶν
2651 3370 3025 3441 λιμωττόντων
3062 3376 3156 3430 ἐπὶ
3185 3376 3275 3430 τὸν
3308 3376 3535 3431 θάνατον
3562 3373 3651 3451 ἦν,
3684 3396 3779 3433 και

2209 3461 2559 3532 μακαρισμὸς
2587 3461 2695 3515 τῶν
2735 3462 3056 3532 φθασάντων
3101 3468 3229 3541 πρὶν
3255 3468 3487 3524 ἀκοῦσαι
3515 3471 3609 3526 καὶ
3652 3470 3778 3526 θεά·

2206 3551 2402 3607 σασθαι
2437 3552 2584 3607 κακά
2603 3552 2922 3624 τηλικαῦτα.
2946 3576 2966 3610 ι
2996 3559 3233 3615 Τοιαῦτα
3266 3563 3368 3634 τῆς
3407 3563 3499 3617 Ἰοῖ.
3513 3565 3675 3623 lain
3698 3567 3779 3629 είς

2205 3642 2295 3697 τὸν
2320 3644 2553 3716 Χριστὸν
2579 3645 2676 3700 τοῦ
2705 3645 2840 3702 Θεοῦ
2869 3651 3208 3724 παρανομίας
3237 3670 3299 3708 τε
3335 3656 3431 3710 καὶ
3460 3655 3490 3711 δ
3509 3656 3779 3723 οσσεϐείας

2206 3735 2520 3809 τάπίχειρα.

530 3832 768 3890 habebat
794 3850 808 3887 :
834 3830 1172 3888 lufortunate
1209 3848 1366 3903 puer,
1389 3833 1564 3903 inquit
1589 3871 1606 3900 ,
1636 3832 1777 3888 inter
1806 3841 1881 3887 tot
1921 3830 2043 3886 belli
2071 3868 2090 3897 ,
2124 3829 2303 3895 famis,
2360 3845 2424 3885 ac
2479 3831 2764 3889 seditionis
2790 3832 2952 3901 mala,
3010 3836 3099 3890 cui
3129 3846 3182 3893 te
3216 3839 3643 3910 servemlApud
3667 3837 3778 3894 Ro-

532 3939 724 3982 manos
760 3924 1021 3994 quidem,
1054 3925 1269 3981 tametsi
1319 3924 1499 3980 virere
1558 3924 1733 3991 detur,
1782 3923 2019 3981 servitus
2077 3938 2175 3977 nos
2228 3932 2430 3978 manet.
2463 3923 2569 3979 Sed
2618 3940 2761 3982 nunc
2805 3929 3121 3984 servitutem
3169 3931 3340 4001 ipsam
3390 3932 3650 4002 praevenit
3697 3931 3781 3986 fs-

530 4031 652 4072 mes
690 4033 704 4071 :
742 4014 955 4074 factiosi
1002 4029 1136 4072 vero
1177 4026 1403 4089 utraque
1458 4016 1765 4073 calamitate
1809 4016 2122 4072 acerbiores
2171 4023 2316 4071 sunt.
2366 4014 2598 4073 Proinde
2649 4028 2768 4074 esto
2817 4020 2946 4074 mihi
2995 4021 3214 4092 quidem
3273 4021 3468 4086 cibus,
3532 4022 3778 4081 factiosis

528 4122 665 4165 vero
705 4106 885 4177 furia,
920 4107 1232 4164 hominibus
1262 4116 1440 4164 autem
1504 4105 1683 4162 fabula
1710 4146 1728 4174 ,
1782 4105 1925 4177 quod
1981 4105 2156 4161 solum
2200 4104 2375 4159 adhuc
2421 4105 2576 4161 deest
2615 4106 2861 4164 cladibus
2895 4106 3228 4165 Judaorum.
3278 4106 3402 4166 Hac
3437 4108 3666 4179 dicens,
3706 4112 3775 4167 il-

529 4204 663 4264 lium
688 4204 918 4277 jugulat.
951 4202 1178 4259 Coctum
1202 4203 1395 4259 deinde
1441 4203 1558 4271 ipse
1613 4201 1830 4271 quidem
1883 4198 2162 4255 dimidiam
2203 4209 2411 4269 partem
2454 4201 2691 4256 comedit
2718 4219 2733 4257 :
2765 4202 2910 4273 quod
2942 4200 3204 4272 reliquum
3231 4211 3371 4269 erat,
3396 4214 3644 4276 opertum
3695 4206 3780 4263 ιιι·

531 4300 692 4359 terim
749 4299 1030 4356 servabat.
1071 4297 1207 4354 Cum
1257 4311 1387 4355 ecce
1435 4304 1661 4368 repente
1711 4294 2105 4365 superveniunt
2153 4294 2438 4361 seditiosi,
2470 4302 2527 4351 et
2558 4293 2974 4353 sceleratissimo
3030 4295 3220 4353 nidore
3274 4297 3496 4354 naribus
3558 4299 3773 4368 hausto,

530 4403 766 4452 mortem
802 4392 1021 4450 mulieri
1053 4394 1240 4451 statim
1273 4394 1576 4460 minantur,
1630 4391 1737 4447 nisi
1791 4390 1973 4448 cibum
2019 4389 2178 4461 qucnt
2229 4399 2538 4463 paraverat,
2568 4392 2670 4449 sibi
2709 4391 3010 4449 exhiberet.
3040 4392 3112 4448 At
3137 4392 3250 4460 illa,
3275 4393 3474 4450 bonam
3499 4395 3629 4467 ipsis
3650 4411 3777 4468 par-

602 4552 712 4626 (60)
746 4554 962 4626 Eiipsi'r
990 4554 1203 4626 σιτίονΔ
1240 4555 1472 4622 ἄλλοις.
1512 4552 1701 4626 [dest
1737 4552 2100 4626 praedonibus,
2132 4554 2176 4610 D
2208 4550 2339 4607 Dido
2361 4551 2471 4626 ait:

530 4623 639 4679 non
656 4623 779 4696 sibi.
810 4623 993 4696 Itaque
1009 4640 1125 4696 non
1155 4624 1332 4696 placet
1361 4626 1522 4680 lectio
1544 4625 1632 4678 illa
1657 4623 1777 4696 quae
1803 4624 1869 4678 ad
1893 4624 2095 4692 margi-

531 4709 659 4750 nem
708 4692 960 4751 editionis
991 4692 1323 4752 Geneveusis
1372 4696 1660 4751 ascribitur
1693 4692 1890 4759 ἄλλως,
1934 4708 2095 4759 qnam

532 4709 659 4750 nem
708 4708 960 4751 eutttonts
991 4708 1323 4752 ueneveusts
1372 4708 1660 4751 ascrthttur
1693 4708 1890 4759 αλλως,
1928 4708 2095 4817 lquam

532 4764 769 4844 Savilius
800 4780 1034 4844 quoque
1058 4765 1127 4821 ad
1166 4780 1317 4844 cram
1340 4764 1575 4844 librinsui
1615 4765 1916 4844 apposuit._
1940 4833 1952 4844 ν
1971 4779 2097 4844 orro

532 4834 746 4890 codices
776 4833 944 4890 nostri
991 4834 1153 4901 Μαι,
1184 4834 1321 4890 Med.
1350 4849 1416 4889 ac
1450 4833 1585 4888 Fuk.
1614 4833 1859 4888 vnculam
1902 4833 1988 4887 hic
2016 4835 2098 4886 in-

534 4912 804 4977 terserunt
824 4904 1020 4977 εὑρεῖν
1049 4922 1103 4958 τι
1144 4904 1327 4977 σιτίον
1363 4904 1541 4969 ἄλλοις
1574 4903 1790 4967 ἐκοπία,
1834 4905 2097 4972 quomodo

530 4971 729 5045 legitur
763 4971 927 5045 etiam
963 4977 1104 5045 apud
1136 4974 1532 5045 Nicephorum.

602 5041 712 5125 (οι)
742 5041 1032 5125 Ζήσωμεὶ·
1056 5043 1162 5125 ἐπ’.
1185 5041 1411 5125 αὐτοῖς.
1557 5043 1705 5125 apud
1719 5041 2095 5125 "Nic-ephorum

530 5109 749 5182 legitur,
772 5109 933 5182 atque
965 5118 1036 5166 ita
1062 5114 1231 5169 codex
1252 5109 1411 5177 am,
1455 5109 1684 5168 Medfet
1719 5109 1930 5168 Savilii.
1959 5109 2095 5165 Vul-

529 5180 905 5253 gataelosephi
934 5184 1225 5247 editiones,
1252 5184 1339 5237 ἐπ’
1362 5183 1578 5246 αὐτούς.

600 5252 714 5324 (62)
753 5249 883 5321 Τοῖς
925 5252 1323 5320 στασιασταῖς
1360 5253 1620 5322 ἐριννύς.
1671 5251 1910 5322 Erinnyn
1961 5249 2100 5306 dixit

525 5318 798 5392 Joéepbus
850 5318 954 5378 nan
1008 5325 1197 5378 eodem
1230 5318 1401 5379 seusu'
1434 5339 1543 5392 quo
1575 5318 1790 5387 'Grmei,
1819 5318 1909 5391 qui
1966 5324 2096 5392 deas

528 5389 790 5463 quasdam
816 5395 955 5463 apud
987 5393 1188 5449 inferos
1227 5408 1344 5449 esse
1401 5389 1709 5458 credebant,
1752 5389 1873 5462 quae
1900 5389 2093 5447 noxios

528 5462 778 5533 homines
823 5462 887 5518 ac
933 5465 1201 5533 praecipue
1252 5464 1415 5519 caedis
1456 5479 1580 5518 reos
1616 5471 2090 5533 persequerentur.

670 5531 911 5611 Erinnyn
935 5527 1201 5611 'dixit_'pro
1221 5535 1445 5611 ποινήν.
1480 5527 1810 5589 Credebant'
1827 5533 1971 5611 enim
1996 5527 2094 5611 {ut

527 5602 649 5665 dmi,
693 5602 916 5671 perinde
970 5618 1035 5658 uc
1060 5603 1258 5666 Cra-ci,
1299 5602 1523 5659 umbras
1560 5618 1746 5658 eorum
1785 5603 1879 5670 qui
1925 5602 2097 5671 occisi

530 5668 764 5744 fuerant,
809 5674 1060 5744 persequi
1112 5673 1494 5744 interfectores
1518 5687 1666 5744 suos,
1703 5668 1974 5744 etpmnas
2025 5668 2095 5723 ab

529 5741 635 5798 illis
659 5741 971 5816 exposcere.
987 5741 1094 5801 ‘Sic
1135 5745 1278 5814 apud
1307 5742 1591 5816 Virgilium
1628 5743 1683 5798 in
1724 5741 1864 5798 libro
1898 5749 2095 5811 quarto

2381 4620 2637 4677 Omnibus
2661 4622 2844 4677 umbra
2872 4622 3000 4678 locis
3024 4624 3208 4677 adero.

2202 4690 2403 4746 Eodem
2438 4707 2595 4765 sensu
2654 4693 2860 4765 accipio
2908 4695 3068 4747 verba
3131 4693 3217 4765 illa
3248 4707 3370 4765 qua:
3416 4692 3666 4765 leguntur
3715 4695 3768 4751 in

2202 4777 2322 4832 cap.
2359 4777 2412 4815 Iv
2449 4761 2757 4818 Geueseos:
2807 4761 2918 4816 Vos:
2956 4764 3226 4831 sanguinis
3255 4763 3442 4831 fratris
3470 4761 3551 4820 iui
3579 4767 3774 4820 clamat

2203 4834 2272 4885 ad
2302 4847 2383 4885 me
2406 4831 2471 4886 de
2492 4843 2654 4887 terra.
2677 4831 2733 4886 Id
2758 4842 2874 4886 est:
2908 4830 3099 4886 Frater
3129 4844 3252 4887 tuus
3286 4848 3447 4890 quem
3480 4836 3643 4890 imnie
3674 4852 3772 4890 oc-

2203 4847 2271 4885 aa
2302 4847 2383 4885 me
2406 4847 2471 4886 ue
2492 4847 2654 4887 terra.
2679 4847 2733 4886 tu
2758 4847 2874 4886 esu
2909 4847 3099 4886 r'rater
3129 4847 3252 4887 tuus
3286 4848 3447 4902 quem
3480 4852 3643 4906 impie
3674 4852 3772 4891 oc-

2200 4903 2404 4964 cidisti,
2428 4903 2663 4974 postulat
2679 4902 2892 4956 utillum
2913 4903 3162 4974 ulciscar,
3176 4903 3411 4974 cicadis
3427 4904 3570 4959 illius
3583 4920 3772 4974 paruas

2198 4988 2226 5025 a
2258 4982 2309 5026 te
2341 4974 2574 5042 exigam.
2623 4972 2881 5043 Sequitur
2923 4972 3162 5025 deinde:
3211 4971 3384 5043 Vagus
3423 4983 3474 5027 et
3517 4971 3771 5043 profugus

2193 5043 2310 5115 eris
2336 5041 2498 5115 super
2524 5051 2741 5094 terram.
2779 5041 2833 5094 Id
2888 5051 2993 5106 est,
3026 5043 3212 5115 umbra
3248 5041 3432 5099 fratris
3489 5044 3583 5115 tui
3608 5041 3770 5115 quem

2193 5111 2471 5183 occidisti,
2528 5120 2883 5182 persequetur
2946 5121 2998 5165 te
3062 5114 3291 5183 ubique,
3342 5123 3399 5168 et
3437 5111 3644 5169 aderit'
3686 5116 3768 5168 iu-

2194 5181 2381 5320 fmilii?)
2408 5251 2560 5322 Hap’
2600 5248 2761 5316 αὐτῷ
2788 5248 3102 5321 τολμηθένς
3138 5250 3193 5305 In
3244 5250 3550 5322 Νίεθβδοτθ
3578 5251 3772 5322 “sum

2196 5322 2326 5393 παρ’
2358 5320 2546 5384 αὑτοῦ,
2580 5323 2848 5393 quomodo
2877 5320 3101 5393 It_utiuns
3142 5332 3197 5376 et
3230 5320 3490 5378 Gelenius
3521 5324 3573 5378 in
3610 5320 3768 5378 Iose-

2238 5390 2321 5465 ho_
2354 5393 2602 5446 videntur
2650 5390 2864 5465 legisse.
2901 5391 3053 5465 Ferri
3112 5401 3292 5465 tamen
3338 5395 3769 5465 potest_vulgata

2220 5462 2392 5524 ectio;
2441 5471 2498 5516 ut
2529 5476 2721 5516 sensus
2756 5464 2848 5527 sit,
2881 5462 3119 5531 singulos
3152 5463 3301 5518 cives
3329 5462 3477 5517 tanto
3510 5462 3771 5518 facinoris

2202 5530 2343 5585 illius
2371 5532 2608 5610 horrore
2636 5532 2911 5598 perculsos
2948 5530 3141 5595 fuisse,
3176 5534 3331 5610 quasi
3359 5533 3497 5610 apud
3524 5547 3584 5588 se
3611 5542 3669 5587 et
3712 5534 3767 5610 in

2203 5602 2436 5682 prepriis
2486 5601 2690 5656 aedibus
2746 5612 3121 5725 perpetratum
3177 5601 3407 5658 luissetf
3452 5601 3655 5684 Tamen
3711 5602 3768 5656 in

2203 5672 2374 5725 codtc.
2427 5669 2562 5725 Max.
2606 5680 2660 5725 et
2719 5670 2858 5725 led.
2914 5673 3174 5726 scribitur
3235 5673 3367 5729 παρ’
3425 5674 3593 5729 αὐτου
3642 5674 3768 5729 solv-

2200 5686 2374 5725 COUIC.
2427 5686 2562 5725 ωσι.
2606 5686 2660 5725 οι
2719 5686 2858 5725 Μίδα.
2914 5686 3174 5726 scrtbttur
3235 5689 3352 5745 ταρ

2203 5739 2391 5813 μηθέν.
2420 5743 2595 5812 Atque
2625 5742 2696 5798 ita
2730 5744 2899 5799 codex
2936 5737 3169 5799 Fuketii.
