4192 6444
449 282 557 340 253
1428 279 1772 337 HISTORIA}
1811 278 2364 336 ECCLESIASTICAS
2405 275 2530 333 LIB.
2571 275 2658 332 ῐῐῐ.
3588 274 3696 341 ΞΜ

449 408 559 453 tem
596 411 673 452 .se
731 411 1043 454 reservasse
1091 400 1465 468 respondens,
1514 398 1775 467 reliquias
1821 397 1916 451 filii
1971 397 2055 450 sui
2118 396 2338 450 detexit.
2401 393 2607 448 Horror
2655 393 2942 449 confestim
2997 403 3290 465 stuporque
3325 409 3419 453 eos
3473 398 3691 457 invasit.

451 489 682 546 Stabant
709 492 1014 560 spectaculo
1043 493 1276 546 attoniti.
1310 491 1449 546 Tum
1486 492 1704 556 mulier,
1730 490 1902 555 Meus,
1935 489 2129 560 inquit,
2170 500 2257 545 est
2282 491 2448 555 filius,
2476 503 2653 543 meum
2705 489 2807 543 hoc
2861 487 3092 543 facinus.
3133 489 3288 545 Edite
3312 503 3430 556 vos,
3477 494 3695 560 quando

457 594 515 639 et
559 586 675 655 ipsa
707 587 939 640 comedi.
983 585 1162 641 Nolite
1207 596 1298 641 aut
1348 587 1548 642 femina
1591 586 1891 652 molliores,
1927 595 2019 639 aut
2050 592 2223 639 matre
2254 583 2596 654 benigniores
2644 580 2837 636 videri.
2893 580 3046 647 Quod
3103 582 3147 636 si
3191 581 3424 638 fortasse
3459 583 3693 652 religiosi

447 675 620 741 estis,
654 685 706 730 et
750 676 818 729 ab
862 691 958 730 esu
1005 677 1239 732 victima
1294 693 1427 732 mea:
1484 677 1826 742 abhorretis,
1882 689 1982 747 ego
2042 675 2318 730 dimidiam
2363 674 2577 744 quidem
2618 681 2826 743 partem
2864 669 2978 740 jam
3028 674 3375 743 consumpsi,
3429 673 3693 744 reliquum

448 767 672 837 perinde
718 766 848 822 mihi
897 777 1134 823 maneat.
1189 768 1318 824 Post
1359 770 1476 824 haec
1521 770 1598 823 illi
1636 781 1930 824 trementes
1986 768 2344 832 abscessere,
2403 769 2472 820 ad
2531 766 2634 820 boc
2683 781 2850 820 unum
2895 765 3074 834 pavidi
3121 775 3280 835 atque
3320 766 3600 834 imbelles,
3640 780 3696 823 et

451 858 558 912 hoc
589 873 786 928 genere
815 858 1057 912 alimenti
1087 873 1230 927 agre
1302 869 1463 914 matri
1511 870 1721 915 rettcto.
1777 859 1943 913 Fama
2003 859 2259 914 continuo
2311 858 2447 912 tanti
2516 855 2735 913 sceleris
2775 872 2873 926 per
2916 866 3086 913 totam
3137 859 3408 914 civitatem
3453 860 3694 928 dispersa

450 956 577 1012 est,
607 957 664 1002 et
687 948 918 1016 quisque
953 947 1164 1004 facinus
1192 948 1319 1002 illud
1347 958 1477 1004 ante
1518 950 1708 1004 oculos
1745 963 2049 1020 proponens
2080 989 2095 1015 ,
2136 959 2392 1017 tanquam
2449 963 2477 1001 a
2527 947 2704 1017 seipso
2751 957 3121 1017 perpetratum
3170 958 3356 1015 esset,
3414 949 3692 1004 horrebat.

449 1037 663 1093 Exinde
687 1039 870 1092 cuncti
898 1038 1040 1093 fame
1067 1042 1310 1110 Oppressi
1343 1041 1410 1094 ad
1467 1051 1701 1096 mortem
1759 1042 1904 1095 omni
1949 1039 2129 1096 studio
2183 1039 2617 1102 contendebant,
2684 1046 2738 1092 et
2787 1039 2970 1093 beatos
3023 1038 3144 1092 illos
3203 1041 3537 1106 censebant,
3597 1041 3692 1110 qui

452 1139 742 1199 antequam
789 1139 968 1185 tantas
1001 1133 1336 1186 calamitates
1381 1143 1475 1186 aut
1507 1134 1679 1188 oculis
1711 1142 1801 1188 aut
1827 1134 2013 1188 auditu
2048 1134 2425 1203 accepissent,
2459 1132 2570 1186 fato
2602 1131 2814 1200 abrepti
2865 1132 3100 1184 fuerant.
3152 1131 3318 1202 Igitur
3379 1132 3688 1191 Iudaeorum

452 1225 630 1280 scelus
684 1235 848 1295 atque
905 1226 1236 1296 impietatem
1295 1227 1549 1282 adversus
1575 1226 1744 1283 Deum
1798 1225 1982 1283 Jesum
2017 1227 2304 1283 Christum
2337 1225 2649 1296 hujusmodi
2673 1224 2804 1279 ultio
2831 1231 3122 1278 consecuta
3152 1231 3257 1278 est.

979 1317 1276 1371 ΚΕΦΑΛΑΙ
1283 1318 1375 1371 ΟΝ
1412 1321 1490 1372 Z'.

449 1407 586 1474 Περὶ
606 1405 726 1460 τῶν
742 1407 1118 1476 τοῦζΧριστοῦ
1132 1408 1516 1478 προρῤήσεων
1529 1409 1665 1481 (Nic.
1686 1410 1737 1464 Η
1744 1410 1816 1466 ,Ε
1822 1455 1834 1468 .
1852 1412 2022 1484 111,4).

517 1518 848 1593 Παραθεῖναι
891 1521 935 1573 δ’
960 1521 1143 1585 αὐτοῖς
1183 1521 1357 1588 ἄξιον,
1384 1523 1482 1595 τὴν
1513 1523 1717 1596 ἀψευδῆ
1763 1525 1857 1579 τοῦ
1903 1527 2014 1579 Σωι

445 1611 609 1686 τῆρος
639 1615 670 1683 ἡ
681 1613 796 1682 μῶν
835 1613 1162 1686 πρόρρησιν,
1191 1615 1256 1668 δι’
1279 1610 1349 1688 ἦς
1378 1615 1517 1670 αὑτά
1546 1617 1716 1670 ταῦτα
1747 1617 1895 1689 δηλοί
1923 1609 2025 1671 ὧδέ

446 1720 564 1766 πως
597 1705 985 1776 προφητεύωΨ
1028 1725 1047 1757 1
1080 1707 1216 1760 Οὐαὶ
1259 1706 1316 1760 δὲ
1368 1709 1489 1770 ταῖς
1531 1708 1590 1761 ἐν
1621 1709 1821 1780 γαστρὶ
1868 1709 2026 1780 ἐχού-

449 1813 569 1859 σαις
601 1795 694 1850 καὶ
722 1800 842 1862 ταῖς
870 1797 1227 1866 θηλαζούσαις
1262 1801 1319 1853 ἐν
1347 1801 1581 1864 ἐκείναις
1609 1804 1730 1862 ταῖς
1755 1801 1988 1874 ἡμέραις
2006 1817 2021 1831 ·

446 1891 816 1961 προσεύχεσθε
846 1891 924 1956 δὲ,
955 1892 1038 1946 ἵνα
1071 1891 1147 1964 μὴ
1204 1892 1422 1964 γένηται
1461 1893 1616 1965 ὑμῶν
1657 1897 1691 1966 η
1733 1894 1876 1966 φυγὴ
1913 1907 2026 1967 χει-

451 1983 654 2054 μῶνος,
712 1984 846 2054 μηδὲ
916 1985 1188 2056 σαϐϐάτῳ.
1256 1987 1449 2040 Ἔσται
1500 1985 1610 2058 γὰρ
1662 1987 1784 2040 τότε
1850 1989 2027 2059 θλίψις

447 2071 679 2142 μεγάλη,
723 2073 808 2126 οἱά
839 2073 938 2127 οὐκ
971 2073 1184 2143 ἐγένετο
1215 2075 1309 2128 ἀπ’
1343 2075 1519 2146 ἀρχῆς
1559 2077 1762 2148 κόσμου
1793 2077 1899 2142 ἐως
1930 2077 2023 2132 τοῦ

446 2163 563 2226 νῦν,
607 2164 726 2217 οὐδὲ
780 2165 853 2236 μὴ
897 2167 1136 2237 γένηται.
1165 2183 1184 2216 ›
1243 2166 1568 2235 Συναγαγὼν
1608 2168 1667 2221 δὲ
1719 2169 1894 2223 πάντα
1935 2170 2026 2224 τὸν

445 2253 554 2307 τῶν
586 2255 940 2328 ἀνῃρημένων
990 2257 1219 2330 ἀριθμὸν
1257 2262 1286 2314 ὁ
1319 2262 1695 2331 συγγραφεὺς,
1739 2259 1880 2331 λιμῷ
1933 2263 2026 2314 καὶ

449 2337 593 2414 ξίφει
642 2346 908 2419 μυριάδας
942 2348 1135 2402 ἑκατὸν
1163 2351 1259 2403 καὶ
1283 2351 1415 2404 δέκα
1453 2351 1812 2422 διαφθαρῆναί
1861 2367 2022 2422 φησι,

447 2436 575 2498 τοὺς
608 2436 664 2488 δὲ
690 2436 910 2501 λοιποὺς
946 2439 1263 2504 στασιώδεις
1291 2441 1387 2494 καὶ
1425 2441 1766 2513 λῃστρικοὺς,
1798 2440 1901 2496 ὑπὸ
1931 2444 2024 2497 άλ-

451 2525 628 2596 λήλων
664 2528 803 2598 μετὰ
833 2529 930 2601 τὴν
963 2530 1165 2584 ἅλωσιν
1196 2533 1655 2604 ἐνδεικνυμένους,
1696 2536 2022 2609 ἀνῃρῆσθαι,

452 2617 563 2669 τῶν
605 2617 660 2670 δέ
703 2617 838 2672 νέων
867 2620 992 2684 τοὺς
1024 2620 1389 2691 ὑψηλοτάτους
1426 2624 1520 2677 καὶ
1564 2623 1746 2677 κάλλει
1775 2625 2021 2696 σώματος

2045 1327 2096 1384 Α

2728 1317 2960 1374 CAPUT
2995 1315 3101 1371 VII.

2533 1410 2612 1465 De
2635 1410 3057 1482 praedictionibus
3084 1407 3301 1464 Christi.

2199 1521 2387 1594 Operm
2425 1522 2660 1591 pretium
2706 1529 2884 1575 autem
2921 1521 3086 1576 fuerit
3130 1522 3218 1577 his
3257 1521 3546 1593 adjungere
3573 1539 3692 1580 cer-
3775 1501 3780 1552 ἶ

2129 1613 2398 1670 tissimum
2425 1613 2735 1668 Servatoris
2764 1612 2933 1667 nostri
2963 1611 3267 1679 oraculum,
3296 1629 3400 1682 quo
3426 1613 3542 1670 hzec
3573 1617 3689 1686 ipsa

2128 1705 2451 1776 praedixerat
2484 1706 2568 1760 his
2597 1706 2774 1760 verbis
2811 1723 2825 1759 :
2862 1723 2880 1756 1
2926 1704 3015 1759 Vae
3069 1706 3473 1776 praegnantibus
3507 1717 3561 1761 et
3591 1725 3692 1763 nu—

2130 1795 2356 1851 tricibus
2400 1796 2456 1850 in
2506 1795 2614 1850 illis
2658 1795 2868 1850 diebus.
2902 1795 3063 1850 Orate
3107 1805 3288 1852 autem
3319 1812 3388 1852 ne
3422 1797 3546 1869 fuga
3581 1797 3686 1869 81

2128 1898 2307 1944 vestra
2339 1889 2614 1960 contingat
2639 1889 2816 1944 hieme
2843 1889 2927 1944 vel
2955 1889 3214 1946 Sabbato.
3246 1891 3362 1946 Erit
3395 1893 3538 1947 enim
3565 1903 3694 1948 tunc

2127 1978 2388 2048 temporis
2415 1978 2692 2034 calamitas
2725 1992 2920 2048 magna
2945 2017 2960 2041 ,
2994 1979 3297 2048 cujusmodi
3329 1979 3564 2033 nondum
3591 1978 3694 2033 fuit

2127 2070 2198 2124 ab
2231 2070 2386 2125 initio
2433 2069 2619 2125 mundi
2647 2108 2664 2136 ,
2703 2083 2800 2124 nec
2846 2069 3072 2139 posthac
3098 2070 3222 2124 erit.
3277 2087 3298 2123 1
3345 2069 3520 2126 Porro
3549 2071 3690 2125 idem

2127 2161 2220 2216 ille
2267 2160 2509 2216 historia:
2541 2159 2774 2228 scriptor
2819 2159 3134 2214 universum
3181 2175 3465 2216 numerum
3499 2177 3689 2216 eorum

2127 2249 2217 2317 qui
2251 2249 2333 2302 vel
2366 2248 2546 2318 gladio
2586 2247 2670 2302 vel
2706 2248 2849 2301 fame
2869 2248 3179 2317 perierunt,
3213 2248 3370 2303 simul
3405 2250 3690 2321 colligens,

2126 2342 2383 2396 undecies
2411 2350 2634 2395 centena
2671 2341 2946 2396 hominum
2984 2340 3152 2394 millia
3197 2341 3420 2409 periisse
3456 2343 3688 2398 scribit:

2131 2433 2428 2489 seditiosos
2467 2447 2597 2488 vero
2623 2441 2674 2486 et
2706 2433 2985 2500 praedones
3023 2432 3116 2501 qui
3150 2432 3548 2501 superfuerant,
3570 2445 3693 2502 post

2123 2531 2276 2586 urbis
2300 2530 2569 2586 excidium
2601 2537 2786 2582 mutuo
2815 2525 3012 2582 indicio
3043 2525 3346 2588 damnatos,
3381 2538 3569 2593 poenas
3595 2525 3693 2578 dea

2126 2624 2270 2679 disse
2298 2641 2312 2678 :
2340 2633 2394 2678 et
2418 2639 2483 2676 ex
2530 2621 2815 2690 iuventute
2847 2619 3063 2688 quidem
3090 2633 3205 2682 eos,
3236 2617 3326 2686 qui
3360 2619 3692 2686 proceritate

451 2705 824 2776 διαφέροντας,
875 2709 1202 2780 τετηρῆσθαι
1254 2711 1682 2787 Optdtpt6q1,_':o§
1727 2714 1782 2767 δὲ
1833 2714 2018 2770 λοιποῦ

2121 2715 2368 2785 corporis
2394 2723 2449 2768 et
2471 2712 2645 2768 forma
2678 2712 2892 2768 caeteris
2922 2719 3264 2782 praestarent,
3299 2709 3366 2764 ad
3396 2724 3690 2762 ornamen-

451 2797 720 2869 πλήθους,
767 2800 892 2864 τοὺς
937 2801 1076 2873 ὑπὲρ
1120 2804 1486 2874 ἑπτακαίδεκα
1518 2805 1634 2876 ἔτη,
1664 2807 1916 2880 δεσμίους
1943 2811 2023 2874 εἰς

447 2889 672 2946 mimae
697 2891 969 2960 Αἴγυπτον
1001 2893 1138 2963 ἔργα
1186 2897 1674 2968 παραπεμφθῆναι,
1707 2898 1925 2962 πλείους
1965 2885 2022 2952 δέ

449 2982 530 3044 είς
561 2982 658 3046 τὰς
715 2984 979 3056 ἐπαρχίας
1025 2984 1436 3058 διανενεμῆσθαι
1477 2988 1916 3060 φθαρησομένους
1963 2993 2020 3045 ὲν

448 3077 559 3138 τοῖς
618 3075 865 3147 θεάτροις
919 3078 1120 3150 σιδήρῳ
1165 3069 1260 3133 καὶ
1307 3079 1547 3153 θηρίοις,
1594 3081 1721 3144 τοὺς
1783 3082 1827 3135 δ’
1874 3083 2022 3146 ἐντὸς

447 3166 816 3222 ἑπτακαίδεκα
865 3168 1023 3232 ἐτῶν,
1073 3170 1452 3241 αἰχμαλώτους
1515 3172 1780 3244 ἀχθέντας
1832 3173 2020 3226 διαπε-

447 3259 716 3328 πρᾶσθαι,
762 3259 964 3314 τούτων
1014 3261 1071 3314 δέ
1106 3261 1280 3333 μόνων
1329 3262 1419 3317 τὸν
1466 3264 1715 3336 ἀριθμὸν,
1756 3266 1836 3329 είς
1867 3266 2019 3320 ἐννέα

447 3348 714 3421 μυριάδας
754 3350 862 3422 (64)
905 3352 1113 3422 ἀνδρῶν
1147 3353 1493 3425 συναχθῆναι.
1524 3356 1706 3410 Ταῦτα
1735 3355 1791 3408 δὲ
1833 3357 2019 3411 τοῦτον

445 3437 694 3508 ἐπράχθη
750 3432 842 3492 τὸν
889 3441 1110 3511 τρόπον,
1168 3444 1403 3515 δευτέρῳ
1458 3445 1560 3514 τῆς
1610 3446 2017 3501 Οὐεσπασιανοῦ

446 3525 722 3595 βασιλείας
765 3529 896 3594 ἔτει,
943 3530 1250 3598 ἀκολούθως
1283 3535 1403 3597 ταῖς
1439 3537 1875 3605 προγνωστικαῖς
1923 3536 2016 3589 τοῦ

443 3622 648 3695 Κυρίου
679 3624 772 3677 καὶ
801 3624 1054 3696 Σωτῆρος
1081 3625 1238 3696 ἡμῶν
1262 3613 1451 3698 Ἴησοῦ
1497 3629 1732 3700 Χριστοῦ
1773 3631 2017 3701 προρρή-

442 3729 612 3779 σεσιν,
659 3715 779 3786 θεία
821 3715 1048 3786 δυνάμει
1088 3715 1275 3788 ῶσπερ
1323 3707 1421 3789 ἤδη
1468 3705 1710 3790 παρόντα
1739 3731 2017 3792 προεωρα-

2124 2813 2235 2858 tum
2273 2803 2533 2874 triumphi
2573 2811 2920 2859 reservatos:
2953 2817 3020 2856 ex
3051 2801 3259 2870 reliqua
3313 2809 3496 2854 autem
3553 2799 3691 2853 mula

2124 2895 2354 2950 titudine
2381 2895 2623 2964 eos,-qui
2651 2896 2937 2964 septimum
2980 2894 3254 2948 decimum
3281 2891 3455 2947 mtatis
3487 2905 3691 2945 animm

2122 2994 2494 3048 excesserant,-
2529 2984 2741 3040 vinctos
2765 2983 2832 3038 ad
2860 2982 3078 3037 metalla
3107 2983 3410 3037 exercenda
3451 2980 3501 3034 in
3525 2981 3694 3052 Egya

2123 3088 2275 3146 ptum
2310 3079 2605 3148 perductos
2633 3093 2754 3132 esse
2801 3095 2816 3131 :
2865 3076 3132 3146 plurimos
3163 3091 3293 3131 vero
3327 3089 3426 3145 per
3470 3076 3692 3144 provin-

2122 3169 2234 3223 cias
2283 3171 2642 3235 distributos,
2693 3169 2783 3240 qui
2836 3170 2888 3222 in
2938 3168 3174 3237 publicis
3224 3168 3546 3237 spectaculis
3595 3174 3691 3222 aut

2125 3259 2276 3316 ferro
2304 3272 2397 3316 aut
2425 3262 2615 3317 bestiis
2641 3268 3089 3315 consumerentur
3125 3275 3138 3311 :
3177 3249 3486 3326 quicunque
3509 3268 3688 3311 autem

2121 3353 2362 3408 minores
2405 3360 2587 3408 essent
2619 3351 2773 3405 anuis
2817 3348 3244 3419 septemdecim,
3277 3362 3371 3403 eos
3418 3347 3470 3402 in
3519 3350 3691 3403 servi-

2120 3451 2289 3497 tutem
2324 3443 2587 3497 abductos
2620 3439 2719 3494 sub
2747 3439 2948 3494 corona
2995 3439 3247 3494 veniisse.
3293 3437 3533 3504 Quorum
3567 3439 3691 3506 quia

2119 3535 2237 3589 dem
2269 3547 2554 3587 numerum
2584 3532 2648 3586 ad
2679 3529 2970 3598 nonaginta
2999 3542 3170 3597 usque
3207 3529 3487 3583 hominum
3513 3522 3686 3584 milia

2119 3625 2429 3694 pervenisse
2468 3623 2721 3677 aﬂirmat.
2763 3622 2829 3677 Et
2858 3622 2973 3676 haec
3000 3620 3217 3689 quidem
3259 3635 3399 3676 anno
3444 3623 3687 3675 secundo

2115 3716 2453 3786 principatus
2482 3712 2802 3784 Vespasiani
2835 3711 3056 3781 Augusti
3085 3711 3152 3764 ad
3181 3711 3323 3766 hunc
3351 3713 3570 3766 modum
3599 3729 3688 3782 ge-

442 3805 598 3870 κότος
633 3807 792 3870 αὐτὰ,
828 3807 1288 3879 ἐπιδακρύσαντός
1319 3827 1376 3862 τε
1410 3811 1503 3863 καὶ
1533 3810 2013 3882 ἀποκλαυσαμένου

2118 3818 2200 3862 sta
2234 3815 2398 3871 sunt,
2424 3805 2577 3873 juxta
2621 3803 2935 3860 Servatoris
2972 3803 3162 3857 .nostri
3201 3803 3548 3858 vaticinium.
3579 3805 3683 3869 Qui

441 3897 582 3951 κατὰ
617 3899 716 3970 τὴν
761 3898 868 3952 τῶν
908 3899 1066 3970 ἱερῶν
1115 3900 1510 3968 εύαγγελιστῶν
1544 3903 1582 3953 Γ
1589 3903 1785 3974 ραφὴν,
1824 3903 1872 3955 οἳ
1920 3897 2014 3957 καὶ

2118 3899 2297 3952 divina
2331 3899 2586 3966 praeditus
2609 3897 2828 3960 virtute,
2855 3909 2920 3950 ea
2956 3909 3074 3964 qum
3109 3903 3330 3949 ventura
3362 3904 3538 3959 erant,
3561 3904 3686 3950 tan-

438 3987 610 4052 αὐτὰς
641 3989 802 4042 αὑτοῦ
844 3989 1260 4060 παρατέθεινται
1288 3991 1386 4055 τὰς
1414 3991 1602 4058 λέξεις,
1627 3994 1748 4046 τοτὲ
1784 3994 1881 4064 μὲν
1912 3996 2014 4067 φή-

2118 4004 2279 4059 quam
2310 3988 2597 4058 praesentia
2627 3987 2796 4041 multo
2822 3995 2948 4041 ante
2978 3984 3305 4056 praeviderat
3331 4003 3348 4042 :
3381 3997 3435 4042 et
3469 3988 3685 4059 illacry-

2118 4093 2290 4100 μ---ηΔ
2328 4079 2500 4100 ιδκ---ΑΔ
2538 4087 2694 4100 -ι----
2730 4078 3060 4100 :__-__---_-n
3140 4086 3193 4100 --ι
3232 4077 3678 4100 -------12-ι----μ--

441 4093 630 4142 σαντος
661 4078 736 4142 ὡς
774 4079 912 4150 πρὸς
944 4080 1110 4152 αὐτὴν
1140 4081 1238 4153 τὴν
1272 4083 1620 4154 Ἰερουσαλήμ
1639 4100 1653 4115 ο
1689 4103 1708 4134 1
1734 4086 1797 4138 Εί
1843 4085 2013 4155 ἔγνως

2118 4093 2294 4135 matus
2328 4079 2503 4134 fuerat
2535 4087 2696 4148 atque
2730 4078 3100 4147 ingemuerat,
3140 4086 3198 4131 ut
3228 4077 3680 4147 evangelistarum

440 4171 534 4223 καί
562 4187 625 4240 γε
655 4173 717 4224 σὺ
750 4173 806 4224 ἐν
839 4174 904 4242 τῇ
946 4172 1132 4244 ἡμέρᾳ
1169 4173 1339 4245 ταύτῃ
1368 4174 1437 4228 τὰ
1470 4177 1603 4248 πρὸς
1631 4178 1853 4249 εἰρήνην
1889 4195 2008 4232 σοι·

438 4259 536 4316 νῦν
562 4261 618 4314 δὲ
651 4261 855 4334 ἐκρύϐη
887 4261 993 4315 ἀπὸ
1018 4263 1310 4334 ὀφθαλμῶν
1341 4283 1456 4324 σου.
1482 4268 1601 4321 Ὅτι
1630 4267 1850 4337 ἥξουσιν
1879 4269 2011 4340 ἡμέ-

441 4370 532 4425 ραι
571 4353 662 4405 ἐπὶ
694 4353 775 4417 σὲ,
805 4355 898 4406 καὶ
937 4355 1287 4426 περιϐαλοῦσί
1324 4371 1404 4410 σοι
1447 4359 1494 4411 οἱ
1539 4358 1723 4430 ἐχθροί
1767 4377 1860 4413 σου
1907 4362 2006 4431 χάε

440 4460 616 4516 ρακα,
658 4445 753 4498 καὶ
809 4446 1273 4517 περικυκλώσουσί
1334 4465 1414 4515 σε,
1463 4450 1560 4503 καὶ
1614 4450 1890 4518 συνέξουσί
1947 4469 2006 4505 σε

439 4534 722 4600 πάντοθεν,
767 4535 859 4589 καὶ
911 4537 1187 4606 ἐδαφιοῦσί
1237 4556 1296 4591 σε
1338 4541 1430 4592 καὶ
1479 4540 1549 4593 τά
1596 4535 1760 4594 τέκνα
1823 4559 1944 4596 σου·
1983 4565 2000 4594 1

436 4623 558 4676 τοτέ
585 4623 661 4686 δὲ,
688 4623 763 4688 ὡς
790 4624 916 4695 περὶ
938 4624 1031 4677 τοῦ
1066 4624 1222 4678 λαοῦο
1259 4644 1277 4676 1
1306 4628 1494 4680 Ἔσται
1525 4627 1632 4698 γὰρ
1662 4628 1872 4699 ἀνάγκη
1912 4646 2007 4698 με-

435 4713 574 4785 γάλη
609 4716 701 4768 ἐπὶ
746 4715 845 4784 τῆς
895 4719 1026 4786 γῆς,
1075 4717 1167 4771 καὶ
1220 4718 1356 4789 ὀργὴ
1388 4717 1466 4788 τῷ
1503 4717 1616 4789 λαῷ
1662 4718 1856 4788 τούτῳ.
1894 4719 2004 4772 Καὶ

437 4805 725 4858 πεσοῦνται
755 4808 812 4860 ἐν
847 4807 1069 4878 στόματι
1111 4807 1384 4878 μαχαίρας
1433 4810 1526 4862 καὶ
1568 4809 2006 4881 αἰχμαλωτισθή-

439 4913 617 4949 σονται
655 4899 732 4959 είς
782 4897 954 4950 πάντα
998 4899 1066 4952 τά
1107 4898 1232 4970 ἕθνη
1260 4917 1272 4930 ·
1318 4900 1411 4952 καὶ
1450 4899 1800 4970 Ἰερουσαλὴμ
1848 4900 2000 4954 ἔσται

436 4988 747 5059 πατουμένη
789 4987 892 5042 ὑπό
934 4989 1120 5054 ἐθνῶν,
1151 4991 1308 5062 ἄχρις
1342 4985 1402 5046 οὗ
1441 4991 1767 5063 πληρωθῶσι
1819 4993 1998 5064 καιροὶ

435 5076 662 5130 ἐθνῶν.»
703 5077 813 5130 Καὶ
860 5076 1050 5130 πάλινθ
1089 5097 1107 5130 1
1141 5079 1306 5133 Ὅταν
1334 5081 1391 5134 δὲ
1439 5081 1583 5151 ἴδητε
1626 5081 1997 5151 κυκλουμένην

436 5167 542 5221 ὑπὸ
584 5167 956 5240 στρατοπέδων
988 5169 1084 5238 τὴν
1123 5168 1492 5242 Ἰερουσαλὴμ,
1522 5172 1640 5226 τότε
1687 5172 1878 5240 γνῶτε,
1917 5173 1999 5224 ὅτι

2114 4173 2313 4241 scripta
2349 4181 2634 4226 testantur.
2670 4167 2735 4223 lli
2761 4170 2905 4222 enim
2954 4170 3069 4237 ipsa
3100 4181 3313 4237 quoque
3345 4168 3489 4222 illius
3517 4169 3682 4223 verba

2114 4264 2456 4329 retulerunt,
2490 4261 2686 4329 quibus
2721 4261 2883 4314 modo
2915 4259 3192 4313 civitatem
3240 4259 3409 4328 ipsam
3437 4261 3683 4328 compel-

2112 4355 2269 4423 lans,
2303 4354 2482 4410 aiebat
2505 4353 2550 4385 ³ο
2587 4376 2598 4408 ;
2630 4370 2649 4404 1
2691 4351 2749 4407 Si
2791 4351 3137 4419 cognovisses
3179 4357 3232 4402 et
3283 4359 3336 4403 tu
3366 4350 3419 4403 in
3451 4351 3535 4406 die
3586 4353 3681 4406 illo

2113 4462 2234 4516 quze
2282 4449 2348 4501 ad
2380 4461 2572 4516 pacem
2607 4455 2752 4499 tuam
2788 4443 3114 4498 conducunt.
3142 4440 3290 4495 Nunc
3322 4450 3505 4494 autem
3536 4443 3678 4498 abs-

2107 4537 2325 4590 condita
2372 4546 2500 4589 sunt
2547 4535 2614 4588 ab
2647 4531 2820 4588 oculis
2865 4532 2971 4586 tuis
3001 4549 3013 4584 :
3045 4530 3170 4597 quia
3190 4531 3410 4584 venient
3443 4532 3558 4587 dies
3589 4549 3681 4587 su-

2106 4640 2203 4694 per
2236 4635 2307 4688 te,
2343 4634 2397 4679 et
2431 4623 2852 4678 circumdabunt
2880 4631 2931 4674 te
2961 4621 3164 4674 inimici
3200 4622 3272 4676 tui
3296 4622 3459 4687 vallo,
3490 4633 3545 4678 et
3569 4626 3680 4679 ciu.

2106 4724 2232 4784 gent
2263 4723 2312 4768 te
2347 4714 2584 4784 undique
2608 4753 2623 4778 ,
2669 4721 2723 4767 et
2753 4711 3140 4780 expugnabunt
3176 4720 3228 4767 te
3251 4751 3265 4777 ,
3296 4721 3348 4768 et
3376 4715 3497 4768 solo
3531 4716 3676 4770 adma

2109 4808 2350 4874 quabunt
2374 4844 2391 4870 ,
2427 4817 2484 4860 et
2528 4805 2668 4859 filios
2718 4813 2838 4857 tuos
2872 4802 3098 4867 elident;
3135 4821 3153 4854 1
3187 4805 3350 4860 modo
3379 4805 3444 4859 de
3475 4808 3675 4877 papulo

2107 4895 2224 4965 ipso
2273 4893 2452 4949 aiebat
2485 4913 2499 4949 :
2535 4912 2554 4946 1
2591 4894 2712 4947 Erit
2749 4890 2894 4947 enim
2939 4890 3118 4947 clades
3147 4909 3338 4965 magna
3373 4905 3428 4950 et
3456 4897 3538 4952 ira
3577 4897 3670 4952 Dei

2104 4988 2362 5040 adversus
2409 4987 2554 5040 hunc
2587 4985 2880 5054 pupulum;
2914 4993 2970 5039 et
2999 4985 3193 5039 cadent
3246 4985 3298 5039 in
3333 5001 3429 5041 ore
3458 4989 3619 5057 gladii
3650 5027 3670 5056 ,

2105 5088 2158 5133 et
2182 5079 2377 5147 captivi
2408 5079 2672 5134 ducentur
2704 5078 2758 5130 in
2783 5093 2974 5133 omnes
3001 5086 3210 5148 gentes.
3257 5079 3322 5132 Et
3371 5077 3669 5136 Jerusalem

2107 5170 2404 5224 calcabitur
2445 5185 2472 5224 a
2526 5169 2773 5240 gentibus
2798 5214 2812 5238 ,
2847 5171 3015 5225 donec
3060 5169 3384 5239 impleantur
3427 5179 3668 5242 tempora

434 5257 659 5329 ἠγγικεν
690 5261 722 5328 ή
763 5260 1038 5330 ἐρήμωσις
1069 5259 1258 5329 αὐτῆς.
1286 5280 1303 5313 1
1337 5263 1638 5335 Συγκρίνας
1673 5263 1729 5316 δέ
1773 5280 1858 5327 τις
1901 5262 2000 5327 τὰς

2118 5262 2366 5332 gentium.
2403 5279 2423 5314 1
2455 5260 2523 5316 Et
2557 5275 2782 5317 rursus:
2837 5279 2855 5313 1
2900 5262 3033 5319 Cum
3065 5272 3242 5317 autem
3270 5261 3512 5318 videritis
3556 5264 3671 5318 cita

504 5372 551 5404 ³⁰
575 5371 707 5427 Luc.
735 5387 846 5426 xIx.

505 5483 617 5556 (64)
642 5486 744 5550 Εἰς
762 5485 940 5556 ἐπενέα
961 5482 1273 5553 μυριάδας.
1301 5482 1670 5539 IIallucinatur
1695 5485 1981 5542 Eusebius.

432 5552 616 5622 NeQue
643 5558 779 5609 enim
810 5552 1072 5623 Josepbus
1114 5559 1213 5608 hoc
1254 5557 1400 5617 dicit,
1444 5558 1535 5607 sed
1577 5567 1786 5611 tantum
1836 5556 1981 5612 afﬁr-

433 5636 565 5691 mat,
597 5640 873 5679 numerum
913 5640 1099 5679 eorum
1136 5623 1226 5693 qui
1260 5635 1371 5676 toto
1409 5624 1532 5678 belli
1573 5635 1809 5695 tempore
1840 5629 1982 5695 capti

435 5704 560 5750 sunt
599 5711 628 5749 a
663 5695 939 5754 Romanis.
995 5697 1060 5749 ad
1115 5694 1401 5763 nonaginta
1463 5694 1984 5764 septcm’ltomintlm

823 5787 1095 5849 Pnaon.
1145 5785 1262 5848 Gn.
1311 5783 1452 5846 XX.

2089 5487 2251 5559 millia
2290 5489 2621 5559 pervenisse.
2657 5487 2834 5545 Locus
2863 5499 2944 5546 est
2977 5491 3028 5544 in
3073 5491 3177 5544 line
3202 5490 3324 5544 libri
3371 5505 3443 5543 v1.
3476 5489 3665 5556 Itaque

2091 5558 2302 5628 merito
2333 5559 2856 5628 Christophorsonus
2903 5563 3004 5617 hoc
3057 5561 3175 5616 loco
3230 5560 3448 5615 Eusebii
3503 5563 3663 5613 verba

2093 5625 2481 5698 aliquantulam
2517 5625 2844 5686 immutavit.
