4192 6412
552 241 659 300 155

1256 238 1523 295 EUSEBII
1561 238 2036 295 CIESARIENSIS
2075 236 2228 294 OPP.
2268 236 2447 292 PARS
2485 238 2525 294 I.
2570 268 2637 278 --
2676 237 3070 299 UlSTOllICA.

3675 208 3797 307 ass

546 359 798 417 cumdari
827 360 896 415 ab
951 358 1192 415 exercitu
1221 356 1518 415 Jerusalem
1542 398 1558 423 ,
1612 368 1739 416 tunc
1774 360 1968 414 scitote
1991 360 2092 430 qui:

2221 357 2312 411 τοῦ
2347 357 2596 428 Σωτῆρος
2625 357 2782 428 ήμῶν
2811 357 2984 425 λέξεις
3010 360 3130 421 ταῖς
3173 359 3384 424 λοιπαῖς
3427 361 3518 415 τοῦ
3553 379 3793 436 συγγρα-

551 449 1010 520 sppropinquavit
1052 448 1313 503 desolatio
1358 449 1477 519 ejus
1519 448 1587 504 ³¹.
1644 466 1664 501 ι
1710 449 1866 517 Quod
1901 450 1948 505 si
1995 449 2117 519 quis

551 540 865 598 Servatoris
912 541 1085 598 nostri
1120 542 1282 595 verba
1314 556 1435 595 cum
1467 542 1533 597 iis
1561 550 1866 612 comparet,
1900 557 2019 613 quae
2048 542 2117 598 ab

550 635 775 704 eodem;
801 633 1078 701 Scriptore
1127 634 1193 688 de
1225 633 1483 688 universo
1516 632 1661 688 bello
1689 643 2115 691 commemorata

545 736 697 794 sunt,
728 726 845 781 ﬁeri
876 740 982 780 non
1010 732 1191 795 potest
1216 724 1347 794 quin
1382 724 1682 779 admiretur
1710 725 2113 795 praescientiam
2138 725 2149 737 '

545 835 612 876 ac
662 818 1064 890 prtediotionem
1108 817 1420 872 Servatoris
1464 817 1681 883 nostri,
1719 831 1953 887 eamque
1987 833 2115 873 vere

543 911 787 966 divinam
817 919 873 965 et
903 924 1066 980 supra
1109 908 1222 979 82
1271 908 1496 963 modum
1531 909 1856 979 stupendam
1887 924 2008 965 esse
2035 910 2114 962 fa-

541 1013 739 1061 teatur.
771 1003 852 1058 Ac
882 1003 951 1057 de
996 1003 1062 1056 iis
1093 1001 1310 1069 quidem
1348 1015 1468 1070 quae
1497 1000 1768 1056 universa:
1799 1000 2110 1056 Iudaeorum

536 1094 685 1165 genti
726 1104 847 1164 post
876 1093 1188 1164 passionem
1241 1091 1452 1147 Domini
1480 1091 1864 1163 contigerunt,
1901 1102 1957 1148 et
1987 1102 2112 1163 post

536 1199 697 1241 voces
740 1184 863 1240 illas
895 1183 1093 1253 quibus
1145 1180 1412 1237 latronem
1446 1182 1663 1252 quidem
1692 1191 1748 1236 et
1774 1182 2106 1237 homicidam

534 1274 731 1331 mortis
767 1272 1034 1343 supplicio
1065 1270 1311 1336 liberari,
1347 1271 1521 1340 ipsum
1561 1285 1690 1327 vero
1720 1282 1995 1327 auctorem
2026 1273 2107 1325 vi-

532 1374 601 1422 ta:
625 1382 657 1423 e
682 1365 862 1421 medio
891 1362 1003 1419 tolli
1031 1362 1264 1433 populus
1296 1365 1475 1419 omnis
1524 1364 1979 1430 succlamaverat,
2011 1361 2104 1420 Jo-

530 1459 688 1527 sephi
730 1456 1032 1512 narrationi
1059 1454 1356 1524 quidquam
1399 1453 1600 1511 addere
1632 1455 1854 1513 minime
1875 1471 2103 1512 necesse

2221 449 2362 519 φέως
2402 450 2662 521 ἱστορίαις
2705 452 2822 513 ταῖς
2846 452 2974 522 περὶ
3017 450 3108 503 τοῦ
3144 452 3343 515 παντὸς
3375 453 3631 525 πολέμου,
3675 456 3795 520 πῶς

2217 543 2317 595 ούκ
2346 541 2410 596 ἂν
2442 542 2897 615 ἀποθαυμάσειεν,
2942 543 3089 595 θείαν
3117 544 3191 607 ὡς
3226 543 3438 616 ἀληθῶς
3486 547 3577 599 καὶ
3628 547 3797 619 ὑπερ-

2219 633 2366 702 φυῶς
2397 634 2692 707 παράδοξον
2720 635 2816 707 τὴν
2840 635 3141 706 πρόγνωσίν
3167 653 3223 687 τε
3254 635 3345 688 καὶ
3372 637 3672 709 πρόρρησιν
3697 638 3791 692 τοῦ

2217 727 2465 798 Σωτῆρος
2502 728 2659 799 ήμῶν
2687 729 3043 799 ὁμολογήσας.
3082 728 3217 798 Περὶ
3248 728 3346 798 μὲν
3383 725 3475 782 οὖν
3510 730 3617 782 τῶν
3650 732 3791 801 μετά

2214 818 2274 870 τὸ
2310 820 2572 890 σωτήριον
2601 820 2770 883 πάθος
2807 821 2901 874 καὶ
2943 819 3039 883 τὰς
3085 821 3265 887 φωνὰς
3301 821 3515 884 ὲκείνας
3556 823 3613 874 ὲν
3642 819 3728 886 αἷς
3753 824 3788 895 ἡ

2213 908 2321 961 τῶν
2354 910 2618 965 Ἰουδαίων
2652 909 2859 979 πληθὺς
2891 908 2979 962 τὸν
3013 910 3109 979 μὲν
3146 908 3347 981 λῃστήν
3379 910 3471 964 καὶ
3499 912 3660 979 φονέα
3695 911 3786 964 τοῦ

2213 998 2440 1052 θανάτου
2492 1001 2836 1073 παρήτηται,
2882 1001 2974 1053 τὸν
3021 1000 3076 1053 δὲ
3122 1000 3360 1071 ἀρῃγὸν
3409 1002 3506 1072 τῆς
3550 1001 3696 1071 ζωῆς
3727 1002 3787 1069 ιε

2210 1089 2389 1144 αύτῶν
2433 1090 2703 1145 ἱκέτευσεν
2747 1091 2999 1163 ἀρθῆναι,
3041 1091 3118 1162 τῷ
3167 1093 3329 1144 *παντί⁹
3365 1092 3786 1164 συμϐεϐηκότων

2210 1182 2379 1247 ἔθνει,
2418 1184 2569 1236 οὐδὲν
2603 1185 2667 1237 ἂν
2713 1185 2818 1236 δέοι
2865 1188 2984 1247 ταῖς
3031 1184 3293 1254 ἱστορίαις
3333 1184 3604 1252 ἐπιλέγειν
3648 1185 3785 1253 ((55).

2209 1272 2393 1327 Ταῦτα
2417 1275 2460 1327 δ’
2490 1273 2554 1327 ἂν
2583 1276 2667 1343 εἴη
2696 1274 2901 1326 δὶκαιον
2942 1274 3020 1326 ἔτι
3068 1274 3397 1346 προσθῆναι,
3425 1274 3460 1327 ἀ
3493 1274 3687 1342 γένοιτ’
3716 1273 3783 1327 ἂν

2207 1367 2589 1437 παραστατικα
2659 1364 3064 1436 φιλανθρωπίας
3113 1367 3210 1436 τῆς
3262 1366 3576 1434 παναγάθου
3645 1382 3781 1437 προ-

2207 1457 2373 1523 νοίας,
2400 1458 2808 1529 τεσσαράκοντα
2839 1460 2922 1528 ἐφ’
2962 1459 3103 1523 ὅλοις
3145 1459 3288 1512 ἔτεσι
3320 1460 3454 1529 μετά
3495 1459 3593 1530 τὴν
3638 1459 3783 1512 κατὰ

527 1561 633 1607 est.
662 1549 756 1604 Illa
787 1563 915 1604 vero
942 1547 1179 1615 adjicere
1219 1561 1431 1617 aequum
1464 1546 1626 1602 fuerit
1651 1585 1667 1610 ,
1700 1547 1898 1617 quibus
1930 1548 2092 1605 divini

2202 1548 2299 1603 τοῦ
2329 1549 2563 1622 Χριστοῦ
2592 1550 2819 1621 τόλμαν,
2849 1551 2939 1603 τὸν
2963 1549 3080 1604 κατ’
3108 1551 3286 1604 αὐτῶν
3310 1549 3429 1602 ὖλεθ
3438 1567 3528 1620 ρον
3548 1548 3779 1622 ὑπερθε-

528 1637 783 1693 Numinis
812 1635 1099 1691 clementia
1127 1649 1194 1689 ac
1216 1635 1559 1704 providentia
1591 1636 1902 1693 declaratur
1935 1655 1949 1692 :
1979 1653 2092 1709 qum

2208 1642 2401 1713 μένης,
2445 1643 2502 1696 ὲν
2547 1641 2691 1705 ὅσοις
2744 1641 2853 1695 τῶν
2900 1641 3211 1695 ἀποστόλων
3237 1642 3331 1694 καὶ
3374 1641 3481 1694 τῶν
3522 1640 3779 1712 μαθητῶν

527 1729 746 1801 quidem
775 1734 900 1797 post
920 1726 1194 1799 piaculum
1227 1726 1281 1781 in
1310 1725 1591 1782 Christum
1622 1706 2092 1799 admissum,qua-

2201 1733 2446 1797 πλείους,
2485 1733 2737 1798 Ἰάκωϐος
2778 1750 2837 1786 τε
2883 1734 3044 1797 αύτος
3070 1736 3097 1787 ὁ
3142 1732 3266 1803 τῇδε
3303 1732 3516 1801 πρῶτος
3555 1735 3776 1787 ἐπίσκο-

527 1818 779 1890 draginta
800 1832 1067 1873 annorum
1098 1816 1275 1888 spatio
1296 1858 1312 1885 ,
1347 1818 1579 1873 exitium
1610 1817 1827 1875 Illorum
1861 1820 2090 1878 distulit.

527 1912 649 1981 Quo
679 1910 734 1966 in
763 1921 1004 1980 tempore
1036 1908 1267 1977 apostoli
1306 1925 1372 1965 ac
1416 1908 1669 1980 discipuli
1712 1926 1849 1981 pene
1876 1927 2090 1977 omnes,

524 2015 581 2061 et
622 2002 859 2059 Jacobus
887 1999 1005 2071 ipse
1033 2000 1238 2069 primus
1270 1999 1373 2055 loci
1406 2000 1552 2057 illius
1580 2001 1889 2074 episcopus,
1922 2003 1971 2061 is
1997 2005 2092 2076 qui

523 2095 697 2152 frater
728 2094 943 2150 Domini
980 2093 1285 2158 dicebatur,
1315 2093 1494 2150 adhuc
1522 2095 1843 2166 superstites
1867 2137 1883 2164 ,
1923 2106 1982 2153 et
2032 2098 2092 2153 in

522 2188 643 2260 ipsa
689 2184 1189 2256 Hierosolymorum
1242 2183 1463 2240 civitate
1510 2186 1808 2257 degentes,
1840 2188 2094 2245 lirmissi-

521 2294 670 2334 mum
705 2276 806 2333 loci
827 2278 1216 2333 munimentum
1235 2278 1568 2345 perstabant,
1595 2292 1717 2332 cum
1747 2280 1929 2335 divina
1957 2281 2091 2336 Pro-

520 2369 760 2425 videntia
785 2368 965 2423 adhuc
989 2383 1084 2424 eos
1114 2367 1510 2438 patientissime
1543 2371 1858 2439 sustineret,
1881 2373 1923 2427 si
1951 2372 2093 2429 forte

521 2460 940 2516 commissorum
971 2458 1258 2514 criminum
1305 2461 1681 2530 pmnitentiam
1721 2475 1966 2534 agentes,
1991 2480 2092 2520 ve-

521 2554 667 2606 niam
712 2561 768 2606 et
807 2550 1037 2607 salutem
1066 2553 1325 2619 consequi
1371 2563 1592 2622 possent
1625 2571 1638 2606 :
1677 2570 1907 2625 cumque
1932 2557 2083 2626 ejus-

515 2644 664 2700 modi
700 2643 970 2713 patientia
1017 2644 1241 2699 minime
1298 2655 1553 2700 contenta
1589 2644 1684 2701 Dei
1729 2648 2077 2719 benignitas,

519 2737 809 2791 horrendis
842 2736 1162 2807 quibusdam
1211 2737 1376 2808 signis
1407 2754 1470 2793 ac
1504 2741 1773 2808 portentis
1819 2742 2083 2798 divinitus

516 2826 701 2889 editis,
734 2825 1071 2882 calamitates
1096 2825 1250 2896 ipsis,
1283 2826 1387 2881 nisi
1413 2829 1785 2898 pmnitentiam
1815 2831 2077 2902 egissent,

2200 1842 2328 1891 πος,
2371 1823 2466 1877 τοῦ
2508 1823 2712 1895 Κυρίου
2757 1825 3106 1895 χρηματίζων
3150 1824 3406 1894 ἀδελφὸς,
3437 1824 3513 1878 ἔτι
3555 1824 3631 1895 τῷ
3677 1825 3777 1897 βίῳ

2200 1918 2505 1990 περιόντες,
2555 1917 2648 1971 καὶ
2680 1919 2765 1970 ἐπ’
2806 1919 2973 1988 αὐτῆς
3005 1918 3105 1987 τῆς
3143 1917 3529 1989 Ἰεροσολύμων
3570 1917 3776 1981 πόλεως

2198 2010 2295 2075 τὰς
2327 2008 2606 2081 διατριϐὰς
2646 2008 2976 2079 ποιούμενοι,
3015 2008 3174 2080 ἕρκος
3212 2008 3400 2080 ὥσπερ
3435 2008 3776 2080 ὀχυρώτατον

2196 2101 2503 2173 παρέμενον
2548 2099 2625 2171 τῷ
2670 2100 2854 2171 τόπῳ,
2897 2100 2994 2172 τῆς
3049 2100 3200 2164 θείας
3252 2100 3557 2170 ἐπισκοπῆς
3605 2099 3775 2152 είσέτι

2194 2193 2316 2247 τότε
2366 2191 2853 2263 μακροθυμούσης,
2895 2193 2942 2245 εί
2977 2192 3083 2263 ἀρα
3111 2192 3240 2243 ποτὲ
3275 2190 3550 2261 δυνηθεῖεν
3583 2190 3667 2258 ἐφ’
3692 2183 3774 2253 οἷς

2196 2284 2427 2355 ἔδρασαν
2482 2284 2946 2354 μετανοήσαντες,
2996 2281 3324 2352 συγγνώμης
3364 2282 3458 2335 καὶ
3502 2281 3773 2351 σωτηρίας

2196 2377 2397 2443 τυχεῖν,
2442 2375 2534 2427 καὶ
2583 2374 2717 2445 πρὸς
2766 2375 2833 2445 τῇ
2879 2372 3111 2442 τοσαύτῃ
3162 2372 3543 2442 μακροθυμίᾳ,
3594 2388 3773 2442 παρα-

2196 2465 2377 2532 δόξους
2421 2465 2717 2538 θεοσημίας
2763 2466 2870 2519 τῶν
2910 2466 3208 2535 μελλόντων
3259 2465 3441 2527 αὐτοῖς
3481 2463 3555 2534 μὴ
3602 2479 3770 2532 μετα-

2198 2558 2419 2630 νοήσασι
2472 2557 2843 2629 συμϐήσεσθαι
2900 2555 3340 2628 παρασχομένης.
3379 2556 3445 2607 Ἀ
3489 2556 3581 2608 καὶ
3631 2554 3771 2608 αὐτὰ

2194 2649 2411 2720 μνήμης
2459 2648 2738 2720 ἠξιωμένα
2789 2649 2924 2719 πρὸς
2970 2648 3063 2701 τοῦ
3111 2646 3476 2716 δεδηλωμένου
3531 2662 3771 2717 συγγρα-

2190 2739 2363 2809 φέως,
2420 2740 2569 2793 οὐδὲν
2624 2735 2734 2793 οἷον
2794 2742 2906 2804 τοῖς
2952 2739 3079 2810 τῇδε
3128 2737 3409 2807 προσιοῦσι
3462 2738 3529 2807 τῇ
3582 2737 3766 2807 γραφῇ

2188 2831 2527 2903 παραθεῖναι.

515 2929 808 2974 eventuras
835 2919 1245 2990 pramuntiaret.
1290 2919 1420 2988 Quae
1453 2921 1669 2990 quidem
1709 2923 1860 2995 signa
1894 2941 2016 2980 cum
2063 2939 2095 2979 a
2156 2924 2469 2995 supradicto
2527 2924 2770 2980 historia:
2809 2924 3079 2995 scriptore
3110 2923 3307 2979 litteris
3356 2919 3608 2976 mandata
3631 2919 3763 2976 sint!

519 3029 629 3067 nun
665 3012 1070 3067 incommodum
1106 3010 1274 3065 fuerit
1324 3015 1493 3068 nostri
1526 3030 1743 3089 quoque
1787 3022 1966 3090 operis
1996 3019 2293 3076 lectoribus
2325 3016 2587 3072 exhibere

1115 3103 1341 3160 CAPUT
1371 3104 1503 3163 Vlll.

970 3194 1050 3249 De
1076 3195 1242 3265 signis
1267 3204 1388 3253 ante
1413 3194 1625 3249 bellant.

585 3291 811 3364 Sumpto
843 3293 1008 3362 igitur
1045 3294 1096 3347 in
1142 3306 1335 3346 manus
1387 3292 1527 3347 libro
1553 3332 1568 3359 ,
1598 3291 1769 3347 recita
1797 3292 1929 3347 mihi
1956 3306 2079 3362 quin

511 3386 567 3440 in
598 3396 753 3441 sexto
784 3386 1145 3442 Historiarum
1172 3386 1445 3440 volumine
1486 3383 1801 3440 referuntur
1842 3384 1929 3441 his
1959 3399 2080 3439 vcr-

505 3478 621 3535 bis:
657 3495 676 3529 l
705 3477 771 3533 Ει
789 3480 943 3535 falsis
973 3480 1189 3550 quidem
1241 3479 1346 3534 illis
1392 3480 1629 3544 vatibus,
1691 3495 1858 3550 seque
1911 3495 1941 3535 a
1973 3480 2081 3536 Deo

506 3572 703 3627 missos
748 3572 1141 3627 mentientibus
1166 3613 1182 3637 ,
1231 3571 1420 3627 infelix
1460 3572 1691 3642 populus
1731 3572 1892 3627 iidem
1925 3572 2079 3627 adhi-

505 3662 691 3717 bebat.
731 3662 1087 3718 Evidentibus
1113 3673 1295 3718 autem
1322 3664 1605 3735 prodigiis,
1636 3673 1690 3719 et
1723 3663 1962 3719 futuram
1992 3679 2080 3719 so-

505 3753 791 3807 litudinem
822 3754 1333 3822 praenuntiantibus,
1357 3769 1535 3824 neque
1562 3755 1924 3811 advertebant
1956 3756 2076 3811 ani-

509 3858 627 3899 mos
672 3859 850 3914 neque
881 3846 1198 3900 credebant.
1230 3846 1336 3901 Sed
1383 3854 1641 3915 tanquam
1669 3847 1911 3911 attoniti,
1942 3861 2076 3902 ocu-

501 3933 685 4003 lisque
701 3943 755 3989 et
775 3945 959 3989 mente
974 3937 1139 4005 capti,
1160 3937 1327 4004 ipsius
1343 3937 1436 3991 Dei
1454 3937 1723 4006 praeconia
1742 3953 1806 3993 ac
1818 3938 2077 3993 vaticinia

506 4027 732 4097 insuper
767 4027 1104 4090 habuerunt;
1144 4028 1378 4094 primum
1424 4043 1545 4083 cum
1590 4042 1753 4098 supra
1797 4029 2078 4085 civitatem

503 4118 656 4172 stetit
684 4117 836 4173 sidus
857 4116 1033 4172 simile
1053 4117 1254 4189 gladio,
1276 4126 1333 4174 et
1365 4117 1496 4174 anni
1521 4119 1700 4189 spatio
1731 4118 1926 4174 ardere
1953 4133 2077 4187 per-

502 4210 1071 4279 severavitcometes;
1116 4208 1312 4266 deinde
1359 4225 1484 4266 cum
1535 4220 1662 4266 ante
1711 4210 2074 4267 deiectionem

499 4299 816 4371 primosque
863 4298 991 4356 belli
1044 4307 1262 4365 motus,
1314 4299 1514 4371 pepulo
1565 4300 1633 4355 ad
1684 4298 1881 4356 festum
1932 4299 2073 4356 diem

2113 3119 2155 3174 C

2718 3103 3114 3159 ΚΕΦΑΛΑῙΟΝ
3146 3103 3226 3155 ῐῐ⁹.

2179 3197 2320 3267 Περὶ
2335 3197 2451 3252 τῶν
2471 3197 2579 3265 πρὸ
2601 3197 2708 3251 τοῦ
2723 3196 2987 3266 πολέμου
3002 3195 3266 3264 σημείων
3279 3194 3419 3266 (Nic.
3442 3191 3761 3262 Η.Ε.ιιι,4)ι

2251 3292 2363 3347 Καὶ
2393 3291 2457 3362 δὴ
2494 3289 2672 3344 λαϐὼν
2715 3288 2987 3357 ἀνάγνωθι
3036 3287 3106 3341 τά
3137 3288 3278 3342 κατά
3325 3288 3424 3359 τὴν
3449 3288 3613 3358 ἕκτην
3652 3287 3763 3339 τῶν

2192 3381 2485 3451 Ἰστοριῶν
2507 3381 2653 3451 αύτῷ
2684 3380 3026 3451 δεδηλωμένα
3056 3381 3112 3432 ἐν
3144 3380 3371 3444 τούτοις·
3401 3397 3422 3431 ι
3472 3379 3575 3432 Τὸν
3628 3378 3760 3447 γοῦν

2180 3475 2360 3530 ἄθλιον
2390 3474 2579 3544 δῆμον,
2608 3475 2656 3525 οἱ
2710 3473 2807 3542 μὲν
2836 3471 3147 3535 ἀπατεῶνες
3180 3473 3272 3525 καὶ
3300 3471 3759 3542 καταψευδόμενοι

2179 3565 2273 3620 τοῦ
2291 3564 2446 3628 Θεοῦ,
2476 3562 2776 3634 τηνικαῦτα
2801 3562 3152 3633 παρέπειθον,
3178 3565 3288 3625 τοῖς
3311 3563 3354 3615 δ’
3385 3563 3636 3634 ἐναργέσι
3664 3564 3758 3615 καὶ

2179 3660 2609 3733 προσημαίνουσι
2637 3658 2736 3729 τὴν
2771 3657 3065 3728 μέλλουσαν
3093 3656 3310 3710 ἔσεσθαι
3344 3657 3576 3728 ἐρημίαν
3602 3658 3758 3726 τέρα-

2180 3769 2263 3806 σιν
2309 3750 2432 3804 οὔτε
2479 3752 2763 3821 προσεῖχον
2802 3748 2926 3802 οὔτε
2966 3748 3265 3812 ἐπίστευον,
3305 3747 3419 3801 ἀλλ’
3458 3748 3534 3811 ὡς
3590 3750 3754 3818 €51.62-

2178 3840 2553 3914 ὄροντημένοι,
2584 3840 2677 3891 καὶ
2717 3841 2852 3909 μήτε
2882 3838 3103 3908 ὄμματα
3138 3839 3273 3907 μήτε
3307 3836 3482 3908 ψυχὴν
3519 3835 3752 3907 ἔχοντες,

2176 3933 2285 3987 τῶν
2325 3931 2420 3985 τοῦ
2470 3930 2603 3984 Θεοῦ
2638 3930 3006 4001 κηρυγμάτων
3056 3929 3386 3999 παρήκουονο
3428 3927 3586 3981 τοῦτο
3629 3928 3750 4001 μὲν,

2179 4025 2267 4079 ὅτε
2307 4023 2416 4096 (66)
2448 4023 2587 4095 ὑπὲρ
2611 4021 2708 4092 τὴν
2733 4021 2882 4073 πόλιν
2912 4021 3110 4092 ἀστρον
3141 4021 3270 4089 ἔστη
3299 4020 3543 4091 ῥομφαίᾳ,
3577 4037 3752 4092 παρα-

2177 4116 2426 4187 πλήσιον,
2455 4117 2550 4170 καὶ
2574 4116 2906 4186 παρατείνας
2945 4114 3032 4165 ἐπ’
3059 4114 3302 4167 ἐνιαυτὸν
3337 4114 3607 4184 κομήτηςο
3626 4111 3752 4166 τοῦ·

2175 4209 2301 4262 τοδ’
2334 4208 2494 4279 ἡνίκα
2530 4207 2634 4279 πρὸ
2684 4207 2784 4277 τῆς
2822 4205 3173 4267 ἀποστάσεως
3215 4205 3309 4258 καὶ
3347 4204 3442 4258 τοῦ
3485 4205 3620 4277 πρὸς
3655 4204 3751 4257 τὸν

2176 4298 2411 4369 πόλεμον
2433 4299 2749 4369 κινήματος,
2780 4293 3165 4368 ἀθροιζομένου
3204 4296 3299 4348 τοῦ
3330 4294 3462 4349 λαοῦ
3485 4296 3619 4367 πρὸς
3649 4295 3748 4368 τὴν

496 4393 828 4462 Azymorum
875 4398 1247 4463 congregato,
1293 4400 1448 4449 sexto
1504 4391 1629 4448 idus
1678 4392 1884 4462 Aprilis
1936 4392 2071 4447 hora

2195 4389 2284 4444 τῶν
2311 4388 2532 4459 ἀζύμων
2564 4388 2778 4460 ἑορτὴν,
2818 4387 2977 4460 ὀγδόῃ
3004 4386 3264 4440 Ξανθικοῦ
3296 4387 3462 4458 μηνὸς
3489 4387 3628 4440 κατά
3656 4405 3748 4441 νυ-

498 4481 672 4536 noctis
718 4497 860 4538 nona
886 4523 903 4548 ,
945 4491 1094 4538 tanta
1130 4491 1353 4555 repente
1395 4482 1486 4537 lux
1533 4484 1677 4541 circa
1715 4484 1885 4539 altare
1931 4495 2067 4539 tem-

2195 4485 2301 4547 ιτδς
2352 4482 2577 4553 ὲννάτην
2624 4480 2791 4553 ὥραν,
2837 4481 3059 4534 τοσοῦτο
3117 4480 3231 4550 φῶς
3282 4480 3613 4550 περιέλαμψε
3654 4480 3746 4533 τὸν

497 4573 754 4643 piumque
809 4574 1143 4631 circumfusa
1202 4584 1328 4641 est,
1382 4584 1442 4630 ut
1503 4575 1591 4631 die
1634 4576 1746 4646 jam
1809 4576 2067 4631 clarissi-

2195 4574 2359 4645 Βωμὸν
2407 4574 2501 4626 καὶ
2542 4573 2633 4625 τὸν
2662 4572 2808 4636 ναὸν,
2863 4572 2939 4634 ὡς
2980 4570 3155 4623 δοκεῖν
3186 4571 3401 4641 ἡμέραν
3433 4566 3569 4624 εἶναι
3609 4570 3745 4640 λαμ-

497 4678 623 4718 inus
664 4679 789 4719 esse
842 4666 1121 4721 videretur
1178 4684 1193 4721 :
1240 4681 1416 4736 eaque
1474 4666 1566 4722 lux
1631 4670 1779 4723 hora:
1829 4669 1936 4741 83
1995 4670 2070 4725 di-

2195 4666 2349 4738 τράν”
2384 4666 2477 4718 καὶ
2505 4662 2663 4717 τοῦτο
2696 4661 3013 4733 παρέτεινεν
3067 4662 3151 4729 ἐφ’
3191 4661 3440 4730 ἡμίσειαν
3466 4659 3633 4731 ὥραν.
3678 4663 3742 4711 ὐ

499 4752 678 4806 inuidiae
735 4753 912 4821 spatio
936 4756 1252 4822 permansit.
1312 4756 1466 4823 Quod
1525 4758 1792 4826 imperitis
1845 4759 2065 4826 quidem

2195 4753 2282 4820 :qu
2311 4756 2408 4826 μὲν
2441 4755 2687 4826 ἀπείροις
2720 4751 2924 4822 ἀγαθὸν
2955 4751 3131 4804 ἐδόκει
3170 4751 3329 4813 εἶναι,
3369 4752 3481 4811 τοῖς
3505 4751 3561 4802 δὲ
3596 4753 3739 4820 ἱερο-

498 4840 701 4895 bonum
764 4856 923 4898 omen
977 4858 1098 4901 esse
1169 4845 1458 4902 videbatur
1529 4864 1545 4901 :
1611 4849 1704 4904 sed
1779 4862 2060 4906 sacrorum

2195 4846 2553 4921 ’ραμματεῦσι
2590 4845 2703 4917 (67)
2762 4843 2868 4915 πρὸ
2925 4842 3030 4895 τῶν
3079 4841 3493 4913 ἀποδεδηκότων
3538 4841 3739 4904 εὐθέως

566 4974 611 5007 ³⁸
641 4975 773 5030 Luc.
807 4993 923 5033 nt.

2162 5134 2260 5188 per
2293 5133 2492 5173 annum
2516 5119 2854 5191 continuum
2892 5119 3158 5187 apparuit,
3189 5135 3353 5173 unum
3377 5120 3629 5191 idemque
3663 5124 3737 5176 si-

2163 5192 2263 5243 dus
2290 5204 2415 5242 esse
2443 5189 2795 5257 existimavit,
2831 5203 2935 5242 non
2967 5202 3131 5253 recte,
3161 5202 3217 5242 nt
3243 5193 3455 5257 opinor.

2235 5259 2347 5331 (67)
2376 5257 2505 5324 Τοῖς
2532 5256 2601 5310 δὲ
2625 5258 3173 5331 ἱερογραμματεῦσι.
3203 5256 3352 5328 Legis
3384 5260 3579 5331 peritos
3615 5274 3735 5315 ver-

2166 5329 2232 5383 tit
2263 5328 2512 5392 Rulinns,
2564 5344 2684 5399 non!
2721 5330 2880 5381 male.
2920 5330 3123 5383 Scriba:
3161 5332 3304 5399 enim
3350 5330 3488 5399 apud
3519 5328 3736 5386 Iudaeos

2166 5400 2327 5479 iidem
2357 5407 2628 5479 erantha‘c
2656 5397 2806 5479 iegis
2850 5399 3032 5479 periti.
3051 5414 3159 5479 scn_
3187 5398 3320 5479 legis
3372 5397 3643 5479 doctores,
3677 5412 3732 5453 u'

2167 5477 2318 5523 recte
2347 5468 2550 5521 notavit
2575 5466 2826 5522 Petavius
2861 5469 2912 5521 in
2946 5467 3505 5524 animadversionibus
3533 5469 3596 5521 ad
3622 5470 3731 5522 hrc-

2169 5538 2330 5591 rcsim
2356 5551 2424 5590 xv
2454 5535 2765 5606 Epiphanii.’
2785 5537 2986 5591 Horum
3017 5553 3211 5591 munus
3235 5548 3352 5591 erat
3380 5552 3564 5592 sacros
3600 5538 3734 5604 legis

2168 5607 2335 5662 libros
2363 5610 2660 5668 custodire.
2704 5610 3031 5675 eosdemque
3069 5607 3254 5676 lugere
3298 5622 3483 5661 coram
3538 5609 3734 5676 populo

2169 5679 2224 5734 in
2268 5676 2468 5749 templo
2522 5686 2578 5733 et
2615 5678 2669 5733 in
2713 5674 3003 5748 synagoga.
3068 5674 3222 5733 Unde
3280 5678 3335 5732 in
3398 5678 3574 5746 capite
3610 5674 3737 5731 'vnt

570 5115 681 5187 (65)
692 5118 825 5191 Ταῖς
859 5119 1144 5191 ἱστορίαις
1164 5120 1483 5191 ἐπιλέγειν.
1509 5120 1643 5177 Male
1672 5121 2054 5191 Chrislophor-

494 5201 663 5241 sonus
689 5189 855 5242 vertit
880 5190 933 5242 in
960 5191 1058 5243 hac
1079 5191 1298 5245 historia
1329 5189 1583 5247 disserere
1605 5208 1709 5246 non
1734 5202 1809 5246 est
1844 5189 2055 5245 omnino

494 5271 717 5329 necesse.
758 5255 976 5329 Rectius
1004 5259 1304 5324 Musculus,
1331 5278 1435 5316 non
1480 5278 1609 5329 opus
1644 5273 1718 5316 est
1744 5273 1800 5314 ut
1824 5262 2056 5314 historiis

492 5328 752 5380 addamus
805 5328 1027 5396 aliquid.
1065 5330 1332 5386 Historias
1372 5328 1531 5387 vocat
1578 5332 1845 5386 Eusebius
1892 5329 2058 5383 libros

492 5396 711 5472 Josephi
749 5396 830 5450 De
860 5401 1066 5453 excidio
1091 5402 1238 5472 urbis
1280 5401 1799 5472 Hierosolymitanw,
1831 5416 1936 5456 non
1967 5400 2057 5454 hi—

492 5470 910 5541 storiaiiisu_am,
934 5478 992 5541 ut
1022 5469 1810 5541 putavit"Christopl'iorsonns.

560 5536 674 5619 (66)
703 5533 861 5619 Vulg.
885 5533 1061 5619 τοῦτο
1080 5538 1200 5607 μὲν
1219 5533 1552 5619 ὅῃζβοξὶὺο
1575 5541 1687 5607 ὅτε,
1708 5552 1781 5619 ut
1799 5536 2054 5619 est‘apud

489 5603 783 5679 JoSeplium
813 5603 867 5661 in
897 5603 1103 5673 liba",
1126 5625 1248 5679 pag.
1270 5610 1395 5665 960.
1413 5603 1685 5665 Caeterum
1721 5603 2055 5679 Nicephorus

490 5678 705 5745 quidem
739 5686 945 5736 astrum
977 5679 1091 5756 hoc
1130 5678 1309 5751 gladio
1353 5681 1552 5751 simile,
1598 5693 1651 5740 et
1682 5678 1924 5738 COtttetell
1962 5680 2054 5748 qui
