4192 6444
335 476 434 533 241

1325 474 1671 532 HISTORUE
1712 477 2267 535 ECCLESIASTICIE
2306 478 2434 533 LIB.
2472 474 2561 532 ΙΙΙ.

3476 471 3586 528 242

332 591 468 648 ἀλλὰ
488 593 580 648 καὶ
612 594 763 665 παρὰ
798 593 1085 664 Ῥωμαίοις
1109 592 1331 660 γέγονεν
1358 596 1496 666 ἀνὴρ
1513 594 1904 660 ὲπιδοξότατος,

2021 611 2115 651 sus
2164 595 2440 649 Romanos
2473 589 2730 661 pugnavi,
2762 598 2819 644 et
2851 588 3015 644 rebus
3057 587 3266 658 postea‘
3288 592 3453 658 gestis
3485 608 3583 647 ne-

329 686 412 752 ὠς
435 688 595 741 αὐτὸν
625 689 721 760 μὲν
754 686 1006 740 ἀναθέσει
1028 686 1342 758 ἀνδριάντος
1369 688 1462 740 ἐπὶ
1492 688 1592 758 τῆς
1642 690 1912 759 Ρωμαίων

290 838 302 851 _
328 778 624 851 τιμηθῆναι
657 778 887 841 πόλεως,
924 779 1052 839 τοὺς
1078 777 1134 830 δὲ
1161 778 1598 843 σπουδασθέντας
1642 780 1790 852 αὐτῷ
1822 780 1911 834 λδ-

331 890 459 940 γους
517 871 865 942 βιϐλιοθήκης
910 870 1224 941 ἀξιωθῆναι.
1277 865 1443 935 Οὗτος
1495 871 1559 943 δὴ
1602 874 1782 927 πᾶσαν
1811 874 1911 945 τὴν

343 959 675 1027 Ἰουδαῖκὴν
729 961 1169 1031 Ἀρχαιολογίαν
1201 963 1258 1014 ὲν
1285 962 1425 1024 ὅλοις
1472 961 1643 1016 είκοσι
1680 964 1913 1018 καταϐέ-

333 1052 524 1124 ϐληται
552 1050 967 1123 συγγράμμασι,
994 1053 1093 1124 τὴν
1116 1053 1162 1106 δ’
1206 1054 1506 1121 Ἱστορίαν
1540 1053 1646 1108 τοῦ
1669 1055 1788 1109 κατ’
1816 1057 1913 1109 αὐ-

331 1143 424 1196 τὸν
467 1141 797 1196 Ἰουδαϊκοῦ
847 1141 1113 1212 πολέμου
1160 1146 1216 1197 ἐν
1262 1143 1403 1197 ἑπτὰ
1450 1144 1583 1214 (79),
1626 1143 1663 1200 ἃ
1718 1148 1812 1201 καὶ
1850 1148 1909 1201 οὐ

338 1235 498 1306 μόνον
538 1237 605 1306 τῇ
662 1234 947 1302 Ἑλλήνων,
1005 1234 1140 1289 ἀλλὰ
1185 1237 1280 1289 καὶ
1310 1240 1376 1308 τῇ
1393 1237 1608 1309 πατρίῳ
1642 1241 1791 1310 φωνῇ
1814 1257 1914 1293 πα·

338 1324 584 1395 ραδοῦναι
620 1324 784 1387 αὐτὸς
820 1324 994 1396 ἑαυτῷ
1023 1330 1309 1398 μαρτυρεῖ,
1337 1326 1485 1391 ἄξιός
1517 1344 1581 1397 γε
1607 1326 1683 1381 ὢν
1706 1328 1793 1382 διὰ
1843 1327 1912 1383 τὰ

333 1413 496 1467 λοιπὰ
544 1412 913 1468 πιστεύεσθαι.
969 1415 1081 1469 Καὶ
1138 1416 1299 1485 ἕτερα
1350 1415 1406 1468 δὲ
1464 1414 1627 1469 αὐτοῦ
1688 1415 1911 1486 φέρεται

334 1503 566 1573 σπουδῆς
599 1502 720 1568 ἄξια
751 1504 864 1565 δύο,
890 1501 958 1555 τὰ
1002 1502 1143 1571 Περὶ
1184 1501 1295 1569 τῆς
1345 1500 1648 1556 Ἰουδαίων
1674 1501 1911 1570 ἀρχαιό-

331 1609 525 1660 τητος,
572 1593 630 1645 ὲν
674 1587 756 1655 οἷς
804 1590 897 1645 καὶ
942 1592 1291 1663 ἀντιρρήσεις
1340 1589 1477 1662 πρὸς
1540 1590 1776 1643 Ἀπίωνα
1818 1589 1909 1642 τὸν

330 1680 712 1753 γραμματικὸν
762 1681 904 1735 κατὰ
965 1679 1230 1733 Ἰουδαίων
1281 1677 1535 1749 τηνικάδε
1577 1677 1910 1744 συντάξαντα

329 1772 483 1840 λόγον
516 1771 627 1842 (80)
648 1771 960 1843 πεποίηται,
996 1770 1090 1845 καὶ
1124 1769 1261 1840 πρὸς
1295 1768 1506 1834 ἄλλους,
1536 1770 1584 1822 οἳ
1607 1768 1908 1822 διαϐάλλειν

329 1861 423 1913 καὶ
441 1861 594 1913 αὐτοὶ
616 1861 685 1914 τὰ
719 1861 923 1933 πάτρια
951 1859 1063 1930 (81)
1091 1858 1184 1913 τοῦ
1234 1859 1502 1914 Ἰουδαίων
1546 1858 1730 1923 ἔθνους
1756 1860 1904 1911 ἐπει-

2016 687 2273 742 cessitate
2302 693 2525 739 coactus
2556 680 2804 738 interfui.
2841 701 2860 735 ι
2897 678 2999 736 Hic
3026 681 3131 745 vir.
3158 682 3399 737 omnium
3449 692 3582 741 tunc

2016 774 2276 845 temporis
2299 770 2608 829 Iudaeorum
2640 771 3117 843 praestantissimus
3148 771 3268 838 fuit,
3294 788 3400 828 non
3420 774 3580 831 modo

2012 863 2358 937 popularium
2406 877 2653 925 suorum,
2692 861 2787 915 sed
2821 862 2982 915 etiam
3017 859 3385 917 Romanorum
3432 864 3581 933 judi-

2014 958 2101 1012 cio
2134 974 2148 1011 :
2180 956 2315 1010 adeo
2345 963 2404 1009 ut
2435 955 2550 1025 ipse
2582 954 2795 1023 quidem
2828 954 2883 1008 in
2915 955 3049 1009 urbe
3090 952 3259 1009 Roma
3289 963 3469 1011 statua
3491 958 3598 1012 do-'

2013 1056 2173 1103 natus
2204 1048 2300 1110 sit,
2334 1045 2459 1101 libri
2488 1061 2619 1100 vero
2653 1046 2718 1099 ab
2749 1059 2813 1099 eo
2844 1046 3138 1115 conscripti
3170 1046 3222 1101 in
3253 1047 3584 1104 bibliotheca

2014 1137 2228 1208 publica
2258 1136 2461 1192 fuerint
2491 1136 2764 1191 collocati.
2794 1135 3025 1203 Scripsit
3052 1146 3228 1191 autem
3271 1138 3582 1209 Antiquita-

2014 1242 2088 1285 tes
2116 1229 2331 1300 quidem
2360 1226 2622 1281 Iudaicus
2653 1228 2845 1296 viginti
2870 1227 3026 1282 libris
3059 1243 3074 1294 ;
3106 1226 3404 1282 Historiam
3451 1243 3582 1283 vero

2014 1320 2133 1374 belli
2161 1318 2403 1385 Iudaici,
2459 1320 2603 1388 quod
2642 1332 2672 1371 a
2704 1316 2971 1373 Romanis
3014 1332 3111 1372 sua
3161 1327 3324 1373 aetate
3368 1327 3584 1387 gestum

2012 1418 2120 1476 est,
2151 1416 2358 1475 septem
2398 1407 2773 1463 voluminibus
2807 1407 3124 1478 complexus
3152 1418 3256 1473 est,
3290 1422 3450 1477 quam
3473 1424 3584 1465 non

2013 1501 2188 1556 solum
2222 1499 2433 1566 Graeco,
2459 1500 2555 1554 sed
2585 1499 2747 1552 etiam
2782 1500 2966 1568 patrio
2999 1514 3253 1554 sermone
3281 1501 3350 1555 ab
3378 1515 3437 1555 se
3465 1501 3582 1556 edi-

2013 1600 2122 1646 tam
2153 1606 2274 1646 esse
2299 1599 2536 1646 testatur
2566 1589 2817 1661 :Idiguus
2860 1590 3086 1646 omnino
3116 1590 3202 1645 cui
3240 1599 3295 1645 et
3326 1590 3414 1646 hic
3446 1590 3583 1645 etin

2011 1681 2227 1735 caeteris
2257 1680 2399 1734 ﬁdes
2427 1680 2712 1735 habeatun
2740 1679 2967 1734 Exstant
3003 1680 3164 1734 etiam
3206 1680 3311 1734 duo
3338 1679 3597 1751 ejusdem

2011 1772 2134 1826 libri
2177 1770 2254 1825 De
2294 1769 2606 1825 Iudworum
2635 1780 2887 1826 vetustate
2914 1771 3055 1826 lectu
3088 1771 3200 1843 85
3250 1772 3581 1842 dignissimi.

2010 1863 2067 1917 in
2103 1863 2299 1932 quibus
2333 1871 2386 1918 et
2416 1862 2612 1932 Apioni
2640 1862 2998 1932 grammatico
3026 1863 3324 1934 respondet
3358 1864 3450 1933 qui
3490 1862 3603 1926 illa,

330 1950 594 2024 ράθησαν.
632 1951 852 2005 Τούτων
894 1953 953 2004 ὲν
1000 1949 1078 2021 τῷ
1124 1950 1378 2022 προτέρῳ
1404 1950 1495 2002 τὸν
1527 1948 1758 2021 ἀριθμὸν
1806 1942 1904 2020 τῆς

2014 1961 2169 2006 aetate
2200 1951 2451 2005 volumen
2504 1951 2771 2005 adversus
2819 1948 3031 2006 Iudaeos
3069 1959 3471 2022 composuerat,
3529 1959 3589 2006 et

327 2040 625 2112 λεγομένης
657 2040 898 2103 Παλαιᾶς
930 2039 1038 2093 τῶν
1073 2039 1406 2111 ὲνδιαθήκων
1435 2039 1666 2110 Γραφῶν
1702 2038 1903 2110 τίθησι,

327 2132 447 2185 τίνα
478 2132 608 2205 παρ’
654 2130 925 2204 Ἑϐραίοις
950 2131 1340 2204 ἀναντίρρητα,
1379 2131 1454 2194 ὡς
1481 2130 1550 2184 ἂν
1579 2130 1640 2195 ἐξ
1672 2132 1908 2203 ἀρχαίας

328 2221 702 2294 παραδόσεως,
729 2222 910 2286 αὐτοῖς
933 2222 1140 2292 ῥήμασι
1170 2221 1260 2274 διὰ
1284 2220 1489 2274 τούτων
1515 2219 1797 2277 διδάσκων.

2013 2044 2137 2098 aliis
2166 2041 2438 2096 nonnullis
2469 2041 2562 2111 qui
2607 2039 2915 2095 Iudaeorum
2950 2041 3191 2111 origines
3224 2041 3451 2110 perinde
3485 2056 3584 2098 ca-

2012 2132 2265 2187 lumniari
2291 2138 2656 2187 tentaverant.
2689 2128 2749 2187 In
2774 2133 2959 2202 priore
2989 2142 3169 2188 autem
3192 2133 3388 2190 horum
3420 2134 3588 2190 libro-

2012 2239 2158 2289 rum,
2184 2236 2472 2277 numerum
2501 2236 2786 2278 sacrorum
2817 2222 3157 2277 voluminum
3178 2222 3377 2292 quibus
3419 2223 3607 2280 Vetus.

304 2315 733 2372 Testamentum
767 2325 1003 2383 constat,
1031 2330 1278 2386 quaenam
1316 2317 1428 2371 sint
1458 2316 1599 2388 apud
1641 2315 1895 2376 Hebraeos
1920 2327 2077 2376 extra
2118 2333 2340 2376 omnem
2404 2319 2831 2375 controversiam
2889 2319 3087 2389 posita,
3132 2326 3319 2387 utpote
3381 2332 3410 2372 a
3468 2332 3585 2372 ma-

322 2407 535 2475 joribus
560 2409 784 2475 tradita,
811 2408 1056 2463 declarat
1078 2408 1167 2462 his
1198 2405 1406 2463 verbis.

880 2499 1281 2557 ΚΕΦΔΛΑΙΟΝ
1300 2500 1356 2552 I'.

334 2586 527 2656 Ὅπως
555 2588 676 2644 τῶν
702 2589 876 2645 θείων
914 2590 1276 2713 μνηιίιονεύει
1317 2590 1573 2654 βιϐλίων
1617 2590 1908 2662 Ἰώσηπος

824 2658 963 2730 (Nic.
1057 2697 1075 2715 .
1104 2658 1170 2713 E.
1212 2675 1297 2726 ιιι,
1330 2660 1406 2731 9).

896 2675 963 2713 ic.
1001 2675 1075 2715 η.
1104 2675 1170 2713 ιι.
1212 2675 1297 2726 ιιι,
1330 2675 1406 2726 υ).

405 2770 426 2802 ι
465 2750 539 2805 Οὐ
589 2750 845 2823 μυριάδες
879 2748 973 2806 οὖν
1017 2755 1123 2806 είσι
1161 2750 1378 2823 βιϐλίων
1412 2756 1542 2826 παρ’
1576 2755 1707 2826 ἡμῖν
1730 2756 1908 2827 ἀσυμ-

330 2836 523 2906 φώνων
566 2838 661 2891 καὶ
695 2838 1036 2910 μαχομένων,
1082 2840 1175 2894 δύο
1198 2840 1256 2895 δὲ
1293 2842 1431 2912 μόνα
1464 2844 1602 2914 πρὸς
1627 2847 1739 2909 τοῖς
1758 2845 1905 2898 είκο-

328 2943 381 2981 σι
411 2927 522 3000 (82)
575 2928 774 3000 βιϐλία,
825 2930 920 2984 τοῦ
954 2932 1157 2996 παντὸς
1198 2931 1391 3003 ἔχοντα
1431 2934 1623 3006 χρόνου
1647 2935 1746 3008 τὴν
1780 2936 1911 2992 ἀνα-

323 3019 562 3091 γραφὴν,
591 3018 661 3074 τὰ
686 3019 910 3086 δικαίως
940 3022 1057 3076 θεῖα
1089 3024 1521 3095 πεπιστευμένα.
1554 3027 1666 3081 Καὶ
1699 3027 1906 3084 τούτων

325 3112 490 3165 πέντε
526 3111 624 3183 μέν
662 3113 779 3166 ἐστι
808 3114 878 3167 τὰ
912 3115 1216 3182 Μωῦσὲως,
1266 3115 1305 3170 ἃ.
1343 3117 1470 3181 τούς
1497 3136 1558 3172 τε
1587 3119 1784 3191 νόμους
1813 3138 1909 3175 πε-

325 3203 494 3277 ριέχει
527 3206 621 3259 καὶ
657 3203 754 3275 τὴν
773 3206 875 3277 τῆς
903 3207 1350 3280 ἀνθρωπογονίας
1378 3211 1695 3282 παράδοσιν,
1745 3213 1906 3285 μέχρι

320 3294 423 3365 τῆς
443 3295 606 3349 αὑτοῦ
628 3297 904 3369 τελευτῆς.
940 3294 1108 3364 Οὗτος
1135 3302 1164 3352 ὁ
1216 3301 1409 3371 χρόνος
1443 3302 1727 3358 ἀπολείπει
1754 3322 1907 3377 τρια.

322 3387 507 3457 χιλίων
536 3388 716 3456 ὀλίγον
747 3388 884 3443 ἑτῶν
919 3391 1053 3461 (8'5).
1101 3392 1235 3444 Ἀπὸ
1265 3391 1322 3446 δὲ
1361 3394 1461 3463 τῆς
1508 3395 1787 3460 Μωῦσέως
1825 3414 1909 3450 τε-

320 3476 517 3547 λευτῆς
572 3478 732 3551 μέχρι
776 3479 877 3549 τῆς
938 3479 1320 3552 Ἀρταξέρξου,
1363 3482 1458 3537 τοῦ
1507 3485 1646 3554 μετὰ
1698 3485 1904 3559 Ξέρξην

322 3567 550 3639 Περσῶν
580 3567 864 3639 βασιλέως,
888 3569 938 3621 oi
962 3570 1102 3638 μετὰ
1124 3572 1368 3643 Μωῦσῆν
1391 3573 1669 3644 προφῆται
1687 3575 1760 3629 τὰ
1782 3576 1904 3630 κατ’

324 3659 527 3723 αὐτοὺς
564 3657 876 3729 πραχθέντα
914 3659 1259 3732 συνέγραψαν
1281 3663 1340 3716 ὲν
1361 3664 1508 3734 τρισὶ
1538 3665 1633 3718 καὶ
1661 3664 1793 3720 δέκα
1820 3666 1905 3738 βι-

326 3747 514 3813 ϐλίοις.
550 3750 618 3802 Δί
655 3749 713 3803 δὲ
745 3749 930 3804 λοιπαὶ
961 3752 1247 3825 τέσσαρες,
1282 3753 1486 3825 ὕμνους
1509 3757 1590 3820 είς
1616 3757 1708 3812 τὸν
1746 3758 1908 3826 Θεὸν,

396 3993 509 4062 (79)
544 3993 699 4065 Vulg.
736 3995 809 4051 ἐν
834 3994 984 4049 ἑπτὰ
1003 3994 1226 4065 λόγοις.
1251 3992 1533 4065 Posterior
1546 4008 1648 4065 vox
1674 3994 1899 4051 delenda

323 4061 439 4127 est,
475 4079 636 4131 quam
654 4061 768 4120 'nec
797 4065 997 4133 Regius
1039 4061 1209 4119 codex
1259 4063 1524 4133 agnoscit.
1568 4061 1901 4123 Subauditur

324 4146 508 4189 antem
538 4132 982 4207 συγγράμμασιν.
1006 4132 1608 4207 AtqueJita’legendurn
1643 4149 1767 4190 esse
1804 4150 1900 4206 ap-

321 4213 474 4273 paret
492 4218 568 4273 ex
603 4200 814 4273 iisquae
837 4200 1158 4272 sequuntur,
1183 4200 1229 4273 &_
1260 4200 1512 4273 καίίθιο.

397 4272 509 4344 (80)
550 4271 938 4344 ξυντᾶξαντα
978 4275 1184 4344 λόγον.
1213 4271 1269 4326 lu
1312 4271 1621 4344 ﬂicephoro
1646 4274 1904 4332 scribitur

321 4339 533 4415 λόγους.
561 4340 712 4409 Quod
735 4339 1302 4415 c'oniirmare'videtur
1331 4339 1617 4415 Iosephus,
1647 4344 1740 4415 qui
1783 4345 1901 4413 plu-

323 4428 432 4485 res,
467 4413 635 4468 libros
687 4426 875 4468 contra
926 4411 1259 4485 Iudaeorum
1296 4420 1513 4483 gentem
1562 4414 1632 4469 ab
1663 4411 1901 4485 prione

327 4482 560 4549 scriptos
592 4498 714 4538 esse
742 4491 988 4538 testatur.
1030 4479 1322 4550 Vulgataui
1355 4491 1536 4535 tamen
1571 4479 1898 4550 scripturam

323 4560 513 4632 tuetur
564 4552 925 4625 Hieronymus
977 4551 1034 4607 in
1082 4550 1364 4621 Catalogo,
1414 4550 1505 4606 ubi
1552 4553 1621 4608 de

323 4629 563 4685 θοι-ἰωῆς.

396 4688 625 4764 (δίλΐὰ
667 4690 900 4764 πάτρια.
928 4691 1257 4764 interpretes
1293 4706 1501 4758 omnes,
1534 4691 1750 4764 Langus
1777 4694 1896 4764 Asc”-

324 4758 495 4831 licet,
522 4758 796 4831 Masculus
842 4772 897 4817 et
950 4758 1473 4831 Christophorsonus
1507 4776 1631 4817 cum
1652 4758 1893 4830 'Rulino,

320 4828 524 4901 patrios
576 4830 708 4901 ritus
757 4831 1070 4885 etimtitula
1107 4828 1448 4901 interpretati
1495 4841 1643 4888 sunt.
1690 4828 1896 4890 Verum

324 4899 426 4972 hoc
453 4899 711 4972 vocabulo
743 4901 981 4972 amplius
1018 4900 1219 4970 aliquid
1259 4899 1568 4972 signiﬁcari
1617 4902 1891 4959 existimo.

320 4966 458 5039 l‘iam
489 4966 758 5038 Iosephus
784 4966 1016 5039 inlibris
1043 4966 1225 5024 contra
1261 4966 1540 5039 Aﬁionem,
1567 4986 1675 5026 non
1708 4973 1775 5027 iis
1799 4988 1895 5028 so-

319 5035 433 5112 lum
483 5035 770 5112 respondet
812 5040 904 5108 qui
932 5037 1234 5112 Iudaeorum
1270 5035 1417 5112 leges
1451 5035 1614 5111 atque
1643 5042 1891 5099 instituta

320 5107 634 5179 calumniati
667 5107 900 5168 fuerant.
924 5109 1019 5163 sed
1048 5107 1605 5179 praecipue'advcrsus
1624 5127 1720 5169 eos
1750 5114 1889 5168 scri-

318 5176 435 5251 bit,
489 5178 581 5247 qui
623 5179 701 5251 _de
756 5179 965 5248 origine
1008 5176 1166 5251 atque
1209 5176 1532 5251 antiquitate
1579 5178 1893 5241 Iudaeorum

320 5247 455 5301 falsa
479 5246 726 5318 quaedam
758 5246 1049 5305 commenti
1080 5246 1359 5313 ‘fuerant,’
1382 5260 1441 5318 ut
1469 5259 1618 5318 patet
1648 5268 1716 5307 ex
1749 5252 1890 5308 libro

319 5318 521 5391 primo.
553 5317 698 5391 Sun
726 5319 888 5391 linem
939 5327 1122 5391 autem
1165 5318 1415 5391 secundi
1440 5317 1565 5391 libri
1601 5322 1891 5391 respondet

317 5387 623 5473 apollonio,
649 5386 846 5473 ρίτηοοὶ
875 5395 928 5443 et
956 5387 1304 5473 [.ysimacho,_
1329 5389 1419 5457 qui
1451 5390 1519 5445 de
1560 5386 1766 5473 legibus
1800 5392 1885 5473 in-

317 5456 958 5530 s_ti_tutisque4.lud:eorun_|
984 5456 1119 5511 falsa
1150 5456 1392 5526 quaedam
1425 5456 1883 5530 conscripserant.

316 5525 531 5601 Πάτρια
577 5527 743 5601 igitur
774 5527 878 5581 hoc
936 5527 1052 5601 loco
1099 5525 1386 5601 utrumque
1438 5525 1705 5601 designat,
1744 5532 1888 5586 anti-

320 5596 579 5664 quitatem
607 5596 815 5652 Scilicet
841 5607 897 5651 et
933 5598 1096 5666 leges.
1131 5596 1328 5651 Notum
1361 5606 1445 5652 est
1466 5596 1897 5657 vel'med'rocrie,

320 5676 400 5736 ter
449 5666 624 5721 doctis
647 5707 662 5732 ,
699 5667 901 5736 πάτρια
929 5668 1070 5720 sumi
1118 5681 1216 5736 pro
1261 5669 1684 5736 antiquitatibus,
1712 5685 1887 5736 eoque

647 5707 662 5732 ,
699 5684 901 5732 πατρια
929 5684 1070 5720 sum!
1118 5684 1216 5732 [JI‘O
1261 5684 1684 5732 antiquitatibus,
1712 5686 1849 5732 eoqu

324 5684 400 5719 ter
449 5684 662 5732 uocus,
699 5684 901 5738 πατρια
929 5684 1070 5720 sum:
1118 5684 1216 5736 pro
1261 5684 1684 5738 antiquitatibus,
1712 5685 1880 5741 eoque

324 5734 481 5808 titulo
513 5736 664 5791 multi
721 5739 862 5807 apud
915 5746 1128 5793 veteres
1174 5739 1461 5808 exStabant
1507 5739 1651 5806 libri,
1687 5743 1880 5808 partim

318 5804 491 5893 soluta
519 5804 793 5893 oratione:
813 5808 1013 5893 partim
1038 5807 1284 5893 versibus
1306 5808 1514 5893 scripti.
1550 5804 1882 5893 Sicilermie

316 5872 694 5947 Hermopolim:
738 5872 960 5949 Πάτρια
1004 5875 1113 5953 τῆς
1163 5872 1604 5950 Ἐρμουπέόλεως
1649 5881 1893 5939 iambico,

1934 3349 1983 3414 ο

2631 2493 2863 2551 CAPUT
2911 2492 2978 2548 Χ.

2019 2589 2295 2657 Quomodo
2332 2589 2473 2646 idem
2497 2586 2759 2655 Iosephus
2782 2587 3081 2657 divinorum
3135 2585 3393 2642 librorum
3438 2604 3585 2643 nien-

2594 2660 2786 2711 tionem
2808 2656 3011 2727 fecerit.

2089 2768 2117 2808 ι,
2159 2750 2314 2821 Apud
2361 2764 2483 2819 nos,
2529 2749 2727 2818 inquit,
2775 2762 3122 2819 nequaquam
3173 2748 3588 2807 innumerabilis

2013 2849 2098 2897 est
2125 2841 2386 2896 librorum
2422 2838 2716 2895 multitudo
2742 2836 3184 2893 dissentientium
3231 2847 3394 2908 atque
3444 2840 3589 2896 inter

2012 2947 2072 2989 se
2100 2932 2502 3004 pugnantium;
2532 2928 2632 2985 sed
2664 2928 2773 2986 duo
2805 2927 3078 2982 duntaxat
3123 2936 3179 2984 et
3221 2929 3414 2999 viginti
3439 2929 3587 2998 libri,

2009 3027 2180 3082 totius
2211 3024 2475 3095 praeteriti
2510 3020 2771 3091 temporis
2798 3018 3087 3075 historiam
3138 3022 3582 3090 complectentes,

2010 3121 2101 3189 qui
2129 3116 2324 3174 merito
2351 3116 2651 3173 creduntur
2681 3111 2875 3168 divini.
2924 3111 3003 3166 Ex
3050 3113 3137 3167 his
3170 3112 3413 3182 quinque
3457 3115 3585 3184 qui-

2011 3212 2129 3268 dem
2160 3221 2288 3267 sunt
2315 3209 2500 3274 Mosis,
2525 3206 2618 3277 qui
2649 3215 2704 3260 et
2753 3204 2896 3274 leges
2938 3205 3242 3270 continent,
3284 3213 3337 3260 et
3382 3206 3587 3263 seriem

2012 3318 2194 3358 rerum
2223 3311 2528 3373 gestarum,
2556 3314 2586 3352 a
2616 3297 2840 3351 conditu
2889 3299 3108 3366 generis
3141 3297 3367 3352 humani
3410 3310 3585 3365 usque

2014 3397 2079 3450 ad
2103 3396 2273 3466 ipsius
2304 3394 2469 3451 Hosis
2502 3394 2800 3449 interitum.
2825 3391 3006 3462 Atque
3045 3392 3150 3447 hoc
3183 3392 3417 3461 spatium
3441 3401 3582 3446 tem-

2010 3489 2162 3558 poris
2199 3488 2303 3543 tria
2338 3486 2733 3558 propemodum
2784 3498 3049 3539 annorum
3096 3482 3268 3539 millia
3327 3496 3580 3552 compre-

2013 3578 2223 3634 hendit.
2250 3578 2295 3633 Δ
2329 3577 2493 3634 Mosis
2524 3590 2706 3632 autem
2731 3575 2954 3632 interitu
2984 3577 3053 3631 ad
3081 3575 3372 3645 imperium
3403 3588 3599 3644 usque

2010 3672 2362 3740 Artaxerxis,
2399 3671 2493 3742 qui
2534 3681 2659 3741 post
2698 3671 2931 3726 Xerxem
2975 3670 3222 3742 regnavit
3261 3668 3407 3738 apud
3456 3667 3586 3722 Per-

2010 3778 2121 3832 sas,
2166 3764 2452 3836 propbeta:
2492 3765 2586 3836 qui
2633 3763 2766 3831 Mosi
2816 3777 3153 3833 successere,
3179 3775 3273 3818 res
3294 3766 3392 3817 sua
3418 3769 3605 3817 aetates,

2005 4013 2164 4075 versu
2177 4004 2377 4075 scripta
2397 4005 2577 4063 laudat
2593 4007 2816 4063 Photius
2836 4009 2890 4064 in
2910 4008 3262 4073 Bibliotheca,
3293 4023 3419 4075 cap.
3437 4008 3577 4075 279;

2006 4080 2061 4147 et
2093 4069 2468 4147 _Herapjillinis
2528 4076 2884 4134 Grammattci
2934 4078 3077 4147 Περὶ
3144 4069 3407 4147 πατρίωὶο
3466 4069 3581 4147 τῆς

2019 4139 2497 4218 ᾈλεεαῄδρείας,
2540 4147 2879 4218 Christodori
2916 4139 3132 4218 quoque
3176 4139 3346 4218 poeta:
3397 4139 3578 4216 plures

2000 4213 2263 4291 {ejusmodi
2314 4213 2484 4291 libros
2527 4218 2668 4291 citat
2722 4213 2947 4291 Suidas.
2973 4213 3188 4274 Unicus
3229 4213 3410 4273 hodie
3438 4218 3578 4273 liber

1999 4276 2188 4357 Collini
2218 4285 2521 4357 exstathoc
2549 4287 2706 4342 titulo
2735 4289 3046 4357 inscriptus.

2070 4348 2183 4420 (82)
2220 4351 2335 4426 Δύο
2484 4357 2652 4424 ’μόνα
2688 4357 2838 4426 πρὸς
2886 4348 3012 4424 ’ἑοῖς
3067 4358 3284 4411 εἴκοσι.
3327 4351 3572 4410 Totidem

1998 4428 2159 4500 erant
2186 4422 2327 4500 apud
2345 4422 2612 4500 _Hebrzeos
2646 4422 2767 4482 libri
2789 4422 2956 4500 sacri,
2986 4422 3121 4500 quot
3149 4427 3420 4500 elementa
3475 4438 3575 4500 seu

1998 4487 2482 4565 litterm,'ut_docet
2508 4495 2772 4565 Origenes
2807 4498 2859 4551 in
2894 4487 3213 4564 expositione
3238 4494 3397 4565 primi
3430 4493 3573 4565 psal-

1708 4555 1897 4625 osephi
1929 4582 1976 4637 ι)
2003 4558 2078 4637 uti
2106 4597 2122 4624 ,
2159 4555 2698 4637 etnﬂieronymusvin
2730 4555 2995 4637 Proazmio
3026 4555 3373 4637 galeato,__ubi
3408 4555 3572 4637 etiam

2005 4636 2117 4682 tres
2144 4631 2365 4703 ordines
2390 4631 2669 4689 sacrorum
2709 4631 3042 4689 voluminum
3068 4636 3208 4703 apud
3240 4632 3359 4688 illos
3400 4631 3573 4688 fuisse

2000 4705 2254 4774 testatur.
2283 4699 2497 4774 Primus
2535 4706 2669 4774 ordo
2696 4704 2870 4774 legem
2904 4699 3244 4774 continebat,
3298 4704 3571 4774 secundus

1997 4768 2313 4848 prophetas,
2343 4773 2538 4848 tertius
2578 4768 2969 4848 hagiog'rapha.
2999 4772 3130 4848 Quae
3179 4787 3299 4828 cum
3334 4771 3571 4848 Iosepbo

1997 4839 2202 4911 optime
2230 4843 2575 4907 conveniunt,
2625 4839 2720 4897 sed
2742 4839 2821 4899 'in
2839 4839 2958 4898 'hoc
2983 4839 3261 4903 diil‘erunt,
3302 4843 3445 4911 quod
3466 4839 3571 4895 ⁷10-

1996 4906 2200 4988 sophus
2227 4910 2455 4978 quidem.
2478 4912 2740 4988 tredecim
2766 4914 2961 4988 _libros
3005 4914 3228 4968 secundi
3256 4906 3464 4988 ordinis
3494 4912 3587 4988 fa-.

1996 4981 2092 5045 cit,
2149 4989 2368 5053 secutus
2413 4981 2622 5036 scilicet
2670 4984 2869 5038 seriem
2920 4992 3255 5053 temporum,
3306 4983 3360 5035 in
3403 4983 3568 5053 tertio

1995 5056 2175 5119 autem
2201 5049 2390 5105 ordine
2413 5060 2647 5119 quatuor
2676 5062 2882 5108 tantum
2909 5049 3159 5108 recenset
3187 5052 3374 5115 libros,
3409 5052 3569 5108 aliter

1994 5129 2058 5197 ac
2082 5115 2446 5197 Hieronymus
2474 5130 2586 5175 tum
2610 5121 2669 5197 in_
2701 5122 2796 5177 illo
2826 5121 3113 5197 Proremio,
3149 5133 3261 5197 tum
3299 5123 3352 5177 in
3376 5124 3569 5197 praefa-

1993 5187 2133 5263 tioue
2155 5187 2210 5239 iu
2236 5187 2508 5263 Danielern
2527 5228 2543 5255 ,
2567 5193 2672 5263 qui
2694 5201 2820 5247 octo
2851 5195 3066 5263 quidem
3089 5187 3479 5263 prophetarum
3486 5187 3568 5263 Ἰἰέ

1992 5254 2120 5332 bros
2144 5267 2424 5332 numerat,
2457 5254 2941 5332 bagiographonim
2985 5254 3167 5317 autem
3189 5254 3417 5317 'novem.
3455 5261 3562 5316 Sed

1991 5321 2259 5406 Iosephus
2290 5321 2679 5406 libruin__Iosue
2706 5321 2761 5386 ét
2789 5330 3307 5406 I_ud_icum,_Regum
3338 5333 3563 5406 item_ac

1988 5389 2434 5472 Paralipomenon
2485 5399 2652 5472 libros
2683 5411 2755 5472 iet
2801 5389 3214 5458 Esdram'inte'r
3239 5401 3559 5472 prophetica

1988 5464 2263 5545 volumina
2290 5471 2613 5545 reposuisse
2647 5471 2878 5545 videtur,
2910 5488 3025 5545 non
3066 5464 3559 5545 quod'pro'phetias

1989 5538 2355 5617 continerent,
2382 5540 2839 5617 quemadmodum
2872 5538 3264 5617 prophetarum
3283 5538 3429 5604 libri,
3461 5540 3558 5594 sed

1986 5605 2285 5680 ideo_quod
2314 5621 2345 5659 a
2375 5605 2655 5680 prophetis
2685 5605 3208 5680 essent'conscripti.

2055 5675 2177 5750 (βῦ)
2212 5675 2563 5750 Τρισχιλίωις
2608 5680 2814 5750 ὀλίγον
2840 5681 3010 5739 ἐτῶν.
3040 5675 3121 5750 ιμ’
3149 5679 3318 5750 tribus
3357 5676 3559 5750 nostris

1984 5747 2265 5802 codicibus
2315 5748 2478 5812 Mam,
2511 5748 2652 5803 Med.
2697 5746 2782 5805 ac.
2829 5751 2998 5806 Savii.
3035 5749 3109 5803 ita
3158 5748 3417 5805 scribitur
3469 5746 3571 5813 hia

1984 5816 2133 5881 locus
2162 5834 2178 5874 :
2214 5816 2520 5877 ’Δπολείπει
2548 5820 2855 5893 τρισχιλίων
2893 5820 3056 5891 ὀλίγῳ
3081 5816 3238 5874 ἑτῶν.
