4192 6424
514 419 619 477 255

1494 411 1840 469 HISTORIA?)
1881 409 2439 469 ECCLESIASTICIE
2478 408 2606 463 LIB.
2647 406 2734 462 Ill.

3645 395 3750 451 ΞΜ

512 537 636 606 φοῦ,
666 510 763 600 οὓς
790 534 1242 606 ἐδηλατόρευσαν,
1278 532 1353 595 ὼς
1389 533 1454 586 ἐκ
1484 532 1673 601 γένους
1713 532 1869 594 ὄντας
1898 530 2079 584 Δα6ίδ.

2187 527 2458 584 nonnuliis
2483 525 2689 581 delatos
2712 519 2856 593 quod
2888 535 2952 576 ex
2987 517 3131 589 regia
3164 514 3387 571 Davidis
3412 512 3578 606 stirpe
3626 524 3752 579 pro-

513 627 748 690 Τουτους
779 625 824 679 δ’
846 627 875 679 ὁ
916 624 1211 686 Ἰουόκατος
1244 621 1354 693 (99)
1382 623 1557 692 ’ήγαγε
1596 620 1732 692 πρὸς
1759 621 2084 692 Δομετιανὸν

512 719 765 791 Καίσαρα
784 735 798 750 ο
841 715 1089 786 ἐφοϐεῖτο
1120 714 1229 786 γὰρ
1268 714 1365 786 τὴν
1402 713 1703 786 παρουσίαν
1729 712 1822 766 τοῦ
1851 711 2084 784 Χριστοῦ

512 810 587 872 ὡς
612 810 707 863 καὶ
732 806 997 880 Ἡρώδης.
1021 807 1130 860 Καὶ
1150 804 1502 877 ἐπηρώτησεν
1526 805 1723 868 αὐτοὺς
1747 805 1794 857 εί
1819 805 1884 857 ἐκ
1920 802 2086 857 Δαὸίδ

511 904 639 955 εἰσι.
673 900 784 954 Καὶ
810 898 1182 970 ὡμολόγησαν.
1214 899 1346 951 Τότε
1370 895 1650 968 ἠρώτησεν
1672 894 1889 958 αὐτοὺς,
1911 894 2085 957 πόσας

513 991 733 1061 κτήσεις
763 986 994 1057 ἔχουσιν,
1029 985 1063 1057 ἢ
1095 986 1276 1038 πόσων
1304 983 1601 1056 χρημάτων
1627 979 1988 1053 κυριεύουσιν.
2021 980 2084 1031 υἱ

511 1080 567 1133 δὲ
610 1075 761 1134 εἶπον
795 1078 1123 1150 ἀμφότεροι,
1162 1075 1534 1145 ἐννακισχίλια
1564 1074 1791 1146 δηνάρια
1820 1072 2084 1144 ὑπάρχειν

511 1175 698 1238 αὐτοῖς
727 1175 884 1246 μόνα,
914 1173 1127 1243 ἑκάστῳ
1155 1168 1336 1224 αὐτῶν
1367 1169 1659 1240 ἀνήκοντος
1684 1165 1779 1219 τοῦ
1818 1165 2077 1236 ἡμίσεως.

511 1270 622 1324 Καὶ
655 1268 824 1324 ταῦτα
859 1266 958 1320 οὐκ
1001 1268 1058 1319 ἐν
1089 1261 1370 1335 ἀργυρίοις
1407 1260 1643 1329 ἔφασκον
1680 1257 1847 1328 ἔχειν,
1881 1254 1995 1309 ἀλλ’
2024 1255 2084 1308 ἐν

512 1359 824 1430 διατιμήσει
849 1357 952 1428 γῆς
980 1354 1227 1428 πλέθρων
1260 1354 1553 1425 τριάκοντα
1586 1349 1742 1403 ἐννέα
1778 1348 1986 1419 μόνων,
2024 1344 2085 1410 ἐξ

511 1442 587 1504 ὧν
631 1448 726 1502 καὶ
764 1448 891 1511 τοὺς
934 1446 1131 1517 φόρους
1172 1444 1465 1514 ἀναφέρειν
1497 1441 1604 1513 (ι),
1638 1442 1734 1495 καὶ
1766 1439 1962 1501 αὐτοὺς
1988 1437 2083 1492 αὐ-

509 1537 871 1612 τουργοῦντας
912 1535 1314 1609 διατρέφεσθαι.
1351 1529 1482 1587 Εἶτα
1522 1532 1580 1585 δέ
1624 1532 1719 1585 καὶ
1754 1530 1852 1593 τάς
1895 1532 2081 1601 χεῖρας

508 1629 608 1694 τὰς
641 1629 850 1684 ἑαυτῶν
877 1626 1245 1681 ἐπιδεικνύναι
1267 1664 1283 1690 ,
1316 1622 1611 1696 μαρτύριον
1632 1622 1734 1692 τῆς
1758 1621 2084 1692 αύτουργίας

507 1722 608 1792 τὴν
640 1720 735 1774 τοῦ
776 1718 1027 1791 σώματος
1054 1716 1336 1789 σκληρίαν,
1367 1715 1461 1769 καὶ
1489 1716 1615 1779 τοὺς
1653 1712 1763 1768 ἀπὸ
1798 1712 1898 1783 τῆς
1956 1728 2079 1765 συν-

507 1810 665 1884 εχοῦς
692 1811 951 1885 ἐργασίας
989 1807 1505 1871 ἐναππυπωθέντας
1531 1806 1625 1859 ἐπὶ
1655 1804 1762 1858 τῶν
1789 1803 1929 1857 ἰδίων
1970 1820 2080 1873 χει-

2184 620 2332 692 gnati
2383 627 2588 683 essent,
2623 620 2877 669 evocatus
2926 612 2993 664 ad
3054 607 3418 663 Domitianum
3475 600 3750 656 Caesarem

2188 691 2466 783 perduxit.
2517 709 2729 777 Quippe
2774 703 3108 760 Domitianus
3141 701 3208 755 de
3262 697 3500 751 adventu
3545 691 3748 783 Christi

2185 781 2409 871 perinde
2448 813 2513 853 ac
2571 796 2812 852 Herodes
2850 793 2952 847 sibi
2986 788 3281 844 metuebat.
3303 783 3625 852 Interrogati
3648 781 3750 852 igi-

2186 906 2274 949 tur
2301 892 2370 947 ab
2395 892 2489 946 illo
2514 898 2694 944 utrum
2731 901 2797 941 ex
2830 885 2997 953 stirpe
3035 880 3251 936 Davidis
3287 882 3473 932 essent
3506 873 3746 937 oriundi,

2184 985 2238 1040 id
2268 981 2613 1038 verissimum
2642 992 2764 1033 esse
2797 972 3031 1031 confessi
3057 979 3205 1027 sunt.
3252 966 3457 1022 Deinde
3504 965 3749 1020 sciscitao
3808 997 3815 1003 -

2181 1088 2270 1135 tus
2301 1087 2480 1132 estex
2515 1072 2619 1129 illis
2649 1070 3009 1135 Domitianus,
3055 1078 3287 1139 quantas
3330 1065 3746 1137 possessiones,

2191 1180 2520 1241 quantumve
2543 1164 2789 1236 pecuniae
2810 1161 3097 1217 haberent.
3129 1159 3209 1213 Illi
3238 1170 3369 1214 vero
3398 1172 3588 1213 novem
3624 1165 3748 1210 tan-

2184 1258 2462 1315 tummodo
2484 1254 2830 1312 denariorum
2857 1250 3025 1307 millia
3049 1249 3155 1304 sibi
3175 1248 3433 1303 ambobus
3460 1256 3748 1318 suppetere

2184 1354 2459 1415 dixerunt,
2498 1362 2728 1417 quorum
2762 1344 2985 1400 dimidia
3025 1357 3153 1413 pars
3185 1340 3411 1412 singulis
3464 1348 3743 1408 compete-

2182 1449 2267 1495 ret
2300 1454 2316 1493 :
2351 1454 2445 1495 eas
2475 1454 2605 1493 vero
2644 1436 2932 1493 facultates
2975 1448 3320 1504 nequaquam
3355 1447 3415 1488 se
3440 1432 3495 1487 in
3526 1437 3747 1502 argento

2180 1532 2401 1600 habere,
2448 1532 2543 1586 sed
2592 1530 2648 1584 in
2686 1528 3049 1584 :estimatione
3080 1541 3356 1597 agrorum,
3391 1538 3581 1581 novem
3638 1523 3746 1578 sci-

2179 1619 2307 1676 licet
2340 1634 2404 1674 ac
2426 1618 2644 1690 triginta
2675 1618 2774 1674 soli
2794 1617 3046 1689 jugerum
3082 1635 3095 1673 :
3128 1631 3193 1672 ex
3219 1630 3451 1687 quorum
3486 1613 3746 1669 fructibus

2178 1724 2235 1768 et
2261 1713 2461 1768 tributa
2491 1710 2886 1782 persolverent,
2932 1717 2989 1764 et
3022 1707 3122 1764 sibi
3170 1708 3303 1778 ipsis
3335 1721 3440 1762 non
3469 1705 3587 1760 sine
3615 1720 3742 1774 pro-

2181 1802 2297 1872 prio
2323 1801 2433 1872 90
2461 1799 2644 1855 labore
2677 1800 2877 1853 victum
2899 1802 3298 1866 compararent.
3324 1792 3606 1861 Simulque
3632 1805 3745 1843 ma-

509 1904 620 1977 ρῶν
647 1901 839 1967 τύλους
873 1902 950 1973 (2)
991 1902 1380 1971 παριστάντας.
1418 1897 1817 1970 Ἐρωτηθέντας
1851 1896 1907 1951 δὲ
1948 1897 2078 1968 περὶ

2178 1910 2280 1950 nus
2302 1892 2587 1949 ostendere
2615 1887 3188 1961 cmperunt,duritiem
3211 1886 3371 1952 cutis,
3396 1885 3746 1953 impressum-

504 1995 603 2050 τοῦ
626 1993 860 2068 Χριστοῦ
895 1993 989 2048 καὶ
1025 1993 1123 2063 τῆς
1150 1992 1425 2063 βασιλείας
1457 1988 1621 2044 αὐτοῦ
1640 2031 1656 2055 ,
1688 1989 1848 2043 ὁποία
1877 2004 1961 2052 τις
1992 1988 2079 2057 εἱδη

507 2087 604 2141 καὶ
648 2086 777 2140 πότε
818 2087 913 2139 καὶ
955 2087 1048 2138 ποῖ
1074 2083 1446 2155 φανησομένη,
1483 2080 1637 2150 λόγον
1670 2081 1872 2144 δοῦναι,
1904 2080 1980 2143 ὡς
2016 2080 2078 2132 ού

509 2178 746 2251 κοσμικὴ
783 2177 883 2249 μὲν
931 2177 1039 2231 οὐδ’
1064 2175 1325 2245 ἐπίγειος,
1359 2174 1677 2245 ἐπουράνιος
1707 2173 1764 2226 δὲ
1798 2174 1891 2226 καὶ
1917 2171 2081 2241 ἀγγε-

506 2269 630 2342 λικὴ
650 2270 929 2341 τυγχάνει,
962 2270 1056 2323 ἐπὶ
1078 2267 1357 2335 συντελείᾳ
1380 2265 1473 2319 τοῦ
1503 2265 1696 2329 αίῶνος
1720 2264 2077 2335 γενησομένη,

506 2360 743 2430 ὁπηνίκα
767 2357 936 2413 ἐλθὼν
966 2362 1024 2413 ἐν
1046 2358 1172 2430 δόξῃ
1193 2360 1368 2429 κρινεῖ
1388 2355 1592 2428 ζῶντας
1614 2355 1689 2427 (5)
1714 2355 1808 2408 καὶ
1834 2356 2077 2426 νεκροὺς,

508 2451 603 2502 acati.
629 2448 898 2502 ἀποδώσει
923 2449 1138 2518 ἑκάστῳ
1182 2446 1324 2502 κατά
1357 2446 1428 2500 τά
1457 2445 1861 2518 ἐπιτηδεύματα
1889 2446 2076 2501 αὐτοῦ.

497 2538 637 2608 .Ἐφ’
658 2534 739 2603 οἷς
775 2540 939 2612 μηδὲν
977 2538 1156 2592 αὐτῶν
1194 2538 1575 2608 κατεγνωκότα
1610 2538 1703 2592 τὸν
1735 2538 2075 2610 Δομετιανὸν,

508 2631 646 2689 ἀλλά
689 2633 784 2687 καὶ
825 2631 902 2696 ὡς
941 2630 1172 2686 εὐτελῶν
1219 2630 1724 2702 καταφρονήσαντα,
1768 2630 2080 2703 ἐλευθέρους

512 2721 611 2792 μὲν
636 2722 835 2786 αὐτοὺς
855 2723 1081 2786 ἀνεῖναι,
1109 2722 1530 2775 καταπαῦσαιδέ
1552 2721 1639 2776 διὰ
1663 2720 2080 2793 προστάγματος

506 2812 598 2867 τὸν
642 2813 784 2867 κατά
821 2814 920 2884 τῆς
957 2813 1283 2883 Ἐκκλησίας
1309 2814 1566 2884 διωγμόν.
1609 2813 1747 2878 Τοὺς
1778 2813 1834 2867 δέ
1877 2813 2079 2868 ἀπολυ-

507 2903 698 2967 θέντας
730 2902 1034 2975 ήγήσασθαι
1056 2904 1161 2960 τῶν
1192 2904 1543 2976 Ἐκκλησιῶν,
1566 2904 1642 2969 ὡς
1682 2903 1748 2957 ἂν
1772 2903 1836 2974 δὴ
1867 2904 2076 2976 μάρτυ-

510 3009 610 3063 ρας
647 2991 782 3063 ὁμοῦ
818 2992 911 3045 καὶ
951 2992 1061 3047 ἀπὸ
1107 2992 1299 3062 γένους
1335 2993 1494 3057 ὄντας
1520 2992 1614 3047 τοῦ
1648 2993 1853 3065 Κυρίου
1874 3032 1889 3057 ,
1925 3009 2077 3061 γενο-

508 3086 677 3162 μένης
698 3101 758 3138 τε
780 3084 1022 3158 εἰρήνης»
1055 3084 1216 3157 μέχρι
1237 3084 1511 3158 Τραϊανοῦ
1529 3087 1863 3158 παραμεῖναι
1884 3085 2080 3150 αὐτοὺς

501 3179 582 3251 τῷ
621 3179 740 3250 βίῳ.
769 3198 788 3231 ι
826 3178 1013 3233 Ταῦτα
1050 3179 1149 3250 μὲν
1188 3180 1218 3232 ὁ
1258 3179 1619 3252 Ἡγήσιππος.
1661 3180 1736 3233 Ού
1785 3179 1893 3251 μὴν
1941 3180 2077 3236 ἀλλὰ
2103 3229 2146 3286 c

502 3273 597 3326 καὶ
651 3274 681 3326 ὁ
726 3272 1111 3345 Τερτυλλιανδς
1160 3271 1255 3327 τοῦ
1304 3272 1630 3344 Δομετιανοῦ
1674 3273 1928 3345 τοιαύτην
1978 3291 2077 3327 πε-

503 3363 722 3433 ποίηται
756 3364 977 3435 μνήμην
998 3380 1012 3394 ⁸
1060 3363 1423 3435 «Πεπειράκει
1464 3365 1595 3418 ποτὲ
1637 3366 1730 3418 καὶ
1755 3365 2077 3435 Δομετιανὸς

502 3451 671 3506 ταὺτὸ
710 3456 885 3506 ποιεῖν
931 3452 1157 3524 ἐκείνῳ,
1212 3453 1378 3525 μέρος
1428 3453 1503 3508 ὣν
1550 3454 1649 3525 τῆς
1690 3453 1785 3507 τοῦ
1826 3455 2075 3526 Νέρωνος

496 3541 804 3613 ὠμότητος.
862 3542 999 3601 Ἀλλ’
1040 3538 1192 3613 οἶμαι
1234 3542 1332 3597 ἆτε
1380 3543 1518 3614 ἔχων
1563 3561 1617 3597 τι
1667 3543 1934 3608 συνέσεως
1974 3544 2073 3615 (4),

495 3634 733 3717 δτάχιστα
761 3632 1071 3699 ἐπαύσατο,
1118 3634 1594 3706 ἀνακαλεσάμενος
1632 3634 1725 3688 καὶ
1750 3632 1844 3698 οὓς
1879 3634 2074 3706 ἐξηλά-

505 3743 739 3811 cepboro
778 3743 832 3799 in
879 3744 979 3798 lib.
1030 3760 1073 3810 ι,
1107 3759 1228 3814 cap.
1260 3745 1348 3800 5'5.
1378 3746 1451 3800 Ex
1499 3747 1602 3801 hac
1649 3745 1818 3814 igitur
1848 3745 2063 3811 ,liberos

504 3815 777 3882 suscepit;
809 3828 838 3884 a
889 3815 1086 3883 quibus
1125 3819 1405 3884 propagati
1452 3824 1582 3870 sunt
1625 3815 1971 3881 δεσπόσυνοι,,
1997 3818 2064 3873 de

502 3884 700 3953 quibus
740 3882 1042 3953 Africanus
1093 3882 1143 3939 in
1196 3882 1420 3953 epistola
1472 3887 1539 3938 ad
1593 3886 1901 3939 Aristidem.
1953 3886 2062 3942 Hos

487 3967 687 4023 porro
725 3952 992 4023 Scaligeri
1046 3970 1263 4009 errores
1329 3955 1645 4023 jamdudum
1713 3957 2063 4023 reprehendit

501 4021 565 4077 P.
598 4021 899 4094 llalloiitius
924 4027 975 4076 In
1014 4021 1382 4080 notationibus
1427 4025 1495 4079 ad
1530 4025 1704 4094 Vitam
1735 4021 2016 4094 Hegesippi
2043 4044 2056 4091 ;

504 4094 657 4165 quod
678 4093 896 4162 quidem
941 4096 1120 4165 serius
1154 4105 1209 4150 et
1259 4095 1523 4150 absolutis
1555 4093 1670 4165 jam
1720 4093 2066 4150 animadver-

487 4163 747 4217 sionibus
780 4167 917 4217 meis
943 4163 1130 4219 didici.

488 4244 494 4273 ε
575 4230 686 4302 (99)
724 4232 777 4285 Ὀ
814 4233 1155 4301 Ἰουοκατος.
1194 4234 1428 4299 ’Ῑόκατος
1475 4251 1542 4289 ex
1580 4235 1763 4288 codice
1814 4234 2067 4289 Medicam

503 4303 673 4357 edidit
717 4302 859 4373 ιιοι).
906 4302 1243 4373 Stephanus.
1274 4307 1330 4358 In
1364 4306 1550 4360 codice
1602 4304 1770 4373 Regio
1801 4304 2065 4371 scriptum

504 4372 682 4425 iuveni
707 4372 737 4431 ό
770 4371 1072 4437 ίκουϐάτος,
1098 4375 1239 4443 quod
1273 4383 1557 4430 monuerat
1579 4371 1743 4429 etiain
1777 4376 1915 4429 idem
1946 4376 2068 4428 Ste-

503 4442 717 4521 phanus
749 4443 802 4497 in
830 4444 1000 4521 variis
1024 4442 1347 4521 lectionibus
1372 4460 1510 4521 quas
1542 4445 1621 4521 ιιι]Δ
1642 4444 2065 4521 calcemeditio-

2181 2002 2286 2058 que
2310 1986 2419 2041 alte
2453 1984 2705 2040 manibus
2738 1982 2938 2039 callum
2972 1994 3038 2037 ex
3074 1979 3277 2035 laboris
3315 1978 3652 2043 assiduitate,
3687 1975 3743 2029 in

2181 2078 2551 2136 testimonium
2585 2076 2766 2148 operis
2821 2076 2904 2132 sui
2956 2073 3315 2146 proferentes.
3346 2070 3627 2127 Postremo
3659 2070 3747 2123 in-

2183 2171 2444 2243 terrogati
2477 2171 2542 2226 de
2568 2168 2789 2225 Christo
2811 2177 2868 2225 et
2896 2168 2966 2224 de
2996 2180 3162 2238 regno
3199 2165 3349 2219 illius
3378 2204 3393 2230 ,
3442 2162 3744 2233 cuiusmodi

2182 2262 2236 2317 id
2260 2272 2428 2328 esset,
2452 2271 2507 2316 et
2536 2259 2777 2329 quando,
2801 2258 3069 2328 quibusve
3091 2255 3145 2310 in
3178 2254 3311 2309 locis
3334 2257 3741 2324 appariturum:

2182 2352 2577 2423 responderunt
2603 2368 2713 2408 non
2745 2351 2909 2422 hujus
2939 2346 3128 2403 mundi
3180 2362 3282 2404 nec
3318 2357 3586 2404 terrarum
3640 2345 3746 2398 im-

2182 2446 2394 2516 perium
2427 2444 2556 2500 illud
2588 2459 2730 2511 esse,
2757 2445 2850 2501 sed
2885 2444 3189 2515 angelicum
3220 2455 3277 2501 et
3298 2444 3541 2507 cmleste,
3600 2438 3745 2511 quod

2180 2535 2237 2590 in
2260 2535 2366 2591 ﬁne
2394 2537 2715 2593 smculorum
2736 2536 2980 2591 futurum
3009 2548 3176 2604 esset,
3202 2547 3332 2594 tunc
3353 2552 3475 2592 cum
3495 2536 3746 2592 Christus

2182 2629 2477 2685 adveniens
2505 2644 2628 2685 cum
2657 2629 2851 2700 gloria,
2879 2629 3036 2686 vivos
3067 2630 3228 2686 simul
3255 2640 3311 2686 et
3339 2639 3579 2685 mortuos
3599 2627 3745 2699 judi-

2182 2723 2352 2790 cabit,
2378 2732 2434 2779 et
2466 2723 2761 2793 unicuique
2794 2724 3033 2793 operum“
3057 2738 3280 2779 suorum
3306 2722 3608 2777 mercedem
3649 2721 3747 2775 tri-

2181 2812 2332 2869 buct.
2374 2813 2468 2870 His
2498 2815 2722 2885 auditis,
2752 2814 3093 2871 Domitianus
3124 2813 3259 2869 nihil
3316 2814 3577 2869 adversus
3622 2812 3744 2868 illos

2183 2905 2430 2975 asperius
2457 2904 2739 2960 decrevit:
2773 2905 2869 2961 sed
2899 2902 3154 2957 vilitatem
3183 2901 3458 2957 hominum
3488 2914 3743 2969 asperna-

2182 3005 2290 3060 tus,
2327 2995 2528 3051 liberos
2558 2996 2714 3051 abire
2738 2996 2902 3066 jussit
2929 3013 2943 3062 ;
2976 2995 3250 3065 missoque
3282 2993 3461 3048 edicto
3492 3004 3749 3061 persecu-

2181 3085 2382 3142 tionem
2404 3085 2666 3143 adversus
2696 3085 3005 3144 ‘Ecclesiatn
3024 3088 3357 3140 commotam
3389 3077 3745 3150 compescuit.

2178 3176 2304 3234 Illos
2329 3193 2460 3233 vero
2488 3178 2555 3232 ad
2594 3177 2738 3232 hunc
2771 3177 2988 3232 modum
3021 3175 3297 3241 dimissos,
3330 3171 3583 3227 Ecclesiis
3600 3180 3749 3239 post-

2182 3272 2283 3326 hac
2318 3268 2605 3340 praefuisse
2631 3276 2878 3331 narrant,
2909 3273 3096 3335 utpote
3120 3263 3324 3321 Christi
3372 3270 3641 3331 martyres
3668 3260 3746 3315 si‘

2181 3360 2292 3416 mul
2315 3377 2378 3416 ac
2400 3361 2765 3431 propinquos;
2784 3367 2839 3412 et
2861 3371 2993 3427 pace
3013 3356 3229 3411 demum
3257 3351 3510 3407 Ecclesia
3534 3351 3746 3407 reddita

2180 3455 2246 3507 ad
2272 3451 2489 3520 Trajani
2520 3465 2692 3521 usque
2725 3458 2967 3519 tempora
3000 3449 3169 3503 vitam
3205 3444 3539 3515 perduxisse.
3569 3463 3589 3497 ι
3622 3443 3747 3499 llaec

2178 3543 2398 3612 quidem
2436 3542 2793 3612 llegesippus.
2818 3540 2924 3596 Sed
2960 3548 3016 3595 et
3054 3536 3423 3593 Tertullianus
3468 3537 3535 3591 de
3564 3536 3749 3592 Domi-

2176 3637 2325 3691 tiano
2348 3635 2423 3690 ita
2443 3635 2634 3691 scribit
2667 3654 2679 3690 :
2718 3651 2739 3685 ι
2766 3632 3091 3688 Tentaverat
3111 3637 3166 3686 et
3181 3627 3540 3691 Domitianus,
3569 3629 3747 3698 portio

2170 3748 2697 3819 Christophorsonus
2736 3747 2899 3803 vertit
2925 3745 3232 3819 vectigalia,
3267 3743 3420 3819 quasi
3449 3746 3741 3811 vectigalia

2168 3813 2421 3889 agrorum
2487 3822 2843 3876 solverentur.
2905 3813 3077 3885 Atqui
3118 3813 3298 3889 φόροι.⁷
3334 3813 3535 3889 tributa
3590 3830 3740 3889 sunt,

2210 3884 2291 3944 uae
2319 3906 2386 3945 ex
2416 3893 2564 3961 agris
2594 3889 2966 3961 solvebantur,
2994 3884 3169 3961 atque
3188 3884 3242 3961 in
3273 3884 3407 3961 ipsis
3457 3887 3743 3961 speciebus

2190 3953 2282 4013 iere
2327 3953 2717 4029 pendebantur,
2773 3958 2828 4012 id
2881 3953 3308 4029 est_in:triti_co,
3343 3953 3569 4029 hordeo,
3610 3959 3744 4029 v_i_no

2168 4037 2224 4082 et
2256 4023 2552 4093 similibus,
2577 4038 2636 4082 ut
2669 4035 2817 4096 patet
2853 4043 2919 4096 ex
2960 4027 3160 4083 Codice
3200 4023 3600 4096 Theodosiano.
3631 4024 3739 4082 Ve-

2171 4099 2389 4166 ctigalia
2420 4115 2550 4155 vero
2585 4093 2710 4152 sunt
2742 4112 2861 4163 qua
2883 4095 3074 4152 Graece
3096 4096 3349 4150 dicuntur
3375 4093 3529 4165 τέλη,
3561 4112 3682 4165 quae
3709 4114 3741 4153 a

2212 4169 2479 4224 ublicanis
2504 4168 2953 4224 conducebantur
2978 4175 3032 4220 et
3058 4166 3447 4234 exigebantur;
3481 4180 3604 4219 cum
3642 4167 3741 4221 tri-

2212 4252 2300 4291 uta
2331 4253 2361 4292 a
2392 4239 2795 4307 susceptoribus
2820 4235 3004 4307 velab
3028 4233 3425 4306 apparitoribus
3449 4236 3739 4302 praesidum

2172 4322 2235 4362 ac
2269 4306 2646 4371 praefectorum
2668 4306 3105 4377 exigisolercnt.

2245 4378 2321 4450 (2)
2356 4381 2604 4444 Τύλους.
2649 4372 2792 4450 Cum
2823 4374 2978 4450 initio
3036 4374 3321 4450 venissem
3354 4374 3539 4436 callos,
3574 4372 3732 4450 dubi-

2172 4442 2509 4519 tar‘e'postea
2539 4442 2705 4515 coepi,
2736 4462 2804 4500 an
2834 4449 3006 4519 callus
3038 4444 3338 4519 masculino
3362 4458 3560 4519 genere
3582 4442 3734 4519 dice:

504 4511 587 4565 nis
609 4526 728 4585 sua:
746 4513 996 4585 conjecit.
1022 4511 1623 4585 ln_CItronicofGeorgii
1667 4511 1899 4585 Syncelli
1930 4513 2065 4585 legi-
2096 4520 2143 4577 D
2173 4511 2341 4571 rctur'.
2380 4511 2788 4573 Tanilemvero
2836 4513 3081 4585 callosa
3120 4511 3469 4585 RuﬁnoAdici
3495 4516 3737 4585 comperi

504 4589 595 4649 tur
618 4582 647 4633 ὁ
692 4581 1008 4646 Ἰουόκατος.
1044 4581 1153 4638 Nos
1185 4598 1254 4637 ex
1303 4584 1474 4638 tribus
1521 4581 1722 4639 nostris
1751 4581 2054 4649 codicibus,

502 4648 668 4714 Mam,
706 4650 842 4722 Fuit.
878 4663 932 4707 et
965 4652 1264 4715 Saviliano,
1298 4668 1479 4707 veram
1510 4654 1670 4722 hujus
1703 4653 1807 4707 loci
1836 4653 2066 4720 scriptu-

504 4734 621 4795 ram
638 4720 994 4795 restituimus,
1015 4722 1237 4795 τούτους
1269 4722 1376 4795 δ’ᾼόί
1399 4720 1695 4787 Ἰουόκατος
1724 4722 2067 4795 ήγαγε.(]οιιο

504 4789 914 4863 [i_rtnant_hanc
983 4792 1267 4863 lectionem
1317 4792 1652 4863 Nicephorus
1709 4789 1783 4849 e't'
1813 4789 2065 4863 ttulimus.

502 4858 643 4913 Nam
677 4859 731 4914 in
754 4859 949 4931 Ruﬁno
983 4865 1200 4931 quidem
1228 4862 1429 4918 dicitur
1450 4858 1785 4918 Revocatus.
1820 4860 1932 4917 Hos
1959 4861 2064 4916 Re-

502 4930 972 5010 rocqtusgqu‘idfm
1006 4930 1228 5010 momine
1266 4935 1362 5010 qui
1396 4935 1464 5010 ad
1509 4934 1607 4987 hoc
1640 4933 1832 5010 missas
1864 4931 2062 5010 iuerat,

500 4998 745 5070 perduxit
768 5000 835 5052 ad
866 5000 1246 5056 Domitianum.
1266 4998 1603 5070 Nicephorus
1621 5017 1749 5057 vero
1775 5003 1829 5056 in
1862 4998 1955 5057 lib.
1977 5015 2061 5070 ιιι,

501 5082 624 5149 cap.
650 5069 737 5132 t0,
775 5070 1030 5138 scriptum
1055 5073 1212 5149 habet
1235 5072 1265 5124 ὁ
1297 5069 1763 5149 Ἦουόκατος.-ῼιιί
1796 5074 1905 5149 sint
1932 5086 2062 5126 evo-

501 5142 633 5200 cati,
674 5149 856 5192 notum
888 5150 973 5194 est
1003 5156 1067 5195 ex
1110 5142 1297 5207 Dione,
1341 5143 1535 5196 milites
1574 5142 1783 5197 scilicet
1831 5144 2062 5196 honora-

504 5209 812 5287 tioris-loci,
850 5210 963 5277 qui,
1007 5211 1267 5287 confectis
1304 5212 1416 5287 jam
1463 5212 1768 5287 stipendiis,
1826 5211 2060 5287 dimissi,

502 5278 569 5351 ad
589 5278 1233 5351 militiamevocabantur
1260 5278 1586 5351 a'princip—c.
1622 5292 1825 5351 norunt
1855 5284 2060 5335 mentio

500 5347 563 5418 lit
587 5347 640 5401 in
674 5349 899 5401 vetustis
926 5347 1393 5418 inscriptionibus,
1424 5347 1629 5407 EVOK.
1659 5350 1824 5406 AUG.
1861 5351 1915 5405 ld
1955 5362 2058 5418 est,

500 5416 764 5490 Evocatus
787 5419 1029 5486 Augusti.
1046 5416 1131 5490 Ne
1156 5421 1276 5487 quis
1305 5416 1484 5476 autem
1514 5422 1758 5488 miretur,
1796 5416 2058 5490 Hegesip-l

500 5501 627 5557 pum
658 5485 903 5557 Graecum
950 5485 1268 5557 scriptorem
1316 5490 1560 5545 Romano
1607 5485 2056 5545 vocabulo—usum

499 5556 691 5636 fuisse.
722 5556 948 5636 No_n_i_d
997 5556 1196 5636 novum
1229 5558 1673 5636 aut_iufrequeus
1721 5558 2050 5636 Hegesippo,

499 5626 702 5700 quippe
725 5629 816 5697 qui
841 5626 1221 5700 δηλατορεύειν
1254 5638 1311 5700 et
1326 5626 1563 5700 ,δηνάρια
1596 5626 1828 5699 usurpat
1864 5626 1934 5685 iit
1956 5626 2057 5686 hac

498 5697 820 5778 narratione
834 5714 1001 5778 quam
1036 5697 1148 5769 pra:
1175 5697 1420 5755 manibus
1454 5697 1743 5765 habemus,
1768 5709 1823 5757 et
1847 5701 2056 5771 plebeio

496 5779 744 5822 sermone
773 5776 956 5824 utitur.

467 5916 476 5924 1
572 5834 649 5909 (l)
687 5836 781 5904 Ἐξ
825 5832 1061 5931 ὤνκαὶ
1104 5839 1247 5897 tofm
1284 5840 1507 5910 φόρους
1551 5837 1888 5913 ἀναφέρειν.
1920 5839 2057 5900 Male

2174 4586 2228 4641 in
2257 4586 2350 4646 lih.
2376 4604 2438 4651 ιι,
2469 4588 2560 4644 tibi
2590 4586 2655 4638 de
2682 4593 2853 4639 morte
2891 4583 3076 4637 Jacobi
3108 4583 3293 4637 fratris
3323 4582 3557 4637 Domini.

2245 4658 2322 4729 (5)
2353 4657 2559 4728 Κρινεῖ
2584 4654 2820 4729 (iiii-tae,
2847 4652 2903 4707 In
2938 4654 3112 4729 codic.
3149 4652 3481 4729 Maz.,_Med.
3506 4668 3569 4729 ac
3592 4652 3731 4729 Fuk.

2170 4722 2565 4800 tiecn'on'apud
2609 4726 2971 4800 Nicephorum
3010 4722 3206 4800 legitur
3238 4723 3493 4800 κρίνειεν.
3534 4722 3643 4800 S_ed
3677 4736 3735 4782 et

2171 4799 2345 4852 codex
2380 4792 2576 4869 Regius
2633 4799 2705 4853 ita
2745 4792 2983 4869 'diserte.
3011 4792 3290 4869 scriptum
3328 4795 3534 4869 habet._
3556 4793 3734 4861 Quare

2169 4869 2421 4938 mendum
2449 4862 2531 4926 ést
2559 4865 2999 4938 typographicum
3049 4863 3192 4933 quod
3230 4863 3283 4917 in
3328 4862 3464 4920 Rob.
3502 4863 3731 4936 Stepha-

2169 4935 2223 4989 ni
2248 4939 2533 4994 editionem
2560 4935 2796 5007 irrepsit.

2240 5007 2315 5129 (4)
2345 5010 2474 5064 Ἄτε
2500 5009 2653 5076 ἔχων
2672 5002 2731 5061 τι
2756 5004 3085 5071 συνέσεως.
3125 5002 3381 5073 Quisquis
3408 5002 3729 5060 Tertulliani

2240 5095 2279 5129 νο
2305 5081 2562 5129 eaeticum
2594 5078 2780 5129 (ἔναιρε
2808 5080 2986 5129 vertit.
3019 5078 3177 5128 verba
3209 5073 3354 5127 illius
3400 5074 3622 5128 minime
3649 5085 3729 5128 est

2165 5073 2568 5147 Apblegeticuni
2594 5078 2780 5134 Graece
2808 5080 2986 5147 vertit,
3018 5078 3177 5147 verba
3209 5073 3354 5127 illius
3400 5074 3622 5147 minime
3649 5085 3731 5128 est

2167 5143 2470 5204 assecutus.
2521 5149 2612 5203 Ait
2655 5148 2801 5201 enim
2846 5145 3232 5209 Tertullianus,
3285 5152 3409 5213 post
3437 5143 3729 5213 Neronem,

2165 5218 2255 5287 qui
2284 5220 2487 5287 primus
2517 5219 2691 5274 smviit
2723 5214 3168 5287 inphristianos,
3202 5212 3567 5287 Domitianum
3588 5212 3719 5287 quc.

2167 5281 2483 5359 que,'utpotc
2521 5291 2750 5343 alterum
2778 5284 3067 5359 Neronem,
3098 5284 3241 5359 idem
3285 5281 3598 5359 t_enta_visse_,
3631 5283 3727 5358 sed

2168 5350 2227 5410 ut
2259 5350 2502 5413 homines
2527 5360 2628 5414 levi
2658 5373 2722 5411 ac
2751 5356 2933 5409 mobili
2967 5363 3094 5409 sunt
3132 5351 3608 5421 ingenio,rcitogab
3644 5350 3731 5421 in-

2167 5392 2327 5498 cepit;
2356 5392 2646 5483 d'é'siitigsé.
2678 5392 2747 5481 ,ξι
2779 5392 3175 5498 Ευεειιῗιιεεθρ
3193 5392 3489 5498 iungimus
3512 5417 3616 5498 fuit
3641 5419 3729 5471 in-

2168 5489 2376 5566 terpres
2416 5498 2755 5569 Apologctici,
2797 5497 2979 5569 verba
3013 5494 3100 5569 illa
3133 5489 3474 5569 Tertulliani,
3498 5489 3588 5542 sed
3626 5503 3728 5556 qua

2163 5580 2211 5621 et
2243 5558 2416 5635 I'toma,
2442 5558 2513 5623 ita
2547 5558 2774 5638 accepit,
2826 5565 2981 5636 quasi
3015 5561 3376 5638 Tertullianus
3404 5558 3597 5638 dicere.
3628 5570 3725 5612 vo-

2164 5638 2375 5705 luisset,
2401 5629 2775 5696 vDomitian'uni
2817 5629 3035 5708 quidem
3072 5629 3730 5708 aliquatentts.‘hominenl

2159 5696 2658 5834 ἑυίεξιιίΝει-οιιειιι
2688 5722 2815 5764 vero
2834 5696 3078 5766 'belluam
3128 5696 3310 5773 potius
3335 5696 3532 5774 tuisse
3565 5707 3731 5768 quam

2200 5794 2454 5834 ommem.
3508 5830 3511 5833 .

2200 5794 2454 5838 Oiﬂmelu.
