  <div class='ocr_page' id='page_1' title='image "/cluster/home/n/w/nwhite01/storage/ocr_20150623/20:no.2/coo.31924054873009/138.png"; bbox 0 0 4192 6438; ppageno 0'>
   <div class='ocr_carea' id='block_1_1' title="bbox 389 357 495 413">
    <p class='ocr_par' dir='ltr' id='par_1_1' title="bbox 389 357 495 413">
     <span class='ocr_line' id='line_1_1' title="bbox 389 357 495 413; baseline -0.019 0"><span class='ocrx_word' id='word_1_1' title='bbox 389 357 495 413; x_wconf 72' lang='grc'><strong>257</strong></span> 
     </span>
    </p>
   </div>
   <div class='ocr_carea' id='block_1_2' title="bbox 1388 336 2630 404">
    <p class='ocr_par' dir='ltr' id='par_1_2' title="bbox 1388 336 2630 404">
     <span class='ocr_line' id='line_1_2' title="bbox 1388 336 2630 404; baseline -0.008 0"><span class='ocrx_word' id='word_1_2' title='bbox 1388 345 1736 404; x_wconf 72' lang='lat' dir='ltr'><strong>lilSTORUE</strong></span> <span class='ocrx_word' id='word_1_3' title='bbox 1778 342 2335 402; x_wconf 71' lang='lat' dir='ltr'><strong>ECCLESIASTlC/E</strong></span> <span class='ocrx_word' id='word_1_4' title='bbox 2375 339 2501 396; x_wconf 83' lang='lat' dir='ltr'><strong>LIB.</strong></span> <span class='ocrx_word' id='word_1_5' title='bbox 2543 336 2630 395; x_wconf 89' lang='grc'><strong>111.</strong></span> 
     </span>
    </p>
   </div>
   <div class='ocr_carea' id='block_1_3' title="bbox 3532 334 3636 394">
    <p class='ocr_par' dir='ltr' id='par_1_3' title="bbox 3532 334 3636 394">
     <span class='ocr_line' id='line_1_3' title="bbox 3532 334 3636 394; baseline 0.029 -3"><span class='ocrx_word' id='word_1_6' title='bbox 3532 334 3636 394; x_wconf 75' lang='grc'><strong>258</strong></span> 
     </span>
    </p>
   </div>
   <div class='ocr_carea' id='block_1_4' title="bbox 388 440 1991 548">
    <p class='ocr_par' dir='ltr' id='par_1_4' title="bbox 388 466 1991 548">
     <span class='ocr_line' id='line_1_4' title="bbox 388 466 1991 548; baseline -0.011 -13"><span class='ocrx_word' id='word_1_7' title='bbox 388 480 614 544; x_wconf 81' lang='grc' dir='ltr'><strong>τούτους</strong></span> <span class='ocrx_word' id='word_1_8' title='bbox 646 478 725 532; x_wconf 72' lang='grc' dir='ltr'>ἔτι</span> <span class='ocrx_word' id='word_1_9' title='bbox 759 474 837 548; x_wconf 81' lang='grc' dir='ltr'>τῷ</span> <span class='ocrx_word' id='word_1_10' title='bbox 889 475 989 547; x_wconf 83' lang='grc' dir='ltr'><strong>βίῳ</strong></span> <span class='ocrx_word' id='word_1_11' title='bbox 1020 474 1236 547; x_wconf 83' lang='grc' dir='ltr'>περιῆν,</span> <span class='ocrx_word' id='word_1_12' title='bbox 1264 472 1479 545; x_wconf 83' lang='grc' dir='ltr'><strong>ἀπόχρη</strong></span> <span class='ocrx_word' id='word_1_13' title='bbox 1528 470 1615 526; x_wconf 83' lang='grc' dir='ltr'>διὰ</span> <span class='ocrx_word' id='word_1_14' title='bbox 1643 466 1736 524; x_wconf 90' lang='grc' dir='ltr'><strong>δύο</strong></span> <span class='ocrx_word' id='word_1_15' title='bbox 1761 468 1957 523; x_wconf 81' lang='grc' dir='ltr'>πιστὼ-</span> <span class='ocrx_word' id='word_1_16' title='bbox 1988 518 1991 526; x_wconf 76' lang='grc'><strong>,</strong></span> 
     </span>
    </p>
   </div>
   <div class='ocr_carea' id='block_1_5' title="bbox 2078 440 3653 548">
    <p class='ocr_par' dir='ltr' id='par_1_5' title="bbox 2078 440 3653 536">
     <span class='ocr_line' id='line_1_5' title="bbox 2078 440 3653 536; baseline -0.004 -15"><span class='ocrx_word' id='word_1_17' title='bbox 2078 470 2123 522; x_wconf 80' lang='lat' dir='ltr'><strong>Id</strong></span> <span class='ocrx_word' id='word_1_18' title='bbox 2154 468 2269 522; x_wconf 79' lang='lat' dir='ltr'><strong>haec</strong></span> <span class='ocrx_word' id='word_1_19' title='bbox 2294 480 2463 536; x_wconf 90' lang='lat' dir='ltr'><strong>nsque</strong></span> <span class='ocrx_word' id='word_1_20' title='bbox 2494 474 2735 533; x_wconf 87' lang='lat' dir='ltr'><strong>tempora</strong></span> <span class='ocrx_word' id='word_1_21' title='bbox 2758 457 3105 530; x_wconf 75' lang='lat' dir='ltr'><strong>’pervencrit,</strong></span> <span class='ocrx_word' id='word_1_22' title='bbox 3144 458 3372 515; x_wconf 88' lang='lat' dir='ltr'><strong>duorum</strong></span> <span class='ocrx_word' id='word_1_23' title='bbox 3414 440 3653 515; x_wconf 34' lang='lat' dir='ltr'><strong>testium‘</strong></span> 
     </span>
    </p>
   </div>
   <div class='ocr_carea' id='block_1_6' title="bbox 393 556 1959 638">
    <p class='ocr_par' dir='ltr' id='par_1_6' title="bbox 393 556 1959 638">
     <span class='ocr_line' id='line_1_6' title="bbox 393 556 1959 638; baseline -0.01 -11"><span class='ocrx_word' id='word_1_24' title='bbox 393 570 589 627; x_wconf 85' lang='grc' dir='ltr'>σασθαι</span> <span class='ocrx_word' id='word_1_25' title='bbox 614 570 704 624; x_wconf 77' lang='grc' dir='ltr'><strong>τὸν</strong></span> <span class='ocrx_word' id='word_1_26' title='bbox 732 570 890 637; x_wconf 79' lang='grc' dir='ltr'>λόγον</span> <span class='ocrx_word' id='word_1_27' title='bbox 922 567 1233 638; x_wconf 86' lang='grc' dir='ltr'>μαρτύρων.</span> <span class='ocrx_word' id='word_1_28' title='bbox 1266 563 1456 618; x_wconf 71' lang='grc' dir='ltr'><strong>Πιστο)⁵</strong></span> <span class='ocrx_word' id='word_1_29' title='bbox 1493 563 1538 616; x_wconf 85' lang='grc' dir='ltr'>δ’</span> <span class='ocrx_word' id='word_1_30' title='bbox 1563 562 1629 617; x_wconf 86' lang='grc' dir='ltr'><strong>ἂν</strong></span> <span class='ocrx_word' id='word_1_31' title='bbox 1670 558 1777 618; x_wconf 78' lang='grc' dir='ltr'>εἶεν</span> <span class='ocrx_word' id='word_1_32' title='bbox 1797 556 1959 623; x_wconf 77' lang='grc' dir='ltr'>οῦτοι,</span> 
     </span>
    </p>
   </div>
   <div class='ocr_carea' id='block_1_7' title="bbox 390 649 1963 736">
    <p class='ocr_par' dir='ltr' id='par_1_7' title="bbox 390 649 1963 736">
     <span class='ocr_line' id='line_1_7' title="bbox 390 649 1963 736; baseline -0.011 -18"><span class='ocrx_word' id='word_1_33' title='bbox 390 664 494 736; x_wconf 79' lang='grc' dir='ltr'>τῆς</span> <span class='ocrx_word' id='word_1_34' title='bbox 540 660 1002 732; x_wconf 83' lang='grc' dir='ltr'>ὲκκλησιαστικῆς</span> <span class='ocrx_word' id='word_1_35' title='bbox 1051 652 1486 728; x_wconf 75' lang='grc' dir='ltr'>πρεσϐεύσαντες</span> <span class='ocrx_word' id='word_1_36' title='bbox 1535 649 1861 723; x_wconf 82' lang='grc' dir='ltr'>ὀρθοδοξὶας.</span> <span class='ocrx_word' id='word_1_37' title='bbox 1901 649 1963 701; x_wconf 78' lang='grc' dir='ltr'><strong>Οἱ</strong></span> 
     </span>
    </p>
   </div>
   <div class='ocr_carea' id='block_1_8' title="bbox 393 738 1961 827">
    <p class='ocr_par' dir='ltr' id='par_1_8' title="bbox 393 738 1961 827">
     <span class='ocr_line' id='line_1_8' title="bbox 393 738 1961 827; baseline -0.011 -18"><span class='ocrx_word' id='word_1_38' title='bbox 393 755 459 827; x_wconf 85' lang='grc' dir='ltr'>δὴ</span> <span class='ocrx_word' id='word_1_39' title='bbox 487 753 718 808; x_wconf 80' lang='grc' dir='ltr'>τοιοῦτοι</span> <span class='ocrx_word' id='word_1_40' title='bbox 774 750 1059 822; x_wconf 83' lang='grc' dir='ltr'><strong>Εἰρηναῖος</strong></span> <span class='ocrx_word' id='word_1_41' title='bbox 1086 747 1179 800; x_wconf 78' lang='grc' dir='ltr'><strong>καὶ</strong></span> <span class='ocrx_word' id='word_1_42' title='bbox 1213 745 1443 816; x_wconf 85' lang='grc' dir='ltr'><strong>Κλήμης</strong></span> <span class='ocrx_word' id='word_1_43' title='bbox 1482 744 1511 796; x_wconf 84' lang='grc' dir='ltr'>ὁ</span> <span class='ocrx_word' id='word_1_44' title='bbox 1565 738 1961 809; x_wconf 83' lang='grc' dir='ltr'>Ἀλεξανδρεύς.</span> 
     </span>
    </p>
   </div>
   <div class='ocr_carea' id='block_1_9' title="bbox 396 829 1966 915">
    <p class='ocr_par' dir='ltr' id='par_1_9' title="bbox 396 829 1966 915">
     <span class='ocr_line' id='line_1_9' title="bbox 396 829 1966 915; baseline -0.011 -16"><span class='ocrx_word' id='word_1_45' title='bbox 396 839 496 899; x_wconf 81' lang='grc' dir='ltr'>Ὧν</span> <span class='ocrx_word' id='word_1_46' title='bbox 520 848 547 899; x_wconf 89' lang='grc' dir='ltr'>ὁ</span> <span class='ocrx_word' id='word_1_47' title='bbox 577 844 674 915; x_wconf 78' lang='grc' dir='ltr'>μὲν</span> <span class='ocrx_word' id='word_1_48' title='bbox 704 841 969 913; x_wconf 86' lang='grc' dir='ltr'>πρότερος</span> <span class='ocrx_word' id='word_1_49' title='bbox 1006 840 1064 892; x_wconf 85' lang='grc' dir='ltr'>ὲν</span> <span class='ocrx_word' id='word_1_50' title='bbox 1088 836 1321 907; x_wconf 76' lang='grc' dir='ltr'><strong>δευτέρῳ</strong></span> <span class='ocrx_word' id='word_1_51' title='bbox 1359 835 1466 888; x_wconf 85' lang='grc' dir='ltr'>τῶν</span> <span class='ocrx_word' id='word_1_52' title='bbox 1500 834 1653 901; x_wconf 70' lang='grc' dir='ltr'>Πρὸς</span> <span class='ocrx_word' id='word_1_53' title='bbox 1674 831 1781 897; x_wconf 87' lang='grc' dir='ltr'>τὰς</span> <span class='ocrx_word' id='word_1_54' title='bbox 1812 829 1966 898; x_wconf 74' lang='grc' dir='ltr'>αἱρέ-</span> 
     </span>
    </p>
   </div>
   <div class='ocr_carea' id='block_1_10' title="bbox 396 923 1967 1004">
    <p class='ocr_par' dir='ltr' id='par_1_10' title="bbox 396 923 1967 1004">
     <span class='ocr_line' id='line_1_10' title="bbox 396 923 1967 1004; baseline -0.013 -9"><span class='ocrx_word' id='word_1_55' title='bbox 396 956 562 1004; x_wconf 81' lang='grc' dir='ltr'>σεις,</span> <span class='ocrx_word' id='word_1_56' title='bbox 593 932 695 989; x_wconf 82' lang='grc' dir='ltr'><strong>ὧδέ</strong></span> <span class='ocrx_word' id='word_1_57' title='bbox 724 951 840 997; x_wconf 88' lang='grc' dir='ltr'><strong>πως</strong></span> <span class='ocrx_word' id='word_1_58' title='bbox 870 931 1069 1002; x_wconf 77' lang='grc' dir='ltr'>γράφει</span> <span class='ocrx_word' id='word_1_59' title='bbox 1093 929 1232 983; x_wconf 79' lang='grc' dir='ltr'>κατὰ</span> <span class='ocrx_word' id='word_1_60' title='bbox 1259 925 1432 992; x_wconf 76' lang='grc' dir='ltr'>λέξινο</span> <span class='ocrx_word' id='word_1_61' title='bbox 1476 944 1494 976; x_wconf 84' lang='grc'><strong><em>‹</em></strong></span> <span class='ocrx_word' id='word_1_62' title='bbox 1526 926 1637 979; x_wconf 76' lang='lat' dir='ltr'><strong>Kal.</strong></span> <span class='ocrx_word' id='word_1_63' title='bbox 1682 923 1881 987; x_wconf 88' lang='grc' dir='ltr'>πάντες</span> <span class='ocrx_word' id='word_1_64' title='bbox 1918 924 1967 976; x_wconf 80' lang='grc' dir='ltr'>οἱ</span> 
     </span>
    </p>
   </div>
   <div class='ocr_carea' id='block_1_11' title="bbox 401 1014 1969 1103">
    <p class='ocr_par' dir='ltr' id='par_1_11' title="bbox 401 1014 1969 1103">
     <span class='ocr_line' id='line_1_11' title="bbox 401 1014 1969 1103; baseline -0.009 -20"><span class='ocrx_word' id='word_1_65' title='bbox 401 1027 762 1103; x_wconf 77' lang='grc' dir='ltr'>πρεσϐύτεροι</span> <span class='ocrx_word' id='word_1_66' title='bbox 810 1024 883 1095; x_wconf 89' lang='grc'><strong>(8)</strong></span> <span class='ocrx_word' id='word_1_67' title='bbox 919 1022 1306 1095; x_wconf 87' lang='grc' dir='ltr'>μαρτυροῦσιν,</span> <span class='ocrx_word' id='word_1_68' title='bbox 1359 1020 1408 1072; x_wconf 75' lang='lat' dir='ltr'><strong>oi</strong></span> <span class='ocrx_word' id='word_1_69' title='bbox 1466 1018 1607 1071; x_wconf 85' lang='grc' dir='ltr'>κατὰ</span> <span class='ocrx_word' id='word_1_70' title='bbox 1654 1016 1752 1087; x_wconf 80' lang='grc' dir='ltr'><strong>τὴν</strong></span> <span class='ocrx_word' id='word_1_71' title='bbox 1786 1014 1969 1069; x_wconf 78' lang='grc' dir='ltr'>Ἀσίαν</span> 
     </span>
    </p>
   </div>
   <div class='ocr_carea' id='block_1_12' title="bbox 415 1110 1970 1195">
    <p class='ocr_par' dir='ltr' id='par_1_12' title="bbox 415 1110 1970 1195">
     <span class='ocr_line' id='line_1_12' title="bbox 415 1110 1970 1195; baseline -0.012 -17"><span class='ocrx_word' id='word_1_72' title='bbox 415 1124 638 1195; x_wconf 80' lang='grc' dir='ltr'><strong>Ἰωάννῃ</strong></span> <span class='ocrx_word' id='word_1_73' title='bbox 664 1120 742 1191; x_wconf 86' lang='grc' dir='ltr'>τῷ</span> <span class='ocrx_word' id='word_1_74' title='bbox 762 1118 855 1173; x_wconf 90' lang='grc' dir='ltr'><strong>τοῦ</strong></span> <span class='ocrx_word' id='word_1_75' title='bbox 886 1116 1089 1189; x_wconf 83' lang='grc' dir='ltr'>Κυρίου</span> <span class='ocrx_word' id='word_1_76' title='bbox 1124 1116 1338 1185; x_wconf 82' lang='grc' dir='ltr'><strong>μαθητῇ</strong></span> <span class='ocrx_word' id='word_1_77' title='bbox 1364 1110 1820 1182; x_wconf 72' lang='grc' dir='ltr'>συμϐεϐληκότες,</span> <span class='ocrx_word' id='word_1_78' title='bbox 1865 1125 1970 1161; x_wconf 86' lang='grc' dir='ltr'>πα·-</span> 
     </span>
    </p>
   </div>
   <div class='ocr_carea' id='block_1_13' title="bbox 410 1199 1972 1286">
    <p class='ocr_par' dir='ltr' id='par_1_13' title="bbox 410 1199 1972 1286">
     <span class='ocr_line' id='line_1_13' title="bbox 410 1199 1972 1286; baseline -0.012 -18"><span class='ocrx_word' id='word_1_79' title='bbox 410 1212 765 1286; x_wconf 81' lang='grc' dir='ltr'>ραδεδωκέναι</span> <span class='ocrx_word' id='word_1_80' title='bbox 805 1208 895 1263; x_wconf 75' lang='grc' dir='ltr'>τὸν</span> <span class='ocrx_word' id='word_1_81' title='bbox 946 1206 1219 1277; x_wconf 80' lang='grc' dir='ltr'>Ἰωάννην.</span> <span class='ocrx_word' id='word_1_82' title='bbox 1279 1202 1586 1273; x_wconf 81' lang='grc' dir='ltr'>Παρέμεινε</span> <span class='ocrx_word' id='word_1_83' title='bbox 1638 1200 1747 1269; x_wconf 76' lang='grc' dir='ltr'><strong>γὰρ</strong></span> <span class='ocrx_word' id='word_1_84' title='bbox 1790 1199 1972 1260; x_wconf 81' lang='grc' dir='ltr'>αὐτοῖς</span> 
     </span>
    </p>
   </div>
   <div class='ocr_carea' id='block_1_14' title="bbox 412 1288 1972 1377">
    <p class='ocr_par' dir='ltr' id='par_1_14' title="bbox 412 1288 1972 1377">
     <span class='ocr_line' id='line_1_14' title="bbox 412 1288 1972 1377; baseline -0.01 -20"><span class='ocrx_word' id='word_1_85' title='bbox 412 1304 573 1377; x_wconf 87' lang='grc' dir='ltr'>μέχρι</span> <span class='ocrx_word' id='word_1_86' title='bbox 599 1302 705 1356; x_wconf 86' lang='grc' dir='ltr'><strong>τῶν</strong></span> <span class='ocrx_word' id='word_1_87' title='bbox 735 1298 1002 1372; x_wconf 80' lang='grc' dir='ltr'>Τραϊανοῦ</span> <span class='ocrx_word' id='word_1_88' title='bbox 1025 1295 1253 1369; x_wconf 86' lang='grc' dir='ltr'>χρόνων.</span> <span class='ocrx_word' id='word_1_89' title='bbox 1293 1313 1312 1345; x_wconf 69' lang='grc' dir='ltr'><strong>ι</strong></span> <span class='ocrx_word' id='word_1_90' title='bbox 1351 1293 1462 1346; x_wconf 56' lang='grc' dir='ltr'><strong>Καὶ¹</strong></span> <span class='ocrx_word' id='word_1_91' title='bbox 1506 1292 1563 1343; x_wconf 84' lang='grc' dir='ltr'>ὲν</span> <span class='ocrx_word' id='word_1_92' title='bbox 1593 1290 1762 1362; x_wconf 82' lang='grc' dir='ltr'>τρίτῳ</span> <span class='ocrx_word' id='word_1_93' title='bbox 1785 1289 1842 1343; x_wconf 83' lang='grc' dir='ltr'>δὲ</span> <span class='ocrx_word' id='word_1_94' title='bbox 1870 1288 1972 1359; x_wconf 82' lang='grc' dir='ltr'><strong>τῆς</strong></span> 
     </span>
    </p>
   </div>
   <div class='ocr_carea' id='block_1_15' title="bbox 405 1379 1966 1463">
    <p class='ocr_par' dir='ltr' id='par_1_15' title="bbox 405 1379 1966 1463">
     <span class='ocr_line' id='line_1_15' title="bbox 405 1379 1966 1463; baseline -0.011 -14"><span class='ocrx_word' id='word_1_95' title='bbox 405 1395 579 1463; x_wconf 83' lang='grc' dir='ltr'>αὐτῆς</span> <span class='ocrx_word' id='word_1_96' title='bbox 623 1390 929 1453; x_wconf 80' lang='grc' dir='ltr'>ὑποθέσεως</span> <span class='ocrx_word' id='word_1_97' title='bbox 979 1386 1144 1441; x_wconf 80' lang='grc' dir='ltr'>ταύτὸ</span> <span class='ocrx_word' id='word_1_98' title='bbox 1187 1384 1344 1437; x_wconf 88' lang='grc' dir='ltr'>τοῦτο</span> <span class='ocrx_word' id='word_1_99' title='bbox 1399 1381 1551 1451; x_wconf 87' lang='grc' dir='ltr'><strong>δηλοῖ</strong></span> <span class='ocrx_word' id='word_1_100' title='bbox 1598 1380 1686 1433; x_wconf 86' lang='grc' dir='ltr'>διὰ</span> <span class='ocrx_word' id='word_1_101' title='bbox 1731 1379 1966 1432; x_wconf 79' lang='grc' dir='ltr'>τούτων’</span> 
     </span>
    </p>
   </div>
   <div class='ocr_carea' id='block_1_16' title="bbox 411 1471 1971 1554">
    <p class='ocr_par' dir='ltr' id='par_1_16' title="bbox 411 1471 1971 1554">
     <span class='ocr_line' id='line_1_16' title="bbox 411 1471 1971 1554; baseline -0.012 -13"><span class='ocrx_word' id='word_1_102' title='bbox 411 1506 431 1540; x_wconf 80' lang='lat' dir='ltr'><strong>t</strong></span> <span class='ocrx_word' id='word_1_103' title='bbox 479 1484 638 1540; x_wconf 81' lang='grc' dir='ltr'>Ἀλλὰ</span> <span class='ocrx_word' id='word_1_104' title='bbox 686 1484 781 1537; x_wconf 77' lang='grc' dir='ltr'><strong>καὶ</strong></span> <span class='ocrx_word' id='word_1_105' title='bbox 835 1483 868 1554; x_wconf 80' lang='grc' dir='ltr'><strong>ἡ</strong></span> <span class='ocrx_word' id='word_1_106' title='bbox 927 1483 985 1534; x_wconf 83' lang='grc' dir='ltr'>ὲν</span> <span class='ocrx_word' id='word_1_107' title='bbox 1033 1478 1245 1547; x_wconf 80' lang='grc' dir='ltr'>Ἐφέσῳ</span> <span class='ocrx_word' id='word_1_108' title='bbox 1286 1474 1577 1544; x_wconf 82' lang='grc' dir='ltr'><strong>Ἐκκλησία</strong></span> <span class='ocrx_word' id='word_1_109' title='bbox 1617 1471 1723 1525; x_wconf 81' lang='grc' dir='ltr'><strong>ὑπὸ</strong></span> <span class='ocrx_word' id='word_1_110' title='bbox 1759 1471 1971 1525; x_wconf 82' lang='grc' dir='ltr'>Παύλου</span> 
     </span>
    </p>
   </div>
   <div class='ocr_carea' id='block_1_17' title="bbox 409 1560 1975 1648">
    <p class='ocr_par' dir='ltr' id='par_1_17' title="bbox 409 1560 1975 1648">
     <span class='ocr_line' id='line_1_17' title="bbox 409 1560 1975 1648; baseline -0.01 -20"><span class='ocrx_word' id='word_1_111' title='bbox 409 1575 506 1648; x_wconf 81' lang='grc' dir='ltr'><strong>μὲν</strong></span> <span class='ocrx_word' id='word_1_112' title='bbox 530 1569 988 1642; x_wconf 83' lang='grc' dir='ltr'>τεθεμελιωμένη,</span> <span class='ocrx_word' id='word_1_113' title='bbox 1026 1566 1271 1621; x_wconf 81' lang='grc' dir='ltr'>Ἰωάννου</span> <span class='ocrx_word' id='word_1_114' title='bbox 1320 1562 1377 1616; x_wconf 83' lang='grc' dir='ltr'>δὲ</span> <span class='ocrx_word' id='word_1_115' title='bbox 1408 1560 1843 1633; x_wconf 83' lang='grc' dir='ltr'>παραμείναντος</span> <span class='ocrx_word' id='word_1_116' title='bbox 1878 1562 1975 1614; x_wconf 78' lang='grc' dir='ltr'><strong>αὺ-</strong></span> 
     </span>
    </p>
   </div>
   <div class='ocr_carea' id='block_1_18' title="bbox 404 1654 1975 1734">
    <p class='ocr_par' dir='ltr' id='par_1_18' title="bbox 404 1654 1975 1734">
     <span class='ocr_line' id='line_1_18' title="bbox 404 1654 1975 1734; baseline -0.008 -15"><span class='ocrx_word' id='word_1_117' title='bbox 404 1666 514 1728; x_wconf 87' lang='grc' dir='ltr'>τοῖς</span> <span class='ocrx_word' id='word_1_118' title='bbox 574 1662 732 1734; x_wconf 85' lang='grc' dir='ltr'>μέχρι</span> <span class='ocrx_word' id='word_1_119' title='bbox 780 1660 888 1714; x_wconf 82' lang='grc' dir='ltr'><strong>τῶν</strong></span> <span class='ocrx_word' id='word_1_120' title='bbox 917 1655 1185 1730; x_wconf 79' lang='grc' dir='ltr'>Τραϊανοῦ</span> <span class='ocrx_word' id='word_1_121' title='bbox 1235 1655 1462 1727; x_wconf 81' lang='grc' dir='ltr'>χρόνων,</span> <span class='ocrx_word' id='word_1_122' title='bbox 1514 1656 1722 1726; x_wconf 84' lang='grc' dir='ltr'>μάρτυς</span> <span class='ocrx_word' id='word_1_123' title='bbox 1768 1654 1975 1727; x_wconf 80' lang='grc' dir='ltr'>ἀληθής</span> 
     </span>
    </p>
   </div>
   <div class='ocr_carea' id='block_1_19' title="bbox 406 1746 1975 1827">
    <p class='ocr_par' dir='ltr' id='par_1_19' title="bbox 406 1746 1975 1827">
     <span class='ocr_line' id='line_1_19' title="bbox 406 1746 1975 1827; baseline -0.008 -16"><span class='ocrx_word' id='word_1_124' title='bbox 406 1759 521 1811; x_wconf 75' lang='grc' dir='ltr'>ἐστι</span> <span class='ocrx_word' id='word_1_125' title='bbox 546 1756 646 1827; x_wconf 88' lang='grc' dir='ltr'>τῆς</span> <span class='ocrx_word' id='word_1_126' title='bbox 670 1753 777 1808; x_wconf 85' lang='grc' dir='ltr'><strong>τῶν</strong></span> <span class='ocrx_word' id='word_1_127' title='bbox 807 1750 1117 1807; x_wconf 85' lang='grc' dir='ltr'>ἀποστόλων</span> <span class='ocrx_word' id='word_1_128' title='bbox 1162 1748 1527 1821; x_wconf 78' lang='grc' dir='ltr'>παραδόσεως.</span> <span class='ocrx_word' id='word_1_129' title='bbox 1564 1765 1582 1799; x_wconf 74' lang='grc' dir='ltr'><strong>ι</strong></span> <span class='ocrx_word' id='word_1_130' title='bbox 1624 1748 1682 1799; x_wconf 91' lang='lat'><strong>&#39;0</strong></span> <span class='ocrx_word' id='word_1_131' title='bbox 1724 1746 1783 1800; x_wconf 82' lang='grc' dir='ltr'>δὲ</span> <span class='ocrx_word' id='word_1_132' title='bbox 1830 1747 1975 1817; x_wconf 82' lang='grc' dir='ltr'><strong>Κλή-</strong></span> 
     </span>
    </p>
   </div>
   <div class='ocr_carea' id='block_1_20' title="bbox 2065 550 3637 625">
    <p class='ocr_par' dir='ltr' id='par_1_20' title="bbox 2065 550 3637 625">
     <span class='ocr_line' id='line_1_20' title="bbox 2065 550 3637 625; baseline -0.002 -15"><span class='ocrx_word' id='word_1_133' title='bbox 2065 557 2385 612; x_wconf 89' lang='lat' dir='ltr'><strong>auctoritate</strong></span> <span class='ocrx_word' id='word_1_134' title='bbox 2413 555 2647 625; x_wconf 89' lang='lat' dir='ltr'><strong>probare</strong></span> <span class='ocrx_word' id='word_1_135' title='bbox 2704 550 2949 608; x_wconf 80' lang='lat' dir='ltr'><strong>suﬂiciet.</strong></span> <span class='ocrx_word' id='word_1_136' title='bbox 2979 550 3117 607; x_wconf 91' lang='lat' dir='ltr'><strong>Sunt</strong></span> <span class='ocrx_word' id='word_1_137' title='bbox 3168 565 3332 620; x_wconf 90' lang='lat' dir='ltr'><strong>porro</strong></span> <span class='ocrx_word' id='word_1_138' title='bbox 3366 550 3422 606; x_wconf 89' lang='lat' dir='ltr'><strong>hi</strong></span> <span class='ocrx_word' id='word_1_139' title='bbox 3470 561 3637 607; x_wconf 88' lang='lat' dir='ltr'><strong>testes</strong></span> 
     </span>
    </p>
   </div>
   <div class='ocr_carea' id='block_1_21' title="bbox 2066 643 3639 717">
    <p class='ocr_par' dir='ltr' id='par_1_21' title="bbox 2066 643 3639 717">
     <span class='ocr_line' id='line_1_21' title="bbox 2066 643 3639 717; baseline -0.003 -16"><span class='ocrx_word' id='word_1_140' title='bbox 2066 646 2170 702; x_wconf 82' lang='lat' dir='ltr'><strong>ﬁde</strong></span> <span class='ocrx_word' id='word_1_141' title='bbox 2194 645 2515 717; x_wconf 83' lang='lat' dir='ltr'><strong>dignissimi,</strong></span> <span class='ocrx_word' id='word_1_142' title='bbox 2539 645 2738 715; x_wconf 89' lang='lat' dir='ltr'><strong>quippe</strong></span> <span class='ocrx_word' id='word_1_143' title='bbox 2769 645 2860 714; x_wconf 88' lang='lat' dir='ltr'><strong>qui</strong></span> <span class='ocrx_word' id='word_1_144' title='bbox 2894 653 3055 699; x_wconf 70' lang='lat' dir='ltr'><strong>recta:</strong></span> <span class='ocrx_word' id='word_1_145' title='bbox 3084 657 3299 713; x_wconf 83' lang='lat' dir='ltr'><strong>semper</strong></span> <span class='ocrx_word' id='word_1_146' title='bbox 3327 643 3639 698; x_wconf 63' lang='lat' dir='ltr'><strong>catholicae-</strong></span> 
     </span>
    </p>
   </div>
   <div class='ocr_carea' id='block_1_22' title="bbox 2066 730 3636 806">
    <p class='ocr_par' dir='ltr' id='par_1_22' title="bbox 2066 730 3636 806">
     <span class='ocr_line' id='line_1_22' title="bbox 2066 730 3636 806; baseline -0.002 -17"><span class='ocrx_word' id='word_1_147' title='bbox 2066 752 2171 806; x_wconf 92' lang='lat' dir='ltr'><strong>que</strong></span> <span class='ocrx_word' id='word_1_148' title='bbox 2200 736 2461 791; x_wconf 70' lang='lat' dir='ltr'><strong>doctrinae</strong></span> <span class='ocrx_word' id='word_1_149' title='bbox 2500 741 2936 804; x_wconf 80' lang='lat' dir='ltr'><strong>propugnatores</strong></span> <span class='ocrx_word' id='word_1_150' title='bbox 2986 731 3299 787; x_wconf 80' lang='lat' dir='ltr'><strong>exstiterint</strong></span> <span class='ocrx_word' id='word_1_151' title='bbox 3331 746 3346 784; x_wconf 90' lang='lat'><strong>:</strong></span> <span class='ocrx_word' id='word_1_152' title='bbox 3375 730 3636 786; x_wconf 69' lang='lat' dir='ltr'><strong>Irenaeum</strong></span> 
     </span>
    </p>
   </div>
   <div class='ocr_carea' id='block_1_23' title="bbox 2067 822 3639 893">
    <p class='ocr_par' dir='ltr' id='par_1_23' title="bbox 2067 822 3639 893">
     <span class='ocr_line' id='line_1_23' title="bbox 2067 822 3639 893; baseline -0.001 -14"><span class='ocrx_word' id='word_1_153' title='bbox 2067 827 2189 880; x_wconf 86' lang='lat' dir='ltr'><strong>dico</strong></span> <span class='ocrx_word' id='word_1_154' title='bbox 2221 834 2276 879; x_wconf 90' lang='lat' dir='ltr'><strong>et</strong></span> <span class='ocrx_word' id='word_1_155' title='bbox 2304 824 2636 880; x_wconf 90' lang='lat' dir='ltr'><strong>Clementem</strong></span> <span class='ocrx_word' id='word_1_156' title='bbox 2666 823 3111 879; x_wconf 77' lang='lat' dir='ltr'><strong>Alexandrinum.</strong></span> <span class='ocrx_word' id='word_1_157' title='bbox 3143 822 3381 889; x_wconf 86' lang='lat' dir='ltr'><strong>Quorum</strong></span> <span class='ocrx_word' id='word_1_158' title='bbox 3403 822 3552 893; x_wconf 89' lang='lat' dir='ltr'><strong>prior</strong></span> <span class='ocrx_word' id='word_1_159' title='bbox 3582 823 3639 877; x_wconf 87' lang='lat' dir='ltr'><strong>in</strong></span> 
     </span>
    </p>
   </div>
   <div class='ocr_carea' id='block_1_24' title="bbox 2069 913 3642 971">
    <p class='ocr_par' dir='ltr' id='par_1_24' title="bbox 2069 913 3642 971">
     <span class='ocr_line' id='line_1_24' title="bbox 2069 913 3642 971; baseline -0.003 0"><span class='ocrx_word' id='word_1_160' title='bbox 2069 916 2304 971; x_wconf 85' lang='lat' dir='ltr'><strong>secundo</strong></span> <span class='ocrx_word' id='word_1_161' title='bbox 2335 914 2597 969; x_wconf 78' lang='lat' dir='ltr'><strong>Adversus</strong></span> <span class='ocrx_word' id='word_1_162' title='bbox 2619 914 2836 968; x_wconf 61' lang='lat' dir='ltr'><strong>hereses</strong></span> <span class='ocrx_word' id='word_1_163' title='bbox 2863 913 3001 968; x_wconf 90' lang='lat' dir='ltr'><strong>libro</strong></span> <span class='ocrx_word' id='word_1_164' title='bbox 3027 915 3099 967; x_wconf 91' lang='lat' dir='ltr'><strong>ita</strong></span> <span class='ocrx_word' id='word_1_165' title='bbox 3122 913 3311 967; x_wconf 86' lang='lat' dir='ltr'><strong>scribit</strong></span> <span class='ocrx_word' id='word_1_166' title='bbox 3334 931 3348 966; x_wconf 92' lang='lat'>:</span> <span class='ocrx_word' id='word_1_167' title='bbox 3389 930 3409 964; x_wconf 81' lang='lat' dir='ltr'><strong>t</strong></span> <span class='ocrx_word' id='word_1_168' title='bbox 3430 913 3495 966; x_wconf 86' lang='lat' dir='ltr'><strong>Et</strong></span> <span class='ocrx_word' id='word_1_169' title='bbox 3520 927 3642 967; x_wconf 90' lang='lat' dir='ltr'><strong>om-</strong></span> 
     </span>
    </p>
   </div>
   <div class='ocr_carea' id='block_1_25' title="bbox 2069 1002 3640 1075">
    <p class='ocr_par' dir='ltr' id='par_1_25' title="bbox 2069 1002 3640 1075">
     <span class='ocr_line' id='line_1_25' title="bbox 2069 1002 3640 1075; baseline -0.001 -15"><span class='ocrx_word' id='word_1_170' title='bbox 2069 1022 2186 1073; x_wconf 86' lang='lat' dir='ltr'><strong>nes,</strong></span> <span class='ocrx_word' id='word_1_171' title='bbox 2224 1006 2426 1075; x_wconf 84' lang='lat' dir='ltr'><strong>inquit,</strong></span> <span class='ocrx_word' id='word_1_172' title='bbox 2477 1004 2785 1075; x_wconf 73' lang='lat' dir='ltr'><strong>presbyteri</strong></span> <span class='ocrx_word' id='word_1_173' title='bbox 2841 1004 2935 1075; x_wconf 90' lang='lat' dir='ltr'><strong>qui</strong></span> <span class='ocrx_word' id='word_1_174' title='bbox 2989 1019 3112 1059; x_wconf 91' lang='lat' dir='ltr'><strong>cum</strong></span> <span class='ocrx_word' id='word_1_175' title='bbox 3165 1002 3378 1059; x_wconf 82' lang='lat' dir='ltr'><strong>Joanne</strong></span> <span class='ocrx_word' id='word_1_176' title='bbox 3426 1002 3640 1059; x_wconf 87' lang='lat' dir='ltr'><strong>Domini</strong></span> 
     </span>
    </p>
   </div>
   <div class='ocr_carea' id='block_1_26' title="bbox 2070 1094 3641 1165">
    <p class='ocr_par' dir='ltr' id='par_1_26' title="bbox 2070 1094 3641 1165">
     <span class='ocr_line' id='line_1_26' title="bbox 2070 1094 3641 1165; baseline -0.001 -13"><span class='ocrx_word' id='word_1_177' title='bbox 2070 1096 2334 1165; x_wconf 87' lang='lat' dir='ltr'><strong>discipulo</strong></span> <span class='ocrx_word' id='word_1_178' title='bbox 2363 1096 2415 1150; x_wconf 90' lang='lat' dir='ltr'><strong>in</strong></span> <span class='ocrx_word' id='word_1_179' title='bbox 2474 1094 2598 1149; x_wconf 84' lang='lat' dir='ltr'><strong>Asia</strong></span> <span class='ocrx_word' id='word_1_180' title='bbox 2636 1094 2976 1149; x_wconf 80' lang='lat' dir='ltr'><strong>familiariter</strong></span> <span class='ocrx_word' id='word_1_181' title='bbox 3015 1097 3214 1150; x_wconf 82' lang='lat' dir='ltr'><strong>versati</strong></span> <span class='ocrx_word' id='word_1_182' title='bbox 3249 1104 3401 1161; x_wconf 90' lang='lat' dir='ltr'><strong>sunt,</strong></span> <span class='ocrx_word' id='word_1_183' title='bbox 3433 1094 3505 1149; x_wconf 88' lang='lat' dir='ltr'><strong>ita</strong></span> <span class='ocrx_word' id='word_1_184' title='bbox 3535 1095 3641 1150; x_wconf 84' lang='lat' dir='ltr'><strong>sibi</strong></span> 
     </span>
    </p>
   </div>
   <div class='ocr_carea' id='block_1_27' title="bbox 2073 1184 3643 1254">
    <p class='ocr_par' dir='ltr' id='par_1_27' title="bbox 2073 1184 3643 1254">
     <span class='ocr_line' id='line_1_27' title="bbox 2073 1184 3643 1254; baseline -0.001 -13"><span class='ocrx_word' id='word_1_185' title='bbox 2073 1202 2101 1241; x_wconf 88' lang='lat' dir='ltr'><strong>a</strong></span> <span class='ocrx_word' id='word_1_186' title='bbox 2129 1187 2337 1243; x_wconf 81' lang='lat' dir='ltr'><strong>Joanne</strong></span> <span class='ocrx_word' id='word_1_187' title='bbox 2366 1186 2621 1240; x_wconf 86' lang='lat' dir='ltr'><strong>traditum</strong></span> <span class='ocrx_word' id='word_1_188' title='bbox 2653 1200 2775 1240; x_wconf 91' lang='lat' dir='ltr'><strong>esse</strong></span> <span class='ocrx_word' id='word_1_189' title='bbox 2816 1194 3105 1240; x_wconf 85' lang='lat' dir='ltr'><strong>testantur.</strong></span> <span class='ocrx_word' id='word_1_190' title='bbox 3138 1186 3291 1240; x_wconf 79' lang='lat' dir='ltr'><strong>Vixit</strong></span> <span class='ocrx_word' id='word_1_191' title='bbox 3316 1186 3456 1241; x_wconf 89' lang='lat' dir='ltr'><strong>enim</strong></span> <span class='ocrx_word' id='word_1_192' title='bbox 3499 1184 3643 1254; x_wconf 87' lang='lat' dir='ltr'><strong>apud</strong></span> 
     </span>
    </p>
   </div>
   <div class='ocr_carea' id='block_1_28' title="bbox 2073 1270 3640 1348">
    <p class='ocr_par' dir='ltr' id='par_1_28' title="bbox 2073 1270 3640 1348">
     <span class='ocr_line' id='line_1_28' title="bbox 2073 1270 3640 1348; baseline -0.003 -12"><span class='ocrx_word' id='word_1_193' title='bbox 2073 1281 2197 1336; x_wconf 88' lang='lat' dir='ltr'><strong>illos</strong></span> <span class='ocrx_word' id='word_1_194' title='bbox 2218 1292 2390 1348; x_wconf 90' lang='lat' dir='ltr'><strong>usque</strong></span> <span class='ocrx_word' id='word_1_195' title='bbox 2438 1278 2507 1332; x_wconf 90' lang='lat' dir='ltr'><strong>ad</strong></span> <span class='ocrx_word' id='word_1_196' title='bbox 2549 1288 2793 1347; x_wconf 87' lang='lat' dir='ltr'><strong>tempora</strong></span> <span class='ocrx_word' id='word_1_197' title='bbox 2818 1270 3062 1344; x_wconf 86' lang='lat' dir='ltr'><strong>Trajaui.</strong></span> <span class='ocrx_word' id='word_1_198' title='bbox 3096 1290 3115 1329; x_wconf 74' lang='grc' dir='ltr'><strong>ι</strong></span> <span class='ocrx_word' id='word_1_199' title='bbox 3156 1277 3210 1330; x_wconf 93' lang='lat' dir='ltr'><strong>ln</strong></span> <span class='ocrx_word' id='word_1_200' title='bbox 3242 1278 3399 1331; x_wconf 90' lang='lat' dir='ltr'><strong>tertio</strong></span> <span class='ocrx_word' id='word_1_201' title='bbox 3424 1290 3640 1346; x_wconf 88' lang='lat' dir='ltr'><strong>quoque</strong></span> 
     </span>
    </p>
   </div>
   <div class='ocr_carea' id='block_1_29' title="bbox 2072 1365 3638 1438">
    <p class='ocr_par' dir='ltr' id='par_1_29' title="bbox 2072 1365 3638 1438">
     <span class='ocr_line' id='line_1_29' title="bbox 2072 1365 3638 1438; baseline -0.004 -12"><span class='ocrx_word' id='word_1_202' title='bbox 2072 1369 2313 1438; x_wconf 84' lang='lat' dir='ltr'><strong>ejusdem</strong></span> <span class='ocrx_word' id='word_1_203' title='bbox 2343 1366 2525 1437; x_wconf 89' lang='lat' dir='ltr'><strong>operis</strong></span> <span class='ocrx_word' id='word_1_204' title='bbox 2557 1365 2714 1430; x_wconf 90' lang='lat' dir='ltr'><strong>libro,</strong></span> <span class='ocrx_word' id='word_1_205' title='bbox 2748 1366 2799 1420; x_wconf 91' lang='lat' dir='ltr'><strong>id</strong></span> <span class='ocrx_word' id='word_1_206' title='bbox 2835 1366 3012 1436; x_wconf 89' lang='lat' dir='ltr'><strong>ipsum</strong></span> <span class='ocrx_word' id='word_1_207' title='bbox 3049 1366 3289 1420; x_wconf 84' lang='lat' dir='ltr'><strong>declarat</strong></span> <span class='ocrx_word' id='word_1_208' title='bbox 3312 1366 3399 1420; x_wconf 88' lang='lat' dir='ltr'><strong>his</strong></span> <span class='ocrx_word' id='word_1_209' title='bbox 3421 1367 3638 1420; x_wconf 78' lang='lat' dir='ltr'><strong>verbis:</strong></span> 
     </span>
    </p>
   </div>
   <div class='ocr_carea' id='block_1_30' title="bbox 2079 1453 3645 1528">
    <p class='ocr_par' dir='ltr' id='par_1_30' title="bbox 2079 1453 3645 1528">
     <span class='ocr_line' id='line_1_30' title="bbox 2079 1453 3645 1528; baseline -0.004 -14"><span class='ocrx_word' id='word_1_210' title='bbox 2079 1474 2098 1514; x_wconf 84' lang='lat' dir='ltr'><strong>t</strong></span> <span class='ocrx_word' id='word_1_211' title='bbox 2126 1460 2229 1516; x_wconf 85' lang='lat' dir='ltr'><strong>Sed</strong></span> <span class='ocrx_word' id='word_1_212' title='bbox 2252 1467 2307 1515; x_wconf 93' lang='lat' dir='ltr'><strong>et</strong></span> <span class='ocrx_word' id='word_1_213' title='bbox 2322 1456 2592 1528; x_wconf 84' lang='lat' dir='ltr'><strong>Ephesina</strong></span> <span class='ocrx_word' id='word_1_214' title='bbox 2614 1453 2874 1521; x_wconf 85' lang='lat' dir='ltr'><strong>Ecclesia,</strong></span> <span class='ocrx_word' id='word_1_215' title='bbox 2904 1471 3022 1527; x_wconf 77' lang='lat' dir='ltr'><strong>quae</strong></span> <span class='ocrx_word' id='word_1_216' title='bbox 3048 1471 3075 1507; x_wconf 85' lang='lat' dir='ltr'><strong>a</strong></span> <span class='ocrx_word' id='word_1_217' title='bbox 3100 1455 3263 1509; x_wconf 83' lang='lat' dir='ltr'><strong>Paulo</strong></span> <span class='ocrx_word' id='word_1_218' title='bbox 3283 1455 3499 1525; x_wconf 84' lang='lat' dir='ltr'><strong>quidem</strong></span> <span class='ocrx_word' id='word_1_219' title='bbox 3531 1456 3645 1508; x_wconf 81' lang='lat' dir='ltr'><strong>iun-</strong></span> 
     </span>
    </p>
   </div>
   <div class='ocr_carea' id='block_1_31' title="bbox 2075 1546 3645 1617">
    <p class='ocr_par' dir='ltr' id='par_1_31' title="bbox 2075 1546 3645 1617">
     <span class='ocr_line' id='line_1_31' title="bbox 2075 1546 3645 1617; baseline -0.005 -9"><span class='ocrx_word' id='word_1_220' title='bbox 2075 1554 2199 1608; x_wconf 90' lang='lat' dir='ltr'><strong>data</strong></span> <span class='ocrx_word' id='word_1_221' title='bbox 2221 1560 2325 1616; x_wconf 89' lang='lat' dir='ltr'><strong>est,</strong></span> <span class='ocrx_word' id='word_1_222' title='bbox 2348 1548 2610 1605; x_wconf 81' lang='lat' dir='ltr'><strong>Joannem</strong></span> <span class='ocrx_word' id='word_1_223' title='bbox 2636 1563 2765 1603; x_wconf 83' lang='lat' dir='ltr'><strong>vero</strong></span> <span class='ocrx_word' id='word_1_224' title='bbox 2811 1562 2985 1617; x_wconf 88' lang='lat' dir='ltr'><strong>usque</strong></span> <span class='ocrx_word' id='word_1_225' title='bbox 3039 1548 3104 1602; x_wconf 89' lang='lat' dir='ltr'><strong>ad</strong></span> <span class='ocrx_word' id='word_1_226' title='bbox 3140 1546 3355 1613; x_wconf 84' lang='lat' dir='ltr'><strong>Trajani</strong></span> <span class='ocrx_word' id='word_1_227' title='bbox 3403 1553 3645 1614; x_wconf 88' lang='lat' dir='ltr'><strong>tempora</strong></span> 
     </span>
    </p>
   </div>
   <div class='ocr_carea' id='block_1_32' title="bbox 2076 1638 3644 1720">
    <p class='ocr_par' dir='ltr' id='par_1_32' title="bbox 2076 1638 3644 1720">
     <span class='ocr_line' id='line_1_32' title="bbox 2076 1638 3644 1720; baseline -0.004 -21"><span class='ocrx_word' id='word_1_228' title='bbox 2076 1644 2268 1699; x_wconf 89' lang='lat' dir='ltr'><strong>habuit</strong></span> <span class='ocrx_word' id='word_1_229' title='bbox 2294 1642 2694 1720; x_wconf 65' lang='lat' dir='ltr'><strong>praesidentem,</strong></span> <span class='ocrx_word' id='word_1_230' title='bbox 2736 1641 2895 1696; x_wconf 90' lang='lat' dir='ltr'><strong>testis</strong></span> <span class='ocrx_word' id='word_1_231' title='bbox 2922 1638 3351 1710; x_wconf 89' lang='lat' dir='ltr'><strong>locupletissima</strong></span> <span class='ocrx_word' id='word_1_232' title='bbox 3400 1646 3484 1693; x_wconf 86' lang='lat' dir='ltr'><strong>est</strong></span> <span class='ocrx_word' id='word_1_233' title='bbox 3509 1652 3644 1707; x_wconf 87' lang='lat' dir='ltr'><strong>apo-</strong></span> 
     </span>
    </p>
   </div>
   <div class='ocr_carea' id='block_1_33' title="bbox 2077 1730 3649 1801">
    <p class='ocr_par' dir='ltr' id='par_1_33' title="bbox 2077 1730 3649 1801">
     <span class='ocr_line' id='line_1_33' title="bbox 2077 1730 3649 1801; baseline -0.004 -11"><span class='ocrx_word' id='word_1_234' title='bbox 2077 1735 2282 1790; x_wconf 62' lang='lat' dir='ltr'><strong>atolicaa</strong></span> <span class='ocrx_word' id='word_1_235' title='bbox 2304 1734 2631 1788; x_wconf 89' lang='lat' dir='ltr'><strong>traditionis.</strong></span> <span class='ocrx_word' id='word_1_236' title='bbox 2669 1752 2688 1785; x_wconf 72' lang='grc' dir='ltr'><strong>ι</strong></span> <span class='ocrx_word' id='word_1_237' title='bbox 2715 1733 2964 1788; x_wconf 85' lang='lat' dir='ltr'><strong>Clemens</strong></span> <span class='ocrx_word' id='word_1_238' title='bbox 2983 1741 3162 1788; x_wconf 89' lang='lat' dir='ltr'><strong>autem</strong></span> <span class='ocrx_word' id='word_1_239' title='bbox 3191 1731 3243 1786; x_wconf 91' lang='lat' dir='ltr'><strong>in</strong></span> <span class='ocrx_word' id='word_1_240' title='bbox 3257 1730 3472 1786; x_wconf 87' lang='lat' dir='ltr'><strong>eolibro</strong></span> <span class='ocrx_word' id='word_1_241' title='bbox 3487 1745 3649 1801; x_wconf 88' lang='lat' dir='ltr'><strong>quem</strong></span> 
     </span>
    </p>
   </div>
   <div class='ocr_carea' id='block_1_34' title="bbox 410 1817 1991 1919">
    <p class='ocr_par' dir='ltr' id='par_1_34' title="bbox 410 1817 1979 1919">
     <span class='ocr_line' id='line_1_34' title="bbox 410 1817 1979 1919; baseline -0.006 -19"><span class='ocrx_word' id='word_1_242' title='bbox 410 1865 517 1919; x_wconf 81' lang='grc' dir='ltr'><strong>μης</strong></span> <span class='ocrx_word' id='word_1_243' title='bbox 554 1817 688 1917; x_wconf 79' lang='grc' dir='ltr'>ὁμοῦ</span> <span class='ocrx_word' id='word_1_244' title='bbox 719 1844 812 1898; x_wconf 80' lang='grc' dir='ltr'><strong>τὸν</strong></span> <span class='ocrx_word' id='word_1_245' title='bbox 841 1843 1033 1916; x_wconf 88' lang='grc' dir='ltr'>χρόνον</span> <span class='ocrx_word' id='word_1_246' title='bbox 1073 1817 1576 1912; x_wconf 77' lang='grc' dir='ltr'>ἐπισημηνάμενος,</span> <span class='ocrx_word' id='word_1_247' title='bbox 1611 1838 1705 1891; x_wconf 76' lang='grc' dir='ltr'><strong>καὶ</strong></span> <span class='ocrx_word' id='word_1_248' title='bbox 1737 1839 1979 1911; x_wconf 80' lang='grc' dir='ltr'>ἱστορίαν</span> 
     </span>
    </p>
   </div>
   <div class='ocr_carea' id='block_1_35' title="bbox 2078 1817 3649 1919">
    <p class='ocr_par' dir='ltr' id='par_1_35' title="bbox 2079 1823 3649 1896">
     <span class='ocr_line' id='line_1_35' title="bbox 2079 1823 3649 1896; baseline -0.003 -15"><span class='ocrx_word' id='word_1_249' title='bbox 2079 1827 2383 1896; x_wconf 87' lang='lat' dir='ltr'><strong>inscripsit,</strong></span> <span class='ocrx_word' id='word_1_250' title='bbox 2418 1824 2675 1892; x_wconf 84' lang='lat' dir='ltr'><strong>Quisnam</strong></span> <span class='ocrx_word' id='word_1_251' title='bbox 2713 1825 2855 1880; x_wconf 81' lang='lat' dir='ltr'><strong>dives</strong></span> <span class='ocrx_word' id='word_1_252' title='bbox 2904 1824 3127 1879; x_wconf 77' lang='lat' dir='ltr'><strong>salutem</strong></span> <span class='ocrx_word' id='word_1_253' title='bbox 3178 1823 3343 1895; x_wconf 80' lang='lat' dir='ltr'><strong>possit</strong></span> <span class='ocrx_word' id='word_1_254' title='bbox 3381 1823 3649 1892; x_wconf 83' lang='lat' dir='ltr'><strong>consequi,</strong></span> 
     </span>
    </p>
   </div>
   <div class='ocr_carea' id='block_1_36' title="bbox 405 1928 1979 2005">
    <p class='ocr_par' dir='ltr' id='par_1_36' title="bbox 405 1928 1979 2005">
     <span class='ocr_line' id='line_1_36' title="bbox 405 1928 1979 2005; baseline -0.005 -14"><span class='ocrx_word' id='word_1_255' title='bbox 405 1935 843 2005; x_wconf 79' lang='grc' dir='ltr'>ἀναγκαιοτάτην</span> <span class='ocrx_word' id='word_1_256' title='bbox 907 1928 988 1995; x_wconf 77' lang='grc' dir='ltr'>οἷς</span> <span class='ocrx_word' id='word_1_257' title='bbox 1046 1932 1115 1985; x_wconf 86' lang='grc' dir='ltr'>τὰ</span> <span class='ocrx_word' id='word_1_258' title='bbox 1171 1929 1313 1985; x_wconf 89' lang='grc' dir='ltr'><strong>καλά</strong></span> <span class='ocrx_word' id='word_1_259' title='bbox 1375 1929 1470 1983; x_wconf 74' lang='grc' dir='ltr'>καὶ</span> <span class='ocrx_word' id='word_1_260' title='bbox 1525 1930 1777 2001; x_wconf 77' lang='grc' dir='ltr'>ἐπωφελῆ</span> <span class='ocrx_word' id='word_1_261' title='bbox 1826 1929 1979 1998; x_wconf 74' lang='grc' dir='ltr'>φίλον</span> 
     </span>
    </p>
   </div>
   <div class='ocr_carea' id='block_1_37' title="bbox 406 2019 1983 2097">
    <p class='ocr_par' dir='ltr' id='par_1_37' title="bbox 406 2019 1983 2097">
     <span class='ocr_line' id='line_1_37' title="bbox 406 2019 1983 2097; baseline -0.006 -16"><span class='ocrx_word' id='word_1_262' title='bbox 406 2027 644 2090; x_wconf 78' lang='grc' dir='ltr'><strong>ἀκούειν,</strong></span> <span class='ocrx_word' id='word_1_263' title='bbox 677 2024 1053 2097; x_wconf 84' lang='grc' dir='ltr'>προστίθησιν,</span> <span class='ocrx_word' id='word_1_264' title='bbox 1083 2020 1153 2077; x_wconf 82' lang='grc' dir='ltr'><strong>ἐν</strong></span> <span class='ocrx_word' id='word_1_265' title='bbox 1181 2019 1228 2088; x_wconf 81' lang='grc' dir='ltr'><strong>ᾧ</strong></span> <span class='ocrx_word' id='word_1_266' title='bbox 1264 2022 1358 2087; x_wconf 79' lang='grc' dir='ltr'><strong>Τίς</strong></span> <span class='ocrx_word' id='word_1_267' title='bbox 1388 2024 1421 2076; x_wconf 87' lang='grc' dir='ltr'><strong>ό</strong></span> <span class='ocrx_word' id='word_1_268' title='bbox 1439 2020 1769 2090; x_wconf 80' lang='grc' dir='ltr'>σωζόμενος</span> <span class='ocrx_word' id='word_1_269' title='bbox 1796 2021 1983 2076; x_wconf 78' lang='grc' dir='ltr'>πλού-</span> 
     </span>
    </p>
   </div>
   <div class='ocr_carea' id='block_1_38' title="bbox 406 2112 1983 2188">
    <p class='ocr_par' dir='ltr' id='par_1_38' title="bbox 406 2112 1983 2188">
     <span class='ocr_line' id='line_1_38' title="bbox 406 2112 1983 2188; baseline -0.002 -17"><span class='ocrx_word' id='word_1_270' title='bbox 406 2134 539 2183; x_wconf 62' lang='grc' dir='ltr'>σιος</span> <span class='ocrx_word' id='word_1_271' title='bbox 562 2114 876 2188; x_wconf 79' lang='grc' dir='ltr'>ἐπέγραψεν</span> <span class='ocrx_word' id='word_1_272' title='bbox 898 2115 1060 2169; x_wconf 82' lang='grc' dir='ltr'>αὐτοῦ</span> <span class='ocrx_word' id='word_1_273' title='bbox 1088 2114 1503 2186; x_wconf 84' lang='grc' dir='ltr'>συγγράμματι.</span> <span class='ocrx_word' id='word_1_274' title='bbox 1537 2112 1731 2168; x_wconf 73' lang='grc' dir='ltr'>Λαϐὼν</span> <span class='ocrx_word' id='word_1_275' title='bbox 1762 2113 1818 2167; x_wconf 84' lang='grc' dir='ltr'><strong>δὲ</strong></span> <span class='ocrx_word' id='word_1_276' title='bbox 1853 2114 1983 2168; x_wconf 87' lang='grc' dir='ltr'>ἀνά-</span> 
     </span>
    </p>
   </div>
   <div class='ocr_carea' id='block_1_39' title="bbox 406 2202 1978 2277">
    <p class='ocr_par' dir='ltr' id='par_1_39' title="bbox 406 2202 1978 2277">
     <span class='ocr_line' id='line_1_39' title="bbox 406 2202 1978 2277; baseline -0.001 -17"><span class='ocrx_word' id='word_1_277' title='bbox 406 2207 574 2275; x_wconf 86' lang='grc' dir='ltr'>γνωθι</span> <span class='ocrx_word' id='word_1_278' title='bbox 631 2202 738 2261; x_wconf 80' lang='grc' dir='ltr'>ὧδέ</span> <span class='ocrx_word' id='word_1_279' title='bbox 797 2224 913 2270; x_wconf 84' lang='grc' dir='ltr'><strong>πως</strong></span> <span class='ocrx_word' id='word_1_280' title='bbox 967 2207 1192 2276; x_wconf 79' lang='grc' dir='ltr'>ἔχουσαν</span> <span class='ocrx_word' id='word_1_281' title='bbox 1237 2207 1336 2259; x_wconf 74' lang='grc' dir='ltr'><strong>καὶ</strong></span> <span class='ocrx_word' id='word_1_282' title='bbox 1376 2204 1540 2259; x_wconf 84' lang='grc' dir='ltr'>αὑτοῦ</span> <span class='ocrx_word' id='word_1_283' title='bbox 1592 2204 1691 2277; x_wconf 84' lang='grc' dir='ltr'>τὴν</span> <span class='ocrx_word' id='word_1_284' title='bbox 1734 2206 1978 2276; x_wconf 74' lang='grc' dir='ltr'>γραφήνο</span> 
     </span>
    </p>
   </div>
   <div class='ocr_carea' id='block_1_40' title="bbox 414 2294 1973 2370">
    <p class='ocr_par' dir='ltr' id='par_1_40' title="bbox 414 2294 1973 2370">
     <span class='ocr_line' id='line_1_40' title="bbox 414 2294 1973 2370; baseline -0.001 -20"><span class='ocrx_word' id='word_1_285' title='bbox 414 2316 434 2350; x_wconf 79' lang='lat' dir='ltr'><strong>s</strong></span> <span class='ocrx_word' id='word_1_286' title='bbox 467 2299 749 2352; x_wconf 83' lang='grc' dir='ltr'>Ἀκουσον</span> <span class='ocrx_word' id='word_1_287' title='bbox 806 2298 973 2370; x_wconf 89' lang='grc' dir='ltr'>μῦθον</span> <span class='ocrx_word' id='word_1_288' title='bbox 1032 2296 1095 2350; x_wconf 83' lang='grc' dir='ltr'><strong>οὐ</strong></span> <span class='ocrx_word' id='word_1_289' title='bbox 1163 2295 1353 2368; x_wconf 86' lang='grc' dir='ltr'>μῦθον,</span> <span class='ocrx_word' id='word_1_290' title='bbox 1418 2294 1553 2350; x_wconf 84' lang='grc' dir='ltr'>ἀλλὰ</span> <span class='ocrx_word' id='word_1_291' title='bbox 1600 2295 1732 2349; x_wconf 81' lang='grc' dir='ltr'>δντα</span> <span class='ocrx_word' id='word_1_292' title='bbox 1784 2296 1973 2365; x_wconf 80' lang='grc' dir='ltr'>λόγον,</span> 
     </span>
    </p>
   </div>
   <div class='ocr_carea' id='block_1_41' title="bbox 409 2386 1981 2461">
    <p class='ocr_par' dir='ltr' id='par_1_41' title="bbox 409 2386 1981 2461">
     <span class='ocr_line' id='line_1_41' title="bbox 409 2386 1981 2461; baseline 0.001 -21"><span class='ocrx_word' id='word_1_293' title='bbox 409 2389 540 2461; x_wconf 76' lang='grc' dir='ltr'>περὶ</span> <span class='ocrx_word' id='word_1_294' title='bbox 600 2388 847 2442; x_wconf 85' lang='grc' dir='ltr'>Ἰωάννου</span> <span class='ocrx_word' id='word_1_295' title='bbox 895 2386 989 2442; x_wconf 85' lang='grc' dir='ltr'><strong>τοῦ</strong></span> <span class='ocrx_word' id='word_1_296' title='bbox 1062 2387 1368 2441; x_wconf 80' lang='grc' dir='ltr'>ἀποστόλου</span> <span class='ocrx_word' id='word_1_297' title='bbox 1424 2386 1849 2458; x_wconf 84' lang='grc' dir='ltr'>παραδεδομένον</span> <span class='ocrx_word' id='word_1_298' title='bbox 1905 2387 1981 2460; x_wconf 85' lang='grc'><strong>(9)</strong></span> 
     </span>
    </p>
   </div>
   <div class='ocr_carea' id='block_1_42' title="bbox 407 2477 1986 2550">
    <p class='ocr_par' dir='ltr' id='par_1_42' title="bbox 407 2477 1986 2550">
     <span class='ocr_line' id='line_1_42' title="bbox 407 2477 1986 2550; baseline -0.001 -17"><span class='ocrx_word' id='word_1_299' title='bbox 407 2480 504 2533; x_wconf 77' lang='grc' dir='ltr'><strong>καὶ</strong></span> <span class='ocrx_word' id='word_1_300' title='bbox 552 2481 740 2550; x_wconf 81' lang='grc' dir='ltr'>μνήμῃ</span> <span class='ocrx_word' id='word_1_301' title='bbox 792 2477 1222 2548; x_wconf 78' lang='grc' dir='ltr'>πεφυλαγμένον.</span> <span class='ocrx_word' id='word_1_302' title='bbox 1279 2478 1496 2549; x_wconf 79' lang='grc' dir='ltr'>Ἐπειδὴ</span> <span class='ocrx_word' id='word_1_303' title='bbox 1573 2479 1682 2549; x_wconf 80' lang='grc' dir='ltr'><strong>γὰρ</strong></span> <span class='ocrx_word' id='word_1_304' title='bbox 1736 2478 1830 2531; x_wconf 87' lang='grc' dir='ltr'><strong>τοῦ</strong></span> <span class='ocrx_word' id='word_1_305' title='bbox 1896 2496 1986 2532; x_wconf 90' lang='grc' dir='ltr'>τυ-</span> 
     </span>
    </p>
   </div>
   <div class='ocr_carea' id='block_1_43' title="bbox 416 2565 1984 2641">
    <p class='ocr_par' dir='ltr' id='par_1_43' title="bbox 416 2565 1984 2641">
     <span class='ocr_line' id='line_1_43' title="bbox 416 2565 1984 2641; baseline -0.003 -17"><span class='ocrx_word' id='word_1_306' title='bbox 416 2569 609 2641; x_wconf 82' lang='grc' dir='ltr'>ράννου</span> <span class='ocrx_word' id='word_1_307' title='bbox 657 2568 1099 2640; x_wconf 85' lang='grc' dir='ltr'>τελευτήσαντος,</span> <span class='ocrx_word' id='word_1_308' title='bbox 1136 2566 1246 2621; x_wconf 77' lang='grc' dir='ltr'><strong>ἀπὸ</strong></span> <span class='ocrx_word' id='word_1_309' title='bbox 1282 2567 1380 2638; x_wconf 82' lang='grc' dir='ltr'>τῆς</span> <span class='ocrx_word' id='word_1_310' title='bbox 1404 2567 1625 2638; x_wconf 82' lang='grc' dir='ltr'>Πάτμου</span> <span class='ocrx_word' id='word_1_311' title='bbox 1670 2565 1770 2638; x_wconf 75' lang='grc' dir='ltr'><strong>τῆς</strong></span> <span class='ocrx_word' id='word_1_312' title='bbox 1820 2567 1984 2639; x_wconf 78' lang='grc' dir='ltr'>νήσου</span> 
     </span>
    </p>
   </div>
   <div class='ocr_carea' id='block_1_44' title="bbox 415 2658 1987 2731">
    <p class='ocr_par' dir='ltr' id='par_1_44' title="bbox 415 2658 1987 2731">
     <span class='ocr_line' id='line_1_44' title="bbox 415 2658 1987 2731; baseline 0.001 -19"><span class='ocrx_word' id='word_1_313' title='bbox 415 2658 679 2731; x_wconf 80' lang='grc' dir='ltr'>μετῆλθεν</span> <span class='ocrx_word' id='word_1_314' title='bbox 736 2662 815 2724; x_wconf 73' lang='grc' dir='ltr'><strong>εἰς</strong></span> <span class='ocrx_word' id='word_1_315' title='bbox 864 2659 963 2731; x_wconf 83' lang='grc' dir='ltr'><strong>τὴν</strong></span> <span class='ocrx_word' id='word_1_316' title='bbox 1020 2660 1282 2729; x_wconf 84' lang='grc' dir='ltr'>Ἔφεσον,</span> <span class='ocrx_word' id='word_1_317' title='bbox 1342 2658 1509 2731; x_wconf 75' lang='grc' dir='ltr'>ἀπῄει</span> <span class='ocrx_word' id='word_1_318' title='bbox 1566 2660 1987 2731; x_wconf 79' lang='grc' dir='ltr'><strong>παρακαλούμε⁴</strong></span> 
     </span>
    </p>
   </div>
   <div class='ocr_carea' id='block_1_45' title="bbox 411 2750 1985 2825">
    <p class='ocr_par' dir='ltr' id='par_1_45' title="bbox 411 2750 1985 2825">
     <span class='ocr_line' id='line_1_45' title="bbox 411 2750 1985 2825; baseline 0.001 -20"><span class='ocrx_word' id='word_1_319' title='bbox 411 2769 501 2815; x_wconf 92' lang='grc' dir='ltr'><strong>νος</strong></span> <span class='ocrx_word' id='word_1_320' title='bbox 534 2752 630 2806; x_wconf 81' lang='grc' dir='ltr'><strong>καὶ</strong></span> <span class='ocrx_word' id='word_1_321' title='bbox 685 2750 777 2804; x_wconf 78' lang='grc' dir='ltr'><strong>ἐπὶ</strong></span> <span class='ocrx_word' id='word_1_322' title='bbox 807 2751 879 2805; x_wconf 89' lang='grc' dir='ltr'><strong>τά</strong></span> <span class='ocrx_word' id='word_1_323' title='bbox 927 2750 1272 2825; x_wconf 82' lang='grc' dir='ltr'>πλησιόχωρα</span> <span class='ocrx_word' id='word_1_324' title='bbox 1317 2751 1426 2805; x_wconf 84' lang='grc' dir='ltr'><strong>τῶν</strong></span> <span class='ocrx_word' id='word_1_325' title='bbox 1479 2750 1667 2815; x_wconf 80' lang='grc' dir='ltr'>ἐθνῶν,</span> <span class='ocrx_word' id='word_1_326' title='bbox 1706 2753 1837 2805; x_wconf 82' lang='grc' dir='ltr'>ὅπου</span> <span class='ocrx_word' id='word_1_327' title='bbox 1887 2753 1985 2823; x_wconf 81' lang='grc' dir='ltr'><strong>μὲν</strong></span> 
     </span>
    </p>
   </div>
   <div class='ocr_carea' id='block_1_46' title="bbox 2080 1915 3649 1986">
    <p class='ocr_par' dir='ltr' id='par_1_46' title="bbox 2080 1915 3649 1986">
     <span class='ocr_line' id='line_1_46' title="bbox 2080 1915 3649 1986; baseline -0.004 -12"><span class='ocrx_word' id='word_1_328' title='bbox 2080 1918 2240 1976; x_wconf 87' lang='lat' dir='ltr'><strong>simul</strong></span> <span class='ocrx_word' id='word_1_329' title='bbox 2269 1925 2326 1972; x_wconf 91' lang='lat' dir='ltr'><strong>et</strong></span> <span class='ocrx_word' id='word_1_330' title='bbox 2361 1926 2572 1986; x_wconf 89' lang='lat' dir='ltr'><strong>tempus</strong></span> <span class='ocrx_word' id='word_1_331' title='bbox 2600 1919 2774 1986; x_wconf 88' lang='lat' dir='ltr'><strong>ipsum</strong></span> <span class='ocrx_word' id='word_1_332' title='bbox 2824 1915 3149 1986; x_wconf 79' lang='lat' dir='ltr'><strong>designavit,</strong></span> <span class='ocrx_word' id='word_1_333' title='bbox 3176 1924 3233 1970; x_wconf 89' lang='lat' dir='ltr'><strong>et</strong></span> <span class='ocrx_word' id='word_1_334' title='bbox 3277 1915 3649 1970; x_wconf 88' lang='lat' dir='ltr'><strong>narrationem</strong></span> 
     </span>
    </p>
   </div>
   <div class='ocr_carea' id='block_1_47' title="bbox 2080 2005 3654 2082">
    <p class='ocr_par' dir='ltr' id='par_1_47' title="bbox 2080 2005 3654 2082">
     <span class='ocr_line' id='line_1_47' title="bbox 2080 2005 3654 2082; baseline -0.004 -17"><span class='ocrx_word' id='word_1_335' title='bbox 2080 2010 2368 2082; x_wconf 91' lang='lat' dir='ltr'><strong>quamdam</strong></span> <span class='ocrx_word' id='word_1_336' title='bbox 2400 2008 2647 2078; x_wconf 82' lang='lat' dir='ltr'><strong>adjunxit</strong></span> <span class='ocrx_word' id='word_1_337' title='bbox 2709 2006 2963 2077; x_wconf 86' lang='lat' dir='ltr'><strong>inprimis</strong></span> <span class='ocrx_word' id='word_1_338' title='bbox 3001 2007 3366 2061; x_wconf 88' lang='lat' dir='ltr'><strong>necessariam</strong></span> <span class='ocrx_word' id='word_1_339' title='bbox 3392 2005 3462 2060; x_wconf 90' lang='lat' dir='ltr'><strong>iis</strong></span> <span class='ocrx_word' id='word_1_340' title='bbox 3514 2019 3654 2076; x_wconf 64' lang='lat' dir='ltr'><strong>pra-</strong></span> 
     </span>
    </p>
   </div>
   <div class='ocr_carea' id='block_1_48' title="bbox 2081 2098 3655 2172">
    <p class='ocr_par' dir='ltr' id='par_1_48' title="bbox 2081 2098 3655 2172">
     <span class='ocr_line' id='line_1_48' title="bbox 2081 2098 3655 2172; baseline -0.004 -14"><span class='ocrx_word' id='word_1_341' title='bbox 2081 2103 2268 2159; x_wconf 87' lang='lat' dir='ltr'><strong>sertim</strong></span> <span class='ocrx_word' id='word_1_342' title='bbox 2293 2116 2428 2172; x_wconf 87' lang='lat' dir='ltr'><strong>quos</strong></span> <span class='ocrx_word' id='word_1_343' title='bbox 2457 2116 2638 2155; x_wconf 91' lang='lat' dir='ltr'><strong>rerum</strong></span> <span class='ocrx_word' id='word_1_344' title='bbox 2672 2100 3021 2155; x_wconf 89' lang='lat' dir='ltr'><strong>honestarum</strong></span> <span class='ocrx_word' id='word_1_345' title='bbox 3053 2107 3216 2168; x_wconf 89' lang='lat' dir='ltr'><strong>atque</strong></span> <span class='ocrx_word' id='word_1_346' title='bbox 3255 2098 3467 2153; x_wconf 88' lang='lat' dir='ltr'><strong>utilium</strong></span> <span class='ocrx_word' id='word_1_347' title='bbox 3499 2112 3655 2154; x_wconf 85' lang='lat' dir='ltr'><strong>com-</strong></span> 
     </span>
    </p>
   </div>
   <div class='ocr_carea' id='block_1_49' title="bbox 2081 2190 3652 2261">
    <p class='ocr_par' dir='ltr' id='par_1_49' title="bbox 2081 2190 3652 2261">
     <span class='ocr_line' id='line_1_49' title="bbox 2081 2190 3652 2261; baseline -0.004 -12"><span class='ocrx_word' id='word_1_348' title='bbox 2081 2194 2403 2249; x_wconf 87' lang='lat' dir='ltr'><strong>memoratio</strong></span> <span class='ocrx_word' id='word_1_349' title='bbox 2424 2192 2672 2248; x_wconf 89' lang='lat' dir='ltr'><strong>delectat.</strong></span> <span class='ocrx_word' id='word_1_350' title='bbox 2699 2190 2928 2260; x_wconf 89' lang='lat' dir='ltr'><strong>Sumpto</strong></span> <span class='ocrx_word' id='word_1_351' title='bbox 2958 2192 3123 2261; x_wconf 87' lang='lat' dir='ltr'><strong>igitur</strong></span> <span class='ocrx_word' id='word_1_352' title='bbox 3167 2192 3220 2246; x_wconf 91' lang='lat' dir='ltr'><strong>in</strong></span> <span class='ocrx_word' id='word_1_353' title='bbox 3263 2202 3454 2246; x_wconf 83' lang='lat' dir='ltr'><strong>manus</strong></span> <span class='ocrx_word' id='word_1_354' title='bbox 3489 2190 3652 2257; x_wconf 91' lang='lat' dir='ltr'><strong>libro,</strong></span> 
     </span>
    </p>
   </div>
   <div class='ocr_carea' id='block_1_50' title="bbox 2082 2283 3657 2355">
    <p class='ocr_par' dir='ltr' id='par_1_50' title="bbox 2082 2283 3657 2355">
     <span class='ocr_line' id='line_1_50' title="bbox 2082 2283 3657 2355; baseline -0.006 -14"><span class='ocrx_word' id='word_1_355' title='bbox 2082 2287 2250 2341; x_wconf 88' lang='lat' dir='ltr'><strong>recita</strong></span> <span class='ocrx_word' id='word_1_356' title='bbox 2278 2286 2410 2341; x_wconf 90' lang='lat' dir='ltr'><strong>mihi</strong></span> <span class='ocrx_word' id='word_1_357' title='bbox 2431 2286 2707 2342; x_wconf 81' lang='lat' dir='ltr'><strong>historiam</strong></span> <span class='ocrx_word' id='word_1_358' title='bbox 2737 2299 2858 2355; x_wconf 81' lang='lat' dir='ltr'><strong>qua:</strong></span> <span class='ocrx_word' id='word_1_359' title='bbox 2876 2286 2955 2341; x_wconf 89' lang='lat' dir='ltr'><strong>sic</strong></span> <span class='ocrx_word' id='word_1_360' title='bbox 2980 2284 3145 2340; x_wconf 87' lang='lat' dir='ltr'><strong>habet</strong></span> <span class='ocrx_word' id='word_1_361' title='bbox 3170 2301 3185 2340; x_wconf 88' lang='lat'><strong>:</strong></span> <span class='ocrx_word' id='word_1_362' title='bbox 3216 2301 3235 2336; x_wconf 82' lang='lat' dir='ltr'><strong>t</strong></span> <span class='ocrx_word' id='word_1_363' title='bbox 3262 2283 3540 2348; x_wconf 82' lang='lat' dir='ltr'><strong>Ausculta,</strong></span> <span class='ocrx_word' id='word_1_364' title='bbox 3573 2284 3657 2338; x_wconf 69' lang='lat' dir='ltr'><strong>in.</strong></span> 
     </span>
    </p>
   </div>
   <div class='ocr_carea' id='block_1_51' title="bbox 2083 2377 3655 2451">
    <p class='ocr_par' dir='ltr' id='par_1_51' title="bbox 2083 2377 3655 2451">
     <span class='ocr_line' id='line_1_51' title="bbox 2083 2377 3655 2451; baseline -0.001 -18"><span class='ocrx_word' id='word_1_365' title='bbox 2083 2381 2220 2451; x_wconf 87' lang='lat' dir='ltr'><strong>quit,</strong></span> <span class='ocrx_word' id='word_1_366' title='bbox 2250 2380 2485 2435; x_wconf 87' lang='lat' dir='ltr'><strong>fabulam</strong></span> <span class='ocrx_word' id='word_1_367' title='bbox 2512 2399 2525 2434; x_wconf 91' lang='lat'>:</span> <span class='ocrx_word' id='word_1_368' title='bbox 2552 2381 2663 2435; x_wconf 89' lang='lat' dir='ltr'><strong>imo</strong></span> <span class='ocrx_word' id='word_1_369' title='bbox 2694 2396 2799 2435; x_wconf 91' lang='lat' dir='ltr'><strong>non</strong></span> <span class='ocrx_word' id='word_1_370' title='bbox 2840 2378 3102 2444; x_wconf 84' lang='lat' dir='ltr'><strong>fabulam,</strong></span> <span class='ocrx_word' id='word_1_371' title='bbox 3156 2379 3250 2434; x_wconf 90' lang='lat' dir='ltr'><strong>sed</strong></span> <span class='ocrx_word' id='word_1_372' title='bbox 3312 2377 3655 2434; x_wconf 81' lang='lat' dir='ltr'><strong>verissimam</strong></span> 
     </span>
    </p>
   </div>
   <div class='ocr_carea' id='block_1_52' title="bbox 2085 2470 3657 2545">
    <p class='ocr_par' dir='ltr' id='par_1_52' title="bbox 2085 2470 3657 2545">
     <span class='ocr_line' id='line_1_52' title="bbox 2085 2470 3657 2545; baseline -0.002 -16"><span class='ocrx_word' id='word_1_373' title='bbox 2085 2472 2369 2529; x_wconf 86' lang='lat' dir='ltr'><strong>historiam</strong></span> <span class='ocrx_word' id='word_1_374' title='bbox 2400 2471 2469 2528; x_wconf 89' lang='lat' dir='ltr'><strong>de</strong></span> <span class='ocrx_word' id='word_1_375' title='bbox 2495 2470 2725 2539; x_wconf 88' lang='lat' dir='ltr'><strong>Joanne,</strong></span> <span class='ocrx_word' id='word_1_376' title='bbox 2758 2489 2878 2545; x_wconf 72' lang='lat' dir='ltr'><strong>qua:</strong></span> <span class='ocrx_word' id='word_1_377' title='bbox 2921 2474 3076 2529; x_wconf 90' lang='lat' dir='ltr'><strong>nobis</strong></span> <span class='ocrx_word' id='word_1_378' title='bbox 3108 2472 3335 2527; x_wconf 87' lang='lat' dir='ltr'><strong>fideliter</strong></span> <span class='ocrx_word' id='word_1_379' title='bbox 3370 2472 3570 2526; x_wconf 77' lang='lat' dir='ltr'><strong>tradita</strong></span> <span class='ocrx_word' id='word_1_380' title='bbox 3600 2480 3657 2526; x_wconf 89' lang='lat' dir='ltr'><strong>ct</strong></span> 
     </span>
    </p>
   </div>
   <div class='ocr_carea' id='block_1_53' title="bbox 2085 2565 3661 2639">
    <p class='ocr_par' dir='ltr' id='par_1_53' title="bbox 2085 2565 3661 2639">
     <span class='ocr_line' id='line_1_53' title="bbox 2085 2565 3661 2639; baseline -0.004 -16"><span class='ocrx_word' id='word_1_381' title='bbox 2085 2569 2359 2623; x_wconf 62' lang='lat' dir='ltr'><strong>memoriae</strong></span> <span class='ocrx_word' id='word_1_382' title='bbox 2382 2569 2623 2623; x_wconf 88' lang='lat' dir='ltr'><strong>studiose</strong></span> <span class='ocrx_word' id='word_1_383' title='bbox 2647 2568 2756 2639; x_wconf 78' lang='lat'><strong>92</strong></span> <span class='ocrx_word' id='word_1_384' title='bbox 2794 2566 3167 2623; x_wconf 90' lang='lat' dir='ltr'><strong>commendata</strong></span> <span class='ocrx_word' id='word_1_385' title='bbox 3196 2575 3300 2620; x_wconf 89' lang='lat' dir='ltr'><strong>est.</strong></span> <span class='ocrx_word' id='word_1_386' title='bbox 3359 2565 3489 2619; x_wconf 90' lang='lat' dir='ltr'><strong>Cum</strong></span> <span class='ocrx_word' id='word_1_387' title='bbox 3535 2572 3661 2634; x_wconf 86' lang='lat' dir='ltr'><strong>post</strong></span> 
     </span>
    </p>
   </div>
   <div class='ocr_carea' id='block_1_54' title="bbox 2085 2657 3657 2731">
    <p class='ocr_par' dir='ltr' id='par_1_54' title="bbox 2085 2657 3657 2731">
     <span class='ocr_line' id='line_1_54' title="bbox 2085 2657 3657 2731; baseline -0.003 -17"><span class='ocrx_word' id='word_1_388' title='bbox 2085 2659 2291 2715; x_wconf 91' lang='lat' dir='ltr'><strong>obitum</strong></span> <span class='ocrx_word' id='word_1_389' title='bbox 2320 2661 2529 2731; x_wconf 86' lang='lat' dir='ltr'><strong>tyranni</strong></span> <span class='ocrx_word' id='word_1_390' title='bbox 2555 2675 2622 2714; x_wconf 75' lang='lat' dir='ltr'><strong>ex</strong></span> <span class='ocrx_word' id='word_1_391' title='bbox 2646 2660 2821 2714; x_wconf 87' lang='lat' dir='ltr'><strong>insula</strong></span> <span class='ocrx_word' id='word_1_392' title='bbox 2854 2659 3047 2716; x_wconf 84' lang='lat' dir='ltr'><strong>Pattno</strong></span> <span class='ocrx_word' id='word_1_393' title='bbox 3098 2657 3369 2727; x_wconf 90' lang='lat' dir='ltr'><strong>Ephesum</strong></span> <span class='ocrx_word' id='word_1_394' title='bbox 3403 2657 3657 2712; x_wconf 90' lang='lat' dir='ltr'><strong>rediisset</strong></span> 
     </span>
    </p>
   </div>
   <div class='ocr_carea' id='block_1_55' title="bbox 2085 2749 3660 2819">
    <p class='ocr_par' dir='ltr' id='par_1_55' title="bbox 2085 2749 3660 2819">
     <span class='ocr_line' id='line_1_55' title="bbox 2085 2749 3660 2819; baseline -0.002 -14"><span class='ocrx_word' id='word_1_395' title='bbox 2085 2750 2343 2819; x_wconf 80' lang='lat' dir='ltr'><strong>Joannes,</strong></span> <span class='ocrx_word' id='word_1_396' title='bbox 2372 2751 2437 2805; x_wconf 92' lang='lat' dir='ltr'><strong>ad</strong></span> <span class='ocrx_word' id='word_1_397' title='bbox 2471 2751 2733 2807; x_wconf 83' lang='lat' dir='ltr'><strong>ﬁnitimas</strong></span> <span class='ocrx_word' id='word_1_398' title='bbox 2764 2766 2978 2819; x_wconf 89' lang='lat' dir='ltr'><strong>quoque</strong></span> <span class='ocrx_word' id='word_1_399' title='bbox 3009 2749 3317 2819; x_wconf 82' lang='lat' dir='ltr'><strong>provincias</strong></span> <span class='ocrx_word' id='word_1_400' title='bbox 3348 2758 3571 2819; x_wconf 79' lang='lat' dir='ltr'><strong>rogatus</strong></span> <span class='ocrx_word' id='word_1_401' title='bbox 3598 2762 3660 2802; x_wconf 86' lang='lat' dir='ltr'><strong>se</strong></span> 
     </span>
    </p>
   </div>
   <div class='ocr_carea' id='block_1_56' title="bbox 412 2840 1991 2916">
    <p class='ocr_par' dir='ltr' id='par_1_56' title="bbox 412 2843 1987 2916">
     <span class='ocr_line' id='line_1_56' title="bbox 412 2843 1987 2916; baseline 0.001 -19"><span class='ocrx_word' id='word_1_402' title='bbox 412 2843 743 2907; x_wconf 74' lang='grc' dir='ltr'>ἐπισκόπους</span> <span class='ocrx_word' id='word_1_403' title='bbox 795 2845 1173 2915; x_wconf 84' lang='grc' dir='ltr'>καταστήσων,</span> <span class='ocrx_word' id='word_1_404' title='bbox 1227 2845 1360 2899; x_wconf 85' lang='grc' dir='ltr'>ὅπου</span> <span class='ocrx_word' id='word_1_405' title='bbox 1418 2845 1476 2899; x_wconf 84' lang='grc' dir='ltr'>δὲ</span> <span class='ocrx_word' id='word_1_406' title='bbox 1515 2844 1643 2909; x_wconf 83' lang='grc' dir='ltr'>ὅλας</span> <span class='ocrx_word' id='word_1_407' title='bbox 1662 2844 1987 2916; x_wconf 80' lang='grc' dir='ltr'>Ἕκκλησίας</span> 
     </span>
    </p>
   </div>
   <div class='ocr_carea' id='block_1_57' title="bbox 2078 2840 3656 2916">
    <p class='ocr_par' dir='ltr' id='par_1_57' title="bbox 2086 2840 3656 2913">
     <span class='ocr_line' id='line_1_57' title="bbox 2086 2840 3656 2913; baseline -0.004 -14"><span class='ocrx_word' id='word_1_408' title='bbox 2086 2842 2336 2907; x_wconf 83' lang='lat' dir='ltr'><strong>contulit,</strong></span> <span class='ocrx_word' id='word_1_409' title='bbox 2371 2844 2563 2912; x_wconf 86' lang='lat' dir='ltr'><strong>partim</strong></span> <span class='ocrx_word' id='word_1_410' title='bbox 2593 2852 2653 2896; x_wconf 94' lang='lat' dir='ltr'><strong>ut</strong></span> <span class='ocrx_word' id='word_1_411' title='bbox 2701 2843 2983 2913; x_wconf 90' lang='lat' dir='ltr'><strong>episcopos</strong></span> <span class='ocrx_word' id='word_1_412' title='bbox 3043 2842 3422 2907; x_wconf 87' lang='lat' dir='ltr'><strong>constitueret,</strong></span> <span class='ocrx_word' id='word_1_413' title='bbox 3457 2840 3656 2909; x_wconf 87' lang='lat' dir='ltr'><strong>partim</strong></span> 
     </span>
    </p>
   </div>
   <div class='ocr_carea' id='block_1_58' title="bbox 410 2933 1991 3009">
    <p class='ocr_par' dir='ltr' id='par_1_58' title="bbox 410 2935 1984 3009">
     <span class='ocr_line' id='line_1_58' title="bbox 410 2935 1984 3009; baseline 0.001 -21"><span class='ocrx_word' id='word_1_414' title='bbox 410 2935 688 3007; x_wconf 83' lang='grc' dir='ltr'>ἀρμόσων,</span> <span class='ocrx_word' id='word_1_415' title='bbox 706 2937 839 2989; x_wconf 83' lang='grc' dir='ltr'>ὅπου</span> <span class='ocrx_word' id='word_1_416' title='bbox 875 2935 934 2988; x_wconf 85' lang='grc' dir='ltr'>δὲ</span> <span class='ocrx_word' id='word_1_417' title='bbox 956 2935 1140 3008; x_wconf 83' lang='grc' dir='ltr'>κλήρῳ</span> <span class='ocrx_word' id='word_1_418' title='bbox 1163 2936 1257 2989; x_wconf 80' lang='grc' dir='ltr'>ἕνα</span> <span class='ocrx_word' id='word_1_419' title='bbox 1293 2935 1358 3005; x_wconf 81' lang='grc' dir='ltr'><strong>γέ</strong></span> <span class='ocrx_word' id='word_1_420' title='bbox 1389 2954 1512 2991; x_wconf 89' lang='grc' dir='ltr'>τινα</span> <span class='ocrx_word' id='word_1_421' title='bbox 1539 2936 1835 3009; x_wconf 84' lang='grc' dir='ltr'>κληρώσων</span> <span class='ocrx_word' id='word_1_422' title='bbox 1873 2935 1984 3009; x_wconf 87' lang='grc'><strong>(10)</strong></span> 
     </span>
    </p>
   </div>
   <div class='ocr_carea' id='block_1_59' title="bbox 2078 2933 3658 3009">
    <p class='ocr_par' dir='ltr' id='par_1_59' title="bbox 2089 2933 3658 3004">
     <span class='ocr_line' id='line_1_59' title="bbox 2089 2933 3658 3004; baseline -0.001 -15"><span class='ocrx_word' id='word_1_423' title='bbox 2089 2944 2147 2990; x_wconf 91' lang='lat' dir='ltr'><strong>ut</strong></span> <span class='ocrx_word' id='word_1_424' title='bbox 2172 2934 2444 2991; x_wconf 88' lang='lat' dir='ltr'><strong>Ecclesias</strong></span> <span class='ocrx_word' id='word_1_425' title='bbox 2476 2935 2713 3004; x_wconf 87' lang='lat' dir='ltr'><strong>integras</strong></span> <span class='ocrx_word' id='word_1_426' title='bbox 2742 2935 3047 3003; x_wconf 89' lang='lat' dir='ltr'><strong>disponeret</strong></span> <span class='ocrx_word' id='word_1_427' title='bbox 3070 2948 3133 2988; x_wconf 85' lang='lat' dir='ltr'><strong>ac</strong></span> <span class='ocrx_word' id='word_1_428' title='bbox 3162 2933 3440 2998; x_wconf 85' lang='lat' dir='ltr'><strong>formaret,</strong></span> <span class='ocrx_word' id='word_1_429' title='bbox 3459 2933 3658 3002; x_wconf 84' lang='lat' dir='ltr'><strong>partim</strong></span> 
     </span>
    </p>
   </div>
   <div class='ocr_carea' id='block_1_60' title="bbox 409 3019 1991 3100">
    <p class='ocr_par' dir='ltr' id='par_1_60' title="bbox 409 3023 1986 3100">
     <span class='ocr_line' id='line_1_60' title="bbox 409 3023 1986 3100; baseline 0.001 -21"><span class='ocrx_word' id='word_1_430' title='bbox 409 3025 516 3079; x_wconf 84' lang='grc' dir='ltr'><strong>τῶν</strong></span> <span class='ocrx_word' id='word_1_431' title='bbox 551 3026 656 3080; x_wconf 76' lang='grc' dir='ltr'>ὑπὸ</span> <span class='ocrx_word' id='word_1_432' title='bbox 687 3026 781 3080; x_wconf 88' lang='grc' dir='ltr'><strong>τοῦ</strong></span> <span class='ocrx_word' id='word_1_433' title='bbox 819 3026 1136 3098; x_wconf 89' lang='grc' dir='ltr'>Πνεύματος</span> <span class='ocrx_word' id='word_1_434' title='bbox 1172 3027 1605 3100; x_wconf 83' lang='grc' dir='ltr'>σημαινομένων.</span> <span class='ocrx_word' id='word_1_435' title='bbox 1652 3026 1853 3081; x_wconf 85' lang='grc' dir='ltr'>Ἐλθὼν</span> <span class='ocrx_word' id='word_1_436' title='bbox 1892 3023 1986 3082; x_wconf 79' lang='grc' dir='ltr'>οὖν</span> 
     </span>
    </p>
   </div>
   <div class='ocr_carea' id='block_1_61' title="bbox 2078 3019 3659 3100">
    <p class='ocr_par' dir='ltr' id='par_1_61' title="bbox 2088 3019 3659 3090">
     <span class='ocr_line' id='line_1_61' title="bbox 2088 3019 3659 3090; baseline -0.001 -12"><span class='ocrx_word' id='word_1_437' title='bbox 2088 3024 2253 3078; x_wconf 91' lang='lat' dir='ltr'><strong>etiam</strong></span> <span class='ocrx_word' id='word_1_438' title='bbox 2280 3032 2341 3077; x_wconf 90' lang='lat' dir='ltr'><strong>ut</strong></span> <span class='ocrx_word' id='word_1_439' title='bbox 2374 3023 2625 3079; x_wconf 90' lang='lat' dir='ltr'><strong>homines</strong></span> <span class='ocrx_word' id='word_1_440' title='bbox 2648 3022 2750 3079; x_wconf 88' lang='lat' dir='ltr'><strong>sibi</strong></span> <span class='ocrx_word' id='word_1_441' title='bbox 2780 3037 2811 3076; x_wconf 91' lang='lat' dir='ltr'><strong>a</strong></span> <span class='ocrx_word' id='word_1_442' title='bbox 2843 3023 3028 3079; x_wconf 83' lang='lat' dir='ltr'><strong>divino</strong></span> <span class='ocrx_word' id='word_1_443' title='bbox 3065 3019 3273 3090; x_wconf 88' lang='lat' dir='ltr'><strong>Spiritu</strong></span> <span class='ocrx_word' id='word_1_444' title='bbox 3307 3022 3572 3077; x_wconf 91' lang='lat' dir='ltr'><strong>indicatos</strong></span> <span class='ocrx_word' id='word_1_445' title='bbox 3605 3022 3659 3076; x_wconf 88' lang='lat' dir='ltr'><strong>in</strong></span> 
     </span>
    </p>
   </div>
   <div class='ocr_carea' id='block_1_62' title="bbox 409 3114 1991 3217">
    <p class='ocr_par' dir='ltr' id='par_1_62' title="bbox 409 3114 1984 3192">
     <span class='ocr_line' id='line_1_62' title="bbox 409 3114 1984 3192; baseline 0.001 -22"><span class='ocrx_word' id='word_1_446' title='bbox 409 3117 505 3171; x_wconf 73' lang='lat' dir='ltr'><strong>atati.</strong></span> <span class='ocrx_word' id='word_1_447' title='bbox 536 3118 628 3171; x_wconf 80' lang='grc' dir='ltr'><strong>ὲπί</strong></span> <span class='ocrx_word' id='word_1_448' title='bbox 658 3136 779 3173; x_wconf 88' lang='grc' dir='ltr'>τινα</span> <span class='ocrx_word' id='word_1_449' title='bbox 804 3117 911 3172; x_wconf 85' lang='grc' dir='ltr'><strong>τῶν</strong></span> <span class='ocrx_word' id='word_1_450' title='bbox 943 3121 1004 3173; x_wconf 82' lang='grc' dir='ltr'><strong>οὐ</strong></span> <span class='ocrx_word' id='word_1_451' title='bbox 1029 3118 1245 3190; x_wconf 84' lang='grc' dir='ltr'>μακρὰν</span> <span class='ocrx_word' id='word_1_452' title='bbox 1276 3119 1503 3184; x_wconf 86' lang='grc' dir='ltr'>πόλεων,</span> <span class='ocrx_word' id='word_1_453' title='bbox 1533 3114 1602 3192; x_wconf 85' lang='grc' dir='ltr'>ἧς</span> <span class='ocrx_word' id='word_1_454' title='bbox 1623 3120 1717 3173; x_wconf 71' lang='grc' dir='ltr'>καὶ</span> <span class='ocrx_word' id='word_1_455' title='bbox 1749 3118 1984 3190; x_wconf 82' lang='grc' dir='ltr'>τοῦνομα</span> 
     </span>
    </p>
   </div>
   <div class='ocr_carea' id='block_1_63' title="bbox 2078 3114 3658 3217">
    <p class='ocr_par' dir='ltr' id='par_1_63' title="bbox 2091 3114 3658 3185">
     <span class='ocr_line' id='line_1_63' title="bbox 2091 3114 3658 3185; baseline -0.004 -14"><span class='ocrx_word' id='word_1_456' title='bbox 2091 3116 2294 3171; x_wconf 87' lang='lat' dir='ltr'><strong>clerum</strong></span> <span class='ocrx_word' id='word_1_457' title='bbox 2350 3116 2635 3185; x_wconf 86' lang='lat' dir='ltr'><strong>quemdam</strong></span> <span class='ocrx_word' id='word_1_458' title='bbox 2683 3129 2782 3169; x_wconf 88' lang='lat' dir='ltr'><strong>seu</strong></span> <span class='ocrx_word' id='word_1_459' title='bbox 2842 3122 3047 3169; x_wconf 84' lang='lat' dir='ltr'><strong>sortem</strong></span> <span class='ocrx_word' id='word_1_460' title='bbox 3097 3114 3310 3170; x_wconf 91' lang='lat' dir='ltr'><strong>Domini</strong></span> <span class='ocrx_word' id='word_1_461' title='bbox 3352 3121 3658 3182; x_wconf 85' lang='lat' dir='ltr'><strong>seponeret.</strong></span> 
     </span>
    </p>
   </div>
   <div class='ocr_carea' id='block_1_64' title="bbox 410 3204 1991 3281">
    <p class='ocr_par' dir='ltr' id='par_1_64' title="bbox 410 3206 1985 3281">
     <span class='ocr_line' id='line_1_64' title="bbox 410 3206 1985 3281; baseline 0.001 -20"><span class='ocrx_word' id='word_1_462' title='bbox 410 3206 658 3278; x_wconf 80' lang='grc' dir='ltr'>λέγουσιν</span> <span class='ocrx_word' id='word_1_463' title='bbox 687 3210 819 3264; x_wconf 82' lang='grc' dir='ltr'>ἔνιοι</span> <span class='ocrx_word' id='word_1_464' title='bbox 854 3210 987 3281; x_wconf 86' lang='grc'><strong>(11),</strong></span> <span class='ocrx_word' id='word_1_465' title='bbox 1017 3212 1110 3265; x_wconf 73' lang='grc' dir='ltr'>καὶ</span> <span class='ocrx_word' id='word_1_466' title='bbox 1147 3210 1312 3265; x_wconf 82' lang='grc' dir='ltr'>τᾶλλα</span> <span class='ocrx_word' id='word_1_467' title='bbox 1340 3209 1659 3275; x_wconf 83' lang='grc' dir='ltr'>ἀναπαύσας</span> <span class='ocrx_word' id='word_1_468' title='bbox 1683 3211 1807 3275; x_wconf 82' lang='grc' dir='ltr'>τοὺς</span> <span class='ocrx_word' id='word_1_469' title='bbox 1833 3210 1985 3264; x_wconf 82' lang='grc' dir='ltr'>ἀδελ-</span> 
     </span>
    </p>
   </div>
   <div class='ocr_carea' id='block_1_65' title="bbox 2078 3204 3660 3281">
    <p class='ocr_par' dir='ltr' id='par_1_65' title="bbox 2086 3204 3660 3277">
     <span class='ocr_line' id='line_1_65' title="bbox 2086 3204 3660 3277; baseline -0.004 -14"><span class='ocrx_word' id='word_1_470' title='bbox 2086 3206 2222 3263; x_wconf 88' lang='lat' dir='ltr'><strong>Cum</strong></span> <span class='ocrx_word' id='word_1_471' title='bbox 2257 3222 2388 3276; x_wconf 86' lang='lat' dir='ltr'><strong>ergo</strong></span> <span class='ocrx_word' id='word_1_472' title='bbox 2417 3206 2485 3261; x_wconf 89' lang='lat' dir='ltr'><strong>ad</strong></span> <span class='ocrx_word' id='word_1_473' title='bbox 2523 3206 2817 3277; x_wconf 87' lang='lat' dir='ltr'><strong>quamdam</strong></span> <span class='ocrx_word' id='word_1_474' title='bbox 2849 3207 3036 3260; x_wconf 89' lang='lat' dir='ltr'><strong>urbem</strong></span> <span class='ocrx_word' id='word_1_475' title='bbox 3064 3207 3305 3260; x_wconf 82' lang='lat' dir='ltr'><strong>venisset</strong></span> <span class='ocrx_word' id='word_1_476' title='bbox 3329 3205 3474 3259; x_wconf 90' lang='lat' dir='ltr'><strong>haud</strong></span> <span class='ocrx_word' id='word_1_477' title='bbox 3499 3204 3660 3272; x_wconf 83' lang='lat' dir='ltr'><strong>longe</strong></span> 
     </span>
    </p>
   </div>
   <div class='ocr_carea' id='block_1_66' title="bbox 411 3295 1991 3370">
    <p class='ocr_par' dir='ltr' id='par_1_66' title="bbox 411 3297 1987 3370">
     <span class='ocr_line' id='line_1_66' title="bbox 411 3297 1987 3370; baseline -0.001 -18"><span class='ocrx_word' id='word_1_478' title='bbox 411 3299 546 3368; x_wconf 78' lang='grc' dir='ltr'>φοὺς</span> <span class='ocrx_word' id='word_1_479' title='bbox 580 3297 717 3370; x_wconf 72' lang='grc'><strong>(12),</strong></span> <span class='ocrx_word' id='word_1_480' title='bbox 745 3299 839 3353; x_wconf 70' lang='grc' dir='ltr'>ἐπὶ</span> <span class='ocrx_word' id='word_1_481' title='bbox 869 3300 1001 3352; x_wconf 82' lang='grc' dir='ltr'>πᾶσι</span> <span class='ocrx_word' id='word_1_482' title='bbox 1034 3298 1111 3368; x_wconf 82' lang='grc' dir='ltr'>τῷ</span> <span class='ocrx_word' id='word_1_483' title='bbox 1131 3297 1435 3354; x_wconf 82' lang='grc' dir='ltr'>καθεστῶτι</span> <span class='ocrx_word' id='word_1_484' title='bbox 1465 3297 1810 3370; x_wconf 76' lang='grc' dir='ltr'>προσόλέψας</span> <span class='ocrx_word' id='word_1_485' title='bbox 1832 3300 1987 3351; x_wconf 79' lang='grc' dir='ltr'>ἐπισ-</span> 
     </span>
    </p>
   </div>
   <div class='ocr_carea' id='block_1_67' title="bbox 2078 3295 3661 3370">
    <p class='ocr_par' dir='ltr' id='par_1_67' title="bbox 2089 3295 3661 3365">
     <span class='ocr_line' id='line_1_67' title="bbox 2089 3295 3661 3365; baseline -0.006 -9"><span class='ocrx_word' id='word_1_486' title='bbox 2089 3300 2335 3356; x_wconf 82' lang='lat' dir='ltr'><strong>dissitam</strong></span> <span class='ocrx_word' id='word_1_487' title='bbox 2368 3313 2398 3352; x_wconf 88' lang='lat' dir='ltr'><strong>a</strong></span> <span class='ocrx_word' id='word_1_488' title='bbox 2448 3297 2671 3352; x_wconf 87' lang='lat' dir='ltr'><strong>civitate</strong></span> <span class='ocrx_word' id='word_1_489' title='bbox 2717 3296 2953 3365; x_wconf 86' lang='lat' dir='ltr'><strong>Epheso,</strong></span> <span class='ocrx_word' id='word_1_490' title='bbox 2999 3295 3154 3365; x_wconf 86' lang='lat' dir='ltr'><strong>cujus</strong></span> <span class='ocrx_word' id='word_1_491' title='bbox 3191 3296 3355 3349; x_wconf 91' lang='lat' dir='ltr'><strong>etiam</strong></span> <span class='ocrx_word' id='word_1_492' title='bbox 3404 3308 3600 3349; x_wconf 88' lang='lat' dir='ltr'><strong>nomen</strong></span> <span class='ocrx_word' id='word_1_493' title='bbox 3631 3308 3661 3346; x_wconf 85' lang='lat' dir='ltr'><strong>a</strong></span> 
     </span>
    </p>
   </div>
   <div class='ocr_carea' id='block_1_68' title="bbox 412 3384 1991 3462">
    <p class='ocr_par' dir='ltr' id='par_1_68' title="bbox 412 3389 1988 3462">
     <span class='ocr_line' id='line_1_68' title="bbox 412 3389 1988 3462; baseline -0.001 -19"><span class='ocrx_word' id='word_1_494' title='bbox 412 3389 586 3460; x_wconf 78' lang='grc' dir='ltr'>κόπῳ,</span> <span class='ocrx_word' id='word_1_495' title='bbox 640 3390 920 3443; x_wconf 78' lang='grc' dir='ltr'>νεανίσκον</span> <span class='ocrx_word' id='word_1_496' title='bbox 965 3391 1150 3444; x_wconf 79' lang='grc' dir='ltr'>ἱκανὸν</span> <span class='ocrx_word' id='word_1_497' title='bbox 1202 3389 1282 3460; x_wconf 84' lang='grc' dir='ltr'>τῷ</span> <span class='ocrx_word' id='word_1_498' title='bbox 1334 3389 1568 3460; x_wconf 86' lang='grc' dir='ltr'>σώματι,</span> <span class='ocrx_word' id='word_1_499' title='bbox 1611 3390 1704 3444; x_wconf 78' lang='grc' dir='ltr'>καὶ</span> <span class='ocrx_word' id='word_1_500' title='bbox 1735 3390 1834 3462; x_wconf 76' lang='grc' dir='ltr'>τὴν</span> <span class='ocrx_word' id='word_1_501' title='bbox 1865 3389 1988 3460; x_wconf 74' lang='grc' dir='ltr'>ὄψιν</span> 
     </span>
    </p>
   </div>
   <div class='ocr_carea' id='block_1_69' title="bbox 2078 3384 3663 3462">
    <p class='ocr_par' dir='ltr' id='par_1_69' title="bbox 2094 3384 3663 3455">
     <span class='ocr_line' id='line_1_69' title="bbox 2094 3384 3663 3455; baseline -0.006 -9"><span class='ocrx_word' id='word_1_502' title='bbox 2094 3389 2370 3446; x_wconf 89' lang='lat' dir='ltr'><strong>nonnullis</strong></span> <span class='ocrx_word' id='word_1_503' title='bbox 2400 3388 2658 3454; x_wconf 81' lang='lat' dir='ltr'><strong>refertur,</strong></span> <span class='ocrx_word' id='word_1_504' title='bbox 2691 3386 2997 3455; x_wconf 82' lang='lat' dir='ltr'><strong>fratresque</strong></span> <span class='ocrx_word' id='word_1_505' title='bbox 3017 3385 3129 3441; x_wconf 90' lang='lat' dir='ltr'><strong>suis</strong></span> <span class='ocrx_word' id='word_1_506' title='bbox 3160 3384 3500 3441; x_wconf 88' lang='lat' dir='ltr'><strong>sermonibus</strong></span> <span class='ocrx_word' id='word_1_507' title='bbox 3530 3398 3663 3438; x_wconf 87' lang='lat' dir='ltr'><strong>con-</strong></span> 
     </span>
    </p>
   </div>
   <div class='ocr_carea' id='block_1_70' title="bbox 414 3472 1991 3551">
    <p class='ocr_par' dir='ltr' id='par_1_70' title="bbox 414 3472 1991 3551">
     <span class='ocr_line' id='line_1_70' title="bbox 414 3472 1991 3551; baseline 0 -17"><span class='ocrx_word' id='word_1_508' title='bbox 414 3481 652 3544; x_wconf 85' lang='grc' dir='ltr'>ἀστεῖον,</span> <span class='ocrx_word' id='word_1_509' title='bbox 676 3482 771 3535; x_wconf 73' lang='grc' dir='ltr'>καὶ</span> <span class='ocrx_word' id='word_1_510' title='bbox 804 3480 1006 3551; x_wconf 78' lang='grc' dir='ltr'>θερμὸν</span> <span class='ocrx_word' id='word_1_511' title='bbox 1018 3482 1119 3550; x_wconf 81' lang='grc' dir='ltr'>τὴν</span> <span class='ocrx_word' id='word_1_512' title='bbox 1148 3479 1326 3550; x_wconf 73' lang='grc' dir='ltr'>ψυχὴν</span> <span class='ocrx_word' id='word_1_513' title='bbox 1355 3478 1498 3543; x_wconf 78' lang='grc' dir='ltr'>ἰδὼν,</span> <span class='ocrx_word' id='word_1_514' title='bbox 1530 3478 1748 3545; x_wconf 88' lang='grc' dir='ltr'>Τοῦτον,</span> <span class='ocrx_word' id='word_1_515' title='bbox 1768 3481 1892 3551; x_wconf 78' lang='grc' dir='ltr'>ἔφη,</span> <span class='ocrx_word' id='word_1_516' title='bbox 1911 3472 1991 3534; x_wconf 70' lang='lat' dir='ltr'><strong>eoi</strong></span> 
     </span>
    </p>
   </div>
   <div class='ocr_carea' id='block_1_71' title="bbox 2078 3472 3659 3551">
    <p class='ocr_par' dir='ltr' id='par_1_71' title="bbox 2095 3473 3659 3543">
     <span class='ocr_line' id='line_1_71' title="bbox 2095 3473 3659 3543; baseline -0.007 -6"><span class='ocrx_word' id='word_1_517' title='bbox 2095 3480 2299 3537; x_wconf 83' lang='lat' dir='ltr'><strong>solatus</strong></span> <span class='ocrx_word' id='word_1_518' title='bbox 2331 3478 2543 3543; x_wconf 86' lang='lat' dir='ltr'><strong>fuisset,</strong></span> <span class='ocrx_word' id='word_1_519' title='bbox 2570 3479 2639 3532; x_wconf 90' lang='lat' dir='ltr'><strong>ad</strong></span> <span class='ocrx_word' id='word_1_520' title='bbox 2667 3485 2969 3531; x_wconf 76' lang='lat' dir='ltr'><strong>extremum</strong></span> <span class='ocrx_word' id='word_1_521' title='bbox 3016 3476 3132 3529; x_wconf 76' lang='lat' dir='ltr'><strong>viso</strong></span> <span class='ocrx_word' id='word_1_522' title='bbox 3176 3476 3376 3543; x_wconf 89' lang='lat' dir='ltr'><strong>juvene</strong></span> <span class='ocrx_word' id='word_1_523' title='bbox 3420 3473 3659 3543; x_wconf 88' lang='lat' dir='ltr'><strong>quodam</strong></span> 
     </span>
    </p>
   </div>
   <div class='ocr_carea' id='block_1_72' title="bbox 413 3565 1991 3641">
    <p class='ocr_par' dir='ltr' id='par_1_72' title="bbox 413 3568 1991 3641">
     <span class='ocr_line' id='line_1_72' title="bbox 413 3568 1991 3641; baseline 0 -19"><span class='ocrx_word' id='word_1_524' title='bbox 413 3568 927 3639; x_wconf 79' lang='grc' dir='ltr'>παρακατατίθεμαι</span> <span class='ocrx_word' id='word_1_525' title='bbox 951 3569 1089 3639; x_wconf 88' lang='grc' dir='ltr'><strong>μετά</strong></span> <span class='ocrx_word' id='word_1_526' title='bbox 1120 3569 1300 3640; x_wconf 82' lang='grc' dir='ltr'>πάσης</span> <span class='ocrx_word' id='word_1_527' title='bbox 1335 3569 1588 3639; x_wconf 85' lang='grc' dir='ltr'>σπουδῆς,</span> <span class='ocrx_word' id='word_1_528' title='bbox 1627 3570 1720 3622; x_wconf 74' lang='grc' dir='ltr'><strong>ἐπὶ</strong></span> <span class='ocrx_word' id='word_1_529' title='bbox 1750 3571 1849 3641; x_wconf 83' lang='grc' dir='ltr'><strong>τῆς</strong></span> <span class='ocrx_word' id='word_1_530' title='bbox 1874 3570 1991 3623; x_wconf 88' lang='grc' dir='ltr'>Ἐκ-</span> 
     </span>
    </p>
   </div>
   <div class='ocr_carea' id='block_1_73' title="bbox 2078 3565 3662 3641">
    <p class='ocr_par' dir='ltr' id='par_1_73' title="bbox 2098 3565 3662 3639">
     <span class='ocr_line' id='line_1_73' title="bbox 2098 3565 3662 3639; baseline -0.004 -14"><span class='ocrx_word' id='word_1_531' title='bbox 2098 3579 2304 3625; x_wconf 79' lang='lat' dir='ltr'><strong>statura</strong></span> <span class='ocrx_word' id='word_1_532' title='bbox 2327 3570 2575 3639; x_wconf 89' lang='lat' dir='ltr'><strong>corporis</strong></span> <span class='ocrx_word' id='word_1_533' title='bbox 2617 3568 2857 3638; x_wconf 87' lang='lat' dir='ltr'><strong>egregio,</strong></span> <span class='ocrx_word' id='word_1_534' title='bbox 2896 3565 3044 3619; x_wconf 84' lang='lat' dir='ltr'><strong>vultu</strong></span> <span class='ocrx_word' id='word_1_535' title='bbox 3095 3580 3201 3620; x_wconf 92' lang='lat' dir='ltr'><strong>non</strong></span> <span class='ocrx_word' id='word_1_536' title='bbox 3262 3565 3571 3631; x_wconf 87' lang='lat' dir='ltr'><strong>invenusto,</strong></span> <span class='ocrx_word' id='word_1_537' title='bbox 3605 3571 3662 3619; x_wconf 89' lang='lat' dir='ltr'><strong>et</strong></span> 
     </span>
    </p>
   </div>
   <div class='ocr_carea' id='block_1_74' title="bbox 415 3656 1991 3729">
    <p class='ocr_par' dir='ltr' id='par_1_74' title="bbox 415 3656 1988 3729">
     <span class='ocr_line' id='line_1_74' title="bbox 415 3656 1988 3729; baseline 0.003 -20"><span class='ocrx_word' id='word_1_538' title='bbox 415 3656 643 3725; x_wconf 86' lang='grc' dir='ltr'>κλησίας</span> <span class='ocrx_word' id='word_1_539' title='bbox 671 3656 767 3709; x_wconf 72' lang='grc' dir='ltr'><strong>καὶ</strong></span> <span class='ocrx_word' id='word_1_540' title='bbox 782 3656 876 3709; x_wconf 91' lang='grc' dir='ltr'><strong>τοῦ</strong></span> <span class='ocrx_word' id='word_1_541' title='bbox 896 3656 1133 3727; x_wconf 80' lang='grc' dir='ltr'>Χριστοῦ</span> <span class='ocrx_word' id='word_1_542' title='bbox 1171 3656 1463 3727; x_wconf 86' lang='grc' dir='ltr'>μάρτυρος.</span> <span class='ocrx_word' id='word_1_543' title='bbox 1486 3656 1594 3711; x_wconf 89' lang='grc' dir='ltr'><strong>Τοῦ</strong></span> <span class='ocrx_word' id='word_1_544' title='bbox 1620 3658 1677 3711; x_wconf 89' lang='grc' dir='ltr'>δὲ</span> <span class='ocrx_word' id='word_1_545' title='bbox 1697 3658 1988 3729; x_wconf 83' lang='grc' dir='ltr'>δεχομένου</span> 
     </span>
    </p>
   </div>
   <div class='ocr_carea' id='block_1_75' title="bbox 2078 3656 3657 3729">
    <p class='ocr_par' dir='ltr' id='par_1_75' title="bbox 2096 3658 3657 3729">
     <span class='ocr_line' id='line_1_75' title="bbox 2096 3658 3657 3729; baseline -0.004 -13"><span class='ocrx_word' id='word_1_546' title='bbox 2096 3660 2326 3716; x_wconf 85' lang='lat' dir='ltr'><strong>ferventi</strong></span> <span class='ocrx_word' id='word_1_547' title='bbox 2358 3660 2538 3715; x_wconf 88' lang='lat' dir='ltr'><strong>indole</strong></span> <span class='ocrx_word' id='word_1_548' title='bbox 2589 3659 2833 3729; x_wconf 74' lang='lat' dir='ltr'><strong>praedito,</strong></span> <span class='ocrx_word' id='word_1_549' title='bbox 2874 3672 3169 3713; x_wconf 89' lang='lat' dir='ltr'><strong>conversus</strong></span> <span class='ocrx_word' id='word_1_550' title='bbox 3201 3658 3268 3712; x_wconf 91' lang='lat' dir='ltr'><strong>ad</strong></span> <span class='ocrx_word' id='word_1_551' title='bbox 3325 3671 3446 3712; x_wconf 90' lang='lat' dir='ltr'><strong>eum</strong></span> <span class='ocrx_word' id='word_1_552' title='bbox 3495 3670 3657 3725; x_wconf 88' lang='lat' dir='ltr'><strong>quem</strong></span> 
     </span>
    </p>
   </div>
   <div class='ocr_carea' id='block_1_76' title="bbox 416 3746 1991 3821">
    <p class='ocr_par' dir='ltr' id='par_1_76' title="bbox 416 3746 1988 3819">
     <span class='ocr_line' id='line_1_76' title="bbox 416 3746 1988 3819; baseline 0 -16"><span class='ocrx_word' id='word_1_553' title='bbox 416 3748 511 3803; x_wconf 76' lang='grc' dir='ltr'>καὶ</span> <span class='ocrx_word' id='word_1_554' title='bbox 544 3746 701 3802; x_wconf 76' lang='grc' dir='ltr'>πάνθ’</span> <span class='ocrx_word' id='word_1_555' title='bbox 736 3746 1187 3819; x_wconf 83' lang='grc' dir='ltr'>ὑπισχνουμένου,</span> <span class='ocrx_word' id='word_1_556' title='bbox 1222 3748 1313 3803; x_wconf 78' lang='grc' dir='ltr'>καὶ</span> <span class='ocrx_word' id='word_1_557' title='bbox 1341 3748 1501 3803; x_wconf 87' lang='grc' dir='ltr'>πάλιν</span> <span class='ocrx_word' id='word_1_558' title='bbox 1540 3749 1609 3802; x_wconf 88' lang='grc' dir='ltr'>τὰ</span> <span class='ocrx_word' id='word_1_559' title='bbox 1635 3749 1776 3803; x_wconf 74' lang='grc' dir='ltr'>αὐτὰ</span> <span class='ocrx_word' id='word_1_560' title='bbox 1816 3750 1988 3803; x_wconf 85' lang='grc' dir='ltr'>διελέ-</span> 
     </span>
    </p>
   </div>
   <div class='ocr_carea' id='block_1_77' title="bbox 2078 3746 3666 3821">
    <p class='ocr_par' dir='ltr' id='par_1_77' title="bbox 2093 3748 3666 3821">
     <span class='ocr_line' id='line_1_77' title="bbox 2093 3748 3666 3821; baseline -0.003 -15"><span class='ocrx_word' id='word_1_561' title='bbox 2093 3750 2378 3806; x_wconf 88' lang='lat' dir='ltr'><strong>ordinarat</strong></span> <span class='ocrx_word' id='word_1_562' title='bbox 2399 3751 2714 3821; x_wconf 89' lang='lat' dir='ltr'><strong>episcopum</strong></span> <span class='ocrx_word' id='word_1_563' title='bbox 2749 3767 2762 3803; x_wconf 90' lang='lat'><strong>:</strong></span> <span class='ocrx_word' id='word_1_564' title='bbox 2798 3748 2975 3816; x_wconf 82' lang='lat' dir='ltr'><strong>Hunc,</strong></span> <span class='ocrx_word' id='word_1_565' title='bbox 3005 3749 3202 3819; x_wconf 87' lang='lat' dir='ltr'><strong>inquit,</strong></span> <span class='ocrx_word' id='word_1_566' title='bbox 3228 3763 3410 3803; x_wconf 90' lang='lat' dir='ltr'><strong>coram</strong></span> <span class='ocrx_word' id='word_1_567' title='bbox 3440 3750 3666 3803; x_wconf 77' lang='lat' dir='ltr'><strong>univer-</strong></span> 
     </span>
    </p>
   </div>
   <div class='ocr_carea' id='block_1_78' title="bbox 415 3835 1991 3916">
    <p class='ocr_par' dir='ltr' id='par_1_78' title="bbox 415 3835 1989 3916">
     <span class='ocr_line' id='line_1_78' title="bbox 415 3835 1989 3916; baseline 0.002 -23"><span class='ocrx_word' id='word_1_568' title='bbox 415 3854 544 3909; x_wconf 84' lang='grc' dir='ltr'>γετο</span> <span class='ocrx_word' id='word_1_569' title='bbox 574 3838 669 3892; x_wconf 80' lang='grc' dir='ltr'><strong>καὶ</strong></span> <span class='ocrx_word' id='word_1_570' title='bbox 700 3838 1113 3913; x_wconf 83' lang='grc' dir='ltr'>διεμαρτύρετο.</span> <span class='ocrx_word' id='word_1_571' title='bbox 1148 3835 1281 3894; x_wconf 77' lang='grc' dir='ltr'>Εἶτα</span> <span class='ocrx_word' id='word_1_572' title='bbox 1317 3842 1346 3894; x_wconf 85' lang='grc' dir='ltr'><em>ὁ</em></span> <span class='ocrx_word' id='word_1_573' title='bbox 1395 3840 1493 3911; x_wconf 81' lang='grc' dir='ltr'>μὲν</span> <span class='ocrx_word' id='word_1_574' title='bbox 1534 3842 1742 3913; x_wconf 84' lang='grc' dir='ltr'>ἀπῆρεν</span> <span class='ocrx_word' id='word_1_575' title='bbox 1769 3841 1861 3895; x_wconf 72' lang='grc' dir='ltr'><strong>ἐπὶ</strong></span> <span class='ocrx_word' id='word_1_576' title='bbox 1888 3844 1989 3916; x_wconf 82' lang='grc' dir='ltr'><strong>τὴν</strong></span> 
     </span>
    </p>
   </div>
   <div class='ocr_carea' id='block_1_79' title="bbox 2078 3835 3660 3916">
    <p class='ocr_par' dir='ltr' id='par_1_79' title="bbox 2094 3841 3660 3901">
     <span class='ocr_line' id='line_1_79' title="bbox 2094 3841 3660 3901; baseline -0.004 0"><span class='ocrx_word' id='word_1_577' title='bbox 2094 3861 2151 3901; x_wconf 81' lang='lat' dir='ltr'><strong>sa</strong></span> <span class='ocrx_word' id='word_1_578' title='bbox 2179 3844 2423 3900; x_wconf 90' lang='lat' dir='ltr'><strong>Ecclesia</strong></span> <span class='ocrx_word' id='word_1_579' title='bbox 2471 3852 2528 3900; x_wconf 92' lang='lat' dir='ltr'><strong>et</strong></span> <span class='ocrx_word' id='word_1_580' title='bbox 2556 3844 2655 3899; x_wconf 89' lang='lat' dir='ltr'><strong>sub</strong></span> <span class='ocrx_word' id='word_1_581' title='bbox 2686 3842 2994 3900; x_wconf 90' lang='lat' dir='ltr'><strong>testimonio</strong></span> <span class='ocrx_word' id='word_1_582' title='bbox 3050 3842 3252 3898; x_wconf 86' lang='lat' dir='ltr'><strong>Christi</strong></span> <span class='ocrx_word' id='word_1_583' title='bbox 3293 3841 3533 3897; x_wconf 87' lang='lat' dir='ltr'><strong>studiose</strong></span> <span class='ocrx_word' id='word_1_584' title='bbox 3565 3841 3660 3896; x_wconf 87' lang='lat' dir='ltr'><strong>tibi</strong></span> 
     </span>
    </p>
   </div>
   <div class='ocr_carea' id='block_1_80' title="bbox 492 4013 1994 4085">
    <p class='ocr_par' dir='ltr' id='par_1_80' title="bbox 492 4013 1994 4085">
     <span class='ocr_line' id='line_1_80' title="bbox 492 4013 1994 4085; baseline 0.004 -17"><span class='ocrx_word' id='word_1_585' title='bbox 492 4013 567 4085; x_wconf 91' lang='lat'><strong>(8)</strong></span> <span class='ocrx_word' id='word_1_586' title='bbox 598 4013 709 4069; x_wconf 85' lang='lat' dir='ltr'><strong>Kal</strong></span> <span class='ocrx_word' id='word_1_587' title='bbox 736 4013 961 4085; x_wconf 70' lang='grc' dir='ltr'>πάντες</span> <span class='ocrx_word' id='word_1_588' title='bbox 985 4018 1040 4069; x_wconf 78' lang='grc' dir='ltr'>οἱ</span> <span class='ocrx_word' id='word_1_589' title='bbox 1081 4017 1489 4084; x_wconf 77' lang='grc' dir='ltr'>πρεσϐύτεροι.</span> <span class='ocrx_word' id='word_1_590' title='bbox 1524 4016 1659 4072; x_wconf 88' lang='lat' dir='ltr'><strong>Tres</strong></span> <span class='ocrx_word' id='word_1_591' title='bbox 1695 4018 1866 4073; x_wconf 89' lang='lat' dir='ltr'><strong>nostri</strong></span> <span class='ocrx_word' id='word_1_592' title='bbox 1900 4033 1994 4074; x_wconf 92' lang='lat' dir='ltr'><strong>co-</strong></span> 
     </span>
    </p>
   </div>
   <div class='ocr_carea' id='block_1_81' title="bbox 420 4084 1995 4150">
    <p class='ocr_par' dir='ltr' id='par_1_81' title="bbox 420 4084 1995 4150">
     <span class='ocr_line' id='line_1_81' title="bbox 420 4084 1995 4150; baseline 0.003 -12"><span class='ocrx_word' id='word_1_593' title='bbox 420 4084 591 4149; x_wconf 78' lang='lat' dir='ltr'><strong>dices,</strong></span> <span class='ocrx_word' id='word_1_594' title='bbox 622 4085 785 4149; x_wconf 81' lang='lat' dir='ltr'><strong>Maz.,</strong></span> <span class='ocrx_word' id='word_1_595' title='bbox 816 4084 952 4139; x_wconf 82' lang='lat' dir='ltr'><strong>Med.</strong></span> <span class='ocrx_word' id='word_1_596' title='bbox 984 4099 1050 4139; x_wconf 83' lang='lat' dir='ltr'><strong>ac</strong></span> <span class='ocrx_word' id='word_1_597' title='bbox 1079 4085 1237 4150; x_wconf 85' lang='lat' dir='ltr'><strong>Fuk.,</strong></span> <span class='ocrx_word' id='word_1_598' title='bbox 1262 4102 1447 4139; x_wconf 87' lang='lat' dir='ltr'><strong>vocem</strong></span> <span class='ocrx_word' id='word_1_599' title='bbox 1503 4088 1836 4142; x_wconf 88' lang='lat' dir='ltr'><strong>interserunt</strong></span> <span class='ocrx_word' id='word_1_600' title='bbox 1892 4088 1995 4143; x_wconf 89' lang='lat' dir='ltr'><strong>hoc</strong></span> 
     </span>
    </p>
   </div>
   <div class='ocr_carea' id='block_1_82' title="bbox 419 4153 1982 4227">
    <p class='ocr_par' dir='ltr' id='par_1_82' title="bbox 419 4153 1982 4227">
     <span class='ocr_line' id='line_1_82' title="bbox 419 4153 1982 4227; baseline 0.001 -18"><span class='ocrx_word' id='word_1_601' title='bbox 419 4155 604 4221; x_wconf 88' lang='lat' dir='ltr'><strong>modo,</strong></span> <span class='ocrx_word' id='word_1_602' title='bbox 641 4158 737 4210; x_wconf 75' lang='grc' dir='ltr'><strong>καὶ</strong></span> <span class='ocrx_word' id='word_1_603' title='bbox 760 4154 960 4227; x_wconf 76' lang='grc' dir='ltr'>πάντες</span> <span class='ocrx_word' id='word_1_604' title='bbox 988 4153 1044 4207; x_wconf 83' lang='grc' dir='ltr'>δὲ</span> <span class='ocrx_word' id='word_1_605' title='bbox 1070 4158 1119 4209; x_wconf 81' lang='grc' dir='ltr'>οἱ</span> <span class='ocrx_word' id='word_1_606' title='bbox 1148 4156 1528 4227; x_wconf 76' lang='grc' dir='ltr'>πρεσϐύτεροι.</span> <span class='ocrx_word' id='word_1_607' title='bbox 1560 4156 1737 4212; x_wconf 89' lang='lat' dir='ltr'><strong>Locus</strong></span> <span class='ocrx_word' id='word_1_608' title='bbox 1761 4158 1848 4211; x_wconf 92' lang='lat' dir='ltr'><strong>hic</strong></span> <span class='ocrx_word' id='word_1_609' title='bbox 1872 4156 1982 4211; x_wconf 86' lang='lat' dir='ltr'><strong>Ire-</strong></span> 
     </span>
    </p>
   </div>
   <div class='ocr_carea' id='block_1_83' title="bbox 419 4225 1982 4296">
    <p class='ocr_par' dir='ltr' id='par_1_83' title="bbox 419 4225 1982 4296">
     <span class='ocr_line' id='line_1_83' title="bbox 419 4225 1982 4296; baseline 0.001 -17"><span class='ocrx_word' id='word_1_610' title='bbox 419 4227 524 4279; x_wconf 70' lang='grc' dir='ltr'>τικί</span> <span class='ocrx_word' id='word_1_611' title='bbox 564 4235 742 4280; x_wconf 82' lang='lat' dir='ltr'><strong>exstat</strong></span> <span class='ocrx_word' id='word_1_612' title='bbox 768 4226 822 4296; x_wconf 88' lang='lat' dir='ltr'><strong>in</strong></span> <span class='ocrx_word' id='word_1_613' title='bbox 851 4225 943 4279; x_wconf 89' lang='lat' dir='ltr'><strong>lib.</strong></span> <span class='ocrx_word' id='word_1_614' title='bbox 969 4240 1031 4291; x_wconf 87' lang='grc' dir='ltr'><strong>ιι,</strong></span> <span class='ocrx_word' id='word_1_615' title='bbox 1061 4242 1181 4296; x_wconf 85' lang='lat' dir='ltr'><strong>cap.</strong></span> <span class='ocrx_word' id='word_1_616' title='bbox 1213 4227 1303 4289; x_wconf 80' lang='lat'><strong>59,</strong></span> <span class='ocrx_word' id='word_1_617' title='bbox 1332 4225 1687 4282; x_wconf 33' lang='lat' dir='ltr'><strong>ubi‘lrenaeus</strong></span> <span class='ocrx_word' id='word_1_618' title='bbox 1719 4227 1982 4296; x_wconf 85' lang='lat' dir='ltr'><strong>disputat‘,</strong></span> 
     </span>
    </p>
   </div>
   <div class='ocr_carea' id='block_1_84' title="bbox 418 4295 1988 4364">
    <p class='ocr_par' dir='ltr' id='par_1_84' title="bbox 418 4295 1988 4364">
     <span class='ocr_line' id='line_1_84' title="bbox 418 4295 1988 4364; baseline 0.001 -16"><span class='ocrx_word' id='word_1_619' title='bbox 418 4304 557 4364; x_wconf 91' lang='lat' dir='ltr'><strong>quot</strong></span> <span class='ocrx_word' id='word_1_620' title='bbox 590 4310 763 4350; x_wconf 87' lang='lat' dir='ltr'><strong>annos</strong></span> <span class='ocrx_word' id='word_1_621' title='bbox 808 4295 862 4349; x_wconf 89' lang='lat' dir='ltr'><strong>in</strong></span> <span class='ocrx_word' id='word_1_622' title='bbox 917 4296 1078 4351; x_wconf 88' lang='lat' dir='ltr'><strong>terris</strong></span> <span class='ocrx_word' id='word_1_623' title='bbox 1128 4295 1330 4349; x_wconf 78' lang='lat' dir='ltr'><strong>vixerit</strong></span> <span class='ocrx_word' id='word_1_624' title='bbox 1366 4297 1639 4362; x_wconf 83' lang='lat' dir='ltr'><strong>Christus,</strong></span> <span class='ocrx_word' id='word_1_625' title='bbox 1677 4307 1731 4351; x_wconf 90' lang='lat' dir='ltr'><strong>et</strong></span> <span class='ocrx_word' id='word_1_626' title='bbox 1755 4295 1823 4351; x_wconf 78' lang='lat' dir='ltr'><strong>ex</strong></span> <span class='ocrx_word' id='word_1_627' title='bbox 1848 4297 1988 4351; x_wconf 81' lang='lat' dir='ltr'><strong>rela-</strong></span> 
     </span>
    </p>
   </div>
   <div class='ocr_carea' id='block_1_85' title="bbox 430 4364 1985 4436">
    <p class='ocr_par' dir='ltr' id='par_1_85' title="bbox 430 4364 1985 4436">
     <span class='ocr_line' id='line_1_85' title="bbox 430 4364 1985 4436; baseline 0.001 -19"><span class='ocrx_word' id='word_1_628' title='bbox 430 4366 577 4436; x_wconf 76' lang='lat' dir='ltr'><strong>tione</strong></span> <span class='ocrx_word' id='word_1_629' title='bbox 610 4366 887 4420; x_wconf 88' lang='lat' dir='ltr'><strong>seniorum</strong></span> <span class='ocrx_word' id='word_1_630' title='bbox 928 4365 1021 4433; x_wconf 90' lang='lat' dir='ltr'><strong>qui</strong></span> <span class='ocrx_word' id='word_1_631' title='bbox 1072 4379 1194 4420; x_wconf 92' lang='lat' dir='ltr'><strong>cum</strong></span> <span class='ocrx_word' id='word_1_632' title='bbox 1227 4364 1434 4436; x_wconf 89' lang='lat' dir='ltr'><strong>Joanne</strong></span> <span class='ocrx_word' id='word_1_633' title='bbox 1481 4366 1729 4436; x_wconf 86' lang='lat' dir='ltr'><strong>apostolo</strong></span> <span class='ocrx_word' id='word_1_634' title='bbox 1759 4366 1813 4420; x_wconf 92' lang='lat' dir='ltr'><strong>in</strong></span> <span class='ocrx_word' id='word_1_635' title='bbox 1860 4366 1985 4420; x_wconf 86' lang='lat' dir='ltr'><strong>Asia</strong></span> 
     </span>
    </p>
   </div>
   <div class='ocr_carea' id='block_1_86' title="bbox 426 4434 1986 4505">
    <p class='ocr_par' dir='ltr' id='par_1_86' title="bbox 426 4434 1986 4505">
     <span class='ocr_line' id='line_1_86' title="bbox 426 4434 1986 4505; baseline 0.002 -20"><span class='ocrx_word' id='word_1_636' title='bbox 426 4434 770 4489; x_wconf 89' lang='lat' dir='ltr'><strong>familiariter</strong></span> <span class='ocrx_word' id='word_1_637' title='bbox 795 4435 1067 4499; x_wconf 66' lang='lat' dir='ltr'><strong>vixerant,</strong></span> <span class='ocrx_word' id='word_1_638' title='bbox 1122 4436 1318 4490; x_wconf 89' lang='lat' dir='ltr'><strong>asserit</strong></span> <span class='ocrx_word' id='word_1_639' title='bbox 1365 4434 1640 4491; x_wconf 79' lang='lat' dir='ltr'><strong>Christum</strong></span> <span class='ocrx_word' id='word_1_640' title='bbox 1675 4436 1794 4505; x_wconf 92' lang='lat' dir='ltr'><strong>plus</strong></span> <span class='ocrx_word' id='word_1_641' title='bbox 1825 4451 1986 4505; x_wconf 89' lang='lat' dir='ltr'><strong>quam</strong></span> 
     </span>
    </p>
   </div>
   <div class='ocr_carea' id='block_1_87' title="bbox 425 4478 2069 4576">
    <p class='ocr_par' dir='ltr' id='par_1_87' title="bbox 425 4478 2069 4576">
     <span class='ocr_line' id='line_1_87' title="bbox 425 4478 2069 4576; baseline 0.003 -21"><span class='ocrx_word' id='word_1_642' title='bbox 425 4505 782 4576; x_wconf 74' lang='lat' dir='ltr'><strong>quadraginta</strong></span> <span class='ocrx_word' id='word_1_643' title='bbox 826 4478 1345 4576; x_wconf 40' lang='lat' dir='ltr'><strong>annorh’mwsvp‘al&#39;i&#39;o</strong></span> <span class='ocrx_word' id='word_1_644' title='bbox 1370 4478 1988 4576; x_wconf 45' lang='grc' dir='ltr'><strong>νἶίίἰὶίἶιωρΐιίξτοέιξεξὲ.</strong></span> <span class='ocrx_word' id='word_1_645' title='bbox 2020 4478 2069 4540; x_wconf 79' lang='lat' dir='ltr'><strong>D</strong></span> 
     </span>
    </p>
   </div>
   <div class='ocr_carea' id='block_1_88' title="bbox 431 4572 1990 4644">
    <p class='ocr_par' dir='ltr' id='par_1_88' title="bbox 431 4572 1990 4644">
     <span class='ocr_line' id='line_1_88' title="bbox 431 4572 1990 4644; baseline 0.001 -18"><span class='ocrx_word' id='word_1_646' title='bbox 431 4572 778 4644; x_wconf 33' lang='lat' dir='ltr'><strong>Yerbagejns</strong></span> <span class='ocrx_word' id='word_1_647' title='bbox 826 4574 943 4629; x_wconf 69' lang='lat' dir='ltr'><strong>haec</strong></span> <span class='ocrx_word' id='word_1_648' title='bbox 993 4583 1117 4629; x_wconf 89' lang='lat' dir='ltr'><strong>sunt</strong></span> <span class='ocrx_word' id='word_1_649' title='bbox 1163 4572 1229 4630; x_wconf 75' lang='lat' dir='ltr'><strong>ex</strong></span> <span class='ocrx_word' id='word_1_650' title='bbox 1283 4577 1450 4631; x_wconf 88' lang='lat' dir='ltr'><strong>veteri</strong></span> <span class='ocrx_word' id='word_1_651' title='bbox 1504 4572 1990 4644; x_wconf 71' lang='lat' dir='ltr'><strong>interpretatione:</strong></span> 
     </span>
    </p>
   </div>
   <div class='ocr_carea' id='block_1_89' title="bbox 428 4640 1996 4715">
    <p class='ocr_par' dir='ltr' id='par_1_89' title="bbox 428 4640 1996 4715">
     <span class='ocr_line' id='line_1_89' title="bbox 428 4640 1996 4715; baseline 0.004 -22"><span class='ocrx_word' id='word_1_652' title='bbox 428 4640 580 4715; x_wconf 69' lang='lat' dir='ltr'><strong>Sicut</strong></span> <span class='ocrx_word' id='word_1_653' title='bbox 611 4640 956 4715; x_wconf 78' lang='lat' dir='ltr'><strong>Evangelium</strong></span> <span class='ocrx_word' id='word_1_654' title='bbox 982 4654 1028 4697; x_wconf 88' lang='lat' dir='ltr'><strong>et</strong></span> <span class='ocrx_word' id='word_1_655' title='bbox 1051 4660 1225 4699; x_wconf 87' lang='lat' dir='ltr'><strong>omnes</strong></span> <span class='ocrx_word' id='word_1_656' title='bbox 1256 4646 1485 4700; x_wconf 81' lang='lat' dir='ltr'><strong>seniores</strong></span> <span class='ocrx_word' id='word_1_657' title='bbox 1508 4640 1791 4709; x_wconf 81' lang='lat' dir='ltr'><strong>testantur,</strong></span> <span class='ocrx_word' id='word_1_658' title='bbox 1816 4646 1906 4715; x_wconf 85' lang='lat' dir='ltr'><strong>qui</strong></span> <span class='ocrx_word' id='word_1_659' title='bbox 1940 4647 1996 4700; x_wconf 86' lang='lat' dir='ltr'><strong>in</strong></span> 
     </span>
    </p>
   </div>
   <div class='ocr_carea' id='block_1_90' title="bbox 427 4713 1992 4783">
    <p class='ocr_par' dir='ltr' id='par_1_90' title="bbox 427 4713 1992 4783">
     <span class='ocr_line' id='line_1_90' title="bbox 427 4713 1992 4783; baseline 0.001 -17"><span class='ocrx_word' id='word_1_660' title='bbox 427 4713 556 4783; x_wconf 71' lang='lat' dir='ltr'><strong>Asia</strong></span> <span class='ocrx_word' id='word_1_661' title='bbox 585 4714 724 4781; x_wconf 73' lang='lat' dir='ltr'><strong>apud</strong></span> <span class='ocrx_word' id='word_1_662' title='bbox 747 4713 1011 4766; x_wconf 80' lang='lat' dir='ltr'><strong>Joannem</strong></span> <span class='ocrx_word' id='word_1_663' title='bbox 1040 4715 1354 4783; x_wconf 85' lang='lat' dir='ltr'><strong>discipulum</strong></span> <span class='ocrx_word' id='word_1_664' title='bbox 1380 4714 1595 4770; x_wconf 81' lang='lat' dir='ltr'><strong>Domini</strong></span> <span class='ocrx_word' id='word_1_665' title='bbox 1621 4713 1992 4777; x_wconf 85' lang='lat' dir='ltr'><strong>convenerunt,</strong></span> 
     </span>
    </p>
   </div>
   <div class='ocr_carea' id='block_1_91' title="bbox 424 4782 1994 4846">
    <p class='ocr_par' dir='ltr' id='par_1_91' title="bbox 424 4782 1994 4846">
     <span class='ocr_line' id='line_1_91' title="bbox 424 4782 1994 4846; baseline 0.004 -13"><span class='ocrx_word' id='word_1_666' title='bbox 424 4782 481 4833; x_wconf 87' lang='lat' dir='ltr'><strong>id</strong></span> <span class='ocrx_word' id='word_1_667' title='bbox 517 4782 689 4846; x_wconf 81' lang='lat' dir='ltr'><strong>ipsum</strong></span> <span class='ocrx_word' id='word_1_668' title='bbox 738 4783 1020 4837; x_wconf 85' lang='lat' dir='ltr'><strong>tradidisse</strong></span> <span class='ocrx_word' id='word_1_669' title='bbox 1059 4786 1133 4837; x_wconf 89' lang='lat' dir='ltr'><strong>eis</strong></span> <span class='ocrx_word' id='word_1_670' title='bbox 1161 4784 1444 4839; x_wconf 83' lang='lat' dir='ltr'><strong>Joannem.</strong></span> <span class='ocrx_word' id='word_1_671' title='bbox 1482 4783 1786 4839; x_wconf 81' lang='lat' dir='ltr'><strong>Permansit</strong></span> <span class='ocrx_word' id='word_1_672' title='bbox 1819 4793 1994 4839; x_wconf 82' lang='lat' dir='ltr'><strong>autem</strong></span> 
     </span>
    </p>
   </div>
   <div class='ocr_carea' id='block_1_92' title="bbox 427 4851 1470 4922">
    <p class='ocr_par' dir='ltr' id='par_1_92' title="bbox 427 4851 1470 4922">
     <span class='ocr_line' id='line_1_92' title="bbox 427 4851 1470 4922; baseline 0.004 -19"><span class='ocrx_word' id='word_1_673' title='bbox 427 4866 564 4922; x_wconf 4' lang='lat' dir='ltr'><strong>cumq</strong></span> <span class='ocrx_word' id='word_1_674' title='bbox 583 4852 649 4922; x_wconf 86' lang='lat' dir='ltr'><strong>i_i_s</strong></span> <span class='ocrx_word' id='word_1_675' title='bbox 678 4868 843 4922; x_wconf 84' lang='lat' dir='ltr'><strong>usque</strong></span> <span class='ocrx_word' id='word_1_676' title='bbox 861 4853 929 4922; x_wconf 84' lang='lat' dir='ltr'><strong>ad</strong></span> <span class='ocrx_word' id='word_1_677' title='bbox 960 4851 1183 4922; x_wconf 81' lang='lat' dir='ltr'><strong>&#39;I&#39;rajani</strong></span> <span class='ocrx_word' id='word_1_678' title='bbox 1216 4864 1470 4920; x_wconf 83' lang='lat' dir='ltr'><strong>tempora.</strong></span> 
     </span>
    </p>
   </div>
   <div class='ocr_carea' id='block_1_93' title="bbox 500 4919 1998 4993">
    <p class='ocr_par' dir='ltr' id='par_1_93' title="bbox 500 4919 1998 4993">
     <span class='ocr_line' id='line_1_93' title="bbox 500 4919 1998 4993; baseline 0.002 -18"><span class='ocrx_word' id='word_1_679' title='bbox 500 4920 576 4992; x_wconf 85' lang='lat'><strong>(9)</strong></span> <span class='ocrx_word' id='word_1_680' title='bbox 594 4919 907 4993; x_wconf 58' lang='grc' dir='ltr'><strong>Ἶιιιεζςιερὶ</strong></span> <span class='ocrx_word' id='word_1_681' title='bbox 940 4919 1221 4993; x_wconf 15' lang='grc' dir='ltr'><strong>Ἰωᾴὶ-νουί</strong></span> <span class='ocrx_word' id='word_1_682' title='bbox 1240 4919 1345 4978; x_wconf 85' lang='grc' dir='ltr'><strong>τοῦ</strong></span> <span class='ocrx_word' id='word_1_683' title='bbox 1380 4924 1728 4979; x_wconf 72' lang='grc' dir='ltr'>ἀποστόλου</span> <span class='ocrx_word' id='word_1_684' title='bbox 1753 4925 1998 4993; x_wconf 70' lang='grc' dir='ltr'>λεγόμε·</span> 
     </span>
    </p>
   </div>
   <div class='ocr_carea' id='block_1_94' title="bbox 421 4988 1998 5062">
    <p class='ocr_par' dir='ltr' id='par_1_94' title="bbox 421 4988 1998 5062">
     <span class='ocr_line' id='line_1_94' title="bbox 421 4988 1998 5062; baseline 0.003 -17"><span class='ocrx_word' id='word_1_685' title='bbox 421 4988 839 5062; x_wconf 16' lang='grc' dir='ltr'><strong>νοὶθζκαὶίήμῖν</strong></span> <span class='ocrx_word' id='word_1_686' title='bbox 856 4991 1354 5062; x_wconf 51' lang='grc' dir='ltr'>παραδεδομένον.</span> <span class='ocrx_word' id='word_1_687' title='bbox 1391 4995 1445 5048; x_wconf 89' lang='lat' dir='ltr'><strong>In</strong></span> <span class='ocrx_word' id='word_1_688' title='bbox 1475 4996 1645 5048; x_wconf 89' lang='lat' dir='ltr'><strong>tribus</strong></span> <span class='ocrx_word' id='word_1_689' title='bbox 1671 4988 1869 5049; x_wconf 74' lang='lat' dir='ltr'><strong>nostris</strong></span> <span class='ocrx_word' id='word_1_690' title='bbox 1892 4988 1998 5050; x_wconf 70' lang='lat' dir='ltr'><strong>co-</strong></span> 
     </span>
    </p>
   </div>
   <div class='ocr_carea' id='block_1_95' title="bbox 425 5060 1991 5133">
    <p class='ocr_par' dir='ltr' id='par_1_95' title="bbox 425 5060 1991 5133">
     <span class='ocr_line' id='line_1_95' title="bbox 425 5060 1991 5133; baseline 0.004 -20"><span class='ocrx_word' id='word_1_691' title='bbox 425 5063 655 5133; x_wconf 69' lang='lat' dir='ltr'><strong>ilicibus.</strong></span> <span class='ocrx_word' id='word_1_692' title='bbox 673 5061 835 5133; x_wconf 69' lang='lat' dir='ltr'><strong>an.,</strong></span> <span class='ocrx_word' id='word_1_693' title='bbox 857 5060 995 5133; x_wconf 83' lang='lat' dir='ltr'><strong>M_ed.</strong></span> <span class='ocrx_word' id='word_1_694' title='bbox 1020 5079 1083 5115; x_wconf 90' lang='lat' dir='ltr'><strong>ac</strong></span> <span class='ocrx_word' id='word_1_695' title='bbox 1106 5060 1263 5133; x_wconf 55' lang='lat' dir='ltr'><strong>sum,</strong></span> <span class='ocrx_word' id='word_1_696' title='bbox 1283 5064 1369 5118; x_wconf 92' lang='lat' dir='ltr'><strong>hic</strong></span> <span class='ocrx_word' id='word_1_697' title='bbox 1396 5065 1546 5118; x_wconf 89' lang='lat' dir='ltr'><strong>locus</strong></span> <span class='ocrx_word' id='word_1_698' title='bbox 1576 5064 1645 5118; x_wconf 88' lang='lat' dir='ltr'><strong>ita</strong></span> <span class='ocrx_word' id='word_1_699' title='bbox 1681 5064 1991 5133; x_wconf 87' lang='lat' dir='ltr'><strong>legitur.....</strong></span> 
     </span>
    </p>
   </div>
   <div class='ocr_carea' id='block_1_96' title="bbox 423 5130 1997 5205">
    <p class='ocr_par' dir='ltr' id='par_1_96' title="bbox 423 5130 1997 5205">
     <span class='ocr_line' id='line_1_96' title="bbox 423 5130 1997 5205; baseline 0.004 -22"><span class='ocrx_word' id='word_1_700' title='bbox 423 5132 553 5205; x_wconf 78' lang='grc' dir='ltr'>περὶ</span> <span class='ocrx_word' id='word_1_701' title='bbox 567 5131 813 5205; x_wconf 73' lang='grc' dir='ltr'>Ἰωάννου</span> <span class='ocrx_word' id='word_1_702' title='bbox 828 5130 922 5205; x_wconf 81' lang='grc' dir='ltr'><strong>τοῦ</strong></span> <span class='ocrx_word' id='word_1_703' title='bbox 934 5131 1228 5186; x_wconf 89' lang='grc' dir='ltr'>ἀποστόλου</span> <span class='ocrx_word' id='word_1_704' title='bbox 1243 5133 1692 5205; x_wconf 79' lang='grc' dir='ltr'>παραδεδομένον,</span> <span class='ocrx_word' id='word_1_705' title='bbox 1711 5130 1997 5202; x_wconf 61' lang='grc' dir='ltr'>εἰρυηοιίε</span> 
     </span>
    </p>
   </div>
   <div class='ocr_carea' id='block_1_97' title="bbox 428 5202 1989 5325">
    <p class='ocr_par' dir='ltr' id='par_1_97' title="bbox 428 5202 1989 5325">
     <span class='ocr_line' id='line_1_97' title="bbox 428 5202 1989 5325; baseline 0.001 -69"><span class='ocrx_word' id='word_1_706' title='bbox 428 5202 603 5325; x_wconf 40' lang='grc' dir='ltr'><strong>(γζῦυυῖ</strong></span> <span class='ocrx_word' id='word_1_707' title='bbox 633 5202 739 5256; x_wconf 86' lang='lat' dir='ltr'><strong>illis</strong></span> <span class='ocrx_word' id='word_1_708' title='bbox 764 5202 1002 5266; x_wconf 86' lang='lat' dir='ltr'><strong>vocibus,</strong></span> <span class='ocrx_word' id='word_1_709' title='bbox 1036 5219 1159 5273; x_wconf 70' lang='lat' dir='ltr'><strong>qua:</strong></span> <span class='ocrx_word' id='word_1_710' title='bbox 1183 5202 1428 5274; x_wconf 82' lang='lat' dir='ltr'><strong>profecto</strong></span> <span class='ocrx_word' id='word_1_711' title='bbox 1447 5202 1635 5265; x_wconf 80' lang='lat' dir='ltr'><strong>parum</strong></span> <span class='ocrx_word' id='word_1_712' title='bbox 1659 5206 1989 5260; x_wconf 74' lang='lat' dir='ltr'><strong>necessaria:</strong></span> 
     </span>
     <span class='ocr_line' id='line_1_98' title="bbox 461 5286 693 5325; baseline 0 0"><span class='ocrx_word' id='word_1_713' title='bbox 461 5288 474 5325; x_wconf 84' lang='lat' dir='ltr'><strong>t</strong></span> <span class='ocrx_word' id='word_1_714' title='bbox 515 5286 580 5324; x_wconf 92' lang='lat' dir='ltr'><strong>cn</strong></span> <span class='ocrx_word' id='word_1_715' title='bbox 610 5287 693 5325; x_wconf 90' lang='lat' dir='ltr'><strong>ur.</strong></span> 
     </span>
    </p>
   </div>
   <div class='ocr_carea' id='block_1_98' title="bbox 422 5280 693 5325">
    <p class='ocr_par' dir='ltr' id='par_1_98' title="bbox 422 5280 693 5325">
     <span class='ocr_line' id='line_1_99' title="bbox 422 5280 693 5325; baseline 0 0"><span class='ocrx_word' id='word_1_716' title='bbox 422 5280 693 5325; x_wconf 74' lang='lat' dir='ltr'><strong>Videntur.</strong></span> 
     </span>
    </p>
   </div>
   <div class='ocr_carea' id='block_1_99' title="bbox 496 5339 1990 5412">
    <p class='ocr_par' dir='ltr' id='par_1_99' title="bbox 496 5339 1990 5412">
     <span class='ocr_line' id='line_1_100' title="bbox 496 5339 1990 5412; baseline 0.002 -18"><span class='ocrx_word' id='word_1_717' title='bbox 496 5339 786 5412; x_wconf 10' lang='lat' dir='ltr'><strong>(10)7Vulg.</strong></span> <span class='ocrx_word' id='word_1_718' title='bbox 803 5339 953 5396; x_wconf 85' lang='grc' dir='ltr'>ὅπου</span> <span class='ocrx_word' id='word_1_719' title='bbox 974 5341 1042 5396; x_wconf 87' lang='grc' dir='ltr'>δέ</span> <span class='ocrx_word' id='word_1_720' title='bbox 1054 5358 1121 5412; x_wconf 78' lang='grc' dir='ltr'>γε</span> <span class='ocrx_word' id='word_1_721' title='bbox 1134 5346 1362 5411; x_wconf 73' lang='grc' dir='ltr'>κληρον</span> <span class='ocrx_word' id='word_1_722' title='bbox 1374 5359 1481 5397; x_wconf 76' lang='grc' dir='ltr'>ενα</span> <span class='ocrx_word' id='word_1_723' title='bbox 1495 5358 1627 5398; x_wconf 81' lang='grc' dir='ltr'>τινα</span> <span class='ocrx_word' id='word_1_724' title='bbox 1643 5347 1990 5412; x_wconf 72' lang='grc' dir='ltr'>κληρωσων.</span> 
     </span>
    </p>
   </div>
   <div class='ocr_carea' id='block_1_100' title="bbox 425 5410 1991 5482">
    <p class='ocr_par' dir='ltr' id='par_1_100' title="bbox 425 5410 1991 5482">
     <span class='ocr_line' id='line_1_101' title="bbox 425 5410 1991 5482; baseline 0.001 -17"><span class='ocrx_word' id='word_1_725' title='bbox 425 5410 784 5482; x_wconf 45' lang='lat' dir='ltr'><strong>ﬂunc&#39;locnm</strong></span> <span class='ocrx_word' id='word_1_726' title='bbox 811 5428 876 5466; x_wconf 86' lang='lat' dir='ltr'><strong>ex</strong></span> <span class='ocrx_word' id='word_1_727' title='bbox 891 5413 1017 5482; x_wconf 23' lang='lat' dir='ltr'><strong>“ﬁde</strong></span> <span class='ocrx_word' id='word_1_728' title='bbox 1040 5410 1202 5482; x_wconf 78' lang='lat' dir='ltr'><strong>atque</strong></span> <span class='ocrx_word' id='word_1_729' title='bbox 1224 5410 1546 5468; x_wconf 83' lang='lat' dir='ltr'><strong>auctoritate</strong></span> <span class='ocrx_word' id='word_1_730' title='bbox 1567 5415 1725 5469; x_wconf 90' lang='lat' dir='ltr'><strong>trium</strong></span> <span class='ocrx_word' id='word_1_731' title='bbox 1744 5410 1991 5467; x_wconf 83' lang='lat' dir='ltr'><strong>codicum</strong></span> 
     </span>
    </p>
   </div>
   <div class='ocr_carea' id='block_1_101' title="bbox 426 5480 1993 5553">
    <p class='ocr_par' dir='ltr' id='par_1_101' title="bbox 426 5480 1993 5553">
     <span class='ocr_line' id='line_1_102' title="bbox 426 5480 1993 5553; baseline 0.003 -21"><span class='ocrx_word' id='word_1_732' title='bbox 426 5480 758 5553; x_wconf 67' lang='lat' dir='ltr'><strong>Maia.,_Med.</strong></span> <span class='ocrx_word' id='word_1_733' title='bbox 778 5498 863 5553; x_wconf 15' lang='lat' dir='ltr'><strong>rae</strong></span> <span class='ocrx_word' id='word_1_734' title='bbox 889 5481 1028 5537; x_wconf 82' lang='lat' dir='ltr'><strong>Fuk.</strong></span> <span class='ocrx_word' id='word_1_735' title='bbox 1059 5480 1274 5553; x_wconf 77' lang='lat' dir='ltr'><strong>egregie</strong></span> <span class='ocrx_word' id='word_1_736' title='bbox 1293 5484 1649 5549; x_wconf 87' lang='lat' dir='ltr'><strong>restituimus,</strong></span> <span class='ocrx_word' id='word_1_737' title='bbox 1675 5483 1871 5553; x_wconf 89' lang='lat' dir='ltr'><strong>rejecta</strong></span> <span class='ocrx_word' id='word_1_738' title='bbox 1900 5497 1993 5537; x_wconf 50' lang='lat' dir='ltr'><strong>cod</strong></span> 
     </span>
    </p>
   </div>
   <div class='ocr_carea' id='block_1_102' title="bbox 427 5550 1988 5622">
    <p class='ocr_par' dir='ltr' id='par_1_102' title="bbox 427 5550 1988 5622">
     <span class='ocr_line' id='line_1_103' title="bbox 427 5550 1988 5622; baseline 0.003 -18"><span class='ocrx_word' id='word_1_739' title='bbox 427 5552 568 5622; x_wconf 78' lang='lat' dir='ltr'><strong>dicis</strong></span> <span class='ocrx_word' id='word_1_740' title='bbox 593 5550 745 5620; x_wconf 76' lang='lat' dir='ltr'><strong>Regii</strong></span> <span class='ocrx_word' id='word_1_741' title='bbox 774 5552 1032 5617; x_wconf 62' lang='lat' dir='ltr'><strong>lectione,</strong></span> <span class='ocrx_word' id='word_1_742' title='bbox 1064 5550 1356 5622; x_wconf 52' lang='lat' dir='ltr'><strong>q&#39;me&#39;ferri</strong></span> <span class='ocrx_word' id='word_1_743' title='bbox 1386 5553 1607 5622; x_wconf 87' lang='lat' dir='ltr'><strong>omnino</strong></span> <span class='ocrx_word' id='word_1_744' title='bbox 1640 5550 1757 5622; x_wconf 83' lang='lat' dir='ltr'><strong>non</strong></span> <span class='ocrx_word' id='word_1_745' title='bbox 1790 5562 1988 5622; x_wconf 81' lang='lat' dir='ltr'><strong>potest.</strong></span> 
     </span>
    </p>
   </div>
   <div class='ocr_carea' id='block_1_103' title="bbox 428 5620 1995 5694">
    <p class='ocr_par' dir='ltr' id='par_1_103' title="bbox 428 5620 1995 5694">
     <span class='ocr_line' id='line_1_104' title="bbox 428 5620 1995 5694; baseline 0.003 -23"><span class='ocrx_word' id='word_1_746' title='bbox 428 5620 567 5686; x_wconf 87' lang='lat' dir='ltr'><strong>Quid</strong></span> <span class='ocrx_word' id='word_1_747' title='bbox 618 5622 762 5675; x_wconf 89' lang='lat' dir='ltr'><strong>enim</strong></span> <span class='ocrx_word' id='word_1_748' title='bbox 795 5622 1041 5694; x_wconf 13' lang='lat' dir='ltr'><strong>sibirvult</strong></span> <span class='ocrx_word' id='word_1_749' title='bbox 1072 5620 1274 5694; x_wconf 82' lang='grc' dir='ltr'>κλῆρον</span> <span class='ocrx_word' id='word_1_750' title='bbox 1303 5622 1399 5675; x_wconf 70' lang='grc' dir='ltr'>ἕνα</span> <span class='ocrx_word' id='word_1_751' title='bbox 1424 5621 1532 5675; x_wconf 85' lang='grc' dir='ltr'>τῶν</span> <span class='ocrx_word' id='word_1_752' title='bbox 1560 5621 1664 5676; x_wconf 76' lang='grc' dir='ltr'>ὑπὸ</span> <span class='ocrx_word' id='word_1_753' title='bbox 1691 5620 1804 5675; x_wconf 78' lang='grc' dir='ltr'><strong>τοῦ</strong></span> <span class='ocrx_word' id='word_1_754' title='bbox 1830 5620 1995 5676; x_wconf 90' lang='grc' dir='ltr'>Πνεύ-</span> 
     </span>
    </p>
   </div>
   <div class='ocr_carea' id='block_1_104' title="bbox 429 5692 1992 5814">
    <p class='ocr_par' dir='ltr' id='par_1_104' title="bbox 429 5692 1992 5814">
     <span class='ocr_line' id='line_1_105' title="bbox 429 5692 1992 5814; baseline 0.003 -73"><span class='ocrx_word' id='word_1_755' title='bbox 429 5706 598 5814; x_wconf 57' lang='lat' dir='ltr'><strong>raso;</strong></span> <span class='ocrx_word' id='word_1_756' title='bbox 617 5693 1047 5774; x_wconf 68' lang='grc' dir='ltr'>σημαινομένω.</span> <span class='ocrx_word' id='word_1_757' title='bbox 1087 5692 1239 5747; x_wconf 79' lang='lat' dir='ltr'><strong>Atin</strong></span> <span class='ocrx_word' id='word_1_758' title='bbox 1262 5692 1493 5773; x_wconf 72' lang='lat' dir='ltr'><strong>lectione</strong></span> <span class='ocrx_word' id='word_1_759' title='bbox 1518 5707 1675 5761; x_wconf 88' lang='lat' dir='ltr'><strong>quam</strong></span> <span class='ocrx_word' id='word_1_760' title='bbox 1701 5708 1767 5748; x_wconf 89' lang='lat' dir='ltr'><strong>ex</strong></span> <span class='ocrx_word' id='word_1_761' title='bbox 1792 5693 1992 5775; x_wconf 57' lang='lat' dir='ltr'><strong>codici:</strong></span> 
     </span>
     <span class='ocr_line' id='line_1_106' title="bbox 470 5760 1988 5814; baseline 0 0"><span class='ocrx_word' id='word_1_762' title='bbox 470 5776 531 5814; x_wconf 85' lang='lat' dir='ltr'><strong>us</strong></span> <span class='ocrx_word' id='word_1_763' title='bbox 554 5771 913 5814; x_wconf 75' lang='lat' dir='ltr'><strong>restituimus.</strong></span> <span class='ocrx_word' id='word_1_764' title='bbox 943 5766 1102 5814; x_wconf 77' lang='lat' dir='ltr'><strong>plana</strong></span> <span class='ocrx_word' id='word_1_765' title='bbox 1154 5775 1279 5814; x_wconf 87' lang='lat' dir='ltr'><strong>sunt</strong></span> <span class='ocrx_word' id='word_1_766' title='bbox 1320 5778 1524 5814; x_wconf 77' lang='lat' dir='ltr'><strong>omnia.</strong></span> <span class='ocrx_word' id='word_1_767' title='bbox 1570 5760 1677 5814; x_wconf 89' lang='lat' dir='ltr'><strong>Sed</strong></span> <span class='ocrx_word' id='word_1_768' title='bbox 1722 5770 1778 5814; x_wconf 86' lang='lat' dir='ltr'><strong>et</strong></span> <span class='ocrx_word' id='word_1_769' title='bbox 1809 5762 1988 5814; x_wconf 73' lang='lat' dir='ltr'><strong>Rufini</strong></span> 
     </span>
    </p>
   </div>
   <div class='ocr_carea' id='block_1_105' title="bbox 470 5760 1988 5834">
    <p class='ocr_par' dir='ltr' id='par_1_105' title="bbox 470 5760 1988 5834">
     <span class='ocr_line' id='line_1_107' title="bbox 470 5760 1988 5834; baseline 0.003 -21"><span class='ocrx_word' id='word_1_770' title='bbox 470 5776 531 5814; x_wconf 85' lang='lat' dir='ltr'><strong>us</strong></span> <span class='ocrx_word' id='word_1_771' title='bbox 554 5760 914 5832; x_wconf 82' lang='lat' dir='ltr'><strong>restituimus,</strong></span> <span class='ocrx_word' id='word_1_772' title='bbox 943 5766 1102 5834; x_wconf 85' lang='lat' dir='ltr'><strong>plana</strong></span> <span class='ocrx_word' id='word_1_773' title='bbox 1154 5775 1279 5821; x_wconf 86' lang='lat' dir='ltr'><strong>sunt</strong></span> <span class='ocrx_word' id='word_1_774' title='bbox 1320 5760 1541 5820; x_wconf 75' lang='lat' dir='ltr'><strong>omnia.</strong></span> <span class='ocrx_word' id='word_1_775' title='bbox 1570 5760 1677 5821; x_wconf 87' lang='lat' dir='ltr'><strong>Sed</strong></span> <span class='ocrx_word' id='word_1_776' title='bbox 1722 5770 1778 5820; x_wconf 89' lang='lat' dir='ltr'><strong>et</strong></span> <span class='ocrx_word' id='word_1_777' title='bbox 1809 5762 1988 5818; x_wconf 73' lang='lat' dir='ltr'><strong>Ruﬁni</strong></span> 
     </span>
    </p>
   </div>
   <div class='ocr_carea' id='block_1_106' title="bbox 2097 4014 3659 4074">
    <p class='ocr_par' dir='ltr' id='par_1_106' title="bbox 2097 4014 3659 4074">
     <span class='ocr_line' id='line_1_108' title="bbox 2097 4014 3659 4074; baseline -0.001 -2"><span class='ocrx_word' id='word_1_778' title='bbox 2097 4019 2280 4074; x_wconf 87' lang='lat' dir='ltr'><strong>versio</strong></span> <span class='ocrx_word' id='word_1_779' title='bbox 2310 4029 2548 4073; x_wconf 89' lang='lat' dir='ltr'><strong>nostram</strong></span> <span class='ocrx_word' id='word_1_780' title='bbox 2584 4018 3018 4073; x_wconf 86' lang='lat' dir='ltr'><strong>emendationem</strong></span> <span class='ocrx_word' id='word_1_781' title='bbox 3050 4016 3361 4072; x_wconf 85' lang='lat' dir='ltr'><strong>confirmat.</strong></span> <span class='ocrx_word' id='word_1_782' title='bbox 3388 4014 3481 4070; x_wconf 90' lang='lat' dir='ltr'><strong>Sic</strong></span> <span class='ocrx_word' id='word_1_783' title='bbox 3512 4016 3659 4070; x_wconf 89' lang='lat' dir='ltr'><strong>enim</strong></span> 
     </span>
    </p>
   </div>
   <div class='ocr_carea' id='block_1_107' title="bbox 2099 4086 3658 4158">
    <p class='ocr_par' dir='ltr' id='par_1_107' title="bbox 2099 4086 3658 4158">
     <span class='ocr_line' id='line_1_109' title="bbox 2099 4086 3658 4158; baseline -0.004 -15"><span class='ocrx_word' id='word_1_784' title='bbox 2099 4090 2261 4144; x_wconf 87' lang='lat' dir='ltr'><strong>habet</strong></span> <span class='ocrx_word' id='word_1_785' title='bbox 2286 4107 2300 4143; x_wconf 89' lang='lat'><strong>:</strong></span> <span class='ocrx_word' id='word_1_786' title='bbox 2326 4089 2649 4158; x_wconf 61' lang='lat' dir='ltr'><strong>ﬁogabatur</strong></span> <span class='ocrx_word' id='word_1_787' title='bbox 2673 4089 2831 4141; x_wconf 87' lang='lat' dir='ltr'><strong>etiam</strong></span> <span class='ocrx_word' id='word_1_788' title='bbox 2857 4089 3058 4142; x_wconf 85' lang='lat' dir='ltr'><strong>vicinas</strong></span> <span class='ocrx_word' id='word_1_789' title='bbox 3086 4087 3313 4139; x_wconf 87' lang='lat' dir='ltr'><strong>lustrare</strong></span> <span class='ocrx_word' id='word_1_790' title='bbox 3334 4086 3658 4158; x_wconf 71' lang='lat' dir='ltr'><strong>provincias,</strong></span> 
     </span>
    </p>
   </div>
   <div class='ocr_carea' id='block_1_108' title="bbox 2087 4154 3659 4227">
    <p class='ocr_par' dir='ltr' id='par_1_108' title="bbox 2087 4154 3659 4227">
     <span class='ocr_line' id='line_1_110' title="bbox 2087 4154 3659 4227; baseline -0.001 -16"><span class='ocrx_word' id='word_1_791' title='bbox 2087 4175 2192 4227; x_wconf 81' lang='lat' dir='ltr'><strong>quo</strong></span> <span class='ocrx_word' id='word_1_792' title='bbox 2218 4159 2294 4213; x_wconf 78' lang='lat' dir='ltr'><strong>uel</strong></span> <span class='ocrx_word' id='word_1_793' title='bbox 2317 4154 2582 4212; x_wconf 77' lang='lat' dir='ltr'><strong>Ecclesias</strong></span> <span class='ocrx_word' id='word_1_794' title='bbox 2606 4158 2877 4225; x_wconf 79' lang='lat' dir='ltr'><strong>fundaret,</strong></span> <span class='ocrx_word' id='word_1_795' title='bbox 2908 4158 2961 4210; x_wconf 87' lang='lat' dir='ltr'><strong>in</strong></span> <span class='ocrx_word' id='word_1_796' title='bbox 2980 4158 3168 4227; x_wconf 81' lang='lat' dir='ltr'><strong>quibus</strong></span> <span class='ocrx_word' id='word_1_797' title='bbox 3194 4172 3297 4209; x_wconf 88' lang='lat' dir='ltr'><strong>non</strong></span> <span class='ocrx_word' id='word_1_798' title='bbox 3324 4164 3475 4227; x_wconf 82' lang='lat' dir='ltr'><strong>erant</strong></span> <span class='ocrx_word' id='word_1_799' title='bbox 3493 4154 3620 4208; x_wconf 85' lang='lat' dir='ltr'><strong>locis</strong></span> <span class='ocrx_word' id='word_1_800' title='bbox 3637 4170 3659 4209; x_wconf 90' lang='lat'><strong><em>:</em></strong></span> 
     </span>
    </p>
   </div>
   <div class='ocr_carea' id='block_1_109' title="bbox 2090 4225 3658 4298">
    <p class='ocr_par' dir='ltr' id='par_1_109' title="bbox 2090 4225 3658 4298">
     <span class='ocr_line' id='line_1_111' title="bbox 2090 4225 3658 4298; baseline -0.003 -16"><span class='ocrx_word' id='word_1_801' title='bbox 2090 4225 2166 4283; x_wconf 64' lang='lat' dir='ltr'><strong>uel</strong></span> <span class='ocrx_word' id='word_1_802' title='bbox 2197 4230 2251 4281; x_wconf 87' lang='lat' dir='ltr'><strong>in</strong></span> <span class='ocrx_word' id='word_1_803' title='bbox 2275 4228 2459 4298; x_wconf 80' lang='lat' dir='ltr'><strong>quibus</strong></span> <span class='ocrx_word' id='word_1_804' title='bbox 2483 4239 2653 4290; x_wconf 87' lang='lat' dir='ltr'><strong>erant,</strong></span> <span class='ocrx_word' id='word_1_805' title='bbox 2673 4225 3030 4282; x_wconf 72' lang='lat' dir='ltr'><strong>sacerdotibus</strong></span> <span class='ocrx_word' id='word_1_806' title='bbox 3052 4243 3114 4279; x_wconf 86' lang='lat' dir='ltr'><strong>ac</strong></span> <span class='ocrx_word' id='word_1_807' title='bbox 3136 4227 3391 4298; x_wconf 65' lang='lat' dir='ltr'><strong>ministris</strong></span> <span class='ocrx_word' id='word_1_808' title='bbox 3425 4225 3658 4278; x_wconf 83' lang='lat' dir='ltr'><strong>instrue-</strong></span> 
     </span>
    </p>
   </div>
   <div class='ocr_carea' id='block_1_110' title="bbox 2093 4295 3658 4420">
    <p class='ocr_par' dir='ltr' id='par_1_110' title="bbox 2093 4295 3658 4420">
     <span class='ocr_line' id='line_1_112' title="bbox 2093 4295 3658 4420; baseline -0.003 -68"><span class='ocrx_word' id='word_1_809' title='bbox 2093 4308 2208 4420; x_wconf 42' lang='lat' dir='ltr'><strong>re:</strong></span> <span class='ocrx_word' id='word_1_810' title='bbox 2228 4295 2513 4352; x_wconf 77' lang='lat' dir='ltr'><strong>secundum</strong></span> <span class='ocrx_word' id='word_1_811' title='bbox 2533 4298 2671 4368; x_wconf 82' lang='lat' dir='ltr'><strong>quod</strong></span> <span class='ocrx_word' id='word_1_812' title='bbox 2698 4298 2745 4350; x_wconf 85' lang='lat' dir='ltr'><strong>ei</strong></span> <span class='ocrx_word' id='word_1_813' title='bbox 2763 4300 2933 4351; x_wconf 85' lang='lat' dir='ltr'><strong>denuo</strong></span> <span class='ocrx_word' id='word_1_814' title='bbox 2948 4313 3155 4367; x_wconf 85' lang='lat' dir='ltr'><strong>quoque</strong></span> <span class='ocrx_word' id='word_1_815' title='bbox 3181 4295 3415 4360; x_wconf 84' lang='lat' dir='ltr'><strong>Spiritus</strong></span> <span class='ocrx_word' id='word_1_816' title='bbox 3441 4306 3658 4348; x_wconf 80' lang='lat' dir='ltr'><strong>sanctus</strong></span> 
     </span>
     <span class='ocr_line' id='line_1_113' title="bbox 2094 4379 2394 4420; baseline 0 0"><span class='ocrx_word' id='word_1_817' title='bbox 2094 4385 2147 4420; x_wconf 77' lang='lat' dir='ltr'><strong>in</strong></span> <span class='ocrx_word' id='word_1_818' title='bbox 2190 4379 2394 4420; x_wconf 78' lang='lat' dir='ltr'><strong>tcasset.</strong></span> 
     </span>
    </p>
   </div>
   <div class='ocr_carea' id='block_1_111' title="bbox 2094 4379 2394 4421">
    <p class='ocr_par' dir='ltr' id='par_1_111' title="bbox 2094 4379 2394 4421">
     <span class='ocr_line' id='line_1_114' title="bbox 2094 4379 2394 4421; baseline -0.003 -1"><span class='ocrx_word' id='word_1_819' title='bbox 2094 4379 2394 4421; x_wconf 77' lang='lat' dir='ltr'><strong>indicasset.</strong></span> 
     </span>
    </p>
   </div>
   <div class='ocr_carea' id='block_1_112' title="bbox 2168 4432 3660 4509">
    <p class='ocr_par' dir='ltr' id='par_1_112' title="bbox 2168 4432 3660 4509">
     <span class='ocr_line' id='line_1_115' title="bbox 2168 4432 3660 4509; baseline -0.001 -20"><span class='ocrx_word' id='word_1_820' title='bbox 2168 4437 2281 4509; x_wconf 86' lang='grc'><strong>(11)</strong></span> <span class='ocrx_word' id='word_1_821' title='bbox 2302 4433 2408 4504; x_wconf 88' lang='grc' dir='ltr'>Ἦς</span> <span class='ocrx_word' id='word_1_822' title='bbox 2427 4438 2525 4493; x_wconf 77' lang='grc' dir='ltr'>καὶ</span> <span class='ocrx_word' id='word_1_823' title='bbox 2549 4437 2811 4506; x_wconf 77' lang='grc' dir='ltr'>τοῦνομα</span> <span class='ocrx_word' id='word_1_824' title='bbox 2836 4435 3125 4509; x_wconf 55' lang='grc' dir='ltr'><strong>,λέγουσιν</strong></span> <span class='ocrx_word' id='word_1_825' title='bbox 3157 4434 3327 4509; x_wconf 61' lang='grc' dir='ltr'>ἔνιοι.</span> <span class='ocrx_word' id='word_1_826' title='bbox 3371 4432 3660 4509; x_wconf 77' lang='lat' dir='ltr'><strong>Smyrnam</strong></span> 
     </span>
    </p>
   </div>
   <div class='ocr_carea' id='block_1_113' title="bbox 2098 4505 3518 4563">
    <p class='ocr_par' dir='ltr' id='par_1_113' title="bbox 2098 4505 3518 4563">
     <span class='ocr_line' id='line_1_116' title="bbox 2098 4505 3518 4563; baseline -0.004 -2"><span class='ocrx_word' id='word_1_827' title='bbox 2098 4505 2417 4563; x_wconf 27' lang='lat' dir='ltr'><strong>vocat&#39;hanc</strong></span> <span class='ocrx_word' id='word_1_828' title='bbox 2444 4510 2632 4562; x_wconf 87' lang='lat' dir='ltr'><strong>urbem</strong></span> <span class='ocrx_word' id='word_1_829' title='bbox 2660 4505 2850 4561; x_wconf 74' lang='lat' dir='ltr'><strong>auctor</strong></span> <span class='ocrx_word' id='word_1_830' title='bbox 2874 4505 3119 4559; x_wconf 78' lang='lat' dir='ltr'><strong>Chronici</strong></span> <span class='ocrx_word' id='word_1_831' title='bbox 3147 4505 3518 4559; x_wconf 66' lang='lat' dir='ltr'><strong>Alexandrini.</strong></span> 
     </span>
    </p>
   </div>
   <div class='ocr_carea' id='block_1_114' title="bbox 2168 4572 3658 4649">
    <p class='ocr_par' dir='ltr' id='par_1_114' title="bbox 2168 4572 3658 4649">
     <span class='ocr_line' id='line_1_117' title="bbox 2168 4572 3658 4649; baseline -0.003 -19"><span class='ocrx_word' id='word_1_832' title='bbox 2168 4576 2279 4649; x_wconf 62' lang='grc' dir='ltr'><strong>(ω)</strong></span> <span class='ocrx_word' id='word_1_833' title='bbox 2327 4579 2461 4649; x_wconf 57' lang='grc' dir='ltr'><strong>Καὶ</strong></span> <span class='ocrx_word' id='word_1_834' title='bbox 2489 4577 2685 4631; x_wconf 75' lang='grc' dir='ltr'><em>τᾶλλα</em></span> <span class='ocrx_word' id='word_1_835' title='bbox 2729 4576 3087 4649; x_wconf 70' lang='grc' dir='ltr'>ἀναπαύσας</span> <span class='ocrx_word' id='word_1_836' title='bbox 3138 4573 3282 4639; x_wconf 84' lang='grc' dir='ltr'>τοὺς</span> <span class='ocrx_word' id='word_1_837' title='bbox 3333 4572 3658 4649; x_wconf 66' lang='grc' dir='ltr'>ἀδελφούς.</span> 
     </span>
    </p>
   </div>
   <div class='ocr_carea' id='block_1_115' title="bbox 2096 4644 3661 4716">
    <p class='ocr_par' dir='ltr' id='par_1_115' title="bbox 2096 4644 3661 4716">
     <span class='ocr_line' id='line_1_118' title="bbox 2096 4644 3661 4716; baseline -0.003 -15"><span class='ocrx_word' id='word_1_838' title='bbox 2096 4644 2267 4716; x_wconf 76' lang='lat' dir='ltr'><strong>Hujus</strong></span> <span class='ocrx_word' id='word_1_839' title='bbox 2313 4648 2466 4703; x_wconf 88' lang='lat' dir='ltr'><strong>verbi</strong></span> <span class='ocrx_word' id='word_1_840' title='bbox 2520 4649 2627 4701; x_wconf 85' lang='lat' dir='ltr'><strong>vim</strong></span> <span class='ocrx_word' id='word_1_841' title='bbox 2668 4663 2732 4716; x_wconf 77' lang='lat' dir='ltr'><strong>ac</strong></span> <span class='ocrx_word' id='word_1_842' title='bbox 2775 4647 3161 4716; x_wconf 84' lang='lat' dir='ltr'><strong>proprietatem</strong></span> <span class='ocrx_word' id='word_1_843' title='bbox 3222 4660 3326 4716; x_wconf 87' lang='lat' dir='ltr'><strong>non</strong></span> <span class='ocrx_word' id='word_1_844' title='bbox 3388 4644 3661 4716; x_wconf 65' lang='lat' dir='ltr'><strong>intellexit</strong></span> 
     </span>
    </p>
   </div>
   <div class='ocr_carea' id='block_1_116' title="bbox 2094 4711 3658 4787">
    <p class='ocr_par' dir='ltr' id='par_1_116' title="bbox 2094 4711 3658 4787">
     <span class='ocr_line' id='line_1_119' title="bbox 2094 4711 3658 4787; baseline -0.003 -16"><span class='ocrx_word' id='word_1_845' title='bbox 2094 4711 2640 4787; x_wconf 67' lang='lat' dir='ltr'><strong>Cliri&#39;stOpltorsontts.</strong></span> <span class='ocrx_word' id='word_1_846' title='bbox 2669 4711 3136 4787; x_wconf 77' lang='lat' dir='ltr'><strong>Vertit_enimhoc</strong></span> <span class='ocrx_word' id='word_1_847' title='bbox 3163 4715 3322 4787; x_wconf 81' lang='lat' dir='ltr'><strong>modo</strong></span> <span class='ocrx_word' id='word_1_848' title='bbox 3347 4730 3363 4767; x_wconf 90' lang='lat'>:</span> <span class='ocrx_word' id='word_1_849' title='bbox 3388 4711 3530 4787; x_wconf 4' lang='lat' dir='ltr'><strong>Cum,</strong></span> <span class='ocrx_word' id='word_1_850' title='bbox 3542 4712 3658 4787; x_wconf 67' lang='lat' dir='ltr'><strong>alia</strong></span> 
     </span>
    </p>
   </div>
   <div class='ocr_carea' id='block_1_117' title="bbox 2094 4782 3659 4857">
    <p class='ocr_par' dir='ltr' id='par_1_117' title="bbox 2094 4782 3659 4857">
     <span class='ocr_line' id='line_1_120' title="bbox 2094 4782 3659 4857; baseline -0.003 -16"><span class='ocrx_word' id='word_1_851' title='bbox 2094 4782 2504 4857; x_wconf 55' lang='lat' dir='ltr'><strong>qtta&#39;qne&#39;oﬂicia</strong></span> <span class='ocrx_word' id='word_1_852' title='bbox 2533 4803 2652 4855; x_wconf 74' lang='lat' dir='ltr'><strong>qua:</strong></span> <span class='ocrx_word' id='word_1_853' title='bbox 2686 4787 2754 4839; x_wconf 86' lang='lat' dir='ltr'><strong>ad</strong></span> <span class='ocrx_word' id='word_1_854' title='bbox 2773 4785 2975 4857; x_wconf 82' lang='lat' dir='ltr'><strong>animos</strong></span> <span class='ocrx_word' id='word_1_855' title='bbox 3000 4784 3224 4857; x_wconf 76' lang='lat' dir='ltr'><strong>fratrum</strong></span> <span class='ocrx_word' id='word_1_856' title='bbox 3253 4783 3390 4837; x_wconf 85' lang='lat' dir='ltr'><strong>inter</strong></span> <span class='ocrx_word' id='word_1_857' title='bbox 3413 4800 3467 4837; x_wconf 88' lang='lat' dir='ltr'><strong>se</strong></span> <span class='ocrx_word' id='word_1_858' title='bbox 3498 4782 3659 4857; x_wconf 34' lang='lat' dir='ltr'><strong>dissit-</strong></span> 
     </span>
    </p>
   </div>
   <div class='ocr_carea' id='block_1_118' title="bbox 2093 4853 3657 4926">
    <p class='ocr_par' dir='ltr' id='par_1_118' title="bbox 2093 4853 3657 4926">
     <span class='ocr_line' id='line_1_121' title="bbox 2093 4853 3657 4926; baseline -0.004 -15"><span class='ocrx_word' id='word_1_859' title='bbox 2093 4853 2328 4911; x_wconf 78' lang='lat' dir='ltr'><strong>dentium</strong></span> <span class='ocrx_word' id='word_1_860' title='bbox 2350 4853 2706 4911; x_wconf 72' lang='lat' dir='ltr'><strong>conciliandos</strong></span> <span class='ocrx_word' id='word_1_861' title='bbox 2725 4854 3073 4926; x_wconf 80' lang='lat' dir='ltr'><strong>pertinebant,</strong></span> <span class='ocrx_word' id='word_1_862' title='bbox 3104 4854 3335 4926; x_wconf 80' lang='lat' dir='ltr'><strong>obiisset,</strong></span> <span class='ocrx_word' id='word_1_863' title='bbox 3355 4854 3530 4926; x_wconf 69' lang='lat' dir='ltr'><strong>ctc._A</strong></span> <span class='ocrx_word' id='word_1_864' title='bbox 3540 4853 3657 4922; x_wconf 85' lang='lat' dir='ltr'><strong>tqui</strong></span> 
     </span>
    </p>
   </div>
   <div class='ocr_carea' id='block_1_119' title="bbox 2094 4922 3660 4991">
    <p class='ocr_par' dir='ltr' id='par_1_119' title="bbox 2094 4922 3660 4991">
     <span class='ocr_line' id='line_1_122' title="bbox 2094 4922 3660 4991; baseline -0.003 -10"><span class='ocrx_word' id='word_1_865' title='bbox 2094 4929 2344 4982; x_wconf 88' lang='lat' dir='ltr'><strong>Clemens</strong></span> <span class='ocrx_word' id='word_1_866' title='bbox 2394 4928 2526 4982; x_wconf 92' lang='lat' dir='ltr'><strong>nihil</strong></span> <span class='ocrx_word' id='word_1_867' title='bbox 2577 4922 2828 4980; x_wconf 55' lang='lat' dir='ltr'><strong>dixit&#39;de</strong></span> <span class='ocrx_word' id='word_1_868' title='bbox 2865 4926 3096 4977; x_wconf 85' lang='lat' dir='ltr'><strong>fratrum</strong></span> <span class='ocrx_word' id='word_1_869' title='bbox 3146 4925 3446 4978; x_wconf 89' lang='lat' dir='ltr'><strong>discordia.</strong></span> <span class='ocrx_word' id='word_1_870' title='bbox 3474 4922 3660 4991; x_wconf 82' lang='lat' dir='ltr'><strong>Neque</strong></span> 
     </span>
    </p>
   </div>
   <div class='ocr_carea' id='block_1_120' title="bbox 2093 4993 3657 5063">
    <p class='ocr_par' dir='ltr' id='par_1_120' title="bbox 2093 4993 3657 5063">
     <span class='ocr_line' id='line_1_123' title="bbox 2093 4993 3657 5063; baseline -0.003 -14"><span class='ocrx_word' id='word_1_871' title='bbox 2093 5011 2222 5051; x_wconf 81' lang='lat' dir='ltr'><strong>vero</strong></span> <span class='ocrx_word' id='word_1_872' title='bbox 2246 4997 2434 5053; x_wconf 65' lang='lat' dir='ltr'><strong>Graeca</strong></span> <span class='ocrx_word' id='word_1_873' title='bbox 2461 5013 2562 5053; x_wconf 87' lang='lat' dir='ltr'><strong>vox</strong></span> <span class='ocrx_word' id='word_1_874' title='bbox 2588 4994 3004 5049; x_wconf 84' lang='lat' dir='ltr'><strong>conciliationem</strong></span> <span class='ocrx_word' id='word_1_875' title='bbox 3018 4993 3303 5063; x_wconf 59' lang='lat' dir='ltr'><strong>significa,</strong></span> <span class='ocrx_word' id='word_1_876' title='bbox 3331 4996 3425 5049; x_wconf 90' lang='lat' dir='ltr'><strong>sed</strong></span> <span class='ocrx_word' id='word_1_877' title='bbox 3451 5002 3657 5047; x_wconf 80' lang='lat' dir='ltr'><strong>tantum</strong></span> 
     </span>
    </p>
   </div>
   <div class='ocr_carea' id='block_1_121' title="bbox 2094 5062 3661 5135">
    <p class='ocr_par' dir='ltr' id='par_1_121' title="bbox 2094 5062 3661 5135">
     <span class='ocr_line' id='line_1_124' title="bbox 2094 5062 3661 5135; baseline -0.004 -15"><span class='ocrx_word' id='word_1_878' title='bbox 2094 5068 2530 5121; x_wconf 82' lang='lat' dir='ltr'><strong>consolationem.</strong></span> <span class='ocrx_word' id='word_1_879' title='bbox 2574 5068 2661 5118; x_wconf 81' lang='lat' dir='ltr'><strong>Ait</strong></span> <span class='ocrx_word' id='word_1_880' title='bbox 2692 5066 2856 5135; x_wconf 86' lang='lat' dir='ltr'><strong>igitur</strong></span> <span class='ocrx_word' id='word_1_881' title='bbox 2884 5062 3159 5135; x_wconf 83' lang='lat' dir='ltr'><strong>Clemens,</strong></span> <span class='ocrx_word' id='word_1_882' title='bbox 3210 5062 3487 5135; x_wconf 78' lang='lat' dir='ltr'><strong>Joannem</strong></span> <span class='ocrx_word' id='word_1_883' title='bbox 3527 5075 3661 5131; x_wconf 82' lang='lat' dir='ltr'><strong>apo-</strong></span> 
     </span>
    </p>
   </div>
   <div class='ocr_carea' id='block_1_122' title="bbox 2094 5132 3658 5204">
    <p class='ocr_par' dir='ltr' id='par_1_122' title="bbox 2094 5132 3658 5204">
     <span class='ocr_line' id='line_1_125' title="bbox 2094 5132 3658 5204; baseline -0.004 -13"><span class='ocrx_word' id='word_1_884' title='bbox 2094 5138 2440 5204; x_wconf 87' lang='lat' dir='ltr'><strong>stolum,cutn</strong></span> <span class='ocrx_word' id='word_1_885' title='bbox 2461 5137 2515 5190; x_wconf 92' lang='lat' dir='ltr'><strong>in</strong></span> <span class='ocrx_word' id='word_1_886' title='bbox 2544 5135 2687 5189; x_wconf 88' lang='lat' dir='ltr'><strong>illam</strong></span> <span class='ocrx_word' id='word_1_887' title='bbox 2716 5132 2908 5189; x_wconf 77' lang='lat' dir='ltr'><strong>urbem</strong></span> <span class='ocrx_word' id='word_1_888' title='bbox 2934 5134 3190 5199; x_wconf 87' lang='lat' dir='ltr'><strong>venisset,</strong></span> <span class='ocrx_word' id='word_1_889' title='bbox 3214 5134 3410 5188; x_wconf 89' lang='lat' dir='ltr'><strong>fratres</strong></span> <span class='ocrx_word' id='word_1_890' title='bbox 3423 5132 3658 5204; x_wconf 74' lang='lat' dir='ltr'><strong>adventu</strong></span> 
     </span>
    </p>
   </div>
   <div class='ocr_carea' id='block_1_123' title="bbox 2094 5201 3656 5274">
    <p class='ocr_par' dir='ltr' id='par_1_123' title="bbox 2094 5201 3656 5274">
     <span class='ocr_line' id='line_1_126' title="bbox 2094 5201 3656 5274; baseline -0.004 -14"><span class='ocrx_word' id='word_1_891' title='bbox 2094 5220 2194 5260; x_wconf 87' lang='lat' dir='ltr'><strong>suo</strong></span> <span class='ocrx_word' id='word_1_892' title='bbox 2222 5201 2557 5262; x_wconf 80' lang='lat' dir='ltr'><strong>consolatum</strong></span> <span class='ocrx_word' id='word_1_893' title='bbox 2597 5220 2739 5269; x_wconf 80' lang='lat' dir='ltr'><strong>esse,</strong></span> <span class='ocrx_word' id='word_1_894' title='bbox 2767 5220 2890 5259; x_wconf 83' lang='lat' dir='ltr'><strong>cum</strong></span> <span class='ocrx_word' id='word_1_895' title='bbox 2916 5214 3037 5274; x_wconf 85' lang='lat' dir='ltr'><strong>post</strong></span> <span class='ocrx_word' id='word_1_896' title='bbox 3058 5205 3372 5258; x_wconf 88' lang='lat' dir='ltr'><strong>diuturnum</strong></span> <span class='ocrx_word' id='word_1_897' title='bbox 3402 5201 3656 5274; x_wconf 79' lang='lat' dir='ltr'><strong>exsilium</strong></span> 
     </span>
    </p>
   </div>
   <div class='ocr_carea' id='block_1_124' title="bbox 2093 5272 3656 5345">
    <p class='ocr_par' dir='ltr' id='par_1_124' title="bbox 2093 5272 3656 5345">
     <span class='ocr_line' id='line_1_127' title="bbox 2093 5272 3656 5345; baseline -0.004 -16"><span class='ocrx_word' id='word_1_898' title='bbox 2093 5290 2202 5345; x_wconf 92' lang='lat' dir='ltr'><strong>quo</strong></span> <span class='ocrx_word' id='word_1_899' title='bbox 2229 5276 2517 5330; x_wconf 86' lang='lat' dir='ltr'><strong>Domitiani</strong></span> <span class='ocrx_word' id='word_1_900' title='bbox 2544 5276 2846 5345; x_wconf 86' lang='lat' dir='ltr'><strong>principatu</strong></span> <span class='ocrx_word' id='word_1_901' title='bbox 2872 5272 3237 5338; x_wconf 79' lang='lat' dir='ltr'><strong>exsulaverat,</strong></span> <span class='ocrx_word' id='word_1_902' title='bbox 3254 5288 3376 5328; x_wconf 88' lang='lat' dir='ltr'><strong>eum</strong></span> <span class='ocrx_word' id='word_1_903' title='bbox 3402 5272 3656 5345; x_wconf 72' lang='lat' dir='ltr'><strong>reducem</strong></span> 
     </span>
    </p>
   </div>
   <div class='ocr_carea' id='block_1_125' title="bbox 2098 5339 3654 5409">
    <p class='ocr_par' dir='ltr' id='par_1_125' title="bbox 2098 5339 3654 5409">
     <span class='ocr_line' id='line_1_128' title="bbox 2098 5339 3654 5409; baseline -0.006 -10"><span class='ocrx_word' id='word_1_904' title='bbox 2098 5339 2312 5401; x_wconf 74' lang='lat' dir='ltr'><strong>tandem</strong></span> <span class='ocrx_word' id='word_1_905' title='bbox 2337 5339 2605 5399; x_wconf 78' lang='lat' dir='ltr'><strong>viderent.</strong></span> <span class='ocrx_word' id='word_1_906' title='bbox 2643 5339 2829 5400; x_wconf 78' lang='lat' dir='ltr'><strong>Poiest</strong></span> <span class='ocrx_word' id='word_1_907' title='bbox 2856 5347 3017 5400; x_wconf 90' lang='lat' dir='ltr'><strong>etiam</strong></span> <span class='ocrx_word' id='word_1_908' title='bbox 3047 5345 3150 5400; x_wconf 92' lang='lat' dir='ltr'><strong>hoc</strong></span> <span class='ocrx_word' id='word_1_909' title='bbox 3175 5345 3395 5398; x_wconf 84' lang='lat' dir='ltr'><strong>verbum</strong></span> <span class='ocrx_word' id='word_1_910' title='bbox 3424 5339 3654 5409; x_wconf 85' lang='lat' dir='ltr'><strong>intelligi</strong></span> 
     </span>
    </p>
   </div>
   <div class='ocr_carea' id='block_1_126' title="bbox 2092 5408 3657 5484">
    <p class='ocr_par' dir='ltr' id='par_1_126' title="bbox 2092 5408 3657 5484">
     <span class='ocr_line' id='line_1_129' title="bbox 2092 5408 3657 5484; baseline -0.008 -13"><span class='ocrx_word' id='word_1_911' title='bbox 2092 5416 2161 5471; x_wconf 89' lang='lat' dir='ltr'><strong>de</strong></span> <span class='ocrx_word' id='word_1_912' title='bbox 2196 5415 2596 5484; x_wconf 70' lang='lat' dir='ltr'><strong>praedicatione,</strong></span> <span class='ocrx_word' id='word_1_913' title='bbox 2624 5429 2728 5483; x_wconf 87' lang='lat' dir='ltr'><strong>qua</strong></span> <span class='ocrx_word' id='word_1_914' title='bbox 2756 5415 2996 5470; x_wconf 89' lang='lat' dir='ltr'><strong>Joannes</strong></span> <span class='ocrx_word' id='word_1_915' title='bbox 3028 5413 3333 5484; x_wconf 78' lang='lat' dir='ltr'><strong>Ecclesiam</strong></span> <span class='ocrx_word' id='word_1_916' title='bbox 3371 5410 3524 5484; x_wconf 78' lang='lat' dir='ltr'><strong>illius</strong></span> <span class='ocrx_word' id='word_1_917' title='bbox 3550 5408 3657 5484; x_wconf 76' lang='lat' dir='ltr'><strong>loci</strong></span> 
     </span>
    </p>
   </div>
   <div class='ocr_carea' id='block_1_127' title="bbox 2092 5476 3655 5551">
    <p class='ocr_par' dir='ltr' id='par_1_127' title="bbox 2092 5476 3655 5551">
     <span class='ocr_line' id='line_1_130' title="bbox 2092 5476 3655 5551; baseline -0.007 -10"><span class='ocrx_word' id='word_1_918' title='bbox 2092 5476 2407 5541; x_wconf 75' lang='lat' dir='ltr'><strong>consolatus</strong></span> <span class='ocrx_word' id='word_1_919' title='bbox 2435 5493 2537 5540; x_wconf 90' lang='lat' dir='ltr'><strong>est.</strong></span> <span class='ocrx_word' id='word_1_920' title='bbox 2569 5476 2748 5541; x_wconf 77' lang='lat' dir='ltr'><strong>Utitur</strong></span> <span class='ocrx_word' id='word_1_921' title='bbox 2767 5489 2961 5541; x_wconf 89' lang='lat' dir='ltr'><strong>eadem</strong></span> <span class='ocrx_word' id='word_1_922' title='bbox 2986 5496 3117 5537; x_wconf 86' lang='lat' dir='ltr'><strong>voce</strong></span> <span class='ocrx_word' id='word_1_923' title='bbox 3147 5476 3655 5551; x_wconf 79' lang='lat' dir='ltr'><strong>Hegesippus_i_nfra</strong></span> 
     </span>
    </p>
   </div>
   <div class='ocr_carea' id='block_1_128' title="bbox 2094 5545 3655 5622">
    <p class='ocr_par' dir='ltr' id='par_1_128' title="bbox 2094 5545 3655 5622">
     <span class='ocr_line' id='line_1_131' title="bbox 2094 5545 3655 5622; baseline -0.006 -14"><span class='ocrx_word' id='word_1_924' title='bbox 2094 5556 2187 5611; x_wconf 78' lang='lat' dir='ltr'><strong>lib.</strong></span> <span class='ocrx_word' id='word_1_925' title='bbox 2213 5572 2283 5620; x_wconf 86' lang='lat' dir='ltr'><strong>tv,</strong></span> <span class='ocrx_word' id='word_1_926' title='bbox 2325 5570 2444 5622; x_wconf 89' lang='lat' dir='ltr'><strong>cap.</strong></span> <span class='ocrx_word' id='word_1_927' title='bbox 2470 5554 2562 5614; x_wconf 75' lang='lat'><strong>2&#39;2.</strong></span> <span class='ocrx_word' id='word_1_928' title='bbox 2598 5554 2768 5611; x_wconf 89' lang='lat' dir='ltr'><strong>Porro</strong></span> <span class='ocrx_word' id='word_1_929' title='bbox 2807 5556 2860 5610; x_wconf 90' lang='lat' dir='ltr'><strong>in</strong></span> <span class='ocrx_word' id='word_1_930' title='bbox 2904 5553 3187 5609; x_wconf 88' lang='lat' dir='ltr'><strong>codicibus</strong></span> <span class='ocrx_word' id='word_1_931' title='bbox 3231 5545 3437 5622; x_wconf 58' lang='lat' dir='ltr'><strong>ilositfis</strong></span> <span class='ocrx_word' id='word_1_932' title='bbox 3488 5545 3655 5622; x_wconf 61' lang='lat' dir='ltr'><strong>Mam,</strong></span> 
     </span>
    </p>
   </div>
   <div class='ocr_carea' id='block_1_129' title="bbox 2092 5614 3662 5697">
    <p class='ocr_par' dir='ltr' id='par_1_129' title="bbox 2092 5614 3662 5697">
     <span class='ocr_line' id='line_1_132' title="bbox 2092 5614 3662 5697; baseline -0.005 -18"><span class='ocrx_word' id='word_1_933' title='bbox 2092 5624 2233 5682; x_wconf 81' lang='lat' dir='ltr'><strong>Med.</strong></span> <span class='ocrx_word' id='word_1_934' title='bbox 2269 5614 2350 5680; x_wconf 43' lang='lat' dir='ltr'><strong>&#39;ac</strong></span> <span class='ocrx_word' id='word_1_935' title='bbox 2382 5614 2519 5682; x_wconf 75' lang='lat' dir='ltr'><strong>Fuk.</strong></span> <span class='ocrx_word' id='word_1_936' title='bbox 2571 5627 2832 5697; x_wconf 88' lang='lat' dir='ltr'><strong>scriptum</strong></span> <span class='ocrx_word' id='word_1_937' title='bbox 2863 5636 2949 5683; x_wconf 87' lang='lat' dir='ltr'><strong>est</strong></span> <span class='ocrx_word' id='word_1_938' title='bbox 2980 5626 3096 5682; x_wconf 79' lang='lat' dir='ltr'><strong>sine</strong></span> <span class='ocrx_word' id='word_1_939' title='bbox 3121 5620 3445 5691; x_wconf 72' lang='lat' dir='ltr'><strong>apostropha</strong></span> <span class='ocrx_word' id='word_1_940' title='bbox 3470 5614 3662 5672; x_wconf 71' lang='grc' dir='ltr'>καὶτὰ</span> 
     </span>
    </p>
   </div>
   <div class='ocr_carea' id='block_1_130' title="bbox 2092 5697 2963 5768">
    <p class='ocr_par' dir='ltr' id='par_1_130' title="bbox 2092 5697 2963 5768">
     <span class='ocr_line' id='line_1_133' title="bbox 2092 5697 2963 5768; baseline 0.006 -16"><span class='ocrx_word' id='word_1_941' title='bbox 2092 5697 2246 5768; x_wconf 83' lang='grc' dir='ltr'>ἄλλα,</span> <span class='ocrx_word' id='word_1_942' title='bbox 2277 5697 2499 5754; x_wconf 83' lang='lat' dir='ltr'><strong>rectius.</strong></span> <span class='ocrx_word' id='word_1_943' title='bbox 2952 5733 2963 5745; x_wconf 88' lang='lat'><strong>-</strong></span> 
     </span>
    </p>
   </div>
  </div>
