  <div class='ocr_page' id='page_1' title='image "/cluster/home/n/w/nwhite01/storage/ocr_20150623/20:no.2/coo.31924054873009/140.png"; bbox 0 0 4192 6454; ppageno 0'>
   <div class='ocr_carea' id='block_1_1' title="bbox 328 304 431 365">
    <p class='ocr_par' dir='ltr' id='par_1_1' title="bbox 328 304 431 365">
     <span class='ocr_line' id='line_1_1' title="bbox 328 304 431 365; baseline -0.01 0"><span class='ocrx_word' id='word_1_1' title='bbox 328 304 431 365; x_wconf 65' lang='grc'><strong>261</strong></span> 
     </span>
    </p>
   </div>
   <div class='ocr_carea' id='block_1_2' title="bbox 1313 276 2573 369">
    <p class='ocr_par' dir='ltr' id='par_1_2' title="bbox 1313 276 2573 369">
     <span class='ocr_line' id='line_1_2' title="bbox 1313 276 2573 369; baseline -0.005 -10"><span class='ocrx_word' id='word_1_2' title='bbox 1313 302 1661 362; x_wconf 70' lang='grc' dir='ltr'>ηιετοιιιιε</span> <span class='ocrx_word' id='word_1_3' title='bbox 1704 281 2258 369; x_wconf 66' lang='lat' dir='ltr'><strong>ECCLESIAS’fICE</strong></span> <span class='ocrx_word' id='word_1_4' title='bbox 2295 297 2424 355; x_wconf 87' lang='lat' dir='ltr'><strong>LIB.</strong></span> <span class='ocrx_word' id='word_1_5' title='bbox 2462 276 2573 353; x_wconf 62' lang='lat' dir='ltr'><strong>tu.</strong></span> 
     </span>
    </p>
   </div>
   <div class='ocr_carea' id='block_1_3' title="bbox 3470 296 3581 351">
    <p class='ocr_par' dir='ltr' id='par_1_3' title="bbox 3470 296 3581 351">
     <span class='ocr_line' id='line_1_3' title="bbox 3470 296 3581 351; baseline 0 -1"><span class='ocrx_word' id='word_1_6' title='bbox 3470 296 3581 351; x_wconf 67' lang='lat'><strong>263</strong></span> 
     </span>
    </p>
   </div>
   <div class='ocr_carea' id='block_1_4' title="bbox 330 416 1911 500">
    <p class='ocr_par' dir='ltr' id='par_1_4' title="bbox 330 424 1907 500">
     <span class='ocr_line' id='line_1_4' title="bbox 330 424 1907 500; baseline -0.003 -19"><span class='ocrx_word' id='word_1_7' title='bbox 330 428 552 500; x_wconf 81' lang='grc' dir='ltr'>λῃστής.</span> <span class='ocrx_word' id='word_1_8' title='bbox 581 427 691 483; x_wconf 73' lang='grc' dir='ltr'>Καὶ</span> <span class='ocrx_word' id='word_1_9' title='bbox 718 427 810 482; x_wconf 89' lang='grc' dir='ltr'><strong>νῦν</strong></span> <span class='ocrx_word' id='word_1_10' title='bbox 837 426 956 481; x_wconf 88' lang='grc' dir='ltr'><strong>ἀντί</strong></span> <span class='ocrx_word' id='word_1_11' title='bbox 989 426 1086 498; x_wconf 86' lang='grc' dir='ltr'><strong>τῆς</strong></span> <span class='ocrx_word' id='word_1_12' title='bbox 1112 424 1440 498; x_wconf 84' lang='grc' dir='ltr'>Ἑκκλησίας</span> <span class='ocrx_word' id='word_1_13' title='bbox 1462 428 1523 480; x_wconf 86' lang='grc' dir='ltr'><strong>τὸ</strong></span> <span class='ocrx_word' id='word_1_14' title='bbox 1552 427 1675 498; x_wconf 75' lang='grc' dir='ltr'>ὅρος</span> <span class='ocrx_word' id='word_1_15' title='bbox 1723 425 1907 480; x_wconf 87' lang='grc' dir='ltr'>κατεί-</span> 
     </span>
    </p>
   </div>
   <div class='ocr_carea' id='block_1_5' title="bbox 1985 416 3574 500">
    <p class='ocr_par' dir='ltr' id='par_1_5' title="bbox 2007 416 3574 486">
     <span class='ocr_line' id='line_1_5' title="bbox 2007 416 3574 486; baseline -0.003 -10"><span class='ocrx_word' id='word_1_16' title='bbox 2007 437 2127 477; x_wconf 86' lang='lat' dir='ltr'><strong>eam</strong></span> <span class='ocrx_word' id='word_1_17' title='bbox 2150 420 2342 475; x_wconf 86' lang='lat' dir='ltr'><strong>urbem</strong></span> <span class='ocrx_word' id='word_1_18' title='bbox 2375 420 2584 474; x_wconf 90' lang='lat' dir='ltr'><strong>accitus</strong></span> <span class='ocrx_word' id='word_1_19' title='bbox 2611 425 2693 474; x_wconf 83' lang='lat' dir='ltr'><strong>est</strong></span> <span class='ocrx_word' id='word_1_20' title='bbox 2718 416 2982 473; x_wconf 85' lang='lat' dir='ltr'><strong>Joannes.</strong></span> <span class='ocrx_word' id='word_1_21' title='bbox 3010 416 3112 485; x_wconf 85' lang='lat' dir='ltr'><strong>Qui</strong></span> <span class='ocrx_word' id='word_1_22' title='bbox 3146 430 3270 472; x_wconf 90' lang='lat' dir='ltr'><strong>cum</strong></span> <span class='ocrx_word' id='word_1_23' title='bbox 3313 417 3574 486; x_wconf 75' lang='lat' dir='ltr'><strong>venisset,</strong></span> 
     </span>
    </p>
   </div>
   <div class='ocr_carea' id='block_1_6' title="bbox 331 516 1904 589">
    <p class='ocr_par' dir='ltr' id='par_1_6' title="bbox 331 516 1904 589">
     <span class='ocr_line' id='line_1_6' title="bbox 331 516 1904 589; baseline -0.001 -19"><span class='ocrx_word' id='word_1_24' title='bbox 331 517 468 589; x_wconf 75' lang='grc' dir='ltr'>ληφε</span> <span class='ocrx_word' id='word_1_25' title='bbox 516 517 635 589; x_wconf 83' lang='grc' dir='ltr'>μεθ’</span> <span class='ocrx_word' id='word_1_26' title='bbox 680 517 869 587; x_wconf 81' lang='grc' dir='ltr'>ὁμοίου</span> <span class='ocrx_word' id='word_1_27' title='bbox 926 516 1339 588; x_wconf 81' lang='grc' dir='ltr'><strong>στρατιωτικοῦ.</strong></span> <span class='ocrx_word' id='word_1_28' title='bbox 1406 516 1904 588; x_wconf 76' lang='grc' dir='ltr'>Καταρῤηξάμενος</span> 
     </span>
    </p>
   </div>
   <div class='ocr_carea' id='block_1_7' title="bbox 330 605 1907 680">
    <p class='ocr_par' dir='ltr' id='par_1_7' title="bbox 330 605 1907 680">
     <span class='ocr_line' id='line_1_7' title="bbox 330 605 1907 680; baseline -0.002 -17"><span class='ocrx_word' id='word_1_29' title='bbox 330 605 423 663; x_wconf 80' lang='grc' dir='ltr'><strong>οὖν</strong></span> <span class='ocrx_word' id='word_1_30' title='bbox 471 609 570 679; x_wconf 82' lang='grc' dir='ltr'><strong>τὴν</strong></span> <span class='ocrx_word' id='word_1_31' title='bbox 602 608 804 680; x_wconf 79' lang='grc' dir='ltr'>ἐσθῆτα</span> <span class='ocrx_word' id='word_1_32' title='bbox 844 608 874 660; x_wconf 83' lang='grc' dir='ltr'>ὁ</span> <span class='ocrx_word' id='word_1_33' title='bbox 910 608 1248 673; x_wconf 82' lang='grc' dir='ltr'>Ἀπὸστολος,</span> <span class='ocrx_word' id='word_1_34' title='bbox 1310 609 1405 661; x_wconf 72' lang='grc' dir='ltr'><strong>καὶ</strong></span> <span class='ocrx_word' id='word_1_35' title='bbox 1459 608 1597 678; x_wconf 82' lang='grc' dir='ltr'>μετὰ</span> <span class='ocrx_word' id='word_1_36' title='bbox 1665 606 1907 678; x_wconf 76' lang='grc' dir='ltr'><strong>μεγάλης</strong></span> 
     </span>
    </p>
   </div>
   <div class='ocr_carea' id='block_1_8' title="bbox 330 697 1901 772">
    <p class='ocr_par' dir='ltr' id='par_1_8' title="bbox 330 697 1901 772">
     <span class='ocr_line' id='line_1_8' title="bbox 330 697 1901 772; baseline -0.002 -18"><span class='ocrx_word' id='word_1_37' title='bbox 330 701 577 772; x_wconf 86' lang='grc' dir='ltr'>οίμωγῆς</span> <span class='ocrx_word' id='word_1_38' title='bbox 612 700 954 771; x_wconf 79' lang='grc' dir='ltr'><strong>πληξάμενος</strong></span> <span class='ocrx_word' id='word_1_39' title='bbox 981 702 1079 771; x_wconf 81' lang='grc' dir='ltr'><strong>τὴν</strong></span> <span class='ocrx_word' id='word_1_40' title='bbox 1149 699 1411 770; x_wconf 72' lang='grc' dir='ltr'>κεφαλὴν,</span> <span class='ocrx_word' id='word_1_41' title='bbox 1451 698 1628 753; x_wconf 79' lang='grc' dir='ltr'>Καλόν</span> <span class='ocrx_word' id='word_1_42' title='bbox 1660 714 1743 767; x_wconf 92' lang='grc' dir='ltr'><strong>γε,</strong></span> <span class='ocrx_word' id='word_1_43' title='bbox 1777 697 1901 767; x_wconf 78' lang='grc' dir='ltr'>ἔφη,</span> 
     </span>
    </p>
   </div>
   <div class='ocr_carea' id='block_1_9' title="bbox 224 788 1902 865">
    <p class='ocr_par' dir='ltr' id='par_1_9' title="bbox 224 788 1902 865">
     <span class='ocr_line' id='line_1_9' title="bbox 224 788 1902 865; baseline -0.004 -16"><span class='ocrx_word' id='word_1_44' title='bbox 224 792 229 797; x_wconf 77' lang='grc'><strong>’</strong></span> <span class='ocrx_word' id='word_1_45' title='bbox 331 794 547 865; x_wconf 76' lang='grc' dir='ltr'>φύλακα</span> <span class='ocrx_word' id='word_1_46' title='bbox 586 795 685 864; x_wconf 86' lang='grc' dir='ltr'><strong>τῆς</strong></span> <span class='ocrx_word' id='word_1_47' title='bbox 722 791 986 861; x_wconf 80' lang='grc' dir='ltr'>τάδελφοῦ</span> <span class='ocrx_word' id='word_1_48' title='bbox 1038 792 1214 863; x_wconf 80' lang='grc' dir='ltr'>ψυχῆς</span> <span class='ocrx_word' id='word_1_49' title='bbox 1249 791 1359 862; x_wconf 77' lang='grc'>(16)</span> <span class='ocrx_word' id='word_1_50' title='bbox 1404 792 1711 844; x_wconf 79' lang='grc' dir='ltr'><strong>κατέλιπον.</strong></span> <span class='ocrx_word' id='word_1_51' title='bbox 1766 788 1902 843; x_wconf 86' lang='grc' dir='ltr'>Ἀλλ’</span> 
     </span>
    </p>
   </div>
   <div class='ocr_carea' id='block_1_10' title="bbox 331 878 1905 957">
    <p class='ocr_par' dir='ltr' id='par_1_10' title="bbox 331 878 1905 957">
     <span class='ocr_line' id='line_1_10' title="bbox 331 878 1905 957; baseline -0.001 -21"><span class='ocrx_word' id='word_1_52' title='bbox 331 886 497 950; x_wconf 81' lang='grc' dir='ltr'>ἵππος</span> <span class='ocrx_word' id='word_1_53' title='bbox 536 886 635 957; x_wconf 71' lang='grc' dir='ltr'>ἤδη</span> <span class='ocrx_word' id='word_1_54' title='bbox 683 902 774 956; x_wconf 89' lang='grc' dir='ltr'><strong>μοι</strong></span> <span class='ocrx_word' id='word_1_55' title='bbox 825 883 1101 955; x_wconf 81' lang='grc' dir='ltr'><strong>παρέστω,</strong></span> <span class='ocrx_word' id='word_1_56' title='bbox 1150 885 1244 937; x_wconf 75' lang='grc' dir='ltr'><strong>καὶ</strong></span> <span class='ocrx_word' id='word_1_57' title='bbox 1278 882 1498 955; x_wconf 82' lang='grc' dir='ltr'>ἡγεμὼν</span> <span class='ocrx_word' id='word_1_58' title='bbox 1528 881 1759 951; x_wconf 79' lang='grc' dir='ltr'>γινέσθω</span> <span class='ocrx_word' id='word_1_59' title='bbox 1813 878 1905 951; x_wconf 80' lang='grc' dir='ltr'>μοι</span> 
     </span>
    </p>
   </div>
   <div class='ocr_carea' id='block_1_11' title="bbox 329 971 1904 1047">
    <p class='ocr_par' dir='ltr' id='par_1_11' title="bbox 329 971 1904 1047">
     <span class='ocr_line' id='line_1_11' title="bbox 329 971 1904 1047; baseline -0.005 -15"><span class='ocrx_word' id='word_1_60' title='bbox 329 994 415 1041; x_wconf 88' lang='grc' dir='ltr'><strong>τις</strong></span> <span class='ocrx_word' id='word_1_61' title='bbox 443 978 542 1047; x_wconf 85' lang='grc' dir='ltr'><strong>τῆς</strong></span> <span class='ocrx_word' id='word_1_62' title='bbox 569 976 710 1032; x_wconf 86' lang='grc' dir='ltr'>ὁδοῦ.</span> <span class='ocrx_word' id='word_1_63' title='bbox 765 976 1029 1029; x_wconf 88' lang='grc' dir='ltr'>Ἤλαυνεν</span> <span class='ocrx_word' id='word_1_64' title='bbox 1079 974 1266 1047; x_wconf 82' lang='grc' dir='ltr'>ὥσπερ</span> <span class='ocrx_word' id='word_1_65' title='bbox 1312 972 1477 1045; x_wconf 78' lang='grc' dir='ltr'>εἶχεν,</span> <span class='ocrx_word' id='word_1_66' title='bbox 1532 974 1756 1028; x_wconf 77' lang='grc' dir='ltr'>αὐτόθεν</span> <span class='ocrx_word' id='word_1_67' title='bbox 1795 971 1904 1025; x_wconf 78' lang='grc' dir='ltr'><strong>ἀπὸ</strong></span> 
     </span>
    </p>
   </div>
   <div class='ocr_carea' id='block_1_12' title="bbox 331 1060 1903 1136">
    <p class='ocr_par' dir='ltr' id='par_1_12' title="bbox 331 1060 1903 1136">
     <span class='ocr_line' id='line_1_12' title="bbox 331 1060 1903 1136; baseline -0.002 -19"><span class='ocrx_word' id='word_1_68' title='bbox 331 1066 434 1135; x_wconf 86' lang='grc' dir='ltr'><strong>τῆς</strong></span> <span class='ocrx_word' id='word_1_69' title='bbox 473 1065 821 1136; x_wconf 77' lang='grc' dir='ltr'>Ἐκκλησίας.</span> <span class='ocrx_word' id='word_1_70' title='bbox 866 1063 1062 1117; x_wconf 81' lang='grc' dir='ltr'>Ἐλθὼν</span> <span class='ocrx_word' id='word_1_71' title='bbox 1086 1063 1141 1116; x_wconf 82' lang='grc' dir='ltr'>δὲ</span> <span class='ocrx_word' id='word_1_72' title='bbox 1175 1066 1252 1126; x_wconf 86' lang='grc' dir='ltr'><strong>είς</strong></span> <span class='ocrx_word' id='word_1_73' title='bbox 1297 1063 1357 1116; x_wconf 88' lang='grc' dir='ltr'><strong>τὸ</strong></span> <span class='ocrx_word' id='word_1_74' title='bbox 1404 1063 1620 1135; x_wconf 85' lang='grc' dir='ltr'>χωρίον,</span> <span class='ocrx_word' id='word_1_75' title='bbox 1663 1060 1767 1115; x_wconf 84' lang='grc' dir='ltr'><strong>ὑπὸ</strong></span> <span class='ocrx_word' id='word_1_76' title='bbox 1803 1061 1903 1131; x_wconf 86' lang='grc' dir='ltr'><strong>τῆς</strong></span> 
     </span>
    </p>
   </div>
   <div class='ocr_carea' id='block_1_13' title="bbox 334 1154 1900 1229">
    <p class='ocr_par' dir='ltr' id='par_1_13' title="bbox 334 1154 1900 1229">
     <span class='ocr_line' id='line_1_13' title="bbox 334 1154 1900 1229; baseline 0 -20"><span class='ocrx_word' id='word_1_77' title='bbox 334 1156 691 1227; x_wconf 75' lang='grc' dir='ltr'><strong>προφυλακῆς</strong></span> <span class='ocrx_word' id='word_1_78' title='bbox 719 1156 826 1209; x_wconf 76' lang='grc' dir='ltr'><strong>τῶν</strong></span> <span class='ocrx_word' id='word_1_79' title='bbox 869 1154 1080 1229; x_wconf 80' lang='grc' dir='ltr'>λῃστῶν</span> <span class='ocrx_word' id='word_1_80' title='bbox 1114 1156 1416 1219; x_wconf 82' lang='grc' dir='ltr'>ἁλίσκεται,</span> <span class='ocrx_word' id='word_1_81' title='bbox 1473 1157 1610 1227; x_wconf 88' lang='grc' dir='ltr'>μήτε</span> <span class='ocrx_word' id='word_1_82' title='bbox 1664 1155 1900 1225; x_wconf 79' lang='grc' dir='ltr'>φεύγων,</span> 
     </span>
    </p>
   </div>
   <div class='ocr_carea' id='block_1_14' title="bbox 337 1245 1905 1319">
    <p class='ocr_par' dir='ltr' id='par_1_14' title="bbox 337 1245 1905 1319">
     <span class='ocr_line' id='line_1_14' title="bbox 337 1245 1905 1319; baseline -0.003 -17"><span class='ocrx_word' id='word_1_83' title='bbox 337 1250 474 1319; x_wconf 80' lang='grc' dir='ltr'>μήτε</span> <span class='ocrx_word' id='word_1_84' title='bbox 504 1246 960 1319; x_wconf 81' lang='grc' dir='ltr'>παραιτούμενος,</span> <span class='ocrx_word' id='word_1_85' title='bbox 1010 1245 1146 1301; x_wconf 79' lang='grc' dir='ltr'>ἀλλὰ</span> <span class='ocrx_word' id='word_1_86' title='bbox 1212 1246 1350 1317; x_wconf 82' lang='grc' dir='ltr'>βοῶν</span> <span class='ocrx_word' id='word_1_87' title='bbox 1371 1263 1384 1278; x_wconf 88' lang='grc'><strong>·</strong></span> <span class='ocrx_word' id='word_1_88' title='bbox 1456 1246 1578 1299; x_wconf 78' lang='grc' dir='ltr'><strong>Ἐπὶ</strong></span> <span class='ocrx_word' id='word_1_89' title='bbox 1614 1246 1756 1299; x_wconf 86' lang='grc' dir='ltr'>τοῦτ’</span> <span class='ocrx_word' id='word_1_90' title='bbox 1782 1246 1905 1317; x_wconf 79' lang='grc' dir='ltr'><strong>ὲλή-</strong></span> 
     </span>
    </p>
   </div>
   <div class='ocr_carea' id='block_1_15' title="bbox 332 1336 1903 1409">
    <p class='ocr_par' dir='ltr' id='par_1_15' title="bbox 332 1336 1903 1409">
     <span class='ocr_line' id='line_1_15' title="bbox 332 1336 1903 1409; baseline -0.001 -19"><span class='ocrx_word' id='word_1_91' title='bbox 332 1338 487 1402; x_wconf 81' lang='grc' dir='ltr'>λυθα,</span> <span class='ocrx_word' id='word_1_92' title='bbox 550 1338 641 1391; x_wconf 72' lang='grc' dir='ltr'>ἐπὶ</span> <span class='ocrx_word' id='word_1_93' title='bbox 674 1338 765 1391; x_wconf 78' lang='grc' dir='ltr'><strong>τὸν</strong></span> <span class='ocrx_word' id='word_1_94' title='bbox 832 1337 1067 1409; x_wconf 83' lang='grc' dir='ltr'>ἄρχοντα</span> <span class='ocrx_word' id='word_1_95' title='bbox 1106 1336 1259 1407; x_wconf 85' lang='grc' dir='ltr'>ὑμῶν</span> <span class='ocrx_word' id='word_1_96' title='bbox 1311 1336 1615 1404; x_wconf 84' lang='grc' dir='ltr'>ἀναγὰγετέ</span> <span class='ocrx_word' id='word_1_97' title='bbox 1662 1354 1748 1406; x_wconf 90' lang='grc' dir='ltr'><strong>με.</strong></span> <span class='ocrx_word' id='word_1_98' title='bbox 1807 1337 1903 1399; x_wconf 86' lang='grc' dir='ltr'>Ὃς</span> 
     </span>
    </p>
   </div>
   <div class='ocr_carea' id='block_1_16' title="bbox 330 1418 1903 1496">
    <p class='ocr_par' dir='ltr' id='par_1_16' title="bbox 330 1418 1903 1496">
     <span class='ocr_line' id='line_1_16' title="bbox 330 1418 1903 1496; baseline -0.003 -17"><span class='ocrx_word' id='word_1_99' title='bbox 330 1427 467 1491; x_wconf 88' lang='grc' dir='ltr'>τέως</span> <span class='ocrx_word' id='word_1_100' title='bbox 502 1427 689 1496; x_wconf 82' lang='grc' dir='ltr'>ὥσπερ</span> <span class='ocrx_word' id='word_1_101' title='bbox 734 1420 992 1489; x_wconf 81' lang='grc' dir='ltr'>ὦπλιστο,</span> <span class='ocrx_word' id='word_1_102' title='bbox 1046 1418 1327 1494; x_wconf 84' lang='grc' dir='ltr'>ἀνέμενεν.</span> <span class='ocrx_word' id='word_1_103' title='bbox 1374 1423 1461 1486; x_wconf 87' lang='grc' dir='ltr'>Ὠς</span> <span class='ocrx_word' id='word_1_104' title='bbox 1517 1421 1573 1475; x_wconf 80' lang='grc' dir='ltr'>δὲ</span> <span class='ocrx_word' id='word_1_105' title='bbox 1608 1422 1903 1490; x_wconf 76' lang='grc' dir='ltr'>προσιόντα</span> 
     </span>
    </p>
   </div>
   <div class='ocr_carea' id='block_1_17' title="bbox 331 1512 1903 1589">
    <p class='ocr_par' dir='ltr' id='par_1_17' title="bbox 331 1512 1903 1589">
     <span class='ocr_line' id='line_1_17' title="bbox 331 1512 1903 1589; baseline -0.004 -18"><span class='ocrx_word' id='word_1_106' title='bbox 331 1518 591 1589; x_wconf 83' lang='grc' dir='ltr'>ἐγνώρισε</span> <span class='ocrx_word' id='word_1_107' title='bbox 636 1517 727 1570; x_wconf 84' lang='grc' dir='ltr'><strong>τὸν</strong></span> <span class='ocrx_word' id='word_1_108' title='bbox 762 1516 1037 1587; x_wconf 80' lang='grc' dir='ltr'>Ἰωάννην,</span> <span class='ocrx_word' id='word_1_109' title='bbox 1082 1517 1162 1579; x_wconf 73' lang='grc' dir='ltr'>εἰς</span> <span class='ocrx_word' id='word_1_110' title='bbox 1206 1514 1383 1585; x_wconf 79' lang='grc' dir='ltr'>φυγὴν</span> <span class='ocrx_word' id='word_1_111' title='bbox 1421 1512 1689 1575; x_wconf 73' lang='grc' dir='ltr'>αἰδεσθεὶς</span> <span class='ocrx_word' id='word_1_112' title='bbox 1740 1512 1903 1585; x_wconf 80' lang='grc' dir='ltr'>ἐτρά-</span> 
     </span>
    </p>
   </div>
   <div class='ocr_carea' id='block_1_18' title="bbox 332 1603 1902 1677">
    <p class='ocr_par' dir='ltr' id='par_1_18' title="bbox 332 1603 1902 1677">
     <span class='ocr_line' id='line_1_18' title="bbox 332 1603 1902 1677; baseline -0.003 -18"><span class='ocrx_word' id='word_1_113' title='bbox 332 1624 462 1659; x_wconf 89' lang='grc' dir='ltr'>πετο</span> <span class='ocrx_word' id='word_1_114' title='bbox 491 1606 621 1677; x_wconf 81' lang='lat' dir='ltr'><strong>(l7).</strong></span> <span class='ocrx_word' id='word_1_115' title='bbox 664 1606 723 1657; x_wconf 87' lang='lat'><strong>&#39;0</strong></span> <span class='ocrx_word' id='word_1_116' title='bbox 750 1604 808 1658; x_wconf 81' lang='grc' dir='ltr'>δὲ</span> <span class='ocrx_word' id='word_1_117' title='bbox 833 1605 1056 1658; x_wconf 81' lang='grc' dir='ltr'>ἐδίωκεν</span> <span class='ocrx_word' id='word_1_118' title='bbox 1104 1604 1207 1658; x_wconf 80' lang='grc' dir='ltr'>ἀνὰ</span> <span class='ocrx_word' id='word_1_119' title='bbox 1248 1605 1468 1675; x_wconf 81' lang='grc' dir='ltr'>κράτος,</span> <span class='ocrx_word' id='word_1_120' title='bbox 1515 1603 1902 1673; x_wconf 76' lang='grc' dir='ltr'>ἐπιλαθόμενος</span> 
     </span>
    </p>
   </div>
   <div class='ocr_carea' id='block_1_19' title="bbox 329 1694 1897 1769">
    <p class='ocr_par' dir='ltr' id='par_1_19' title="bbox 329 1694 1897 1769">
     <span class='ocr_line' id='line_1_19' title="bbox 329 1694 1897 1769; baseline 0 -20"><span class='ocrx_word' id='word_1_121' title='bbox 329 1698 425 1769; x_wconf 86' lang='grc' dir='ltr'><strong>τῆς</strong></span> <span class='ocrx_word' id='word_1_122' title='bbox 460 1696 674 1769; x_wconf 83' lang='grc' dir='ltr'>ἡλικίας</span> <span class='ocrx_word' id='word_1_123' title='bbox 712 1696 812 1766; x_wconf 86' lang='grc' dir='ltr'><strong>τῆς</strong></span> <span class='ocrx_word' id='word_1_124' title='bbox 845 1695 1062 1761; x_wconf 81' lang='grc' dir='ltr'>ἑαυτοῦ,</span> <span class='ocrx_word' id='word_1_125' title='bbox 1103 1694 1419 1766; x_wconf 85' lang='grc' dir='ltr'>κεκραγώς·</span> <span class='ocrx_word' id='word_1_126' title='bbox 1457 1696 1521 1748; x_wconf 91' lang='grc' dir='ltr'><strong>Τί</strong></span> <span class='ocrx_word' id='word_1_127' title='bbox 1559 1712 1625 1766; x_wconf 85' lang='grc' dir='ltr'><strong>με</strong></span> <span class='ocrx_word' id='word_1_128' title='bbox 1659 1696 1897 1764; x_wconf 78' lang='grc' dir='ltr'>φεύγεις,</span> 
     </span>
    </p>
   </div>
   <div class='ocr_carea' id='block_1_20' title="bbox 2007 509 3573 581">
    <p class='ocr_par' dir='ltr' id='par_1_20' title="bbox 2007 509 3573 581">
     <span class='ocr_line' id='line_1_20' title="bbox 2007 509 3573 581; baseline -0.004 -12"><span class='ocrx_word' id='word_1_129' title='bbox 2007 524 2063 570; x_wconf 89' lang='lat' dir='ltr'><strong>et</strong></span> <span class='ocrx_word' id='word_1_130' title='bbox 2091 514 2307 578; x_wconf 88' lang='lat' dir='ltr'><strong>cuncta,</strong></span> <span class='ocrx_word' id='word_1_131' title='bbox 2353 527 2581 580; x_wconf 79' lang='lat' dir='ltr'><strong>quarunt</strong></span> <span class='ocrx_word' id='word_1_132' title='bbox 2632 511 2807 581; x_wconf 87' lang='lat' dir='ltr'><strong>gratia</strong></span> <span class='ocrx_word' id='word_1_133' title='bbox 2854 512 3164 575; x_wconf 78' lang='lat' dir='ltr'><strong>advenerat,</strong></span> <span class='ocrx_word' id='word_1_134' title='bbox 3219 509 3522 565; x_wconf 89' lang='lat' dir='ltr'><strong>ordinasset</strong></span> <span class='ocrx_word' id='word_1_135' title='bbox 3555 528 3573 563; x_wconf 88' lang='lat'><strong>:</strong></span> 
     </span>
    </p>
   </div>
   <div class='ocr_carea' id='block_1_21' title="bbox 2005 602 3573 677">
    <p class='ocr_par' dir='ltr' id='par_1_21' title="bbox 2005 602 3573 677">
     <span class='ocr_line' id='line_1_21' title="bbox 2005 602 3573 677; baseline -0.005 -16"><span class='ocrx_word' id='word_1_136' title='bbox 2005 607 2266 677; x_wconf 85' lang='lat' dir='ltr'><strong>Agedum,</strong></span> <span class='ocrx_word' id='word_1_137' title='bbox 2293 605 2490 674; x_wconf 88' lang='lat' dir='ltr'><strong>inquit,</strong></span> <span class='ocrx_word' id='word_1_138' title='bbox 2509 604 2952 673; x_wconf 88' lang='lat' dir='ltr'><strong>episcope,redde</strong></span> <span class='ocrx_word' id='word_1_139' title='bbox 2974 603 3238 674; x_wconf 84' lang='lat' dir='ltr'><strong>nobis93</strong></span> <span class='ocrx_word' id='word_1_140' title='bbox 3250 602 3573 674; x_wconf 85' lang='lat' dir='ltr'><strong>depositum,</strong></span> 
     </span>
    </p>
   </div>
   <div class='ocr_carea' id='block_1_22' title="bbox 2007 695 3577 766">
    <p class='ocr_par' dir='ltr' id='par_1_22' title="bbox 2007 695 3577 766">
     <span class='ocr_line' id='line_1_22' title="bbox 2007 695 3577 766; baseline 0.001 -17"><span class='ocrx_word' id='word_1_141' title='bbox 2007 698 2147 765; x_wconf 91' lang='lat' dir='ltr'><strong>quod</strong></span> <span class='ocrx_word' id='word_1_142' title='bbox 2173 711 2273 766; x_wconf 85' lang='lat' dir='ltr'><strong>ego</strong></span> <span class='ocrx_word' id='word_1_143' title='bbox 2303 705 2357 751; x_wconf 90' lang='lat' dir='ltr'><strong>et</strong></span> <span class='ocrx_word' id='word_1_144' title='bbox 2384 695 2630 751; x_wconf 66' lang='lat' dir='ltr'><strong>Christus</strong></span> <span class='ocrx_word' id='word_1_145' title='bbox 2671 697 2768 751; x_wconf 88' lang='lat' dir='ltr'><strong>tibi</strong></span> <span class='ocrx_word' id='word_1_146' title='bbox 2812 697 3308 751; x_wconf 87' lang='lat' dir='ltr'><strong>commendavimus</strong></span> <span class='ocrx_word' id='word_1_147' title='bbox 3337 698 3437 752; x_wconf 89' lang='lat' dir='ltr'><strong>sub</strong></span> <span class='ocrx_word' id='word_1_148' title='bbox 3500 706 3577 751; x_wconf 85' lang='lat' dir='ltr'><strong>te-</strong></span> 
     </span>
    </p>
   </div>
   <div class='ocr_carea' id='block_1_23' title="bbox 2006 787 3577 859">
    <p class='ocr_par' dir='ltr' id='par_1_23' title="bbox 2006 787 3577 859">
     <span class='ocr_line' id='line_1_23' title="bbox 2006 787 3577 859; baseline 0.001 -16"><span class='ocrx_word' id='word_1_149' title='bbox 2006 789 2265 844; x_wconf 90' lang='lat' dir='ltr'><strong>stimonio</strong></span> <span class='ocrx_word' id='word_1_150' title='bbox 2310 787 2570 842; x_wconf 62' lang='lat' dir='ltr'><strong>Ecclesiae</strong></span> <span class='ocrx_word' id='word_1_151' title='bbox 2616 788 2703 841; x_wconf 91' lang='lat' dir='ltr'><strong>cui</strong></span> <span class='ocrx_word' id='word_1_152' title='bbox 2746 789 3025 857; x_wconf 79' lang='lat' dir='ltr'><strong>praesides.</strong></span> <span class='ocrx_word' id='word_1_153' title='bbox 3076 789 3156 844; x_wconf 80' lang='lat' dir='ltr'><strong>Ad</strong></span> <span class='ocrx_word' id='word_1_154' title='bbox 3198 789 3314 845; x_wconf 69' lang='lat' dir='ltr'><strong>haec</strong></span> <span class='ocrx_word' id='word_1_155' title='bbox 3363 789 3577 859; x_wconf 82' lang='lat' dir='ltr'><strong>episco-</strong></span> 
     </span>
    </p>
   </div>
   <div class='ocr_carea' id='block_1_24' title="bbox 2006 878 3576 950">
    <p class='ocr_par' dir='ltr' id='par_1_24' title="bbox 2006 878 3576 950">
     <span class='ocr_line' id='line_1_24' title="bbox 2006 878 3576 950; baseline 0.003 -16"><span class='ocrx_word' id='word_1_156' title='bbox 2006 895 2109 950; x_wconf 87' lang='lat' dir='ltr'><strong>pus</strong></span> <span class='ocrx_word' id='word_1_157' title='bbox 2140 880 2319 950; x_wconf 87' lang='lat' dir='ltr'><strong>primo</strong></span> <span class='ocrx_word' id='word_1_158' title='bbox 2353 878 2569 949; x_wconf 85' lang='lat' dir='ltr'><strong>quidem</strong></span> <span class='ocrx_word' id='word_1_159' title='bbox 2603 879 2814 944; x_wconf 87' lang='lat' dir='ltr'><strong>mirari,</strong></span> <span class='ocrx_word' id='word_1_160' title='bbox 2870 895 2992 934; x_wconf 91' lang='lat' dir='ltr'><strong>cum</strong></span> <span class='ocrx_word' id='word_1_161' title='bbox 3038 882 3379 936; x_wconf 78' lang='lat' dir='ltr'><strong>existimaret</strong></span> <span class='ocrx_word' id='word_1_162' title='bbox 3413 898 3576 950; x_wconf 87' lang='lat' dir='ltr'><strong>pecu-</strong></span> 
     </span>
    </p>
   </div>
   <div class='ocr_carea' id='block_1_25' title="bbox 2005 972 3572 1047">
    <p class='ocr_par' dir='ltr' id='par_1_25' title="bbox 2005 972 3572 1047">
     <span class='ocr_line' id='line_1_25' title="bbox 2005 972 3572 1047; baseline 0.002 -22"><span class='ocrx_word' id='word_1_163' title='bbox 2005 972 2176 1036; x_wconf 87' lang='lat' dir='ltr'><strong>niam,</strong></span> <span class='ocrx_word' id='word_1_164' title='bbox 2206 987 2367 1047; x_wconf 87' lang='lat' dir='ltr'><strong>quam</strong></span> <span class='ocrx_word' id='word_1_165' title='bbox 2419 986 2524 1025; x_wconf 89' lang='lat' dir='ltr'><strong>non</strong></span> <span class='ocrx_word' id='word_1_166' title='bbox 2566 973 2885 1041; x_wconf 82' lang='lat' dir='ltr'><strong>accepisset,</strong></span> <span class='ocrx_word' id='word_1_167' title='bbox 2926 987 2956 1025; x_wconf 88' lang='lat' dir='ltr'><strong>a</strong></span> <span class='ocrx_word' id='word_1_168' title='bbox 3004 987 3062 1026; x_wconf 87' lang='lat' dir='ltr'><strong>se</strong></span> <span class='ocrx_word' id='word_1_169' title='bbox 3101 988 3198 1042; x_wconf 91' lang='lat' dir='ltr'><strong>per</strong></span> <span class='ocrx_word' id='word_1_170' title='bbox 3244 972 3572 1028; x_wconf 82' lang='lat' dir='ltr'><strong>calumniam</strong></span> 
     </span>
    </p>
   </div>
   <div class='ocr_carea' id='block_1_26' title="bbox 2004 1061 3574 1133">
    <p class='ocr_par' dir='ltr' id='par_1_26' title="bbox 2004 1061 3574 1133">
     <span class='ocr_line' id='line_1_26' title="bbox 2004 1061 3574 1133; baseline 0.002 -17"><span class='ocrx_word' id='word_1_171' title='bbox 2004 1062 2197 1131; x_wconf 86' lang='lat' dir='ltr'><strong>repeti.</strong></span> <span class='ocrx_word' id='word_1_172' title='bbox 2232 1062 2297 1115; x_wconf 91' lang='lat' dir='ltr'><strong>Et</strong></span> <span class='ocrx_word' id='word_1_173' title='bbox 2327 1062 2469 1117; x_wconf 89' lang='lat' dir='ltr'><strong>sicut</strong></span> <span class='ocrx_word' id='word_1_174' title='bbox 2533 1061 2789 1116; x_wconf 87' lang='lat' dir='ltr'><strong>adhibere</strong></span> <span class='ocrx_word' id='word_1_175' title='bbox 2837 1061 2993 1116; x_wconf 88' lang='lat' dir='ltr'><strong>ﬁdem</strong></span> <span class='ocrx_word' id='word_1_176' title='bbox 3029 1078 3135 1117; x_wconf 91' lang='lat' dir='ltr'><strong>non</strong></span> <span class='ocrx_word' id='word_1_177' title='bbox 3174 1066 3385 1133; x_wconf 71' lang='lat' dir='ltr'><strong>petebat</strong></span> <span class='ocrx_word' id='word_1_178' title='bbox 3416 1079 3574 1132; x_wconf 90' lang='lat' dir='ltr'><strong>repo-</strong></span> 
     </span>
    </p>
   </div>
   <div class='ocr_carea' id='block_1_27' title="bbox 2004 1148 3574 1220">
    <p class='ocr_par' dir='ltr' id='par_1_27' title="bbox 2004 1148 3574 1220">
     <span class='ocr_line' id='line_1_27' title="bbox 2004 1148 3574 1220; baseline 0.002 -14"><span class='ocrx_word' id='word_1_179' title='bbox 2004 1152 2171 1206; x_wconf 89' lang='lat' dir='ltr'><strong>scenti</strong></span> <span class='ocrx_word' id='word_1_180' title='bbox 2199 1167 2263 1207; x_wconf 87' lang='lat' dir='ltr'><strong>ea</strong></span> <span class='ocrx_word' id='word_1_181' title='bbox 2290 1167 2407 1220; x_wconf 83' lang='lat' dir='ltr'><strong>quae</strong></span> <span class='ocrx_word' id='word_1_182' title='bbox 2442 1151 2662 1206; x_wconf 90' lang='lat' dir='ltr'><strong>minime</strong></span> <span class='ocrx_word' id='word_1_183' title='bbox 2691 1150 2939 1215; x_wconf 85' lang='lat' dir='ltr'><strong>haberet,</strong></span> <span class='ocrx_word' id='word_1_184' title='bbox 2982 1152 3054 1205; x_wconf 89' lang='lat' dir='ltr'><strong>ita</strong></span> <span class='ocrx_word' id='word_1_185' title='bbox 3086 1167 3186 1207; x_wconf 89' lang='lat' dir='ltr'><strong>nec</strong></span> <span class='ocrx_word' id='word_1_186' title='bbox 3225 1148 3416 1208; x_wconf 89' lang='lat' dir='ltr'><strong>Joanni</strong></span> <span class='ocrx_word' id='word_1_187' title='bbox 3468 1155 3574 1209; x_wconf 90' lang='lat' dir='ltr'><strong>dif-</strong></span> 
     </span>
    </p>
   </div>
   <div class='ocr_carea' id='block_1_28' title="bbox 2005 1239 3571 1312">
    <p class='ocr_par' dir='ltr' id='par_1_28' title="bbox 2005 1239 3571 1312">
     <span class='ocr_line' id='line_1_28' title="bbox 2005 1239 3571 1312; baseline 0.001 -16"><span class='ocrx_word' id='word_1_188' title='bbox 2005 1243 2172 1298; x_wconf 89' lang='lat' dir='ltr'><strong>ﬁdere</strong></span> <span class='ocrx_word' id='word_1_189' title='bbox 2200 1243 2453 1297; x_wconf 82' lang='lat' dir='ltr'><strong>audebat.</strong></span> <span class='ocrx_word' id='word_1_190' title='bbox 2483 1241 2590 1297; x_wconf 91' lang='lat' dir='ltr'><strong>Sed</strong></span> <span class='ocrx_word' id='word_1_191' title='bbox 2623 1241 2715 1296; x_wconf 85' lang='lat' dir='ltr'><strong>ubi</strong></span> <span class='ocrx_word' id='word_1_192' title='bbox 2744 1239 2978 1296; x_wconf 86' lang='lat' dir='ltr'><strong>Joannes</strong></span> <span class='ocrx_word' id='word_1_193' title='bbox 3013 1258 3027 1295; x_wconf 89' lang='lat'><strong>:</strong></span> <span class='ocrx_word' id='word_1_194' title='bbox 3063 1240 3344 1309; x_wconf 78' lang='lat' dir='ltr'><strong>Juvenem,</strong></span> <span class='ocrx_word' id='word_1_195' title='bbox 3374 1244 3571 1312; x_wconf 85' lang='lat' dir='ltr'><strong>inquit,</strong></span> 
     </span>
    </p>
   </div>
   <div class='ocr_carea' id='block_1_29' title="bbox 2003 1334 3570 1404">
    <p class='ocr_par' dir='ltr' id='par_1_29' title="bbox 2003 1334 3570 1404">
     <span class='ocr_line' id='line_1_29' title="bbox 2003 1334 3570 1404; baseline 0.001 -13"><span class='ocrx_word' id='word_1_196' title='bbox 2003 1345 2052 1391; x_wconf 87' lang='lat' dir='ltr'><strong>et</strong></span> <span class='ocrx_word' id='word_1_197' title='bbox 2077 1336 2310 1390; x_wconf 89' lang='lat' dir='ltr'><strong>animam</strong></span> <span class='ocrx_word' id='word_1_198' title='bbox 2335 1334 2519 1390; x_wconf 83' lang='lat' dir='ltr'><strong>fratris</strong></span> <span class='ocrx_word' id='word_1_199' title='bbox 2538 1349 2763 1404; x_wconf 89' lang='lat' dir='ltr'><strong>reposco</strong></span> <span class='ocrx_word' id='word_1_200' title='bbox 2788 1353 2805 1391; x_wconf 89' lang='lat'><strong>:</strong></span> <span class='ocrx_word' id='word_1_201' title='bbox 2841 1344 2954 1389; x_wconf 92' lang='lat' dir='ltr'><strong>tum</strong></span> <span class='ocrx_word' id='word_1_202' title='bbox 2984 1349 3148 1389; x_wconf 79' lang='lat' dir='ltr'><strong>senex</strong></span> <span class='ocrx_word' id='word_1_203' title='bbox 3169 1336 3402 1391; x_wconf 89' lang='lat' dir='ltr'><strong>demisso</strong></span> <span class='ocrx_word' id='word_1_204' title='bbox 3416 1338 3570 1393; x_wconf 87' lang='lat' dir='ltr'><strong>vultu</strong></span> 
     </span>
    </p>
   </div>
   <div class='ocr_carea' id='block_1_30' title="bbox 2004 1427 3569 1498">
    <p class='ocr_par' dir='ltr' id='par_1_30' title="bbox 2004 1427 3569 1498">
     <span class='ocr_line' id='line_1_30' title="bbox 2004 1427 3569 1498; baseline 0.002 -17"><span class='ocrx_word' id='word_1_205' title='bbox 2004 1430 2288 1496; x_wconf 84' lang='lat' dir='ltr'><strong>suspirans</strong></span> <span class='ocrx_word' id='word_1_206' title='bbox 2321 1436 2484 1495; x_wconf 90' lang='lat' dir='ltr'><strong>atque</strong></span> <span class='ocrx_word' id='word_1_207' title='bbox 2514 1427 2897 1498; x_wconf 86' lang='lat' dir='ltr'><strong>illacrymaus:</strong></span> <span class='ocrx_word' id='word_1_208' title='bbox 2926 1428 2994 1493; x_wconf 89' lang='lat' dir='ltr'><strong>Is,</strong></span> <span class='ocrx_word' id='word_1_209' title='bbox 3026 1427 3124 1494; x_wconf 89' lang='lat' dir='ltr'><strong>ait,</strong></span> <span class='ocrx_word' id='word_1_210' title='bbox 3170 1439 3416 1485; x_wconf 90' lang='lat' dir='ltr'><strong>mortuus</strong></span> <span class='ocrx_word' id='word_1_211' title='bbox 3463 1440 3569 1486; x_wconf 88' lang='lat' dir='ltr'><strong>est.</strong></span> 
     </span>
    </p>
   </div>
   <div class='ocr_carea' id='block_1_31' title="bbox 2004 1518 3574 1593">
    <p class='ocr_par' dir='ltr' id='par_1_31' title="bbox 2004 1518 3574 1593">
     <span class='ocr_line' id='line_1_31' title="bbox 2004 1518 3574 1593; baseline 0.004 -20"><span class='ocrx_word' id='word_1_212' title='bbox 2004 1518 2306 1586; x_wconf 91' lang='lat' dir='ltr'><strong>Quomodo,</strong></span> <span class='ocrx_word' id='word_1_213' title='bbox 2353 1519 2532 1587; x_wconf 89' lang='lat' dir='ltr'><strong>inquit</strong></span> <span class='ocrx_word' id='word_1_214' title='bbox 2573 1518 2825 1585; x_wconf 83' lang='lat' dir='ltr'><strong>Joannes,</strong></span> <span class='ocrx_word' id='word_1_215' title='bbox 2871 1529 2926 1575; x_wconf 91' lang='lat' dir='ltr'><strong>et</strong></span> <span class='ocrx_word' id='word_1_216' title='bbox 2966 1536 3199 1591; x_wconf 89' lang='lat' dir='ltr'><strong>quonam</strong></span> <span class='ocrx_word' id='word_1_217' title='bbox 3240 1523 3430 1582; x_wconf 80' lang='lat' dir='ltr'><strong>mortis</strong></span> <span class='ocrx_word' id='word_1_218' title='bbox 3478 1539 3574 1593; x_wconf 80' lang='lat' dir='ltr'><strong>ge-</strong></span> 
     </span>
    </p>
   </div>
   <div class='ocr_carea' id='block_1_32' title="bbox 2004 1610 3571 1684">
    <p class='ocr_par' dir='ltr' id='par_1_32' title="bbox 2004 1610 3571 1684">
     <span class='ocr_line' id='line_1_32' title="bbox 2004 1610 3571 1684; baseline 0.004 -20"><span class='ocrx_word' id='word_1_219' title='bbox 2004 1611 2171 1665; x_wconf 87' lang='lat' dir='ltr'><strong>nere?</strong></span> <span class='ocrx_word' id='word_1_220' title='bbox 2200 1610 2311 1664; x_wconf 88' lang='lat' dir='ltr'><strong>Deo</strong></span> <span class='ocrx_word' id='word_1_221' title='bbox 2339 1620 2586 1666; x_wconf 91' lang='lat' dir='ltr'><strong>mortuus</strong></span> <span class='ocrx_word' id='word_1_222' title='bbox 2610 1622 2712 1677; x_wconf 89' lang='lat' dir='ltr'><strong>est,</strong></span> <span class='ocrx_word' id='word_1_223' title='bbox 2747 1614 2823 1668; x_wconf 87' lang='lat' dir='ltr'><strong>ait</strong></span> <span class='ocrx_word' id='word_1_224' title='bbox 2845 1613 2952 1668; x_wconf 85' lang='lat' dir='ltr'><strong>ille.</strong></span> <span class='ocrx_word' id='word_1_225' title='bbox 2990 1610 3161 1669; x_wconf 80' lang='lat' dir='ltr'><strong>Malus</strong></span> <span class='ocrx_word' id='word_1_226' title='bbox 3182 1615 3378 1684; x_wconf 82' lang='lat' dir='ltr'><strong>quippe</strong></span> <span class='ocrx_word' id='word_1_227' title='bbox 3401 1617 3571 1672; x_wconf 83' lang='lat' dir='ltr'><strong>evasit</strong></span> 
     </span>
    </p>
   </div>
   <div class='ocr_carea' id='block_1_33' title="bbox 2002 1702 3570 1778">
    <p class='ocr_par' dir='ltr' id='par_1_33' title="bbox 2002 1702 3570 1778">
     <span class='ocr_line' id='line_1_33' title="bbox 2002 1702 3570 1778; baseline 0.004 -23"><span class='ocrx_word' id='word_1_228' title='bbox 2002 1711 2058 1755; x_wconf 93' lang='lat' dir='ltr'><strong>et</strong></span> <span class='ocrx_word' id='word_1_229' title='bbox 2096 1702 2361 1769; x_wconf 90' lang='lat' dir='ltr'><strong>perditus,</strong></span> <span class='ocrx_word' id='word_1_230' title='bbox 2389 1712 2445 1757; x_wconf 90' lang='lat' dir='ltr'><strong>et</strong></span> <span class='ocrx_word' id='word_1_231' title='bbox 2474 1703 2542 1756; x_wconf 88' lang='lat' dir='ltr'><strong>ad</strong></span> <span class='ocrx_word' id='word_1_232' title='bbox 2569 1712 2870 1759; x_wconf 81' lang='lat' dir='ltr'><strong>extremum</strong></span> <span class='ocrx_word' id='word_1_233' title='bbox 2899 1705 3059 1759; x_wconf 91' lang='lat' dir='ltr'><strong>latro.</strong></span> <span class='ocrx_word' id='word_1_234' title='bbox 3088 1706 3278 1775; x_wconf 82' lang='lat' dir='ltr'><strong>Itaque</strong></span> <span class='ocrx_word' id='word_1_235' title='bbox 3307 1722 3447 1762; x_wconf 90' lang='lat' dir='ltr'><strong>nunc</strong></span> <span class='ocrx_word' id='word_1_236' title='bbox 3471 1723 3570 1778; x_wconf 90' lang='lat' dir='ltr'><strong>pro</strong></span> 
     </span>
    </p>
   </div>
   <div class='ocr_carea' id='block_1_34' title="bbox 328 1763 1911 1864">
    <p class='ocr_par' dir='ltr' id='par_1_34' title="bbox 328 1783 1898 1859">
     <span class='ocr_line' id='line_1_34' title="bbox 328 1783 1898 1859; baseline 0 -18"><span class='ocrx_word' id='word_1_237' title='bbox 328 1787 534 1853; x_wconf 82' lang='grc' dir='ltr'>τέκνον,</span> <span class='ocrx_word' id='word_1_238' title='bbox 565 1789 657 1841; x_wconf 83' lang='grc' dir='ltr'><strong>τὸν</strong></span> <span class='ocrx_word' id='word_1_239' title='bbox 697 1787 894 1841; x_wconf 77' lang='grc' dir='ltr'>σαυτοῦ</span> <span class='ocrx_word' id='word_1_240' title='bbox 936 1787 1165 1859; x_wconf 78' lang='grc' dir='ltr'>πατέρα,</span> <span class='ocrx_word' id='word_1_241' title='bbox 1201 1783 1290 1841; x_wconf 76' lang='grc' dir='ltr'>τὸν</span> <span class='ocrx_word' id='word_1_242' title='bbox 1324 1786 1552 1857; x_wconf 73' lang='grc' dir='ltr'>γυμνὸν,</span> <span class='ocrx_word' id='word_1_243' title='bbox 1583 1787 1672 1841; x_wconf 82' lang='grc' dir='ltr'><strong>τὸν</strong></span> <span class='ocrx_word' id='word_1_244' title='bbox 1712 1788 1898 1859; x_wconf 89' lang='grc' dir='ltr'>γέρον-</span> 
     </span>
    </p>
   </div>
   <div class='ocr_carea' id='block_1_35' title="bbox 1985 1763 3569 1864">
    <p class='ocr_par' dir='ltr' id='par_1_35' title="bbox 2001 1791 3569 1864">
     <span class='ocr_line' id='line_1_35' title="bbox 2001 1791 3569 1864; baseline 0.006 -19"><span class='ocrx_word' id='word_1_245' title='bbox 2001 1791 2243 1845; x_wconf 81' lang='lat' dir='ltr'><strong>Ecclesia</strong></span> <span class='ocrx_word' id='word_1_246' title='bbox 2311 1805 2553 1847; x_wconf 88' lang='lat' dir='ltr'><strong>montem</strong></span> <span class='ocrx_word' id='word_1_247' title='bbox 2605 1797 2897 1864; x_wconf 79' lang='lat' dir='ltr'><strong>occupavit</strong></span> <span class='ocrx_word' id='word_1_248' title='bbox 2965 1811 3087 1851; x_wconf 91' lang='lat' dir='ltr'><strong>cum</strong></span> <span class='ocrx_word' id='word_1_249' title='bbox 3137 1799 3223 1853; x_wconf 87' lang='lat' dir='ltr'><strong>sui</strong></span> <span class='ocrx_word' id='word_1_250' title='bbox 3279 1799 3569 1855; x_wconf 87' lang='lat' dir='ltr'><strong>simillimis</strong></span> 
     </span>
    </p>
   </div>
   <div class='ocr_carea' id='block_1_36' title="bbox 326 1878 1897 1951">
    <p class='ocr_par' dir='ltr' id='par_1_36' title="bbox 326 1878 1897 1951">
     <span class='ocr_line' id='line_1_36' title="bbox 326 1878 1897 1951; baseline 0 -18"><span class='ocrx_word' id='word_1_251' title='bbox 326 1896 427 1945; x_wconf 90' lang='grc' dir='ltr'>τα;</span> <span class='ocrx_word' id='word_1_252' title='bbox 458 1879 679 1951; x_wconf 80' lang='grc' dir='ltr'>ἐλέησόν</span> <span class='ocrx_word' id='word_1_253' title='bbox 711 1896 798 1950; x_wconf 87' lang='grc' dir='ltr'><strong>με,</strong></span> <span class='ocrx_word' id='word_1_254' title='bbox 823 1878 1034 1944; x_wconf 87' lang='grc' dir='ltr'>τέκνον,</span> <span class='ocrx_word' id='word_1_255' title='bbox 1069 1880 1142 1950; x_wconf 85' lang='grc' dir='ltr'>μὴ</span> <span class='ocrx_word' id='word_1_256' title='bbox 1194 1878 1379 1948; x_wconf 73' lang='grc' dir='ltr'>φοϐοῦ.</span> <span class='ocrx_word' id='word_1_257' title='bbox 1421 1878 1603 1950; x_wconf 86' lang='grc' dir='ltr'>Ἔχεις</span> <span class='ocrx_word' id='word_1_258' title='bbox 1634 1879 1713 1931; x_wconf 79' lang='grc' dir='ltr'>ἔτι</span> <span class='ocrx_word' id='word_1_259' title='bbox 1755 1879 1897 1950; x_wconf 83' lang='grc' dir='ltr'>ζωῆς</span> 
     </span>
    </p>
   </div>
   <div class='ocr_carea' id='block_1_37' title="bbox 327 1969 1895 2043">
    <p class='ocr_par' dir='ltr' id='par_1_37' title="bbox 327 1969 1895 2043">
     <span class='ocr_line' id='line_1_37' title="bbox 327 1969 1895 2043; baseline -0.002 -18"><span class='ocrx_word' id='word_1_260' title='bbox 327 1971 537 2027; x_wconf 72' lang='grc' dir='ltr'>ἐλπίδα.</span> <span class='ocrx_word' id='word_1_261' title='bbox 579 1972 718 2041; x_wconf 89' lang='grc' dir='ltr'><strong>Ἐγὼ</strong></span> <span class='ocrx_word' id='word_1_262' title='bbox 737 1970 956 2043; x_wconf 84' lang='grc' dir='ltr'>Χριστῷ</span> <span class='ocrx_word' id='word_1_263' title='bbox 986 1970 1142 2025; x_wconf 83' lang='grc' dir='ltr'>δώσω</span> <span class='ocrx_word' id='word_1_264' title='bbox 1171 1971 1327 2039; x_wconf 79' lang='grc' dir='ltr'>λόγον</span> <span class='ocrx_word' id='word_1_265' title='bbox 1362 1970 1502 2041; x_wconf 82' lang='grc' dir='ltr'>ὑπὲρ</span> <span class='ocrx_word' id='word_1_266' title='bbox 1531 1969 1646 2034; x_wconf 91' lang='grc' dir='ltr'>σοῦ,</span> <span class='ocrx_word' id='word_1_267' title='bbox 1677 1969 1742 2024; x_wconf 86' lang='grc' dir='ltr'><strong>ἂν</strong></span> <span class='ocrx_word' id='word_1_268' title='bbox 1781 1971 1895 2043; x_wconf 79' lang='grc' dir='ltr'>δέῃ,</span> 
     </span>
    </p>
   </div>
   <div class='ocr_carea' id='block_1_38' title="bbox 327 2061 1899 2135">
    <p class='ocr_par' dir='ltr' id='par_1_38' title="bbox 327 2061 1899 2135">
     <span class='ocr_line' id='line_1_38' title="bbox 327 2061 1899 2135; baseline -0.001 -18"><span class='ocrx_word' id='word_1_269' title='bbox 327 2064 419 2117; x_wconf 74' lang='grc' dir='ltr'>τὸν</span> <span class='ocrx_word' id='word_1_270' title='bbox 447 2064 537 2118; x_wconf 82' lang='grc' dir='ltr'><strong>σὺν</strong></span> <span class='ocrx_word' id='word_1_271' title='bbox 562 2063 788 2119; x_wconf 83' lang='grc' dir='ltr'>Θάνατον</span> <span class='ocrx_word' id='word_1_272' title='bbox 815 2063 953 2117; x_wconf 77' lang='grc' dir='ltr'>ἑκὼν</span> <span class='ocrx_word' id='word_1_273' title='bbox 978 2063 1255 2134; x_wconf 79' lang='grc' dir='ltr'>ὑπομενῶ,</span> <span class='ocrx_word' id='word_1_274' title='bbox 1279 2062 1354 2125; x_wconf 87' lang='grc' dir='ltr'><strong>ώς</strong></span> <span class='ocrx_word' id='word_1_275' title='bbox 1381 2064 1408 2115; x_wconf 89' lang='grc' dir='ltr'>ὁ</span> <span class='ocrx_word' id='word_1_276' title='bbox 1426 2062 1630 2134; x_wconf 87' lang='grc' dir='ltr'>Κύριος</span> <span class='ocrx_word' id='word_1_277' title='bbox 1648 2061 1737 2115; x_wconf 82' lang='grc' dir='ltr'><strong>τὸν</strong></span> <span class='ocrx_word' id='word_1_278' title='bbox 1757 2063 1899 2135; x_wconf 84' lang='grc' dir='ltr'>ὑπὲρ</span> 
     </span>
    </p>
   </div>
   <div class='ocr_carea' id='block_1_39' title="bbox 328 2153 1899 2227">
    <p class='ocr_par' dir='ltr' id='par_1_39' title="bbox 328 2153 1899 2227">
     <span class='ocr_line' id='line_1_39' title="bbox 328 2153 1899 2227; baseline 0 -19"><span class='ocrx_word' id='word_1_279' title='bbox 328 2155 505 2227; x_wconf 79' lang='grc' dir='ltr'>ἡμῶν.</span> <span class='ocrx_word' id='word_1_280' title='bbox 546 2156 719 2227; x_wconf 86' lang='grc' dir='ltr'>Ὑπὲρ</span> <span class='ocrx_word' id='word_1_281' title='bbox 767 2156 860 2210; x_wconf 91' lang='grc' dir='ltr'><strong>σοῦ</strong></span> <span class='ocrx_word' id='word_1_282' title='bbox 907 2156 1003 2227; x_wconf 74' lang='grc' dir='ltr'>τὴν</span> <span class='ocrx_word' id='word_1_283' title='bbox 1045 2156 1220 2227; x_wconf 70' lang='grc' dir='ltr'>ψυχὴν</span> <span class='ocrx_word' id='word_1_284' title='bbox 1266 2154 1542 2210; x_wconf 84' lang='grc' dir='ltr'>ἀντιδώσω</span> <span class='ocrx_word' id='word_1_285' title='bbox 1584 2153 1682 2226; x_wconf 80' lang='grc' dir='ltr'>τὴν</span> <span class='ocrx_word' id='word_1_286' title='bbox 1738 2156 1899 2226; x_wconf 76' lang='grc' dir='ltr'>ἐμήν.</span> 
     </span>
    </p>
   </div>
   <div class='ocr_carea' id='block_1_40' title="bbox 328 2243 1900 2319">
    <p class='ocr_par' dir='ltr' id='par_1_40' title="bbox 328 2243 1900 2319">
     <span class='ocr_line' id='line_1_40' title="bbox 328 2243 1900 2319; baseline 0 -20"><span class='ocrx_word' id='word_1_287' title='bbox 328 2247 513 2319; x_wconf 83' lang='grc' dir='ltr'>Στῆθι,</span> <span class='ocrx_word' id='word_1_288' title='bbox 577 2247 884 2311; x_wconf 77' lang='grc' dir='ltr'>πίστευσον,</span> <span class='ocrx_word' id='word_1_289' title='bbox 937 2247 1171 2317; x_wconf 85' lang='grc' dir='ltr'>Χριστός</span> <span class='ocrx_word' id='word_1_290' title='bbox 1223 2264 1290 2317; x_wconf 89' lang='grc' dir='ltr'><strong>με</strong></span> <span class='ocrx_word' id='word_1_291' title='bbox 1349 2245 1683 2299; x_wconf 86' lang='grc' dir='ltr'>ἀπέστειλεν.</span> <span class='ocrx_word' id='word_1_292' title='bbox 1754 2243 1900 2299; x_wconf 73' lang='grc' dir='ltr'><strong>Ὀδὲ</strong></span> 
     </span>
    </p>
   </div>
   <div class='ocr_carea' id='block_1_41' title="bbox 326 2331 1902 2409">
    <p class='ocr_par' dir='ltr' id='par_1_41' title="bbox 326 2331 1902 2409">
     <span class='ocr_line' id='line_1_41' title="bbox 326 2331 1902 2409; baseline -0.003 -17"><span class='ocrx_word' id='word_1_293' title='bbox 326 2338 584 2403; x_wconf 68' lang='grc' dir='ltr'>ἀρκούσας,</span> <span class='ocrx_word' id='word_1_294' title='bbox 617 2337 830 2409; x_wconf 80' lang='grc' dir='ltr'>πρῶτον</span> <span class='ocrx_word' id='word_1_295' title='bbox 867 2337 963 2408; x_wconf 87' lang='grc' dir='ltr'>μὲν</span> <span class='ocrx_word' id='word_1_296' title='bbox 997 2336 1127 2407; x_wconf 75' lang='grc' dir='ltr'>ἔστη</span> <span class='ocrx_word' id='word_1_297' title='bbox 1169 2336 1318 2389; x_wconf 86' lang='grc' dir='ltr'>κάτω</span> <span class='ocrx_word' id='word_1_298' title='bbox 1345 2335 1576 2407; x_wconf 81' lang='grc' dir='ltr'>βλέπων,</span> <span class='ocrx_word' id='word_1_299' title='bbox 1605 2331 1722 2388; x_wconf 72' lang='grc' dir='ltr'>εἶτα</span> <span class='ocrx_word' id='word_1_300' title='bbox 1752 2335 1902 2407; x_wconf 78' lang='grc' dir='ltr'>ἔρρι-</span> 
     </span>
    </p>
   </div>
   <div class='ocr_carea' id='block_1_42' title="bbox 326 2426 1902 2499">
    <p class='ocr_par' dir='ltr' id='par_1_42' title="bbox 326 2426 1902 2499">
     <span class='ocr_line' id='line_1_42' title="bbox 326 2426 1902 2499; baseline -0.001 -16"><span class='ocrx_word' id='word_1_301' title='bbox 326 2431 396 2499; x_wconf 70' lang='grc' dir='ltr'>ψε</span> <span class='ocrx_word' id='word_1_302' title='bbox 427 2429 497 2483; x_wconf 78' lang='grc' dir='ltr'>τὰ</span> <span class='ocrx_word' id='word_1_303' title='bbox 524 2430 680 2494; x_wconf 81' lang='grc' dir='ltr'>ὅπλα,</span> <span class='ocrx_word' id='word_1_304' title='bbox 705 2426 821 2482; x_wconf 76' lang='grc' dir='ltr'>εἶτα</span> <span class='ocrx_word' id='word_1_305' title='bbox 846 2428 1064 2499; x_wconf 89' lang='grc' dir='ltr'>τρέμων</span> <span class='ocrx_word' id='word_1_306' title='bbox 1088 2428 1248 2499; x_wconf 74' lang='grc' dir='ltr'>ἕκλᾳε</span> <span class='ocrx_word' id='word_1_307' title='bbox 1278 2429 1506 2499; x_wconf 85' lang='grc' dir='ltr'>πικρῶς.</span> <span class='ocrx_word' id='word_1_308' title='bbox 1530 2426 1902 2498; x_wconf 74' lang='grc' dir='ltr'>Προσελϐόντα.</span> 
     </span>
    </p>
   </div>
   <div class='ocr_carea' id='block_1_43' title="bbox 329 2517 1901 2590">
    <p class='ocr_par' dir='ltr' id='par_1_43' title="bbox 329 2517 1901 2590">
     <span class='ocr_line' id='line_1_43' title="bbox 329 2517 1901 2590; baseline -0.002 -17"><span class='ocrx_word' id='word_1_309' title='bbox 329 2519 387 2573; x_wconf 76' lang='grc' dir='ltr'>δὲ</span> <span class='ocrx_word' id='word_1_310' title='bbox 415 2518 505 2572; x_wconf 82' lang='grc' dir='ltr'><strong>τὸν</strong></span> <span class='ocrx_word' id='word_1_311' title='bbox 526 2519 755 2589; x_wconf 85' lang='grc' dir='ltr'>γέροντα</span> <span class='ocrx_word' id='word_1_312' title='bbox 791 2517 1112 2590; x_wconf 80' lang='grc' dir='ltr'>περιέλαϐεν</span> <span class='ocrx_word' id='word_1_313' title='bbox 1138 2517 1571 2588; x_wconf 87' lang='grc' dir='ltr'>ἀπολογούμενος</span> <span class='ocrx_word' id='word_1_314' title='bbox 1601 2520 1719 2583; x_wconf 84' lang='grc' dir='ltr'>ταῖς</span> <span class='ocrx_word' id='word_1_315' title='bbox 1735 2518 1901 2589; x_wconf 78' lang='grc' dir='ltr'>οἰμω-</span> 
     </span>
    </p>
   </div>
   <div class='ocr_carea' id='block_1_44' title="bbox 330 2604 1902 2679">
    <p class='ocr_par' dir='ltr' id='par_1_44' title="bbox 330 2604 1902 2679">
     <span class='ocr_line' id='line_1_44' title="bbox 330 2604 1902 2679; baseline -0.001 -18"><span class='ocrx_word' id='word_1_316' title='bbox 330 2609 456 2675; x_wconf 84' lang='grc' dir='ltr'>γαῖς</span> <span class='ocrx_word' id='word_1_317' title='bbox 492 2608 569 2671; x_wconf 89' lang='grc' dir='ltr'><strong>ώς</strong></span> <span class='ocrx_word' id='word_1_318' title='bbox 606 2604 846 2671; x_wconf 75' lang='grc' dir='ltr'>ἐδύνατο,</span> <span class='ocrx_word' id='word_1_319' title='bbox 888 2608 1119 2671; x_wconf 80' lang='grc' dir='ltr'>καὶτοῖς</span> <span class='ocrx_word' id='word_1_320' title='bbox 1144 2607 1375 2678; x_wconf 82' lang='grc' dir='ltr'>δάκρυσι</span> <span class='ocrx_word' id='word_1_321' title='bbox 1413 2604 1802 2679; x_wconf 78' lang='grc' dir='ltr'>βαπτιζόμενος</span> <span class='ocrx_word' id='word_1_322' title='bbox 1836 2608 1902 2660; x_wconf 83' lang='grc' dir='ltr'>ὲκ</span> 
     </span>
    </p>
   </div>
   <div class='ocr_carea' id='block_1_45' title="bbox 329 2697 1896 2771">
    <p class='ocr_par' dir='ltr' id='par_1_45' title="bbox 329 2697 1896 2771">
     <span class='ocr_line' id='line_1_45' title="bbox 329 2697 1896 2771; baseline 0.001 -20"><span class='ocrx_word' id='word_1_323' title='bbox 329 2697 583 2769; x_wconf 85' lang='grc' dir='ltr'>δευτέρου</span> <span class='ocrx_word' id='word_1_324' title='bbox 608 2698 740 2766; x_wconf 80' lang='lat' dir='ltr'><strong>(I8),</strong></span> <span class='ocrx_word' id='word_1_325' title='bbox 783 2699 948 2770; x_wconf 78' lang='grc' dir='ltr'>μόνην</span> <span class='ocrx_word' id='word_1_326' title='bbox 981 2699 1349 2771; x_wconf 83' lang='grc' dir='ltr'>ἀποκρύπτων</span> <span class='ocrx_word' id='word_1_327' title='bbox 1381 2699 1478 2771; x_wconf 79' lang='grc' dir='ltr'><strong>τὴν</strong></span> <span class='ocrx_word' id='word_1_328' title='bbox 1522 2700 1720 2766; x_wconf 84' lang='grc' dir='ltr'>δεξιάν.</span> <span class='ocrx_word' id='word_1_329' title='bbox 1759 2697 1820 2754; x_wconf 84' lang='grc'><strong>’0</strong></span> <span class='ocrx_word' id='word_1_330' title='bbox 1852 2699 1896 2752; x_wconf 86' lang='grc' dir='ltr'>δ’</span> 
     </span>
    </p>
   </div>
   <div class='ocr_carea' id='block_1_46' title="bbox 332 2785 1900 2865">
    <p class='ocr_par' dir='ltr' id='par_1_46' title="bbox 332 2785 1900 2865">
     <span class='ocr_line' id='line_1_46' title="bbox 332 2785 1900 2865; baseline 0.003 -25"><span class='ocrx_word' id='word_1_331' title='bbox 332 2787 696 2859; x_wconf 78' lang='grc' dir='ltr'>ἐγγυώμενος,</span> <span class='ocrx_word' id='word_1_332' title='bbox 723 2790 927 2861; x_wconf 82' lang='grc' dir='ltr'>ὲπομνύ</span> <span class='ocrx_word' id='word_1_333' title='bbox 936 2808 1115 2861; x_wconf 82' lang='grc' dir='ltr'>μενος,</span> <span class='ocrx_word' id='word_1_334' title='bbox 1134 2791 1209 2856; x_wconf 88' lang='grc' dir='ltr'><strong>ὡς</strong></span> <span class='ocrx_word' id='word_1_335' title='bbox 1241 2791 1432 2860; x_wconf 81' lang='grc' dir='ltr'>ἄφεσιν</span> <span class='ocrx_word' id='word_1_336' title='bbox 1464 2792 1611 2862; x_wconf 82' lang='grc' dir='ltr'>αύτῷ</span> <span class='ocrx_word' id='word_1_337' title='bbox 1634 2791 1783 2865; x_wconf 83' lang='grc' dir='ltr'><strong>παρά</strong></span> <span class='ocrx_word' id='word_1_338' title='bbox 1805 2785 1900 2845; x_wconf 82' lang='grc' dir='ltr'><strong>τοῦ</strong></span> 
     </span>
    </p>
   </div>
   <div class='ocr_carea' id='block_1_47' title="bbox 331 2880 1902 2957">
    <p class='ocr_par' dir='ltr' id='par_1_47' title="bbox 331 2880 1902 2957">
     <span class='ocr_line' id='line_1_47' title="bbox 331 2880 1902 2957; baseline 0.004 -25"><span class='ocrx_word' id='word_1_339' title='bbox 331 2880 582 2953; x_wconf 84' lang='grc' dir='ltr'>Σωτῆρος</span> <span class='ocrx_word' id='word_1_340' title='bbox 612 2880 846 2953; x_wconf 73' lang='grc' dir='ltr'>ηὕρηται</span> <span class='ocrx_word' id='word_1_341' title='bbox 877 2882 1011 2951; x_wconf 83' lang='grc'>(19),</span> <span class='ocrx_word' id='word_1_342' title='bbox 1057 2881 1324 2954; x_wconf 87' lang='grc' dir='ltr'>δεόμενος,</span> <span class='ocrx_word' id='word_1_343' title='bbox 1358 2883 1686 2951; x_wconf 84' lang='grc' dir='ltr'>γονυπετῶν,</span> <span class='ocrx_word' id='word_1_344' title='bbox 1732 2884 1902 2957; x_wconf 79' lang='grc' dir='ltr'>αὐτὴν</span> 
     </span>
    </p>
   </div>
   <div class='ocr_carea' id='block_1_48' title="bbox 330 2968 1903 3048">
    <p class='ocr_par' dir='ltr' id='par_1_48' title="bbox 330 2968 1903 3048">
     <span class='ocr_line' id='line_1_48' title="bbox 330 2968 1903 3048; baseline 0.004 -27"><span class='ocrx_word' id='word_1_345' title='bbox 330 2968 429 3040; x_wconf 71' lang='grc' dir='ltr'>τὴν</span> <span class='ocrx_word' id='word_1_346' title='bbox 452 2969 629 3035; x_wconf 81' lang='grc' dir='ltr'>δεξιὰν</span> <span class='ocrx_word' id='word_1_347' title='bbox 654 2971 730 3036; x_wconf 90' lang='grc' dir='ltr'><strong>ώς</strong></span> <span class='ocrx_word' id='word_1_348' title='bbox 764 2973 867 3025; x_wconf 85' lang='grc' dir='ltr'><strong>ὑπὸ</strong></span> <span class='ocrx_word' id='word_1_349' title='bbox 894 2973 991 3042; x_wconf 86' lang='grc' dir='ltr'><strong>τῆς</strong></span> <span class='ocrx_word' id='word_1_350' title='bbox 1034 2974 1323 3044; x_wconf 84' lang='grc' dir='ltr'>μετανοίας</span> <span class='ocrx_word' id='word_1_351' title='bbox 1358 2974 1771 3048; x_wconf 79' lang='grc' dir='ltr'>κεκαθαρμένην</span> <span class='ocrx_word' id='word_1_352' title='bbox 1804 2992 1903 3030; x_wconf 88' lang='grc' dir='ltr'>κα-</span> 
     </span>
    </p>
   </div>
   <div class='ocr_carea' id='block_1_49' title="bbox 329 3060 1967 3157">
    <p class='ocr_par' dir='ltr' id='par_1_49' title="bbox 329 3060 1967 3157">
     <span class='ocr_line' id='line_1_49' title="bbox 329 3060 1967 3157; baseline 0.004 -44"><span class='ocrx_word' id='word_1_353' title='bbox 329 3060 587 3157; x_wconf 68' lang='grc' dir='ltr'>ταφιλῶν,</span> <span class='ocrx_word' id='word_1_354' title='bbox 618 3064 709 3115; x_wconf 76' lang='grc' dir='ltr'><strong>ἐπὶ</strong></span> <span class='ocrx_word' id='word_1_355' title='bbox 741 3065 841 3135; x_wconf 81' lang='grc' dir='ltr'>τὴν</span> <span class='ocrx_word' id='word_1_356' title='bbox 872 3064 1196 3136; x_wconf 82' lang='grc' dir='ltr'>Ἐκκλησίαν</span> <span class='ocrx_word' id='word_1_357' title='bbox 1226 3067 1562 3139; x_wconf 70' lang='grc' dir='ltr'>ἐπανήγαγε.</span> <span class='ocrx_word' id='word_1_358' title='bbox 1605 3066 1714 3122; x_wconf 78' lang='grc' dir='ltr'><strong>Καὶ</strong></span> <span class='ocrx_word' id='word_1_359' title='bbox 1746 3066 1901 3137; x_wconf 71' lang='grc' dir='ltr'>δαψι-</span> <span class='ocrx_word' id='word_1_360' title='bbox 1923 3099 1967 3157; x_wconf 75' lang='lat' dir='ltr'>C</span> 
     </span>
    </p>
   </div>
   <div class='ocr_carea' id='block_1_50' title="bbox 328 3150 1898 3230">
    <p class='ocr_par' dir='ltr' id='par_1_50' title="bbox 328 3150 1898 3230">
     <span class='ocr_line' id='line_1_50' title="bbox 328 3150 1898 3230; baseline 0.004 -26"><span class='ocrx_word' id='word_1_361' title='bbox 328 3150 445 3206; x_wconf 86' lang='grc' dir='ltr'>λέσι</span> <span class='ocrx_word' id='word_1_362' title='bbox 476 3153 577 3225; x_wconf 82' lang='grc' dir='ltr'>μὲν</span> <span class='ocrx_word' id='word_1_363' title='bbox 596 3154 780 3226; x_wconf 81' lang='grc' dir='ltr'>εὐχαῖς</span> <span class='ocrx_word' id='word_1_364' title='bbox 811 3155 1211 3229; x_wconf 83' lang='grc' dir='ltr'>ἐξαιτούμενος,</span> <span class='ocrx_word' id='word_1_365' title='bbox 1254 3158 1500 3230; x_wconf 81' lang='grc' dir='ltr'>συνεχέσι</span> <span class='ocrx_word' id='word_1_366' title='bbox 1537 3158 1594 3212; x_wconf 82' lang='grc' dir='ltr'>δὲ</span> <span class='ocrx_word' id='word_1_367' title='bbox 1623 3160 1898 3230; x_wconf 82' lang='grc' dir='ltr'>νηστείαις</span> 
     </span>
    </p>
   </div>
   <div class='ocr_carea' id='block_1_51' title="bbox 329 3246 1896 3322">
    <p class='ocr_par' dir='ltr' id='par_1_51' title="bbox 329 3246 1896 3322">
     <span class='ocr_line' id='line_1_51' title="bbox 329 3246 1896 3322; baseline 0.003 -25"><span class='ocrx_word' id='word_1_368' title='bbox 329 3246 821 3316; x_wconf 78' lang='grc' dir='ltr'>συναγωνιζόμενος</span> <span class='ocrx_word' id='word_1_369' title='bbox 856 3247 987 3317; x_wconf 72' lang='grc'>(20),</span> <span class='ocrx_word' id='word_1_370' title='bbox 1013 3247 1280 3312; x_wconf 85' lang='grc' dir='ltr'>ποικίλαις</span> <span class='ocrx_word' id='word_1_371' title='bbox 1302 3248 1357 3302; x_wconf 85' lang='grc' dir='ltr'>δὲ</span> <span class='ocrx_word' id='word_1_372' title='bbox 1382 3251 1571 3320; x_wconf 79' lang='grc' dir='ltr'>ρήσεσι</span> <span class='ocrx_word' id='word_1_373' title='bbox 1598 3249 1767 3317; x_wconf 81' lang='grc' dir='ltr'>λόγων</span> <span class='ocrx_word' id='word_1_374' title='bbox 1786 3249 1896 3322; x_wconf 73' lang='lat' dir='ltr'><strong>(2i)</strong></span> 
     </span>
    </p>
   </div>
   <div class='ocr_carea' id='block_1_52' title="bbox 328 3338 1894 3413">
    <p class='ocr_par' dir='ltr' id='par_1_52' title="bbox 328 3338 1894 3413">
     <span class='ocr_line' id='line_1_52' title="bbox 328 3338 1894 3413; baseline 0.003 -22"><span class='ocrx_word' id='word_1_375' title='bbox 328 3339 645 3411; x_wconf 75' lang='grc' dir='ltr'>κατεπᾴδων</span> <span class='ocrx_word' id='word_1_376' title='bbox 668 3339 833 3393; x_wconf 84' lang='grc' dir='ltr'>αὐτοῦ</span> <span class='ocrx_word' id='word_1_377' title='bbox 861 3338 958 3411; x_wconf 78' lang='grc' dir='ltr'><strong>τὴν</strong></span> <span class='ocrx_word' id='word_1_378' title='bbox 986 3339 1232 3412; x_wconf 86' lang='grc' dir='ltr'>γνώμην,</span> <span class='ocrx_word' id='word_1_379' title='bbox 1257 3341 1318 3393; x_wconf 82' lang='grc' dir='ltr'><strong>οῦ</strong></span> <span class='ocrx_word' id='word_1_380' title='bbox 1349 3341 1610 3413; x_wconf 88' lang='grc' dir='ltr'>πρότερον</span> <span class='ocrx_word' id='word_1_381' title='bbox 1634 3341 1894 3412; x_wconf 82' lang='grc' dir='ltr'>ἀπῆλθεν,</span> 
     </span>
    </p>
   </div>
   <div class='ocr_carea' id='block_1_53' title="bbox 329 3426 1897 3515">
    <p class='ocr_par' dir='ltr' id='par_1_53' title="bbox 329 3426 1897 3515">
     <span class='ocr_line' id='line_1_53' title="bbox 329 3426 1897 3515; baseline 0.003 -34"><span class='ocrx_word' id='word_1_382' title='bbox 329 3426 405 3489; x_wconf 83' lang='grc' dir='ltr'>ὥς</span> <span class='ocrx_word' id='word_1_383' title='bbox 428 3446 581 3515; x_wconf 66' lang='grc' dir='ltr'>φασι,</span> <span class='ocrx_word' id='word_1_384' title='bbox 614 3429 743 3501; x_wconf 73' lang='grc' dir='ltr'>πρὶν</span> <span class='ocrx_word' id='word_1_385' title='bbox 777 3429 939 3483; x_wconf 80' lang='grc' dir='ltr'>αὐτὸν</span> <span class='ocrx_word' id='word_1_386' title='bbox 978 3430 1283 3501; x_wconf 87' lang='grc' dir='ltr'>κατέστησε</span> <span class='ocrx_word' id='word_1_387' title='bbox 1318 3432 1385 3500; x_wconf 77' lang='grc' dir='ltr'>τῇ</span> <span class='ocrx_word' id='word_1_388' title='bbox 1426 3430 1719 3501; x_wconf 74' lang='grc' dir='ltr'>Ἐκκλησία</span> <span class='ocrx_word' id='word_1_389' title='bbox 1762 3432 1897 3502; x_wconf 71' lang='grc'>(22),</span> 
     </span>
    </p>
   </div>
   <div class='ocr_carea' id='block_1_54' title="bbox 406 3578 1898 3655">
    <p class='ocr_par' dir='ltr' id='par_1_54' title="bbox 406 3578 1898 3655">
     <span class='ocr_line' id='line_1_54' title="bbox 406 3578 1898 3655; baseline -0.001 -18"><span class='ocrx_word' id='word_1_390' title='bbox 406 3583 852 3655; x_wconf 56' lang='grc' dir='ltr'><strong>(16)Καλόζγε,</strong></span> <span class='ocrx_word' id='word_1_391' title='bbox 881 3584 1018 3655; x_wconf 63' lang='grc' dir='ltr'>ἔφη,</span> <span class='ocrx_word' id='word_1_392' title='bbox 1052 3582 1294 3655; x_wconf 67' lang='grc' dir='ltr'>φύλακα</span> <span class='ocrx_word' id='word_1_393' title='bbox 1323 3578 1435 3655; x_wconf 79' lang='grc' dir='ltr'><strong>τῆς</strong></span> <span class='ocrx_word' id='word_1_394' title='bbox 1453 3582 1755 3651; x_wconf 71' lang='grc' dir='ltr'>τάδελφοῦ</span> <span class='ocrx_word' id='word_1_395' title='bbox 1779 3586 1898 3651; x_wconf 68' lang='grc' dir='ltr'><strong>ψυ-</strong></span> 
     </span>
    </p>
   </div>
   <div class='ocr_carea' id='block_1_55' title="bbox 332 3652 1898 3725">
    <p class='ocr_par' dir='ltr' id='par_1_55' title="bbox 332 3652 1898 3725">
     <span class='ocr_line' id='line_1_55' title="bbox 332 3652 1898 3725; baseline 0.001 -19"><span class='ocrx_word' id='word_1_396' title='bbox 332 3652 470 3725; x_wconf 59' lang='grc' dir='ltr'>χῆς.</span> <span class='ocrx_word' id='word_1_397' title='bbox 506 3652 854 3725; x_wconf 21' lang='grc' dir='ltr'>Οοόεςιμιτιιις.</span> <span class='ocrx_word' id='word_1_398' title='bbox 877 3664 944 3725; x_wconf 52' lang='grc' dir='ltr'><strong>Δοι</strong></span> <span class='ocrx_word' id='word_1_399' title='bbox 976 3653 1163 3725; x_wconf 82' lang='lat' dir='ltr'><strong>Savilii</strong></span> <span class='ocrx_word' id='word_1_400' title='bbox 1207 3653 1761 3725; x_wconf 28' lang='lat' dir='ltr'><strong>vocemLintersernnt</strong></span> <span class='ocrx_word' id='word_1_401' title='bbox 1794 3658 1898 3707; x_wconf 87' lang='lat' dir='ltr'><strong>ltoc</strong></span> 
     </span>
    </p>
   </div>
   <div class='ocr_carea' id='block_1_56' title="bbox 338 3721 1897 3793">
    <p class='ocr_par' dir='ltr' id='par_1_56' title="bbox 338 3721 1897 3793">
     <span class='ocr_line' id='line_1_56' title="bbox 338 3721 1897 3793; baseline -0.001 -16"><span class='ocrx_word' id='word_1_402' title='bbox 338 3721 496 3777; x_wconf 80' lang='lat' dir='ltr'><strong>iitodo</strong></span> <span class='ocrx_word' id='word_1_403' title='bbox 527 3741 541 3777; x_wconf 88' lang='lat'><strong>:</strong></span> <span class='ocrx_word' id='word_1_404' title='bbox 580 3722 744 3775; x_wconf 83' lang='grc' dir='ltr'>καλόν</span> <span class='ocrx_word' id='word_1_405' title='bbox 775 3721 1228 3793; x_wconf 81' lang='grc' dir='ltr'>γε,ἔφη,φύλακὰ</span> <span class='ocrx_word' id='word_1_406' title='bbox 1254 3739 1318 3793; x_wconf 75' lang='grc' dir='ltr'><strong>σε</strong></span> <span class='ocrx_word' id='word_1_407' title='bbox 1349 3721 1466 3793; x_wconf 82' lang='grc' dir='ltr'>τῆς,</span> <span class='ocrx_word' id='word_1_408' title='bbox 1500 3738 1621 3791; x_wconf 62' lang='lat' dir='ltr'><strong>quae</strong></span> <span class='ocrx_word' id='word_1_409' title='bbox 1650 3737 1750 3793; x_wconf 80' lang='lat' dir='ltr'><strong>vox</strong></span> <span class='ocrx_word' id='word_1_410' title='bbox 1792 3736 1897 3793; x_wconf 75' lang='lat' dir='ltr'><strong>non</strong></span> 
     </span>
    </p>
   </div>
   <div class='ocr_carea' id='block_1_57' title="bbox 335 3790 1899 3862">
    <p class='ocr_par' dir='ltr' id='par_1_57' title="bbox 335 3790 1899 3862">
     <span class='ocr_line' id='line_1_57' title="bbox 335 3790 1899 3862; baseline -0.001 -15"><span class='ocrx_word' id='word_1_411' title='bbox 335 3793 663 3862; x_wconf 75' lang='lat' dir='ltr'><strong>mediocrem</strong></span> <span class='ocrx_word' id='word_1_412' title='bbox 692 3790 1216 3862; x_wconf 60' lang='lat' dir='ltr'><strong>addit&#39;elegantiam.</strong></span> <span class='ocrx_word' id='word_1_413' title='bbox 1253 3790 1422 3862; x_wconf 67' lang='lat' dir='ltr'><strong>Porro</strong></span> <span class='ocrx_word' id='word_1_414' title='bbox 1455 3790 1899 3862; x_wconf 34' lang='lat' dir='ltr'><strong>in’vetuSIissitno</strong></span> 
     </span>
    </p>
   </div>
   <div class='ocr_carea' id='block_1_58' title="bbox 333 3860 1901 3931">
    <p class='ocr_par' dir='ltr' id='par_1_58' title="bbox 333 3860 1901 3931">
     <span class='ocr_line' id='line_1_58' title="bbox 333 3860 1901 3931; baseline -0.001 -15"><span class='ocrx_word' id='word_1_415' title='bbox 333 3863 521 3916; x_wconf 83' lang='lat' dir='ltr'><strong>codice</strong></span> <span class='ocrx_word' id='word_1_416' title='bbox 563 3860 700 3915; x_wconf 82' lang='lat' dir='ltr'><strong>Maz.</strong></span> <span class='ocrx_word' id='word_1_417' title='bbox 747 3869 872 3931; x_wconf 89' lang='lat' dir='ltr'><strong>post</strong></span> <span class='ocrx_word' id='word_1_418' title='bbox 900 3860 1085 3916; x_wconf 73' lang='lat' dir='ltr'><strong>vocem</strong></span> <span class='ocrx_word' id='word_1_419' title='bbox 1135 3860 1429 3914; x_wconf 86' lang='grc' dir='ltr'>κατέλιπον</span> <span class='ocrx_word' id='word_1_420' title='bbox 1470 3861 1768 3929; x_wconf 86' lang='lat' dir='ltr'><strong>ascriptum</strong></span> <span class='ocrx_word' id='word_1_421' title='bbox 1815 3868 1901 3915; x_wconf 91' lang='lat' dir='ltr'><strong>est</strong></span> 
     </span>
    </p>
   </div>
   <div class='ocr_carea' id='block_1_59' title="bbox 372 3930 1895 4000">
    <p class='ocr_par' dir='ltr' id='par_1_59' title="bbox 372 3930 1895 4000">
     <span class='ocr_line' id='line_1_59' title="bbox 372 3930 1895 4000; baseline 0 -17"><span class='ocrx_word' id='word_1_422' title='bbox 372 3943 591 3985; x_wconf 91' lang='lat' dir='ltr'><strong>unctum</strong></span> <span class='ocrx_word' id='word_1_423' title='bbox 628 3946 749 3985; x_wconf 89' lang='lat' dir='ltr'><strong>cum</strong></span> <span class='ocrx_word' id='word_1_424' title='bbox 793 3930 1025 3999; x_wconf 75' lang='lat' dir='ltr'><strong>virgula,</strong></span> <span class='ocrx_word' id='word_1_425' title='bbox 1052 3945 1173 3999; x_wconf 58' lang='lat' dir='ltr'><strong>quae</strong></span> <span class='ocrx_word' id='word_1_426' title='bbox 1215 3941 1343 3985; x_wconf 92' lang='lat' dir='ltr'><strong>nota</strong></span> <span class='ocrx_word' id='word_1_427' title='bbox 1373 3941 1457 3984; x_wconf 91' lang='lat' dir='ltr'><strong>est</strong></span> <span class='ocrx_word' id='word_1_428' title='bbox 1486 3931 1895 4000; x_wconf 76' lang='lat' dir='ltr'><strong>indignationis.</strong></span> 
     </span>
    </p>
   </div>
   <div class='ocr_carea' id='block_1_60' title="bbox 332 3947 1904 4070">
    <p class='ocr_par' dir='ltr' id='par_1_60' title="bbox 332 3947 1904 4070">
     <span class='ocr_line' id='line_1_60' title="bbox 372 3947 1895 4000; baseline 0 -17"><span class='ocrx_word' id='word_1_429' title='bbox 372 3947 591 3985; x_wconf 88' lang='lat' dir='ltr'><strong>ttttClum</strong></span> <span class='ocrx_word' id='word_1_430' title='bbox 628 3947 749 3985; x_wconf 90' lang='lat' dir='ltr'><strong>cum</strong></span> <span class='ocrx_word' id='word_1_431' title='bbox 793 3947 1025 3999; x_wconf 74' lang='lat' dir='ltr'><strong>Vtrguta,</strong></span> <span class='ocrx_word' id='word_1_432' title='bbox 1052 3947 1173 3999; x_wconf 70' lang='lat' dir='ltr'><strong>qua:</strong></span> <span class='ocrx_word' id='word_1_433' title='bbox 1215 3947 1343 3985; x_wconf 82' lang='lat' dir='ltr'><strong>nata</strong></span> <span class='ocrx_word' id='word_1_434' title='bbox 1373 3947 1457 3984; x_wconf 74' lang='grc' dir='ltr'>ρει</span> <span class='ocrx_word' id='word_1_435' title='bbox 1486 3947 1895 4000; x_wconf 86' lang='lat' dir='ltr'><strong>tuutgnattonts.</strong></span> 
     </span>
     <span class='ocr_line' id='line_1_61' title="bbox 332 3947 1904 4070; baseline -0.003 -13"><span class='ocrx_word' id='word_1_436' title='bbox 332 3947 463 4057; x_wconf 56' lang='lat' dir='ltr'><strong>Place</strong></span> <span class='ocrx_word' id='word_1_437' title='bbox 490 4001 636 4055; x_wconf 91' lang='lat' dir='ltr'><strong>enim</strong></span> <span class='ocrx_word' id='word_1_438' title='bbox 669 4001 833 4055; x_wconf 84' lang='lat' dir='ltr'><strong>verba</strong></span> <span class='ocrx_word' id='word_1_439' title='bbox 878 4017 1000 4056; x_wconf 90' lang='lat' dir='ltr'><strong>cum</strong></span> <span class='ocrx_word' id='word_1_440' title='bbox 1036 4000 1342 4055; x_wconf 83' lang='lat' dir='ltr'><strong>vehementi</strong></span> <span class='ocrx_word' id='word_1_441' title='bbox 1370 4000 1603 4069; x_wconf 88' lang='lat' dir='ltr'><strong>quadam</strong></span> <span class='ocrx_word' id='word_1_442' title='bbox 1654 4000 1904 4070; x_wconf 88' lang='lat' dir='ltr'><strong>indigna-</strong></span> 
     </span>
    </p>
   </div>
   <div class='ocr_carea' id='block_1_61' title="bbox 334 4070 1090 4140">
    <p class='ocr_par' dir='ltr' id='par_1_61' title="bbox 334 4070 1090 4140">
     <span class='ocr_line' id='line_1_62' title="bbox 334 4070 1090 4140; baseline -0.007 -13"><span class='ocrx_word' id='word_1_443' title='bbox 334 4073 480 4127; x_wconf 84' lang='lat' dir='ltr'><strong>tione</strong></span> <span class='ocrx_word' id='word_1_444' title='bbox 501 4071 841 4140; x_wconf 86' lang='lat' dir='ltr'><strong>pronuntiari</strong></span> <span class='ocrx_word' id='word_1_445' title='bbox 868 4070 1090 4140; x_wconf 89' lang='lat' dir='ltr'><strong>debent.</strong></span> 
     </span>
    </p>
   </div>
   <div class='ocr_carea' id='block_1_62' title="bbox 378 4136 1906 4211">
    <p class='ocr_par' dir='ltr' id='par_1_62' title="bbox 378 4136 1906 4211">
     <span class='ocr_line' id='line_1_63' title="bbox 378 4136 1906 4211; baseline -0.001 -17"><span class='ocrx_word' id='word_1_446' title='bbox 378 4136 516 4211; x_wconf 78' lang='grc' dir='ltr'>ο(17)</span> <span class='ocrx_word' id='word_1_447' title='bbox 544 4143 649 4206; x_wconf 73' lang='grc' dir='ltr'><strong>Εἰς</strong></span> <span class='ocrx_word' id='word_1_448' title='bbox 689 4138 917 4211; x_wconf 20' lang='grc' dir='ltr'>φυγὴν-ί</span> <span class='ocrx_word' id='word_1_449' title='bbox 944 4139 1244 4207; x_wconf 71' lang='grc' dir='ltr'>αἰδεσθείς</span> <span class='ocrx_word' id='word_1_450' title='bbox 1287 4138 1612 4211; x_wconf 52' lang='grc' dir='ltr'>ἐτράπετο.</span> <span class='ocrx_word' id='word_1_451' title='bbox 1650 4136 1787 4211; x_wconf 65' lang='lat' dir='ltr'><strong>Haec</strong></span> <span class='ocrx_word' id='word_1_452' title='bbox 1822 4147 1906 4193; x_wconf 85' lang='lat' dir='ltr'><strong>est</strong></span> 
     </span>
    </p>
   </div>
   <div class='ocr_carea' id='block_1_63' title="bbox 335 4208 1903 4350">
    <p class='ocr_par' dir='ltr' id='par_1_63' title="bbox 335 4208 1903 4350">
     <span class='ocr_line' id='line_1_64' title="bbox 336 4208 1903 4279; baseline -0.003 -13"><span class='ocrx_word' id='word_1_453' title='bbox 336 4208 610 4279; x_wconf 83' lang='lat' dir='ltr'><strong>scriptura</strong></span> <span class='ocrx_word' id='word_1_454' title='bbox 643 4208 852 4265; x_wconf 79' lang='lat' dir='ltr'><strong>cedicis</strong></span> <span class='ocrx_word' id='word_1_455' title='bbox 893 4210 1078 4277; x_wconf 79' lang='lat' dir='ltr'><strong>Regii;</strong></span> <span class='ocrx_word' id='word_1_456' title='bbox 1127 4215 1220 4265; x_wconf 89' lang='lat' dir='ltr'><strong>sed</strong></span> <span class='ocrx_word' id='word_1_457' title='bbox 1262 4210 1454 4277; x_wconf 83' lang='lat' dir='ltr'><strong>reliqui</strong></span> <span class='ocrx_word' id='word_1_458' title='bbox 1494 4209 1711 4262; x_wconf 79' lang='lat' dir='ltr'><strong>codices</strong></span> <span class='ocrx_word' id='word_1_459' title='bbox 1740 4208 1903 4275; x_wconf 80' lang='lat' dir='ltr'><strong>Maz.,</strong></span> 
     </span>
     <span class='ocr_line' id='line_1_65' title="bbox 335 4278 1831 4350; baseline -0.004 -14"><span class='ocrx_word' id='word_1_460' title='bbox 335 4280 501 4350; x_wconf 69' lang='lat' dir='ltr'><strong>Ied.,</strong></span> <span class='ocrx_word' id='word_1_461' title='bbox 532 4279 669 4335; x_wconf 82' lang='lat' dir='ltr'><strong>Fuk.</strong></span> <span class='ocrx_word' id='word_1_462' title='bbox 695 4289 749 4334; x_wconf 90' lang='lat' dir='ltr'><strong>et</strong></span> <span class='ocrx_word' id='word_1_463' title='bbox 775 4280 943 4350; x_wconf 83' lang='lat' dir='ltr'><strong>Savil.</strong></span> <span class='ocrx_word' id='word_1_464' title='bbox 970 4286 1235 4349; x_wconf 83' lang='lat' dir='ltr'><strong>scriptum</strong></span> <span class='ocrx_word' id='word_1_465' title='bbox 1262 4280 1465 4350; x_wconf 78' lang='lat' dir='ltr'><strong>habent</strong></span> <span class='ocrx_word' id='word_1_466' title='bbox 1488 4278 1768 4350; x_wconf 58' lang='grc' dir='ltr'>ἐτρέπετο.</span> <span class='ocrx_word' id='word_1_467' title='bbox 1828 4349 1831 4350; x_wconf 15' lang='grc' dir='ltr'><em>ν</em></span> 
     </span>
    </p>
   </div>
   <div class='ocr_carea' id='block_1_64' title="bbox 407 4348 1904 4422">
    <p class='ocr_par' dir='ltr' id='par_1_64' title="bbox 407 4348 1904 4422">
     <span class='ocr_line' id='line_1_66' title="bbox 407 4348 1904 4422; baseline -0.001 -19"><span class='ocrx_word' id='word_1_468' title='bbox 407 4349 518 4422; x_wconf 84' lang='lat' dir='ltr'><strong>(l8)</strong></span> <span class='ocrx_word' id='word_1_469' title='bbox 571 4349 1012 4422; x_wconf 51' lang='lat' dir='ltr'><strong>Bagrré&#39;dpsrog</strong></span> <span class='ocrx_word' id='word_1_470' title='bbox 1042 4348 1111 4403; x_wconf 80' lang='grc' dir='ltr'>ἐκ</span> <span class='ocrx_word' id='word_1_471' title='bbox 1155 4348 1457 4422; x_wconf 35' lang='grc' dir='ltr'>δευτέρου..</span> <span class='ocrx_word' id='word_1_472' title='bbox 1491 4348 1781 4422; x_wconf 81' lang='lat' dir='ltr'><strong>Eleganter</strong></span> <span class='ocrx_word' id='word_1_473' title='bbox 1823 4349 1904 4422; x_wconf 81' lang='lat' dir='ltr'><strong>lo-</strong></span> 
     </span>
    </p>
   </div>
   <div class='ocr_carea' id='block_1_65' title="bbox 342 4418 1983 4507">
    <p class='ocr_par' dir='ltr' id='par_1_65' title="bbox 342 4418 1983 4507">
     <span class='ocr_line' id='line_1_67' title="bbox 342 4418 1983 4507; baseline -0.002 -33"><span class='ocrx_word' id='word_1_474' title='bbox 342 4418 521 4507; x_wconf 51' lang='lat' dir='ltr'><strong>cutus.</strong></span> <span class='ocrx_word' id='word_1_475' title='bbox 547 4418 914 4507; x_wconf 45' lang='lat' dir='ltr'><strong>est.Cletuens</strong></span> <span class='ocrx_word' id='word_1_476' title='bbox 951 4419 1371 4507; x_wconf 62' lang='lat' dir='ltr'><strong>Alexandrinus.</strong></span> <span class='ocrx_word' id='word_1_477' title='bbox 1406 4418 1539 4507; x_wconf 64' lang='lat' dir='ltr'><strong>Nam</strong></span> <span class='ocrx_word' id='word_1_478' title='bbox 1586 4418 1904 4507; x_wconf 60' lang='lat' dir='ltr'><strong>pceniteptia</strong></span> <span class='ocrx_word' id='word_1_479' title='bbox 1939 4451 1983 4507; x_wconf 65' lang='grc' dir='ltr'><strong>Β</strong></span> 
     </span>
    </p>
   </div>
   <div class='ocr_carea' id='block_1_66' title="bbox 339 4486 1907 4560">
    <p class='ocr_par' dir='ltr' id='par_1_66' title="bbox 339 4486 1907 4560">
     <span class='ocr_line' id='line_1_68' title="bbox 339 4486 1907 4560; baseline -0.001 -17"><span class='ocrx_word' id='word_1_480' title='bbox 339 4489 480 4543; x_wconf 89' lang='lat' dir='ltr'><strong>alter</strong></span> <span class='ocrx_word' id='word_1_481' title='bbox 509 4490 811 4560; x_wconf 86' lang='lat' dir='ltr'><strong>baptis_mus</strong></span> <span class='ocrx_word' id='word_1_482' title='bbox 834 4499 940 4555; x_wconf 90' lang='lat' dir='ltr'><strong>est,</strong></span> <span class='ocrx_word' id='word_1_483' title='bbox 970 4489 1063 4560; x_wconf 88' lang='lat' dir='ltr'><strong>qui</strong></span> <span class='ocrx_word' id='word_1_484' title='bbox 1097 4490 1460 4560; x_wconf 89' lang='lat' dir='ltr'><strong>lacrymarum</strong></span> <span class='ocrx_word' id='word_1_485' title='bbox 1494 4486 1649 4560; x_wconf 83' lang='lat' dir='ltr'><strong>fonte</strong></span> <span class='ocrx_word' id='word_1_486' title='bbox 1685 4487 1907 4560; x_wconf 81' lang='lat' dir='ltr'><strong>perﬁci-</strong></span> 
     </span>
    </p>
   </div>
   <div class='ocr_carea' id='block_1_67' title="bbox 342 4555 1909 4627">
    <p class='ocr_par' dir='ltr' id='par_1_67' title="bbox 342 4555 1909 4627">
     <span class='ocr_line' id='line_1_69' title="bbox 342 4555 1909 4627; baseline 0.001 -15"><span class='ocrx_word' id='word_1_487' title='bbox 342 4569 453 4627; x_wconf 78' lang='lat' dir='ltr'><strong>tur,</strong></span> <span class='ocrx_word' id='word_1_488' title='bbox 481 4567 540 4612; x_wconf 90' lang='lat' dir='ltr'><strong>ut</strong></span> <span class='ocrx_word' id='word_1_489' title='bbox 574 4555 649 4612; x_wconf 81' lang='lat' dir='ltr'><strong>ait</strong></span> <span class='ocrx_word' id='word_1_490' title='bbox 670 4555 968 4627; x_wconf 83' lang='lat' dir='ltr'><strong>Gregorius</strong></span> <span class='ocrx_word' id='word_1_491' title='bbox 989 4555 1127 4614; x_wconf 82' lang='lat' dir='ltr'><strong>Naz.</strong></span> <span class='ocrx_word' id='word_1_492' title='bbox 1174 4555 1228 4613; x_wconf 80' lang='lat' dir='ltr'><strong>iti</strong></span> <span class='ocrx_word' id='word_1_493' title='bbox 1260 4559 1498 4612; x_wconf 84' lang='lat' dir='ltr'><strong>oratione</strong></span> <span class='ocrx_word' id='word_1_494' title='bbox 1528 4558 1593 4611; x_wconf 80' lang='lat' dir='ltr'><strong>de</strong></span> <span class='ocrx_word' id='word_1_495' title='bbox 1614 4555 1909 4627; x_wconf 13' lang='lat' dir='ltr'><strong>gbaiptt&#39;sma.</strong></span> 
     </span>
    </p>
   </div>
   <div class='ocr_carea' id='block_1_68' title="bbox 339 4625 1915 4686">
    <p class='ocr_par' dir='ltr' id='par_1_68' title="bbox 339 4625 1915 4686">
     <span class='ocr_line' id='line_1_70' title="bbox 339 4625 1915 4686; baseline -0.002 -4"><span class='ocrx_word' id='word_1_496' title='bbox 339 4626 511 4682; x_wconf 85' lang='lat' dir='ltr'><strong>Porro</strong></span> <span class='ocrx_word' id='word_1_497' title='bbox 538 4628 591 4681; x_wconf 90' lang='lat' dir='ltr'><strong>in</strong></span> <span class='ocrx_word' id='word_1_498' title='bbox 630 4625 910 4683; x_wconf 80' lang='lat' dir='ltr'><strong>codicibus</strong></span> <span class='ocrx_word' id='word_1_499' title='bbox 938 4633 1140 4683; x_wconf 89' lang='lat' dir='ltr'><strong>nostris</strong></span> <span class='ocrx_word' id='word_1_500' title='bbox 1165 4628 1329 4686; x_wconf 80' lang='lat' dir='ltr'><strong>Maz..</strong></span> <span class='ocrx_word' id='word_1_501' title='bbox 1358 4627 1496 4681; x_wconf 87' lang='lat' dir='ltr'><strong>Med.</strong></span> <span class='ocrx_word' id='word_1_502' title='bbox 1522 4638 1577 4680; x_wconf 89' lang='lat' dir='ltr'><strong>et</strong></span> <span class='ocrx_word' id='word_1_503' title='bbox 1609 4625 1742 4683; x_wconf 82' lang='lat' dir='ltr'><strong>Fuk.</strong></span> <span class='ocrx_word' id='word_1_504' title='bbox 1775 4630 1915 4681; x_wconf 86' lang='lat' dir='ltr'><strong>scri-</strong></span> 
     </span>
    </p>
   </div>
   <div class='ocr_carea' id='block_1_69' title="bbox 342 4695 1912 4769">
    <p class='ocr_par' dir='ltr' id='par_1_69' title="bbox 342 4695 1912 4769">
     <span class='ocr_line' id='line_1_71' title="bbox 342 4695 1912 4769; baseline 0.001 -19"><span class='ocrx_word' id='word_1_505' title='bbox 342 4708 493 4769; x_wconf 83' lang='lat' dir='ltr'><strong>ptum</strong></span> <span class='ocrx_word' id='word_1_506' title='bbox 522 4697 704 4769; x_wconf 83' lang='lat' dir='ltr'><strong>inveni</strong></span> <span class='ocrx_word' id='word_1_507' title='bbox 730 4696 1126 4769; x_wconf 77' lang='grc' dir='ltr'>βαπτιζόμενος</span> <span class='ocrx_word' id='word_1_508' title='bbox 1141 4701 1220 4759; x_wconf 80' lang='grc' dir='ltr'><strong>,ὲκ</strong></span> <span class='ocrx_word' id='word_1_509' title='bbox 1250 4697 1343 4751; x_wconf 87' lang='grc' dir='ltr'><strong>τοῦ</strong></span> <span class='ocrx_word' id='word_1_510' title='bbox 1368 4697 1577 4769; x_wconf 79' lang='grc' dir='ltr'>ἑτέρου.</span> <span class='ocrx_word' id='word_1_511' title='bbox 1605 4695 1712 4753; x_wconf 87' lang='lat' dir='ltr'><strong>Sed</strong></span> <span class='ocrx_word' id='word_1_512' title='bbox 1759 4697 1912 4767; x_wconf 80' lang='lat' dir='ltr'><strong>Regii</strong></span> 
     </span>
    </p>
   </div>
   <div class='ocr_carea' id='block_1_70' title="bbox 342 4767 1281 4847">
    <p class='ocr_par' dir='ltr' id='par_1_70' title="bbox 342 4767 1281 4847">
     <span class='ocr_line' id='line_1_72' title="bbox 342 4767 1281 4847; baseline 0 -26"><span class='ocrx_word' id='word_1_513' title='bbox 342 4767 1281 4847; x_wconf 44' lang='lat' dir='ltr'><strong>codiciileetioneimmagis.probo.</strong></span> 
     </span>
    </p>
   </div>
   <div class='ocr_carea' id='block_1_71' title="bbox 412 4835 1912 4918">
    <p class='ocr_par' dir='ltr' id='par_1_71' title="bbox 412 4835 1912 4918">
     <span class='ocr_line' id='line_1_73' title="bbox 412 4835 1912 4918; baseline 0.001 -30"><span class='ocrx_word' id='word_1_514' title='bbox 412 4836 692 4918; x_wconf 63' lang='grc' dir='ltr'><strong>(ΙῼμΙαρὰ</strong></span> <span class='ocrx_word' id='word_1_515' title='bbox 720 4835 1128 4918; x_wconf 48' lang='grc' dir='ltr'>τοᾷΣωτῆρος</span> <span class='ocrx_word' id='word_1_516' title='bbox 1152 4837 1418 4906; x_wconf 80' lang='grc' dir='ltr'>ηὕρηται.</span> <span class='ocrx_word' id='word_1_517' title='bbox 1450 4836 1678 4918; x_wconf 77' lang='lat' dir='ltr'><strong>Ruﬁnus</strong></span> <span class='ocrx_word' id='word_1_518' title='bbox 1706 4845 1761 4891; x_wconf 92' lang='lat' dir='ltr'><strong>et</strong></span> <span class='ocrx_word' id='word_1_519' title='bbox 1781 4836 1912 4892; x_wconf 86' lang='lat' dir='ltr'><strong>reli-</strong></span> 
     </span>
    </p>
   </div>
   <div class='ocr_carea' id='block_1_72' title="bbox 344 4906 1914 4977">
    <p class='ocr_par' dir='ltr' id='par_1_72' title="bbox 344 4906 1914 4977">
     <span class='ocr_line' id='line_1_74' title="bbox 344 4906 1914 4977; baseline -0.001 -19"><span class='ocrx_word' id='word_1_520' title='bbox 344 4906 435 4977; x_wconf 89' lang='lat' dir='ltr'><strong>qui</strong></span> <span class='ocrx_word' id='word_1_521' title='bbox 473 4907 798 4974; x_wconf 88' lang='lat' dir='ltr'><strong>interpretes</strong></span> <span class='ocrx_word' id='word_1_522' title='bbox 818 4906 885 4977; x_wconf 86' lang='lat' dir='ltr'><strong>in</strong></span> <span class='ocrx_word' id='word_1_523' title='bbox 911 4906 1097 4960; x_wconf 88' lang='lat' dir='ltr'><strong>futuro</strong></span> <span class='ocrx_word' id='word_1_524' title='bbox 1131 4920 1428 4971; x_wconf 85' lang='lat' dir='ltr'><strong>verterunt,</strong></span> <span class='ocrx_word' id='word_1_525' title='bbox 1455 4910 1610 4977; x_wconf 90' lang='lat' dir='ltr'><strong>quasi</strong></span> <span class='ocrx_word' id='word_1_526' title='bbox 1645 4909 1914 4977; x_wconf 81' lang='lat' dir='ltr'><strong>legeretur</strong></span> 
     </span>
    </p>
   </div>
   <div class='ocr_carea' id='block_1_73' title="bbox 342 4976 1913 5048">
    <p class='ocr_par' dir='ltr' id='par_1_73' title="bbox 342 4976 1913 5048">
     <span class='ocr_line' id='line_1_75' title="bbox 342 4976 1913 5048; baseline -0.001 -18"><span class='ocrx_word' id='word_1_527' title='bbox 342 4976 838 5048; x_wconf 52' lang='lat' dir='ltr'><strong>sumserunquod</strong></span> <span class='ocrx_word' id='word_1_528' title='bbox 856 4991 961 5030; x_wconf 92' lang='lat' dir='ltr'><strong>non</strong></span> <span class='ocrx_word' id='word_1_529' title='bbox 994 4980 1184 5045; x_wconf 80' lang='lat' dir='ltr'><strong>probo.</strong></span> <span class='ocrx_word' id='word_1_530' title='bbox 1212 4976 1492 5032; x_wconf 82' lang='lat' dir='ltr'><strong>Eﬂicacius</strong></span> <span class='ocrx_word' id='word_1_531' title='bbox 1515 4978 1657 5032; x_wconf 88' lang='lat' dir='ltr'><strong>enim</strong></span> <span class='ocrx_word' id='word_1_532' title='bbox 1686 4976 1806 5031; x_wconf 86' lang='lat' dir='ltr'><strong>erat</strong></span> <span class='ocrx_word' id='word_1_533' title='bbox 1845 4976 1913 5030; x_wconf 89' lang='lat' dir='ltr'><strong>ad</strong></span> 
     </span>
    </p>
   </div>
   <div class='ocr_carea' id='block_1_74' title="bbox 343 5045 1912 5116">
    <p class='ocr_par' dir='ltr' id='par_1_74' title="bbox 343 5045 1912 5116">
     <span class='ocr_line' id='line_1_76' title="bbox 343 5045 1912 5116; baseline -0.003 -15"><span class='ocrx_word' id='word_1_534' title='bbox 343 5045 772 5116; x_wconf 74' lang='lat' dir='ltr'><strong>confirmandam</strong></span> <span class='ocrx_word' id='word_1_535' title='bbox 818 5045 1035 5112; x_wconf 81' lang='lat' dir='ltr'><strong>juvenis</strong></span> <span class='ocrx_word' id='word_1_536' title='bbox 1082 5057 1338 5113; x_wconf 86' lang='lat' dir='ltr'><strong>mentem,</strong></span> <span class='ocrx_word' id='word_1_537' title='bbox 1372 5049 1561 5116; x_wconf 86' lang='lat' dir='ltr'><strong>jurare</strong></span> <span class='ocrx_word' id='word_1_538' title='bbox 1601 5064 1660 5103; x_wconf 92' lang='lat' dir='ltr'><strong>sc</strong></span> <span class='ocrx_word' id='word_1_539' title='bbox 1698 5048 1912 5101; x_wconf 85' lang='lat' dir='ltr'><strong>veniam</strong></span> 
     </span>
    </p>
   </div>
   <div class='ocr_carea' id='block_1_75' title="bbox 347 5114 1913 5186">
    <p class='ocr_par' dir='ltr' id='par_1_75' title="bbox 347 5114 1913 5186">
     <span class='ocr_line' id='line_1_77' title="bbox 347 5114 1913 5186; baseline -0.002 -15"><span class='ocrx_word' id='word_1_540' title='bbox 347 5118 614 5171; x_wconf 90' lang='lat' dir='ltr'><strong>scelerum</strong></span> <span class='ocrx_word' id='word_1_541' title='bbox 650 5114 794 5169; x_wconf 88' lang='lat' dir='ltr'><strong>illius</strong></span> <span class='ocrx_word' id='word_1_542' title='bbox 822 5116 1147 5186; x_wconf 75' lang='lat' dir='ltr'><strong>impetrasse</strong></span> <span class='ocrx_word' id='word_1_543' title='bbox 1172 5131 1201 5169; x_wconf 88' lang='lat' dir='ltr'><strong>a</strong></span> <span class='ocrx_word' id='word_1_544' title='bbox 1233 5114 1549 5186; x_wconf 34' lang='lat' dir='ltr'><strong>Deo.‘quam</strong></span> <span class='ocrx_word' id='word_1_545' title='bbox 1577 5117 1815 5186; x_wconf 89' lang='lat' dir='ltr'><strong>polliceri</strong></span> <span class='ocrx_word' id='word_1_546' title='bbox 1854 5130 1913 5186; x_wconf 63' lang='lat' dir='ltr'><strong>se</strong></span> 
     </span>
    </p>
   </div>
   <div class='ocr_carea' id='block_1_76' title="bbox 348 5182 1906 5257">
    <p class='ocr_par' dir='ltr' id='par_1_76' title="bbox 348 5182 1906 5257">
     <span class='ocr_line' id='line_1_78' title="bbox 348 5182 1906 5257; baseline -0.002 -16"><span class='ocrx_word' id='word_1_547' title='bbox 348 5189 785 5257; x_wconf 82' lang='lat' dir='ltr'><strong>impetraturum.</strong></span> <span class='ocrx_word' id='word_1_548' title='bbox 822 5182 1006 5257; x_wconf 67' lang='lat' dir='ltr'><strong>Nostri</strong></span> <span class='ocrx_word' id='word_1_549' title='bbox 1047 5186 1264 5257; x_wconf 80' lang='lat' dir='ltr'><strong>codices</strong></span> <span class='ocrx_word' id='word_1_550' title='bbox 1314 5182 1479 5257; x_wconf 55' lang='lat' dir='ltr'><strong>Mam,</strong></span> <span class='ocrx_word' id='word_1_551' title='bbox 1511 5182 1650 5242; x_wconf 82' lang='lat' dir='ltr'><strong>Med.</strong></span> <span class='ocrx_word' id='word_1_552' title='bbox 1685 5198 1741 5241; x_wconf 89' lang='lat' dir='ltr'><strong>et</strong></span> <span class='ocrx_word' id='word_1_553' title='bbox 1773 5183 1906 5239; x_wconf 48' lang='grc' dir='ltr'>ιλιι.</span> 
     </span>
    </p>
   </div>
   <div class='ocr_carea' id='block_1_77' title="bbox 345 5253 1574 5327">
    <p class='ocr_par' dir='ltr' id='par_1_77' title="bbox 345 5253 1574 5327">
     <span class='ocr_line' id='line_1_79' title="bbox 345 5253 1574 5327; baseline -0.004 -13"><span class='ocrx_word' id='word_1_554' title='bbox 345 5253 606 5327; x_wconf 71' lang='lat' dir='ltr'><strong>scriptum</strong></span> <span class='ocrx_word' id='word_1_555' title='bbox 640 5254 845 5327; x_wconf 85' lang='lat' dir='ltr'><strong>habent</strong></span> <span class='ocrx_word' id='word_1_556' title='bbox 868 5253 1128 5325; x_wconf 78' lang='grc' dir='ltr'>ηὕρηται·</span> <span class='ocrx_word' id='word_1_557' title='bbox 1151 5256 1299 5323; x_wconf 88' lang='lat' dir='ltr'><strong>alibi,</strong></span> <span class='ocrx_word' id='word_1_558' title='bbox 1324 5254 1574 5327; x_wconf 75' lang='grc' dir='ltr'>εὓρηται.</span> 
     </span>
    </p>
   </div>
   <div class='ocr_carea' id='block_1_78' title="bbox 421 5324 1915 5399">
    <p class='ocr_par' dir='ltr' id='par_1_78' title="bbox 421 5324 1915 5399">
     <span class='ocr_line' id='line_1_80' title="bbox 421 5324 1915 5399; baseline 0 -19"><span class='ocrx_word' id='word_1_559' title='bbox 421 5326 532 5399; x_wconf 78' lang='lat'><strong>(20)</strong></span> <span class='ocrx_word' id='word_1_560' title='bbox 558 5324 879 5399; x_wconf 77' lang='grc' dir='ltr'>Νηστείαις</span> <span class='ocrx_word' id='word_1_561' title='bbox 908 5324 1582 5399; x_wconf 49' lang='grc' dir='ltr'>ανταγιονιςᾴμενοῤ.-ίιι</span> <span class='ocrx_word' id='word_1_562' title='bbox 1600 5326 1787 5380; x_wconf 88' lang='lat' dir='ltr'><strong>codice</strong></span> <span class='ocrx_word' id='word_1_563' title='bbox 1810 5325 1915 5379; x_wconf 81' lang='lat' dir='ltr'><strong>Re-</strong></span> 
     </span>
    </p>
   </div>
   <div class='ocr_carea' id='block_1_79' title="bbox 346 5392 1915 5469">
    <p class='ocr_par' dir='ltr' id='par_1_79' title="bbox 346 5392 1915 5469">
     <span class='ocr_line' id='line_1_81' title="bbox 346 5392 1915 5469; baseline -0.001 -17"><span class='ocrx_word' id='word_1_564' title='bbox 346 5392 439 5469; x_wconf 76' lang='lat' dir='ltr'><strong>gio</strong></span> <span class='ocrx_word' id='word_1_565' title='bbox 466 5392 726 5464; x_wconf 77' lang='lat' dir='ltr'><strong>scriptum</strong></span> <span class='ocrx_word' id='word_1_566' title='bbox 758 5396 934 5469; x_wconf 77' lang='lat' dir='ltr'><strong>reperi</strong></span> <span class='ocrx_word' id='word_1_567' title='bbox 959 5392 1459 5466; x_wconf 80' lang='grc' dir='ltr'>ἐξευμενιζόμενος.</span> <span class='ocrx_word' id='word_1_568' title='bbox 1484 5395 1709 5469; x_wconf 69' lang='lat' dir='ltr'><strong>vulgata</strong></span> <span class='ocrx_word' id='word_1_569' title='bbox 1738 5407 1915 5469; x_wconf 75' lang='lat' dir='ltr'><strong>tamen</strong></span> 
     </span>
    </p>
   </div>
   <div class='ocr_carea' id='block_1_80' title="bbox 348 5464 1920 5535">
    <p class='ocr_par' dir='ltr' id='par_1_80' title="bbox 348 5464 1920 5535">
     <span class='ocr_line' id='line_1_82' title="bbox 348 5464 1920 5535; baseline -0.003 -12"><span class='ocrx_word' id='word_1_570' title='bbox 348 5464 627 5535; x_wconf 67' lang='lat' dir='ltr'><strong>ﬁcriptura</strong></span> <span class='ocrx_word' id='word_1_571' title='bbox 661 5467 834 5535; x_wconf 82' lang='lat' dir='ltr'><strong>magis</strong></span> <span class='ocrx_word' id='word_1_572' title='bbox 861 5464 1248 5535; x_wconf 41' lang='lat' dir='ltr'><strong>placetpquam</strong></span> <span class='ocrx_word' id='word_1_573' title='bbox 1284 5464 1334 5517; x_wconf 80' lang='lat' dir='ltr'><strong>in</strong></span> <span class='ocrx_word' id='word_1_574' title='bbox 1363 5466 1563 5520; x_wconf 87' lang='lat' dir='ltr'><strong>nostris</strong></span> <span class='ocrx_word' id='word_1_575' title='bbox 1593 5464 1920 5535; x_wconf 72' lang='lat' dir='ltr'><strong>exemplari-</strong></span> 
     </span>
    </p>
   </div>
   <div class='ocr_carea' id='block_1_81' title="bbox 357 5534 1918 5592">
    <p class='ocr_par' dir='ltr' id='par_1_81' title="bbox 357 5534 1918 5592">
     <span class='ocr_line' id='line_1_83' title="bbox 357 5534 1918 5592; baseline -0.001 0"><span class='ocrx_word' id='word_1_576' title='bbox 357 5534 804 5592; x_wconf 81' lang='lat' dir='ltr'><strong>susinvenimus.</strong></span> <span class='ocrx_word' id='word_1_577' title='bbox 845 5535 952 5588; x_wconf 80' lang='lat' dir='ltr'><strong>Sed</strong></span> <span class='ocrx_word' id='word_1_578' title='bbox 975 5543 1031 5589; x_wconf 86' lang='lat' dir='ltr'><strong>et</strong></span> <span class='ocrx_word' id='word_1_579' title='bbox 1060 5534 1289 5589; x_wconf 73' lang='lat' dir='ltr'><strong>I’tuﬁnus</strong></span> <span class='ocrx_word' id='word_1_580' title='bbox 1331 5536 1577 5589; x_wconf 89' lang='lat' dir='ltr'><strong>eamdem</strong></span> <span class='ocrx_word' id='word_1_581' title='bbox 1618 5534 1918 5590; x_wconf 89' lang='lat' dir='ltr'><strong>lectionem</strong></span> 
     </span>
    </p>
   </div>
   <div class='ocr_carea' id='block_1_82' title="bbox 349 5605 1919 5674">
    <p class='ocr_par' dir='ltr' id='par_1_82' title="bbox 349 5605 1919 5674">
     <span class='ocr_line' id='line_1_84' title="bbox 349 5605 1919 5674; baseline -0.001 -13"><span class='ocrx_word' id='word_1_582' title='bbox 349 5615 572 5661; x_wconf 84' lang='lat' dir='ltr'><strong>secutus</strong></span> <span class='ocrx_word' id='word_1_583' title='bbox 602 5613 705 5670; x_wconf 85' lang='lat' dir='ltr'><strong>est,</strong></span> <span class='ocrx_word' id='word_1_584' title='bbox 726 5620 846 5658; x_wconf 89' lang='lat' dir='ltr'><strong>cum</strong></span> <span class='ocrx_word' id='word_1_585' title='bbox 872 5605 1163 5674; x_wconf 20' lang='lat' dir='ltr'><strong>itaivertit,</strong></span> <span class='ocrx_word' id='word_1_586' title='bbox 1196 5614 1246 5657; x_wconf 84' lang='lat' dir='ltr'><strong>et</strong></span> <span class='ocrx_word' id='word_1_587' title='bbox 1282 5620 1400 5657; x_wconf 83' lang='lat' dir='ltr'><strong>cum</strong></span> <span class='ocrx_word' id='word_1_588' title='bbox 1430 5605 1542 5670; x_wconf 77' lang='lat' dir='ltr'><strong>ipso</strong></span> <span class='ocrx_word' id='word_1_589' title='bbox 1578 5608 1781 5674; x_wconf 78' lang='lat' dir='ltr'><strong>pariter</strong></span> <span class='ocrx_word' id='word_1_590' title='bbox 1817 5609 1919 5659; x_wconf 84' lang='lat' dir='ltr'><strong>du-</strong></span> 
     </span>
    </p>
   </div>
   <div class='ocr_carea' id='block_1_83' title="bbox 348 5673 1919 5745">
    <p class='ocr_par' dir='ltr' id='par_1_83' title="bbox 348 5673 1919 5745">
     <span class='ocr_line' id='line_1_85' title="bbox 348 5673 1919 5745; baseline 0 -16"><span class='ocrx_word' id='word_1_591' title='bbox 348 5693 471 5730; x_wconf 76' lang='lat' dir='ltr'><strong>cens</strong></span> <span class='ocrx_word' id='word_1_592' title='bbox 498 5676 678 5729; x_wconf 82' lang='lat' dir='ltr'><strong>crebra</strong></span> <span class='ocrx_word' id='word_1_593' title='bbox 699 5675 934 5745; x_wconf 77' lang='lat' dir='ltr'><strong>jejunio.</strong></span> <span class='ocrx_word' id='word_1_594' title='bbox 953 5673 1289 5743; x_wconf 82' lang='lat' dir='ltr'><strong>Nicephorus</strong></span> <span class='ocrx_word' id='word_1_595' title='bbox 1310 5688 1529 5745; x_wconf 81' lang='lat' dir='ltr'><strong>quoque</strong></span> <span class='ocrx_word' id='word_1_596' title='bbox 1555 5673 1717 5729; x_wconf 89' lang='lat' dir='ltr'><strong>habet</strong></span> <span class='ocrx_word' id='word_1_597' title='bbox 1740 5692 1919 5729; x_wconf 84' lang='grc' dir='ltr'>συναι-</span> 
     </span>
    </p>
   </div>
   <div class='ocr_carea' id='block_1_84' title="bbox 350 5742 1917 5817">
    <p class='ocr_par' dir='ltr' id='par_1_84' title="bbox 350 5742 1917 5817">
     <span class='ocr_line' id='line_1_86' title="bbox 350 5742 1917 5817; baseline 0.003 -17"><span class='ocrx_word' id='word_1_598' title='bbox 350 5746 600 5816; x_wconf 86' lang='grc' dir='ltr'>ρόμενος,</span> <span class='ocrx_word' id='word_1_599' title='bbox 634 5742 776 5816; x_wconf 84' lang='lat' dir='ltr'><strong>quod</strong></span> <span class='ocrx_word' id='word_1_600' title='bbox 816 5746 957 5801; x_wconf 88' lang='lat' dir='ltr'><strong>idem</strong></span> <span class='ocrx_word' id='word_1_601' title='bbox 992 5742 1166 5801; x_wconf 32' lang='lat' dir='ltr'><strong>est’ac</strong></span> <span class='ocrx_word' id='word_1_602' title='bbox 1194 5742 1715 5817; x_wconf 71' lang='grc' dir='ltr'>συναγωνιζόμενος.</span> <span class='ocrx_word' id='word_1_603' title='bbox 1748 5748 1917 5805; x_wconf 84' lang='lat' dir='ltr'><strong>l’orro</strong></span> 
     </span>
    </p>
   </div>
   <div class='ocr_carea' id='block_1_85' title="bbox 1998 1882 3566 1957">
    <p class='ocr_par' dir='ltr' id='par_1_85' title="bbox 1998 1882 3566 1957">
     <span class='ocr_line' id='line_1_87' title="bbox 1998 1882 3566 1957; baseline 0.007 -21"><span class='ocrx_word' id='word_1_604' title='bbox 1998 1883 2476 1939; x_wconf 87' lang='lat' dir='ltr'><strong>commilitonibus.</strong></span> <span class='ocrx_word' id='word_1_605' title='bbox 2504 1882 2599 1939; x_wconf 85' lang='lat' dir='ltr'><strong>llis</strong></span> <span class='ocrx_word' id='word_1_606' title='bbox 2626 1884 2825 1940; x_wconf 85' lang='lat' dir='ltr'><strong>auditis</strong></span> <span class='ocrx_word' id='word_1_607' title='bbox 2867 1888 3140 1957; x_wconf 88' lang='lat' dir='ltr'><strong>apostolus</strong></span> <span class='ocrx_word' id='word_1_608' title='bbox 3170 1890 3341 1945; x_wconf 90' lang='lat' dir='ltr'><strong>scissa</strong></span> <span class='ocrx_word' id='word_1_609' title='bbox 3392 1901 3566 1956; x_wconf 89' lang='lat' dir='ltr'><strong>veste,</strong></span> 
     </span>
    </p>
   </div>
   <div class='ocr_carea' id='block_1_86' title="bbox 2000 1976 3568 2051">
    <p class='ocr_par' dir='ltr' id='par_1_86' title="bbox 2000 1976 3568 2051">
     <span class='ocr_line' id='line_1_88' title="bbox 2000 1976 3568 2051; baseline 0.006 -23"><span class='ocrx_word' id='word_1_610' title='bbox 2000 1983 2203 2029; x_wconf 91' lang='lat' dir='ltr'><strong>etcum</strong></span> <span class='ocrx_word' id='word_1_611' title='bbox 2237 1976 2440 2046; x_wconf 80' lang='lat' dir='ltr'><strong>ingenti</strong></span> <span class='ocrx_word' id='word_1_612' title='bbox 2468 1978 2673 2046; x_wconf 80' lang='lat' dir='ltr'><strong>gemitu</strong></span> <span class='ocrx_word' id='word_1_613' title='bbox 2719 1976 3117 2051; x_wconf 84' lang='lat' dir='ltr'><strong>caputferiens</strong></span> <span class='ocrx_word' id='word_1_614' title='bbox 3150 1999 3164 2034; x_wconf 86' lang='lat'><strong>:</strong></span> <span class='ocrx_word' id='word_1_615' title='bbox 3205 1981 3435 2047; x_wconf 86' lang='lat' dir='ltr'><strong>Bonum,</strong></span> <span class='ocrx_word' id='word_1_616' title='bbox 3484 1984 3568 2037; x_wconf 78' lang='grc' dir='ltr'><strong>ἰη-</strong></span> 
     </span>
    </p>
   </div>
   <div class='ocr_carea' id='block_1_87' title="bbox 1998 2067 3567 2143">
    <p class='ocr_par' dir='ltr' id='par_1_87' title="bbox 1998 2067 3567 2143">
     <span class='ocr_line' id='line_1_89' title="bbox 1998 2067 3567 2143; baseline 0.006 -24"><span class='ocrx_word' id='word_1_617' title='bbox 1998 2067 2137 2136; x_wconf 90' lang='lat' dir='ltr'><strong>quit,</strong></span> <span class='ocrx_word' id='word_1_618' title='bbox 2167 2068 2360 2121; x_wconf 65' lang='lat' dir='ltr'><strong>animae</strong></span> <span class='ocrx_word' id='word_1_619' title='bbox 2390 2067 2571 2123; x_wconf 83' lang='lat' dir='ltr'><strong>fratris</strong></span> <span class='ocrx_word' id='word_1_620' title='bbox 2594 2068 2870 2123; x_wconf 92' lang='lat' dir='ltr'><strong>custodem</strong></span> <span class='ocrx_word' id='word_1_621' title='bbox 2894 2070 3107 2138; x_wconf 87' lang='lat' dir='ltr'><strong>reliqui.</strong></span> <span class='ocrx_word' id='word_1_622' title='bbox 3131 2071 3237 2125; x_wconf 81' lang='lat' dir='ltr'><strong>Sed</strong></span> <span class='ocrx_word' id='word_1_623' title='bbox 3259 2071 3370 2139; x_wconf 83' lang='lat' dir='ltr'><strong>jam</strong></span> <span class='ocrx_word' id='word_1_624' title='bbox 3396 2088 3567 2143; x_wconf 86' lang='lat' dir='ltr'><strong>equus</strong></span> 
     </span>
    </p>
   </div>
   <div class='ocr_carea' id='block_1_88' title="bbox 1998 2158 3457 2229">
    <p class='ocr_par' dir='ltr' id='par_1_88' title="bbox 1998 2158 3457 2229">
     <span class='ocr_line' id='line_1_90' title="bbox 1998 2158 3457 2229; baseline 0.005 -15"><span class='ocrx_word' id='word_1_625' title='bbox 1998 2159 2131 2214; x_wconf 89' lang='lat' dir='ltr'><strong>mihi</strong></span> <span class='ocrx_word' id='word_1_626' title='bbox 2165 2168 2360 2229; x_wconf 68' lang='lat' dir='ltr'><strong>praesto</strong></span> <span class='ocrx_word' id='word_1_627' title='bbox 2387 2159 2481 2227; x_wconf 90' lang='lat' dir='ltr'><strong>sit,</strong></span> <span class='ocrx_word' id='word_1_628' title='bbox 2512 2167 2567 2214; x_wconf 93' lang='lat' dir='ltr'><strong>et</strong></span> <span class='ocrx_word' id='word_1_629' title='bbox 2599 2158 2796 2229; x_wconf 90' lang='lat' dir='ltr'><strong>aliquis</strong></span> <span class='ocrx_word' id='word_1_630' title='bbox 2825 2161 3021 2216; x_wconf 88' lang='lat' dir='ltr'><strong>ductor</strong></span> <span class='ocrx_word' id='word_1_631' title='bbox 3061 2162 3293 2221; x_wconf 89' lang='lat' dir='ltr'><strong>itineris.</strong></span> <span class='ocrx_word' id='word_1_632' title='bbox 3330 2166 3457 2221; x_wconf 90' lang='lat' dir='ltr'><strong>Inde</strong></span> 
     </span>
    </p>
   </div>
   <div class='ocr_carea' id='block_1_89' title="bbox 2001 2243 3569 2329">
    <p class='ocr_par' dir='ltr' id='par_1_89' title="bbox 2001 2243 3569 2329">
     <span class='ocr_line' id='line_1_91' title="bbox 2001 2243 3569 2329; baseline 0.01 -29"><span class='ocrx_word' id='word_1_633' title='bbox 2001 2243 2260 2316; x_wconf 87' lang='lat' dir='ltr'><strong>Ecclesia,</strong></span> <span class='ocrx_word' id='word_1_634' title='bbox 2299 2245 2375 2304; x_wconf 89' lang='lat' dir='ltr'><strong>ita</strong></span> <span class='ocrx_word' id='word_1_635' title='bbox 2432 2260 2491 2305; x_wconf 90' lang='lat' dir='ltr'><strong>ut</strong></span> <span class='ocrx_word' id='word_1_636' title='bbox 2534 2260 2672 2317; x_wconf 89' lang='lat' dir='ltr'><strong>erat,</strong></span> <span class='ocrx_word' id='word_1_637' title='bbox 2727 2252 3029 2323; x_wconf 88' lang='lat' dir='ltr'><strong>profectus,</strong></span> <span class='ocrx_word' id='word_1_638' title='bbox 3074 2267 3375 2311; x_wconf 85' lang='lat' dir='ltr'><strong>conscenso</strong></span> <span class='ocrx_word' id='word_1_639' title='bbox 3425 2272 3569 2329; x_wconf 91' lang='lat' dir='ltr'><strong>equo</strong></span> 
     </span>
    </p>
   </div>
   <div class='ocr_carea' id='block_1_90' title="bbox 2000 2340 3566 2415">
    <p class='ocr_par' dir='ltr' id='par_1_90' title="bbox 2000 2340 3566 2415">
     <span class='ocr_line' id='line_1_92' title="bbox 2000 2340 3566 2415; baseline 0.003 -20"><span class='ocrx_word' id='word_1_640' title='bbox 2000 2340 2332 2411; x_wconf 85' lang='lat' dir='ltr'><strong>properavit.</strong></span> <span class='ocrx_word' id='word_1_641' title='bbox 2364 2342 2610 2412; x_wconf 90' lang='lat' dir='ltr'><strong>Cumque</strong></span> <span class='ocrx_word' id='word_1_642' title='bbox 2639 2345 2706 2398; x_wconf 88' lang='lat' dir='ltr'><strong>ad</strong></span> <span class='ocrx_word' id='word_1_643' title='bbox 2754 2342 2932 2398; x_wconf 92' lang='lat' dir='ltr'><strong>locum</strong></span> <span class='ocrx_word' id='word_1_644' title='bbox 2972 2344 3236 2411; x_wconf 85' lang='lat' dir='ltr'><strong>venisset,</strong></span> <span class='ocrx_word' id='word_1_645' title='bbox 3278 2347 3346 2404; x_wconf 88' lang='lat' dir='ltr'><strong>ab</strong></span> <span class='ocrx_word' id='word_1_646' title='bbox 3380 2346 3449 2403; x_wconf 88' lang='lat' dir='ltr'><strong>iis</strong></span> <span class='ocrx_word' id='word_1_647' title='bbox 3471 2346 3566 2415; x_wconf 88' lang='lat' dir='ltr'><strong>qui</strong></span> 
     </span>
    </p>
   </div>
   <div class='ocr_carea' id='block_1_91' title="bbox 2000 2432 3569 2504">
    <p class='ocr_par' dir='ltr' id='par_1_91' title="bbox 2000 2432 3569 2504">
     <span class='ocr_line' id='line_1_93' title="bbox 2000 2432 3569 2504; baseline 0.003 -19"><span class='ocrx_word' id='word_1_648' title='bbox 2000 2432 2262 2487; x_wconf 80' lang='lat' dir='ltr'><strong>excubias</strong></span> <span class='ocrx_word' id='word_1_649' title='bbox 2308 2432 2539 2503; x_wconf 77' lang='lat' dir='ltr'><strong>agebant</strong></span> <span class='ocrx_word' id='word_1_650' title='bbox 2578 2433 2879 2488; x_wconf 89' lang='lat' dir='ltr'><strong>latronibus</strong></span> <span class='ocrx_word' id='word_1_651' title='bbox 2920 2434 3175 2504; x_wconf 88' lang='lat' dir='ltr'><strong>capitur:</strong></span> <span class='ocrx_word' id='word_1_652' title='bbox 3213 2451 3320 2490; x_wconf 91' lang='lat' dir='ltr'><strong>non</strong></span> <span class='ocrx_word' id='word_1_653' title='bbox 3352 2435 3439 2490; x_wconf 87' lang='lat' dir='ltr'><strong>ille</strong></span> <span class='ocrx_word' id='word_1_654' title='bbox 3484 2433 3569 2490; x_wconf 91' lang='lat' dir='ltr'><strong>fu-</strong></span> 
     </span>
    </p>
   </div>
   <div class='ocr_carea' id='block_1_92' title="bbox 2001 2526 3564 2596">
    <p class='ocr_par' dir='ltr' id='par_1_92' title="bbox 2001 2526 3564 2596">
     <span class='ocr_line' id='line_1_94' title="bbox 2001 2526 3564 2596; baseline 0.004 -19"><span class='ocrx_word' id='word_1_655' title='bbox 2001 2538 2125 2594; x_wconf 86' lang='lat' dir='ltr'><strong>gam</strong></span> <span class='ocrx_word' id='word_1_656' title='bbox 2159 2538 2380 2593; x_wconf 90' lang='lat' dir='ltr'><strong>parans,</strong></span> <span class='ocrx_word' id='word_1_657' title='bbox 2405 2539 2507 2579; x_wconf 91' lang='lat' dir='ltr'><strong>nec</strong></span> <span class='ocrx_word' id='word_1_658' title='bbox 2525 2526 2736 2579; x_wconf 86' lang='lat' dir='ltr'><strong>veniam</strong></span> <span class='ocrx_word' id='word_1_659' title='bbox 2761 2526 3076 2596; x_wconf 89' lang='lat' dir='ltr'><strong>deprecans,</strong></span> <span class='ocrx_word' id='word_1_660' title='bbox 3100 2527 3192 2581; x_wconf 91' lang='lat' dir='ltr'><strong>sed</strong></span> <span class='ocrx_word' id='word_1_661' title='bbox 3216 2526 3516 2583; x_wconf 83' lang='lat' dir='ltr'><strong>vociferans</strong></span> <span class='ocrx_word' id='word_1_662' title='bbox 3545 2546 3564 2584; x_wconf 88' lang='lat'><strong>:</strong></span> 
     </span>
    </p>
   </div>
   <div class='ocr_carea' id='block_1_93' title="bbox 2000 2615 3565 2686">
    <p class='ocr_par' dir='ltr' id='par_1_93' title="bbox 2000 2615 3565 2686">
     <span class='ocr_line' id='line_1_95' title="bbox 2000 2615 3565 2686; baseline 0.004 -18"><span class='ocrx_word' id='word_1_663' title='bbox 2000 2615 2082 2669; x_wconf 85' lang='lat' dir='ltr'><strong>Ad</strong></span> <span class='ocrx_word' id='word_1_664' title='bbox 2120 2615 2223 2669; x_wconf 91' lang='lat' dir='ltr'><strong>hoc</strong></span> <span class='ocrx_word' id='word_1_665' title='bbox 2244 2616 2414 2686; x_wconf 81' lang='lat' dir='ltr'><strong>ipsum</strong></span> <span class='ocrx_word' id='word_1_666' title='bbox 2441 2616 2584 2683; x_wconf 88' lang='lat' dir='ltr'><strong>veni,</strong></span> <span class='ocrx_word' id='word_1_667' title='bbox 2604 2617 2851 2672; x_wconf 89' lang='lat' dir='ltr'><strong>deducite</strong></span> <span class='ocrx_word' id='word_1_668' title='bbox 2886 2633 2970 2671; x_wconf 89' lang='lat' dir='ltr'><strong>me</strong></span> <span class='ocrx_word' id='word_1_669' title='bbox 2995 2619 3061 2671; x_wconf 90' lang='lat' dir='ltr'><strong>ad</strong></span> <span class='ocrx_word' id='word_1_670' title='bbox 3092 2618 3279 2674; x_wconf 90' lang='lat' dir='ltr'><strong>ducem</strong></span> <span class='ocrx_word' id='word_1_671' title='bbox 3302 2631 3565 2675; x_wconf 83' lang='lat' dir='ltr'><strong>vestrum.</strong></span> 
     </span>
    </p>
   </div>
   <div class='ocr_carea' id='block_1_94' title="bbox 2000 2702 3570 2780">
    <p class='ocr_par' dir='ltr' id='par_1_94' title="bbox 2000 2702 3570 2780">
     <span class='ocr_line' id='line_1_96' title="bbox 2000 2702 3570 2780; baseline 0.007 -25"><span class='ocrx_word' id='word_1_672' title='bbox 2000 2702 2051 2759; x_wconf 90' lang='lat' dir='ltr'><strong>Is</strong></span> <span class='ocrx_word' id='word_1_673' title='bbox 2085 2720 2214 2761; x_wconf 88' lang='lat' dir='ltr'><strong>vero</strong></span> <span class='ocrx_word' id='word_1_674' title='bbox 2242 2714 2301 2759; x_wconf 93' lang='lat' dir='ltr'><strong>ut</strong></span> <span class='ocrx_word' id='word_1_675' title='bbox 2332 2713 2450 2761; x_wconf 90' lang='lat' dir='ltr'><strong>erat</strong></span> <span class='ocrx_word' id='word_1_676' title='bbox 2493 2716 2733 2764; x_wconf 91' lang='lat' dir='ltr'><strong>armatus</strong></span> <span class='ocrx_word' id='word_1_677' title='bbox 2777 2710 2991 2764; x_wconf 90' lang='lat' dir='ltr'><strong>interim</strong></span> <span class='ocrx_word' id='word_1_678' title='bbox 3047 2712 3418 2780; x_wconf 80' lang='lat' dir='ltr'><strong>exspectabat.</strong></span> <span class='ocrx_word' id='word_1_679' title='bbox 3461 2711 3570 2767; x_wconf 88' lang='lat' dir='ltr'><strong>Sed</strong></span> 
     </span>
    </p>
   </div>
   <div class='ocr_carea' id='block_1_95' title="bbox 2000 2796 3573 2875">
    <p class='ocr_par' dir='ltr' id='par_1_95' title="bbox 2000 2796 3573 2875">
     <span class='ocr_line' id='line_1_97' title="bbox 2000 2796 3573 2875; baseline 0.005 -25"><span class='ocrx_word' id='word_1_680' title='bbox 2000 2796 2092 2851; x_wconf 90' lang='lat' dir='ltr'><strong>ubi</strong></span> <span class='ocrx_word' id='word_1_681' title='bbox 2122 2796 2469 2853; x_wconf 84' lang='lat' dir='ltr'><strong>accedentem</strong></span> <span class='ocrx_word' id='word_1_682' title='bbox 2498 2801 2722 2869; x_wconf 88' lang='lat' dir='ltr'><strong>propius</strong></span> <span class='ocrx_word' id='word_1_683' title='bbox 2751 2803 2968 2869; x_wconf 83' lang='lat' dir='ltr'><strong>agnovit</strong></span> <span class='ocrx_word' id='word_1_684' title='bbox 2992 2799 3279 2868; x_wconf 76' lang='lat' dir='ltr'><strong>Joannem,</strong></span> <span class='ocrx_word' id='word_1_685' title='bbox 3326 2819 3437 2874; x_wconf 74' lang='lat' dir='ltr'><strong>pra:</strong></span> <span class='ocrx_word' id='word_1_686' title='bbox 3473 2821 3573 2875; x_wconf 86' lang='lat' dir='ltr'><strong>pu-</strong></span> 
     </span>
    </p>
   </div>
   <div class='ocr_carea' id='block_1_96' title="bbox 2001 2888 3575 2960">
    <p class='ocr_par' dir='ltr' id='par_1_96' title="bbox 2001 2888 3575 2960">
     <span class='ocr_line' id='line_1_98' title="bbox 2001 2888 3575 2960; baseline 0.005 -19"><span class='ocrx_word' id='word_1_687' title='bbox 2001 2888 2133 2943; x_wconf 88' lang='lat' dir='ltr'><strong>dore</strong></span> <span class='ocrx_word' id='word_1_688' title='bbox 2160 2888 2216 2943; x_wconf 91' lang='lat' dir='ltr'><strong>in</strong></span> <span class='ocrx_word' id='word_1_689' title='bbox 2266 2888 2445 2960; x_wconf 86' lang='lat' dir='ltr'><strong>fugam</strong></span> <span class='ocrx_word' id='word_1_690' title='bbox 2500 2905 2558 2944; x_wconf 89' lang='lat' dir='ltr'><strong>se</strong></span> <span class='ocrx_word' id='word_1_691' title='bbox 2612 2894 2905 2946; x_wconf 88' lang='lat' dir='ltr'><strong>convertit.</strong></span> <span class='ocrx_word' id='word_1_692' title='bbox 2961 2892 3030 2947; x_wconf 79' lang='lat' dir='ltr'><strong>At</strong></span> <span class='ocrx_word' id='word_1_693' title='bbox 3074 2892 3312 2950; x_wconf 83' lang='lat' dir='ltr'><strong>Joannes</strong></span> <span class='ocrx_word' id='word_1_694' title='bbox 3354 2897 3575 2951; x_wconf 90' lang='lat' dir='ltr'><strong>concito</strong></span> 
     </span>
    </p>
   </div>
   <div class='ocr_carea' id='block_1_97' title="bbox 2002 2981 3570 3054">
    <p class='ocr_par' dir='ltr' id='par_1_97' title="bbox 2002 2981 3570 3054">
     <span class='ocr_line' id='line_1_99' title="bbox 2002 2981 3570 3054; baseline 0.004 -19"><span class='ocrx_word' id='word_1_695' title='bbox 2002 2993 2162 3035; x_wconf 85' lang='lat' dir='ltr'><strong>cursu</strong></span> <span class='ocrx_word' id='word_1_696' title='bbox 2193 2981 2467 3036; x_wconf 84' lang='lat' dir='ltr'><strong>hominem</strong></span> <span class='ocrx_word' id='word_1_697' title='bbox 2498 2984 2745 3053; x_wconf 89' lang='lat' dir='ltr'><strong>persequi</strong></span> <span class='ocrx_word' id='word_1_698' title='bbox 2778 2983 2991 3049; x_wconf 91' lang='lat' dir='ltr'><strong>institit,</strong></span> <span class='ocrx_word' id='word_1_699' title='bbox 3011 2985 3211 3041; x_wconf 90' lang='lat' dir='ltr'><strong>oblitus</strong></span> <span class='ocrx_word' id='word_1_700' title='bbox 3238 2987 3411 3041; x_wconf 60' lang='lat' dir='ltr'><strong>astatis</strong></span> <span class='ocrx_word' id='word_1_701' title='bbox 3440 3002 3570 3054; x_wconf 66' lang='lat' dir='ltr'><strong>suae,</strong></span> 
     </span>
    </p>
   </div>
   <div class='ocr_carea' id='block_1_98' title="bbox 2004 3069 3569 3150">
    <p class='ocr_par' dir='ltr' id='par_1_98' title="bbox 2004 3069 3569 3150">
     <span class='ocr_line' id='line_1_100' title="bbox 2004 3069 3569 3150; baseline 0.006 -27"><span class='ocrx_word' id='word_1_702' title='bbox 2004 3069 2297 3126; x_wconf 87' lang='lat' dir='ltr'><strong>identidem</strong></span> <span class='ocrx_word' id='word_1_703' title='bbox 2329 3072 2573 3128; x_wconf 89' lang='lat' dir='ltr'><strong>clamans</strong></span> <span class='ocrx_word' id='word_1_704' title='bbox 2604 3089 2619 3128; x_wconf 91' lang='lat'><strong>:</strong></span> <span class='ocrx_word' id='word_1_705' title='bbox 2656 3073 2795 3141; x_wconf 84' lang='lat' dir='ltr'><strong>Quid</strong></span> <span class='ocrx_word' id='word_1_706' title='bbox 2832 3091 2918 3131; x_wconf 90' lang='lat' dir='ltr'><strong>me</strong></span> <span class='ocrx_word' id='word_1_707' title='bbox 2947 3085 3158 3145; x_wconf 89' lang='lat' dir='ltr'><strong>patrem</strong></span> <span class='ocrx_word' id='word_1_708' title='bbox 3205 3086 3351 3131; x_wconf 92' lang='lat' dir='ltr'><strong>tuum</strong></span> <span class='ocrx_word' id='word_1_709' title='bbox 3401 3077 3569 3150; x_wconf 82' lang='lat' dir='ltr'><strong>fugis,</strong></span> 
     </span>
    </p>
   </div>
   <div class='ocr_carea' id='block_1_99' title="bbox 2006 3158 3574 3234">
    <p class='ocr_par' dir='ltr' id='par_1_99' title="bbox 2006 3158 3574 3234">
     <span class='ocr_line' id='line_1_101' title="bbox 2006 3158 3574 3234; baseline 0.006 -20"><span class='ocrx_word' id='word_1_710' title='bbox 2006 3158 2102 3224; x_wconf 91' lang='lat' dir='ltr'><strong>ﬁli,</strong></span> <span class='ocrx_word' id='word_1_711' title='bbox 2137 3160 2396 3216; x_wconf 88' lang='lat' dir='ltr'><strong>inermem</strong></span> <span class='ocrx_word' id='word_1_712' title='bbox 2429 3170 2484 3217; x_wconf 92' lang='lat' dir='ltr'><strong>et</strong></span> <span class='ocrx_word' id='word_1_713' title='bbox 2507 3163 2733 3217; x_wconf 83' lang='lat' dir='ltr'><strong>senem?</strong></span> <span class='ocrx_word' id='word_1_714' title='bbox 2760 3166 3017 3221; x_wconf 90' lang='lat' dir='ltr'><strong>miserere</strong></span> <span class='ocrx_word' id='word_1_715' title='bbox 3042 3167 3170 3234; x_wconf 91' lang='lat' dir='ltr'><strong>mei,</strong></span> <span class='ocrx_word' id='word_1_716' title='bbox 3198 3165 3271 3221; x_wconf 85' lang='lat' dir='ltr'><strong>ﬁli</strong></span> <span class='ocrx_word' id='word_1_717' title='bbox 3303 3185 3316 3218; x_wconf 88' lang='lat'><strong>:</strong></span> <span class='ocrx_word' id='word_1_718' title='bbox 3353 3168 3461 3228; x_wconf 83' lang='lat' dir='ltr'><strong>noli</strong></span> <span class='ocrx_word' id='word_1_719' title='bbox 3499 3170 3574 3224; x_wconf 66' lang='lat' dir='ltr'><strong>tin</strong></span> 
     </span>
    </p>
   </div>
   <div class='ocr_carea' id='block_1_100' title="bbox 2003 3253 3576 3329">
    <p class='ocr_par' dir='ltr' id='par_1_100' title="bbox 2003 3253 3576 3329">
     <span class='ocr_line' id='line_1_102' title="bbox 2003 3253 3576 3329; baseline 0.008 -25"><span class='ocrx_word' id='word_1_720' title='bbox 2003 3264 2153 3305; x_wconf 89' lang='lat' dir='ltr'><strong>mere</strong></span> <span class='ocrx_word' id='word_1_721' title='bbox 2189 3268 2204 3305; x_wconf 89' lang='lat'><strong>:</strong></span> <span class='ocrx_word' id='word_1_722' title='bbox 2240 3253 2419 3307; x_wconf 88' lang='lat' dir='ltr'><strong>adhuc</strong></span> <span class='ocrx_word' id='word_1_723' title='bbox 2449 3266 2697 3323; x_wconf 87' lang='lat' dir='ltr'><strong>superest</strong></span> <span class='ocrx_word' id='word_1_724' title='bbox 2732 3256 2826 3311; x_wconf 90' lang='lat' dir='ltr'><strong>tibi</strong></span> <span class='ocrx_word' id='word_1_725' title='bbox 2857 3271 2982 3323; x_wconf 81' lang='lat' dir='ltr'><strong>spes</strong></span> <span class='ocrx_word' id='word_1_726' title='bbox 3011 3258 3224 3314; x_wconf 89' lang='lat' dir='ltr'><strong>salutis.</strong></span> <span class='ocrx_word' id='word_1_727' title='bbox 3253 3259 3363 3329; x_wconf 82' lang='lat' dir='ltr'><strong>Ego</strong></span> <span class='ocrx_word' id='word_1_728' title='bbox 3391 3275 3489 3329; x_wconf 90' lang='lat' dir='ltr'><strong>pro</strong></span> <span class='ocrx_word' id='word_1_729' title='bbox 3520 3269 3576 3316; x_wconf 85' lang='lat' dir='ltr'><strong>te</strong></span> 
     </span>
    </p>
   </div>
   <div class='ocr_carea' id='block_1_101' title="bbox 2003 3342 3576 3406">
    <p class='ocr_par' dir='ltr' id='par_1_101' title="bbox 2003 3342 3576 3406">
     <span class='ocr_line' id='line_1_103' title="bbox 2003 3342 3576 3406; baseline 0.004 -9"><span class='ocrx_word' id='word_1_730' title='bbox 2003 3342 2335 3398; x_wconf 87' lang='lat' dir='ltr'><strong>satisfaciam</strong></span> <span class='ocrx_word' id='word_1_731' title='bbox 2400 3343 2638 3399; x_wconf 85' lang='lat' dir='ltr'><strong>Christo.</strong></span> <span class='ocrx_word' id='word_1_732' title='bbox 2673 3342 2786 3400; x_wconf 89' lang='lat' dir='ltr'><strong>Tua</strong></span> <span class='ocrx_word' id='word_1_733' title='bbox 2849 3362 3011 3401; x_wconf 90' lang='lat' dir='ltr'><strong>causa</strong></span> <span class='ocrx_word' id='word_1_734' title='bbox 3064 3359 3293 3403; x_wconf 91' lang='lat' dir='ltr'><strong>mortem</strong></span> <span class='ocrx_word' id='word_1_735' title='bbox 3346 3349 3576 3406; x_wconf 88' lang='lat' dir='ltr'><strong>libenter</strong></span> 
     </span>
    </p>
   </div>
   <div class='ocr_carea' id='block_1_102' title="bbox 2004 3432 3571 3507">
    <p class='ocr_par' dir='ltr' id='par_1_102' title="bbox 2004 3432 3571 3507">
     <span class='ocr_line' id='line_1_104' title="bbox 2004 3432 3571 3507; baseline 0.005 -20"><span class='ocrx_word' id='word_1_736' title='bbox 2004 3432 2292 3503; x_wconf 80' lang='lat' dir='ltr'><strong>excipiam,</strong></span> <span class='ocrx_word' id='word_1_737' title='bbox 2320 3435 2776 3505; x_wconf 85' lang='lat' dir='ltr'><strong>quemadmodum</strong></span> <span class='ocrx_word' id='word_1_738' title='bbox 2812 3436 3072 3492; x_wconf 88' lang='lat' dir='ltr'><strong>Dominus</strong></span> <span class='ocrx_word' id='word_1_739' title='bbox 3115 3453 3213 3507; x_wconf 93' lang='lat' dir='ltr'><strong>pro</strong></span> <span class='ocrx_word' id='word_1_740' title='bbox 3243 3438 3399 3493; x_wconf 89' lang='lat' dir='ltr'><strong>nobis</strong></span> <span class='ocrx_word' id='word_1_741' title='bbox 3434 3442 3571 3495; x_wconf 89' lang='lat' dir='ltr'><strong>mori</strong></span> 
     </span>
    </p>
   </div>
   <div class='ocr_carea' id='block_1_103' title="bbox 2004 3585 3571 3667">
    <p class='ocr_par' dir='ltr' id='par_1_103' title="bbox 2004 3585 3571 3667">
     <span class='ocr_line' id='line_1_105' title="bbox 2004 3585 3571 3667; baseline 0.009 -28"><span class='ocrx_word' id='word_1_742' title='bbox 2004 3585 2230 3667; x_wconf 68' lang='lat' dir='ltr'><strong>yerbum</strong></span> <span class='ocrx_word' id='word_1_743' title='bbox 2256 3586 2755 3667; x_wconf 10' lang='lat' dir='ltr'><strong>réﬁeupevgdpevog</strong></span> <span class='ocrx_word' id='word_1_744' title='bbox 2785 3590 2999 3667; x_wconf 78' lang='lat' dir='ltr'><strong>videtur</strong></span> <span class='ocrx_word' id='word_1_745' title='bbox 3024 3606 3146 3667; x_wconf 74' lang='lat' dir='ltr'><strong>esse</strong></span> <span class='ocrx_word' id='word_1_746' title='bbox 3184 3593 3429 3667; x_wconf 76' lang='lat' dir='ltr'><strong>Scholion</strong></span> <span class='ocrx_word' id='word_1_747' title='bbox 3473 3610 3571 3653; x_wconf 85' lang='lat' dir='ltr'><strong>seu</strong></span> 
     </span>
    </p>
   </div>
   <div class='ocr_carea' id='block_1_104' title="bbox 2005 3660 3424 3736">
    <p class='ocr_par' dir='ltr' id='par_1_104' title="bbox 2005 3660 3424 3736">
     <span class='ocr_line' id='line_1_106' title="bbox 2005 3660 3424 3736; baseline 0.008 -28"><span class='ocrx_word' id='word_1_748' title='bbox 2005 3660 2381 3725; x_wconf 87' lang='lat' dir='ltr'><strong>interpretatio</strong></span> <span class='ocrx_word' id='word_1_749' title='bbox 2425 3660 2577 3715; x_wconf 73' lang='lat' dir='ltr'><strong>vocis</strong></span> <span class='ocrx_word' id='word_1_750' title='bbox 2628 3662 2982 3731; x_wconf 69' lang='lat' dir='ltr'><strong>pmcedentis</strong></span> <span class='ocrx_word' id='word_1_751' title='bbox 3019 3662 3424 3736; x_wconf 78' lang='grc' dir='ltr'>ἐξαιτούμενος.</span> 
     </span>
    </p>
   </div>
   <div class='ocr_carea' id='block_1_105' title="bbox 2070 3760 3561 3834">
    <p class='ocr_par' dir='ltr' id='par_1_105' title="bbox 2070 3760 3561 3834">
     <span class='ocr_line' id='line_1_107' title="bbox 2070 3760 3561 3834; baseline 0.005 -19"><span class='ocrx_word' id='word_1_752' title='bbox 2070 3760 2181 3834; x_wconf 73' lang='lat'><strong>(2|)</strong></span> <span class='ocrx_word' id='word_1_753' title='bbox 2220 3762 2461 3831; x_wconf 75' lang='grc' dir='ltr'>Ῥήσεσι</span> <span class='ocrx_word' id='word_1_754' title='bbox 2506 3766 2727 3834; x_wconf 72' lang='grc' dir='ltr'>λόγων.</span> <span class='ocrx_word' id='word_1_755' title='bbox 2771 3763 2952 3832; x_wconf 76' lang='lat' dir='ltr'><strong>Longe</strong></span> <span class='ocrx_word' id='word_1_756' title='bbox 2988 3764 3289 3834; x_wconf 80' lang='lat' dir='ltr'><strong>elegantior</strong></span> <span class='ocrx_word' id='word_1_757' title='bbox 3340 3767 3561 3823; x_wconf 80' lang='lat' dir='ltr'><strong>videtur</strong></span> 
     </span>
    </p>
   </div>
   <div class='ocr_carea' id='block_1_106' title="bbox 1996 3830 3562 3906">
    <p class='ocr_par' dir='ltr' id='par_1_106' title="bbox 1996 3830 3562 3906">
     <span class='ocr_line' id='line_1_108' title="bbox 1996 3830 3562 3906; baseline 0.005 -21"><span class='ocrx_word' id='word_1_758' title='bbox 1996 3830 2375 3906; x_wconf 15' lang='lat' dir='ltr'><strong>iec‘tio’codiCis</strong></span> <span class='ocrx_word' id='word_1_759' title='bbox 2397 3835 2569 3906; x_wconf 62' lang='lat' dir='ltr'><strong>Iiegii,</strong></span> <span class='ocrx_word' id='word_1_760' title='bbox 2591 3830 2824 3906; x_wconf 68' lang='grc' dir='ltr'>’σειρῆσι</span> <span class='ocrx_word' id='word_1_761' title='bbox 2846 3830 3038 3903; x_wconf 83' lang='grc' dir='ltr'>λόγων,</span> <span class='ocrx_word' id='word_1_762' title='bbox 3071 3830 3178 3905; x_wconf 56' lang='lat' dir='ltr'><strong>(tuo</strong></span> <span class='ocrx_word' id='word_1_763' title='bbox 3203 3836 3379 3906; x_wconf 16' lang='lat' dir='ltr'><strong>modoﬁ</strong></span> <span class='ocrx_word' id='word_1_764' title='bbox 3391 3840 3562 3906; x_wconf 83' lang='lat' dir='ltr'><strong>etiam</strong></span> 
     </span>
    </p>
   </div>
   <div class='ocr_carea' id='block_1_107' title="bbox 1996 3902 3561 3979">
    <p class='ocr_par' dir='ltr' id='par_1_107' title="bbox 1996 3902 3561 3979">
     <span class='ocr_line' id='line_1_109' title="bbox 1996 3902 3561 3979; baseline 0.004 -25"><span class='ocrx_word' id='word_1_765' title='bbox 1996 3902 2195 3971; x_wconf 83' lang='lat' dir='ltr'><strong>legitur</strong></span> <span class='ocrx_word' id='word_1_766' title='bbox 2218 3904 2356 3972; x_wconf 90' lang='lat' dir='ltr'><strong>apud</strong></span> <span class='ocrx_word' id='word_1_767' title='bbox 2386 3902 2832 3979; x_wconf 56' lang='lat' dir='ltr'><strong>Nicepltoruiu&#39;in</strong></span> <span class='ocrx_word' id='word_1_768' title='bbox 2867 3902 2962 3979; x_wconf 79' lang='lat' dir='ltr'><strong>Iib_.</strong></span> <span class='ocrx_word' id='word_1_769' title='bbox 2994 3921 3054 3979; x_wconf 83' lang='lat' dir='ltr'><strong>tt,</strong></span> <span class='ocrx_word' id='word_1_770' title='bbox 3084 3902 3205 3973; x_wconf 82' lang='lat' dir='ltr'><strong>cap.</strong></span> <span class='ocrx_word' id='word_1_771' title='bbox 3234 3905 3323 3979; x_wconf 69' lang='lat'><strong>42.</strong></span> <span class='ocrx_word' id='word_1_772' title='bbox 3360 3905 3561 3979; x_wconf 81' lang='lat' dir='ltr'><strong>_Vulga-</strong></span> 
     </span>
    </p>
   </div>
   <div class='ocr_carea' id='block_1_108' title="bbox 1998 3971 3566 4043">
    <p class='ocr_par' dir='ltr' id='par_1_108' title="bbox 1998 3971 3566 4043">
     <span class='ocr_line' id='line_1_110' title="bbox 1998 3971 3566 4043; baseline 0.005 -20"><span class='ocrx_word' id='word_1_773' title='bbox 1998 3981 2105 4023; x_wconf 88' lang='lat' dir='ltr'><strong>tam</strong></span> <span class='ocrx_word' id='word_1_774' title='bbox 2137 3971 2311 4043; x_wconf 77' lang='lat' dir='ltr'><strong>tamen</strong></span> <span class='ocrx_word' id='word_1_775' title='bbox 2339 3971 2665 4041; x_wconf 87' lang='lat' dir='ltr'><strong>scripturam</strong></span> <span class='ocrx_word' id='word_1_776' title='bbox 2714 3985 2897 4029; x_wconf 90' lang='lat' dir='ltr'><strong>tuetur</strong></span> <span class='ocrx_word' id='word_1_777' title='bbox 2925 3971 3172 4039; x_wconf 74' lang='lat' dir='ltr'><strong>Ruﬁnus,</strong></span> <span class='ocrx_word' id='word_1_778' title='bbox 3210 3977 3299 4043; x_wconf 89' lang='lat' dir='ltr'><strong>qui</strong></span> <span class='ocrx_word' id='word_1_779' title='bbox 3327 3975 3408 4031; x_wconf 90' lang='lat' dir='ltr'><strong>sic</strong></span> <span class='ocrx_word' id='word_1_780' title='bbox 3441 3971 3566 4031; x_wconf 49' lang='lat' dir='ltr'><strong>v‘er-</strong></span> 
     </span>
    </p>
   </div>
   <div class='ocr_carea' id='block_1_109' title="bbox 1996 4041 3563 4109">
    <p class='ocr_par' dir='ltr' id='par_1_109' title="bbox 1996 4041 3563 4109">
     <span class='ocr_line' id='line_1_111' title="bbox 1996 4041 3563 4109; baseline 0.003 -15"><span class='ocrx_word' id='word_1_781' title='bbox 1996 4042 2064 4094; x_wconf 83' lang='lat' dir='ltr'><strong>tit</strong></span> <span class='ocrx_word' id='word_1_782' title='bbox 2102 4057 2118 4093; x_wconf 90' lang='lat'><strong>:</strong></span> <span class='ocrx_word' id='word_1_783' title='bbox 2152 4041 2259 4094; x_wconf 80' lang='lat' dir='ltr'><strong>Sed</strong></span> <span class='ocrx_word' id='word_1_784' title='bbox 2299 4052 2348 4095; x_wconf 82' lang='lat' dir='ltr'><strong>et</strong></span> <span class='ocrx_word' id='word_1_785' title='bbox 2392 4043 2551 4096; x_wconf 79' lang='lat' dir='ltr'><strong>rariis</strong></span> <span class='ocrx_word' id='word_1_786' title='bbox 2594 4060 2890 4097; x_wconf 77' lang='lat' dir='ltr'><strong>sermonum</strong></span> <span class='ocrx_word' id='word_1_787' title='bbox 2935 4041 3400 4109; x_wconf 73' lang='lat' dir='ltr'><strong>consolationibus,</strong></span> <span class='ocrx_word' id='word_1_788' title='bbox 3426 4049 3563 4101; x_wconf 75' lang='lat' dir='ltr'><strong>velut</strong></span> 
     </span>
    </p>
   </div>
   <div class='ocr_carea' id='block_1_110' title="bbox 1999 4112 3562 4181">
    <p class='ocr_par' dir='ltr' id='par_1_110' title="bbox 1999 4112 3562 4181">
     <span class='ocr_line' id='line_1_112' title="bbox 1999 4112 3562 4181; baseline 0.005 -19"><span class='ocrx_word' id='word_1_789' title='bbox 1999 4112 2316 4177; x_wconf 80' lang='lat' dir='ltr'><strong>quibusdam</strong></span> <span class='ocrx_word' id='word_1_790' title='bbox 2368 4114 2889 4179; x_wconf 67' lang='lat' dir='ltr'><strong>prmcanlationibus,</strong></span> <span class='ocrx_word' id='word_1_791' title='bbox 2942 4115 3131 4181; x_wconf 80' lang='lat' dir='ltr'><strong>e/[eros</strong></span> <span class='ocrx_word' id='word_1_792' title='bbox 3183 4124 3233 4168; x_wconf 88' lang='lat' dir='ltr'><strong>et</strong></span> <span class='ocrx_word' id='word_1_793' title='bbox 3279 4119 3562 4171; x_wconf 79' lang='lat' dir='ltr'><strong>exterritos</strong></span> 
     </span>
    </p>
   </div>
   <div class='ocr_carea' id='block_1_111' title="bbox 2001 4182 3563 4255">
    <p class='ocr_par' dir='ltr' id='par_1_111' title="bbox 2001 4182 3563 4255">
     <span class='ocr_line' id='line_1_113' title="bbox 2001 4182 3563 4255; baseline 0.003 -23"><span class='ocrx_word' id='word_1_794' title='bbox 2001 4182 2360 4255; x_wconf 68' lang='lat' dir='ltr'><strong>ejusom&#39;nws</strong></span> <span class='ocrx_word' id='word_1_795' title='bbox 2391 4185 2684 4255; x_wconf 68' lang='lat' dir='ltr'><strong>mitigabat.</strong></span> <span class='ocrx_word' id='word_1_796' title='bbox 2720 4185 2864 4255; x_wconf 74' lang='lat' dir='ltr'><strong>sane</strong></span> <span class='ocrx_word' id='word_1_797' title='bbox 2895 4184 3143 4255; x_wconf 86' lang='grc' dir='ltr'>σειρῆνες</span> <span class='ocrx_word' id='word_1_798' title='bbox 3192 4184 3355 4255; x_wconf 73' lang='lat' dir='ltr'><strong>nimis</strong></span> <span class='ocrx_word' id='word_1_799' title='bbox 3402 4188 3563 4241; x_wconf 81' lang='lat' dir='ltr'><strong>molle</strong></span> 
     </span>
    </p>
   </div>
   <div class='ocr_carea' id='block_1_112' title="bbox 2005 4251 3565 4322">
    <p class='ocr_par' dir='ltr' id='par_1_112' title="bbox 2005 4251 3565 4322">
     <span class='ocr_line' id='line_1_114' title="bbox 2005 4251 3565 4322; baseline 0.005 -20"><span class='ocrx_word' id='word_1_800' title='bbox 2005 4252 2104 4322; x_wconf 86' lang='lat' dir='ltr'><strong>hoc</strong></span> <span class='ocrx_word' id='word_1_801' title='bbox 2137 4251 2257 4322; x_wconf 80' lang='lat' dir='ltr'><strong>loco</strong></span> <span class='ocrx_word' id='word_1_802' title='bbox 2287 4252 2599 4304; x_wconf 81' lang='lat' dir='ltr'><strong>vocabulum</strong></span> <span class='ocrx_word' id='word_1_803' title='bbox 2628 4263 2731 4311; x_wconf 89' lang='lat' dir='ltr'><strong>est.</strong></span> <span class='ocrx_word' id='word_1_804' title='bbox 2774 4251 2996 4321; x_wconf 76' lang='grc' dir='ltr'>Ῥήσεις</span> <span class='ocrx_word' id='word_1_805' title='bbox 3032 4251 3207 4306; x_wconf 73' lang='lat' dir='ltr'><strong>autem</strong></span> <span class='ocrx_word' id='word_1_806' title='bbox 3231 4253 3404 4322; x_wconf 90' lang='grc' dir='ltr'>λόγων</span> <span class='ocrx_word' id='word_1_807' title='bbox 3437 4265 3565 4310; x_wconf 87' lang='lat' dir='ltr'><strong>sunt</strong></span> 
     </span>
    </p>
   </div>
   <div class='ocr_carea' id='block_1_113' title="bbox 2004 4319 3561 4393">
    <p class='ocr_par' dir='ltr' id='par_1_113' title="bbox 2004 4319 3561 4393">
     <span class='ocr_line' id='line_1_115' title="bbox 2004 4319 3561 4393; baseline 0.005 -22"><span class='ocrx_word' id='word_1_808' title='bbox 2004 4320 2146 4393; x_wconf 78' lang='lat' dir='ltr'><strong>dicta</strong></span> <span class='ocrx_word' id='word_1_809' title='bbox 2176 4319 2259 4393; x_wconf 71' lang='lat' dir='ltr'><strong>vei</strong></span> <span class='ocrx_word' id='word_1_810' title='bbox 2288 4321 2572 4374; x_wconf 75' lang='lat' dir='ltr'><strong>sententia:</strong></span> <span class='ocrx_word' id='word_1_811' title='bbox 2600 4338 2665 4376; x_wconf 81' lang='lat' dir='ltr'><strong>ex</strong></span> <span class='ocrx_word' id='word_1_812' title='bbox 2693 4319 3242 4377; x_wconf 59' lang='lat' dir='ltr'><strong>sarriSt&#39;rtlttrrtinibtts</strong></span> <span class='ocrx_word' id='word_1_813' title='bbox 3266 4319 3561 4393; x_wconf 59' lang='lat' dir='ltr'><strong>excerptas,</strong></span> 
     </span>
    </p>
   </div>
   <div class='ocr_carea' id='block_1_114' title="bbox 2005 4387 3561 4463">
    <p class='ocr_par' dir='ltr' id='par_1_114' title="bbox 2005 4387 3561 4463">
     <span class='ocr_line' id='line_1_116' title="bbox 2005 4387 3561 4463; baseline 0.005 -22"><span class='ocrx_word' id='word_1_814' title='bbox 2005 4389 2199 4463; x_wconf 88' lang='lat' dir='ltr'><strong>quibus</strong></span> <span class='ocrx_word' id='word_1_815' title='bbox 2229 4387 2465 4444; x_wconf 80' lang='lat' dir='ltr'><strong>Joannes</strong></span> <span class='ocrx_word' id='word_1_816' title='bbox 2497 4394 2717 4463; x_wconf 82' lang='lat' dir='ltr'><strong>juvenis</strong></span> <span class='ocrx_word' id='word_1_817' title='bbox 2748 4393 2890 4444; x_wconf 87' lang='lat' dir='ltr'><strong>illius</strong></span> <span class='ocrx_word' id='word_1_818' title='bbox 2917 4394 3292 4461; x_wconf 72' lang='lat' dir='ltr'><strong>pmnitcntiam</strong></span> <span class='ocrx_word' id='word_1_819' title='bbox 3321 4387 3561 4463; x_wconf 79' lang='lat' dir='ltr'><strong>agentis,</strong></span> 
     </span>
    </p>
   </div>
   <div class='ocr_carea' id='block_1_115' title="bbox 2004 4460 3005 4519">
    <p class='ocr_par' dir='ltr' id='par_1_115' title="bbox 2004 4460 3005 4519">
     <span class='ocr_line' id='line_1_117' title="bbox 2004 4460 3005 4519; baseline 0.003 -8"><span class='ocrx_word' id='word_1_820' title='bbox 2004 4460 2243 4513; x_wconf 85' lang='lat' dir='ltr'><strong>animum</strong></span> <span class='ocrx_word' id='word_1_821' title='bbox 2272 4468 2432 4519; x_wconf 82' lang='lat' dir='ltr'><strong>atque</strong></span> <span class='ocrx_word' id='word_1_822' title='bbox 2457 4476 2616 4515; x_wconf 86' lang='lat' dir='ltr'><strong>aures</strong></span> <span class='ocrx_word' id='word_1_823' title='bbox 2649 4460 3005 4516; x_wconf 71' lang='lat' dir='ltr'><strong>demulcebat.</strong></span> 
     </span>
    </p>
   </div>
   <div class='ocr_carea' id='block_1_116' title="bbox 2082 4555 3573 4629">
    <p class='ocr_par' dir='ltr' id='par_1_116' title="bbox 2082 4555 3573 4629">
     <span class='ocr_line' id='line_1_118' title="bbox 2082 4555 3573 4629; baseline 0.003 -20"><span class='ocrx_word' id='word_1_824' title='bbox 2082 4556 2195 4629; x_wconf 67' lang='lat'><strong>(2&#39;2)</strong></span> <span class='ocrx_word' id='word_1_825' title='bbox 2236 4560 2712 4629; x_wconf 66' lang='lat' dir='ltr'><strong>Katéatﬂ08__tii</strong></span> <span class='ocrx_word' id='word_1_826' title='bbox 2753 4558 3098 4629; x_wconf 74' lang='grc' dir='ltr'>Ἐκκλησία.</span> <span class='ocrx_word' id='word_1_827' title='bbox 3148 4555 3375 4611; x_wconf 78' lang='lat' dir='ltr'><strong>Ruﬁnus</strong></span> <span class='ocrx_word' id='word_1_828' title='bbox 3430 4556 3573 4629; x_wconf 85' lang='lat' dir='ltr'><strong>hunc</strong></span> 
     </span>
    </p>
   </div>
   <div class='ocr_carea' id='block_1_117' title="bbox 2015 4626 3574 4695">
    <p class='ocr_par' dir='ltr' id='par_1_117' title="bbox 2015 4626 3574 4695">
     <span class='ocr_line' id='line_1_119' title="bbox 2015 4626 3574 4695; baseline 0.001 -14"><span class='ocrx_word' id='word_1_829' title='bbox 2015 4626 2191 4681; x_wconf 80' lang='lat' dir='ltr'><strong>locum</strong></span> <span class='ocrx_word' id='word_1_830' title='bbox 2235 4628 2309 4681; x_wconf 85' lang='lat' dir='ltr'><strong>ita</strong></span> <span class='ocrx_word' id='word_1_831' title='bbox 2342 4630 2545 4681; x_wconf 84' lang='lat' dir='ltr'><strong>vertit;</strong></span> <span class='ocrx_word' id='word_1_832' title='bbox 2586 4626 2698 4681; x_wconf 86' lang='lat' dir='ltr'><strong>Nec</strong></span> <span class='ocrx_word' id='word_1_833' title='bbox 2744 4630 2892 4695; x_wconf 80' lang='lat' dir='ltr'><strong>prius</strong></span> <span class='ocrx_word' id='word_1_834' title='bbox 2924 4628 3123 4680; x_wconf 80' lang='lat' dir='ltr'><strong>abstitit</strong></span> <span class='ocrx_word' id='word_1_835' title='bbox 3153 4643 3311 4695; x_wconf 81' lang='lat' dir='ltr'><strong>quam</strong></span> <span class='ocrx_word' id='word_1_836' title='bbox 3348 4642 3467 4680; x_wconf 82' lang='lat' dir='ltr'><strong>eum</strong></span> <span class='ocrx_word' id='word_1_837' title='bbox 3512 4628 3574 4682; x_wconf 81' lang='lat' dir='ltr'><strong>in</strong></span> 
     </span>
    </p>
   </div>
   <div class='ocr_carea' id='block_1_118' title="bbox 2013 4695 3574 4765">
    <p class='ocr_par' dir='ltr' id='par_1_118' title="bbox 2013 4695 3574 4765">
     <span class='ocr_line' id='line_1_120' title="bbox 2013 4695 3574 4765; baseline 0 -16"><span class='ocrx_word' id='word_1_838' title='bbox 2013 4697 2254 4750; x_wconf 80' lang='lat' dir='ltr'><strong>omnibus</strong></span> <span class='ocrx_word' id='word_1_839' title='bbox 2275 4701 2605 4751; x_wconf 74' lang='lat' dir='ltr'><strong>emendatum</strong></span> <span class='ocrx_word' id='word_1_840' title='bbox 2636 4699 2796 4750; x_wconf 83' lang='lat' dir='ltr'><strong>etiam</strong></span> <span class='ocrx_word' id='word_1_841' title='bbox 2830 4697 3075 4751; x_wconf 71' lang='lat' dir='ltr'><strong>Ecclesia!</strong></span> <span class='ocrx_word' id='word_1_842' title='bbox 3114 4697 3419 4765; x_wconf 72' lang='lat' dir='ltr'><strong>prmﬁceret.</strong></span> <span class='ocrx_word' id='word_1_843' title='bbox 3464 4695 3574 4750; x_wconf 76' lang='lat' dir='ltr'><strong>Put-</strong></span> 
     </span>
    </p>
   </div>
   <div class='ocr_carea' id='block_1_119' title="bbox 2016 4767 3571 4835">
    <p class='ocr_par' dir='ltr' id='par_1_119' title="bbox 2016 4767 3571 4835">
     <span class='ocr_line' id='line_1_121' title="bbox 2016 4767 3571 4835; baseline 0.003 -17"><span class='ocrx_word' id='word_1_844' title='bbox 2016 4767 2180 4819; x_wconf 89' lang='lat' dir='ltr'><strong>ﬁuum</strong></span> <span class='ocrx_word' id='word_1_845' title='bbox 2206 4776 2424 4821; x_wconf 90' lang='lat' dir='ltr'><strong>secutus</strong></span> <span class='ocrx_word' id='word_1_846' title='bbox 2449 4776 2534 4821; x_wconf 91' lang='lat' dir='ltr'><strong>est</strong></span> <span class='ocrx_word' id='word_1_847' title='bbox 2557 4767 3102 4835; x_wconf 69' lang='lat' dir='ltr'><strong>(Ihristophorsonus.</strong></span> <span class='ocrx_word' id='word_1_848' title='bbox 3134 4782 3365 4835; x_wconf 90' lang='lat' dir='ltr'><strong>quorum</strong></span> <span class='ocrx_word' id='word_1_849' title='bbox 3394 4775 3571 4822; x_wconf 90' lang='lat' dir='ltr'><strong>tamen</strong></span> 
     </span>
    </p>
   </div>
   <div class='ocr_carea' id='block_1_120' title="bbox 2013 4835 3573 4905">
    <p class='ocr_par' dir='ltr' id='par_1_120' title="bbox 2013 4835 3573 4905">
     <span class='ocr_line' id='line_1_122' title="bbox 2013 4835 3573 4905; baseline 0.001 -17"><span class='ocrx_word' id='word_1_850' title='bbox 2013 4835 2517 4904; x_wconf 88' lang='lat' dir='ltr'><strong>interpretationem</strong></span> <span class='ocrx_word' id='word_1_851' title='bbox 2554 4838 2786 4905; x_wconf 88' lang='lat' dir='ltr'><strong>probare</strong></span> <span class='ocrx_word' id='word_1_852' title='bbox 2806 4853 2909 4890; x_wconf 84' lang='lat' dir='ltr'><strong>non</strong></span> <span class='ocrx_word' id='word_1_853' title='bbox 2942 4852 3186 4905; x_wconf 86' lang='lat' dir='ltr'><strong>possum.</strong></span> <span class='ocrx_word' id='word_1_854' title='bbox 3215 4836 3400 4904; x_wconf 84' lang='lat' dir='ltr'><strong>Neque</strong></span> <span class='ocrx_word' id='word_1_855' title='bbox 3427 4837 3573 4891; x_wconf 88' lang='lat' dir='ltr'><strong>enim</strong></span> 
     </span>
    </p>
   </div>
   <div class='ocr_carea' id='block_1_121' title="bbox 2014 4906 3575 4975">
    <p class='ocr_par' dir='ltr' id='par_1_121' title="bbox 2014 4906 3575 4975">
     <span class='ocr_line' id='line_1_123' title="bbox 2014 4906 3575 4975; baseline 0 -15"><span class='ocrx_word' id='word_1_856' title='bbox 2014 4907 2268 4975; x_wconf 84' lang='lat' dir='ltr'><strong>convenit</strong></span> <span class='ocrx_word' id='word_1_857' title='bbox 2301 4907 2609 4975; x_wconf 74' lang='lat' dir='ltr'><strong>apostolica:</strong></span> <span class='ocrx_word' id='word_1_858' title='bbox 2647 4907 2976 4973; x_wconf 67' lang='lat' dir='ltr'><strong>disciplinae,</strong></span> <span class='ocrx_word' id='word_1_859' title='bbox 3005 4916 3062 4957; x_wconf 92' lang='lat' dir='ltr'><strong>ut</strong></span> <span class='ocrx_word' id='word_1_860' title='bbox 3103 4909 3267 4961; x_wconf 87' lang='lat' dir='ltr'><strong>homo</strong></span> <span class='ocrx_word' id='word_1_861' title='bbox 3300 4906 3464 4959; x_wconf 78' lang='lat' dir='ltr'><strong>caedis</strong></span> <span class='ocrx_word' id='word_1_862' title='bbox 3508 4919 3575 4960; x_wconf 88' lang='lat' dir='ltr'><strong>ac</strong></span> 
     </span>
    </p>
   </div>
   <div class='ocr_carea' id='block_1_122' title="bbox 2013 4974 3578 5045">
    <p class='ocr_par' dir='ltr' id='par_1_122' title="bbox 2013 4974 3578 5045">
     <span class='ocr_line' id='line_1_124' title="bbox 2013 4974 3578 5045; baseline 0.003 -20"><span class='ocrx_word' id='word_1_863' title='bbox 2013 4974 2279 5045; x_wconf 83' lang='lat' dir='ltr'><strong>latrocinii</strong></span> <span class='ocrx_word' id='word_1_864' title='bbox 2308 4974 2453 5038; x_wconf 81' lang='lat' dir='ltr'><strong>reus,</strong></span> <span class='ocrx_word' id='word_1_865' title='bbox 2491 4976 2615 5031; x_wconf 87' lang='lat' dir='ltr'><strong>licet</strong></span> <span class='ocrx_word' id='word_1_866' title='bbox 2651 4988 2867 5045; x_wconf 89' lang='lat' dir='ltr'><strong>peracta</strong></span> <span class='ocrx_word' id='word_1_867' title='bbox 2912 4975 3250 5045; x_wconf 61' lang='lat' dir='ltr'><strong>poenitentia,</strong></span> <span class='ocrx_word' id='word_1_868' title='bbox 3285 4977 3578 5045; x_wconf 87' lang='lat' dir='ltr'><strong>episcopus</strong></span> 
     </span>
    </p>
   </div>
   <div class='ocr_carea' id='block_1_123' title="bbox 2013 5044 3576 5115">
    <p class='ocr_par' dir='ltr' id='par_1_123' title="bbox 2013 5044 3576 5115">
     <span class='ocr_line' id='line_1_125' title="bbox 2013 5044 3576 5115; baseline 0.003 -18"><span class='ocrx_word' id='word_1_869' title='bbox 2013 5044 2180 5115; x_wconf 80' lang='lat' dir='ltr'><strong>fuerit</strong></span> <span class='ocrx_word' id='word_1_870' title='bbox 2199 5045 2502 5101; x_wconf 90' lang='lat' dir='ltr'><strong>ordinatus.</strong></span> <span class='ocrx_word' id='word_1_871' title='bbox 2530 5044 2713 5115; x_wconf 90' lang='lat' dir='ltr'><strong>Itaque</strong></span> <span class='ocrx_word' id='word_1_872' title='bbox 2731 5044 3099 5115; x_wconf 28' lang='lat' dir='ltr'><strong>magis’placet</strong></span> <span class='ocrx_word' id='word_1_873' title='bbox 3120 5049 3388 5115; x_wconf 82' lang='lat' dir='ltr'><strong>scriptura</strong></span> <span class='ocrx_word' id='word_1_874' title='bbox 3413 5044 3576 5114; x_wconf 80' lang='lat' dir='ltr'><strong>quam</strong></span> 
     </span>
    </p>
   </div>
   <div class='ocr_carea' id='block_1_124' title="bbox 2015 5113 3573 5183">
    <p class='ocr_par' dir='ltr' id='par_1_124' title="bbox 2015 5113 3573 5183">
     <span class='ocr_line' id='line_1_126' title="bbox 2015 5113 3573 5183; baseline 0.001 -17"><span class='ocrx_word' id='word_1_875' title='bbox 2015 5113 2069 5166; x_wconf 91' lang='lat' dir='ltr'><strong>in</strong></span> <span class='ocrx_word' id='word_1_876' title='bbox 2097 5125 2353 5183; x_wconf 72' lang='lat' dir='ltr'><strong>quatuor</strong></span> <span class='ocrx_word' id='word_1_877' title='bbox 2397 5117 2599 5170; x_wconf 86' lang='lat' dir='ltr'><strong>nostris</strong></span> <span class='ocrx_word' id='word_1_878' title='bbox 2628 5113 2936 5169; x_wconf 70' lang='lat' dir='ltr'><strong>codicibus</strong></span> <span class='ocrx_word' id='word_1_879' title='bbox 2974 5117 3154 5169; x_wconf 81' lang='lat' dir='ltr'><strong>iuveni</strong></span> <span class='ocrx_word' id='word_1_880' title='bbox 3209 5113 3371 5178; x_wconf 58' lang='grc' dir='ltr'>Μαι,</span> <span class='ocrx_word' id='word_1_881' title='bbox 3407 5113 3573 5179; x_wconf 83' lang='lat' dir='ltr'><strong>Med.,</strong></span> 
     </span>
    </p>
   </div>
   <div class='ocr_carea' id='block_1_125' title="bbox 2014 5181 3577 5257">
    <p class='ocr_par' dir='ltr' id='par_1_125' title="bbox 2014 5181 3577 5257">
     <span class='ocr_line' id='line_1_127' title="bbox 2014 5181 3577 5257; baseline 0 -20"><span class='ocrx_word' id='word_1_882' title='bbox 2014 5181 2152 5238; x_wconf 66' lang='lat' dir='ltr'><strong>Fuk.</strong></span> <span class='ocrx_word' id='word_1_883' title='bbox 2212 5194 2268 5257; x_wconf 80' lang='lat' dir='ltr'><strong>et</strong></span> <span class='ocrx_word' id='word_1_884' title='bbox 2316 5183 2613 5257; x_wconf 76' lang='lat' dir='ltr'><strong>Saviliano,</strong></span> <span class='ocrx_word' id='word_1_885' title='bbox 2667 5185 3080 5257; x_wconf 77' lang='grc' dir='ltr'>ἀποκατέστησε</span> <span class='ocrx_word' id='word_1_886' title='bbox 3139 5188 3204 5257; x_wconf 79' lang='grc' dir='ltr'>τῇ</span> <span class='ocrx_word' id='word_1_887' title='bbox 3257 5184 3577 5257; x_wconf 69' lang='grc' dir='ltr'>Ἐκκλησία,</span> 
     </span>
    </p>
   </div>
   <div class='ocr_carea' id='block_1_126' title="bbox 1922 5241 3577 5326">
    <p class='ocr_par' dir='ltr' id='par_1_126' title="bbox 1922 5241 3577 5326">
     <span class='ocr_line' id='line_1_128' title="bbox 1922 5241 3577 5326; baseline 0 -20"><span class='ocrx_word' id='word_1_888' title='bbox 1922 5268 1925 5273; x_wconf 93' lang='grc'>·</span> <span class='ocrx_word' id='word_1_889' title='bbox 2015 5254 2500 5326; x_wconf 78' lang='lat' dir='ltr'><strong>quam__lectionettt</strong></span> <span class='ocrx_word' id='word_1_890' title='bbox 2528 5241 2701 5310; x_wconf 79' lang='lat' dir='ltr'><strong>secuti</strong></span> <span class='ocrx_word' id='word_1_891' title='bbox 2736 5241 3230 5326; x_wconf 31' lang='lat' dir='ltr'><strong>videnturfLangu&#39;s</strong></span> <span class='ocrx_word' id='word_1_892' title='bbox 3261 5264 3317 5309; x_wconf 89' lang='lat' dir='ltr'><strong>et</strong></span> <span class='ocrx_word' id='word_1_893' title='bbox 3355 5241 3577 5309; x_wconf 57' lang='lat' dir='ltr'><strong>Mu&#39;scti;</strong></span> 
     </span>
    </p>
   </div>
   <div class='ocr_carea' id='block_1_127' title="bbox 2016 5322 3580 5393">
    <p class='ocr_par' dir='ltr' id='par_1_127' title="bbox 2016 5322 3580 5393">
     <span class='ocr_line' id='line_1_129' title="bbox 2016 5322 3580 5393; baseline 0 -18"><span class='ocrx_word' id='word_1_894' title='bbox 2016 5322 2121 5377; x_wconf 89' lang='lat' dir='ltr'><strong>lus.</strong></span> <span class='ocrx_word' id='word_1_895' title='bbox 2154 5323 2488 5392; x_wconf 83' lang='lat' dir='ltr'><strong>Nicephorus</strong></span> <span class='ocrx_word' id='word_1_896' title='bbox 2526 5326 2742 5393; x_wconf 87' lang='lat' dir='ltr'><strong>quidem</strong></span> <span class='ocrx_word' id='word_1_897' title='bbox 2784 5325 2945 5391; x_wconf 80' lang='lat' dir='ltr'><strong>hujus</strong></span> <span class='ocrx_word' id='word_1_898' title='bbox 2992 5324 3093 5379; x_wconf 91' lang='lat' dir='ltr'><strong>loci</strong></span> <span class='ocrx_word' id='word_1_899' title='bbox 3134 5322 3350 5378; x_wconf 73' lang='lat' dir='ltr'><strong>sensum</strong></span> <span class='ocrx_word' id='word_1_900' title='bbox 3380 5326 3450 5376; x_wconf 89' lang='lat' dir='ltr'><strong>ita</strong></span> <span class='ocrx_word' id='word_1_901' title='bbox 3485 5339 3580 5393; x_wconf 77' lang='lat' dir='ltr'><strong>ex-</strong></span> 
     </span>
    </p>
   </div>
   <div class='ocr_carea' id='block_1_128' title="bbox 2015 5392 3580 5472">
    <p class='ocr_par' dir='ltr' id='par_1_128' title="bbox 2015 5392 3580 5472">
     <span class='ocr_line' id='line_1_130' title="bbox 2015 5392 3580 5472; baseline -0.01 -11"><span class='ocrx_word' id='word_1_902' title='bbox 2015 5394 2233 5472; x_wconf 50' lang='lat' dir='ltr'><strong>PFESSi-E.</strong></span> <span class='ocrx_word' id='word_1_903' title='bbox 2257 5394 2385 5472; x_wconf 66' lang='grc' dir='ltr'>πρὶν</span> <span class='ocrx_word' id='word_1_904' title='bbox 2416 5394 2450 5465; x_wconf 80' lang='grc' dir='ltr'><strong>ἢ</strong></span> <span class='ocrx_word' id='word_1_905' title='bbox 2479 5392 2720 5472; x_wconf 67' lang='grc' dir='ltr'>στερρῶς</span> <span class='ocrx_word' id='word_1_906' title='bbox 2743 5396 3317 5472; x_wconf 38' lang='grc' dir='ltr'>αὑτὸνᾼὲπιστῆσαι-τῇ</span> <span class='ocrx_word' id='word_1_907' title='bbox 3353 5392 3580 5472; x_wconf 73' lang='grc' dir='ltr'>Ἐκκλη-</span> 
     </span>
    </p>
   </div>
   <div class='ocr_carea' id='block_1_129' title="bbox 2017 5462 3576 5534">
    <p class='ocr_par' dir='ltr' id='par_1_129' title="bbox 2017 5462 3576 5534">
     <span class='ocr_line' id='line_1_131' title="bbox 2017 5462 3576 5534; baseline -0.001 -19"><span class='ocrx_word' id='word_1_908' title='bbox 2017 5462 2129 5534; x_wconf 79' lang='grc' dir='ltr'>σίᾳ.</span> <span class='ocrx_word' id='word_1_909' title='bbox 2169 5462 2372 5519; x_wconf 78' lang='lat' dir='ltr'><strong>Eodem</strong></span> <span class='ocrx_word' id='word_1_910' title='bbox 2418 5462 2587 5519; x_wconf 69' lang='lat' dir='ltr'><strong>verbo</strong></span> <span class='ocrx_word' id='word_1_911' title='bbox 2613 5462 2748 5519; x_wconf 77' lang='lat' dir='ltr'><strong>usus</strong></span> <span class='ocrx_word' id='word_1_912' title='bbox 2769 5476 2854 5520; x_wconf 90' lang='lat' dir='ltr'><strong>est</strong></span> <span class='ocrx_word' id='word_1_913' title='bbox 2890 5462 3158 5532; x_wconf 81' lang='lat' dir='ltr'><strong>Georgius</strong></span> <span class='ocrx_word' id='word_1_914' title='bbox 3207 5462 3488 5534; x_wconf 75' lang='lat' dir='ltr'><strong>Syiicellus</strong></span> <span class='ocrx_word' id='word_1_915' title='bbox 3520 5462 3576 5514; x_wconf 86' lang='lat' dir='ltr'><strong>in</strong></span> 
     </span>
    </p>
   </div>
   <div class='ocr_carea' id='block_1_130' title="bbox 2020 5531 3577 5605">
    <p class='ocr_par' dir='ltr' id='par_1_130' title="bbox 2020 5531 3577 5605">
     <span class='ocr_line' id='line_1_132' title="bbox 2020 5531 3577 5605; baseline -0.001 -18"><span class='ocrx_word' id='word_1_916' title='bbox 2020 5531 2181 5601; x_wconf 82' lang='lat' dir='ltr'><strong>hujus</strong></span> <span class='ocrx_word' id='word_1_917' title='bbox 2219 5534 2457 5605; x_wconf 66' lang='lat' dir='ltr'><strong>historiae</strong></span> <span class='ocrx_word' id='word_1_918' title='bbox 2510 5537 2842 5597; x_wconf 89' lang='lat' dir='ltr'><strong>narratione,</strong></span> <span class='ocrx_word' id='word_1_919' title='bbox 2890 5536 2984 5588; x_wconf 76' lang='grc' dir='ltr'><strong>καὶ</strong></span> <span class='ocrx_word' id='word_1_920' title='bbox 3014 5531 3079 5605; x_wconf 80' lang='grc' dir='ltr'>τῇ</span> <span class='ocrx_word' id='word_1_921' title='bbox 3120 5531 3577 5605; x_wconf 21' lang='grc' dir='ltr'>Ἐκκλησίᾳαὲπι-</span> 
     </span>
    </p>
   </div>
   <div class='ocr_carea' id='block_1_131' title="bbox 2020 5602 3577 5743">
    <p class='ocr_par' dir='ltr' id='par_1_131' title="bbox 2020 5602 3577 5743">
     <span class='ocr_line' id='line_1_133' title="bbox 2020 5602 3577 5686; baseline -0.003 -30"><span class='ocrx_word' id='word_1_922' title='bbox 2020 5605 2244 5675; x_wconf 87' lang='grc' dir='ltr'>στήσας.</span> <span class='ocrx_word' id='word_1_923' title='bbox 2277 5602 2382 5660; x_wconf 84' lang='lat' dir='ltr'><strong>Sed</strong></span> <span class='ocrx_word' id='word_1_924' title='bbox 2427 5603 2659 5686; x_wconf 65' lang='lat' dir='ltr'><strong>fortasse</strong></span> <span class='ocrx_word' id='word_1_925' title='bbox 2694 5607 2913 5673; x_wconf 89' lang='lat' dir='ltr'><strong>quidam</strong></span> <span class='ocrx_word' id='word_1_926' title='bbox 2966 5602 3275 5681; x_wconf 71' lang='grc' dir='ltr'>ιιοείτοτιιηι</span> <span class='ocrx_word' id='word_1_927' title='bbox 3306 5602 3577 5684; x_wconf 73' lang='lat' dir='ltr'><strong>codicum</strong></span> 
     </span>
     <span class='ocr_line' id='line_1_134' title="bbox 2020 5672 3577 5743; baseline -0.003 -16"><span class='ocrx_word' id='word_1_928' title='bbox 2020 5673 2310 5729; x_wconf 89' lang='lat' dir='ltr'><strong>lectionem</strong></span> <span class='ocrx_word' id='word_1_929' title='bbox 2360 5676 2744 5743; x_wconf 81' lang='lat' dir='ltr'><strong>repudiabunt,</strong></span> <span class='ocrx_word' id='word_1_930' title='bbox 2787 5690 2851 5729; x_wconf 91' lang='lat' dir='ltr'><strong>eo</strong></span> <span class='ocrx_word' id='word_1_931' title='bbox 2875 5675 3021 5743; x_wconf 89' lang='lat' dir='ltr'><strong>quod</strong></span> <span class='ocrx_word' id='word_1_932' title='bbox 3051 5674 3317 5743; x_wconf 78' lang='lat' dir='ltr'><strong>Clemens</strong></span> <span class='ocrx_word' id='word_1_933' title='bbox 3340 5686 3450 5743; x_wconf 56' lang='lat' dir='ltr'><strong>iam</strong></span> <span class='ocrx_word' id='word_1_934' title='bbox 3472 5672 3577 5743; x_wconf 79' lang='lat' dir='ltr'><strong>dt-</strong></span> 
     </span>
    </p>
   </div>
   <div class='ocr_carea' id='block_1_132' title="bbox 2022 5740 3581 5816">
    <p class='ocr_par' dir='ltr' id='par_1_132' title="bbox 2022 5740 3581 5816">
     <span class='ocr_line' id='line_1_135' title="bbox 2022 5740 3581 5816; baseline -0.001 -16"><span class='ocrx_word' id='word_1_935' title='bbox 2022 5745 2182 5814; x_wconf 84' lang='lat' dir='ltr'><strong>xerit,</strong></span> <span class='ocrx_word' id='word_1_936' title='bbox 2201 5740 2453 5816; x_wconf 74' lang='lat' dir='ltr'><strong>juvenem</strong></span> <span class='ocrx_word' id='word_1_937' title='bbox 2481 5743 2627 5801; x_wconf 90' lang='lat' dir='ltr'><strong>illum</strong></span> <span class='ocrx_word' id='word_1_938' title='bbox 2656 5760 2685 5799; x_wconf 88' lang='lat' dir='ltr'><strong>a</strong></span> <span class='ocrx_word' id='word_1_939' title='bbox 2707 5740 2911 5801; x_wconf 80' lang='lat' dir='ltr'><strong>Joanne</strong></span> <span class='ocrx_word' id='word_1_940' title='bbox 2938 5743 3181 5816; x_wconf 90' lang='lat' dir='ltr'><strong>apostolo</strong></span> <span class='ocrx_word' id='word_1_941' title='bbox 3203 5743 3256 5798; x_wconf 88' lang='lat' dir='ltr'><strong>in</strong></span> <span class='ocrx_word' id='word_1_942' title='bbox 3282 5740 3581 5798; x_wconf 64' lang='lat' dir='ltr'><strong>Ecclesia!!!</strong></span> 
     </span>
    </p>
   </div>
  </div>
