4192 6458
575 303 685 362 563
1284 302 1553 362 EUSEBII
1589 301 2069 362 CESARIENSlS
2106 304 2257 362 OPP.
2296 305 2479 363 PARS
2513 305 2555 364 1.
2596 339 2668 352 -—
2703 310 3101 372 HISTORICA.
3725 322 3832 380 2M

575 418 860 478 sustinuit.
881 418 1132 475 Animam
1172 432 1344 473 meam
1385 433 1486 490 pro
1540 427 1630 473 tua
1671 419 1936 475 vicariam
1989 420 2127 475 dabo

2224 421 2428 487 ,διδοὺς
2475 425 2617 495 μέγα
2666 427 3022 499 παράδειγμα
3075 432 3365 501 μετανοίας
3414 433 3695 507 ἀληθινῆς,
3744 455 3840 494 και

576 514 672 566 Sta
694 513 878 577 modo,
907 520 963 567 et
993 511 1125 566 mihi
1148 511 1337 576 crede;
1367 526 1399 567 a
1420 510 1639 567 Christo
1661 512 1862 567 missus
1881 527 2022 568 sum.
2057 511 2122 566 lli

2263 515 2405 585 μέγα
2430 516 2717 591 γνώρισμα
2742 521 3181 591 παλιγγενεσίας,
3203 525 3463 598 τρόπαιον
3486 528 3837 593 ἀναστάσεως

580 604 676 660 ille
703 604 929 672 auditis,
957 606 1188 676 primum
1219 610 1433 674 quidem
1456 604 1610 661 vultu
1642 605 1696 660 in
1719 615 1928 661 terram
1952 606 2127 662 demis

2259 606 2615 682 βλεπομένηςο
2654 631 2674 666 ι

573 710 636 754 so
670 697 944 754 substitit:
979 698 1173 754 deinde
1232 699 1404 755 armis
1453 699 1702 770 abjectis,
1775 709 2017 755 tremens
2057 701 2116 757 in
2177 702 2448 777 lacrymas
2510 706 2715 764 eﬂ'usus
2761 717 2865 765 est.
2930 708 2997 765 Et
3047 712 3393 768 accedentem
3448 728 3635 770 senem
3682 731 3835 773 com-

573 790 782 884 plexus,
816 791 1020 884 gemitu
1047 806 1112 847 ac
1145 792 1403 848 lamentis
1439 803 1703 862 quantum
1745 793 1982 847 maxime
2020 800 2243 864 poterat
2304 800 2513 853 veniam
2568 802 2816 872 rogabat,
2874 813 2931 859 et
2971 806 3226 878 lacrymis
3276 808 3430 879 quasi
3482 809 3656 867 altero
3703 825 3837 884 quo-

571 880 695 935 dam
725 882 994 951 baptismo
1053 887 1404 954 expiabatur,
1450 884 1627 940 solam
1661 884 1942 939 dexteram
1987 888 2288 946 occultans.
2348 891 2486 947 Tum
2536 895 2815 965 apostolus
2865 900 3142 967 spondens
3199 915 3263 956 ac
3327 901 3576 972 dejerans
3621 919 3681 960 se
3723 880 3831 962 ive-

572 975 717 1030 niam
757 977 856 1048 ipsi
880 992 907 1032 a
938 976 1234 1034 Servatore
1262 978 1662 1049 impetravisse,
1697 993 1969 1051 oransque
1991 996 2055 1036 ac
2088 983 2141 1036 in
2178 998 2349 1051 genua
2392 987 2727 1055 provolutus,
2772 998 2828 1045 et
2853 991 3099 1047 dextram
3141 993 3312 1063 ipsam
3357 995 3596 1066 juvenis,
3644 1001 3830 1065 utpote

567 1071 887 1142 paenitentia
920 1082 1307 1143 expurgatam,
1370 1070 1709 1139 deosculans,
1756 1072 1931 1142 ipsum
1989 1073 2043 1127 in
2099 1071 2392 1129 Ecclesium
2448 1080 2686 1134 reduxit.
2741 1081 2947 1137 Exinde
2999 1085 3196 1152 partim
3252 1087 3459 1142 crebris
3493 1088 3827 1145 orationibus

568 1166 737 1223 Deum
771 1166 1090 1237 deprecans,
1122 1166 1321 1235 partim
1367 1166 1704 1222 continuatis
1747 1182 1857 1221 una
1903 1183 2023 1223 cum
2075 1168 2273 1237 juvene
2306 1169 2524 1239 jejuniis
2547 1174 2708 1228 simul
2765 1174 2877 1249 95
2924 1177 3228 1243 decertans,
3288 1182 3536 1236 omnibus
3593 1182 3826 1252 denique

564 1255 859 1312 verborum
921 1254 1195 1311 illecebris
1267 1254 1508 1308 animum
1545 1255 1666 1324 ejus
1715 1256 2052 1322 demulcens,
2104 1274 2208 1312 non
2239 1260 2390 1327 prius
2445 1263 2708 1318 abscessit
2750 1281 2911 1333 quam
2958 1267 3109 1322 illum
3160 1269 3416 1326 Ecclesiae
3472 1274 3821 1340 restituisset,

565 1360 933 1420 magnumque
963 1346 1193 1401 sincerae
1234 1345 1580 1415 paenitentiae
1611 1347 1939 1416 exemplum,
1969 1357 2024 1402 et
2072 1348 2275 1404 iterata:
2317 1355 2740 1422 regenerationis
2790 1356 2981 1427 ingens
3035 1359 3438 1431 documentum,
3492 1372 3569 1420 et'
3600 1367 3821 1438 conspi-

563 1458 679 1500 cuae
725 1441 1141 1498 resurrectionis
1170 1448 1430 1510 tropaeum
1463 1442 1713 1498 omnibus
1732 1444 2077 1499 ostendisset.
2113 1461 2134 1497 ι

1132 1530 1360 1588 CAPUT
1384 1531 1582 1589 XXIV.

988 1624 1064 1680 De
1088 1625 1272 1680 ordine
1295 1622 1726 1694 Evangeliorum.

632 1714 1117 1774 HaecaClemente
1143 1714 1366 1783 scripta,
1409 1713 1462 1767 in
1523 1713 1669 1768 hunc
1729 1711 1913 1782 operis
1965 1712 2137 1768 nostri

562 1812 743 1865 locum
777 1806 1130 1876 conjecimus,
1170 1812 1283 1859 tum
1315 1804 1382 1859 ad
1412 1802 1663 1859 notitiam
1693 1817 1901 1867 rerum.
1925 1813 2039 1860 tum
2069 1804 2137 1860 ad

563 1901 848 1958 utilitatem
880 1896 1173 1968 legentium
1219 1892 1523 1966 profutura.
1558 1892 1680 1950 Iam
1718 1908 1850 1951 vero
1895 1896 2136 1966 ejusdem

561 1990 793 2063 apostoli
831 1988 1057 2058 scripta,
1099 1998 1221 2057 quae
1260 1987 1507 2041 omnium
1553 1999 1823 2042 consensu
1875 1987 1924 2042 ei
1967 1988 2140 2043 ascri-

558 2084 764 2139 buntur
791 2093 1197 2137 recenseamus.
1230 2076 1298 2133 Et
1320 2078 1499 2147 primo
1521 2079 1741 2148 quidem
1786 2079 2135 2149 Evangelium

558 2172 731 2244 ipsius
762 2170 1031 2226 universis
1056 2183 1154 2239 per
1197 2168 1388 2225 orbem
1439 2178 1712 2222 terrarum
1746 2160 2005 2223 Ecclesiis
2039 2184 2138 2222 no-

557 2262 829 2317 tissimum
873 2260 994 2316 sine
1034 2259 1142 2315 ulla
1202 2259 1537 2315 dubitatione
1584 2258 1981 2324 suscipiendum
2030 2268 2136 2316 est.

556 2357 709 2425 Quod
735 2371 866 2413 vero
895 2366 1045 2411 recte
1073 2364 1127 2410 et
1152 2369 1276 2410 cum
1326 2354 1538 2409 ratione
1567 2362 1764 2422 quarto
1807 2351 1936 2407 illud
1990 2351 2133 2418 loco,

550 2459 675 2520 post
702 2449 869 2504 trium
915 2446 1146 2502 aliorum
1200 2444 1491 2516 Evangelia
1519 2458 1550 2499 a
1577 2443 1853 2497 veteribus
1902 2441 2137 2498 colloca-

552 2553 668 2597 tum
714 2541 807 2605 sit,
849 2539 1070 2610 planum
1126 2537 1351 2592 ﬁetboc
1404 2539 1587 2591 modo.
1632 2533 2002 2590 Admirabiles
2054 2532 2132 2589 illi

551 2647 889 2703 prorsusque
955 2630 1128 2686 divini
1169 2626 1400 2699 apostoli
1438 2626 1747 2684 Servatoris
1774 2624 2129 2692 nostri,cum

551 2730 737 2779 essent
799 2722 912 2776 vita
992 2720 1211 2791 quidem
1277 2733 1344 2774 ac
1399 2717 1646 2774 moribus
1703 2716 2127 2789 castigatissimi,

553 2823 611 2872 et
644 2813 900 2870 omnibus
929 2812 1229 2869 virtutibus
1265 2813 1465 2875 'ornati,
1491 2825 1744 2868 sermone
1782 2820 1964 2866 autem
2011 2809 2129 2879 ipso

2168 1542 2217 1602 Β
2745 1536 3145 1593 ΚΕΦΑΛΑῙΟΝ
3182 1542 3308 1595 KA'.

2237 1624 2376 1693 Περὶ
2394 1624 2504 1692 τῆς
2518 1623 2740 1691 τάξεως
2754 1625 2875 1679 τῶν
2890 1629 3272 1701 Εὑαγγελίων
3288 1629 3429 1701 (Nic.
3448 1632 3518 1687 Η.
3539 1633 3603 1689 Ε.
3625 1652 3684 1697 ll.
3700 1640 3813 1712 45),

2307 1714 2492 1769 Ταῦτα
2513 1714 2608 1769 τοῦ
2636 1716 2972 1787 Κλήμεντος,
3002 1718 3242 1791 ἱστορίας
3262 1721 3398 1791 ὁμοῦ
3429 1723 3523 1777 καί
3543 1723 3815 1796 ὠφελείας

2235 1804 2336 1874 τῆς
2363 1805 2471 1858 τῶν
2505 1804 2899 1877 ἐντευξομένων
2927 1808 3143 1873 ἐνεκεν,
3192 1812 3426 1868 ἐνταῦθά
3467 1833 3559 1886 μοι
3590 1819 3811 1876 κείσθω.

2234 1896 2371 1967 Φέρε
2403 1896 2459 1949 δὲ
2492 1897 2586 1949 καὶ
2615 1897 2769 1951 τοῦδε
2801 1898 2893 1951 τοῦ
2932 1899 3234 1956 ἀποστόλου
3258 1903 3359 1968 τάς
3389 1906 3813 1982 ἀναντιῤῥήτους

2239 1989 2714 2061 ὑποσημηνώμεθα
2747 1991 2857 2062 (25)
2892 1993 3129 2063 γραφάς.
3176 1996 3285 2051 Καὶ
3326 1998 3391 2071 δὴ
3450 1996 3511 2054 τδ
3560 2006 3680 2057 κατ’
3722 2006 3817 2059 αὐ-

2235 2079 2327 2134 τὸν
2354 2080 2723 2151 Εὐαγγέλιον
2757 2086 2877 2150 ταῖς
2905 2087 3008 2142 ὑπὸ
3039 2087 3130 2143 τὸν
3164 2089 3389 2157 οὐρανὸν
3426 2091 3808 2164 διεγνωσμένον

2250 2171 2607 2243 Ἐκκλησίαις,
2633 2172 2844 2244 πρῶτον
2866 2173 3298 2246 ἀνωμολογήσθω
3318 2175 3582 2241 (κη’οη
3607 2194 3669 2247 γε
3699 2179 3802 2248 μὴν

2234 2263 2470 2331 εὐλόγως
2520 2263 2658 2335 πρὸς
2705 2264 2814 2317 τῶν
2866 2264 3111 2336 ἀρχαίων
3150 2266 3208 2318 ἐν
3238 2267 3476 2340 τετάρτῃ
3511 2267 3675 2338 μοίρᾳ
3702 2267 3811 2320 τῶν

2234 2354 2409 2408 ἀλλων
2442 2354 2610 2425 τριῶν
2629 2353 2991 2419 κατείλεκται,
3023 2354 3194 2427 ταύτῃ
3222 2356 3288 2410 ἀν
3320 2356 3527 2425 γένοιτο
3548 2357 3723 2428 δῆλον.
3747 2357 3810 2412 οι

2233 2444 2512 2498 θεσπέσιοι
2559 2445 2655 2498 καὶ
2683 2444 2759 2508 ῶς
2796 2443 3010 2515 ἀληθῶς
3058 2444 3400 2516 θεοπρεπείς,
3449 2448 3591 2517 φημὶ
3626 2447 3683 2500 δὲ
3714 2445 3809 2499 τοῦ

2230 2533 2465 2607 Χριστοῦ
2496 2535 2622 2599 τοὺς
2649 2534 2998 2598 ἀποστόλους,
3043 2534 3135 2588 τὸν
3166 2535 3278 2606 βίον
3320 2537 3503 2607 ἄκρως
3536 2536 3810 2609 κεκαθαρο

2233 2626 2407 2698 μένοι,
2441 2628 2535 2680 καὶ
2554 2628 2721 2699 ἀρετῇ
2751 2627 2901 2699 πάσῃ
2917 2627 3015 2689 τὰς
3041 2626 3217 2698 ψυχὰς
3240 2628 3642 2698 κεκοσμημένα
3665 2667 3681 2691 ,
3711 2627 3809 2699 τὴν

2226 2716 2285 2772 δὲ
2314 2717 2559 2787 γλῶτταν
2595 2719 2981 2784 ἰδιωτεύοντες,
3011 2722 3076 2790 τῇ
3099 2737 3163 2788 γε
3200 2719 3307 2791 μὴν
3339 2721 3476 2790 πρὸς
3504 2720 3597 2774 τοῦ
3631 2719 3807 2791 Σωτῆσ

2232 2827 2323 2883 ρος
2350 2812 2532 2875 αὐτοῖς
2558 2811 2907 2884 δεδωρημένῃ
2933 2810 3053 2883 θείᾳ
3079 2811 3173 2864 καὶ
3213 2810 3624 2884 παραδοξοποιῷ
3648 2813 3805 2867 δυνά·

552 2906 719 2962 rudes
744 2914 926 2961 esseut
947 2912 1116 2976 atque
1152 2904 1339 2959 inculti
1373 2922 1388 2959 :
1425 2902 1548 2958 freti
1577 2902 1759 2957 divina
1810 2911 1865 2957 et
1902 2902 2127 2956 miriﬁca

2235 2920 2326 2977 μει
2357 2902 2705 2975 θαρσοῦντες,
2735 2904 2798 2957 τὸ
2831 2903 2929 2973 μὲν
2952 2904 3012 2956 ἐν
3038 2904 3285 2975 περινοίᾳ
3318 2904 3413 2958 καὶ
3447 2891 3610 2978 τέχνῂ
3633 2905 3805 2974 λόγων

549 2997 760 3052 virtute
792 2996 923 3065 ipsis
960 3011 991 3051 a
1024 2996 1317 3051 ServatOre
1342 3008 1625 3060 concessa,
1669 2994 1968 3049 artiﬁcioso
1999 3008 2125 3047 ver-

550 3089 745 3144 borum
776 3097 972 3143 ornatu
1010 3087 1250 3157 Magistri
1280 3088 1366 3143 sui
1404 3099 1673 3157 praecepta
1713 3100 1989 3155 exponere
2033 3098 2127 3139 ne-

551 3193 659 3249 que
682 3187 971 3240 noverant,
998 3192 1180 3247 neque
1228 3179 1354 3233 item
1393 3177 1756 3232 conabantur.
1817 3175 1923 3231 Sed
1971 3175 2127 3242 adju-

546 3272 727 3327 vantis
757 3271 904 3342 ipsos
939 3269 1173 3340 Spiritus
1203 3270 1378 3325 sancti
1422 3258 1918 3333 demonstratione?
1935 3279 1986 3321 et
2012 3267 2126 3321 vir-

549 3370 664 3417 tute
696 3362 898 3418 Christi
926 3376 1046 3432 qua:
1075 3376 1175 3432 per
1213 3361 1357 3431 ipsos
1387 3359 1619 3431 plurima
1653 3359 2003 3429 perpetrabat
2023 3358 2127 3412 mi-

549 3455 756 3519 racula,
792 3454 1161 3510 tantummodo
1196 3463 1437 3518 utentes,
1466 3451 1722 3506 notitiam
1751 3450 1903 3520 regni
1952 3448 2121 3504 calo-

548 3561 670 3603 rum
696 3547 814 3601 orbi
870 3556 1137 3601 terrarum
1189 3545 1532 3599 nuntiabant.
1582 3539 1769 3614 Neque
1810 3556 1956 3597 curae
2012 3539 2124 3595 illis

548 3646 672 3693 erat
704 3637 869 3692 libros
890 3637 1156 3702 scribere,
1181 3635 1382 3706 quippe
1404 3634 1500 3704 qui
1542 3631 1703 3704 longe
1742 3632 2124 3703 praestantiore

548 3727 858 3783 ministerio
894 3736 951 3781 et
980 3740 1144 3796 supra
1191 3726 1456 3781 humanas
1493 3724 1638 3780 vires
1693 3724 1870 3795 posito
1926 3720 2121 3791 funge-

548 3827 759 3875 rentur.
799 3817 1001 3872 Paulus
1032 3827 1182 3872 certe
1202 3819 1296 3886 qui
1341 3818 1482 3872 inter
1510 3830 1703 3872 omnes
1734 3814 2011 3884 apostolos
2066 3822 2123 3868 et

545 3912 843 3967 verborum
880 3920 1143 3982 apparatu
1172 3924 1227 3966 et
1248 3910 1640 3965 sententiarum
1687 3910 1926 3979 pondere
1965 3907 2123 3963 facile

546 4002 858 4074 praestabat,
890 4013 1088 4074 praeter
1110 4003 1486 4072 'paucissimas
1526 4000 1796 4069 Epistolas
1828 3999 1960 4054 nihil
2007 4013 2124 4053 om-

547 4092 681 4149 nino
705 4092 971 4162 scriptum
1007 4091 1227 4161 reliquit
1265 4110 1279 4146 :
1314 4091 1523 4146 tametsi
1550 4092 1830 4145 innumera
1863 4089 2122 4160 mysteria

544 4195 818 4253 exponere
867 4181 1123 4251 potuerit,
1178 4185 1377 4254 quippe
1433 4182 1525 4252 qui
1582 4182 1650 4236 ad
1707 4195 1893 4235 earum
1940 4194 2118 4233 rerum

2227 2995 2295 3049 τά
2323 2995 2414 3049 τοῦ
2439 2994 2759 3049 διδασκάλου
2782 2994 3076 3065 μαθήματα
3097 2994 3440 3065 πρεσϐεύειν,
3468 2995 3591 3049 οὔτε
3611 2997 3806 3066 ⁴ίξδεσαν

2225 3085 2352 3139 οὔτε
2384 3085 2709 3157 ἐνεχείρουν·
2733 3088 2799 3156 τῇ
2826 3085 2881 3138 δὲ
2908 3084 3000 3138 τοῦ
3028 3084 3173 3139 θείου
3204 3085 3517 3156 Πνεύματος
3557 3088 3653 3141 τοῦ
3678 3105 3803 3141 συν⁴

2227 3177 2519 3250 εργοῦντος
2575 3178 2758 3241 αὐτοῖς
2791 3177 3085 3244 ἀποδείξει,
3113 3176 3209 3230 καὶ
3236 3181 3302 3249 τῇ
3329 3178 3397 3231 δι’
3420 3178 3597 3232 αὐτῶν
3622 3196 3806 3234 συντε-

2225 3269 2458 3342 λουμένῃ
2506 3267 2903 3339 θαυματουργῷ
2953 3267 3047 3320 τοῦ
3094 3267 3332 3340 Χριστοῦ
3390 3268 3615 3339 δυνάμει
3668 3271 3805 3344 μόνῃ

2226 3359 2516 3433 χρώμενοι,
2545 3361 2645 3431 τῆς
2668 3360 2776 3413 τῶν
2797 3359 3041 3431 οὐρανῶν
3065 3359 3339 3430 βασιλείας
3361 3361 3458 3432 τὴν
3485 3360 3687 3430 γνῶσιν
3711 3363 3804 3415 ἐπὶ

2226 3449 2409 3501 πᾶσαν
2459 3446 2828 3518 κατήγγελλον
2870 3449 2969 3519 τὴν
3019 3449 3363 3521 οἰκουμένην,
3425 3450 3658 3521 σπουδῆς
3704 3452 3803 3519 τῆς

2224 3540 2353 3609 περὶ
2382 3538 2443 3592 τὸ
2489 3538 2845 3608 λογογραφεῖν
2900 3539 3105 3611 μικράν
3158 3541 3472 3611 ποιούμενοι
3520 3541 3798 3612 φροντίδα.

2223 3631 2336 3684 Καὶ
2353 3630 2495 3684 τοῦτ’
2529 3631 2817 3703 ἔπραττον,
2847 3631 2943 3685 ἅτε
2991 3632 3193 3702 μείζονι
3223 3632 3319 3685 καὶ
3349 3632 3488 3704 ὑπὲρ
3517 3632 3801 3704 ἄνθρωπον

2222 3722 2392 3795 ἐξυπη
2402 3723 2714 3795 ρετούμενοι
2727 3724 2989 3795 διακονίᾳ.
3016 3724 3074 3778 '0
3087 3724 3215 3794 γοῦν
3228 3724 3439 3789 Παῦλος
3456 3726 3669 3779 πάντων
3687 3726 3800 3799 (25)

2222 3816 2280 3869 ἐν
2292 3818 2612 3887 παρασκευῇ
2626 3815 2799 3884 λόγων
2811 3814 3198 3881 δυνατώτατος,
3215 3818 3308 3887 νοή
3318 3816 3447 3887 μασί
3461 3832 3518 3871 τε
3541 3815 3801 3870 ίκανώταο

2221 3925 2312 3972 τος
2324 3906 2580 3976 γεγονὼς,
2601 3907 2663 3961 οὐ
2681 3908 2840 3961 πλέον
2854 3907 2961 3961 τῶν
2979 3907 3328 3979 βραχυτάτων
3356 3906 3798 3977 Ἐπιστολῶν(ἳ6)

2221 4003 2404 4071 γραφῇ
2421 3999 2791 4070 παραδέδωκε,
2815 3998 2988 4054 καίτοι
3010 4000 3178 4071 μυρία
3193 4016 3257 4068 γε
3281 4001 3375 4053 καὶ
3392 4000 3678 4072 ἀπόρρητα
3709 3998 3798 4053 λέ-

2221 4106 2283 4160 γε
2292 4108 2339 4143 ιν
2354 4090 2513 4160 ἔχων,
2533 4090 2627 4143 ἆτε
2645 4091 2753 4145 τῶν
2774 4092 2964 4161 μέχρις
2979 4090 3210 4163 ούρανοῦ
3224 4091 3407 4159 τρίτου
3429 4091 3799 4163 θεωρημάτων

2222 4179 2549 4249 ἐπιψαύσας,
2595 4181 2683 4234 ἐπ’
2708 4181 2871 4235 αὐτόν
2908 4198 2967 4234 τε
3012 4180 3103 4234 τὸν
3148 4180 3429 4253 θεοπρεπῆ
3470 4182 3797 4253 παράδεισον

545 4272 744 4344 quaein
775 4273 934 4328 tertio
979 4282 1109 4329 sunt
1142 4273 1320 4340 caelo,
1380 4272 1895 4344 contemplationem
1943 4271 2105 4340 perti~

2224 4272 2607 4344 ἀναρπασθεὶς,
2638 4273 2855 4329 καὶτῶν
2870 4276 3049 4329 ἐκεῖσε
3078 4273 3338 4346 ῥημάτων
3363 4273 3617 4346 ἀρρήτων
3638 4272 3797 4339 seu.»

542 4459 825 4530 reductum
841 4457 1133 4516 Γυὶεεειέπὶ
1155 4457 1253 4530 τὴν
1268 4457 1590 4530 Ἐκκλησίαν
1610 4460 1945 4529 ἐπανήγαγε.
1972 4458 2124 4527 Quod

545 4531 591 4584 si
632 4531 734 4583 hoc
788 4529 906 4583 loco
955 4528 1219 4601 legamus
1253 4528 1666 4601 ἀποκατέστησε
1704 4528 1779 4601 τῇ
1808 4530 2119 4601 Ἐκκλησίᾳ,

543 4601 723 4669 inepta
749 4603 853 4652 erit
880 4613 944 4653 ac
969 4599 1240 4667 superﬂua
1272 4600 1513 4665 ejusdem
1555 4599 1632 4654 rei
1688 4599 1962 4669 repetitio.
1994 4599 2122 4654 ne»

545 4668 782 4737 spondeo
809 4669 1097 4725 restituere
1128 4668 1382 4724 Ecclesia:
1412 4686 1517 4725 non
1544 4672 1685 4725 idem
1717 4668 1838 4725 esse
1861 4687 1922 4725 ac
1956 4674 2120 4726 redu-

544 4753 668 4793 cere
710 4740 763 4791 iu
808 4738 1129 4793 Ecclesiam.
1171 4740 1477 4793 lleducitur
1509 4742 1653 4795 enim
1690 4743 1757 4794 ad
1792 4741 2116 4808 Ecclesiam,

544 4809 635 4881 qui
661 4808 1033 4881 penitentiam
1065 4819 1315 4881 acturum
1338 4824 1396 4864 se
1416 4825 1553 4881 esse
1583 4812 1904 4881 profitetur;
1946 4813 2113 4867 resti-

546 4878 723 4931 tuitur
746 4886 943 4951 autem
974 4878 1231 4933 Ecclesia:
1259 4879 1307 4951 is
1333 4880 1451 4948 qui,
1494 4878 1712 4948 peracta
1764 4884 2115 4951 pteniteutia,

545 4947 1033 5020 reconciliatoriam
1067 4964 1259 5020 manus
1286 4947 1689 5020 iuipositioruem
1711 5019 1715 5020 ν
1735 4947 1970 5020 accepit.

615 5014 730 5087 (25)
758 5017 847 5092 _'1‘
845 5016 1324 5092 ποσημηνώμεθα
1365 5014 1629 5091 Ἰγραφάς.
1700 5014 1889 5092 Magis
1937 5020 2119 5091 placet

550 5084 719 5165 altera
757 5088 918 5165 lectio
950 5084 1110 5165 quam
1150 5084 1328 5157 reperi
1381 5084 1658 5165 iuc'odi'ce
1706 5084 1875 5165 M_a_vz._,_
1915 5084 2110 5165 ίπισητ

552 5152 875 5227 μηνώμεθα,
921 5152 1006 5211 cui
1036 5156 1165 5227 lere
1206 5152 1479 5214 consentit
1528 5162 1698 5214 codex
1742 5152 1958 5222 Medic..
2008 5152 2112 5216 nisi

547 5225 692 5299 quod
716 5225 1203 5299 ’ἐπισημεινώμεθα
1226 5230 1701 5299 εοτὶρῳηιιιοὺοι.
1735 5233 1804 5286 At
1827 5232 1881 5287 in
1919 5231 2111 5288 codice

547 5293 682 5351 Fuk.
714 5293 971 5361 scripturn
997 5293 1077 5350 est
1103 5293 1594 5367 ἐπισημεὶώμιθαΑ

628 5369 741 5442 (24)
770 5367 932 5442 Ῡυιε.
962 5369 1075 5425 Kal
1111 5369 1195 5442 Δδὴ
1240 5372 1340 5442 καὶ
1372 5367 1443 5427 τὸ
1476 5367 1607 5426 κατ’
1647 5368 1835 5442 αὐτὸν
1875 5367 2135 5442 Eiram-

547 5439 754 5498 λιόν...
778 5439 1269 5511 ἀνσλιολογήσθω.
1292 5441 1575 5497 Posterius
1596 5440 1690 5494 καί
1718 5439 2133 5510 expungendum

549 5521 635 5588 est
655 5550 670 5575 ,
701 5521 887 5582 utpOte
925 5513 1278 5588 ineptu_m__ac
1312 5512 1671 5588 superﬂuum.
1717 5512 2071 5588 Abc5§t_ccrte
2099 5523 2132 5562 a

551 5583 726 5637 tribus
764 5577 969 5639 nostris
1018 5577 1298 5638 codicibus
1330 5577 1497 5638 Mazu
1543 5581 1680 5636 Med.
1728 5589 1781 5633 ct
1812 5577 2132 5632 Fuketiano.

553 5650 909 5725 Scribendum
962 5669 1181 5725 quoque
1230 5653 1709 5725 dmuoloyﬁallw,
1738 5651 2000 5725 producta
2046 5662 2133 5704 εει

552 5722 727 5779 cuttda
762 5719 994 5792 syllaba,
1034 5719 1171 5783 sicut
1213 5727 1267 5782 in
1294 5719 1797 5782 iisdem-codicibus
1833 5719 2086 5775 habetur.

2296 4456 2410 4529 (25)
2445 4456 2497 4509 Ὀ
2550 4457 2701 4527 γοῦν
2758 4459 3001 4524 Παῦλος
3051 4456 3311 4512 πάντων.
3353 4457 3537 4529 Codic.
3579 4456 3715 4513 Max.
3743 4469 3798 4515 et

2226 4527 2362 4613 μευ.
2401 4542 2588 4613 vocem
2608 4532 2964 4614 ‘iuterserunt
2988 4530 3305 4614 ho‘c'tuodq,
3353 4529 3410 4583 Ὀ
3431 4527 3561 4614 γοῦν
3585 4530 3796 4614 Παῦλος

2220 4596 2295 4651 ῶν
2344 4598 2562 4652 πάντων
2604 4600 2663 4652 ἐν
2695 4601 3018 4670 παρασκευῇ
3060 4597 3234 4667 λόγων
3262 4596 3651 4662 δυνατώτατος.
3689 4601 3796 4653 Sed

2220 4669 2355 4755 nihil
2388 4684 2524 4737 opus
2550 4681 2636 4725 est
2668 4672 2771 4725 hac
2803 4684 2954 4736 voce,
2982 4684 3106 4723 cum
3137 4679 3400 4736 sequatur
3433 4671 3656 4723 verbum
3701 4685 3795 4737 γε-

2218 4754 2411 4806 γονως.

2288 4810 2403 4878 (26)
2447 4810 2530 4863 Οὺ
2580 4809 2773 4862 πλέον
2828 4808 2948 4862 τῶν
2990 4806 3390 4877 βραχυτάτων
3432 4808 3792 4863 ἐπιστολῶν.

2216 4876 2544 4947 Ambiguum
2588 4891 2675 4949 est
2721 4889 2899 4932 utrum
2952 4876 3158 4949 paucas
3190 4893 3259 4949 a_n
3287 4879 3484 4949 breves
3522 4878 3794 4949 Epistolas

2218 4950 2350 5003 velit
2376 4946 2583 5004 dicere.
2610 4948 2919 5016 Utrumque
2947 4946 3092 5003 enim
3120 4947 3188 5003 de
3212 4946 3365 5002 Pauli
3393 4946 3652 5017 Epistolis
3678 4947 3792 5004 dici

2216 5027 2397 5087 potest
2425 5034 2441 5071 :
2473 5032 2568 5073 eas
2591 5018 2805 5073 scilicet
2830 5028 2884 5073 et
2910 5031 3113 5087 paucas
3128 5032 3271 5084 esse,
3296 5019 3494 5088 quippe
3516 5032 3637 5088 qua
3655 5032 3795 5087 qua-

2219 5088 2521 5144 tuordecim
2556 5103 2841 5143 numerqu
2893 5103 2998 5142 non
3047 5090 3313 5143 excedant
3345 5105 3360 5140 :
3395 5099 3450 5143 et
3473 5089 3689 5152 breves,
3720 5088 3791 5142 iis

2256 5158 2458 5241 uidem,
2483 5161 2577 5227 qui
2600 5157 2723 5241 illas
2760 5158 2851 5241 pie
2878 5172 2942 5213 ac
2971 5158 3220 5238 religiose
3246 5157 3599 5241 perlegerim.
3628 5159 3791 5239 certe

2214 5226 2476 5297 Origenes
2494 5226 2587 5283 eas
2609 5226 2984 5298 ὀλιγοστίχους
3015 5239 3173 5283 vocat
3197 5228 3249 5281 iu
3287 5228 3383 5283 lib.
3406 5226 3446 5279 7v
3480 5226 3788 5296 Expositio-

2214 5313 2341 5367 nunt
2368 5297 2423 5352 in
2445 5296 2791 5367 anugelium
2835 5298 3081 5353 Joannis.
3107 5296 3359 5367 Origenis
3383 5296 3544 5352 verba
3588 5298 3633 5350 si
3668 5298 3791 5365 quis

2213 5366 2395 5438 legere
2432 5366 2723 5438 desiderat,
2751 5369 3025 5423 habentur
3053 5367 3194 5422 infra
3218 5366 3279 5421 in
3307 5367 3405 5438 lib.
3431 5381 3505 5429 vr,
3542 5381 3665 5435 cap.
3694 5367 3788 5438 25.

2212 5435 2486 5507 ln'codice
2528 5437 2666 5495 Fuk.
2706 5440 2794 5493 hic
2844 5439 3009 5507 locus
3051 5438 3125 5492 ita
3174 5437 3506 5507 perscriptus
3553 5446 3638 5491 est
3669 5453 3683 5489 :
3712 5435 3788 5488 Οὔ

2211 5506 2374 5579 πλέον
2397 5508 2503 5560 τῶν
2542 5508 2898 5579 βραχυτάτων
2931 5506 3055 5561 ίδῶν
3092 5506 3422 5560 Ἐπιστολῶν
3449 5507 3634 5579 γραφῇ
3677 5520 3786 5557 παι

2216 5576 2554 5647 ραδὲδωκεεν,⁷
2580 5576 2683 5633 ubi
2723 5579 2846 5631 ίδῶν
2893 5579 3281 5646 compendiosa
3332 5576 3631 5634 scribendi"
3657 5588 3785 5630 nuta

2214 5648 2449 5717 positum
2475 5660 2556 5707 est
2587 5666 2684 5720 pro
2712 5649 3161 5720 δεκατεσσάρων.
