4192 6434
424 323 529 379 265

1413 321 1762 381 HISTORUE
1798 323 2359 385 ECCLESIASTICIE
2400 324 2530 382 LIB.
2573 325 2664 382 Ill.

3581 333 3689 388 266

426 443 538 505 θεὶς
568 443 892 498 ἐπακοῦσαι.
930 444 1042 496 Οὐκ
1073 443 1290 516 ἄπειροι
1344 445 1442 515 μὲν
1475 440 1568 499 οῦν
1613 447 1856 519 ὑπῆρχον
1894 448 1994 501 τῶν

2106 450 2295 520 gisset,
2325 459 2380 504 et
2423 448 2490 501 ad
2521 448 2696 518 ipsum
2732 460 2907 516 usque
2938 447 3179 503 divinum
3234 451 3542 517 paradisum
3599 469 3690 507 ra-

425 537 600 591 αὔτῶν
634 539 732 591 καὶ
778 538 828 589 οἱ
858 537 1034 589 λοιποὶ
1080 536 1174 590 τοῦ
1224 538 1476 610 Σωτῆρος
1525 539 1684 610 ἡμῶν
1729 541 2002 611 φοιτηταί,

423 630 630 683 δώδεκα
646 630 743 701 μὲν
763 628 1071 693 ἀπόστολοι,
1090 629 1458 701 ἐϐδομήκοντα
1477 630 1534 683 δὲ
1567 632 1824 702 μαθηταὶ,
1858 632 2007 687 ἄλλοι

423 738 485 775 τε
516 722 610 776 ἐπὶ
641 722 853 786 τούτοις
887 720 1090 794 μυρίοι.
1122 721 1312 792 Ὅμως
1335 722 1379 774 δ’
1402 716 1494 775 οὖν
1526 721 1586 787 ἐξ
1614 724 1868 777 ἁπάντων
1894 723 2004 777 τῶν

424 814 520 866 τοῦ
552 814 759 885 Κυρίου
815 812 1091 884 μαθητῶν,
1143 813 1508 884 ὑπομνήματα
1549 813 1827 878 Ματθαῖος
1873 817 2004 886 ἡμῖν

426 906 521 959 καὶ
558 906 808 976 Ἰωάννης
849 906 995 975 μόνοι
1021 908 1486 962 καταλελοίπασιν*
1512 908 1605 973 οὓς
1632 909 1728 963 καὶ
1762 908 2004 977 ἐπάναγ-

426 1014 520 1060 κες
547 999 639 1050 ἐπὶ
662 997 760 1069 τὴν
792 998 1010 1071 γραφὴν
1055 999 1227 1053 ἐλθεῖν
1261 1000 1482 1071 κατέχει
1506 1000 1682 1069 λόγος.
1724 1001 2005 1066 Ματθαῖος

429 1087 530 1157 μὲν
564 1088 674 1159 γὰρ
706 1089 968 1160 πρότερον
1008 1089 1277 1161 Ἑϐραίοις
1297 1090 1560 1162 κηρύξας,
1588 1091 1665 1154 ὡς
1685 1090 1877 1158 ἔμελλε
1910 1093 2006 1145 καὶ

426 1181 510 1248 ἐφ’
527 1180 745 1250 ἑτέρους
767 1180 923 1245 ἱέναι,
952 1180 1164 1253 πατρίῳ
1186 1180 1399 1254 γλώττῃ
1420 1185 1604 1253 γραφῇ
1642 1184 1919 1255 παραδοὺς
1945 1184 2005 1237 τὸ

425 1273 548 1325 κατ’
579 1272 739 1325 αὐτὸν
772 1272 1098 1341 Εὐαγγέλιον
1118 1313 1132 1337 ,
1179 1274 1241 1326 τὸ
1272 1273 1456 1327 λεῖπον
1484 1276 1550 1344 τῇ
1597 1274 1762 1327 αὐτοῦ
1802 1292 2006 1347 παρου-

426 1362 520 1434 σίᾳ
547 1362 680 1433 (27),
714 1363 922 1427 τούτοις
958 1364 1048 1433 ἀφ’
1068 1356 1143 1416 ὧν
1193 1363 1491 1427 ἐστέλλετο,
1534 1363 1623 1417 διὰ
1654 1364 1753 1435 τῆς
1784 1365 2002 1435 γραφῆς

424 1453 761 1525 ἀπεπλήρου.
796 1454 931 1523 Ἤδη
964 1453 1021 1506 δὲ
1069 1456 1297 1526 Μάρκου
1346 1456 1440 1508 καὶ
1490 1455 1675 1507 Λουκᾶ
1711 1454 1819 1509 τῶν
1881 1458 2003 1509 κατ’

424 1545 619 1609 αὐτοὺς
646 1545 992 1615 Εὑαγγελίων
1011 1547 1109 1618 τὴν
1136 1545 1345 1600 ἔκδοσιν
1380 1547 1783 1618 πεποιημένων,
1822 1548 2004 1602 Ἰωάν-

434 1651 522 1704 ιην
554 1635 686 1704 φασὶ
714 1635 804 1689 τὸν
835 1636 1012 1690 πάντα
1035 1638 1224 1709 χρόνον
1261 1635 1496 1708 ἀγράφῳ
1538 1639 1876 1709 κεχρημένον
1904 1656 2004 1710 κη-

428 1729 686 1802 ρύγματι,
717 1730 870 1795 τέλος
923 1730 1018 1783 καὶ
1068 1730 1160 1783 ἐπὶ
1198 1731 1299 1801 τὴν
1333 1732 1548 1803 γραφὴν
1585 1733 1758 1787 ἐλθεῖν
1785 1733 2000 1786 τοιᾶσδε

420 1821 581 1894 χάριν
610 1822 805 1885 αἰτίας.
839 1820 958 1873 Τῶν
990 1822 1520 1893 προαναγραφέντων
1561 1821 1727 1894 τριῶν
1760 1825 1841 1886 εἰς
1865 1823 2002 1877 πάν-

419 1930 519 1976 τας
552 1912 651 1983 ἤδη
694 1914 790 1966 καὶ
834 1913 914 1975 εἰς
952 1911 1114 1966 αὐτὸν
1168 1912 1576 1984 διαδεδομένων,
1638 1914 2000 1979 ἀποδέξασθαι

422 2007 523 2076 μέν
551 2022 733 2074 φασιν,
766 2004 1019 2076 ἀλήθειαν
1051 2006 1233 2069 αὐτοῖς
1264 2006 1808 2078 ἐπιμαρτυρήσαντα,
1837 2007 2002 2077 μόνην

418 2097 476 2150 δὲ
496 2098 603 2168 ἄρα
625 2096 904 2150 λείπεσθαι
932 2098 999 2167 τῇ
1026 2098 1210 2168 γραφῇ
1236 2096 1336 2167 τὴν
1368 2098 1497 2167 περὶ
1538 2096 1648 2151 τῶν
1676 2098 1733 2150 ἐν
1763 2096 2001 2169 πρώτοις

418 2190 513 2243 καλο
562 2190 681 2243 κατ’
704 2188 884 2261 ἀρχὴν
915 2187 1010 2241 τοῦ
1063 2187 1420 2259 κηρύγματος
1468 2187 1572 2241 ὑπὸ
1614 2187 1709 2241 τοῦ
1762 2188 1999 2260 Χριστοῦ

419 2281 819 2353 πεπραγμένων
843 2280 1091 2351 διήγησιν
1110 2298 1124 2313 ·
1161 2281 1257 2334 καὶ
1287 2279 1492 2352 ἀληθής
1513 2296 1577 2348 γε
1609 2282 1638 2332 ὁ
1657 2280 1831 2349 λόγος.
1862 2282 2000 2346 Τοὺς

419 2371 612 2435 ἄλλους
657 2372 788 2441 γοῦν
828 2376 979 2443 τρεῖς
1014 2371 1410 2442 εὐαγγελιστάς
1470 2372 1699 2426 συνιδεῖν
1743 2372 1996 2445 πάρεστι,

425 2463 560 2532 μόνα
592 2464 660 2516 τὰ
701 2464 839 2533 μετά
877 2465 976 2536 τὴν
1017 2467 1075 2518 ὲν
1111 2464 1191 2533 τῷ
1233 2464 1592 2535 δεσμωτηρίῳ
1629 2463 1870 2518 Ἰωάννου
1901 2462 1996 2517 τοῦ

418 2551 728 2606 Βαπτιστοῦ
779 2552 1056 2626 κάθειρξιν
1100 2554 1185 2622 ἐφ’
1208 2554 1305 2607 ’ένα
1336 2554 1580 2607 ἐνιαυτὸν
1632 2552 1999 2625 πεπραγμένα

416 2646 495 2717 τῷ
536 2647 747 2717 Σωτῆρι
780 2648 1245 2720 συγγεγραφότας,
1280 2647 1411 2701 αὐτό
1450 2664 1509 2700 τε
1546 2645 1689 2700 τοῦτ’
1718 2649 1993 2720 ἐπισημη-

420 2736 685 2807 ναμένους
723 2739 1001 2810 καταρχὰς
1036 2739 1138 2809 τῆς
1179 2736 1359 2792 αὐτῶν
1393 2737 1652 2809 ἱστορίας.
1683 2737 1839 2792 Μετὰ
1866 2737 1997 2807 γοῦν

416 2828 518 2901 τὴν
579 2832 1191 2902 τεσσαρακονταήμερον
1255 2828 1507 2899 νηστείαν
1550 2868 1564 2894 ,
1605 2829 1698 2883 καὶ
1759 2829 1851 2883 τὸν
1908 2831 1996 2883 ἐπ’

418 2919 554 2990 αὐτῇ
632 2920 956 2992 πειρασμὸν,
1018 2920 1110 2974 τὸν
1171 2921 1363 2992 χρόνον
1401 2920 1498 2991 τῆς
1530 2920 1662 2984 ἰδίας
1711 2921 1931 2993 γραφῆς
1967 2923 1996 2975 ὁ

424 3011 523 3082 μὲν
591 3012 870 3077 Ματθαῖος
937 3012 1087 3084 δηλοῖ
1120 3013 1311 3082 λέγων·
1382 3031 1403 3064 ι
1469 3014 1733 3078 Ἀκούσας
1793 3013 1850 3067 δὲ
1913 3014 1994 3067 ὅτι

431 3103 685 3174 Ἰωάννης
717 3104 1008 3176 παρεδόθη,
1064 3104 1409 3177 ἀνεχώρησεν
1458 3105 1567 3159 ἀπὸ
1595 3106 1695 3177 τῆς
1736 3104 1992 3169 Ἰουδαίας

2107 549 2252 608 plus,
2274 553 2472 593 arcana
2503 538 2744 606 quaedam
2772 539 2933 592 verba
2961 539 3033 593 ibi
3055 539 3365 595 auscultare
3379 542 3686 600 meruisset.

2107 629 2214 684 Sed
2269 639 2325 685 et
2372 629 2565 697 reliqui
2601 627 2915 683 Servatoris
2968 625 3141 683 ndstri
3190 628 3500 700 adjutores,
3552 632 3690 686 duo-

2106 721 2280 775 decim
2345 718 2601 774 videlicet
2662 719 2925 787 apostoli,
2966 720 3043 775 'et
3112 722 3457 792 septuaginta
3515 723 3687 778 disci-

2106 810 2238 879 puli,
2266 808 2376 880 95
2414 809 2509 863 alii
2555 809 2791 877 denique
2831 818 3031 878 praeter
3076 824 3175 865 eos
3228 811 3684 876 innumerabiles,

2104 902 2422 956 earumdem
2463 915 2647 956 rerum
2698 900 2925 954 minime
2966 911 3218 967 expertes
3266 902 3514 959 fuerunt.
3568 904 3681 961 Soli

2106 994 2460 1048 nihilominus
2484 1008 2553 1048 ex
2587 993 2801 1048 cunctis
2830 993 3041 1050 Domini
3085 995 3366 1065 discipulis
3390 996 3684 1052 Matthmus

2105 1098 2158 1138 et
2185 1084 2422 1140 Joannes
2454 1085 2690 1154 scriptos
2724 1085 2882 1139 nobis
2913 1100 3094 1140 rerum
3128 1090 3553 1144 commentarios
3594 1105 3684 1145 re-

2104 1176 2417 1246 liquerunt;
2476 1193 2614 1246 quos
2673 1178 2892 1247 quidem
2942 1181 3270 1236 necessitate
3332 1183 3566 1251 quadam
3614 1184 3682 1237 ad

2103 1268 2450 1323 scribendum
2492 1268 2759 1337 impulsos
2806 1268 2971 1323 fuisse
3001 1269 3316 1337 perhibent.
3364 1271 3496 1326 Nam
3546 1273 3685 1328 Mat-

2105 1360 2277 1414 tliaeus
2331 1375 2457 1414 cum
2518 1360 2764 1417 Hebraeis
2812 1364 3047 1431 primum
3099 1361 3261 1417 ﬁdem
3304 1365 3677 1434 praedicasset,

2104 1451 2229 1504 inde
2254 1451 2320 1505 ad
2353 1452 2494 1506 alias
2526 1468 2745 1523 quoque
2797 1461 2989 1522 gentes
3030 1456 3403 1524 profecturus,
3436 1458 3684 1530 Evange-

2104 1542 2233 1595 limn
2283 1558 2442 1597 suum
2496 1545 2675 1613 patrio
2730 1560 2982 1601 sermone
3040 1548 3420 1615 conscribcns,
3453 1550 3507 1605 id
3536 1553 3682 1621 quod

2105 1632 2408 1700 prmsentiae
2435 1648 2547 1688 sua:
2579 1634 2761 1689 adhuc
2788 1649 3078 1705 superesse
3120 1638 3426 1707 videbatur,
3477 1643 3684 1712 scripto

2106 1722 2216 1776 illis
2238 1737 2375 1791 quos
2410 1723 2778 1794 relinquebat,
2814 1728 3104 1798 supplevit.
3143 1728 3334 1785 Postea
3373 1747 3509 1789 vero
3557 1750 3678 1790 cum

2034 1812 2074 1867 Β
2104 1813 2317 1869 Marcus
2355 1815 2465 1883 jam
2518 1827 2574 1870 et
2618 1816 2795 1871 Lucas
2823 1818 3120 1890 Evangelia
3153 1837 3249 1877 sua
3284 1836 3531 1879 seorsum
3569 1826 3686 1881 sin-

2105 1904 2215 1973 guli
2246 1905 2562 1974 edidissent,
2590 1908 2742 1961 aiunt
2768 1906 3055 1977 Joannem,
3089 1916 3180 1981 qui
3236 1915 3505 1971 hactenus
3536 1917 3680 1972 nuda

2103 2009 2235 2050 voce
2263 1996 2487 2051 verbum
2522 1998 2735 2055 Domini
2775 2000 3191 2067 praedicaverat,
3227 2004 3445 2059 tandem
3470 2006 3542 2061 ob
3579 2006 3687 2060 hu-

2096 2086 2334 2154 jusmodi
2360 2102 2579 2143 causam
2606 2089 2674 2147 ad
2704 2090 3054 2146 scribendum
3084 2106 3144 2145 se
3177 2094 3502 2151 contulisse.
3543 2095 3680 2152 Per-

2102 2178 2225 2234 latis
2248 2178 2361 2248 jam
2389 2180 2441 2234 in
2476 2183 2719 2237 omnium
2754 2183 3037 2254 ipsiusque
3086 2184 3225 2241 adeo
3274 2184 3503 2247 Joannis
3535 2192 3679 2247 noti-

2102 2272 2230 2325 tiam
2261 2272 2586 2343 supradictis
2615 2274 2790 2331 tribus
2827 2275 3156 2347 Evangeliis,
3198 2279 3587 2350 approbavisse
3614 2297 3678 2337 ea

2098 2361 2360 2431 Joannes,
2410 2375 2467 2419 et
2504 2365 2789 2422 veritatem
2834 2369 3168 2439 scriptorum
3217 2385 3318 2426 suo
3364 2372 3677 2430 testimonio

2100 2455 2457 2513 confirmasse
2481 2458 2732 2515 dicitur:
2771 2462 2946 2518 solam
2989 2477 3122 2519 vero
3170 2466 3541 2522 narrationem
3582 2483 3679 2524 ea-

2099 2564 2220 2604 rum
2270 2564 2452 2606 rerum
2483 2566 2625 2622 quas
2655 2552 2910 2611 Christus
2939 2555 3087 2612 circa
3119 2558 3540 2628 praedicationis
3571 2562 3676 2617 ini-

2099 2637 2233 2692 tium
2272 2649 2541 2710 gesserat,
2592 2642 2934 2700 desiderasse
2976 2663 2991 2699 :
3024 2654 3077 2700 et
3118 2647 3363 2717 profecto
3395 2650 3466 2704 ita
3498 2664 3558 2706 se
3590 2666 3679 2707 res

2099 2726 2285 2784 habet.
2336 2728 2474 2785 Nam
2510 2732 2823 2802 superiores
2852 2734 3073 2804 quidem
3122 2746 3237 2794 tres
3286 2741 3676 2813 evangelistas,

2098 2835 2164 2875 ea
2192 2820 2460 2877 duntaxat
2510 2838 2631 2893 qua:
2667 2835 2794 2894 post
2819 2826 3128 2894 conjectum
3168 2829 3224 2885 in
3254 2829 3471 2887 vincula
3509 2832 3677 2890 Joan-

2097 2927 2222 2968 nem
2268 2911 2599 2985 Baptistam,
2625 2916 2789 2972 unius
2836 2919 2966 2974 anni
3015 2919 3294 2977 curriculo
3323 2938 3353 2978 a
3384 2922 3679 2983 Servatore

2096 3014 2286 3061 nostro
2331 3014 2482 3077 gesta
2532 3015 2681 3074 sunt,
2725 3007 2931 3065 litteris
2985 3012 3276 3069 mandasse
3326 3017 3674 3086 perspicuum

2097 3110 2221 3156 est:
2253 3099 2414 3171 idque
2436 3101 2614 3169 ipsum
2644 3102 2697 3156 in
2735 3105 3004 3175 principio
3032 3109 3217 3176 operis
3247 3110 3330 3164 sui
3361 3119 3551 3180 aperte
3597 3111 3676 3165 si-

414 3197 495 3258 εἰς
560 3194 659 3266 τὴν
698 3195 1004 3251 Γαλιλαίαν.
1076 3216 1095 3249 ι
1179 3197 1236 3251 Ὀ
1287 3197 1345 3251 δὲ
1409 3197 1634 3268 Μάρκος
1697 3197 1992 3262 ὡσαύτως·

2099 3190 2407 3261 gniﬁeasse.
2439 3192 2725 3248 Matthaeus
2751 3204 2898 3248 certe
2922 3205 3046 3263 post
3070 3179 3432 3268 quadraginta
3464 3200 3675 3255 dierum

418 3306 438 3338 ι
492 3287 650 3341 Μετὰ
707 3287 765 3340 δὲ
830 3289 893 3341 τὸ
949 3287 1373 3359 παραδοθῆναι,
1431 3289 1631 3359 φησὶν,
1702 3288 1992 3360 Ἰωάννην,

410 3374 573 3451 ἦλθεν
619 3378 825 3450 Ἰησοῦς
855 3380 935 3441 εἰς
957 3379 1054 3450 τὴν
1094 3379 1403 3434 Γαλιλαίαν.
1439 3398 1457 3430 ι
1482 3379 1592 3432 Καὶ
1632 3381 1660 3432 ό
1686 3380 1901 3440 Λουκᾶς
1937 3379 1995 3433 δὲ

412 3471 543 3542 πρὶν
562 3468 826 3539 ἄρξασθαι
846 3469 952 3522 τῶν
968 3468 1063 3523 τοῦ
1089 3471 1263 3541 Ἰησοῦ
1294 3469 1566 3541 πράξεων,
1598 3469 1995 3541 παραπλησίως

411 3559 663 3628 ἐπιτηρεῖ
697 3557 953 3626 φάσκων·
997 3577 1015 3610 ι
1068 3558 1154 3623 Ὠς
1193 3559 1301 3631 ἄρα
1333 3559 1590 3630 προσθεὶς
1630 3558 1876 3630 Ἡρώδης
1912 3554 1995 3622 οἷς

410 3650 739 3722 διεπράξατο
795 3653 1070 3722 πονηροῖς,
1122 3650 1445 3705 κατέκλεισε
1491 3650 1582 3703 τὸν
1641 3649 1892 3719 Ἰωάννην
1935 3651 1992 3703 ἐν

413 3743 647 3813 φυλακῇ.
690 3762 708 3794 ι
745 3742 1173 3814 Παρακληθέντα
1195 3742 1260 3814 δὴ
1292 3739 1386 3796 οὖν
1422 3743 1627 3797 τούτων
1658 3741 1824 3796 ἕνεκά
1856 3760 1989 3814 φησι

409 3833 500 3887 τὸν
524 3834 819 3887 ἀπόστολον
856 3834 1126 3905 Ἰωάννην,
1148 3835 1238 3888 τὸν
1265 3834 1371 3887 ὑπὸ
1392 3833 1500 3887 τῶν
1520 3833 1803 3906 προτέρων
1825 3834 1991 3904 εὐαγ-

408 3924 670 3996 γελιστῶν
696 3926 1192 3999 παρασιωπηθέντα
1217 3927 1429 3997 χρόνον,
1444 3927 1537 3980 καὶ
1555 3928 1622 3979 τὰ
1646 3926 1789 3979 κατὰ
1799 3924 1990 3980 τοῦτον

406 4019 771 4091 πεπραγμένα
816 4019 927 4091 (28)
966 4019 1044 4090 τῷ
1080 4018 1288 4090 Σωτῆρι
1329 4013 1659 4089 (ταῦταδ’ἦν
1676 4016 1745 4070 τὰ
1765 4016 1872 4089 πρὸ
1890 4020 1990 4090 τῆς

403 4113 499 4169 τοῦ
513 4111 815 4167 Βαπτιστοῦ
843 4110 1217 4182 καθείρξεως),
1247 4109 1325 4181 τῷ
1350 4111 1468 4164 κατ’
1489 4110 1652 4163 αὐτὸν
1671 4111 1988 4184 Εὐαγγελίῳ

405 4203 762 4280 παραδοῦναι,
794 4203 923 4257 αὐτό
953 4221 1012 4256 τε
1044 4203 1187 4256 τοῦτ’
1216 4202 1694 4274 ἐπισημήνασθαι,
1724 4203 1848 4256 τοτὲ
1888 4203 1987 4274 μὲν

2092 3281 2377 3352 jejunium,
2417 3290 2476 3337 et
2500 3290 2624 3352 post
2659 3282 2806 3336 illam
2851 3287 3203 3342 tentationem
3254 3301 3376 3357 quae
3405 3287 3673 3358 jejunium

2096 3373 2385 3427 subsecuta
2435 3383 2537 3441 est,
2587 3372 2836 3429 historiae
2884 3390 2997 3430 suae
3044 3382 3257 3447 tempus
3304 3379 3555 3450 designat
3588 3381 3678 3436 his

2093 3464 2314 3520 verbis:
2345 3483 2365 3517 ι
2401 3466 2667 3531 Audiens,
2712 3466 2916 3537 inquit,
2960 3468 3104 3532 quod
3142 3467 3384 3526 Joannes
3443 3470 3677 3527 traditus

2093 3566 2233 3623 erat,
2275 3571 2343 3612 ex
2382 3554 2568 3612 Judaea
2607 3558 2838 3613 secessit
2886 3558 2937 3612 in
2984 3557 3287 3616 Galilaeam.
3324 3578 3345 3614 ι
3405 3560 3677 3618 Similiter

2093 3650 2259 3704 etiam
2314 3648 2580 3705 Marcus:
2623 3667 2644 3701 ι
2676 3648 2993 3720 Postquam,
3060 3652 3258 3717 inquit,
3311 3654 3544 3709 traditus
3588 3664 3674 3711 est

2091 3736 2350 3805 Joannes,
2385 3740 2535 3795 venit
2558 3738 2717 3796 Jesus
2746 3740 2800 3795 in
2835 3739 3141 3798 Galilaeam.
3194 3762 3213 3796 ι
3269 3743 3378 3800 Sed
3410 3754 3465 3801 et
3492 3745 3672 3803 Lucas

2092 3840 2384 3900 antequam
2435 3845 2527 3887 res
2578 3847 2609 3886 a
2647 3830 2869 3887 Christo
2924 3843 3110 3902 gestas
3155 3834 3429 3903 ordiatur,
3478 3837 3669 3893 eodem

2091 3923 2251 3977 modo
2296 3933 2506 3988 tempus
2531 3925 2795 3994 designat,
2835 3941 2957 3981 cum
2989 3926 3107 3981 ait:
3145 3945 3165 3979 ι
3195 3928 3429 3999 Adjecit,
3471 3931 3671 4000 inquit,

2089 4023 2144 4070 et
2178 4014 2281 4070 hoc
2318 4015 2559 4072 Herodes
2587 4018 2800 4072 caeteris
2828 4033 2949 4088 quae
2977 4028 3226 4089 gesserat
3257 4019 3436 4087 malis,
3466 4031 3523 4077 et
3539 4035 3669 4078 con-

2089 4107 2250 4163 clusit
2276 4105 2540 4164 Joannem
2576 4109 2633 4163 in
2675 4122 2979 4165 carcerem.
3013 4129 3033 4162 ι
3069 4110 3168 4166 llis
3192 4112 3260 4167 de
3292 4113 3475 4168 causis
3515 4114 3669 4169 aiunt

2086 4197 2352 4254 Joannem
2399 4200 2468 4256 ab
2517 4200 2714 4257 amicis
2767 4210 3040 4271 rogatum,
3099 4211 3156 4258 et
3223 4214 3436 4274 tempus
3489 4205 3665 4276 ipsum

296 4808 302 4814 ‘
412 4797 463 4850 id
485 4805 588 4870 est,
617 4797 880 4865 Defectum
914 4801 1203 4870 prwseiitiw
1239 4816 1349 4853 sua;
1383 4797 1448 4853 iis
1475 4816 1604 4870 quos
1632 4797 1976 4870 relinquebat,

406 4299 674 4369 φήσαντα,
720 4314 738 4347 ι
761 4294 992 4373 ’Ταύτην
1014 4293 1187 4366 ἀρχὴν
1220 4293 1444 4365 ἐποίησε
1463 4293 1573 4347 τῶν
1613 4293 1930 4367 παραδόξων
1957 4296 1986 4348 ό

2090 4291 2232 4361 quod
2261 4291 2575 4361 superiores
2625 4293 2978 4363 evangelista:
3024 4293 3245 4351 silentio
3296 4297 3665 4364 praetermise-

415 4386 643 4458 Ἰησοῦς,
681 4407 699 4439 ι
736 4387 861 4441 τοτὲ
910 4386 968 4439 δὲ
1020 4385 1469 4457 μνημονεύσαντα
1516 4384 1611 4439 τοῦ
1674 4385 1983 4439 Βαπτιστοῦ

2090 4391 2234 4447 rant,
2271 4392 2327 4437 et
2373 4397 2463 4439 res
2511 4392 2641 4440 tunc
2677 4400 2708 4439 a
2754 4386 3046 4441 Servatore
3096 4396 3287 4442 nostro
3327 4395 3530 4459 gestas,
3572 4403 3668 4446 eas

407 4478 608 4548 μεταξὺ
645 4478 753 4531 τῶν
789 4476 966 4549 Ἰησοῦ
998 4476 1249 4548 πράξεων
1269 4516 1283 4541 ,
1318 4476 1395 4540 ὡς
1423 4476 1503 4529 ἔτι
1532 4477 1655 4530 τότε
1688 4476 1984 4547 βαπτίζον-

2090 4477 2335 4533 videlicet
2359 4492 2481 4548 qua:
2515 4477 2742 4535 Joannis
2773 4479 3035 4551 Baptistae
3059 4495 3336 4538 carcerem
3367 4496 3669 4553 praecesse-

485 4657 596 4731 (27)
633 4656 703 4712 Τὸ
729 4658 946 4731 λεῖπον
970 4658 1046 4727 τῇ
1070 4660 1255 4731 αὑτοῦ
1296 4659 1978 4731 παρουσίᾳεΝἰερρῐιοιυιιε

2090 4674 2154 4714 xv
2184 4670 2304 4731 post
2333 4675 2622 4716 ascensum
2662 4660 2869 4717 Cli‘risti
2902 4664 2968 4719 ab
3001 4678 3068 4719 eo
3101 4665 3300 4719 factum
3341 4665 3512 4722 fuisse
3548 4676 3662 4722 tra-

412 4726 467 4803 in
506 4727 542 4779 Ι.
587 4744 654 4803 tt_,_
674 4743 721 4803 (ιΣ
748 4728 835 4790 45,
865 4726 1106 4783 Ιιειικδιτὸ
1145 4730 1327 4803 λεῖπον
1348 4730 1446 4803 τῆς
1467 4726 1629 4784 αὐτοῦ
1657 4726 1976 4803 παρουσίας,

2090 4726 2565 4803 ςιίιᾘίεεριιοτιιε,
2630 4744 2703 4803 ειν
2737 4742 2930 4787 auctor
2976 4732 3229 4789 Chronici
3279 4736 3660 4799 Alexandrini.

2070 4797 2275 4878 Deinde
2292 4797 2469 4878 verba
2498 4802 2586 4878 illa
2612 4802 2674 4855 τὸ
2697 4802 2964 4876 λεῖποντῇ
2997 4804 3158 4878 αὑτοῦ
3184 4805 3479 4878 παρουσίᾳ,
3511 4797 3662 4863 nullo

2069 4870 2231 4945 modo
2291 4871 2342 4925 id
2381 4872 2696 4945 significare
2741 4870 2970 4945 possuni.
3012 4877 3155 4945 quod
3197 4870 3372 4930 voluit
3407 4870 3659 4934 Christo-

2065 4939 2411 5013 pborsonus;
2434 4939 2530 4995 sed
2561 4942 2612 4995 id
2643 4939 2826 5009 potius
2857 4939 3190 5013 signiti‘cant,
3229 4947 3274 5001 si
3314 4947 3382 5000 ad
3428 4948 3653 5003 verbum

2062 5008 2465 5087 interpreteris,
2502 5020 2553 5087 et
2603 5008 2744 5087 quod
2775 5008 3071 5087 praesentia:
3113 5008 3226 5087 sure
3252 5017 3426 5070 adhuc
3478 5034 3657 5087 super-

411 4868 607 4934 scripto
621 4870 1039 4934 compensatur.“
1050 4868 1157 4923 utin
1167 4886 1229 4924 us
1242 4884 1458 4936 quoque
1474 4868 1527 4924 et
1538 4869 1588 4922 Μ
1596 4868 1815 4925 usculus
1835 4874 1979 4928 hunc

409 4951 572 5005 quem
598 4936 715 5009 dixi
737 4952 952 5009 sensum
973 4940 1141 4993 secuti
1175 4949 1322 4993 sunt.
1341 4940 1870 5009 (lbristophorsonus
1888 4958 1980 4996 ve-

408 5006 680 5079 ro,verbis
699 5007 829 5074 ipsis
849 5006 1577 5079 pressius_adhaerens,aliter
1590 5010 1977 5079 interpretatus

408 5084 491 5148 est
518 5078 573 5129 in
610 5079 755 5148 hunc
778 5076 993 5130 modum
1023 5093 1036 5129 :
1066 5076 1136 5130 Et
1158 5080 1295 5147 quod
1329 5079 1438 5131 illis
1460 5096 1492 5131 a
1512 5079 1696 5148 quibus
1715 5076 1976 5147 discessit,

407 5147 585 5200 deesse
610 5145 737 5216 dunt
754 5161 981 5214 prwsens
1002 5148 1140 5216 apud
1163 5145 1249 5201 eos
1270 5159 1404 5211 erat,
1430 5145 1719 5214 videbatur,
1742 5150 1876 5203 illud
1898 5145 1979 5204 se?-

407 5216 634 5289 dulilate
649 5224 699 5289 et
718 5213 1173 5289 laboreAscribeudi
1193 5217 1430 5289 omnibus
1451 5219 1560 5272 suis
1580 5213 1731 5289 quasi
1747 5221 1976 5274 numeris

405 5286 663 5357 explevit;
686 5286 740 5338 in
765 5300 869 5355 qua
894 5285 1330 5357 interpretatione
1366 5290 1467 5342 hoc
1488 5285 1662 5357 primo
1686 5290 1978 5357 reprelien-

405 5355 640 5428 dendum
666 5357 951 5428 est,_qu_od
994 5356 1300 5428 Mattbaeum
1335 5355 1619 5425 scripéisse
1640 5359 1716 5412 ait
1738 5355 1980 5428 Evange-

406 5423 562 5494 lium,
587 5440 709 5477 cum
746 5423 1090 5480 ab'llebraeis
1109 5426 1222 5494 jam
1247 5423 1611 5489 discessisset,
1641 5443 1764 5483 cum
1798 5423 1977 5494 tam'en

404 5492 674 5568 Eusebius
697 5495 1030 5568 contrarium
1047 5492 1216 5568 dicat.
1246 5496 1380 5549 Nam
1403 5495 1458 5549 in
1481 5495 1769 5568 Graecogest
1790 5501 1883 5568 ἀφ’
1904 5492 1978 5551 ὧν

406 5562 704 5627 ἐστέλλετο,
729 5565 779 5619 id
796 5575 897 5628 est,
917 5583 948 5618 a
965 5566 1149 5632 quibus
1166 5568 1494 5619 discessurus
1511 5562 1981 5622 erat.CerteAtha-

406 5635 595 5688 nasius
614 5634 665 5686 in
691 5636 1013 5708 tracta_tu_l_)e
1039 5636 1188 5708 libris
1215 5651 1382 5708 sacris
1412 5634 1717 5708 Scripturre,
1734 5637 1980 5708 et‘Ghry-

407 5712 685 5775 sostomus
707 5706 896 5759 scribit
918 5705 1229 5760 Matthaaum
1262 5707 1495 5775 primum
1528 5706 1767 5760 omnium
1788 5705 1979 5761 Hiero-

407 5774 630 5844 solymis
646 5773 997 5845 Evangelium
1019 5792 1177 5831 suum
1199 5773 1622 5848 conscripsisse;
1645 5776 1805 5847 idque
1832 5791 1977 5832 anno

687 5864 958 5930 ΡΔτιιοι,
998 5866 1117 5930 Gn.
1154 5868 1291 5934 XX.

2060 5093 2171 5151 esse
2203 5080 2476 5134 videbatur
2523 5081 2615 5151 (ad
2663 5081 3057 5149 praedicationis
3080 5085 3278 5139 scilicet
3316 5080 3655 5143 consumma-

2068 5149 2290 5219 tionem)
2321 5149 2833 5219 scripto‘supplevit.
2869 5151 2968 5208 Hic
2998 5164 3084 5209 est
3109 5169 3304 5211 sensus
3351 5159 3648 5212 verborum

2069 5217 2967 5297 giusebii:‘AtChristophorsonus
3000 5225 3165 5297 verba
3195 5225 3283 5280 illa
3316 5225 3529 5290 τούτοις
3554 5228 3650 5297 ἀφ’

2067 5281 2153 5370 ὧν
2166 5288 2446 5370 ἐστέλλετο
2469 5281 2672 5370 τειυΙίιί
2691 5292 2773 5370 ad_
2793 5294 3042 5370 verbum,
3076 5293 3282 5370 λεῖπον,
3309 5311 3431 5370 cum
3467 5281 3648 5370 tamen

2068 5357 2497 5436 releFantur_atl_
2529 5375 2717 5436 vocem
2750 5357 3093 5436 ἀπεπλήρου.
3135 5357 3298 5420 Certe
3333 5367 3386 5419 in
3429 5368 3651 5432 scriptis

2066 5428 2345 5508 codicibus
2368 5429 2560 5508 Regio,
2592 5430 2729 5485 Μαι.
2756 5443 2811 5508 et
2840 5428 2985 5487 Med:
3000 5444 3323 5508 postvoceiu
3350 5428 3646 5508 παρουσίᾳ,

2071 5507 2127 5550 et
2153 5507 2281 5568 post
2300 5499 2583 5552 ἐστέλλετο
2613 5503 2905 5568 apponitur
2937 5499 3344 5558 subdistinctio.

2140 5566 2250 5637 (28)
2306 5568 2421 5644 Καὶ
2462 5570 2533 5623 τὰ
2561 5566 2739 5644 scotia
2780 5570 3418 5644 (qﬁtwgssxparyéra.
3437 5575 3491 5629 In
3513 5591 3649 5644 qua-

2066 5643 2191 5706 tuor
2224 5636 2429 5691 nostris
2473 5636 2754 5693 codicibus
2801 5641 2965 5706 Maz.,
3002 5636 3168 5704 Med},
3213 5636 3353 5697 ἰδίεις.
3398 5656 3452 5699 et
3485 5636 3644 5699 Savi-

2062 5705 2491 5786 liano‘scriptum
2517 5718 2627 5786 cst,
2659 5711 2755 5765 καὶ
2791 5710 2859 5765 τά
2892 5705 3013 5766 κατ’
3055 5712 3216 5767 αὐτὸν
3245 5715 3642 5786 πεπραγμένα.

2062 5776 2288 5849 Supple,
2313 5776 2404 5833 τὸν
2435 5777 2644 5851 χρόνον.

3331 5875 3371 5936 9
