4192 6410
547 291 650 347 267

1256 286 1526 345 EUSEBII
1562 287 2040 345 CASSARIENSIS
2077 284 2230 343 OPP.
2273 286 2452 344 PARS
2492 287 2533 343 l.
2580 318 2642 328 -
2680 285 3076 344 HISTOBICA.

3704 290 3812 348 968

553 422 710 473 rant,
758 410 812 465 in
847 408 1194 479 Evangelium
1241 425 1397 461 suum
1457 407 1757 476 conjec-isse
1809 426 1822 462 :
1868 408 2028 476 idque
2060 407 2112 460 al

2226 423 2319 470 τος
2343 409 2400 459 ὲν
2423 406 2598 459 Αἰνὼν
2626 406 2792 475 ἐγγὺς
2820 406 2915 459 τοῦ
2948 406 3140 477 Σαλήμ
3172 405 3308 478 (29)·
3354 405 3542 477 σαφῶς
3574 423 3635 460 τι
3655 406 3815 461 τοῦτο

549 503 672 570 ipso
702 498 927 554 indicari
960 498 1190 567 priutum
1218 512 1339 550 cum
1373 497 1541 551 dicit:
1578 516 1597 548 ι
1626 498 1736 551 Hoc
1771 497 1986 551 initiqu
2020 497 2123 550 tui-

549 591 859 647 raculorum
882 587 1200 654 fecitJesus;
1235 607 1255 640 ι
1288 586 1619 643 deindecum
1648 590 1703 643 in
1732 589 1847 658 ipso
1869 588 1980 657 jam
2007 604 2127 656 pro-

547 696 739 752 gressu
769 678 1100 734 narrationis
1132 691 1312 731 rerum
1345 692 1375 732 a
1405 676 1534 733 Jesu
1562 688 1863 749 gestarum,
1893 679 2127 732 mentio—

548 789 676 829 nem
737 772 1009 827 interserit
1036 769 1260 825 Joannis
1287 770 1545 839 Baptistae
1574 781 1830 840 tanquam
1859 772 1913 824 in
1941 769 2123 825 IEuon

538 866 693 935 juxta
722 864 834 935 96
861 863 1039 917 Salem
1068 861 1353 915 etiamtmn
1407 861 1760 929 baptizantis.
1799 860 1952 927 Quod
1999 861 2122 929 qui-

545 960 669 1014 dem
726 956 1068 1028 apertissime
1111 955 1355 1009 ostendit
1410 955 1492 1010 his
1523 955 1741 1009 verbis:
1774 973 1794 1006 ι
1848 953 2121 1019 Nondum,

545 1050 753 1119 inquit,
815 1046 1057 1103 Joannes
1108 1046 1388 1115 coniectus
1440 1053 1560 1099 erat
1614 1046 1667 1099 in
1743 1060 2041 1100 carcerem.
2098 1063 2116 1095 ι

542 1141 780 1197 Proinde
812 1139 1057 1196 Joannes
1088 1138 1317 1205 quidem
1348 1151 1438 1191 res
1469 1150 1500 1190 a
1535 1135 1757 1193 Christo
1785 1146 1970 1209 gestas
2015 1136 2120 1207 pri-

544 1248 776 1302 usquam
831 1230 1073 1285 Joannes
1142 1228 1384 1298 Baptista
1457 1230 1720 1284 custodia:
1781 1229 2122 1298 mancipatus

541 1324 758 1388 fuisset,
789 1322 1088 1391 Evangelio
1131 1336 1232 1375 suo
1284 1320 1682 1390 complectitur.
1735 1320 1950 1391 Reliqui
1988 1335 2121 1375 vero

542 1426 658 1473 tres
695 1415 1047 1487 evangelista
1085 1429 1173 1470 res
1194 1412 1395 1468 Christi
1432 1422 1637 1482 gestas,
1677 1429 1745 1469 ex
1798 1428 1905 1481 quo
1937 1411 2122 1482 Bapti-

544 1517 630 1562 sta
681 1504 965 1574 coniectus
1022 1514 1108 1559 est
1160 1504 1217 1560 in
1294 1519 1605 1569 carcerem,
1699 1513 2116 1573 persequuntur.

543 1598 700 1667 Quod
727 1599 1040 1669 quicunque
1063 1597 1329 1653 attentius
1356 1596 1753 1660 observaverit,
1774 1610 2115 1665 nequaquam

541 1692 834 1762 Evangelia
865 1692 1008 1745 inter
1054 1705 1117 1746 se
1149 1691 1415 1746 dissidere
1448 1690 1680 1759 posthac
1729 1688 2068 1743 existimabit
2096 1706 2110 1743 :

541 1780 742 1852 quippe
787 1797 912 1836 cum
958 1780 1186 1836 Joannis
1227 1779 1445 1849 quidem
1498 1776 1849 1849 Evangelium
1898 1778 2113 1833 initium

541 1882 760 1928 actuum
804 1872 1031 1937 Christi,
1064 1880 1256 1926 caetera
1285 1880 1466 1925 autem
1514 1869 1804 1940 Evangelia
1836 1868 2117 1939 sequentis

543 1964 803 2034 temporis
832 1962 1118 2019 historiam
1166 1963 1509 2019 contineant.
1560 1961 1627 2016 Et
1659 1962 1856 2017 seriem
1893 1962 2113 2032 quidem

540 2055 711 2124 ipsam
741 2053 956 2125 generis
985 2052 1190 2108 Christi
1217 2053 1517 2108 secundum
1561 2069 1807 2119 carnem,
1859 2065 2046 2123 utpote
2085 2072 2115 2110 a

539 2143 793 2200 Manliano
818 2152 871 2199 et
900 2144 1047 2201 Luca
1090 2144 1243 2214 prius
1282 2145 1568 2212 traditam,
1616 2144 1861 2202 Joannes
1917 2147 2116 2201 merito

538 2236 910 2308 praetermisit.
955 2235 1039 2290 Ab
1070 2234 1184 2302 ipsa
1216 2249 1351 2290 vero
1393 2234 1511 2305 ejus
1547 2234 1833 2291 divinitate
1882 2237 2115 2306 sumpsit

539 2330 774 2394 initium,
805 2328 1003 2399 quippe
1035 2342 1156 2397 quae
1185 2342 1216 2381 a
1242 2326 1451 2397 Spiritu
1484 2336 1675 2383 sancto
1709 2329 1811 2397 ipsi
1858 2338 2115 2398 tanquam

537 2422 904 2492 prrestantiori
936 2419 1126 2475 fuisset
1171 2428 1473 2475 reservata.
1502 2421 1685 2490 Atque
1710 2421 1826 2477 haec
1852 2421 1920 2476 de
1947 2420 2116 2476 Joan-

538 2515 625 2568 nis
667 2511 960 2581 Evangelio
1008 2512 1152 2566 dicta
1208 2512 1321 2567 sint
1379 2528 1409 2566 a
1460 2511 1642 2568 nobis.
1693 2513 1936 2568 Marcum
1986 2529 2116 2569 vero

536 2618 784 2675 quaenam
810 2619 974 2659 causa
1001 2602 1067 2658 ad
1099 2602 1445 2659 scribendum
1471 2604 1773 2674 impulerit,
1800 2604 1914 2674 jam
1951 2621 2115 2675 supe-

536 2693 651 2750 rius
681 2694 1123 2750 commemoravi.
1156 2694 1228 2748 At
1265 2692 1442 2751 Lucas
1473 2696 1527 2750 in
1572 2696 1687 2764 ipso
1722 2695 2000 2767 Evangelii
2030 2699 2112 2752 sui

535 2785 764 2839 exordio
796 2798 915 2854 quae
962 2784 1237 2840 scribendi
1284 2784 1387 2841 sibi
1440 2799 1603 2842 causa
1651 2795 1799 2844 esset
1836 2788 2112 2858 esposuit.

537 2877 630 2931 Ait
654 2877 797 2932 enim
834 2875 1034 2933 multos
1064 2885 1268 2932 temere
1299 2887 1468 2947 atque
1498 2878 1875 2949 imprudenter
1895 2896 2117 2952 aggres-

536 2980 630 3021 sos
660 2964 826 3022 fuisse
857 2967 1222 3021 narrationem
1251 2981 1443 3022 earum
1477 2982 1664 3023 rerum
1697 2984 1834 3039 quas
1870 2971 1985 3040 ipse
2011 2986 2110 3025 ex-

537 3058 784 3131 ploratas
818 3059 1042 3116 haberet
1075 3079 1090 3116 :
1125 3075 1189 3115 ac
1219 3059 1447 3131 proinde
1484 3075 1544 3116 se
1583 3063 1904 3118 necessitate
1935 3061 2109 3119 addu-
2135 3095 2179 3153 ε

534 3158 704 3214 ctum,
736 3159 794 3205 ut
826 3165 924 3206 nos
951 3152 1019 3206 al)
1046 3150 1270 3209 incertis
1294 3152 1647 3225 opinionibus
1671 3152 1953 3217 liberaret,
1980 3168 2101 3210 cer-

534 3245 800 3302 tissimam
849 3259 916 3300 ac
963 3244 1334 3302 ﬁdelissimam
1382 3246 1750 3302 narrationem
1784 3261 1972 3303 earum
2020 3261 2109 3301 re-

531 3351 678 3401 rum,
711 3350 939 3404 quarum
972 3336 1088 3406 ipse
1122 3337 1416 3393 veritatem
1444 3337 1643 3407 partim
1672 3352 1742 3392 ex
1769 3335 1927 3392 Pauli
1968 3349 2107 3392 eou-

531 3429 803 3495 tuheruio,
849 3428 1044 3499 partim
1089 3445 1156 3485 ex
1208 3429 1539 3498 reliquorum
1570 3429 1946 3497 apostolorum
1994 3443 2112 3484 ser-

530 3519 786 3575 monibus
834 3520 1113 3588 hauserat,
1165 3521 1457 3590 Evangelio
1509 3537 1609 3577 suo
1660 3523 1971 3579 tradidisse.
2004 3522 2111 3578 Sed

531 3612 648 3675 haec
675 3627 705 3666 a
733 3613 890 3667 nobis
913 3613 1127 3683 quidem
1158 3628 1302 3669 nunc
1331 3615 1471 3668 dicta
1495 3615 1607 3669 sint
1636 3614 1902 3669 hactenus
1929 3630 1945 3678 ;
1972 3613 2109 3668 alias

530 3718 665 3759 vero
699 3704 1034 3759 commodius
1062 3705 1244 3761 allatis
1283 3716 1529 3762 veterum
1566 3707 1898 3776 scriptorum
1952 3707 2105 3772 locis,

531 3796 665 3867 quid
699 3794 901 3864 reliqui
931 3796 999 3850 de
1027 3795 1214 3852 eodem
1246 3808 1571 3866 argumento
1619 3798 1969 3866 tradiderint,
2010 3799 2107 3853 do—

531 3901 662 3942 cere
696 3885 1036 3942 conabimur.
1072 3885 1245 3943 Porro
1274 3888 1415 3942 inter
1444 3887 1672 3944 Joannis
1708 3889 1917 3959 scripta
1965 3905 2105 3959 prae-

532 3986 620 4035 ter
650 3977 1024 4046 Evangelium,
1075 3978 1225 4047 prior
1268 3992 1485 4048 quoque
1518 3975 1760 4047 Epistola
1809 3990 1923 4034 tum
1952 3995 1982 4034 a
2017 3996 2106 4036 re-

2227 497 2420 569 δηλοῦν
2445 500 2503 551 ὲν
2528 497 2605 568 τῷ
2633 498 2829 567 λέγειν’
2854 518 2872 548 ι
2911 496 3077 551 Οὔπω
3094 498 3203 570 γὰρ
3222 494 3310 569 ἦν,
3336 499 3519 569 φησὶν,
3561 500 3815 572 Ἰωάννης

2228 589 2559 661 βεϐλημένος
2601 592 2681 653 εἰς
2716 588 2979 659 φυλακήν.
3015 608 3035 642 ι
3073 589 3284 643 Οὐκοῦν
3328 593 3357 644 ὁ
3402 592 3502 660 μὲν
3553 591 3812 660 Ἰωάννης

2224 684 2290 752 τῇ
2317 681 2412 734 τοῦ
2434 683 2553 733 κατ’
2576 680 2735 733 αὐτὸν
2766 678 3099 746 Εὑαγγελίου
3131 680 3340 749 γραφῇ,
3370 677 3437 731 τά
3462 678 3688 748 μηδέπω
3716 676 3811 730 τοῦ

2224 771 2528 826 Βαπτιστοῦ
2548 775 2627 835 εἰς
2654 770 2895 842 φυλακην
2920 770 3251 841 βεϐλημένου
3279 771 3416 842 πρὸς
3444 770 3540 823 τοῦ
3570 768 3809 841 Χριστοῦ

2224 865 2538 936 πραχθέντα
2571 863 2957 935 παραδίδωσιν
2983 864 3033 915 oi
3066 862 3123 916 δὲ
3154 862 3330 915 λοιποὶ
3351 865 3501 934 τρεῖς
3524 861 3808 929 εὐαγγελι-

2226 957 2369 1019 σταὶ,
2392 956 2461 1008 τά
2496 955 2635 1024 μετά
2661 956 2761 1026 τὴν
2791 958 2869 1018 εἰς
2895 955 2958 1008 τὸ
2988 954 3362 1026 δεσμωτήριον
3404 952 3683 1025 κάθειρξιν
3709 952 3806 1006 τοῦ

2222 1047 2529 1102 Βαπτιστοῦ
2583 1048 3035 1119 μνημονεύουσιν.
3091 1042 3189 1111 Ui;
3245 1049 3340 1101 καὶ
3403 1049 3759 1117 ὲπιστήσαντι
3787 1088 3804 1112 ,

2221 1141 2396 1195 οὐκέτ’
2419 1139 2485 1194 ἂν
2507 1139 2652 1204 δόξαι
2682 1141 2968 1209 διαφωνεῖν
2991 1140 3238 1211 ἀλλήλοις
3260 1139 3326 1192 τὰ
3362 1138 3690 1207 Εὑαγγέλια,
3727 1136 3808 1208 τῷ

2219 1231 2282 1286 τὸ
2335 1233 2432 1302 μὲν
2478 1232 2619 1286 κατά
2677 1232 2929 1302 Ἰωάννην
2967 1231 3037 1285 τὰ
3075 1232 3269 1302 πρῶτα
3306 1231 3412 1285 τῶν
3437 1230 3530 1284 τοῦ
3566 1227 3806 1300 Χριστοῦ

2220 1324 2471 1395 πράξεων
2513 1324 2809 1394 περιέχειν,
2855 1324 2925 1376 τά
2971 1323 3028 1376 δὲ
3074 1323 3235 1376 λοιπά
3266 1322 3363 1394 τὴν
3404 1322 3496 1374 ἐπὶ
3526 1321 3672 1374 τέλει
3707 1318 3803 1374 τοῦ

2219 1414 2411 1485 χρόνου
2461 1413 2610 1483 αὐτῷ
2636 1412 3014 1483 γεγενημένην
3065 1412 3324 1482 ἱστορίαν.
3362 1411 3599 1473 Εἰκότως
3633 1410 3677 1463 δ’
3708 1404 3804 1464 οὖν

2218 1505 2315 1576 τὴν
2346 1506 2442 1575 μὲν
2475 1504 2575 1574 τῆς
2611 1505 2812 1574 σαρκὸς
2841 1504 2936 1557 τοῦ
2963 1504 3211 1576 Σωτῆρος
3237 1503 3395 1573 ἡμῶν
3420 1501 3804 1570 γενεαλογίαν,

2220 1597 2315 1651 ἅτε
2342 1596 2607 1666 Ματθαίῳ
2635 1597 2729 1649 καὶ
2745 1596 2930 1666 Δουκᾷ
2954 1598 3388 1667 προγραψεῐσαν,
3408 1593 3797 1663 ἀποσιωπῆσαι

2216 1689 2308 1742 τὸν
2350 1691 2621 1761 Ἰωάννην,
2664 1690 2765 1758 τῆς
2810 1688 2867 1742 δὲ
2916 1675 3197 1756 θεολογίας
3244 1684 3616 1758 ἀπάρξασθαι,
3652 1685 3802 1741 ὼσάν

2217 1781 2363 1853 αὑτῷ
2386 1781 2521 1853 πρὸς
2541 1779 2636 1834 τοῦ
2668 1780 2813 1833 θείου
2850 1779 3168 1849 Πνεῦματος
3208 1773 3295 1830 οἶα
3329 1776 3598 1846 κρείττονι
3624 1791 3802 1847 παρα-

2218 1873 2657 1943 πεφυλαγμένης.
2703 1872 2889 1924 Ταῦτα
2937 1871 3037 1940 μὲν
3081 1865 3176 1922 οῦν
3224 1870 3356 1939 ημῖν
3395 1867 3523 1939 περὶ
3575 1863 3674 1936 τῆς
3706 1866 3800 1921 τοῦ

2216 1964 2356 2018 κατά
2386 1965 2635 2034 Ἰωάννην
2661 1963 2990 2031 Εὑαγγελίου
3018 1964 3234 2034 γραφῆς
3268 1961 3526 2032 εἰρήσθω.
3561 1963 3674 2015 Καὶ
3699 1961 3800 2032 τῆς

2216 2056 2358 2112 κατὰ
2391 2058 2616 2129 Μάρκον
2647 2057 2703 2109 δὲ
2734 2059 2766 2127 ὴ
2795 2056 3062 2127 γενομένη
3088 2056 3256 2119 αἰτία,
3280 2056 3463 2118 ἐντοῖς
3495 2054 3801 2126 ἔμπροσθεν

2216 2150 2350 2220 ἡμῖν
2378 2149 2692 2220 δεδήλωται.
2739 2149 2797 2202 Ὀ
2829 2148 2887 2200 δὲ
2923 2150 3137 2210 Λουκᾶς
3166 2147 3468 2217 ἀρχόμενος
3507 2148 3601 2200 καὶ
3639 2146 3801 2210 αὐτὸς

2214 2242 2307 2295 τοῦ
2340 2244 2458 2295 κατ’
2492 2242 2653 2296 αὑτὸν
2684 2242 3133 2311 συγγράμματος,
3156 2239 3253 2310 τὴν
3286 2240 3468 2292 αἰτίαν
3496 2238 3796 2310 προῦθηκε,

2214 2333 2280 2386 δι’
2304 2335 2369 2402 ἢν
2399 2333 2691 2405 πεποίηται
2718 2333 2818 2404 τὴν
2840 2330 3110 2397 σύνταξιν·
3138 2331 3336 2402 δηλῶν,
3357 2331 3433 2393 ὡς
3459 2330 3565 2401 ἄρα
3590 2330 3802 2383 πολλῶν

2215 2426 2306 2477 καὶ
2333 2424 2505 2478 ἄλλων
2534 2423 2968 2495 προπετέστερον
3001 2422 3497 2492 ὲπιτετηδευκότων
3546 2422 3801 2490 διήγησιν

2215 2508 2636 2586 ποιήσασθαιρν
2652 2515 2809 2578 αὐτὸς
2824 2514 3277 2586 πεπληροφὸρητο
3290 2512 3801 2580 λόγων,ἀναγκαίως

2215 2608 2566 2661 ἀπαλλάττων
2601 2608 2746 2677 ἡμᾶς
2776 2606 2876 2676 τῆς
2904 2607 3032 2677 περὶ
3061 2609 3187 2670 τοὺς
3225 2605 3417 2669 ἄλλους
3448 2604 3800 2675 ἀμφηρίστου

2215 2700 2552 2770 ὑπολήψεως,
2574 2700 2665 2753 τὸν
2698 2697 2916 2769 ἀσφαλῆ
2942 2698 3122 2766 λόγον,
3153 2692 3227 2751 ὧν
3267 2697 3427 2760 αὐτὸς
3459 2697 3658 2759 ἱκανῶς
3700 2694 3797 2766 τὴν

2214 2788 2470 2861 ἀλήθειαν
2510 2789 2827 2859 κατειλήφει
2848 2828 2863 2853 ,
2902 2789 2967 2841 ὲκ
2999 2788 3100 2857 τῆς
3129 2788 3245 2858 ἅμα
3285 2785 3484 2857 Παύλῳ
3515 2785 3798 2847 συνουσίας

2213 2898 2271 2933 τε
2319 2883 2413 2934 καὶ
2456 2880 2756 2951 διατριϐῆς,
2810 2880 2904 2933 καὶ
2950 2880 3047 2950 τῆς
3078 2878 3185 2932 τῶν
3228 2876 3430 2931 λοιπῶν
3480 2875 3798 2930 ἀποστόλων

2212 2972 2427 3042 ὁμιλίας
2447 2972 2818 3042 ὠφελημένος,
2840 2970 2927 3023 διὰ
2943 2970 3036 3023 τοῦ
3064 2970 3193 3023 ίδίου
3215 2969 3532 3040 παρέδωκεν
3556 2968 3798 3035 Εὐαγγε-

2212 3066 2349 3119 λίου.
2387 3066 2496 3118 Καὶ
2527 3062 2701 3117 ταῦτα
2737 3062 2834 3133 μὲν
2865 3064 3025 3133 ἡμεῖς
3069 3063 3197 3132 περί
3228 3061 3451 3114 τούτων’
3470 3059 3797 3129 οἰκειςλερον

2209 3156 2265 3210 δὲ
2302 3155 2442 3209 κατά
2466 3154 2655 3225 καιρὸν
2684 3153 2774 3206 διὰ
2795 3152 2897 3223 τῆς
2922 3152 3030 3205 τῶν
3055 3153 3298 3224 ἀρχαίων
3326 3144 3798 3224 παραθέσεως,’τά

2214 3247 2307 3300 καὶ
2352 3249 2464 3310 τοῖς
2492 3245 2672 3309 ἄλλοις
2700 3244 2829 3316 ιπερὶ⁵
2866 3243 3049 3299 αὐτῶν
3099 3244 3368 3315 εἰρημένα
3420 3241 3795 3313 πειρασόμεθα

2212 3338 2470 3408 δηλῶσαι.
2504 3336 2625 3390 Τῶν
2657 3337 2714 3389 δὲ
2754 3335 3002 3389 Ἰωάννου
3040 3334 3513 3406 συγγραμμάτων,
3545 3332 3684 3404 πρὸς
3712 3329 3795 3403 τῷ

2213 3430 2529 3500 Εὑαγγελίῳ
2565 3432 2659 3484 καὶ
2683 3430 2717 3499 ἡ
2755 3429 3000 3499 προτέρα
3029 3428 3138 3482 τῶν
3178 3426 3539 3491 Ἐπιστολῶν,
3560 3427 3713 3500 παρά
3733 3442 3796 3480 τε

2210 3525 2321 3586 τοῖς
2352 3521 2447 3575 νῦν
2491 3522 2586 3575 καὶ
2611 3524 2724 3585 τοῖς
2760 3521 2834 3573 ἔτ’
2858 3520 3105 3592 ἀρχαίοις
3154 3519 3556 3591 ἀναμφίλεκτος
3587 3518 3793 3589 ὡμολό-

2212 3630 2398 3684 γηται,
2419 3612 2791 3681 ἀντιλέγονται
2819 3613 2875 3665 δὲ
2912 3614 2969 3666 al.
2989 3611 3176 3665 λοιπαὶ⁵
3204 3611 3316 3665 δύο.
3353 3611 3465 3681 Τῆς
3484 3610 3528 3664 δ’
3562 3611 3792 3664 Ἀποκα-

2213 3704 2423 3774 λύψεως
2458 3707 2543 3774 ἐφ’
2574 3706 2831 3776 ἑκάτερον
2862 3703 2941 3756 ἔτι
2979 3702 3074 3756 νῦν
3108 3702 3261 3774 παρὰ
3289 3706 3403 3765 τοῖς
3448 3701 3660 3766 πολλοῖς
3698 3717 3794 3754 πε-

2212 3798 2484 3870 ριέλκεται
2510 3800 2543 3868 ἡ
2574 3797 2719 3864 δόξα.
2749 3798 2936 3867 Ὅμως
2964 3812 3028 3865 γε
3061 3795 3169 3867 μὴν
3200 3796 3264 3847 ὲκ
3282 3794 3380 3864 τῆς
3412 3794 3522 3847 τῶν
3552 3793 3792 3864 ἀρχαίων

2212 3890 2516 3961 μαρτυρίας
2531 3891 2588 3941 ἐν
2610 3888 2796 3958 οἰκείῳ
2817 3885 2997 3958 καιρῷ
3028 3885 3127 3957 τὴν
3159 3886 3437 3955 ἐπίκρισιν
3457 3883 3667 3951 δέξεται
3696 3884 3790 3937 καὶ

2207 3982 2369 4052 αὐτή.

529 4074 874 4129 cautioribus
935 4080 1049 4129 tum
1078 4074 1150 4128 ab
1204 4073 1444 4145 antiquis
1512 4074 1769 4130 omnibus
1826 4076 1969 4131 citra
2026 4079 2457 4133 controversiam
2492 4075 2845 4142 admittitur;
2880 4074 3102 4145 reliqua:
3128 4083 3306 4128 autem
3331 4072 3450 4127 dua:
3482 4070 3535 4125 iu
3567 4070 3783 4124 dubiuut

529 4176 877 4225 revocantur.
913 4167 991 4223 De
1033 4168 1409 4225 Revelationis
1437 4178 1618 4225 autem
1679 4169 1818 4226 libro
1875 4171 2054 4229 adhuc
2123 4173 2177 4227 in
2233 4184 2516 4241 utramque
2568 4180 2778 4242 partem
2826 4171 3144 4240 opinionum
3206 4169 3470 4222 varietate
3523 4176 3784 4221 certatur.

526 4266 634 4322 Sed
667 4264 784 4321 haec
828 4262 993 4318 etiam
1025 4262 1398 4317 controversia
1444 4262 1806 4318 vetustiorum
1855 4265 2165 4322 testimonio
2194 4263 2521 4335 competenti
2554 4272 2801 4334 tempore
2830 4259 3242 4331 disceptabitur.

1015 4402 1126 4475 97
1162 4401 1389 4459 CAPUT
1440 4404 1605 4459 xxv.

523 4521 600 4578 De
658 4519 855 4575 divinis
908 4517 1198 4587 Scriptum
1252 4519 1484 4572 omnium
1537 4536 1797 4575 consensu
1855 4521 2096 4590 receptis,

802 4602 850 4644 et
877 4593 941 4643 de
967 4590 1035 4643 iis
1065 4605 1184 4658 quae
1221 4604 1327 4642 non
1375 4598 1499 4653 sunt
1529 4590 1810 4659 ejusmodi.

593 4703 867 4760 Caeterum
923 4712 1286 4773 opportunum
1353 4704 1566 4758 videtur
1626 4704 1730 4759 hoc
1785 4705 1908 4762 loco
1957 4704 2093 4761 Novi

522 4794 854 4851 Testamenti
895 4793 1062 4848 libros
1096 4795 1164 4848 de
1196 4793 1400 4864 quibus
1422 4794 1532 4862 jam
1564 4796 1825 4863 diximus,
1850 4812 2095 4852 summa-

523 4889 619 4943 tim
643 4899 949 4942 recensere.
1004 4885 1186 4940 Primo
1235 4887 1397 4957 igitur
1437 4885 1750 4944 collocanda
1802 4900 1888 4945 est
1935 4905 2093 4946 sacra

520 4976 938 5048 Evangeliornm
967 4976 1232 5047 quadriga
1262 4992 1276 5041 ;
1309 4992 1473 5047 quam
1502 4978 1701 5034 deinde
1752 4995 2093 5051 consequun-

523 5079 613 5123 tur
639 5069 807 5123 Actus
833 5067 1223 5137 apostolorum.
1261 5067 1395 5123 Post
1434 5070 1535 5125 bos
1581 5074 1933 5127 numeranda
1965 5085 2096 5128 sunt

520 5159 675 5217 Pauli
715 5156 1141 5224 Epistolaa.~lnde
1166 5155 1314 5224 prlor
1345 5157 1435 5211 illa
1464 5156 1716 5224 Joannis,
1747 5176 1809 5214 ac
1842 5162 2096 5218 similiter

522 5251 665 5308 Petri
704 5247 948 5341 Epistula
1010 5247 1352 5341 suscipienda
1402 5259 1505 5305 est.
1562 5251 1846 5307 Postremo
1899 5253 2095 5341 adjun-

518 5344 691 5415 genda
719 5350 828 5404 est,
852 5339 898 5395 si
924 5339 1001 5395 ita
1040 5337 1342 5407 videbitur,
1388 5341 1613 5399 Joannis
1655 5344 1937 5401 Revelatio
1962 5337 1981 5399 τ’
2028 5346 2093 5401 de

516 5449 623 5505 qua
650 5434 780 5504 quid
805 5440 1027 5487 veteres
1074 5432 1371 5495 senserint,
1420 5448 1519 5489 suo
1561 5436 1682 5492 loco
1727 5451 2088 5506 exponemus.

517 5523 584 5582 Et
615 5527 729 5584 haec
752 5524 980 5597 quidem
1015 5526 1290 5580 communi
1341 5527 1583 5583 omnium
1631 5543 1900 5584 consensu
1941 5543 2090 5584 rece-

2711 4402 3108 4457 ΚΕΦΑΛΔΙΟΝ
3148 4402 3276 4455 κεν.

2205 4518 2345 4586 Περὶ
2370 4516 2487 4571 τῶν
2517 4516 3010 4586 ὁμολογουμένους
3050 4509 3518 4586 θείων-,Γραξῷν
3543 4511 3641 4565 καί
3666 4510 3785 4564 τῶν

2510 4581 2596 4657 ﬂii
2628 4581 2908 4639 τοιούτων
2932 4582 3074 4654 (Nic.
3112 4582 3181 4636 ll.
3220 4581 3286 4639 Ε.
3317 4599 3374 4645 ιι,
3397 4582 3507 4652 Jb).

2275 4704 2509 4774 Εῦλογον
2542 4704 2588 4757 δ’
2618 4699 2853 4755 ἐνταῦθα
2892 4699 3239 4769 γενομένους,
3297 4697 3783 4765 ἀνακεφαλαιώσα-

2206 4798 2330 4852 σθαι
2366 4796 2465 4860 τὰς
2493 4793 2826 4864 δηλωθείσας
2862 4793 2962 4861 τῆς
3004 4792 3212 4861 Καινῆς
3242 4789 3517 4859 Διαθῆκης
3540 4790 3777 4861 γραφάς.

2201 4891 2311 4944 Καὶ
2340 4886 2403 4957 δὴ
2434 4884 2658 4939 τακτέον
2690 4886 2747 4937 ὲν
2801 4879 3037 4953 πρώτοις
3065 4880 3165 4951 τὴν
3190 4878 3349 4947 ἁγίαν
3393 4878 3501 4930 τῶν
3539 4879 3784 4945 Εὐαγγε-

2200 4981 2331 5036 λίων
2363 4977 2683 5049 τετρακτύν·
2713 4969 2794 5035 οἷς
2815 4974 3005 5027 ἕπεται
3035 4974 3068 5041 ή
3097 4971 3203 5023 τῶν
3226 4970 3483 5042 Πράξεων
3502 4969 3610 5023 τῶν
3642 4971 3781 5023 ἀπο-

2203 5072 2404 5127 στόλων
2434 5068 2643 5141 γραφή.
2682 5065 2839 5120 Μετά
2876 5065 2934 5118 δὲ
2968 5064 3194 5134 ταύτην,
3235 5062 3333 5127 τὰς
3372 5062 3584 5116 Παύλου
3610 5078 3782 5114 κατα-

2200 5164 2420 5219 λεκτέον
2470 5158 2808 5220 Ἐπιστολάς,
2842 5152 2929 5221 αἷς
2967 5156 3093 5228 ἑξῆς
3133 5156 3230 5227 τὴν
3258 5155 3565 5227 φερομένην
3601 5154 3782 5207 Ἰωάν.

2201 5274 2293 5309 νου
2342 5252 2614 5325 προτέραν
2639 5291 2653 5313 ,
2709 5251 2805 5302 καὶ
2852 5247 3050 5318 ὁμοίως
3109 5246 3207 5318 τὴν
3249 5247 3457 5318 Πέτρου
3504 5244 3778 5312 κυρωτέον

2215 5344 2550 5414 Ἐπιστολὴν.
2600 5341 2719 5395 Ἐπὶ
2745 5338 2953 5402 τούτοις
2979 5338 3204 5393 τακτέον
3228 5379 3243 5402 ,
3284 5336 3397 5404 εἴγε
3428 5336 3642 5406 φανείη,
3677 5333 3776 5404 τὴν

2211 5433 2576 5502 ’Δποκάλυψιν
2638 5430 2906 5491 Ἰωάννου,
2942 5430 3068 5500 περὶ
3115 5424 3182 5499 ἧς
3212 5428 3281 5481 τὰ
3327 5426 3557 5492 δόξαντα
3635 5424 3778 5478 κατά

2201 5524 2391 5596 καιρὸν
2423 5520 2789 5595 ἐκθησόμεθα.
2832 5520 2942 5574 Καὶ
2981 5518 3154 5572 ταῦτα
3197 5518 3297 5590 μὲν
3327 5520 3385 5573 ἐν
3417 5515 3779 5589 ὁμολογουμέ-

589 5736 699 5808 (29)
744 5733 958 5808 ‘En-bg
995 5732 1103 5788 τοῦ
1129 5728 1357 5802 Σαλήμ.
1388 5728 1446 5784 ln
1480 5726 1850 5783 vetustissimo
1877 5722 2063 5780 codice
2091 5721 2227 5778 Mar.
2260 5720 2521 5792 scriptum
2548 5721 2730 5778 inveni
2763 5722 2968 5791 Σαλείμ
2999 5738 3122 5779 cum
3155 5723 3517 5794 diphthongo.
