  <div class='ocr_page' id='page_1' title='image "/cluster/home/n/w/nwhite01/storage/ocr_20150623/20:no.2/coo.31924054873009/144.png"; bbox 0 0 4192 6428; ppageno 0'>
   <div class='ocr_carea' id='block_1_1' title="bbox 420 359 527 415">
    <p class='ocr_par' dir='ltr' id='par_1_1' title="bbox 420 359 527 415">
     <span class='ocr_line' id='line_1_1' title="bbox 420 359 527 415; baseline 0.019 -2"><span class='ocrx_word' id='word_1_1' title='bbox 420 359 527 415; x_wconf 70' lang='grc'><strong>269</strong></span> 
     </span>
    </p>
   </div>
   <div class='ocr_carea' id='block_1_2' title="bbox 1408 349 2656 410">
    <p class='ocr_par' dir='ltr' id='par_1_2' title="bbox 1408 349 2656 410">
     <span class='ocr_line' id='line_1_2' title="bbox 1408 349 2656 410; baseline 0 -2"><span class='ocrx_word' id='word_1_2' title='bbox 1408 350 1759 410; x_wconf 72' lang='grc' dir='ltr'><strong>ΗῙΒΤΟΒΙᾹΞ</strong></span> <span class='ocrx_word' id='word_1_3' title='bbox 1802 349 2360 409; x_wconf 65' lang='lat' dir='ltr'><strong>ECCLESIASTICIE</strong></span> <span class='ocrx_word' id='word_1_4' title='bbox 2399 350 2527 406; x_wconf 80' lang='lat' dir='ltr'><strong>LIB.</strong></span> <span class='ocrx_word' id='word_1_5' title='bbox 2570 350 2656 408; x_wconf 68' lang='lat' dir='ltr'><strong>Ili.</strong></span> 
     </span>
    </p>
   </div>
   <div class='ocr_carea' id='block_1_3' title="bbox 3563 350 3671 406">
    <p class='ocr_par' dir='ltr' id='par_1_3' title="bbox 3563 350 3671 406">
     <span class='ocr_line' id='line_1_3' title="bbox 3563 350 3671 406; baseline 0 -1"><span class='ocrx_word' id='word_1_6' title='bbox 3563 350 3671 406; x_wconf 70' lang='grc' dir='ltr'><strong>2Ἰῦ</strong></span> 
     </span>
    </p>
   </div>
   <div class='ocr_carea' id='block_1_4' title="bbox 422 468 2005 544">
    <p class='ocr_par' dir='ltr' id='par_1_4' title="bbox 422 469 1997 544">
     <span class='ocr_line' id='line_1_4' title="bbox 422 469 1997 544; baseline -0.003 -16"><span class='ocrx_word' id='word_1_7' title='bbox 422 491 551 537; x_wconf 89' lang='grc' dir='ltr'>νοις.</span> <span class='ocrx_word' id='word_1_8' title='bbox 588 471 709 527; x_wconf 85' lang='grc' dir='ltr'><strong>Τῶν</strong></span> <span class='ocrx_word' id='word_1_9' title='bbox 737 473 782 526; x_wconf 84' lang='grc' dir='ltr'>δ’</span> <span class='ocrx_word' id='word_1_10' title='bbox 806 472 1254 543; x_wconf 74' lang='grc' dir='ltr'><strong>ἀντιλεγομένων,</strong></span> <span class='ocrx_word' id='word_1_11' title='bbox 1300 472 1592 544; x_wconf 83' lang='grc' dir='ltr'><strong>γνωρίμων</strong></span> <span class='ocrx_word' id='word_1_12' title='bbox 1635 473 1682 526; x_wconf 81' lang='grc' dir='ltr'>δ’</span> <span class='ocrx_word' id='word_1_13' title='bbox 1708 469 1801 526; x_wconf 74' lang='grc' dir='ltr'><strong>οὖν</strong></span> <span class='ocrx_word' id='word_1_14' title='bbox 1848 473 1997 542; x_wconf 78' lang='grc' dir='ltr'>ὅμως</span> 
     </span>
    </p>
   </div>
   <div class='ocr_carea' id='block_1_5' title="bbox 2100 468 3672 544">
    <p class='ocr_par' dir='ltr' id='par_1_5' title="bbox 2104 468 3672 538">
     <span class='ocr_line' id='line_1_5' title="bbox 2104 468 3672 538; baseline 0.001 -17"><span class='ocrx_word' id='word_1_15' title='bbox 2104 480 2190 538; x_wconf 88' lang='lat' dir='ltr'><strong>pta</strong></span> <span class='ocrx_word' id='word_1_16' title='bbox 2232 479 2380 525; x_wconf 87' lang='lat' dir='ltr'><strong>sunt.</strong></span> <span class='ocrx_word' id='word_1_17' title='bbox 2432 469 2510 524; x_wconf 79' lang='lat' dir='ltr'><strong>Ex</strong></span> <span class='ocrx_word' id='word_1_18' title='bbox 2546 470 2613 524; x_wconf 92' lang='lat' dir='ltr'><strong>iis</strong></span> <span class='ocrx_word' id='word_1_19' title='bbox 2644 483 2774 523; x_wconf 86' lang='lat' dir='ltr'><strong>vero</strong></span> <span class='ocrx_word' id='word_1_20' title='bbox 2819 482 2942 538; x_wconf 70' lang='lat' dir='ltr'><strong>qua:</strong></span> <span class='ocrx_word' id='word_1_21' title='bbox 2973 468 3025 523; x_wconf 93' lang='lat' dir='ltr'><strong>in</strong></span> <span class='ocrx_word' id='word_1_22' title='bbox 3063 468 3285 524; x_wconf 90' lang='lat' dir='ltr'><strong>dubium</strong></span> <span class='ocrx_word' id='word_1_23' title='bbox 3321 478 3672 533; x_wconf 78' lang='lat' dir='ltr'><strong>revocantur,</strong></span> 
     </span>
    </p>
   </div>
   <div class='ocr_carea' id='block_1_6' title="bbox 423 566 1996 637">
    <p class='ocr_par' dir='ltr' id='par_1_6' title="bbox 423 566 1996 637">
     <span class='ocr_line' id='line_1_6' title="bbox 423 566 1996 637; baseline -0.003 -17"><span class='ocrx_word' id='word_1_24' title='bbox 423 571 534 630; x_wconf 84' lang='grc' dir='ltr'>τοῖς</span> <span class='ocrx_word' id='word_1_25' title='bbox 588 566 822 630; x_wconf 80' lang='grc' dir='ltr'>πολλοῖς,</span> <span class='ocrx_word' id='word_1_26' title='bbox 881 568 913 636; x_wconf 84' lang='grc' dir='ltr'>ἡ</span> <span class='ocrx_word' id='word_1_27' title='bbox 959 566 1221 637; x_wconf 77' lang='grc' dir='ltr'><strong>λεγομένη</strong></span> <span class='ocrx_word' id='word_1_28' title='bbox 1258 566 1514 619; x_wconf 79' lang='grc' dir='ltr'>Ἰακώϐου</span> <span class='ocrx_word' id='word_1_29' title='bbox 1557 566 1809 637; x_wconf 80' lang='grc' dir='ltr'>φέρεται,</span> <span class='ocrx_word' id='word_1_30' title='bbox 1840 566 1933 619; x_wconf 80' lang='grc' dir='ltr'><strong>καὶ</strong></span> <span class='ocrx_word' id='word_1_31' title='bbox 1962 566 1996 634; x_wconf 77' lang='grc' dir='ltr'>ἡ</span> 
     </span>
    </p>
   </div>
   <div class='ocr_carea' id='block_1_7' title="bbox 436 652 2002 729">
    <p class='ocr_par' dir='ltr' id='par_1_7' title="bbox 436 652 2002 729">
     <span class='ocr_line' id='line_1_7' title="bbox 436 652 2002 729; baseline -0.001 -17"><span class='ocrx_word' id='word_1_32' title='bbox 436 652 629 723; x_wconf 75' lang='grc' dir='ltr'>Ἰούδα,</span> <span class='ocrx_word' id='word_1_33' title='bbox 654 660 689 729; x_wconf 76' lang='grc' dir='ltr'>ἦ</span> <span class='ocrx_word' id='word_1_34' title='bbox 713 677 771 711; x_wconf 86' lang='grc' dir='ltr'>τε</span> <span class='ocrx_word' id='word_1_35' title='bbox 795 658 1001 729; x_wconf 80' lang='grc' dir='ltr'>Πέτρου</span> <span class='ocrx_word' id='word_1_36' title='bbox 1026 657 1254 729; x_wconf 83' lang='grc' dir='ltr'>δευτέρα</span> <span class='ocrx_word' id='word_1_37' title='bbox 1284 657 1590 728; x_wconf 80' lang='grc' dir='ltr'>Ἐπιστολὴ,</span> <span class='ocrx_word' id='word_1_38' title='bbox 1626 658 1722 711; x_wconf 76' lang='grc' dir='ltr'><strong>καὶ</strong></span> <span class='ocrx_word' id='word_1_39' title='bbox 1754 659 1786 728; x_wconf 87' lang='grc' dir='ltr'><strong>ἡ</strong></span> <span class='ocrx_word' id='word_1_40' title='bbox 1811 659 2002 727; x_wconf 81' lang='grc' dir='ltr'>ὀνομα-</span> 
     </span>
    </p>
   </div>
   <div class='ocr_carea' id='block_1_8' title="bbox 426 746 1990 823">
    <p class='ocr_par' dir='ltr' id='par_1_8' title="bbox 426 746 1990 823">
     <span class='ocr_line' id='line_1_8' title="bbox 426 746 1990 823; baseline -0.004 -18"><span class='ocrx_word' id='word_1_41' title='bbox 426 750 628 823; x_wconf 79' lang='grc' dir='ltr'>ζομένη</span> <span class='ocrx_word' id='word_1_42' title='bbox 649 750 877 821; x_wconf 83' lang='grc' dir='ltr'>δευτέρα</span> <span class='ocrx_word' id='word_1_43' title='bbox 909 749 1005 802; x_wconf 73' lang='grc' dir='ltr'>καὶ</span> <span class='ocrx_word' id='word_1_44' title='bbox 1031 749 1189 820; x_wconf 82' lang='grc' dir='ltr'><strong>τρίτη</strong></span> <span class='ocrx_word' id='word_1_45' title='bbox 1219 747 1485 809; x_wconf 84' lang='grc' dir='ltr'><strong>Ἰωάννου,</strong></span> <span class='ocrx_word' id='word_1_46' title='bbox 1520 746 1628 799; x_wconf 77' lang='grc' dir='ltr'>εἴτε</span> <span class='ocrx_word' id='word_1_47' title='bbox 1653 747 1744 800; x_wconf 76' lang='grc' dir='ltr'>τοῦ</span> <span class='ocrx_word' id='word_1_48' title='bbox 1768 747 1990 815; x_wconf 83' lang='grc' dir='ltr'>εὐαγγε-</span> 
     </span>
    </p>
   </div>
   <div class='ocr_carea' id='block_1_9' title="bbox 423 838 1997 911">
    <p class='ocr_par' dir='ltr' id='par_1_9' title="bbox 423 838 1997 911">
     <span class='ocr_line' id='line_1_9' title="bbox 423 838 1997 911; baseline -0.003 -16"><span class='ocrx_word' id='word_1_49' title='bbox 423 842 607 895; x_wconf 81' lang='grc' dir='ltr'>λιστοῦ</span> <span class='ocrx_word' id='word_1_50' title='bbox 623 842 1007 911; x_wconf 85' lang='grc' dir='ltr'>τυγχάνουσαι,</span> <span class='ocrx_word' id='word_1_51' title='bbox 1026 840 1136 892; x_wconf 74' lang='grc' dir='ltr'>εἴτε</span> <span class='ocrx_word' id='word_1_52' title='bbox 1156 840 1249 892; x_wconf 75' lang='grc' dir='ltr'><strong>καὶ</strong></span> <span class='ocrx_word' id='word_1_53' title='bbox 1269 839 1355 892; x_wconf 79' lang='grc' dir='ltr'>ἑτέ</span> <span class='ocrx_word' id='word_1_54' title='bbox 1365 856 1456 910; x_wconf 92' lang='grc' dir='ltr'><strong>ρου</strong></span> <span class='ocrx_word' id='word_1_55' title='bbox 1474 838 1764 909; x_wconf 85' lang='grc' dir='ltr'>ὁμωνύμου</span> <span class='ocrx_word' id='word_1_56' title='bbox 1788 838 1997 909; x_wconf 79' lang='grc' dir='ltr'>ἐκείνῳ.</span> 
     </span>
    </p>
   </div>
   <div class='ocr_carea' id='block_1_10' title="bbox 438 932 2002 1006">
    <p class='ocr_par' dir='ltr' id='par_1_10' title="bbox 438 932 2002 1006">
     <span class='ocr_line' id='line_1_10' title="bbox 438 932 2002 1006; baseline -0.002 -17"><span class='ocrx_word' id='word_1_57' title='bbox 438 937 528 989; x_wconf 88' lang='grc' dir='ltr'>Ἐν</span> <span class='ocrx_word' id='word_1_58' title='bbox 568 939 678 999; x_wconf 86' lang='grc' dir='ltr'>τοῖς</span> <span class='ocrx_word' id='word_1_59' title='bbox 724 935 896 998; x_wconf 78' lang='grc' dir='ltr'><strong>νόθοις</strong></span> <span class='ocrx_word' id='word_1_60' title='bbox 928 934 1038 1006; x_wconf 80' lang='grc'>(50)</span> <span class='ocrx_word' id='word_1_61' title='bbox 1073 932 1458 1004; x_wconf 63' lang='grc' dir='ltr'>κατατετάχθαι</span> <span class='ocrx_word' id='word_1_62' title='bbox 1484 933 1574 985; x_wconf 68' lang='grc' dir='ltr'>καὶ</span> <span class='ocrx_word' id='word_1_63' title='bbox 1607 933 1715 986; x_wconf 83' lang='grc' dir='ltr'>τῶν</span> <span class='ocrx_word' id='word_1_64' title='bbox 1757 934 2002 987; x_wconf 75' lang='grc' dir='ltr'>Παύλου</span> 
     </span>
    </p>
   </div>
   <div class='ocr_carea' id='block_1_11' title="bbox 427 1021 2001 1096">
    <p class='ocr_par' dir='ltr' id='par_1_11' title="bbox 427 1021 2001 1096">
     <span class='ocr_line' id='line_1_11' title="bbox 427 1021 2001 1096; baseline -0.001 -17"><span class='ocrx_word' id='word_1_65' title='bbox 427 1025 709 1093; x_wconf 73' lang='grc' dir='ltr'>Πρὰξεων</span> <span class='ocrx_word' id='word_1_66' title='bbox 740 1027 772 1096; x_wconf 81' lang='grc' dir='ltr'>ἡ</span> <span class='ocrx_word' id='word_1_67' title='bbox 820 1035 1024 1094; x_wconf 79' lang='grc' dir='ltr'>γραφη,</span> <span class='ocrx_word' id='word_1_68' title='bbox 1067 1024 1095 1077; x_wconf 83' lang='grc' dir='ltr'>ὃ</span> <span class='ocrx_word' id='word_1_69' title='bbox 1122 1040 1181 1076; x_wconf 89' lang='grc' dir='ltr'>τε</span> <span class='ocrx_word' id='word_1_70' title='bbox 1225 1021 1515 1094; x_wconf 83' lang='grc' dir='ltr'>λεγόμενος</span> <span class='ocrx_word' id='word_1_71' title='bbox 1547 1022 1797 1092; x_wconf 65' lang='lat' dir='ltr'><strong>Homine,</strong></span> <span class='ocrx_word' id='word_1_72' title='bbox 1837 1023 1932 1077; x_wconf 75' lang='grc' dir='ltr'><strong>καὶ</strong></span> <span class='ocrx_word' id='word_1_73' title='bbox 1968 1024 2001 1095; x_wconf 85' lang='grc' dir='ltr'><strong>ή</strong></span> 
     </span>
    </p>
   </div>
   <div class='ocr_carea' id='block_1_12' title="bbox 441 1112 2004 1188">
    <p class='ocr_par' dir='ltr' id='par_1_12' title="bbox 441 1112 2004 1188">
     <span class='ocr_line' id='line_1_12' title="bbox 441 1112 2004 1188; baseline -0.002 -17"><span class='ocrx_word' id='word_1_74' title='bbox 441 1116 849 1185; x_wconf 70' lang='grc' dir='ltr'>Ἀποκάλυψις</span> <span class='ocrx_word' id='word_1_75' title='bbox 895 1115 1122 1188; x_wconf 84' lang='grc' dir='ltr'>Πέτρου.</span> <span class='ocrx_word' id='word_1_76' title='bbox 1166 1116 1276 1168; x_wconf 74' lang='grc' dir='ltr'><strong>Καὶ</strong></span> <span class='ocrx_word' id='word_1_77' title='bbox 1328 1115 1465 1187; x_wconf 78' lang='grc' dir='ltr'>πρὸς</span> <span class='ocrx_word' id='word_1_78' title='bbox 1496 1112 1737 1179; x_wconf 80' lang='grc' dir='ltr'><strong>τούτοις,</strong></span> <span class='ocrx_word' id='word_1_79' title='bbox 1776 1116 1810 1184; x_wconf 83' lang='grc' dir='ltr'>ἡ</span> <span class='ocrx_word' id='word_1_80' title='bbox 1845 1131 2004 1186; x_wconf 71' lang='grc' dir='ltr'>φερο-</span> 
     </span>
    </p>
   </div>
   <div class='ocr_carea' id='block_1_13' title="bbox 433 1204 2000 1281">
    <p class='ocr_par' dir='ltr' id='par_1_13' title="bbox 433 1204 2000 1281">
     <span class='ocr_line' id='line_1_13' title="bbox 433 1204 2000 1281; baseline -0.001 -20"><span class='ocrx_word' id='word_1_81' title='bbox 433 1209 566 1281; x_wconf 86' lang='grc' dir='ltr'>μένη</span> <span class='ocrx_word' id='word_1_82' title='bbox 603 1207 854 1280; x_wconf 79' lang='grc' dir='ltr'>Βαρνάϐα</span> <span class='ocrx_word' id='word_1_83' title='bbox 900 1205 1247 1275; x_wconf 78' lang='grc' dir='ltr'>Ἐπιστολὴ,</span> <span class='ocrx_word' id='word_1_84' title='bbox 1273 1207 1366 1260; x_wconf 76' lang='grc' dir='ltr'>καὶ</span> <span class='ocrx_word' id='word_1_85' title='bbox 1408 1204 1529 1259; x_wconf 73' lang='grc' dir='ltr'><strong>Τῶν</strong></span> <span class='ocrx_word' id='word_1_86' title='bbox 1560 1207 1919 1261; x_wconf 74' lang='grc' dir='ltr'><strong>ἀποστόλων</strong></span> <span class='ocrx_word' id='word_1_87' title='bbox 1945 1208 2000 1260; x_wconf 88' lang='grc' dir='ltr'>αἱ</span> 
     </span>
    </p>
   </div>
   <div class='ocr_carea' id='block_1_14' title="bbox 427 1295 1998 1371">
    <p class='ocr_par' dir='ltr' id='par_1_14' title="bbox 427 1295 1998 1371">
     <span class='ocr_line' id='line_1_14' title="bbox 427 1295 1998 1371; baseline -0.003 -18"><span class='ocrx_word' id='word_1_88' title='bbox 427 1299 717 1371; x_wconf 73' lang='grc' dir='ltr'>λεγόμεναι</span> <span class='ocrx_word' id='word_1_89' title='bbox 747 1297 991 1366; x_wconf 78' lang='grc' dir='ltr'>Δίδαχαί</span> <span class='ocrx_word' id='word_1_90' title='bbox 1021 1297 1152 1368; x_wconf 78' lang='grc'><strong>(51)’</strong></span> <span class='ocrx_word' id='word_1_91' title='bbox 1189 1296 1269 1349; x_wconf 83' lang='grc' dir='ltr'><strong>ἔτι</strong></span> <span class='ocrx_word' id='word_1_92' title='bbox 1296 1313 1376 1360; x_wconf 90' lang='grc' dir='ltr'><strong>τε,</strong></span> <span class='ocrx_word' id='word_1_93' title='bbox 1396 1295 1471 1359; x_wconf 85' lang='grc' dir='ltr'>ὡς</span> <span class='ocrx_word' id='word_1_94' title='bbox 1509 1295 1663 1367; x_wconf 80' lang='grc' dir='ltr'>ἔφην,</span> <span class='ocrx_word' id='word_1_95' title='bbox 1695 1298 1729 1367; x_wconf 85' lang='grc' dir='ltr'>ἡ</span> <span class='ocrx_word' id='word_1_96' title='bbox 1757 1297 1998 1351; x_wconf 81' lang='grc' dir='ltr'>Ἰωάννου</span> 
     </span>
    </p>
   </div>
   <div class='ocr_carea' id='block_1_15' title="bbox 450 1388 2004 1461">
    <p class='ocr_par' dir='ltr' id='par_1_15' title="bbox 450 1388 2004 1461">
     <span class='ocr_line' id='line_1_15' title="bbox 450 1388 2004 1461; baseline -0.001 -16"><span class='ocrx_word' id='word_1_97' title='bbox 450 1390 832 1461; x_wconf 71' lang='grc' dir='ltr'>Ἀποκάλυψις,</span> <span class='ocrx_word' id='word_1_98' title='bbox 868 1391 916 1443; x_wconf 80' lang='lat' dir='ltr'><strong>el</strong></span> <span class='ocrx_word' id='word_1_99' title='bbox 947 1389 1164 1460; x_wconf 77' lang='grc' dir='ltr'>φανείη,</span> <span class='ocrx_word' id='word_1_100' title='bbox 1189 1388 1258 1459; x_wconf 81' lang='grc' dir='ltr'>ἦν</span> <span class='ocrx_word' id='word_1_101' title='bbox 1287 1404 1454 1453; x_wconf 85' lang='grc' dir='ltr'>τινες,</span> <span class='ocrx_word' id='word_1_102' title='bbox 1482 1388 1558 1452; x_wconf 82' lang='grc' dir='ltr'><strong>ὡς</strong></span> <span class='ocrx_word' id='word_1_103' title='bbox 1591 1388 1747 1459; x_wconf 77' lang='grc' dir='ltr'>ἔφην,</span> <span class='ocrx_word' id='word_1_104' title='bbox 1783 1389 2004 1443; x_wconf 77' lang='grc' dir='ltr'>ἀθετοῦ-</span> 
     </span>
    </p>
   </div>
   <div class='ocr_carea' id='block_1_16' title="bbox 432 1479 2001 1553">
    <p class='ocr_par' dir='ltr' id='par_1_16' title="bbox 432 1479 2001 1553">
     <span class='ocr_line' id='line_1_16' title="bbox 432 1479 2001 1553; baseline -0.001 -17"><span class='ocrx_word' id='word_1_105' title='bbox 432 1501 534 1548; x_wconf 91' lang='grc' dir='ltr'>σιν,</span> <span class='ocrx_word' id='word_1_106' title='bbox 572 1481 748 1553; x_wconf 79' lang='grc' dir='ltr'>ἓτεροι</span> <span class='ocrx_word' id='word_1_107' title='bbox 779 1482 837 1535; x_wconf 81' lang='grc' dir='ltr'>δὲ</span> <span class='ocrx_word' id='word_1_108' title='bbox 864 1482 1176 1553; x_wconf 82' lang='grc' dir='ltr'>ἐγκρίνουσι</span> <span class='ocrx_word' id='word_1_109' title='bbox 1216 1482 1329 1545; x_wconf 78' lang='grc' dir='ltr'>τοῖς</span> <span class='ocrx_word' id='word_1_110' title='bbox 1353 1479 1827 1552; x_wconf 79' lang='grc' dir='ltr'>ὁμολογουμένοις.</span> <span class='ocrx_word' id='word_1_111' title='bbox 1861 1481 2001 1552; x_wconf 86' lang='grc' dir='ltr'><strong>Ἤδη</strong></span> 
     </span>
    </p>
   </div>
   <div class='ocr_carea' id='block_1_17' title="bbox 426 1568 2006 1639">
    <p class='ocr_par' dir='ltr' id='par_1_17' title="bbox 426 1568 2006 1639">
     <span class='ocr_line' id='line_1_17' title="bbox 426 1568 2006 1639; baseline -0.001 -14"><span class='ocrx_word' id='word_1_112' title='bbox 426 1572 471 1625; x_wconf 82' lang='grc' dir='ltr'>δ’</span> <span class='ocrx_word' id='word_1_113' title='bbox 501 1574 559 1627; x_wconf 82' lang='grc' dir='ltr'>ὲν</span> <span class='ocrx_word' id='word_1_114' title='bbox 598 1571 804 1635; x_wconf 80' lang='grc' dir='ltr'>τούτοις</span> <span class='ocrx_word' id='word_1_115' title='bbox 837 1571 978 1635; x_wconf 81' lang='grc' dir='ltr'>τινὲς</span> <span class='ocrx_word' id='word_1_116' title='bbox 1010 1571 1101 1625; x_wconf 78' lang='grc' dir='ltr'><strong>καὶ</strong></span> <span class='ocrx_word' id='word_1_117' title='bbox 1149 1569 1210 1623; x_wconf 79' lang='grc' dir='ltr'>τὸ</span> <span class='ocrx_word' id='word_1_118' title='bbox 1243 1572 1384 1624; x_wconf 80' lang='grc' dir='ltr'><strong>Καθ’</strong></span> <span class='ocrx_word' id='word_1_119' title='bbox 1424 1569 1732 1637; x_wconf 73' lang='grc' dir='ltr'>Ἑϐραίους</span> <span class='ocrx_word' id='word_1_120' title='bbox 1757 1568 2006 1639; x_wconf 76' lang='grc' dir='ltr'><strong>Εὐαγγέ-</strong></span> 
     </span>
    </p>
   </div>
   <div class='ocr_carea' id='block_1_18' title="bbox 426 1655 2004 1736">
    <p class='ocr_par' dir='ltr' id='par_1_18' title="bbox 426 1655 2004 1736">
     <span class='ocr_line' id='line_1_18' title="bbox 426 1655 2004 1736; baseline -0.003 -17"><span class='ocrx_word' id='word_1_121' title='bbox 426 1669 561 1719; x_wconf 74' lang='grc' dir='ltr'>λιον</span> <span class='ocrx_word' id='word_1_122' title='bbox 608 1664 719 1736; x_wconf 75' lang='grc'><strong>(52)</strong></span> <span class='ocrx_word' id='word_1_123' title='bbox 765 1662 1081 1727; x_wconf 80' lang='grc' dir='ltr'>κατέλεξαν,</span> <span class='ocrx_word' id='word_1_124' title='bbox 1134 1655 1179 1730; x_wconf 81' lang='grc' dir='ltr'>ᾧ</span> <span class='ocrx_word' id='word_1_125' title='bbox 1234 1661 1467 1733; x_wconf 87' lang='grc' dir='ltr'>μάλιστα</span> <span class='ocrx_word' id='word_1_126' title='bbox 1513 1661 1781 1733; x_wconf 75' lang='grc' dir='ltr'>Ἐϐραίων</span> <span class='ocrx_word' id='word_1_127' title='bbox 1823 1663 1870 1714; x_wconf 91' lang='grc' dir='ltr'>οἱ</span> <span class='ocrx_word' id='word_1_128' title='bbox 1914 1661 2004 1714; x_wconf 75' lang='grc' dir='ltr'><strong>τὸν</strong></span> 
     </span>
    </p>
   </div>
   <div class='ocr_carea' id='block_1_19' title="bbox 429 1753 2004 1829">
    <p class='ocr_par' dir='ltr' id='par_1_19' title="bbox 429 1753 2004 1829">
     <span class='ocr_line' id='line_1_19' title="bbox 429 1753 2004 1829; baseline -0.003 -18"><span class='ocrx_word' id='word_1_129' title='bbox 429 1756 662 1829; x_wconf 85' lang='grc' dir='ltr'>Χριστὸν</span> <span class='ocrx_word' id='word_1_130' title='bbox 710 1755 1143 1828; x_wconf 77' lang='grc' dir='ltr'>παραδεξάμενοι</span> <span class='ocrx_word' id='word_1_131' title='bbox 1176 1755 1445 1826; x_wconf 84' lang='grc' dir='ltr'>χαίρουσι.</span> <span class='ocrx_word' id='word_1_132' title='bbox 1484 1753 1666 1807; x_wconf 80' lang='grc' dir='ltr'>Ταῦτα</span> <span class='ocrx_word' id='word_1_133' title='bbox 1702 1753 1799 1824; x_wconf 84' lang='grc' dir='ltr'>μὲν</span> <span class='ocrx_word' id='word_1_134' title='bbox 1825 1753 2004 1807; x_wconf 86' lang='grc' dir='ltr'>πάντα</span> 
     </span>
    </p>
   </div>
   <div class='ocr_carea' id='block_1_20' title="bbox 425 1843 2001 1917">
    <p class='ocr_par' dir='ltr' id='par_1_20' title="bbox 425 1843 2001 1917">
     <span class='ocr_line' id='line_1_20' title="bbox 425 1843 2001 1917; baseline -0.003 -17"><span class='ocrx_word' id='word_1_135' title='bbox 425 1847 531 1901; x_wconf 80' lang='grc' dir='ltr'>τῶν</span> <span class='ocrx_word' id='word_1_136' title='bbox 560 1846 989 1917; x_wconf 77' lang='grc' dir='ltr'>ἀντιλεγομένων</span> <span class='ocrx_word' id='word_1_137' title='bbox 1015 1845 1080 1899; x_wconf 84' lang='grc' dir='ltr'>ἂν</span> <span class='ocrx_word' id='word_1_138' title='bbox 1110 1844 1214 1915; x_wconf 76' lang='grc' dir='ltr'>εἴη.</span> <span class='ocrx_word' id='word_1_139' title='bbox 1247 1843 1582 1913; x_wconf 79' lang='grc' dir='ltr'>Ἀναγκαὶως</span> <span class='ocrx_word' id='word_1_140' title='bbox 1605 1843 1662 1897; x_wconf 82' lang='grc' dir='ltr'><strong>δὲ</strong></span> <span class='ocrx_word' id='word_1_141' title='bbox 1691 1843 2001 1898; x_wconf 73' lang='grc' dir='ltr'>καὶτούτων</span> 
     </span>
    </p>
   </div>
   <div class='ocr_carea' id='block_1_21' title="bbox 427 1935 2005 2009">
    <p class='ocr_par' dir='ltr' id='par_1_21' title="bbox 427 1935 2005 2009">
     <span class='ocr_line' id='line_1_21' title="bbox 427 1935 2005 2009; baseline -0.001 -17"><span class='ocrx_word' id='word_1_142' title='bbox 427 1938 574 2009; x_wconf 80' lang='grc' dir='ltr'>ὅμως</span> <span class='ocrx_word' id='word_1_143' title='bbox 612 1938 703 1992; x_wconf 79' lang='grc' dir='ltr'>τὸν</span> <span class='ocrx_word' id='word_1_144' title='bbox 752 1937 1047 2006; x_wconf 81' lang='grc' dir='ltr'>κατάλογον</span> <span class='ocrx_word' id='word_1_145' title='bbox 1082 1935 1449 2009; x_wconf 83' lang='grc' dir='ltr'>πεποιήμεθα,</span> <span class='ocrx_word' id='word_1_146' title='bbox 1482 1935 1852 2008; x_wconf 82' lang='grc' dir='ltr'>διακρίναντες</span> <span class='ocrx_word' id='word_1_147' title='bbox 1904 1937 2005 2001; x_wconf 85' lang='grc' dir='ltr'><strong>τάς</strong></span> 
     </span>
    </p>
   </div>
   <div class='ocr_carea' id='block_1_22' title="bbox 425 2025 2006 2100">
    <p class='ocr_par' dir='ltr' id='par_1_22' title="bbox 425 2025 2006 2100">
     <span class='ocr_line' id='line_1_22' title="bbox 425 2025 2006 2100; baseline -0.003 -18"><span class='ocrx_word' id='word_1_148' title='bbox 425 2047 484 2082; x_wconf 86' lang='grc' dir='ltr'>τε</span> <span class='ocrx_word' id='word_1_149' title='bbox 527 2029 666 2084; x_wconf 79' lang='grc' dir='ltr'><strong>κατά</strong></span> <span class='ocrx_word' id='word_1_150' title='bbox 698 2029 796 2100; x_wconf 81' lang='grc' dir='ltr'><strong>τὴν</strong></span> <span class='ocrx_word' id='word_1_151' title='bbox 829 2028 1286 2100; x_wconf 77' lang='grc' dir='ltr'>ὲκκλησιαστικὴν</span> <span class='ocrx_word' id='word_1_152' title='bbox 1335 2025 1630 2098; x_wconf 79' lang='grc' dir='ltr'>παράδοσιν</span> <span class='ocrx_word' id='word_1_153' title='bbox 1662 2025 1882 2097; x_wconf 86' lang='grc' dir='ltr'>ἀληθεῖς</span> <span class='ocrx_word' id='word_1_154' title='bbox 1912 2025 2006 2079; x_wconf 81' lang='grc' dir='ltr'>καὶ</span> 
     </span>
    </p>
   </div>
   <div class='ocr_carea' id='block_1_23' title="bbox 428 2115 2005 2188">
    <p class='ocr_par' dir='ltr' id='par_1_23' title="bbox 428 2115 2005 2188">
     <span class='ocr_line' id='line_1_23' title="bbox 428 2115 2005 2188; baseline -0.002 -14"><span class='ocrx_word' id='word_1_155' title='bbox 428 2119 759 2182; x_wconf 86' lang='grc' dir='ltr'>ἀπλάστους,</span> <span class='ocrx_word' id='word_1_156' title='bbox 797 2119 890 2172; x_wconf 71' lang='grc' dir='ltr'><strong>καὶ</strong></span> <span class='ocrx_word' id='word_1_157' title='bbox 920 2117 1416 2188; x_wconf 83' lang='grc' dir='ltr'>ἀνωμολογημένας</span> <span class='ocrx_word' id='word_1_158' title='bbox 1459 2115 1703 2187; x_wconf 79' lang='grc' dir='ltr'>Γραφάς,</span> <span class='ocrx_word' id='word_1_159' title='bbox 1757 2116 1851 2169; x_wconf 75' lang='grc' dir='ltr'><strong>καὶ</strong></span> <span class='ocrx_word' id='word_1_160' title='bbox 1907 2116 2005 2180; x_wconf 82' lang='grc' dir='ltr'><strong>τὰς</strong></span> 
     </span>
    </p>
   </div>
   <div class='ocr_carea' id='block_1_24' title="bbox 428 2204 2009 2282">
    <p class='ocr_par' dir='ltr' id='par_1_24' title="bbox 428 2204 2009 2282">
     <span class='ocr_line' id='line_1_24' title="bbox 428 2204 2009 2282; baseline -0.006 -16"><span class='ocrx_word' id='word_1_161' title='bbox 428 2211 594 2275; x_wconf 71' lang='grc' dir='ltr'>ἄλλας</span> <span class='ocrx_word' id='word_1_162' title='bbox 626 2210 777 2282; x_wconf 85' lang='grc' dir='ltr'><strong>παρά</strong></span> <span class='ocrx_word' id='word_1_163' title='bbox 817 2208 1039 2273; x_wconf 83' lang='grc' dir='ltr'>ταύτας,</span> <span class='ocrx_word' id='word_1_164' title='bbox 1073 2209 1175 2262; x_wconf 82' lang='grc' dir='ltr'><strong>ούκ</strong></span> <span class='ocrx_word' id='word_1_165' title='bbox 1208 2206 1563 2277; x_wconf 79' lang='grc' dir='ltr'>ὲνδιαθήκους</span> <span class='ocrx_word' id='word_1_166' title='bbox 1595 2205 1713 2276; x_wconf 80' lang='grc' dir='ltr'>μὲν,</span> <span class='ocrx_word' id='word_1_167' title='bbox 1752 2204 1888 2259; x_wconf 87' lang='grc' dir='ltr'><strong>ἀλλά</strong></span> <span class='ocrx_word' id='word_1_168' title='bbox 1913 2204 2009 2259; x_wconf 77' lang='grc' dir='ltr'>καὶ</span> 
     </span>
    </p>
   </div>
   <div class='ocr_carea' id='block_1_25' title="bbox 428 2295 2009 2374">
    <p class='ocr_par' dir='ltr' id='par_1_25' title="bbox 428 2295 2009 2374">
     <span class='ocr_line' id='line_1_25' title="bbox 428 2295 2009 2374; baseline -0.005 -16"><span class='ocrx_word' id='word_1_169' title='bbox 428 2303 868 2374; x_wconf 62' lang='grc' dir='ltr'>ἀντιλεγομέναις,</span> <span class='ocrx_word' id='word_1_170' title='bbox 902 2303 1052 2373; x_wconf 79' lang='grc' dir='ltr'>ὅμως</span> <span class='ocrx_word' id='word_1_171' title='bbox 1079 2301 1137 2355; x_wconf 81' lang='grc' dir='ltr'>δὲ</span> <span class='ocrx_word' id='word_1_172' title='bbox 1170 2299 1322 2371; x_wconf 84' lang='grc' dir='ltr'><strong>παρά</strong></span> <span class='ocrx_word' id='word_1_173' title='bbox 1362 2297 1636 2361; x_wconf 81' lang='grc' dir='ltr'>πλείστοις</span> <span class='ocrx_word' id='word_1_174' title='bbox 1666 2295 1776 2350; x_wconf 80' lang='grc' dir='ltr'>τῶν</span> <span class='ocrx_word' id='word_1_175' title='bbox 1817 2297 2009 2367; x_wconf 74' lang='grc' dir='ltr'>ἐκκλη-</span> 
     </span>
    </p>
   </div>
   <div class='ocr_carea' id='block_1_26' title="bbox 431 2387 2008 2464">
    <p class='ocr_par' dir='ltr' id='par_1_26' title="bbox 431 2387 2008 2464">
     <span class='ocr_line' id='line_1_26' title="bbox 431 2387 2008 2464; baseline -0.003 -16"><span class='ocrx_word' id='word_1_176' title='bbox 431 2394 727 2450; x_wconf 75' lang='grc' dir='ltr'>σιαπικῶν</span> <span class='ocrx_word' id='word_1_177' title='bbox 755 2393 1219 2464; x_wconf 76' lang='grc' dir='ltr'>γιγνωσκομένοις,</span> <span class='ocrx_word' id='word_1_178' title='bbox 1255 2391 1320 2445; x_wconf 81' lang='grc' dir='ltr'>ἵν’</span> <span class='ocrx_word' id='word_1_179' title='bbox 1357 2389 1556 2443; x_wconf 82' lang='grc' dir='ltr'>εἰδέναι</span> <span class='ocrx_word' id='word_1_180' title='bbox 1589 2387 1807 2460; x_wconf 81' lang='grc' dir='ltr'>ἔχοιμεν</span> <span class='ocrx_word' id='word_1_181' title='bbox 1838 2389 2008 2453; x_wconf 84' lang='grc' dir='ltr'>αὐτάς</span> 
     </span>
    </p>
   </div>
   <div class='ocr_carea' id='block_1_27' title="bbox 430 2480 2008 2555">
    <p class='ocr_par' dir='ltr' id='par_1_27' title="bbox 430 2480 2008 2555">
     <span class='ocr_line' id='line_1_27' title="bbox 430 2480 2008 2555; baseline -0.002 -16"><span class='ocrx_word' id='word_1_182' title='bbox 430 2504 490 2541; x_wconf 84' lang='grc' dir='ltr'>τε</span> <span class='ocrx_word' id='word_1_183' title='bbox 516 2487 740 2551; x_wconf 83' lang='grc' dir='ltr'>ταύτας,</span> <span class='ocrx_word' id='word_1_184' title='bbox 770 2484 979 2549; x_wconf 74' lang='grc' dir='ltr'>καὶτὰς</span> <span class='ocrx_word' id='word_1_185' title='bbox 1009 2484 1229 2555; x_wconf 84' lang='grc' dir='ltr'>ὀνόματι</span> <span class='ocrx_word' id='word_1_186' title='bbox 1260 2481 1371 2535; x_wconf 84' lang='grc' dir='ltr'>τῶν</span> <span class='ocrx_word' id='word_1_187' title='bbox 1397 2480 1708 2535; x_wconf 76' lang='grc' dir='ltr'>ἀποστόλων</span> <span class='ocrx_word' id='word_1_188' title='bbox 1741 2481 1879 2554; x_wconf 78' lang='grc' dir='ltr'>πρὸς</span> <span class='ocrx_word' id='word_1_189' title='bbox 1899 2480 2008 2536; x_wconf 80' lang='grc' dir='ltr'>τῶν</span> 
     </span>
    </p>
   </div>
   <div class='ocr_carea' id='block_1_28' title="bbox 433 2573 2002 2650">
    <p class='ocr_par' dir='ltr' id='par_1_28' title="bbox 433 2573 2002 2650">
     <span class='ocr_line' id='line_1_28' title="bbox 433 2573 2002 2650; baseline -0.004 -16"><span class='ocrx_word' id='word_1_190' title='bbox 433 2578 723 2650; x_wconf 76' lang='grc' dir='ltr'>αἰρετικῶν</span> <span class='ocrx_word' id='word_1_191' title='bbox 749 2576 1185 2650; x_wconf 78' lang='grc' dir='ltr'>προφερομένας,</span> <span class='ocrx_word' id='word_1_192' title='bbox 1218 2576 1335 2648; x_wconf 74' lang='grc' dir='ltr'>ἦτοι</span> <span class='ocrx_word' id='word_1_193' title='bbox 1363 2574 1440 2639; x_wconf 84' lang='grc' dir='ltr'>ὡς</span> <span class='ocrx_word' id='word_1_194' title='bbox 1471 2573 1678 2648; x_wconf 84' lang='grc' dir='ltr'>Πέτρου</span> <span class='ocrx_word' id='word_1_195' title='bbox 1696 2575 1790 2628; x_wconf 74' lang='grc' dir='ltr'><strong>καὶ</strong></span> <span class='ocrx_word' id='word_1_196' title='bbox 1808 2574 2002 2646; x_wconf 78' lang='grc' dir='ltr'>Θωμᾶ,</span> 
     </span>
    </p>
   </div>
   <div class='ocr_carea' id='block_1_29' title="bbox 433 2664 2010 2740">
    <p class='ocr_par' dir='ltr' id='par_1_29' title="bbox 433 2664 2010 2740">
     <span class='ocr_line' id='line_1_29' title="bbox 433 2664 2010 2740; baseline -0.001 -18"><span class='ocrx_word' id='word_1_197' title='bbox 433 2671 528 2724; x_wconf 72' lang='grc' dir='ltr'><strong>καὶ</strong></span> <span class='ocrx_word' id='word_1_198' title='bbox 559 2668 847 2740; x_wconf 81' lang='grc' dir='ltr'>Ματθία,ἦ</span> <span class='ocrx_word' id='word_1_199' title='bbox 885 2667 978 2722; x_wconf 85' lang='grc' dir='ltr'><strong>καί</strong></span> <span class='ocrx_word' id='word_1_200' title='bbox 1005 2684 1166 2721; x_wconf 87' lang='grc' dir='ltr'>τινων</span> <span class='ocrx_word' id='word_1_201' title='bbox 1196 2665 1345 2738; x_wconf 86' lang='grc' dir='ltr'><strong>παρά</strong></span> <span class='ocrx_word' id='word_1_202' title='bbox 1373 2664 1596 2730; x_wconf 81' lang='grc' dir='ltr'>τούτους</span> <span class='ocrx_word' id='word_1_203' title='bbox 1623 2664 1798 2720; x_wconf 82' lang='grc' dir='ltr'>ἀλλων</span> <span class='ocrx_word' id='word_1_204' title='bbox 1823 2667 2010 2736; x_wconf 70' lang='grc' dir='ltr'>Εὐαγ-</span> 
     </span>
    </p>
   </div>
   <div class='ocr_carea' id='block_1_30' title="bbox 431 2757 2009 2832">
    <p class='ocr_par' dir='ltr' id='par_1_30' title="bbox 431 2757 2009 2832">
     <span class='ocr_line' id='line_1_30' title="bbox 431 2757 2009 2832; baseline -0.003 -16"><span class='ocrx_word' id='word_1_205' title='bbox 431 2761 603 2832; x_wconf 56' lang='lat' dir='ltr'><strong>reita</strong></span> <span class='ocrx_word' id='word_1_206' title='bbox 631 2760 1008 2832; x_wconf 82' lang='grc' dir='ltr'>περιεχούσας,</span> <span class='ocrx_word' id='word_1_207' title='bbox 1045 2758 1173 2831; x_wconf 75' lang='grc' dir='ltr'>ἢὼς</span> <span class='ocrx_word' id='word_1_208' title='bbox 1204 2758 1448 2831; x_wconf 86' lang='grc' dir='ltr'>Ἀνδρέου</span> <span class='ocrx_word' id='word_1_209' title='bbox 1471 2758 1564 2812; x_wconf 80' lang='grc' dir='ltr'>καὶ</span> <span class='ocrx_word' id='word_1_210' title='bbox 1612 2757 1878 2824; x_wconf 82' lang='grc' dir='ltr'>Ἰωάννου,</span> <span class='ocrx_word' id='word_1_211' title='bbox 1912 2758 2009 2812; x_wconf 73' lang='grc' dir='ltr'><strong>καὶ</strong></span> 
     </span>
    </p>
   </div>
   <div class='ocr_carea' id='block_1_31' title="bbox 432 2843 2008 2919">
    <p class='ocr_par' dir='ltr' id='par_1_31' title="bbox 432 2843 2008 2919">
     <span class='ocr_line' id='line_1_31' title="bbox 432 2843 2008 2919; baseline -0.003 -14"><span class='ocrx_word' id='word_1_212' title='bbox 432 2853 541 2905; x_wconf 84' lang='grc' dir='ltr'>τῶν</span> <span class='ocrx_word' id='word_1_213' title='bbox 573 2852 745 2909; x_wconf 82' lang='grc' dir='ltr'>ἄλλων</span> <span class='ocrx_word' id='word_1_214' title='bbox 772 2851 1086 2906; x_wconf 70' lang='grc' dir='ltr'>ἀποστόλων</span> <span class='ocrx_word' id='word_1_215' title='bbox 1117 2847 1391 2917; x_wconf 69' lang='grc' dir='ltr'>Πράξεις,</span> <span class='ocrx_word' id='word_1_216' title='bbox 1410 2843 1484 2903; x_wconf 78' lang='grc' dir='ltr'><strong>ὧν</strong></span> <span class='ocrx_word' id='word_1_217' title='bbox 1501 2847 1652 2902; x_wconf 77' lang='grc' dir='ltr'>οὐδὲν</span> <span class='ocrx_word' id='word_1_218' title='bbox 1679 2848 1927 2919; x_wconf 82' lang='grc' dir='ltr'>οὐδαμῶς</span> <span class='ocrx_word' id='word_1_219' title='bbox 1949 2850 2008 2901; x_wconf 78' lang='grc' dir='ltr'>ἐν</span> 
     </span>
    </p>
   </div>
   <div class='ocr_carea' id='block_1_32' title="bbox 434 2938 2007 3015">
    <p class='ocr_par' dir='ltr' id='par_1_32' title="bbox 434 2938 2007 3015">
     <span class='ocr_line' id='line_1_32' title="bbox 434 2938 2007 3015; baseline -0.001 -19"><span class='ocrx_word' id='word_1_220' title='bbox 434 2943 828 3015; x_wconf 85' lang='grc' dir='ltr'>συγγράμματι</span> <span class='ocrx_word' id='word_1_221' title='bbox 844 2942 953 2995; x_wconf 80' lang='grc' dir='ltr'>τῶν</span> <span class='ocrx_word' id='word_1_222' title='bbox 983 2941 1123 2996; x_wconf 84' lang='grc' dir='ltr'><strong>κατά</strong></span> <span class='ocrx_word' id='word_1_223' title='bbox 1140 2941 1393 3013; x_wconf 80' lang='grc' dir='ltr'>διαδοχὰς</span> <span class='ocrx_word' id='word_1_224' title='bbox 1408 2939 1874 3011; x_wconf 84' lang='grc' dir='ltr'>ὲκκλησιαστικῶν</span> <span class='ocrx_word' id='word_1_225' title='bbox 1893 2938 2007 3011; x_wconf 79' lang='grc'>(55)</span> 
     </span>
    </p>
   </div>
   <div class='ocr_carea' id='block_1_33' title="bbox 429 3027 2007 3102">
    <p class='ocr_par' dir='ltr' id='par_1_33' title="bbox 429 3027 2007 3102">
     <span class='ocr_line' id='line_1_33' title="bbox 429 3027 2007 3102; baseline -0.001 -19"><span class='ocrx_word' id='word_1_226' title='bbox 429 3048 513 3094; x_wconf 89' lang='grc' dir='ltr'><strong>τις</strong></span> <span class='ocrx_word' id='word_1_227' title='bbox 551 3030 691 3102; x_wconf 79' lang='grc' dir='ltr'>ἀνὴρ</span> <span class='ocrx_word' id='word_1_228' title='bbox 743 3033 822 3095; x_wconf 76' lang='grc' dir='ltr'>εἰς</span> <span class='ocrx_word' id='word_1_229' title='bbox 876 3032 1094 3102; x_wconf 78' lang='grc' dir='ltr'>μνήμην</span> <span class='ocrx_word' id='word_1_230' title='bbox 1142 3032 1369 3101; x_wconf 81' lang='grc' dir='ltr'>ἀγαγεῖν</span> <span class='ocrx_word' id='word_1_231' title='bbox 1421 3027 1674 3094; x_wconf 74' lang='grc' dir='ltr'>ἠξίωσεν.</span> <span class='ocrx_word' id='word_1_232' title='bbox 1709 3030 1906 3102; x_wconf 75' lang='grc' dir='ltr'><strong>Πόῤῥω</strong></span> <span class='ocrx_word' id='word_1_233' title='bbox 1950 3029 2007 3083; x_wconf 88' lang='grc' dir='ltr'><strong>δέ</strong></span> 
     </span>
    </p>
   </div>
   <div class='ocr_carea' id='block_1_34' title="bbox 430 3116 2009 3195">
    <p class='ocr_par' dir='ltr' id='par_1_34' title="bbox 430 3116 2009 3195">
     <span class='ocr_line' id='line_1_34' title="bbox 430 3116 2009 3195; baseline -0.001 -18"><span class='ocrx_word' id='word_1_234' title='bbox 430 3139 532 3177; x_wconf 86' lang='grc' dir='ltr'><strong>που</strong></span> <span class='ocrx_word' id='word_1_235' title='bbox 558 3122 652 3177; x_wconf 75' lang='grc' dir='ltr'><strong>καὶ</strong></span> <span class='ocrx_word' id='word_1_236' title='bbox 678 3122 707 3176; x_wconf 88' lang='grc' dir='ltr'>ὁ</span> <span class='ocrx_word' id='word_1_237' title='bbox 742 3122 840 3194; x_wconf 73' lang='grc' dir='ltr'><strong>τῆς</strong></span> <span class='ocrx_word' id='word_1_238' title='bbox 853 3122 1105 3195; x_wconf 81' lang='grc' dir='ltr'>φράσεως</span> <span class='ocrx_word' id='word_1_239' title='bbox 1137 3123 1289 3195; x_wconf 83' lang='grc' dir='ltr'><strong>παρά</strong></span> <span class='ocrx_word' id='word_1_240' title='bbox 1315 3122 1377 3174; x_wconf 84' lang='grc' dir='ltr'>τὸ</span> <span class='ocrx_word' id='word_1_241' title='bbox 1404 3116 1536 3192; x_wconf 79' lang='grc' dir='ltr'>ἦθος</span> <span class='ocrx_word' id='word_1_242' title='bbox 1561 3121 1623 3174; x_wconf 89' lang='grc' dir='ltr'>τδ</span> <span class='ocrx_word' id='word_1_243' title='bbox 1652 3122 2009 3176; x_wconf 80' lang='grc' dir='ltr'>ἀποστολικὸν</span> 
     </span>
    </p>
   </div>
   <div class='ocr_carea' id='block_1_35' title="bbox 2103 559 3673 627">
    <p class='ocr_par' dir='ltr' id='par_1_35' title="bbox 2103 559 3673 627">
     <span class='ocr_line' id='line_1_35' title="bbox 2103 559 3673 627; baseline -0.002 -12"><span class='ocrx_word' id='word_1_244' title='bbox 2103 580 2130 615; x_wconf 84' lang='lat' dir='ltr'><strong>a</strong></span> <span class='ocrx_word' id='word_1_245' title='bbox 2159 562 2341 617; x_wconf 89' lang='lat' dir='ltr'><strong>multis</strong></span> <span class='ocrx_word' id='word_1_246' title='bbox 2371 570 2548 617; x_wconf 90' lang='lat' dir='ltr'><strong>tamen</strong></span> <span class='ocrx_word' id='word_1_247' title='bbox 2579 561 2991 617; x_wconf 89' lang='lat' dir='ltr'><strong>commemorari</strong></span> <span class='ocrx_word' id='word_1_248' title='bbox 3023 560 3291 623; x_wconf 88' lang='lat' dir='ltr'><strong>videmus,</strong></span> <span class='ocrx_word' id='word_1_249' title='bbox 3324 570 3407 615; x_wconf 85' lang='lat' dir='ltr'><strong>est</strong></span> <span class='ocrx_word' id='word_1_250' title='bbox 3438 559 3673 627; x_wconf 86' lang='lat' dir='ltr'><strong>Epistola</strong></span> 
     </span>
    </p>
   </div>
   <div class='ocr_carea' id='block_1_36' title="bbox 2102 648 3671 721">
    <p class='ocr_par' dir='ltr' id='par_1_36' title="bbox 2102 648 3671 721">
     <span class='ocr_line' id='line_1_36' title="bbox 2102 648 3671 721; baseline 0.002 -19"><span class='ocrx_word' id='word_1_251' title='bbox 2102 669 2222 721; x_wconf 65' lang='lat' dir='ltr'><strong>quae</strong></span> <span class='ocrx_word' id='word_1_252' title='bbox 2243 653 2441 708; x_wconf 90' lang='lat' dir='ltr'><strong>dicitur</strong></span> <span class='ocrx_word' id='word_1_253' title='bbox 2465 649 2674 715; x_wconf 84' lang='lat' dir='ltr'><strong>Jacobi,</strong></span> <span class='ocrx_word' id='word_1_254' title='bbox 2705 661 2758 705; x_wconf 89' lang='lat' dir='ltr'><strong>et</strong></span> <span class='ocrx_word' id='word_1_255' title='bbox 2788 665 2907 719; x_wconf 65' lang='lat' dir='ltr'><strong>quae</strong></span> <span class='ocrx_word' id='word_1_256' title='bbox 2930 648 3103 715; x_wconf 82' lang='lat' dir='ltr'><strong>Judac,</strong></span> <span class='ocrx_word' id='word_1_257' title='bbox 3137 661 3191 705; x_wconf 85' lang='lat' dir='ltr'><strong>et</strong></span> <span class='ocrx_word' id='word_1_258' title='bbox 3218 650 3459 706; x_wconf 86' lang='lat' dir='ltr'><strong>secunda</strong></span> <span class='ocrx_word' id='word_1_259' title='bbox 3486 649 3671 715; x_wconf 89' lang='lat' dir='ltr'><strong>Petri;</strong></span> 
     </span>
    </p>
   </div>
   <div class='ocr_carea' id='block_1_37' title="bbox 2101 741 3676 812">
    <p class='ocr_par' dir='ltr' id='par_1_37' title="bbox 2101 741 3676 812">
     <span class='ocr_line' id='line_1_37' title="bbox 2101 741 3676 812; baseline -0.002 -12"><span class='ocrx_word' id='word_1_260' title='bbox 2101 744 2328 800; x_wconf 80' lang='lat' dir='ltr'><strong>Joannis</strong></span> <span class='ocrx_word' id='word_1_261' title='bbox 2360 745 2487 797; x_wconf 98' lang='lat' dir='ltr'><strong>item</strong></span> <span class='ocrx_word' id='word_1_262' title='bbox 2540 744 2710 797; x_wconf 89' lang='lat' dir='ltr'><strong>altera</strong></span> <span class='ocrx_word' id='word_1_263' title='bbox 2752 753 2806 799; x_wconf 89' lang='lat' dir='ltr'><strong>et</strong></span> <span class='ocrx_word' id='word_1_264' title='bbox 2837 745 3016 804; x_wconf 84' lang='lat' dir='ltr'><strong>tertia.</strong></span> <span class='ocrx_word' id='word_1_265' title='bbox 3069 743 3183 797; x_wconf 85' lang='lat' dir='ltr'><strong>sive</strong></span> <span class='ocrx_word' id='word_1_266' title='bbox 3209 741 3315 797; x_wconf 59' lang='lat' dir='ltr'><strong>illa:</strong></span> <span class='ocrx_word' id='word_1_267' title='bbox 3347 741 3416 796; x_wconf 90' lang='lat' dir='ltr'><strong>ab</strong></span> <span class='ocrx_word' id='word_1_268' title='bbox 3440 741 3558 812; x_wconf 90' lang='lat' dir='ltr'><strong>ipso</strong></span> <span class='ocrx_word' id='word_1_269' title='bbox 3587 756 3676 797; x_wconf 88' lang='lat' dir='ltr'><strong>re-</strong></span> 
     </span>
    </p>
   </div>
   <div class='ocr_carea' id='block_1_38' title="bbox 2106 832 3675 903">
    <p class='ocr_par' dir='ltr' id='par_1_38' title="bbox 2106 832 3675 903">
     <span class='ocr_line' id='line_1_38' title="bbox 2106 832 3675 903; baseline 0.004 -21"><span class='ocrx_word' id='word_1_270' title='bbox 2106 849 2231 888; x_wconf 77' lang='lat' dir='ltr'><strong>vera</strong></span> <span class='ocrx_word' id='word_1_271' title='bbox 2279 833 2633 903; x_wconf 69' lang='lat' dir='ltr'><strong>evangelista,</strong></span> <span class='ocrx_word' id='word_1_272' title='bbox 2669 832 2785 887; x_wconf 84' lang='lat' dir='ltr'><strong>sive</strong></span> <span class='ocrx_word' id='word_1_273' title='bbox 2817 833 2887 888; x_wconf 88' lang='lat' dir='ltr'><strong>ab</strong></span> <span class='ocrx_word' id='word_1_274' title='bbox 2935 833 3108 888; x_wconf 88' lang='lat' dir='ltr'><strong>altero</strong></span> <span class='ocrx_word' id='word_1_275' title='bbox 3145 832 3390 902; x_wconf 82' lang='lat' dir='ltr'><strong>ejusdem</strong></span> <span class='ocrx_word' id='word_1_276' title='bbox 3436 832 3675 888; x_wconf 87' lang='lat' dir='ltr'><strong>nominis</strong></span> 
     </span>
    </p>
   </div>
   <div class='ocr_carea' id='block_1_39' title="bbox 2103 922 3674 993">
    <p class='ocr_par' dir='ltr' id='par_1_39' title="bbox 2103 922 3674 993">
     <span class='ocr_line' id='line_1_39' title="bbox 2103 922 3674 993; baseline -0.001 -14"><span class='ocrx_word' id='word_1_277' title='bbox 2103 923 2419 993; x_wconf 72' lang='lat' dir='ltr'><strong>compositae</strong></span> <span class='ocrx_word' id='word_1_278' title='bbox 2457 932 2605 976; x_wconf 91' lang='lat' dir='ltr'><strong>sunt.</strong></span> <span class='ocrx_word' id='word_1_279' title='bbox 2663 922 2765 977; x_wconf 88' lang='lat' dir='ltr'><strong>Pro</strong></span> <span class='ocrx_word' id='word_1_280' title='bbox 2818 923 3023 993; x_wconf 89' lang='lat' dir='ltr'><strong>spuriis</strong></span> <span class='ocrx_word' id='word_1_281' title='bbox 3077 922 3315 978; x_wconf 83' lang='lat' dir='ltr'><strong>habendi</strong></span> <span class='ocrx_word' id='word_1_282' title='bbox 3355 922 3674 978; x_wconf 90' lang='lat' dir='ltr'><strong>suntctiam</strong></span> 
     </span>
    </p>
   </div>
   <div class='ocr_carea' id='block_1_40' title="bbox 2106 1013 3676 1086">
    <p class='ocr_par' dir='ltr' id='par_1_40' title="bbox 2106 1013 3676 1086">
     <span class='ocr_line' id='line_1_40' title="bbox 2106 1013 3676 1086; baseline 0.001 -17"><span class='ocrx_word' id='word_1_283' title='bbox 2106 1017 2266 1069; x_wconf 80' lang='lat' dir='ltr'><strong>Actus</strong></span> <span class='ocrx_word' id='word_1_284' title='bbox 2298 1013 2483 1074; x_wconf 83' lang='lat' dir='ltr'><strong>Pauli.</strong></span> <span class='ocrx_word' id='word_1_285' title='bbox 2534 1026 2588 1068; x_wconf 84' lang='lat' dir='ltr'><strong>et</strong></span> <span class='ocrx_word' id='word_1_286' title='bbox 2634 1013 2768 1068; x_wconf 90' lang='lat' dir='ltr'><strong>liber</strong></span> <span class='ocrx_word' id='word_1_287' title='bbox 2802 1013 3041 1069; x_wconf 84' lang='lat' dir='ltr'><strong>Pastoris</strong></span> <span class='ocrx_word' id='word_1_288' title='bbox 3078 1015 3232 1069; x_wconf 90' lang='lat' dir='ltr'><strong>titulo</strong></span> <span class='ocrx_word' id='word_1_289' title='bbox 3261 1015 3578 1086; x_wconf 89' lang='lat' dir='ltr'><strong>inscriptus,</strong></span> <span class='ocrx_word' id='word_1_290' title='bbox 3618 1022 3676 1071; x_wconf 86' lang='lat' dir='ltr'><strong>ct</strong></span> 
     </span>
    </p>
   </div>
   <div class='ocr_carea' id='block_1_41' title="bbox 2111 1103 3675 1176">
    <p class='ocr_par' dir='ltr' id='par_1_41' title="bbox 2111 1103 3675 1176">
     <span class='ocr_line' id='line_1_41' title="bbox 2111 1103 3675 1176; baseline 0.003 -19"><span class='ocrx_word' id='word_1_291' title='bbox 2111 1105 2374 1159; x_wconf 76' lang='lat' dir='ltr'><strong>Iievelatio</strong></span> <span class='ocrx_word' id='word_1_292' title='bbox 2398 1104 2586 1161; x_wconf 83' lang='lat' dir='ltr'><strong>Petri:</strong></span> <span class='ocrx_word' id='word_1_293' title='bbox 2618 1103 2885 1160; x_wconf 65' lang='lat' dir='ltr'><strong>Barnabm</strong></span> <span class='ocrx_word' id='word_1_294' title='bbox 2911 1104 3041 1161; x_wconf 88' lang='lat' dir='ltr'><strong>item</strong></span> <span class='ocrx_word' id='word_1_295' title='bbox 3072 1104 3316 1175; x_wconf 82' lang='lat' dir='ltr'><strong>epistola,</strong></span> <span class='ocrx_word' id='word_1_296' title='bbox 3355 1115 3411 1161; x_wconf 90' lang='lat' dir='ltr'><strong>et</strong></span> <span class='ocrx_word' id='word_1_297' title='bbox 3435 1120 3557 1176; x_wconf 64' lang='lat' dir='ltr'><strong>quae</strong></span> <span class='ocrx_word' id='word_1_298' title='bbox 3588 1106 3675 1161; x_wconf 76' lang='lat' dir='ltr'><strong>di-</strong></span> 
     </span>
    </p>
   </div>
   <div class='ocr_carea' id='block_1_42' title="bbox 2106 1196 3675 1267">
    <p class='ocr_par' dir='ltr' id='par_1_42' title="bbox 2106 1196 3675 1267">
     <span class='ocr_line' id='line_1_42' title="bbox 2106 1196 3675 1267; baseline 0.002 -17"><span class='ocrx_word' id='word_1_299' title='bbox 2106 1209 2301 1251; x_wconf 82' lang='lat' dir='ltr'><strong>runtur</strong></span> <span class='ocrx_word' id='word_1_300' title='bbox 2334 1197 2700 1252; x_wconf 70' lang='lat' dir='ltr'><strong>Institutione:</strong></span> <span class='ocrx_word' id='word_1_301' title='bbox 2740 1201 3122 1265; x_wconf 71' lang='lat' dir='ltr'><strong>apostolorum.</strong></span> <span class='ocrx_word' id='word_1_302' title='bbox 3177 1196 3273 1252; x_wconf 86' lang='lat' dir='ltr'><strong>His</strong></span> <span class='ocrx_word' id='word_1_303' title='bbox 3319 1196 3576 1267; x_wconf 75' lang='lat' dir='ltr'><strong>adiunge,</strong></span> <span class='ocrx_word' id='word_1_304' title='bbox 3625 1197 3675 1253; x_wconf 85' lang='lat' dir='ltr'><strong>si</strong></span> 
     </span>
    </p>
   </div>
   <div class='ocr_carea' id='block_1_43' title="bbox 2106 1287 3678 1357">
    <p class='ocr_par' dir='ltr' id='par_1_43' title="bbox 2106 1287 3678 1357">
     <span class='ocr_line' id='line_1_43' title="bbox 2106 1287 3678 1357; baseline 0.001 -15"><span class='ocrx_word' id='word_1_305' title='bbox 2106 1289 2273 1353; x_wconf 80' lang='lat' dir='ltr'><strong>lubet,</strong></span> <span class='ocrx_word' id='word_1_306' title='bbox 2320 1287 2543 1343; x_wconf 81' lang='lat' dir='ltr'><strong>Joannis</strong></span> <span class='ocrx_word' id='word_1_307' title='bbox 2598 1289 3032 1351; x_wconf 81' lang='lat' dir='ltr'><strong>Revelationem,</strong></span> <span class='ocrx_word' id='word_1_308' title='bbox 3081 1303 3242 1357; x_wconf 92' lang='lat' dir='ltr'><strong>quam</strong></span> <span class='ocrx_word' id='word_1_309' title='bbox 3294 1290 3562 1353; x_wconf 89' lang='lat' dir='ltr'><strong>nonnulli,</strong></span> <span class='ocrx_word' id='word_1_310' title='bbox 3616 1299 3678 1345; x_wconf 91' lang='lat' dir='ltr'><strong>ut</strong></span> 
     </span>
    </p>
   </div>
   <div class='ocr_carea' id='block_1_44' title="bbox 2108 1379 3675 1454">
    <p class='ocr_par' dir='ltr' id='par_1_44' title="bbox 2108 1379 3675 1454">
     <span class='ocr_line' id='line_1_44' title="bbox 2108 1379 3675 1454; baseline 0.004 -21"><span class='ocrx_word' id='word_1_311' title='bbox 2108 1383 2358 1449; x_wconf 75' lang='lat' dir='ltr'><strong>superius</strong></span> <span class='ocrx_word' id='word_1_312' title='bbox 2408 1381 2545 1445; x_wconf 83' lang='lat' dir='ltr'><strong>dixi,</strong></span> <span class='ocrx_word' id='word_1_313' title='bbox 2599 1395 2665 1434; x_wconf 85' lang='lat' dir='ltr'><strong>ex</strong></span> <span class='ocrx_word' id='word_1_314' title='bbox 2714 1380 2836 1436; x_wconf 89' lang='lat' dir='ltr'><strong>albo</strong></span> <span class='ocrx_word' id='word_1_315' title='bbox 2887 1379 3292 1450; x_wconf 89' lang='lat' dir='ltr'><strong>Scripturarum</strong></span> <span class='ocrx_word' id='word_1_316' title='bbox 3334 1394 3675 1454; x_wconf 82' lang='lat' dir='ltr'><strong>expungunt,</strong></span> 
     </span>
    </p>
   </div>
   <div class='ocr_carea' id='block_1_45' title="bbox 2106 1472 3677 1542">
    <p class='ocr_par' dir='ltr' id='par_1_45' title="bbox 2106 1472 3677 1542">
     <span class='ocr_line' id='line_1_45' title="bbox 2106 1472 3677 1542; baseline 0.003 -16"><span class='ocrx_word' id='word_1_317' title='bbox 2106 1473 2196 1526; x_wconf 96' lang='lat' dir='ltr'><strong>alii</strong></span> <span class='ocrx_word' id='word_1_318' title='bbox 2225 1474 2366 1527; x_wconf 84' lang='lat' dir='ltr'><strong>inter</strong></span> <span class='ocrx_word' id='word_1_319' title='bbox 2409 1472 2579 1526; x_wconf 88' lang='lat' dir='ltr'><strong>libros</strong></span> <span class='ocrx_word' id='word_1_320' title='bbox 2614 1472 2857 1526; x_wconf 90' lang='lat' dir='ltr'><strong>omnium</strong></span> <span class='ocrx_word' id='word_1_321' title='bbox 2890 1488 3159 1529; x_wconf 90' lang='lat' dir='ltr'><strong>consensu</strong></span> <span class='ocrx_word' id='word_1_322' title='bbox 3187 1473 3448 1542; x_wconf 89' lang='lat' dir='ltr'><strong>probatos</strong></span> <span class='ocrx_word' id='word_1_323' title='bbox 3496 1491 3677 1531; x_wconf 89' lang='lat' dir='ltr'><strong>annu-</strong></span> 
     </span>
    </p>
   </div>
   <div class='ocr_carea' id='block_1_46' title="bbox 2107 1565 3681 1640">
    <p class='ocr_par' dir='ltr' id='par_1_46' title="bbox 2107 1565 3681 1640">
     <span class='ocr_line' id='line_1_46' title="bbox 2107 1565 3681 1640; baseline 0.007 -23"><span class='ocrx_word' id='word_1_324' title='bbox 2107 1574 2340 1622; x_wconf 89' lang='lat' dir='ltr'><strong>merant.</strong></span> <span class='ocrx_word' id='word_1_325' title='bbox 2368 1565 2473 1622; x_wconf 89' lang='lat' dir='ltr'><strong>Sed</strong></span> <span class='ocrx_word' id='word_1_326' title='bbox 2503 1576 2556 1622; x_wconf 91' lang='lat' dir='ltr'><strong>et</strong></span> <span class='ocrx_word' id='word_1_327' title='bbox 2583 1568 2637 1621; x_wconf 92' lang='lat' dir='ltr'><strong>in</strong></span> <span class='ocrx_word' id='word_1_328' title='bbox 2668 1569 2921 1622; x_wconf 88' lang='lat' dir='ltr'><strong>eumdem</strong></span> <span class='ocrx_word' id='word_1_329' title='bbox 2970 1567 3218 1624; x_wconf 86' lang='lat' dir='ltr'><strong>ordinem</strong></span> <span class='ocrx_word' id='word_1_330' title='bbox 3244 1568 3363 1639; x_wconf 89' lang='lat' dir='ltr'><strong>jam</strong></span> <span class='ocrx_word' id='word_1_331' title='bbox 3395 1586 3423 1624; x_wconf 92' lang='lat' dir='ltr'><strong>a</strong></span> <span class='ocrx_word' id='word_1_332' title='bbox 3452 1572 3681 1640; x_wconf 90' lang='lat' dir='ltr'><strong>quibus-</strong></span> 
     </span>
    </p>
   </div>
   <div class='ocr_carea' id='block_1_47' title="bbox 2106 1656 3676 1732">
    <p class='ocr_par' dir='ltr' id='par_1_47' title="bbox 2106 1656 3676 1732">
     <span class='ocr_line' id='line_1_47' title="bbox 2106 1656 3676 1732; baseline 0.007 -23"><span class='ocrx_word' id='word_1_333' title='bbox 2106 1659 2227 1710; x_wconf 85' lang='lat' dir='ltr'><strong>dam</strong></span> <span class='ocrx_word' id='word_1_334' title='bbox 2263 1656 2494 1712; x_wconf 90' lang='lat' dir='ltr'><strong>relatum</strong></span> <span class='ocrx_word' id='word_1_335' title='bbox 2530 1665 2613 1713; x_wconf 88' lang='lat' dir='ltr'><strong>est</strong></span> <span class='ocrx_word' id='word_1_336' title='bbox 2674 1657 3023 1729; x_wconf 76' lang='lat' dir='ltr'><strong>Evangelium</strong></span> <span class='ocrx_word' id='word_1_337' title='bbox 3079 1662 3368 1715; x_wconf 78' lang='lat' dir='ltr'><strong>secundum</strong></span> <span class='ocrx_word' id='word_1_338' title='bbox 3398 1660 3676 1732; x_wconf 75' lang='lat' dir='ltr'><strong>Hebr-tros,</strong></span> 
     </span>
    </p>
   </div>
   <div class='ocr_carea' id='block_1_48' title="bbox 2106 1749 3679 1824">
    <p class='ocr_par' dir='ltr' id='par_1_48' title="bbox 2106 1749 3679 1824">
     <span class='ocr_line' id='line_1_48' title="bbox 2106 1749 3679 1824; baseline 0.007 -25"><span class='ocrx_word' id='word_1_339' title='bbox 2106 1765 2216 1820; x_wconf 84' lang='lat' dir='ltr'><strong>quo</strong></span> <span class='ocrx_word' id='word_1_340' title='bbox 2251 1750 2487 1805; x_wconf 72' lang='lat' dir='ltr'><strong>maxime</strong></span> <span class='ocrx_word' id='word_1_341' title='bbox 2516 1749 2855 1806; x_wconf 89' lang='lat' dir='ltr'><strong>delectantur</strong></span> <span class='ocrx_word' id='word_1_342' title='bbox 2890 1750 3104 1807; x_wconf 61' lang='lat' dir='ltr'><strong>Hebraei</strong></span> <span class='ocrx_word' id='word_1_343' title='bbox 3138 1752 3212 1807; x_wconf 90' lang='lat' dir='ltr'><strong>illi</strong></span> <span class='ocrx_word' id='word_1_344' title='bbox 3245 1755 3341 1824; x_wconf 88' lang='lat' dir='ltr'><strong>qui</strong></span> <span class='ocrx_word' id='word_1_345' title='bbox 3379 1754 3583 1811; x_wconf 90' lang='lat' dir='ltr'><strong>Christi</strong></span> <span class='ocrx_word' id='word_1_346' title='bbox 3614 1756 3679 1810; x_wconf 84' lang='lat' dir='ltr'><strong>li-</strong></span> 
     </span>
    </p>
   </div>
   <div class='ocr_carea' id='block_1_49' title="bbox 2106 1842 3676 1912">
    <p class='ocr_par' dir='ltr' id='par_1_49' title="bbox 2106 1842 3676 1912">
     <span class='ocr_line' id='line_1_49' title="bbox 2106 1842 3676 1912; baseline 0.005 -18"><span class='ocrx_word' id='word_1_347' title='bbox 2106 1842 2227 1894; x_wconf 88' lang='lat' dir='ltr'><strong>dem</strong></span> <span class='ocrx_word' id='word_1_348' title='bbox 2258 1851 2632 1911; x_wconf 82' lang='lat' dir='ltr'><strong>susceperunt.</strong></span> <span class='ocrx_word' id='word_1_349' title='bbox 2666 1843 2844 1912; x_wconf 81' lang='lat' dir='ltr'><strong>Atque</strong></span> <span class='ocrx_word' id='word_1_350' title='bbox 2871 1844 2923 1898; x_wconf 93' lang='lat' dir='ltr'><strong>hi</strong></span> <span class='ocrx_word' id='word_1_351' title='bbox 2956 1854 3086 1899; x_wconf 91' lang='lat' dir='ltr'><strong>sunt</strong></span> <span class='ocrx_word' id='word_1_352' title='bbox 3114 1845 3235 1901; x_wconf 88' lang='lat' dir='ltr'><strong>libri</strong></span> <span class='ocrx_word' id='word_1_353' title='bbox 3254 1846 3345 1910; x_wconf 88' lang='lat' dir='ltr'><strong>qui</strong></span> <span class='ocrx_word' id='word_1_354' title='bbox 3373 1847 3427 1903; x_wconf 91' lang='lat' dir='ltr'><strong>in</strong></span> <span class='ocrx_word' id='word_1_355' title='bbox 3454 1848 3676 1904; x_wconf 88' lang='lat' dir='ltr'><strong>dubium</strong></span> 
     </span>
    </p>
   </div>
   <div class='ocr_carea' id='block_1_50' title="bbox 2107 1933 3680 1998">
    <p class='ocr_par' dir='ltr' id='par_1_50' title="bbox 2107 1933 3680 1998">
     <span class='ocr_line' id='line_1_50' title="bbox 2107 1933 3680 1998; baseline 0.01 -16"><span class='ocrx_word' id='word_1_356' title='bbox 2107 1941 2451 1987; x_wconf 76' lang='lat' dir='ltr'><strong>revocantur.</strong></span> <span class='ocrx_word' id='word_1_357' title='bbox 2503 1933 2742 1998; x_wconf 88' lang='lat' dir='ltr'><strong>Quorum</strong></span> <span class='ocrx_word' id='word_1_358' title='bbox 2770 1944 2947 1988; x_wconf 90' lang='lat' dir='ltr'><strong>tamen</strong></span> <span class='ocrx_word' id='word_1_359' title='bbox 2992 1936 3225 1991; x_wconf 88' lang='lat' dir='ltr'><strong>indicem</strong></span> <span class='ocrx_word' id='word_1_360' title='bbox 3273 1948 3567 1995; x_wconf 75' lang='lat' dir='ltr'><strong>contexere</strong></span> <span class='ocrx_word' id='word_1_361' title='bbox 3596 1942 3680 1996; x_wconf 91' lang='lat' dir='ltr'><strong>id-</strong></span> 
     </span>
    </p>
   </div>
   <div class='ocr_carea' id='block_1_51' title="bbox 2108 2022 3678 2092">
    <p class='ocr_par' dir='ltr' id='par_1_51' title="bbox 2108 2022 3678 2092">
     <span class='ocr_line' id='line_1_51' title="bbox 2108 2022 3678 2092; baseline 0.006 -18"><span class='ocrx_word' id='word_1_362' title='bbox 2108 2022 2254 2077; x_wconf 82' lang='lat' dir='ltr'><strong>circo</strong></span> <span class='ocrx_word' id='word_1_363' title='bbox 2277 2024 2648 2077; x_wconf 87' lang='lat' dir='ltr'><strong>necessarium</strong></span> <span class='ocrx_word' id='word_1_364' title='bbox 2680 2023 2886 2092; x_wconf 76' lang='lat' dir='ltr'><strong>putavi,</strong></span> <span class='ocrx_word' id='word_1_365' title='bbox 2918 2033 2976 2077; x_wconf 92' lang='lat' dir='ltr'><strong>ut</strong></span> <span class='ocrx_word' id='word_1_366' title='bbox 3000 2040 3121 2079; x_wconf 92' lang='lat' dir='ltr'><strong>cum</strong></span> <span class='ocrx_word' id='word_1_367' title='bbox 3155 2040 3222 2081; x_wconf 78' lang='lat' dir='ltr'><strong>ex</strong></span> <span class='ocrx_word' id='word_1_368' title='bbox 3255 2026 3516 2083; x_wconf 82' lang='lat' dir='ltr'><strong>Ecclesiae</strong></span> <span class='ocrx_word' id='word_1_369' title='bbox 3559 2036 3678 2083; x_wconf 77' lang='lat' dir='ltr'><strong>tra-</strong></span> 
     </span>
    </p>
   </div>
   <div class='ocr_carea' id='block_1_52' title="bbox 2109 2113 3674 2184">
    <p class='ocr_par' dir='ltr' id='par_1_52' title="bbox 2109 2113 3674 2184">
     <span class='ocr_line' id='line_1_52' title="bbox 2109 2113 3674 2184; baseline 0.006 -18"><span class='ocrx_word' id='word_1_370' title='bbox 2109 2113 2334 2178; x_wconf 88' lang='lat' dir='ltr'><strong>ditione,</strong></span> <span class='ocrx_word' id='word_1_371' title='bbox 2368 2129 2530 2169; x_wconf 84' lang='lat' dir='ltr'><strong>veras</strong></span> <span class='ocrx_word' id='word_1_372' title='bbox 2560 2129 2623 2168; x_wconf 89' lang='lat' dir='ltr'><strong>ac</strong></span> <span class='ocrx_word' id='word_1_373' title='bbox 2651 2115 2895 2169; x_wconf 82' lang='lat' dir='ltr'><strong>sinceras</strong></span> <span class='ocrx_word' id='word_1_374' title='bbox 2947 2114 3286 2184; x_wconf 89' lang='lat' dir='ltr'><strong>Scripturas,</strong></span> <span class='ocrx_word' id='word_1_375' title='bbox 3334 2127 3391 2174; x_wconf 92' lang='lat' dir='ltr'><strong>et</strong></span> <span class='ocrx_word' id='word_1_376' title='bbox 3428 2121 3674 2175; x_wconf 89' lang='lat' dir='ltr'><strong>omnium</strong></span> 
     </span>
    </p>
   </div>
   <div class='ocr_carea' id='block_1_53' title="bbox 2108 2207 3680 2282">
    <p class='ocr_par' dir='ltr' id='par_1_53' title="bbox 2108 2207 3680 2282">
     <span class='ocr_line' id='line_1_53' title="bbox 2108 2207 3680 2282; baseline 0.006 -23"><span class='ocrx_word' id='word_1_377' title='bbox 2108 2220 2376 2261; x_wconf 89' lang='lat' dir='ltr'><strong>consensu</strong></span> <span class='ocrx_word' id='word_1_378' title='bbox 2408 2209 2690 2276; x_wconf 88' lang='lat' dir='ltr'><strong>probatas,</strong></span> <span class='ocrx_word' id='word_1_379' title='bbox 2722 2207 2793 2262; x_wconf 89' lang='lat' dir='ltr'><strong>ab</strong></span> <span class='ocrx_word' id='word_1_380' title='bbox 2825 2207 2895 2262; x_wconf 91' lang='lat' dir='ltr'><strong>iis</strong></span> <span class='ocrx_word' id='word_1_381' title='bbox 2929 2208 3365 2276; x_wconf 84' lang='lat' dir='ltr'><strong>distinxerimus,</strong></span> <span class='ocrx_word' id='word_1_382' title='bbox 3421 2227 3543 2282; x_wconf 64' lang='lat' dir='ltr'><strong>quae</strong></span> <span class='ocrx_word' id='word_1_383' title='bbox 3578 2213 3680 2269; x_wconf 87' lang='lat' dir='ltr'><strong>du-</strong></span> 
     </span>
    </p>
   </div>
   <div class='ocr_carea' id='block_1_54' title="bbox 2105 2298 3679 2367">
    <p class='ocr_par' dir='ltr' id='par_1_54' title="bbox 2105 2298 3679 2367">
     <span class='ocr_line' id='line_1_54' title="bbox 2105 2298 3679 2367; baseline 0.005 -14"><span class='ocrx_word' id='word_1_384' title='bbox 2105 2298 2209 2353; x_wconf 83' lang='lat' dir='ltr'><strong>biae</strong></span> <span class='ocrx_word' id='word_1_385' title='bbox 2236 2298 2449 2367; x_wconf 80' lang='lat' dir='ltr'><strong>quidem</strong></span> <span class='ocrx_word' id='word_1_386' title='bbox 2476 2298 2821 2353; x_wconf 80' lang='lat' dir='ltr'><strong>auctoritatis</strong></span> <span class='ocrx_word' id='word_1_387' title='bbox 2864 2308 3014 2366; x_wconf 88' lang='lat' dir='ltr'><strong>sunt,</strong></span> <span class='ocrx_word' id='word_1_388' title='bbox 3058 2315 3163 2357; x_wconf 89' lang='lat' dir='ltr'><strong>nec</strong></span> <span class='ocrx_word' id='word_1_389' title='bbox 3204 2301 3256 2356; x_wconf 90' lang='lat' dir='ltr'><strong>in</strong></span> <span class='ocrx_word' id='word_1_390' title='bbox 3301 2301 3440 2359; x_wconf 88' lang='lat' dir='ltr'><strong>Novi</strong></span> <span class='ocrx_word' id='word_1_391' title='bbox 3489 2302 3679 2361; x_wconf 86' lang='lat' dir='ltr'><strong>Testa-</strong></span> 
     </span>
    </p>
   </div>
   <div class='ocr_carea' id='block_1_55' title="bbox 2108 2388 3677 2463">
    <p class='ocr_par' dir='ltr' id='par_1_55' title="bbox 2108 2388 3677 2463">
     <span class='ocr_line' id='line_1_55' title="bbox 2108 2388 3677 2463; baseline 0.006 -22"><span class='ocrx_word' id='word_1_392' title='bbox 2108 2390 2273 2444; x_wconf 88' lang='lat' dir='ltr'><strong>menti</strong></span> <span class='ocrx_word' id='word_1_393' title='bbox 2308 2405 2504 2458; x_wconf 89' lang='lat' dir='ltr'><strong>corpus</strong></span> <span class='ocrx_word' id='word_1_394' title='bbox 2535 2389 2738 2454; x_wconf 67' lang='lat' dir='ltr'><strong>relatae,</strong></span> <span class='ocrx_word' id='word_1_395' title='bbox 2774 2403 2804 2443; x_wconf 88' lang='lat' dir='ltr'><strong>a</strong></span> <span class='ocrx_word' id='word_1_396' title='bbox 2845 2388 3121 2463; x_wconf 87' lang='lat' dir='ltr'><strong>plerisque</strong></span> <span class='ocrx_word' id='word_1_397' title='bbox 3186 2399 3365 2449; x_wconf 88' lang='lat' dir='ltr'><strong>tamen</strong></span> <span class='ocrx_word' id='word_1_398' title='bbox 3407 2394 3677 2450; x_wconf 85' lang='lat' dir='ltr'><strong>ecclesia-</strong></span> 
     </span>
    </p>
   </div>
   <div class='ocr_carea' id='block_1_56' title="bbox 2111 2477 3678 2548">
    <p class='ocr_par' dir='ltr' id='par_1_56' title="bbox 2111 2477 3678 2548">
     <span class='ocr_line' id='line_1_56' title="bbox 2111 2477 3678 2548; baseline 0.003 -14"><span class='ocrx_word' id='word_1_399' title='bbox 2111 2478 2263 2534; x_wconf 89' lang='lat' dir='ltr'><strong>sticis</strong></span> <span class='ocrx_word' id='word_1_400' title='bbox 2289 2477 2648 2548; x_wconf 87' lang='lat' dir='ltr'><strong>scriptoribus</strong></span> <span class='ocrx_word' id='word_1_401' title='bbox 2682 2486 3051 2547; x_wconf 77' lang='lat' dir='ltr'><strong>agnoscuntur</strong></span> <span class='ocrx_word' id='word_1_402' title='bbox 3075 2495 3089 2532; x_wconf 92' lang='lat'>:</span> <span class='ocrx_word' id='word_1_403' title='bbox 3113 2478 3217 2535; x_wconf 89' lang='lat' dir='ltr'><strong>hoc</strong></span> <span class='ocrx_word' id='word_1_404' title='bbox 3244 2480 3405 2537; x_wconf 88' lang='lat' dir='ltr'><strong>modo</strong></span> <span class='ocrx_word' id='word_1_405' title='bbox 3437 2491 3545 2537; x_wconf 91' lang='lat' dir='ltr'><strong>tum</strong></span> <span class='ocrx_word' id='word_1_406' title='bbox 3577 2484 3678 2539; x_wconf 84' lang='lat' dir='ltr'><strong>hos</strong></span> 
     </span>
    </p>
   </div>
   <div class='ocr_carea' id='block_1_57' title="bbox 2107 2569 3679 2641">
    <p class='ocr_par' dir='ltr' id='par_1_57' title="bbox 2107 2569 3679 2641">
     <span class='ocr_line' id='line_1_57' title="bbox 2107 2569 3679 2641; baseline 0.002 -15"><span class='ocrx_word' id='word_1_407' title='bbox 2107 2571 2255 2640; x_wconf 90' lang='lat' dir='ltr'><strong>ipsos</strong></span> <span class='ocrx_word' id='word_1_408' title='bbox 2291 2571 2455 2626; x_wconf 88' lang='lat' dir='ltr'><strong>libros</strong></span> <span class='ocrx_word' id='word_1_409' title='bbox 2481 2569 2700 2625; x_wconf 83' lang='lat' dir='ltr'><strong>facilius</strong></span> <span class='ocrx_word' id='word_1_410' title='bbox 2731 2570 3049 2631; x_wconf 65' lang='lat' dir='ltr'><strong>dignoscere</strong></span> <span class='ocrx_word' id='word_1_411' title='bbox 3079 2572 3372 2641; x_wconf 86' lang='lat' dir='ltr'><strong>possimus,</strong></span> <span class='ocrx_word' id='word_1_412' title='bbox 3399 2584 3511 2628; x_wconf 89' lang='lat' dir='ltr'><strong>tum</strong></span> <span class='ocrx_word' id='word_1_413' title='bbox 3541 2574 3679 2630; x_wconf 84' lang='lat' dir='ltr'><strong>alios</strong></span> 
     </span>
    </p>
   </div>
   <div class='ocr_carea' id='block_1_58' title="bbox 2107 2660 3679 2735">
    <p class='ocr_par' dir='ltr' id='par_1_58' title="bbox 2107 2660 3679 2735">
     <span class='ocr_line' id='line_1_58' title="bbox 2107 2660 3679 2735; baseline 0.004 -20"><span class='ocrx_word' id='word_1_414' title='bbox 2107 2661 2209 2715; x_wconf 87' lang='lat' dir='ltr'><strong>sub</strong></span> <span class='ocrx_word' id='word_1_415' title='bbox 2239 2660 2610 2728; x_wconf 83' lang='lat' dir='ltr'><strong>apostolorum</strong></span> <span class='ocrx_word' id='word_1_416' title='bbox 2672 2660 2893 2716; x_wconf 82' lang='lat' dir='ltr'><strong>nomine</strong></span> <span class='ocrx_word' id='word_1_417' title='bbox 2933 2661 3002 2717; x_wconf 84' lang='lat' dir='ltr'><strong>ab</strong></span> <span class='ocrx_word' id='word_1_418' title='bbox 3053 2662 3325 2719; x_wconf 80' lang='lat' dir='ltr'><strong>haereticis</strong></span> <span class='ocrx_word' id='word_1_419' title='bbox 3375 2665 3679 2735; x_wconf 77' lang='lat' dir='ltr'><strong>evulgatus,</strong></span> 
     </span>
    </p>
   </div>
   <div class='ocr_carea' id='block_1_59' title="bbox 2108 2751 3677 2824">
    <p class='ocr_par' dir='ltr' id='par_1_59' title="bbox 2108 2751 3677 2824">
     <span class='ocr_line' id='line_1_59' title="bbox 2108 2751 3677 2824; baseline 0.005 -19"><span class='ocrx_word' id='word_1_420' title='bbox 2108 2753 2202 2823; x_wconf 86' lang='lat' dir='ltr'><strong>qui</strong></span> <span class='ocrx_word' id='word_1_421' title='bbox 2241 2751 2410 2820; x_wconf 89' lang='lat' dir='ltr'><strong>Petri,</strong></span> <span class='ocrx_word' id='word_1_422' title='bbox 2448 2753 2690 2815; x_wconf 83' lang='lat' dir='ltr'><strong>Thomae,</strong></span> <span class='ocrx_word' id='word_1_423' title='bbox 2727 2752 2989 2816; x_wconf 63' lang='lat' dir='ltr'><strong>Matthiae,</strong></span> <span class='ocrx_word' id='word_1_424' title='bbox 3022 2764 3076 2809; x_wconf 94' lang='lat' dir='ltr'><strong>et</strong></span> <span class='ocrx_word' id='word_1_425' title='bbox 3126 2757 3489 2824; x_wconf 88' lang='lat' dir='ltr'><strong>quorumdam</strong></span> <span class='ocrx_word' id='word_1_426' title='bbox 3541 2757 3677 2813; x_wconf 88' lang='lat' dir='ltr'><strong>alio-</strong></span> 
     </span>
    </p>
   </div>
   <div class='ocr_carea' id='block_1_60' title="bbox 2109 2843 3684 2918">
    <p class='ocr_par' dir='ltr' id='par_1_60' title="bbox 2109 2843 3684 2918">
     <span class='ocr_line' id='line_1_60' title="bbox 2109 2843 3684 2918; baseline 0.004 -20"><span class='ocrx_word' id='word_1_427' title='bbox 2109 2861 2226 2898; x_wconf 91' lang='lat' dir='ltr'><strong>rum</strong></span> <span class='ocrx_word' id='word_1_428' title='bbox 2260 2843 2566 2916; x_wconf 76' lang='lat' dir='ltr'><strong>Evangelia,</strong></span> <span class='ocrx_word' id='word_1_429' title='bbox 2595 2845 2827 2902; x_wconf 70' lang='lat' dir='ltr'><strong>Andretc</strong></span> <span class='ocrx_word' id='word_1_430' title='bbox 2851 2861 3086 2918; x_wconf 86' lang='lat' dir='ltr'><strong>quoque,</strong></span> <span class='ocrx_word' id='word_1_431' title='bbox 3136 2847 3383 2913; x_wconf 83' lang='lat' dir='ltr'><strong>Joannis,</strong></span> <span class='ocrx_word' id='word_1_432' title='bbox 3424 2848 3684 2905; x_wconf 88' lang='lat' dir='ltr'><strong>aliorum-</strong></span> 
     </span>
    </p>
   </div>
   <div class='ocr_carea' id='block_1_61' title="bbox 2108 2938 3686 3014">
    <p class='ocr_par' dir='ltr' id='par_1_61' title="bbox 2108 2938 3686 3014">
     <span class='ocr_line' id='line_1_61' title="bbox 2108 2938 3686 3014; baseline 0.004 -23"><span class='ocrx_word' id='word_1_433' title='bbox 2108 2952 2214 3006; x_wconf 86' lang='lat' dir='ltr'><strong>que</strong></span> <span class='ocrx_word' id='word_1_434' title='bbox 2247 2939 2617 3014; x_wconf 80' lang='lat' dir='ltr'><strong>apostolorum</strong></span> <span class='ocrx_word' id='word_1_435' title='bbox 2658 2938 2817 2993; x_wconf 81' lang='lat' dir='ltr'><strong>Actus</strong></span> <span class='ocrx_word' id='word_1_436' title='bbox 2858 2942 3156 2995; x_wconf 90' lang='lat' dir='ltr'><strong>continent.</strong></span> <span class='ocrx_word' id='word_1_437' title='bbox 3183 2940 3332 3008; x_wconf 89' lang='lat' dir='ltr'><strong>Quos</strong></span> <span class='ocrx_word' id='word_1_438' title='bbox 3368 2943 3585 3013; x_wconf 85' lang='lat' dir='ltr'><strong>quidem</strong></span> <span class='ocrx_word' id='word_1_439' title='bbox 3613 2943 3686 2998; x_wconf 92' lang='lat' dir='ltr'><strong>li-</strong></span> 
     </span>
    </p>
   </div>
   <div class='ocr_carea' id='block_1_62' title="bbox 2109 3031 3682 3105">
    <p class='ocr_par' dir='ltr' id='par_1_62' title="bbox 2109 3031 3682 3105">
     <span class='ocr_line' id='line_1_62' title="bbox 2109 3031 3682 3105; baseline 0.003 -19"><span class='ocrx_word' id='word_1_440' title='bbox 2109 3032 2238 3088; x_wconf 90' lang='lat' dir='ltr'><strong>bros</strong></span> <span class='ocrx_word' id='word_1_441' title='bbox 2291 3031 2473 3088; x_wconf 89' lang='lat' dir='ltr'><strong>nullus</strong></span> <span class='ocrx_word' id='word_1_442' title='bbox 2520 3047 2786 3102; x_wconf 86' lang='lat' dir='ltr'><strong>unquam,</strong></span> <span class='ocrx_word' id='word_1_443' title='bbox 2838 3033 2930 3103; x_wconf 89' lang='lat' dir='ltr'><strong>qui</strong></span> <span class='ocrx_word' id='word_1_444' title='bbox 2978 3036 3295 3090; x_wconf 87' lang='lat' dir='ltr'><strong>continuata</strong></span> <span class='ocrx_word' id='word_1_445' title='bbox 3321 3035 3390 3089; x_wconf 88' lang='lat' dir='ltr'><strong>ab</strong></span> <span class='ocrx_word' id='word_1_446' title='bbox 3421 3036 3682 3105; x_wconf 82' lang='lat' dir='ltr'><strong>apostolis</strong></span> 
     </span>
    </p>
   </div>
   <div class='ocr_carea' id='block_1_63' title="bbox 2110 3123 3681 3197">
    <p class='ocr_par' dir='ltr' id='par_1_63' title="bbox 2110 3123 3681 3197">
     <span class='ocr_line' id='line_1_63' title="bbox 2110 3123 3681 3197; baseline 0.003 -20"><span class='ocrx_word' id='word_1_447' title='bbox 2110 3123 2455 3179; x_wconf 88' lang='lat' dir='ltr'><strong>successione</strong></span> <span class='ocrx_word' id='word_1_448' title='bbox 2514 3124 2567 3178; x_wconf 92' lang='lat' dir='ltr'><strong>in</strong></span> <span class='ocrx_word' id='word_1_449' title='bbox 2630 3124 2872 3180; x_wconf 85' lang='lat' dir='ltr'><strong>Ecclesia</strong></span> <span class='ocrx_word' id='word_1_450' title='bbox 2931 3126 3137 3191; x_wconf 87' lang='lat' dir='ltr'><strong>docuit,</strong></span> <span class='ocrx_word' id='word_1_451' title='bbox 3190 3128 3243 3182; x_wconf 93' lang='lat' dir='ltr'><strong>in</strong></span> <span class='ocrx_word' id='word_1_452' title='bbox 3288 3127 3506 3197; x_wconf 88' lang='lat' dir='ltr'><strong>scriptis</strong></span> <span class='ocrx_word' id='word_1_453' title='bbox 3563 3129 3681 3184; x_wconf 85' lang='lat' dir='ltr'><strong>suis</strong></span> 
     </span>
    </p>
   </div>
   <div class='ocr_carea' id='block_1_64' title="bbox 502 3297 3677 3373">
    <p class='ocr_par' dir='ltr' id='par_1_64' title="bbox 502 3297 3677 3373">
     <span class='ocr_line' id='line_1_64' title="bbox 502 3297 3677 3373; baseline 0.007 -35"><span class='ocrx_word' id='word_1_454' title='bbox 502 3300 623 3373; x_wconf 4' lang='lat'><strong>(30),</strong></span> <span class='ocrx_word' id='word_1_455' title='bbox 644 3299 1423 3373; x_wconf 57' lang='grc' dir='ltr'><strong>Ἐντοῖςνρθοις,ιφριιοριῖρ</strong></span> <span class='ocrx_word' id='word_1_456' title='bbox 1438 3300 1546 3373; x_wconf 80' lang='lat' dir='ltr'><strong>hoe</strong></span> <span class='ocrx_word' id='word_1_457' title='bbox 1561 3312 1757 3373; x_wconf 84' lang='lat' dir='ltr'><strong>nomen</strong></span> <span class='ocrx_word' id='word_1_458' title='bbox 1772 3306 1991 3366; x_wconf 78' lang='lat' dir='ltr'><strong>usurpat</strong></span> <span class='ocrx_word' id='word_1_459' title='bbox 2020 3303 2062 3361; x_wconf 77' lang='grc' dir='ltr'>ο</span> <span class='ocrx_word' id='word_1_460' title='bbox 2096 3297 2588 3373; x_wconf 25' lang='lat' dir='ltr'><strong>Cotel‘erLProleg;</strong></span> <span class='ocrx_word' id='word_1_461' title='bbox 2610 3299 2761 3373; x_wconf 23' lang='lat' dir='ltr'><strong>ang,</strong></span> <span class='ocrx_word' id='word_1_462' title='bbox 2791 3300 2986 3373; x_wconf 70' lang='lat' dir='ltr'><strong>lgnat.,</strong></span> <span class='ocrx_word' id='word_1_463' title='bbox 3010 3300 3173 3373; x_wconf 50' lang='lat' dir='ltr'><strong>Patr.</strong></span> <span class='ocrx_word' id='word_1_464' title='bbox 3216 3303 3336 3373; x_wconf 65' lang='lat' dir='ltr'><strong>Gn,</strong></span> <span class='ocrx_word' id='word_1_465' title='bbox 3370 3311 3411 3357; x_wconf 91' lang='lat' dir='ltr'><strong>t.</strong></span> <span class='ocrx_word' id='word_1_466' title='bbox 3440 3303 3483 3358; x_wconf 80' lang='grc' dir='ltr'><strong>Ι.</strong></span> <span class='ocrx_word' id='word_1_467' title='bbox 3520 3304 3677 3362; x_wconf 81' lang='grc' dir='ltr'>Ευιτ.</span> 
     </span>
    </p>
   </div>
   <div class='ocr_carea' id='block_1_65' title="bbox 429 3368 1986 3441">
    <p class='ocr_par' dir='ltr' id='par_1_65' title="bbox 429 3368 1986 3441">
     <span class='ocr_line' id='line_1_65' title="bbox 429 3368 1986 3441; baseline -0.006 -13"><span class='ocrx_word' id='word_1_468' title='bbox 429 3368 720 3441; x_wconf 80' lang='lat' dir='ltr'><strong>Eusebius,</strong></span> <span class='ocrx_word' id='word_1_469' title='bbox 747 3386 847 3441; x_wconf 89' lang='lat' dir='ltr'><strong>pro</strong></span> <span class='ocrx_word' id='word_1_470' title='bbox 886 3371 1040 3441; x_wconf 83' lang='lat' dir='ltr'><strong>libris</strong></span> <span class='ocrx_word' id='word_1_471' title='bbox 1072 3368 1285 3441; x_wconf 77' lang='lat' dir='ltr'><strong>scilicet</strong></span> <span class='ocrx_word' id='word_1_472' title='bbox 1308 3368 1401 3433; x_wconf 69' lang='lat' dir='ltr'><strong>Qui</strong></span> <span class='ocrx_word' id='word_1_473' title='bbox 1442 3368 1866 3441; x_wconf 65' lang='lat' dir='ltr'><strong>ambigtimsunt</strong></span> <span class='ocrx_word' id='word_1_474' title='bbox 1888 3382 1986 3441; x_wconf 83' lang='lat' dir='ltr'><strong>au-</strong></span> 
     </span>
    </p>
   </div>
   <div class='ocr_carea' id='block_1_66' title="bbox 431 3437 1996 3502">
    <p class='ocr_par' dir='ltr' id='par_1_66' title="bbox 431 3437 1996 3502">
     <span class='ocr_line' id='line_1_66' title="bbox 431 3437 1996 3502; baseline -0.004 -6"><span class='ocrx_word' id='word_1_475' title='bbox 431 3440 726 3502; x_wconf 86' lang='lat' dir='ltr'><strong>ctoritatis,</strong></span> <span class='ocrx_word' id='word_1_476' title='bbox 749 3437 876 3493; x_wconf 70' lang='lat' dir='ltr'><strong>&#39;cum</strong></span> <span class='ocrx_word' id='word_1_477' title='bbox 897 3439 1041 3493; x_wconf 84' lang='grc' dir='ltr'>νόθοι</span> <span class='ocrx_word' id='word_1_478' title='bbox 1072 3439 1179 3493; x_wconf 91' lang='lat' dir='ltr'><strong>dici</strong></span> <span class='ocrx_word' id='word_1_479' title='bbox 1206 3439 1439 3493; x_wconf 85' lang='lat' dir='ltr'><strong>debeant</strong></span> <span class='ocrx_word' id='word_1_480' title='bbox 1462 3437 1584 3491; x_wconf 86' lang='lat' dir='ltr'><strong>libri</strong></span> <span class='ocrx_word' id='word_1_481' title='bbox 1612 3437 1902 3491; x_wconf 86' lang='lat' dir='ltr'><strong>adulteriui</strong></span> <span class='ocrx_word' id='word_1_482' title='bbox 1939 3444 1996 3491; x_wconf 91' lang='lat' dir='ltr'><strong>et</strong></span> 
     </span>
    </p>
   </div>
   <div class='ocr_carea' id='block_1_67' title="bbox 433 3505 1998 3576">
    <p class='ocr_par' dir='ltr' id='par_1_67' title="bbox 433 3505 1998 3576">
     <span class='ocr_line' id='line_1_67' title="bbox 433 3505 1998 3576; baseline -0.003 -12"><span class='ocrx_word' id='word_1_483' title='bbox 433 3514 501 3564; x_wconf 86' lang='lat' dir='ltr'><strong>ab</strong></span> <span class='ocrx_word' id='word_1_484' title='bbox 529 3511 799 3565; x_wconf 69' lang='lat' dir='ltr'><strong>haereticis</strong></span> <span class='ocrx_word' id='word_1_485' title='bbox 820 3509 1062 3571; x_wconf 89' lang='lat' dir='ltr'><strong>conlicti,</strong></span> <span class='ocrx_word' id='word_1_486' title='bbox 1094 3510 1160 3563; x_wconf 89' lang='lat' dir='ltr'><strong>de</strong></span> <span class='ocrx_word' id='word_1_487' title='bbox 1196 3509 1393 3576; x_wconf 87' lang='lat' dir='ltr'><strong>quibus</strong></span> <span class='ocrx_word' id='word_1_488' title='bbox 1428 3508 1629 3561; x_wconf 87' lang='lat' dir='ltr'><strong>mentio</strong></span> <span class='ocrx_word' id='word_1_489' title='bbox 1671 3507 1730 3561; x_wconf 85' lang='lat' dir='ltr'><strong>ﬁt</strong></span> <span class='ocrx_word' id='word_1_490' title='bbox 1779 3509 1832 3559; x_wconf 93' lang='lat' dir='ltr'><strong>in</strong></span> <span class='ocrx_word' id='word_1_491' title='bbox 1889 3505 1998 3560; x_wconf 85' lang='lat' dir='ltr'><strong>ﬁne</strong></span> 
     </span>
    </p>
   </div>
   <div class='ocr_carea' id='block_1_68' title="bbox 436 3576 1997 3648">
    <p class='ocr_par' dir='ltr' id='par_1_68' title="bbox 436 3576 1997 3648">
     <span class='ocr_line' id='line_1_68' title="bbox 436 3576 1997 3648; baseline -0.004 -14"><span class='ocrx_word' id='word_1_492' title='bbox 436 3582 597 3648; x_wconf 82' lang='lat' dir='ltr'><strong>hujus</strong></span> <span class='ocrx_word' id='word_1_493' title='bbox 627 3579 840 3644; x_wconf 86' lang='lat' dir='ltr'><strong>capitis.</strong></span> <span class='ocrx_word' id='word_1_494' title='bbox 872 3577 1023 3642; x_wconf 85' lang='lat' dir='ltr'><strong>Quod</strong></span> <span class='ocrx_word' id='word_1_495' title='bbox 1053 3586 1112 3631; x_wconf 92' lang='lat' dir='ltr'><strong>ut</strong></span> <span class='ocrx_word' id='word_1_496' title='bbox 1140 3577 1485 3648; x_wconf 79' lang='lat' dir='ltr'><strong>manifestius</strong></span> <span class='ocrx_word' id='word_1_497' title='bbox 1510 3586 1789 3646; x_wconf 83' lang='lat' dir='ltr'><strong>appareat,</strong></span> <span class='ocrx_word' id='word_1_498' title='bbox 1835 3576 1997 3629; x_wconf 85' lang='lat' dir='ltr'><strong>intel-</strong></span> 
     </span>
    </p>
   </div>
   <div class='ocr_carea' id='block_1_69' title="bbox 433 3647 1992 3716">
    <p class='ocr_par' dir='ltr' id='par_1_69' title="bbox 433 3647 1992 3716">
     <span class='ocr_line' id='line_1_69' title="bbox 433 3647 1992 3716; baseline -0.004 -13"><span class='ocrx_word' id='word_1_499' title='bbox 433 3647 704 3716; x_wconf 76' lang='lat' dir='ltr'><strong>ligendum</strong></span> <span class='ocrx_word' id='word_1_500' title='bbox 735 3656 818 3702; x_wconf 92' lang='lat' dir='ltr'><strong>est</strong></span> <span class='ocrx_word' id='word_1_501' title='bbox 850 3656 960 3701; x_wconf 88' lang='lat' dir='ltr'><strong>tres</strong></span> <span class='ocrx_word' id='word_1_502' title='bbox 993 3660 1111 3700; x_wconf 89' lang='lat' dir='ltr'><strong>esse</strong></span> <span class='ocrx_word' id='word_1_503' title='bbox 1140 3648 1350 3716; x_wconf 80' lang='lat' dir='ltr'><strong>species</strong></span> <span class='ocrx_word' id='word_1_504' title='bbox 1392 3647 1654 3700; x_wconf 85' lang='lat' dir='ltr'><strong>librorum</strong></span> <span class='ocrx_word' id='word_1_505' title='bbox 1687 3660 1992 3713; x_wconf 74' lang='lat' dir='ltr'><strong>sacrorum.</strong></span> 
     </span>
    </p>
   </div>
   <div class='ocr_carea' id='block_1_70' title="bbox 434 3716 1997 3778">
    <p class='ocr_par' dir='ltr' id='par_1_70' title="bbox 434 3716 1997 3778">
     <span class='ocr_line' id='line_1_70' title="bbox 434 3716 1997 3778; baseline -0.004 -4"><span class='ocrx_word' id='word_1_506' title='bbox 434 3716 542 3774; x_wconf 83' lang='lat' dir='ltr'><strong>Alii</strong></span> <span class='ocrx_word' id='word_1_507' title='bbox 576 3725 704 3771; x_wconf 88' lang='lat' dir='ltr'><strong>sunt</strong></span> <span class='ocrx_word' id='word_1_508' title='bbox 736 3725 886 3772; x_wconf 79' lang='lat' dir='ltr'><strong>extra</strong></span> <span class='ocrx_word' id='word_1_509' title='bbox 916 3717 1343 3771; x_wconf 89' lang='lat' dir='ltr'><strong>controversiam</strong></span> <span class='ocrx_word' id='word_1_510' title='bbox 1372 3718 1513 3778; x_wconf 75' lang='lat' dir='ltr'><strong>veri,</strong></span> <span class='ocrx_word' id='word_1_511' title='bbox 1544 3716 1634 3768; x_wconf 87' lang='lat' dir='ltr'><strong>alii</strong></span> <span class='ocrx_word' id='word_1_512' title='bbox 1670 3724 1827 3769; x_wconf 79' lang='lat' dir='ltr'><strong>extra</strong></span> <span class='ocrx_word' id='word_1_513' title='bbox 1867 3727 1997 3767; x_wconf 89' lang='lat' dir='ltr'><strong>con-</strong></span> 
     </span>
    </p>
   </div>
   <div class='ocr_carea' id='block_1_71' title="bbox 436 3784 1998 3855">
    <p class='ocr_par' dir='ltr' id='par_1_71' title="bbox 436 3784 1998 3855">
     <span class='ocr_line' id='line_1_71' title="bbox 436 3784 1998 3855; baseline -0.004 -12"><span class='ocrx_word' id='word_1_514' title='bbox 436 3787 758 3843; x_wconf 79' lang='lat' dir='ltr'><strong>troversiam</strong></span> <span class='ocrx_word' id='word_1_515' title='bbox 797 3786 940 3848; x_wconf 73' lang='lat' dir='ltr'><strong>l‘alsi,</strong></span> <span class='ocrx_word' id='word_1_516' title='bbox 973 3785 1113 3840; x_wconf 89' lang='lat' dir='ltr'><strong>tertii</strong></span> <span class='ocrx_word' id='word_1_517' title='bbox 1139 3786 1349 3840; x_wconf 89' lang='lat' dir='ltr'><strong>suntde</strong></span> <span class='ocrx_word' id='word_1_518' title='bbox 1367 3786 1565 3855; x_wconf 90' lang='lat' dir='ltr'><strong>quibus</strong></span> <span class='ocrx_word' id='word_1_519' title='bbox 1594 3784 1998 3852; x_wconf 88' lang='lat' dir='ltr'><strong>interantiquos</strong></span> 
     </span>
    </p>
   </div>
   <div class='ocr_carea' id='block_1_72' title="bbox 433 3855 1995 3924">
    <p class='ocr_par' dir='ltr' id='par_1_72' title="bbox 433 3855 1995 3924">
     <span class='ocr_line' id='line_1_72' title="bbox 433 3855 1995 3924; baseline -0.003 -12"><span class='ocrx_word' id='word_1_520' title='bbox 433 3857 753 3921; x_wconf 72' lang='lat' dir='ltr'><strong>ambigitur.</strong></span> <span class='ocrx_word' id='word_1_521' title='bbox 784 3856 844 3909; x_wconf 87' lang='lat' dir='ltr'><strong>Hi</strong></span> <span class='ocrx_word' id='word_1_522' title='bbox 876 3856 1132 3924; x_wconf 89' lang='lat' dir='ltr'><strong>postremi</strong></span> <span class='ocrx_word' id='word_1_523' title='bbox 1160 3855 1303 3910; x_wconf 80' lang='grc' dir='ltr'>νόοοι</span> <span class='ocrx_word' id='word_1_524' title='bbox 1329 3856 1434 3911; x_wconf 89' lang='lat' dir='ltr'><strong>dici</strong></span> <span class='ocrx_word' id='word_1_525' title='bbox 1471 3870 1574 3910; x_wconf 90' lang='lat' dir='ltr'><strong>non</strong></span> <span class='ocrx_word' id='word_1_526' title='bbox 1605 3863 1851 3923; x_wconf 89' lang='lat' dir='ltr'><strong>possunt,</strong></span> <span class='ocrx_word' id='word_1_527' title='bbox 1871 3868 1995 3909; x_wconf 88' lang='lat' dir='ltr'><strong>cum</strong></span> 
     </span>
    </p>
   </div>
   <div class='ocr_carea' id='block_1_73' title="bbox 435 3925 1997 3994">
    <p class='ocr_par' dir='ltr' id='par_1_73' title="bbox 435 3925 1997 3994">
     <span class='ocr_line' id='line_1_73' title="bbox 435 3925 1997 3994; baseline -0.001 -14"><span class='ocrx_word' id='word_1_528' title='bbox 435 3944 464 3980; x_wconf 88' lang='lat' dir='ltr'><strong>a</strong></span> <span class='ocrx_word' id='word_1_529' title='bbox 494 3927 679 3981; x_wconf 85' lang='lat' dir='ltr'><strong>multis</strong></span> <span class='ocrx_word' id='word_1_530' title='bbox 705 3926 870 3981; x_wconf 87' lang='lat' dir='ltr'><strong>habiti</strong></span> <span class='ocrx_word' id='word_1_531' title='bbox 897 3927 1006 3979; x_wconf 75' lang='lat' dir='ltr'><strong>sint</strong></span> <span class='ocrx_word' id='word_1_532' title='bbox 1052 3940 1152 3994; x_wconf 90' lang='lat' dir='ltr'><strong>pro</strong></span> <span class='ocrx_word' id='word_1_533' title='bbox 1198 3927 1365 3979; x_wconf 90' lang='lat' dir='ltr'><strong>veris.</strong></span> <span class='ocrx_word' id='word_1_534' title='bbox 1399 3927 1588 3979; x_wconf 73' lang='lat' dir='ltr'><strong>Itestat</strong></span> <span class='ocrx_word' id='word_1_535' title='bbox 1619 3925 1786 3993; x_wconf 75' lang='lat' dir='ltr'><strong>igitur</strong></span> <span class='ocrx_word' id='word_1_536' title='bbox 1814 3934 1875 3994; x_wconf 87' lang='lat' dir='ltr'><strong>ut</strong></span> <span class='ocrx_word' id='word_1_537' title='bbox 1906 3939 1997 3978; x_wconf 84' lang='lat' dir='ltr'><strong>se-</strong></span> 
     </span>
    </p>
   </div>
   <div class='ocr_carea' id='block_1_74' title="bbox 432 3993 1997 4059">
    <p class='ocr_par' dir='ltr' id='par_1_74' title="bbox 432 3993 1997 4059">
     <span class='ocr_line' id='line_1_74' title="bbox 432 3993 1997 4059; baseline -0.003 -7"><span class='ocrx_word' id='word_1_538' title='bbox 432 3998 595 4052; x_wconf 84' lang='lat' dir='ltr'><strong>cundi</strong></span> <span class='ocrx_word' id='word_1_539' title='bbox 629 3997 882 4050; x_wconf 88' lang='lat' dir='ltr'><strong>dicantur</strong></span> <span class='ocrx_word' id='word_1_540' title='bbox 901 3993 1189 4049; x_wconf 25' lang='grc' dir='ltr'>νὸοοιίεὶνθ</span> <span class='ocrx_word' id='word_1_541' title='bbox 1214 3996 1525 4049; x_wconf 80' lang='lat' dir='ltr'><strong>adulterini.</strong></span> <span class='ocrx_word' id='word_1_542' title='bbox 1569 3993 1887 4059; x_wconf 87' lang='lat' dir='ltr'><strong>Hujttsmodi</strong></span> <span class='ocrx_word' id='word_1_543' title='bbox 1914 4001 1997 4048; x_wconf 87' lang='lat' dir='ltr'><strong>est</strong></span> 
     </span>
    </p>
   </div>
   <div class='ocr_carea' id='block_1_75' title="bbox 436 4064 1998 4136">
    <p class='ocr_par' dir='ltr' id='par_1_75' title="bbox 436 4064 1998 4136">
     <span class='ocr_line' id='line_1_75' title="bbox 436 4064 1998 4136; baseline -0.003 -14"><span class='ocrx_word' id='word_1_544' title='bbox 436 4068 590 4122; x_wconf 79' lang='lat' dir='ltr'><strong>Pauli</strong></span> <span class='ocrx_word' id='word_1_545' title='bbox 624 4065 863 4136; x_wconf 84' lang='lat' dir='ltr'><strong>Epistola</strong></span> <span class='ocrx_word' id='word_1_546' title='bbox 911 4069 978 4119; x_wconf 88' lang='lat' dir='ltr'><strong>ad</strong></span> <span class='ocrx_word' id='word_1_547' title='bbox 1023 4064 1408 4136; x_wconf 84' lang='lat' dir='ltr'><strong>Laodicenses,</strong></span> <span class='ocrx_word' id='word_1_548' title='bbox 1437 4080 1601 4133; x_wconf 91' lang='lat' dir='ltr'><strong>quam</strong></span> <span class='ocrx_word' id='word_1_549' title='bbox 1632 4064 1998 4136; x_wconf 69' lang='lat' dir='ltr'><strong>Hieronymus</strong></span> 
     </span>
    </p>
   </div>
   <div class='ocr_carea' id='block_1_76' title="bbox 436 4132 1993 4205">
    <p class='ocr_par' dir='ltr' id='par_1_76' title="bbox 436 4132 1993 4205">
     <span class='ocr_line' id='line_1_76' title="bbox 436 4132 1993 4205; baseline -0.002 -15"><span class='ocrx_word' id='word_1_550' title='bbox 436 4152 542 4191; x_wconf 89' lang='lat' dir='ltr'><strong>uno</strong></span> <span class='ocrx_word' id='word_1_551' title='bbox 567 4132 839 4190; x_wconf 71' lang='lat' dir='ltr'><strong>consensu</strong></span> <span class='ocrx_word' id='word_1_552' title='bbox 895 4137 964 4190; x_wconf 89' lang='lat' dir='ltr'><strong>ab</strong></span> <span class='ocrx_word' id='word_1_553' title='bbox 1006 4135 1260 4190; x_wconf 90' lang='lat' dir='ltr'><strong>omnibus</strong></span> <span class='ocrx_word' id='word_1_554' title='bbox 1291 4132 1567 4205; x_wconf 80' lang='lat' dir='ltr'><strong>explosam</strong></span> <span class='ocrx_word' id='word_1_555' title='bbox 1625 4134 1794 4188; x_wconf 81' lang='lat' dir='ltr'><strong>fuisse</strong></span> <span class='ocrx_word' id='word_1_556' title='bbox 1843 4132 1993 4187; x_wconf 78' lang='lat' dir='ltr'><strong>dicit.</strong></span> 
     </span>
    </p>
   </div>
   <div class='ocr_carea' id='block_1_77' title="bbox 434 4205 1995 4274">
    <p class='ocr_par' dir='ltr' id='par_1_77' title="bbox 434 4205 1995 4274">
     <span class='ocr_line' id='line_1_77' title="bbox 434 4205 1995 4274; baseline -0.003 -13"><span class='ocrx_word' id='word_1_557' title='bbox 434 4208 605 4261; x_wconf 77' lang='lat' dir='ltr'><strong>Porro</strong></span> <span class='ocrx_word' id='word_1_558' title='bbox 629 4206 983 4265; x_wconf 79' lang='lat' dir='ltr'><strong>Athanasius.</strong></span> <span class='ocrx_word' id='word_1_559' title='bbox 1010 4221 1105 4259; x_wconf 90' lang='lat' dir='ltr'><strong>seu</strong></span> <span class='ocrx_word' id='word_1_560' title='bbox 1134 4208 1226 4274; x_wconf 88' lang='lat' dir='ltr'><strong>qui</strong></span> <span class='ocrx_word' id='word_1_561' title='bbox 1258 4205 1395 4258; x_wconf 87' lang='lat' dir='ltr'><strong>alius</strong></span> <span class='ocrx_word' id='word_1_562' title='bbox 1417 4215 1605 4259; x_wconf 89' lang='lat' dir='ltr'><strong>auctor</strong></span> <span class='ocrx_word' id='word_1_563' title='bbox 1621 4214 1704 4257; x_wconf 90' lang='lat' dir='ltr'><strong>est</strong></span> <span class='ocrx_word' id='word_1_564' title='bbox 1736 4213 1995 4274; x_wconf 78' lang='lat' dir='ltr'><strong>tractatus</strong></span> 
     </span>
    </p>
   </div>
   <div class='ocr_carea' id='block_1_78' title="bbox 434 4273 1999 4345">
    <p class='ocr_par' dir='ltr' id='par_1_78' title="bbox 434 4273 1999 4345">
     <span class='ocr_line' id='line_1_78' title="bbox 434 4273 1999 4345; baseline -0.002 -16"><span class='ocrx_word' id='word_1_565' title='bbox 434 4279 499 4330; x_wconf 81' lang='lat' dir='ltr'><strong>de</strong></span> <span class='ocrx_word' id='word_1_566' title='bbox 520 4292 687 4331; x_wconf 72' lang='lat' dir='ltr'><strong>sacra:</strong></span> <span class='ocrx_word' id='word_1_567' title='bbox 720 4274 1009 4342; x_wconf 74' lang='lat' dir='ltr'><strong>Scriptum</strong></span> <span class='ocrx_word' id='word_1_568' title='bbox 1040 4273 1211 4337; x_wconf 81' lang='lat' dir='ltr'><strong>libris,</strong></span> <span class='ocrx_word' id='word_1_569' title='bbox 1237 4276 1424 4345; x_wconf 84' lang='lat' dir='ltr'><strong>eadem</strong></span> <span class='ocrx_word' id='word_1_570' title='bbox 1462 4273 1791 4345; x_wconf 77' lang='grc' dir='ltr'>άκυρολογίᾳ</span> <span class='ocrx_word' id='word_1_571' title='bbox 1828 4274 1999 4345; x_wconf 81' lang='lat' dir='ltr'><strong>utitur</strong></span> 
     </span>
    </p>
   </div>
   <div class='ocr_carea' id='block_1_79' title="bbox 434 4343 1997 4416">
    <p class='ocr_par' dir='ltr' id='par_1_79' title="bbox 434 4343 1997 4416">
     <span class='ocr_line' id='line_1_79' title="bbox 434 4343 1997 4416; baseline -0.002 -19"><span class='ocrx_word' id='word_1_572' title='bbox 434 4361 540 4416; x_wconf 89' lang='lat' dir='ltr'><strong>qua</strong></span> <span class='ocrx_word' id='word_1_573' title='bbox 572 4346 859 4408; x_wconf 85' lang='lat' dir='ltr'><strong>Eusebius,</strong></span> <span class='ocrx_word' id='word_1_574' title='bbox 887 4348 1010 4398; x_wconf 87' lang='lat' dir='ltr'><strong>dum</strong></span> <span class='ocrx_word' id='word_1_575' title='bbox 1052 4345 1222 4400; x_wconf 90' lang='lat' dir='ltr'><strong>libros</strong></span> <span class='ocrx_word' id='word_1_576' title='bbox 1242 4343 1688 4415; x_wconf 79' lang='grc' dir='ltr'>ἀντιλεγομένους</span> <span class='ocrx_word' id='word_1_577' title='bbox 1719 4343 1997 4416; x_wconf 65' lang='lat' dir='ltr'><strong>qinl&#39;undit</strong></span> 
     </span>
    </p>
   </div>
   <div class='ocr_carea' id='block_1_80' title="bbox 433 4413 1995 4487">
    <p class='ocr_par' dir='ltr' id='par_1_80' title="bbox 433 4413 1995 4487">
     <span class='ocr_line' id='line_1_80' title="bbox 433 4413 1995 4487; baseline 0.001 -21"><span class='ocrx_word' id='word_1_578' title='bbox 433 4413 558 4487; x_wconf 63' lang='lat' dir='ltr'><strong>cum</strong></span> <span class='ocrx_word' id='word_1_579' title='bbox 596 4417 748 4487; x_wconf 88' lang='lat' dir='ltr'><strong>libris</strong></span> <span class='ocrx_word' id='word_1_580' title='bbox 782 4416 1105 4487; x_wconf 76' lang='lat' dir='ltr'><strong>apocryphis</strong></span> <span class='ocrx_word' id='word_1_581' title='bbox 1128 4426 1185 4468; x_wconf 90' lang='lat' dir='ltr'><strong>et</strong></span> <span class='ocrx_word' id='word_1_582' title='bbox 1215 4413 1559 4487; x_wconf 87' lang='lat' dir='ltr'><strong>adulterinis.</strong></span> <span class='ocrx_word' id='word_1_583' title='bbox 1595 4417 1701 4487; x_wconf 67' lang='lat' dir='ltr'><strong>Sed</strong></span> <span class='ocrx_word' id='word_1_584' title='bbox 1729 4413 1995 4487; x_wconf 73' lang='lat' dir='ltr'><strong>Eusebius</strong></span> 
     </span>
    </p>
   </div>
   <div class='ocr_carea' id='block_1_81' title="bbox 438 4482 1995 4555">
    <p class='ocr_par' dir='ltr' id='par_1_81' title="bbox 438 4482 1995 4555">
     <span class='ocr_line' id='line_1_81' title="bbox 438 4482 1995 4555; baseline -0.001 -17"><span class='ocrx_word' id='word_1_585' title='bbox 438 4485 575 4538; x_wconf 82' lang='lat' dir='ltr'><strong>infra</strong></span> <span class='ocrx_word' id='word_1_586' title='bbox 604 4486 657 4539; x_wconf 91' lang='lat' dir='ltr'><strong>in</strong></span> <span class='ocrx_word' id='word_1_587' title='bbox 680 4500 796 4555; x_wconf 88' lang='lat' dir='ltr'><strong>cap.</strong></span> <span class='ocrx_word' id='word_1_588' title='bbox 820 4482 888 4538; x_wconf 76' lang='lat'><strong>3|</strong></span> <span class='ocrx_word' id='word_1_589' title='bbox 918 4482 1154 4554; x_wconf 68' lang='lat' dir='ltr'><strong>séipsum</strong></span> <span class='ocrx_word' id='word_1_590' title='bbox 1184 4486 1455 4549; x_wconf 87' lang='lat' dir='ltr'><strong>emendat,</strong></span> <span class='ocrx_word' id='word_1_591' title='bbox 1486 4493 1541 4539; x_wconf 91' lang='lat' dir='ltr'><strong>et</strong></span> <span class='ocrx_word' id='word_1_592' title='bbox 1563 4483 1900 4555; x_wconf 70' lang='lat' dir='ltr'><strong>adulteripos</strong></span> <span class='ocrx_word' id='word_1_593' title='bbox 1934 4482 1995 4536; x_wconf 85' lang='lat' dir='ltr'><strong>li-</strong></span> 
     </span>
    </p>
   </div>
   <div class='ocr_carea' id='block_1_82' title="bbox 438 4552 1994 4636">
    <p class='ocr_par' dir='ltr' id='par_1_82' title="bbox 438 4552 1994 4636">
     <span class='ocr_line' id='line_1_82' title="bbox 438 4552 1994 4636; baseline -0.001 -28"><span class='ocrx_word' id='word_1_594' title='bbox 438 4555 568 4634; x_wconf 72' lang='lat' dir='ltr'><strong>bras</strong></span> <span class='ocrx_word' id='word_1_595' title='bbox 593 4555 667 4636; x_wconf 58' lang='lat' dir='ltr'><strong>ab</strong></span> <span class='ocrx_word' id='word_1_596' title='bbox 714 4552 1192 4636; x_wconf 60' lang='lat' dir='ltr'><strong>ainbiguisaperte</strong></span> <span class='ocrx_word' id='word_1_597' title='bbox 1223 4555 1527 4636; x_wconf 64' lang='lat' dir='ltr'><strong>distinguit.</strong></span> <span class='ocrx_word' id='word_1_598' title='bbox 1557 4555 1665 4610; x_wconf 88' lang='lat' dir='ltr'><strong>Sed</strong></span> <span class='ocrx_word' id='word_1_599' title='bbox 1692 4561 1758 4621; x_wconf 73' lang='lat' dir='ltr'><strong>et;</strong></span> <span class='ocrx_word' id='word_1_600' title='bbox 1787 4552 1994 4636; x_wconf 82' lang='lat' dir='ltr'><strong>Grego-</strong></span> 
     </span>
    </p>
   </div>
   <div class='ocr_carea' id='block_1_83' title="bbox 2171 3367 3681 3441">
    <p class='ocr_par' dir='ltr' id='par_1_83' title="bbox 2171 3367 3681 3441">
     <span class='ocr_line' id='line_1_83' title="bbox 2171 3367 3681 3441; baseline 0.01 -22"><span class='ocrx_word' id='word_1_601' title='bbox 2171 3367 2283 3435; x_wconf 73' lang='lat'><strong>(52)</strong></span> <span class='ocrx_word' id='word_1_602' title='bbox 2324 3367 2395 3421; x_wconf 75' lang='grc' dir='ltr'><strong>Τὸ</strong></span> <span class='ocrx_word' id='word_1_603' title='bbox 2459 3367 2622 3441; x_wconf 40' lang='grc' dir='ltr'>κιιθζ</span> <span class='ocrx_word' id='word_1_604' title='bbox 2651 3369 2951 3437; x_wconf 82' lang='grc' dir='ltr'>Ἑϐραίους</span> <span class='ocrx_word' id='word_1_605' title='bbox 3002 3371 3393 3441; x_wconf 69' lang='grc' dir='ltr'>Εὐαγγέλιον.</span> <span class='ocrx_word' id='word_1_606' title='bbox 3453 3376 3525 3428; x_wconf 80' lang='lat' dir='ltr'><strong>lle</strong></span> <span class='ocrx_word' id='word_1_607' title='bbox 3580 3376 3681 3434; x_wconf 88' lang='lat' dir='ltr'><strong>hoc</strong></span> 
     </span>
    </p>
   </div>
   <div class='ocr_carea' id='block_1_84' title="bbox 2100 3436 3679 3507">
    <p class='ocr_par' dir='ltr' id='par_1_84' title="bbox 2100 3436 3679 3507">
     <span class='ocr_line' id='line_1_84' title="bbox 2100 3436 3679 3507; baseline 0.007 -18"><span class='ocrx_word' id='word_1_608' title='bbox 2100 3436 2465 3506; x_wconf 79' lang='lat' dir='ltr'><strong>Hieronymus</strong></span> <span class='ocrx_word' id='word_1_609' title='bbox 2499 3436 2860 3507; x_wconf 59' lang='lat' dir='ltr'><strong>itLCataIOgo.</strong></span> <span class='ocrx_word' id='word_1_610' title='bbox 2896 3436 2984 3495; x_wconf 83' lang='lat' dir='ltr'><strong>ubi</strong></span> <span class='ocrx_word' id='word_1_611' title='bbox 3022 3442 3087 3494; x_wconf 91' lang='lat' dir='ltr'><strong>de</strong></span> <span class='ocrx_word' id='word_1_612' title='bbox 3135 3436 3337 3496; x_wconf 68' lang='lat' dir='ltr'><strong>Iacobo</strong></span> <span class='ocrx_word' id='word_1_613' title='bbox 3375 3444 3545 3498; x_wconf 79' lang='lat' dir='ltr'><strong>fratre</strong></span> <span class='ocrx_word' id='word_1_614' title='bbox 3572 3445 3679 3500; x_wconf 85' lang='lat' dir='ltr'><strong>Do—</strong></span> 
     </span>
    </p>
   </div>
   <div class='ocr_carea' id='block_1_85' title="bbox 2099 3504 3682 3582">
    <p class='ocr_par' dir='ltr' id='par_1_85' title="bbox 2099 3504 3682 3582">
     <span class='ocr_line' id='line_1_85' title="bbox 2099 3504 3682 3582; baseline 0.006 -23"><span class='ocrx_word' id='word_1_615' title='bbox 2099 3508 2230 3559; x_wconf 88' lang='lat' dir='ltr'><strong>mini</strong></span> <span class='ocrx_word' id='word_1_616' title='bbox 2259 3504 2337 3582; x_wconf 79' lang='lat' dir='ltr'><strong>sic</strong></span> <span class='ocrx_word' id='word_1_617' title='bbox 2370 3504 2877 3582; x_wconf 82' lang='lat' dir='ltr'><strong>ai_t_:_Evangelium</strong></span> <span class='ocrx_word' id='word_1_618' title='bbox 2936 3525 3143 3577; x_wconf 84' lang='lat' dir='ltr'><strong>quoque</strong></span> <span class='ocrx_word' id='word_1_619' title='bbox 3191 3513 3333 3582; x_wconf 67' lang='lat' dir='ltr'><strong>quod</strong></span> <span class='ocrx_word' id='word_1_620' title='bbox 3379 3514 3682 3581; x_wconf 81' lang='lat' dir='ltr'><strong>appellatur</strong></span> 
     </span>
    </p>
   </div>
   <div class='ocr_carea' id='block_1_86' title="bbox 2097 3575 3679 3648">
    <p class='ocr_par' dir='ltr' id='par_1_86' title="bbox 2097 3575 3679 3648">
     <span class='ocr_line' id='line_1_86' title="bbox 2097 3575 3679 3648; baseline 0.003 -18"><span class='ocrx_word' id='word_1_621' title='bbox 2097 3577 2385 3630; x_wconf 83' lang='lat' dir='ltr'><strong>secundum</strong></span> <span class='ocrx_word' id='word_1_622' title='bbox 2413 3575 2700 3640; x_wconf 25' lang='lat' dir='ltr'><strong>llebrwos,’</strong></span> <span class='ocrx_word' id='word_1_623' title='bbox 2715 3589 2764 3631; x_wconf 86' lang='lat' dir='ltr'><strong>et</strong></span> <span class='ocrx_word' id='word_1_624' title='bbox 2801 3595 2833 3630; x_wconf 91' lang='lat' dir='ltr'><strong>a</strong></span> <span class='ocrx_word' id='word_1_625' title='bbox 2862 3575 3133 3648; x_wconf 42' lang='lat' dir='ltr'><strong>me&#39;nuper</strong></span> <span class='ocrx_word' id='word_1_626' title='bbox 3154 3575 3214 3636; x_wconf 79' lang='lat' dir='ltr'><strong>iri</strong></span> <span class='ocrx_word' id='word_1_627' title='bbox 3237 3575 3477 3635; x_wconf 68' lang='lat' dir='ltr'><strong>Gra’cutit</strong></span> <span class='ocrx_word' id='word_1_628' title='bbox 3526 3582 3679 3637; x_wconf 81' lang='lat' dir='ltr'><strong>Lati-</strong></span> 
     </span>
    </p>
   </div>
   <div class='ocr_carea' id='block_1_87' title="bbox 2099 3650 3677 3718">
    <p class='ocr_par' dir='ltr' id='par_1_87' title="bbox 2099 3650 3677 3718">
     <span class='ocr_line' id='line_1_87' title="bbox 2099 3650 3677 3718; baseline 0.007 -19"><span class='ocrx_word' id='word_1_629' title='bbox 2099 3661 2642 3718; x_wconf 68' lang='lat' dir='ltr'><strong>numquesermonent</strong></span> <span class='ocrx_word' id='word_1_630' title='bbox 2696 3650 3011 3702; x_wconf 85' lang='lat' dir='ltr'><strong>translatum</strong></span> <span class='ocrx_word' id='word_1_631' title='bbox 3058 3660 3156 3711; x_wconf 81' lang='lat' dir='ltr'><strong>est,</strong></span> <span class='ocrx_word' id='word_1_632' title='bbox 3187 3668 3291 3718; x_wconf 86' lang='lat' dir='ltr'><strong>quo</strong></span> <span class='ocrx_word' id='word_1_633' title='bbox 3333 3662 3381 3705; x_wconf 84' lang='lat' dir='ltr'><strong>et</strong></span> <span class='ocrx_word' id='word_1_634' title='bbox 3427 3651 3677 3716; x_wconf 80' lang='lat' dir='ltr'><strong>Oriqenes</strong></span> 
     </span>
    </p>
   </div>
   <div class='ocr_carea' id='block_1_88' title="bbox 2098 3716 3679 3791">
    <p class='ocr_par' dir='ltr' id='par_1_88' title="bbox 2098 3716 3679 3791">
     <span class='ocr_line' id='line_1_88' title="bbox 2098 3716 3679 3791; baseline 0.007 -24"><span class='ocrx_word' id='word_1_635' title='bbox 2098 3729 2253 3791; x_wconf 56' lang='lat' dir='ltr'><strong>swpe</strong></span> <span class='ocrx_word' id='word_1_636' title='bbox 2268 3716 2455 3791; x_wconf 64' lang='lat' dir='ltr'><strong>utitur,</strong></span> <span class='ocrx_word' id='word_1_637' title='bbox 2487 3727 2593 3791; x_wconf 64' lang='lat' dir='ltr'><strong>etc.</strong></span> <span class='ocrx_word' id='word_1_638' title='bbox 2628 3716 2715 3791; x_wconf 67' lang='lat' dir='ltr'><strong>De</strong></span> <span class='ocrx_word' id='word_1_639' title='bbox 2751 3718 2857 3771; x_wconf 85' lang='lat' dir='ltr'><strong>huc</strong></span> <span class='ocrx_word' id='word_1_640' title='bbox 2907 3716 3208 3791; x_wconf 69' lang='lat' dir='ltr'><strong>evangelio</strong></span> <span class='ocrx_word' id='word_1_641' title='bbox 3234 3722 3475 3791; x_wconf 85' lang='lat' dir='ltr'><strong>loquitur</strong></span> <span class='ocrx_word' id='word_1_642' title='bbox 3506 3721 3679 3778; x_wconf 84' lang='lat' dir='ltr'><strong>Julia-</strong></span> 
     </span>
    </p>
   </div>
   <div class='ocr_carea' id='block_1_89' title="bbox 2100 3783 3680 3862">
    <p class='ocr_par' dir='ltr' id='par_1_89' title="bbox 2100 3783 3680 3862">
     <span class='ocr_line' id='line_1_89' title="bbox 2100 3783 3680 3862; baseline 0.008 -25"><span class='ocrx_word' id='word_1_643' title='bbox 2100 3801 2199 3837; x_wconf 77' lang='lat' dir='ltr'><strong>nus</strong></span> <span class='ocrx_word' id='word_1_644' title='bbox 2219 3783 2546 3862; x_wconf 73' lang='lat' dir='ltr'><strong>Pelagianth</strong></span> <span class='ocrx_word' id='word_1_645' title='bbox 2576 3786 2629 3862; x_wconf 79' lang='lat' dir='ltr'><strong>in</strong></span> <span class='ocrx_word' id='word_1_646' title='bbox 2662 3787 2810 3862; x_wconf 75' lang='lat' dir='ltr'><strong>libro</strong></span> <span class='ocrx_word' id='word_1_647' title='bbox 2830 3803 2903 3849; x_wconf 86' lang='lat' dir='ltr'><strong>Iv,</strong></span> <span class='ocrx_word' id='word_1_648' title='bbox 2929 3783 3459 3862; x_wconf 31' lang='lat' dir='ltr'><strong>ubigllierony&#39;mum</strong></span> <span class='ocrx_word' id='word_1_649' title='bbox 3512 3807 3680 3849; x_wconf 84' lang='lat' dir='ltr'><strong>accu-</strong></span> 
     </span>
    </p>
   </div>
   <div class='ocr_carea' id='block_1_90' title="bbox 2099 3856 3682 3927">
    <p class='ocr_par' dir='ltr' id='par_1_90' title="bbox 2099 3856 3682 3927">
     <span class='ocr_line' id='line_1_90' title="bbox 2099 3856 3682 3927; baseline 0.008 -20"><span class='ocrx_word' id='word_1_650' title='bbox 2099 3865 2207 3917; x_wconf 86' lang='lat' dir='ltr'><strong>sat,</strong></span> <span class='ocrx_word' id='word_1_651' title='bbox 2237 3857 2458 3927; x_wconf 83' lang='lat' dir='ltr'><strong>quodin</strong></span> <span class='ocrx_word' id='word_1_652' title='bbox 2483 3856 2708 3927; x_wconf 83' lang='lat' dir='ltr'><strong>Dialogo</strong></span> <span class='ocrx_word' id='word_1_653' title='bbox 2742 3857 2989 3911; x_wconf 81' lang='lat' dir='ltr'><strong>adversus</strong></span> <span class='ocrx_word' id='word_1_654' title='bbox 3024 3856 3374 3927; x_wconf 68' lang='lat' dir='ltr'><strong>Pelagianos,</strong></span> <span class='ocrx_word' id='word_1_655' title='bbox 3432 3876 3563 3917; x_wconf 87' lang='lat' dir='ltr'><strong>usus</strong></span> <span class='ocrx_word' id='word_1_656' title='bbox 3605 3865 3682 3919; x_wconf 87' lang='lat' dir='ltr'><strong>sit</strong></span> 
     </span>
    </p>
   </div>
   <div class='ocr_carea' id='block_1_91' title="bbox 2099 3926 3679 4002">
    <p class='ocr_par' dir='ltr' id='par_1_91' title="bbox 2099 3926 3679 4002">
     <span class='ocr_line' id='line_1_91' title="bbox 2099 3926 3679 4002; baseline 0.008 -25"><span class='ocrx_word' id='word_1_657' title='bbox 2099 3926 2408 3978; x_wconf 71' lang='lat' dir='ltr'><strong>testimonio</strong></span> <span class='ocrx_word' id='word_1_658' title='bbox 2432 3926 2606 3994; x_wconf 89' lang='lat' dir='ltr'><strong>quinti</strong></span> <span class='ocrx_word' id='word_1_659' title='bbox 2648 3926 2921 4002; x_wconf 63' lang='lat' dir='ltr'><strong>evangelii</strong></span> <span class='ocrx_word' id='word_1_660' title='bbox 2975 3933 3118 4002; x_wconf 80' lang='lat' dir='ltr'><strong>quod</strong></span> <span class='ocrx_word' id='word_1_661' title='bbox 3158 3926 3214 3985; x_wconf 85' lang='lat' dir='ltr'><strong>in</strong></span> <span class='ocrx_word' id='word_1_662' title='bbox 3257 3931 3514 4002; x_wconf 87' lang='lat' dir='ltr'><strong>Latinum</strong></span> <span class='ocrx_word' id='word_1_663' title='bbox 3560 3933 3679 4002; x_wconf 87' lang='lat' dir='ltr'><strong>ipse</strong></span> 
     </span>
    </p>
   </div>
   <div class='ocr_carea' id='block_1_92' title="bbox 2098 3995 3679 4069">
    <p class='ocr_par' dir='ltr' id='par_1_92' title="bbox 2098 3995 3679 4069">
     <span class='ocr_line' id='line_1_92' title="bbox 2098 3995 3679 4069; baseline 0.008 -22"><span class='ocrx_word' id='word_1_664' title='bbox 2098 4008 2405 4069; x_wconf 80' lang='lat' dir='ltr'><strong>sermonem</strong></span> <span class='ocrx_word' id='word_1_665' title='bbox 2433 3995 2807 4069; x_wconf 84' lang='lat' dir='ltr'><strong>transtulerat.</strong></span> <span class='ocrx_word' id='word_1_666' title='bbox 2835 3995 3199 4063; x_wconf 47' lang='lat' dir='ltr'><strong>Quod—autem</strong></span> <span class='ocrx_word' id='word_1_667' title='bbox 3242 4001 3524 4069; x_wconf 79' lang='lat' dir='ltr'><strong>subjungit</strong></span> <span class='ocrx_word' id='word_1_668' title='bbox 3574 3995 3679 4059; x_wconf 74' lang='lat' dir='ltr'><strong>Eu-</strong></span> 
     </span>
    </p>
   </div>
   <div class='ocr_carea' id='block_1_93' title="bbox 2098 4064 3677 4137">
    <p class='ocr_par' dir='ltr' id='par_1_93' title="bbox 2098 4064 3677 4137">
     <span class='ocr_line' id='line_1_93' title="bbox 2098 4064 3677 4137; baseline 0.008 -21"><span class='ocrx_word' id='word_1_669' title='bbox 2098 4064 2298 4137; x_wconf 73' lang='lat' dir='ltr'><strong>sebius,</strong></span> <span class='ocrx_word' id='word_1_670' title='bbox 2340 4079 2426 4137; x_wconf 88' lang='lat' dir='ltr'><strong>eo_</strong></span> <span class='ocrx_word' id='word_1_671' title='bbox 2433 4134 2445 4137; x_wconf 94' lang='lat'><em>_</em></span> <span class='ocrx_word' id='word_1_672' title='bbox 2466 4066 2759 4137; x_wconf 75' lang='lat' dir='ltr'><strong>evangelio</strong></span> <span class='ocrx_word' id='word_1_673' title='bbox 2814 4068 3087 4135; x_wconf 79' lang='lat' dir='ltr'><strong>praecipue</strong></span> <span class='ocrx_word' id='word_1_674' title='bbox 3136 4064 3399 4125; x_wconf 79' lang='lat' dir='ltr'><strong>delectari</strong></span> <span class='ocrx_word' id='word_1_675' title='bbox 3447 4064 3677 4130; x_wconf 55' lang='lat' dir='ltr'><strong>‘Judaeos</strong></span> 
     </span>
    </p>
   </div>
   <div class='ocr_carea' id='block_1_94' title="bbox 2098 4133 3680 4209">
    <p class='ocr_par' dir='ltr' id='par_1_94' title="bbox 2098 4133 3680 4209">
     <span class='ocr_line' id='line_1_94' title="bbox 2098 4133 3680 4209; baseline 0.008 -23"><span class='ocrx_word' id='word_1_676' title='bbox 2098 4133 2219 4209; x_wconf 90' lang='lat' dir='ltr'><strong>i_l_los</strong></span> <span class='ocrx_word' id='word_1_677' title='bbox 2258 4136 2346 4203; x_wconf 91' lang='lat' dir='ltr'><strong>qui</strong></span> <span class='ocrx_word' id='word_1_678' title='bbox 2388 4133 2681 4209; x_wconf 64' lang='lat' dir='ltr'><strong>Christum</strong></span> <span class='ocrx_word' id='word_1_679' title='bbox 2709 4133 3078 4209; x_wconf 72' lang='lat' dir='ltr'><strong>susceperunt,</strong></span> <span class='ocrx_word' id='word_1_680' title='bbox 3117 4138 3416 4209; x_wconf 87' lang='lat' dir='ltr'><strong>intelligere</strong></span> <span class='ocrx_word' id='word_1_681' title='bbox 3459 4141 3680 4198; x_wconf 82' lang='lat' dir='ltr'><strong>videtur</strong></span> 
     </span>
    </p>
   </div>
   <div class='ocr_carea' id='block_1_95' title="bbox 2096 4202 3680 4279">
    <p class='ocr_par' dir='ltr' id='par_1_95' title="bbox 2096 4202 3680 4279">
     <span class='ocr_line' id='line_1_95' title="bbox 2096 4202 3680 4279; baseline 0.006 -22"><span class='ocrx_word' id='word_1_682' title='bbox 2096 4202 2385 4279; x_wconf 47' lang='lat' dir='ltr'><strong>Haaarieos</strong></span> <span class='ocrx_word' id='word_1_683' title='bbox 2409 4204 2794 4260; x_wconf 85' lang='lat' dir='ltr'><strong>etEbionitas.</strong></span> <span class='ocrx_word' id='word_1_684' title='bbox 2831 4202 2896 4260; x_wconf 88' lang='lat' dir='ltr'><strong>Hi</strong></span> <span class='ocrx_word' id='word_1_685' title='bbox 2947 4210 3093 4261; x_wconf 87' lang='lat' dir='ltr'><strong>enim</strong></span> <span class='ocrx_word' id='word_1_686' title='bbox 3155 4202 3494 4279; x_wconf 50' lang='lat' dir='ltr'><strong>evangelium</strong></span> <span class='ocrx_word' id='word_1_687' title='bbox 3548 4213 3680 4267; x_wconf 89' lang='lat' dir='ltr'><strong>illud</strong></span> 
     </span>
    </p>
   </div>
   <div class='ocr_carea' id='block_1_96' title="bbox 2097 4272 3684 4346">
    <p class='ocr_par' dir='ltr' id='par_1_96' title="bbox 2097 4272 3684 4346">
     <span class='ocr_line' id='line_1_96' title="bbox 2097 4272 3684 4346; baseline 0.009 -20"><span class='ocrx_word' id='word_1_688' title='bbox 2097 4272 2639 4346; x_wconf 23' lang='lat' dir='ltr'><strong>Hebrairo‘sermotte</strong></span> <span class='ocrx_word' id='word_1_689' title='bbox 2653 4279 3036 4346; x_wconf 82' lang='lat' dir='ltr'><strong>conscriptum</strong></span> <span class='ocrx_word' id='word_1_690' title='bbox 3054 4279 3232 4346; x_wconf 76' lang='lat' dir='ltr'><strong>legere</strong></span> <span class='ocrx_word' id='word_1_691' title='bbox 3254 4272 3684 4342; x_wconf 77' lang='lat' dir='ltr'><strong>consueverant.</strong></span> 
     </span>
    </p>
   </div>
   <div class='ocr_carea' id='block_1_97' title="bbox 2096 4343 3761 4420">
    <p class='ocr_par' dir='ltr' id='par_1_97' title="bbox 2096 4343 3761 4420">
     <span class='ocr_line' id='line_1_97' title="bbox 2096 4343 3761 4420; baseline 0.007 -26"><span class='ocrx_word' id='word_1_692' title='bbox 2096 4354 2155 4420; x_wconf 64' lang='lat' dir='ltr'><strong>ut</strong></span> <span class='ocrx_word' id='word_1_693' title='bbox 2180 4344 2342 4420; x_wconf 80' lang='lat' dir='ltr'><strong>do_r_et_</strong></span> <span class='ocrx_word' id='word_1_694' title='bbox 2371 4344 2511 4398; x_wconf 89' lang='lat' dir='ltr'><strong>idem</strong></span> <span class='ocrx_word' id='word_1_695' title='bbox 2541 4343 2906 4417; x_wconf 76' lang='lat' dir='ltr'><strong>Hieronymus</strong></span> <span class='ocrx_word' id='word_1_696' title='bbox 2937 4348 2993 4400; x_wconf 85' lang='lat' dir='ltr'><strong>in</strong></span> <span class='ocrx_word' id='word_1_697' title='bbox 3016 4343 3241 4420; x_wconf 34' lang='lat' dir='ltr'><strong>(sa-iant,</strong></span> <span class='ocrx_word' id='word_1_698' title='bbox 3274 4366 3403 4420; x_wconf 81' lang='lat' dir='ltr'><strong>cap.</strong></span> <span class='ocrx_word' id='word_1_699' title='bbox 3434 4365 3522 4420; x_wconf 79' lang='lat' dir='ltr'><strong>xl,</strong></span> <span class='ocrx_word' id='word_1_700' title='bbox 3541 4362 3598 4407; x_wconf 88' lang='lat' dir='ltr'><strong>et</strong></span> <span class='ocrx_word' id='word_1_701' title='bbox 3627 4353 3682 4405; x_wconf 83' lang='lat' dir='ltr'><strong>iu</strong></span> <span class='ocrx_word' id='word_1_702' title='bbox 3754 4356 3761 4365; x_wconf 84' lang='grc'><em>“</em></span> 
     </span>
    </p>
   </div>
   <div class='ocr_carea' id='block_1_98' title="bbox 2096 4411 3684 4483">
    <p class='ocr_par' dir='ltr' id='par_1_98' title="bbox 2096 4411 3684 4483">
     <span class='ocr_line' id='line_1_98' title="bbox 2096 4411 3684 4483; baseline 0.005 -18"><span class='ocrx_word' id='word_1_703' title='bbox 2096 4411 2447 4479; x_wconf 84' lang='lat' dir='ltr'><strong>Ezechielem,</strong></span> <span class='ocrx_word' id='word_1_704' title='bbox 2497 4429 2620 4483; x_wconf 89' lang='lat' dir='ltr'><strong>cap.</strong></span> <span class='ocrx_word' id='word_1_705' title='bbox 2678 4411 2836 4479; x_wconf 74' lang='lat' dir='ltr'><strong>Xvitt,</strong></span> <span class='ocrx_word' id='word_1_706' title='bbox 2902 4426 2957 4471; x_wconf 90' lang='lat' dir='ltr'><strong>et</strong></span> <span class='ocrx_word' id='word_1_707' title='bbox 3018 4419 3074 4470; x_wconf 83' lang='lat' dir='ltr'><strong>in</strong></span> <span class='ocrx_word' id='word_1_708' title='bbox 3123 4411 3457 4475; x_wconf 74' lang='lat' dir='ltr'><strong>Matlhceitm.</strong></span> <span class='ocrx_word' id='word_1_709' title='bbox 3498 4411 3684 4475; x_wconf 68' lang='lat' dir='ltr'><strong>Recte</strong></span> 
     </span>
    </p>
   </div>
   <div class='ocr_carea' id='block_1_99' title="bbox 2095 4484 3681 4556">
    <p class='ocr_par' dir='ltr' id='par_1_99' title="bbox 2095 4484 3681 4556">
     <span class='ocr_line' id='line_1_99' title="bbox 2095 4484 3681 4556; baseline 0.002 -17"><span class='ocrx_word' id='word_1_710' title='bbox 2095 4498 2226 4556; x_wconf 71' lang='lat' dir='ltr'><strong>ergo</strong></span> <span class='ocrx_word' id='word_1_711' title='bbox 2252 4484 2476 4556; x_wconf 66' lang='lat' dir='ltr'><strong>Hunnus</strong></span> <span class='ocrx_word' id='word_1_712' title='bbox 2503 4484 2668 4539; x_wconf 86' lang='lat' dir='ltr'><strong>vertit</strong></span> <span class='ocrx_word' id='word_1_713' title='bbox 2697 4503 2710 4539; x_wconf 91' lang='lat'>:</span> <span class='ocrx_word' id='word_1_714' title='bbox 2736 4485 2851 4551; x_wconf 83' lang='lat' dir='ltr'><strong>Quo</strong></span> <span class='ocrx_word' id='word_1_715' title='bbox 2874 4489 3141 4556; x_wconf 71' lang='lat' dir='ltr'><strong>prazcipue</strong></span> <span class='ocrx_word' id='word_1_716' title='bbox 3194 4496 3417 4543; x_wconf 81' lang='lat' dir='ltr'><strong>utuntur</strong></span> <span class='ocrx_word' id='word_1_717' title='bbox 3459 4490 3681 4548; x_wconf 62' lang='lat' dir='ltr'><strong>Hebraei</strong></span> 
     </span>
    </p>
   </div>
   <div class='ocr_carea' id='block_1_100' title="bbox 2098 4553 3186 4623">
    <p class='ocr_par' dir='ltr' id='par_1_100' title="bbox 2098 4553 3186 4623">
     <span class='ocr_line' id='line_1_100' title="bbox 2098 4553 3186 4623; baseline 0.004 -17"><span class='ocrx_word' id='word_1_718' title='bbox 2098 4553 2179 4608; x_wconf 87' lang='lat' dir='ltr'><strong>illi</strong></span> <span class='ocrx_word' id='word_1_719' title='bbox 2204 4554 2294 4622; x_wconf 85' lang='lat' dir='ltr'><strong>qui</strong></span> <span class='ocrx_word' id='word_1_720' title='bbox 2323 4553 2596 4623; x_wconf 62' lang='lat' dir='ltr'><strong>Christum</strong></span> <span class='ocrx_word' id='word_1_721' title='bbox 2626 4553 2890 4623; x_wconf 75' lang='lat' dir='ltr'><strong>suscipere</strong></span> <span class='ocrx_word' id='word_1_722' title='bbox 2922 4553 3186 4610; x_wconf 78' lang='lat' dir='ltr'><strong>videntur.</strong></span> 
     </span>
    </p>
   </div>
   <div class='ocr_carea' id='block_1_101' title="bbox 438 4622 2005 4697">
    <p class='ocr_par' dir='ltr' id='par_1_101' title="bbox 438 4622 1990 4697">
     <span class='ocr_line' id='line_1_101' title="bbox 438 4622 1990 4697; baseline -0.002 -19"><span class='ocrx_word' id='word_1_723' title='bbox 438 4625 552 4678; x_wconf 80' lang='lat' dir='ltr'><strong>rius</strong></span> <span class='ocrx_word' id='word_1_724' title='bbox 590 4624 721 4697; x_wconf 83' lang='lat' dir='ltr'><strong>Naz.</strong></span> <span class='ocrx_word' id='word_1_725' title='bbox 752 4624 808 4678; x_wconf 89' lang='lat' dir='ltr'><strong>in</strong></span> <span class='ocrx_word' id='word_1_726' title='bbox 840 4622 1069 4679; x_wconf 75' lang='lat' dir='ltr'><strong>iambico</strong></span> <span class='ocrx_word' id='word_1_727' title='bbox 1095 4626 1420 4697; x_wconf 81' lang='lat' dir='ltr'><strong>r_armine_ad</strong></span> <span class='ocrx_word' id='word_1_728' title='bbox 1437 4626 1720 4679; x_wconf 89' lang='lat' dir='ltr'><strong>Seleucum</strong></span> <span class='ocrx_word' id='word_1_729' title='bbox 1751 4633 1990 4697; x_wconf 58' lang='lat' dir='ltr'><strong>nosiram</strong></span> 
     </span>
    </p>
   </div>
   <div class='ocr_carea' id='block_1_102' title="bbox 2100 4622 3679 4697">
    <p class='ocr_par' dir='ltr' id='par_1_102' title="bbox 2135 4622 3679 4697">
     <span class='ocr_line' id='line_1_102' title="bbox 2135 4622 3679 4697; baseline 0.005 -19"><span class='ocrx_word' id='word_1_730' title='bbox 2135 4694 2148 4697; x_wconf 34' lang='grc' dir='ltr'><strong>Α</strong></span> <span class='ocrx_word' id='word_1_731' title='bbox 2167 4624 2278 4696; x_wconf 79' lang='grc'><strong>(55)</strong></span> <span class='ocrx_word' id='word_1_732' title='bbox 2456 4623 2608 4679; x_wconf 76' lang='grc' dir='ltr'>κατὰ</span> <span class='ocrx_word' id='word_1_733' title='bbox 2628 4622 2914 4696; x_wconf 79' lang='grc' dir='ltr'>διαδοχὰς</span> <span class='ocrx_word' id='word_1_734' title='bbox 2932 4626 3484 4697; x_wconf 15' lang='grc' dir='ltr'>νέκκλησιαστικῶν.</span> <span class='ocrx_word' id='word_1_735' title='bbox 3514 4630 3679 4687; x_wconf 83' lang='lat' dir='ltr'><strong>Nice-</strong></span> 
     </span>
    </p>
   </div>
   <div class='ocr_carea' id='block_1_103' title="bbox 438 4690 1992 4761">
    <p class='ocr_par' dir='ltr' id='par_1_103' title="bbox 438 4690 1992 4761">
     <span class='ocr_line' id='line_1_103' title="bbox 438 4690 1992 4761; baseline -0.002 -14"><span class='ocrx_word' id='word_1_736' title='bbox 438 4695 760 4747; x_wconf 88' lang='lat' dir='ltr'><strong>sententiam</strong></span> <span class='ocrx_word' id='word_1_737' title='bbox 792 4704 977 4761; x_wconf 88' lang='lat' dir='ltr'><strong>aperte</strong></span> <span class='ocrx_word' id='word_1_738' title='bbox 1001 4693 1305 4750; x_wconf 82' lang='lat' dir='ltr'><strong>conﬁrmat.</strong></span> <span class='ocrx_word' id='word_1_739' title='bbox 1336 4694 1471 4749; x_wconf 83' lang='lat' dir='ltr'><strong>Nam</strong></span> <span class='ocrx_word' id='word_1_740' title='bbox 1518 4709 1586 4749; x_wconf 78' lang='lat' dir='ltr'><strong>ex</strong></span> <span class='ocrx_word' id='word_1_741' title='bbox 1632 4707 1803 4747; x_wconf 71' lang='lat' dir='ltr'><strong>sacra:</strong></span> <span class='ocrx_word' id='word_1_742' title='bbox 1845 4690 1992 4746; x_wconf 88' lang='lat' dir='ltr'><strong>Scri-</strong></span> 
     </span>
    </p>
   </div>
   <div class='ocr_carea' id='block_1_104' title="bbox 437 4763 1988 4833">
    <p class='ocr_par' dir='ltr' id='par_1_104' title="bbox 437 4763 1988 4833">
     <span class='ocr_line' id='line_1_104' title="bbox 437 4763 1988 4833; baseline 0.001 -18"><span class='ocrx_word' id='word_1_743' title='bbox 437 4772 619 4833; x_wconf 52' lang='lat' dir='ltr'><strong>ptura;</strong></span> <span class='ocrx_word' id='word_1_744' title='bbox 654 4763 807 4833; x_wconf 89' lang='lat' dir='ltr'><strong>libris</strong></span> <span class='ocrx_word' id='word_1_745' title='bbox 838 4764 972 4818; x_wconf 79' lang='lat' dir='ltr'><strong>alios</strong></span> <span class='ocrx_word' id='word_1_746' title='bbox 1020 4765 1096 4816; x_wconf 88' lang='lat' dir='ltr'><strong>ait</strong></span> <span class='ocrx_word' id='word_1_747' title='bbox 1128 4779 1248 4819; x_wconf 84' lang='lat' dir='ltr'><strong>esse</strong></span> <span class='ocrx_word' id='word_1_748' title='bbox 1282 4766 1545 4833; x_wconf 76' lang='lat' dir='ltr'><strong>genuinos</strong></span> <span class='ocrx_word' id='word_1_749' title='bbox 1583 4777 1649 4817; x_wconf 87' lang='lat' dir='ltr'><strong>ac</strong></span> <span class='ocrx_word' id='word_1_750' title='bbox 1698 4763 1988 4829; x_wconf 82' lang='lat' dir='ltr'><strong>legitimus,</strong></span> 
     </span>
    </p>
   </div>
   <div class='ocr_carea' id='block_1_105' title="bbox 436 4832 1990 4901">
    <p class='ocr_par' dir='ltr' id='par_1_105' title="bbox 436 4832 1990 4901">
     <span class='ocr_line' id='line_1_105' title="bbox 436 4832 1990 4901; baseline 0.001 -16"><span class='ocrx_word' id='word_1_751' title='bbox 436 4832 788 4901; x_wconf 67' lang='lat' dir='ltr'><strong>Quosibidem</strong></span> <span class='ocrx_word' id='word_1_752' title='bbox 820 4847 1009 4889; x_wconf 86' lang='lat' dir='ltr'><strong>omnes</strong></span> <span class='ocrx_word' id='word_1_753' title='bbox 1036 4832 1319 4901; x_wconf 83' lang='lat' dir='ltr'><strong>recenset;</strong></span> <span class='ocrx_word' id='word_1_754' title='bbox 1353 4835 1488 4888; x_wconf 85' lang='lat' dir='ltr'><strong>alios</strong></span> <span class='ocrx_word' id='word_1_755' title='bbox 1527 4848 1657 4888; x_wconf 84' lang='lat' dir='ltr'><strong>vero</strong></span> <span class='ocrx_word' id='word_1_756' title='bbox 1698 4833 1990 4901; x_wconf 81' lang='lat' dir='ltr'><strong>suppositi-</strong></span> 
     </span>
    </p>
   </div>
   <div class='ocr_carea' id='block_1_106' title="bbox 439 4902 1991 4971">
    <p class='ocr_par' dir='ltr' id='par_1_106' title="bbox 439 4902 1991 4971">
     <span class='ocr_line' id='line_1_106' title="bbox 439 4902 1991 4971; baseline 0.001 -15"><span class='ocrx_word' id='word_1_757' title='bbox 439 4905 568 4968; x_wconf 88' lang='lat' dir='ltr'><strong>tios,</strong></span> <span class='ocrx_word' id='word_1_758' title='bbox 594 4916 732 4971; x_wconf 86' lang='lat' dir='ltr'><strong>quos</strong></span> <span class='ocrx_word' id='word_1_759' title='bbox 763 4902 994 4971; x_wconf 79' lang='lat' dir='ltr'><strong>appellat</strong></span> <span class='ocrx_word' id='word_1_760' title='bbox 1033 4902 1241 4969; x_wconf 82' lang='grc' dir='ltr'>νόθους,</span> <span class='ocrx_word' id='word_1_761' title='bbox 1294 4914 1349 4958; x_wconf 90' lang='lat' dir='ltr'><strong>et</strong></span> <span class='ocrx_word' id='word_1_762' title='bbox 1394 4903 1712 4958; x_wconf 68' lang='lat' dir='ltr'><strong>adulterinae</strong></span> <span class='ocrx_word' id='word_1_763' title='bbox 1761 4912 1991 4957; x_wconf 73' lang='lat' dir='ltr'><strong>moneta:</strong></span> 
     </span>
    </p>
   </div>
   <div class='ocr_carea' id='block_1_107' title="bbox 437 4972 1986 5042">
    <p class='ocr_par' dir='ltr' id='par_1_107' title="bbox 437 4972 1986 5042">
     <span class='ocr_line' id='line_1_107' title="bbox 437 4972 1986 5042; baseline 0 -16"><span class='ocrx_word' id='word_1_764' title='bbox 437 4981 748 5042; x_wconf 86' lang='lat' dir='ltr'><strong>comparat;</strong></span> <span class='ocrx_word' id='word_1_765' title='bbox 783 4976 973 5026; x_wconf 86' lang='lat' dir='ltr'><strong>tertios</strong></span> <span class='ocrx_word' id='word_1_766' title='bbox 1002 4984 1158 5027; x_wconf 87' lang='lat' dir='ltr'><strong>vocat</strong></span> <span class='ocrx_word' id='word_1_767' title='bbox 1181 4974 1341 5027; x_wconf 87' lang='lat' dir='ltr'><strong>medii</strong></span> <span class='ocrx_word' id='word_1_768' title='bbox 1384 4973 1627 5040; x_wconf 84' lang='lat' dir='ltr'><strong>ordinis;</strong></span> <span class='ocrx_word' id='word_1_769' title='bbox 1668 4972 1760 5041; x_wconf 90' lang='lat' dir='ltr'><strong>qui</strong></span> <span class='ocrx_word' id='word_1_770' title='bbox 1797 4973 1865 5027; x_wconf 89' lang='lat' dir='ltr'><strong>ad</strong></span> <span class='ocrx_word' id='word_1_771' title='bbox 1898 4987 1986 5026; x_wconf 84' lang='lat' dir='ltr'><strong>ve-</strong></span> 
     </span>
    </p>
   </div>
   <div class='ocr_carea' id='block_1_108' title="bbox 438 5042 1983 5113">
    <p class='ocr_par' dir='ltr' id='par_1_108' title="bbox 438 5042 1983 5113">
     <span class='ocr_line' id='line_1_108' title="bbox 438 5042 1983 5113; baseline 0.001 -18"><span class='ocrx_word' id='word_1_772' title='bbox 438 5058 529 5097; x_wconf 90' lang='lat' dir='ltr'><strong>ros</strong></span> <span class='ocrx_word' id='word_1_773' title='bbox 586 5042 707 5097; x_wconf 91' lang='lat' dir='ltr'><strong>illos</strong></span> <span class='ocrx_word' id='word_1_774' title='bbox 736 5057 810 5113; x_wconf 83' lang='lat' dir='ltr'><strong>ac</strong></span> <span class='ocrx_word' id='word_1_775' title='bbox 861 5042 1124 5113; x_wconf 75' lang='lat' dir='ltr'><strong>genuinos</strong></span> <span class='ocrx_word' id='word_1_776' title='bbox 1181 5043 1349 5098; x_wconf 91' lang='lat' dir='ltr'><strong>libros</strong></span> <span class='ocrx_word' id='word_1_777' title='bbox 1403 5045 1645 5113; x_wconf 81' lang='lat' dir='ltr'><strong>proxime</strong></span> <span class='ocrx_word' id='word_1_778' title='bbox 1701 5042 1983 5096; x_wconf 87' lang='lat' dir='ltr'><strong>accedant.</strong></span> 
     </span>
    </p>
   </div>
   <div class='ocr_carea' id='block_1_109' title="bbox 437 5111 1991 5183">
    <p class='ocr_par' dir='ltr' id='par_1_109' title="bbox 437 5111 1991 5183">
     <span class='ocr_line' id='line_1_109' title="bbox 437 5111 1991 5183; baseline 0.001 -20"><span class='ocrx_word' id='word_1_779' title='bbox 437 5113 609 5183; x_wconf 72' lang='lat' dir='ltr'><strong>Quam</strong></span> <span class='ocrx_word' id='word_1_780' title='bbox 638 5111 956 5183; x_wconf 83' lang='lat' dir='ltr'><strong>divisionem</strong></span> <span class='ocrx_word' id='word_1_781' title='bbox 980 5112 1159 5183; x_wconf 80' lang='lat' dir='ltr'><strong>hausit</strong></span> <span class='ocrx_word' id='word_1_782' title='bbox 1179 5111 1472 5183; x_wconf 76' lang='lat' dir='ltr'><strong>Gregorius</strong></span> <span class='ocrx_word' id='word_1_783' title='bbox 1497 5130 1562 5168; x_wconf 78' lang='lat' dir='ltr'><strong>ex</strong></span> <span class='ocrx_word' id='word_1_784' title='bbox 1581 5113 1829 5183; x_wconf 77' lang='lat' dir='ltr'><strong>Origenis</strong></span> <span class='ocrx_word' id='word_1_785' title='bbox 1846 5121 1991 5165; x_wconf 88' lang='lat' dir='ltr'><strong>tomo</strong></span> 
     </span>
    </p>
   </div>
   <div class='ocr_carea' id='block_1_110' title="bbox 438 5180 1989 5252">
    <p class='ocr_par' dir='ltr' id='par_1_110' title="bbox 438 5180 1989 5252">
     <span class='ocr_line' id='line_1_110' title="bbox 438 5180 1989 5252; baseline 0 -17"><span class='ocrx_word' id='word_1_786' title='bbox 438 5197 533 5236; x_wconf 83' lang='lat' dir='ltr'><strong>xm</strong></span> <span class='ocrx_word' id='word_1_787' title='bbox 562 5180 1010 5252; x_wconf 71' lang='lat' dir='ltr'><strong>Explanationum</strong></span> <span class='ocrx_word' id='word_1_788' title='bbox 1043 5182 1099 5234; x_wconf 86' lang='lat' dir='ltr'><strong>in</strong></span> <span class='ocrx_word' id='word_1_789' title='bbox 1128 5180 1407 5252; x_wconf 54' lang='lat' dir='ltr'><strong>Joannem.</strong></span> <span class='ocrx_word' id='word_1_790' title='bbox 1434 5183 1509 5237; x_wconf 92' lang='lat' dir='ltr'><strong>lbi</strong></span> <span class='ocrx_word' id='word_1_791' title='bbox 1538 5180 1699 5237; x_wconf 79' lang='lat' dir='ltr'><strong>enim</strong></span> <span class='ocrx_word' id='word_1_792' title='bbox 1726 5181 1989 5249; x_wconf 80' lang='lat' dir='ltr'><strong>Origenes</strong></span> 
     </span>
    </p>
   </div>
   <div class='ocr_carea' id='block_1_111' title="bbox 436 5250 1991 5322">
    <p class='ocr_par' dir='ltr' id='par_1_111' title="bbox 436 5250 1991 5322">
     <span class='ocr_line' id='line_1_111' title="bbox 436 5250 1991 5322; baseline -0.003 -16"><span class='ocrx_word' id='word_1_793' title='bbox 436 5253 504 5306; x_wconf 89' lang='lat' dir='ltr'><strong>de</strong></span> <span class='ocrx_word' id='word_1_794' title='bbox 524 5250 665 5308; x_wconf 87' lang='lat' dir='ltr'><strong>libro</strong></span> <span class='ocrx_word' id='word_1_795' title='bbox 691 5252 784 5322; x_wconf 90' lang='lat' dir='ltr'><strong>qui</strong></span> <span class='ocrx_word' id='word_1_796' title='bbox 815 5251 1137 5305; x_wconf 68' lang='lat' dir='ltr'><strong>Praedicatio</strong></span> <span class='ocrx_word' id='word_1_797' title='bbox 1168 5250 1315 5305; x_wconf 84' lang='lat' dir='ltr'><strong>Petri</strong></span> <span class='ocrx_word' id='word_1_798' title='bbox 1347 5253 1681 5316; x_wconf 85' lang='lat' dir='ltr'><strong>inscribitur,</strong></span> <span class='ocrx_word' id='word_1_799' title='bbox 1713 5254 1790 5306; x_wconf 88' lang='lat' dir='ltr'><strong>ait</strong></span> <span class='ocrx_word' id='word_1_800' title='bbox 1834 5270 1847 5305; x_wconf 91' lang='lat'><strong>:</strong></span> <span class='ocrx_word' id='word_1_801' title='bbox 1898 5252 1991 5303; x_wconf 83' lang='lat' dir='ltr'><strong>Di-</strong></span> 
     </span>
    </p>
   </div>
   <div class='ocr_carea' id='block_1_112' title="bbox 436 5321 1992 5391">
    <p class='ocr_par' dir='ltr' id='par_1_112' title="bbox 436 5321 1992 5391">
     <span class='ocr_line' id='line_1_112' title="bbox 436 5321 1992 5391; baseline 0 -17"><span class='ocrx_word' id='word_1_802' title='bbox 436 5321 724 5391; x_wconf 75' lang='lat' dir='ltr'><strong>sguirentes</strong></span> <span class='ocrx_word' id='word_1_803' title='bbox 749 5323 880 5375; x_wconf 77' lang='lat' dir='ltr'><strong>sitne</strong></span> <span class='ocrx_word' id='word_1_804' title='bbox 908 5321 1162 5390; x_wconf 83' lang='lat' dir='ltr'><strong>genuinus</strong></span> <span class='ocrx_word' id='word_1_805' title='bbox 1192 5323 1345 5386; x_wconf 81' lang='lat' dir='ltr'><strong>liber,</strong></span> <span class='ocrx_word' id='word_1_806' title='bbox 1365 5338 1435 5375; x_wconf 83' lang='lat' dir='ltr'><strong>an</strong></span> <span class='ocrx_word' id='word_1_807' title='bbox 1463 5323 1673 5386; x_wconf 75' lang='lat' dir='ltr'><strong>nothus,</strong></span> <span class='ocrx_word' id='word_1_808' title='bbox 1702 5339 1770 5375; x_wconf 89' lang='lat' dir='ltr'><strong>an</strong></span> <span class='ocrx_word' id='word_1_809' title='bbox 1786 5323 1992 5374; x_wconf 79' lang='lat' dir='ltr'><strong>mistus.</strong></span> 
     </span>
    </p>
   </div>
   <div class='ocr_carea' id='block_1_113' title="bbox 437 5387 1998 5461">
    <p class='ocr_par' dir='ltr' id='par_1_113' title="bbox 437 5387 1998 5461">
     <span class='ocr_line' id='line_1_113' title="bbox 437 5387 1998 5461; baseline -0.001 -16"><span class='ocrx_word' id='word_1_810' title='bbox 437 5387 703 5445; x_wconf 63' lang='lat' dir='ltr'><strong>(Seuerum</strong></span> <span class='ocrx_word' id='word_1_811' title='bbox 738 5393 781 5445; x_wconf 89' lang='lat' dir='ltr'><strong>si</strong></span> <span class='ocrx_word' id='word_1_812' title='bbox 812 5387 1029 5461; x_wconf 83' lang='lat' dir='ltr'><strong>proprie</strong></span> <span class='ocrx_word' id='word_1_813' title='bbox 1052 5392 1194 5459; x_wconf 88' lang='lat' dir='ltr'><strong>loqui</strong></span> <span class='ocrx_word' id='word_1_814' title='bbox 1226 5392 1475 5457; x_wconf 83' lang='lat' dir='ltr'><strong>velimus,</strong></span> <span class='ocrx_word' id='word_1_815' title='bbox 1502 5395 1608 5445; x_wconf 91' lang='lat' dir='ltr'><strong>duo</strong></span> <span class='ocrx_word' id='word_1_816' title='bbox 1634 5401 1843 5445; x_wconf 86' lang='lat' dir='ltr'><strong>tantum</strong></span> <span class='ocrx_word' id='word_1_817' title='bbox 1871 5399 1998 5445; x_wconf 85' lang='lat' dir='ltr'><strong>sunt</strong></span> 
     </span>
    </p>
   </div>
   <div class='ocr_carea' id='block_1_114' title="bbox 437 5461 1998 5530">
    <p class='ocr_par' dir='ltr' id='par_1_114' title="bbox 437 5461 1998 5530">
     <span class='ocr_line' id='line_1_114' title="bbox 437 5461 1998 5530; baseline 0.001 -16"><span class='ocrx_word' id='word_1_818' title='bbox 437 5476 635 5530; x_wconf 77' lang='lat' dir='ltr'><strong>genera</strong></span> <span class='ocrx_word' id='word_1_819' title='bbox 669 5461 926 5515; x_wconf 90' lang='lat' dir='ltr'><strong>librorum</strong></span> <span class='ocrx_word' id='word_1_820' title='bbox 978 5477 1257 5515; x_wconf 85' lang='lat' dir='ltr'><strong>sacrorum</strong></span> <span class='ocrx_word' id='word_1_821' title='bbox 1314 5477 1329 5514; x_wconf 91' lang='lat'><strong>:</strong></span> <span class='ocrx_word' id='word_1_822' title='bbox 1364 5463 1476 5515; x_wconf 86' lang='lat' dir='ltr'><strong>veri</strong></span> <span class='ocrx_word' id='word_1_823' title='bbox 1511 5461 1742 5527; x_wconf 84' lang='lat' dir='ltr'><strong>scilicet,</strong></span> <span class='ocrx_word' id='word_1_824' title='bbox 1773 5471 1826 5515; x_wconf 90' lang='lat' dir='ltr'><strong>et</strong></span> <span class='ocrx_word' id='word_1_825' title='bbox 1851 5461 1998 5516; x_wconf 87' lang='lat' dir='ltr'><strong>dubii</strong></span> 
     </span>
    </p>
   </div>
   <div class='ocr_carea' id='block_1_115' title="bbox 438 5530 2013 5602">
    <p class='ocr_par' dir='ltr' id='par_1_115' title="bbox 438 5530 2013 5602">
     <span class='ocr_line' id='line_1_115' title="bbox 438 5530 2013 5602; baseline 0.001 -18"><span class='ocrx_word' id='word_1_826' title='bbox 438 5535 550 5584; x_wconf 84' lang='lat' dir='ltr'><strong>sive</strong></span> <span class='ocrx_word' id='word_1_827' title='bbox 579 5531 1003 5602; x_wconf 83' lang='grc' dir='ltr'>ἀντιλεγόμενοι.</span> <span class='ocrx_word' id='word_1_828' title='bbox 1032 5530 1167 5586; x_wconf 81' lang='lat' dir='ltr'><strong>Nam</strong></span> <span class='ocrx_word' id='word_1_829' title='bbox 1211 5531 1379 5600; x_wconf 89' lang='lat' dir='ltr'><strong>spurii</strong></span> <span class='ocrx_word' id='word_1_830' title='bbox 1409 5533 1461 5585; x_wconf 87' lang='lat' dir='ltr'><strong>in</strong></span> <span class='ocrx_word' id='word_1_831' title='bbox 1490 5546 1776 5587; x_wconf 89' lang='lat' dir='ltr'><strong>numerum</strong></span> <span class='ocrx_word' id='word_1_832' title='bbox 1821 5546 2013 5586; x_wconf 64' lang='lat' dir='ltr'><strong>sacrm</strong></span> 
     </span>
    </p>
   </div>
   <div class='ocr_carea' id='block_1_116' title="bbox 440 5603 1538 5656">
    <p class='ocr_par' dir='ltr' id='par_1_116' title="bbox 440 5603 1538 5656">
     <span class='ocr_line' id='line_1_116' title="bbox 440 5603 1538 5656; baseline 0.003 -4"><span class='ocrx_word' id='word_1_833' title='bbox 440 5615 558 5653; x_wconf 88' lang='lat' dir='ltr'><strong>rum</strong></span> <span class='ocrx_word' id='word_1_834' title='bbox 598 5603 856 5655; x_wconf 90' lang='lat' dir='ltr'><strong>librorum</strong></span> <span class='ocrx_word' id='word_1_835' title='bbox 888 5603 1076 5656; x_wconf 82' lang='lat' dir='ltr'><strong>referri</strong></span> <span class='ocrx_word' id='word_1_836' title='bbox 1102 5617 1209 5656; x_wconf 89' lang='lat' dir='ltr'><strong>non</strong></span> <span class='ocrx_word' id='word_1_837' title='bbox 1244 5611 1538 5655; x_wconf 88' lang='lat' dir='ltr'><strong>merentur.</strong></span> 
     </span>
    </p>
   </div>
   <div class='ocr_carea' id='block_1_117' title="bbox 511 5669 2001 5742">
    <p class='ocr_par' dir='ltr' id='par_1_117' title="bbox 511 5669 2001 5742">
     <span class='ocr_line' id='line_1_117' title="bbox 511 5669 2001 5742; baseline 0.001 -17"><span class='ocrx_word' id='word_1_838' title='bbox 511 5672 623 5742; x_wconf 74' lang='grc'><strong>(51)</strong></span> <span class='ocrx_word' id='word_1_839' title='bbox 667 5671 789 5727; x_wconf 78' lang='grc' dir='ltr'><strong>Τῶν</strong></span> <span class='ocrx_word' id='word_1_840' title='bbox 817 5671 1175 5726; x_wconf 73' lang='grc' dir='ltr'>ἀποστόλων</span> <span class='ocrx_word' id='word_1_841' title='bbox 1206 5671 1601 5742; x_wconf 37' lang='grc' dir='ltr'>ιιι-,λεγόμεναι</span> <span class='ocrx_word' id='word_1_842' title='bbox 1630 5669 1892 5742; x_wconf 80' lang='grc' dir='ltr'>Διδαχαί.</span> <span class='ocrx_word' id='word_1_843' title='bbox 1927 5671 2001 5727; x_wconf 89' lang='lat' dir='ltr'><strong>De</strong></span> 
     </span>
    </p>
   </div>
   <div class='ocr_carea' id='block_1_118' title="bbox 440 5739 2002 5810">
    <p class='ocr_par' dir='ltr' id='par_1_118' title="bbox 440 5739 2002 5810">
     <span class='ocr_line' id='line_1_118' title="bbox 440 5739 2002 5810; baseline 0 -15"><span class='ocrx_word' id='word_1_844' title='bbox 440 5739 543 5795; x_wconf 86' lang='lat' dir='ltr'><strong>hoc</strong></span> <span class='ocrx_word' id='word_1_845' title='bbox 568 5739 705 5796; x_wconf 88' lang='lat' dir='ltr'><strong>libro</strong></span> <span class='ocrx_word' id='word_1_846' title='bbox 728 5742 850 5797; x_wconf 83' lang='lat' dir='ltr'><strong>vide</strong></span> <span class='ocrx_word' id='word_1_847' title='bbox 888 5757 1007 5810; x_wconf 76' lang='lat' dir='ltr'><strong>quae</strong></span> <span class='ocrx_word' id='word_1_848' title='bbox 1034 5742 1240 5797; x_wconf 87' lang='lat' dir='ltr'><strong>notavit</strong></span> <span class='ocrx_word' id='word_1_849' title='bbox 1265 5739 1517 5797; x_wconf 79' lang='lat' dir='ltr'><strong>Usserius</strong></span> <span class='ocrx_word' id='word_1_850' title='bbox 1540 5744 1593 5795; x_wconf 89' lang='lat' dir='ltr'><strong>in</strong></span> <span class='ocrx_word' id='word_1_851' title='bbox 1622 5739 2002 5799; x_wconf 79' lang='lat' dir='ltr'><strong>dissertatione</strong></span> 
     </span>
    </p>
   </div>
   <div class='ocr_carea' id='block_1_119' title="bbox 440 5810 2003 5884">
    <p class='ocr_par' dir='ltr' id='par_1_119' title="bbox 440 5810 2003 5884">
     <span class='ocr_line' id='line_1_119' title="bbox 440 5810 2003 5884; baseline 0.001 -19"><span class='ocrx_word' id='word_1_852' title='bbox 440 5814 507 5865; x_wconf 85' lang='lat' dir='ltr'><strong>de</strong></span> <span class='ocrx_word' id='word_1_853' title='bbox 542 5813 713 5868; x_wconf 87' lang='lat' dir='ltr'><strong>sancti</strong></span> <span class='ocrx_word' id='word_1_854' title='bbox 744 5810 933 5884; x_wconf 82' lang='lat' dir='ltr'><strong>lguatii</strong></span> <span class='ocrx_word' id='word_1_855' title='bbox 965 5812 1208 5884; x_wconf 86' lang='lat' dir='ltr'><strong>epistolis</strong></span> <span class='ocrx_word' id='word_1_856' title='bbox 1232 5827 1352 5883; x_wconf 86' lang='lat' dir='ltr'><strong>cap.</strong></span> <span class='ocrx_word' id='word_1_857' title='bbox 1384 5812 1437 5867; x_wconf 91' lang='lat'><strong>7.</strong></span> <span class='ocrx_word' id='word_1_858' title='bbox 1480 5840 1551 5855; x_wconf 89' lang='lat'>—</span> <span class='ocrx_word' id='word_1_859' title='bbox 1579 5810 1710 5869; x_wconf 86' lang='lat' dir='ltr'><strong>Vide</strong></span> <span class='ocrx_word' id='word_1_860' title='bbox 1737 5821 2003 5882; x_wconf 74' lang='lat' dir='ltr'><strong>prteterea</strong></span> 
     </span>
    </p>
   </div>
   <div class='ocr_carea' id='block_1_120' title="bbox 2096 4694 3679 4765">
    <p class='ocr_par' dir='ltr' id='par_1_120' title="bbox 2096 4694 3679 4765">
     <span class='ocr_line' id='line_1_120' title="bbox 2096 4694 3679 4765; baseline 0.005 -18"><span class='ocrx_word' id='word_1_861' title='bbox 2096 4694 2303 4763; x_wconf 84' lang='lat' dir='ltr'><strong>phorus</strong></span> <span class='ocrx_word' id='word_1_862' title='bbox 2328 4696 2382 4747; x_wconf 89' lang='lat' dir='ltr'><strong>in</strong></span> <span class='ocrx_word' id='word_1_863' title='bbox 2407 4694 2547 4750; x_wconf 89' lang='lat' dir='ltr'><strong>libro</strong></span> <span class='ocrx_word' id='word_1_864' title='bbox 2569 4709 2631 4759; x_wconf 89' lang='lat' dir='ltr'><strong>tt,</strong></span> <span class='ocrx_word' id='word_1_865' title='bbox 2660 4710 2778 4765; x_wconf 87' lang='lat' dir='ltr'><strong>cap.</strong></span> <span class='ocrx_word' id='word_1_866' title='bbox 2800 4694 3045 4765; x_wconf 58' lang='lat' dir='ltr'><strong>o6,b:ec</strong></span> <span class='ocrx_word' id='word_1_867' title='bbox 3100 4697 3316 4752; x_wconf 80' lang='lat' dir='ltr'><strong>Eusebii</strong></span> <span class='ocrx_word' id='word_1_868' title='bbox 3372 4703 3539 4757; x_wconf 81' lang='lat' dir='ltr'><strong>verba</strong></span> <span class='ocrx_word' id='word_1_869' title='bbox 3594 4703 3679 4755; x_wconf 87' lang='lat' dir='ltr'><strong>in-</strong></span> 
     </span>
    </p>
   </div>
   <div class='ocr_carea' id='block_1_121' title="bbox 2099 4764 3682 4832">
    <p class='ocr_par' dir='ltr' id='par_1_121' title="bbox 2099 4764 3682 4832">
     <span class='ocr_line' id='line_1_121' title="bbox 2099 4764 3682 4832; baseline 0.006 -17"><span class='ocrx_word' id='word_1_870' title='bbox 2099 4765 2388 4832; x_wconf 86' lang='lat' dir='ltr'><strong>terpolavit</strong></span> <span class='ocrx_word' id='word_1_871' title='bbox 2415 4765 2517 4819; x_wconf 89' lang='lat' dir='ltr'><strong>hoc</strong></span> <span class='ocrx_word' id='word_1_872' title='bbox 2542 4766 2701 4818; x_wconf 85' lang='lat' dir='ltr'><strong>modo</strong></span> <span class='ocrx_word' id='word_1_873' title='bbox 2728 4764 2752 4819; x_wconf 72' lang='grc' dir='ltr'><strong>ι</strong></span> <span class='ocrx_word' id='word_1_874' title='bbox 2784 4764 2949 4829; x_wconf 79' lang='grc' dir='ltr'>Οὖτις</span> <span class='ocrx_word' id='word_1_875' title='bbox 2981 4765 3089 4821; x_wconf 84' lang='grc' dir='ltr'>τῶν</span> <span class='ocrx_word' id='word_1_876' title='bbox 3110 4768 3484 4825; x_wconf 84' lang='grc' dir='ltr'>ἀποστολικῶν</span> <span class='ocrx_word' id='word_1_877' title='bbox 3510 4771 3682 4825; x_wconf 84' lang='grc' dir='ltr'>διαδό-</span> 
     </span>
    </p>
   </div>
   <div class='ocr_carea' id='block_1_122' title="bbox 2096 4833 3676 4911">
    <p class='ocr_par' dir='ltr' id='par_1_122' title="bbox 2096 4833 3676 4911">
     <span class='ocr_line' id='line_1_122' title="bbox 2096 4833 3676 4911; baseline 0.006 -24"><span class='ocrx_word' id='word_1_878' title='bbox 2096 4850 2209 4911; x_wconf 76' lang='grc' dir='ltr'>χων</span> <span class='ocrx_word' id='word_1_879' title='bbox 2237 4833 2470 4911; x_wconf 33' lang='grc' dir='ltr'>καὶ-’τῶν</span> <span class='ocrx_word' id='word_1_880' title='bbox 2509 4833 2743 4904; x_wconf 79' lang='grc' dir='ltr'>καθεξῆς</span> <span class='ocrx_word' id='word_1_881' title='bbox 2775 4836 3245 4911; x_wconf 64' lang='grc' dir='ltr'>έκκλησιαστικῶν</span> <span class='ocrx_word' id='word_1_882' title='bbox 3289 4841 3676 4911; x_wconf 81' lang='grc' dir='ltr'>συγγραφέων.</span> 
     </span>
    </p>
   </div>
   <div class='ocr_carea' id='block_1_123' title="bbox 2100 4905 3678 4979">
    <p class='ocr_par' dir='ltr' id='par_1_123' title="bbox 2100 4905 3678 4979">
     <span class='ocr_line' id='line_1_123' title="bbox 2100 4905 3678 4979; baseline 0.004 -21"><span class='ocrx_word' id='word_1_883' title='bbox 2100 4906 2205 4979; x_wconf 74' lang='lat' dir='ltr'><strong>Sed</strong></span> <span class='ocrx_word' id='word_1_884' title='bbox 2236 4905 2367 4979; x_wconf 66' lang='lat' dir='ltr'><strong>nihil</strong></span> <span class='ocrx_word' id='word_1_885' title='bbox 2395 4919 2533 4979; x_wconf 82' lang='lat' dir='ltr'><strong>opus</strong></span> <span class='ocrx_word' id='word_1_886' title='bbox 2562 4905 3012 4979; x_wconf 28' lang='lat' dir='ltr'><strong>erat‘bujusmom</strong></span> <span class='ocrx_word' id='word_1_887' title='bbox 3038 4905 3449 4968; x_wconf 58' lang='lat' dir='ltr'><strong>emendatione.</strong></span> <span class='ocrx_word' id='word_1_888' title='bbox 3489 4905 3678 4979; x_wconf 83' lang='lat' dir='ltr'><strong>Neque</strong></span> 
     </span>
    </p>
   </div>
   <div class='ocr_carea' id='block_1_124' title="bbox 2097 4973 3677 5046">
    <p class='ocr_par' dir='ltr' id='par_1_124' title="bbox 2097 4973 3677 5046">
     <span class='ocr_line' id='line_1_124' title="bbox 2097 4973 3677 5046; baseline 0.003 -15"><span class='ocrx_word' id='word_1_889' title='bbox 2097 4976 2243 5046; x_wconf 86' lang='lat' dir='ltr'><strong>enim</strong></span> <span class='ocrx_word' id='word_1_890' title='bbox 2266 4973 2535 5046; x_wconf 86' lang='lat' dir='ltr'><strong>Eusebius</strong></span> <span class='ocrx_word' id='word_1_891' title='bbox 2562 4974 2647 5046; x_wconf 88' lang='lat' dir='ltr'><strong>hic</strong></span> <span class='ocrx_word' id='word_1_892' title='bbox 2682 4973 2929 5044; x_wconf 89' lang='lat' dir='ltr'><strong>loquitur</strong></span> <span class='ocrx_word' id='word_1_893' title='bbox 2957 4979 3025 5031; x_wconf 91' lang='lat' dir='ltr'><strong>de</strong></span> <span class='ocrx_word' id='word_1_894' title='bbox 3055 4979 3427 5046; x_wconf 87' lang='lat' dir='ltr'><strong>apostolorum</strong></span> <span class='ocrx_word' id='word_1_895' title='bbox 3458 4973 3677 5037; x_wconf 75' lang='lat' dir='ltr'><strong>succes-</strong></span> 
     </span>
    </p>
   </div>
   <div class='ocr_carea' id='block_1_125' title="bbox 2099 5044 3677 5120">
    <p class='ocr_par' dir='ltr' id='par_1_125' title="bbox 2099 5044 3677 5120">
     <span class='ocr_line' id='line_1_125' title="bbox 2099 5044 3677 5120; baseline 0.003 -20"><span class='ocrx_word' id='word_1_896' title='bbox 2099 5044 2339 5120; x_wconf 76' lang='lat' dir='ltr'><strong>soribus,</strong></span> <span class='ocrx_word' id='word_1_897' title='bbox 2373 5045 2676 5120; x_wconf 74' lang='lat' dir='ltr'><strong>quititulus</strong></span> <span class='ocrx_word' id='word_1_898' title='bbox 2711 5046 2844 5120; x_wconf 82' lang='lat' dir='ltr'><strong>solis</strong></span> <span class='ocrx_word' id='word_1_899' title='bbox 2871 5044 3131 5120; x_wconf 83' lang='lat' dir='ltr'><strong>convenit</strong></span> <span class='ocrx_word' id='word_1_900' title='bbox 3158 5051 3448 5120; x_wconf 87' lang='lat' dir='ltr'><strong>episcopis,</strong></span> <span class='ocrx_word' id='word_1_901' title='bbox 3487 5053 3581 5107; x_wconf 86' lang='lat' dir='ltr'><strong>sed</strong></span> <span class='ocrx_word' id='word_1_902' title='bbox 3609 5053 3677 5109; x_wconf 87' lang='lat' dir='ltr'><strong>de</strong></span> 
     </span>
    </p>
   </div>
   <div class='ocr_carea' id='block_1_126' title="bbox 2095 5113 3675 5191">
    <p class='ocr_par' dir='ltr' id='par_1_126' title="bbox 2095 5113 3675 5191">
     <span class='ocr_line' id='line_1_126' title="bbox 2095 5113 3675 5191; baseline 0.003 -22"><span class='ocrx_word' id='word_1_903' title='bbox 2095 5113 2490 5191; x_wconf 76' lang='lat' dir='ltr'><strong>ecclesiasticis</strong></span> <span class='ocrx_word' id='word_1_904' title='bbox 2536 5116 2897 5191; x_wconf 66' lang='lat' dir='ltr'><strong>scriptoribus</strong></span> <span class='ocrx_word' id='word_1_905' title='bbox 2941 5113 3223 5191; x_wconf 53' lang='lat' dir='ltr'><strong>loquitur,</strong></span> <span class='ocrx_word' id='word_1_906' title='bbox 3275 5113 3365 5188; x_wconf 80' lang='lat' dir='ltr'><strong>qui</strong></span> <span class='ocrx_word' id='word_1_907' title='bbox 3417 5113 3675 5191; x_wconf 69' lang='lat' dir='ltr'><strong>perpetua</strong></span> 
     </span>
    </p>
   </div>
   <div class='ocr_carea' id='block_1_127' title="bbox 2099 5184 3678 5258">
    <p class='ocr_par' dir='ltr' id='par_1_127' title="bbox 2099 5184 3678 5258">
     <span class='ocr_line' id='line_1_127' title="bbox 2099 5184 3678 5258; baseline 0.004 -23"><span class='ocrx_word' id='word_1_908' title='bbox 2099 5186 2448 5258; x_wconf 72' lang='lat' dir='ltr'><strong>successione</strong></span> <span class='ocrx_word' id='word_1_909' title='bbox 2477 5184 2531 5258; x_wconf 80' lang='lat' dir='ltr'><strong>in</strong></span> <span class='ocrx_word' id='word_1_910' title='bbox 2560 5185 2803 5258; x_wconf 70' lang='lat' dir='ltr'><strong>Ecclesia</strong></span> <span class='ocrx_word' id='word_1_911' title='bbox 2824 5184 3363 5258; x_wconf 10' lang='lat' dir='ltr'><strong>ﬂoruerunt.iltaqite</strong></span> <span class='ocrx_word' id='word_1_912' title='bbox 3385 5189 3497 5244; x_wconf 87' lang='grc' dir='ltr'><strong>τῶν</strong></span> <span class='ocrx_word' id='word_1_913' title='bbox 3516 5184 3678 5246; x_wconf 83' lang='grc' dir='ltr'>’κατά</span> 
     </span>
    </p>
   </div>
   <div class='ocr_carea' id='block_1_128' title="bbox 2097 5252 3675 5325">
    <p class='ocr_par' dir='ltr' id='par_1_128' title="bbox 2097 5252 3675 5325">
     <span class='ocr_line' id='line_1_128' title="bbox 2097 5252 3675 5325; baseline 0.004 -19"><span class='ocrx_word' id='word_1_914' title='bbox 2097 5252 2349 5324; x_wconf 79' lang='grc' dir='ltr'>διαδοχὰς</span> <span class='ocrx_word' id='word_1_915' title='bbox 2375 5254 2864 5325; x_wconf 75' lang='grc' dir='ltr'>ὲκκλησιαπικῶν,</span> <span class='ocrx_word' id='word_1_916' title='bbox 2898 5257 3038 5309; x_wconf 90' lang='lat' dir='ltr'><strong>idem</strong></span> <span class='ocrx_word' id='word_1_917' title='bbox 3082 5257 3224 5312; x_wconf 87' lang='lat' dir='ltr'><strong>valet</strong></span> <span class='ocrx_word' id='word_1_918' title='bbox 3271 5252 3334 5313; x_wconf 73' lang='lat' dir='ltr'><strong>ac</strong></span> <span class='ocrx_word' id='word_1_919' title='bbox 3380 5260 3490 5313; x_wconf 84' lang='grc' dir='ltr'>τῶν</span> <span class='ocrx_word' id='word_1_920' title='bbox 3552 5259 3675 5313; x_wconf 84' lang='grc' dir='ltr'>καθ’</span> 
     </span>
    </p>
   </div>
   <div class='ocr_carea' id='block_1_129' title="bbox 2097 5324 3679 5403">
    <p class='ocr_par' dir='ltr' id='par_1_129' title="bbox 2097 5324 3679 5403">
     <span class='ocr_line' id='line_1_129' title="bbox 2097 5324 3679 5403; baseline 0.006 -28"><span class='ocrx_word' id='word_1_921' title='bbox 2097 5325 2359 5403; x_wconf 69' lang='grc' dir='ltr'>ἑκάστους</span> <span class='ocrx_word' id='word_1_922' title='bbox 2386 5324 2607 5403; x_wconf 64' lang='grc' dir='ltr'>καιροὺς</span> <span class='ocrx_word' id='word_1_923' title='bbox 2634 5324 3119 5403; x_wconf 46' lang='grc' dir='ltr'>ἐκκλησι-αστικῶν,</span> <span class='ocrx_word' id='word_1_924' title='bbox 3138 5328 3222 5403; x_wconf 64' lang='lat' dir='ltr'><strong>vel</strong></span> <span class='ocrx_word' id='word_1_925' title='bbox 3246 5327 3356 5403; x_wconf 63' lang='grc' dir='ltr'>τιῖιν</span> <span class='ocrx_word' id='word_1_926' title='bbox 3377 5330 3465 5382; x_wconf 78' lang='grc' dir='ltr'><strong>ἀεὶ</strong></span> <span class='ocrx_word' id='word_1_927' title='bbox 3479 5329 3679 5403; x_wconf 77' lang='grc' dir='ltr'>ἐκκλη-</span> 
     </span>
    </p>
   </div>
   <div class='ocr_carea' id='block_1_130' title="bbox 2102 5392 3678 5461">
    <p class='ocr_par' dir='ltr' id='par_1_130' title="bbox 2102 5392 3678 5461">
     <span class='ocr_line' id='line_1_130' title="bbox 2102 5392 3678 5461; baseline 0.006 -16"><span class='ocrx_word' id='word_1_928' title='bbox 2102 5392 2416 5448; x_wconf 85' lang='grc' dir='ltr'>σιαστικῶν.</span> <span class='ocrx_word' id='word_1_929' title='bbox 2438 5392 2575 5447; x_wconf 81' lang='lat' dir='ltr'><strong>Natn</strong></span> <span class='ocrx_word' id='word_1_930' title='bbox 2606 5404 2663 5447; x_wconf 89' lang='lat' dir='ltr'><strong>ut</strong></span> <span class='ocrx_word' id='word_1_931' title='bbox 2684 5392 2822 5461; x_wconf 79' lang='lat' dir='ltr'><strong>apud</strong></span> <span class='ocrx_word' id='word_1_932' title='bbox 2854 5392 3111 5450; x_wconf 66' lang='lat' dir='ltr'><strong>Hebraeos</strong></span> <span class='ocrx_word' id='word_1_933' title='bbox 3132 5396 3233 5451; x_wconf 82' lang='lat' dir='ltr'><strong>fuit</strong></span> <span class='ocrx_word' id='word_1_934' title='bbox 3278 5399 3408 5452; x_wconf 92' lang='lat' dir='ltr'><strong>olim</strong></span> <span class='ocrx_word' id='word_1_935' title='bbox 3453 5392 3678 5454; x_wconf 72' lang='lat' dir='ltr'><strong>succes-</strong></span> 
     </span>
    </p>
   </div>
   <div class='ocr_carea' id='block_1_131' title="bbox 2103 5464 3678 5539">
    <p class='ocr_par' dir='ltr' id='par_1_131' title="bbox 2103 5464 3678 5539">
     <span class='ocr_line' id='line_1_131' title="bbox 2103 5464 3678 5539; baseline 0.003 -21"><span class='ocrx_word' id='word_1_936' title='bbox 2103 5465 2186 5539; x_wconf 79' lang='lat' dir='ltr'><strong>sio</strong></span> <span class='ocrx_word' id='word_1_937' title='bbox 2206 5464 2800 5539; x_wconf 82' lang='lat' dir='ltr'><strong>propltetaru_m,_licet_</strong></span> <span class='ocrx_word' id='word_1_938' title='bbox 2817 5466 3106 5539; x_wconf 76' lang='lat' dir='ltr'><strong>aliquoties</strong></span> <span class='ocrx_word' id='word_1_939' title='bbox 3136 5467 3460 5535; x_wconf 87' lang='lat' dir='ltr'><strong>interrupta,</strong></span> <span class='ocrx_word' id='word_1_940' title='bbox 3485 5484 3678 5539; x_wconf 88' lang='lat' dir='ltr'><strong>quem-</strong></span> 
     </span>
    </p>
   </div>
   <div class='ocr_carea' id='block_1_132' title="bbox 2106 5532 3675 5607">
    <p class='ocr_par' dir='ltr' id='par_1_132' title="bbox 2106 5532 3675 5607">
     <span class='ocr_line' id='line_1_132' title="bbox 2106 5532 3675 5607; baseline 0.003 -20"><span class='ocrx_word' id='word_1_941' title='bbox 2106 5532 2413 5607; x_wconf 71' lang='lat' dir='ltr'><strong>admodum</strong></span> <span class='ocrx_word' id='word_1_942' title='bbox 2428 5534 2595 5607; x_wconf 76' lang='lat' dir='ltr'><strong>tradit</strong></span> <span class='ocrx_word' id='word_1_943' title='bbox 2618 5532 2889 5607; x_wconf 67' lang='lat' dir='ltr'><strong>Josephus</strong></span> <span class='ocrx_word' id='word_1_944' title='bbox 2909 5532 2962 5589; x_wconf 86' lang='lat' dir='ltr'><strong>in</strong></span> <span class='ocrx_word' id='word_1_945' title='bbox 2988 5536 3129 5591; x_wconf 91' lang='lat' dir='ltr'><strong>libro</strong></span> <span class='ocrx_word' id='word_1_946' title='bbox 3153 5552 3169 5589; x_wconf 86' lang='grc' dir='ltr'><strong>ι</strong></span> <span class='ocrx_word' id='word_1_947' title='bbox 3192 5532 3376 5591; x_wconf 69' lang='lat' dir='ltr'><strong>contra</strong></span> <span class='ocrx_word' id='word_1_948' title='bbox 3398 5532 3675 5607; x_wconf 73' lang='lat' dir='ltr'><strong>Apionem,</strong></span> 
     </span>
    </p>
   </div>
   <div class='ocr_carea' id='block_1_133' title="bbox 2103 5603 3680 5674">
    <p class='ocr_par' dir='ltr' id='par_1_133' title="bbox 2103 5603 3680 5674">
     <span class='ocr_line' id='line_1_133' title="bbox 2103 5603 3680 5674; baseline 0.004 -16"><span class='ocrx_word' id='word_1_949' title='bbox 2103 5605 2186 5659; x_wconf 90' lang='lat' dir='ltr'><strong>sic</strong></span> <span class='ocrx_word' id='word_1_950' title='bbox 2213 5604 2268 5657; x_wconf 90' lang='lat' dir='ltr'><strong>in</strong></span> <span class='ocrx_word' id='word_1_951' title='bbox 2291 5603 2530 5658; x_wconf 80' lang='lat' dir='ltr'><strong>Ecclesia</strong></span> <span class='ocrx_word' id='word_1_952' title='bbox 2554 5603 2659 5657; x_wconf 85' lang='lat' dir='ltr'><strong>fuit</strong></span> <span class='ocrx_word' id='word_1_953' title='bbox 2705 5619 2921 5674; x_wconf 87' lang='lat' dir='ltr'><strong>semper</strong></span> <span class='ocrx_word' id='word_1_954' title='bbox 2962 5608 3238 5660; x_wconf 87' lang='lat' dir='ltr'><strong>successio</strong></span> <span class='ocrx_word' id='word_1_955' title='bbox 3287 5603 3573 5663; x_wconf 78' lang='lat' dir='ltr'><strong>doctorum</strong></span> <span class='ocrx_word' id='word_1_956' title='bbox 3623 5603 3680 5665; x_wconf 87' lang='lat' dir='ltr'><strong>et</strong></span> 
     </span>
    </p>
   </div>
   <div class='ocr_carea' id='block_1_134' title="bbox 2104 5674 3675 5748">
    <p class='ocr_par' dir='ltr' id='par_1_134' title="bbox 2104 5674 3675 5748">
     <span class='ocr_line' id='line_1_134' title="bbox 2104 5674 3675 5748; baseline 0.004 -21"><span class='ocrx_word' id='word_1_957' title='bbox 2104 5682 2483 5748; x_wconf 62' lang='lat' dir='ltr'><strong>tractator-um,</strong></span> <span class='ocrx_word' id='word_1_958' title='bbox 2511 5674 2603 5743; x_wconf 89' lang='lat' dir='ltr'><strong>qui</strong></span> <span class='ocrx_word' id='word_1_959' title='bbox 2647 5676 2990 5731; x_wconf 75' lang='lat' dir='ltr'><strong>ecclesiastici</strong></span> <span class='ocrx_word' id='word_1_960' title='bbox 3027 5676 3371 5748; x_wconf 72' lang='lat' dir='ltr'><strong>dicebantur,</strong></span> <span class='ocrx_word' id='word_1_961' title='bbox 3401 5688 3461 5731; x_wconf 92' lang='lat' dir='ltr'><strong>ut</strong></span> <span class='ocrx_word' id='word_1_962' title='bbox 3504 5692 3675 5748; x_wconf 86' lang='lat' dir='ltr'><strong>supra</strong></span> 
     </span>
    </p>
   </div>
   <div class='ocr_carea' id='block_1_135' title="bbox 2106 5741 3677 5818">
    <p class='ocr_par' dir='ltr' id='par_1_135' title="bbox 2106 5741 3677 5818">
     <span class='ocr_line' id='line_1_135' title="bbox 2106 5741 3677 5818; baseline 0.002 -19"><span class='ocrx_word' id='word_1_963' title='bbox 2106 5744 2312 5818; x_wconf 86' lang='lat' dir='ltr'><strong>n_0tavi.</strong></span> <span class='ocrx_word' id='word_1_964' title='bbox 2330 5741 2701 5818; x_wconf 73' lang='lat' dir='ltr'><strong>Hieronymus</strong></span> <span class='ocrx_word' id='word_1_965' title='bbox 2748 5750 2802 5798; x_wconf 91' lang='lat' dir='ltr'><strong>in</strong></span> <span class='ocrx_word' id='word_1_966' title='bbox 2829 5759 2950 5814; x_wconf 78' lang='lat' dir='ltr'><strong>Cap.</strong></span> <span class='ocrx_word' id='word_1_967' title='bbox 2986 5760 3036 5798; x_wconf 76' lang='grc' dir='ltr'>ιι</span> <span class='ocrx_word' id='word_1_968' title='bbox 3082 5745 3243 5799; x_wconf 73' lang='lat' dir='ltr'><strong>Isaia:</strong></span> <span class='ocrx_word' id='word_1_969' title='bbox 3268 5762 3287 5800; x_wconf 89' lang='lat'><strong><em>:</em></strong></span> <span class='ocrx_word' id='word_1_970' title='bbox 3331 5745 3401 5818; x_wconf 74' lang='lat' dir='ltr'><strong>1d</strong></span> <span class='ocrx_word' id='word_1_971' title='bbox 3447 5741 3590 5818; x_wconf 72' lang='lat' dir='ltr'><strong>quod</strong></span> <span class='ocrx_word' id='word_1_972' title='bbox 3622 5754 3677 5802; x_wconf 75' lang='lat' dir='ltr'><strong>in</strong></span> 
     </span>
    </p>
   </div>
   <div class='ocr_carea' id='block_1_136' title="bbox 2109 5810 3677 5885">
    <p class='ocr_par' dir='ltr' id='par_1_136' title="bbox 2109 5810 3677 5885">
     <span class='ocr_line' id='line_1_136' title="bbox 2109 5810 3677 5885; baseline 0.003 -18"><span class='ocrx_word' id='word_1_973' title='bbox 2109 5810 2394 5884; x_wconf 81' lang='lat' dir='ltr'><strong>Evangelia</strong></span> <span class='ocrx_word' id='word_1_974' title='bbox 2441 5810 2684 5869; x_wconf 62' lang='lat' dir='ltr'><strong>Matthxi</strong></span> <span class='ocrx_word' id='word_1_975' title='bbox 2738 5810 2913 5869; x_wconf 71' lang='lat' dir='ltr'><strong>omnes</strong></span> <span class='ocrx_word' id='word_1_976' title='bbox 2955 5823 3196 5885; x_wconf 61' lang='lat' dir='ltr'><strong>quierunt</strong></span> <span class='ocrx_word' id='word_1_977' title='bbox 3239 5810 3581 5873; x_wconf 72' lang='lat' dir='ltr'><strong>ecclesiastici</strong></span> <span class='ocrx_word' id='word_1_978' title='bbox 3626 5829 3677 5874; x_wconf 77' lang='lat' dir='ltr'><strong>et</strong></span> 
     </span>
    </p>
   </div>
  </div>
