4192 6402
562 293 659 349 271

1263 292 1531 351 EUSEBII
1568 296 2049 354 CESARIENSIS
2085 298 2236 354 OPP.
2278 297 2459 355 PARS
2497 298 2536 354 I.
2577 329 2647 342 —
2682 296 3070 355 HISTORICA.
3699 301 3806 357 272

561 427 995 472 commemorare
1020 415 1277 484 dignatus
1318 423 1423 472 est.
1472 415 1580 473 Sed
1613 428 1670 474 et
1697 419 1872 489 ipsum
1907 419 2088 476 dicenc‘

2195 466 2199 479 ,
2227 418 2541 472 ἐναλλάττει
2578 417 2882 489 χαρακτὴρ,
2905 417 2940 487 ἧ
2971 433 3031 468 τε
3058 412 3251 486 γνώμη
3287 417 3380 469 καὶ
3405 419 3438 488 ἠ
3469 415 3577 470 τῶν
3608 418 3667 470 έν
3701 418 3801 471 αὖ·

561 519 733 576 genus
766 504 922 574 longe
959 505 1028 559 ab
1054 504 1351 574 apostolica
1381 506 1732 577 simplicitate
1756 509 1871 580 98
1915 510 2121 566 discre-

559 606 674 667 pat.
715 596 921 653 Sensus
955 596 1328 667 quoqueipse,
1368 607 1424 653 et
1468 615 1590 669 qua
1634 600 1838 656 ibidem
1890 602 2126 656 traditur

560 686 714 755 ﬁdes,
740 702 862 744 cum
891 703 922 743 a
954 702 1081 742 vera
1116 696 1173 743 et
1200 689 1465 745 catholica
1496 690 1746 745 doctrina
1802 691 2121 763 plurimum—

557 790 815 847 quantum
888 783 1138 848 aberret,
1202 781 1320 837 haec
1390 780 1770 837 haereticorum
1840 784 2121 838 hominum

556 870 808 939 ﬁgmenta
838 885 960 928 esse
1001 872 1290 928 manifeste
1320 873 1587 942 coarguit.
1615 873 1878 940 Quocirca
1910 888 1975 929 ne
2004 874 2127 943 qui-

554 964 677 1018 dem
703 962 847 1018 inter
877 965 1095 1034 spurios
1126 964 1431 1020 collocandi
1459 975 1588 1020 sunt
1614 966 1669 1020 hi
1703 966 1849 1029 libri,
1881 965 1976 1020 sed
2005 975 2125 1018 tan-

553 1069 712 1124 quam
742 1056 964 1112 absurdi
998 1065 1054 1111 et
1093 1057 1268 1127 impii,
1309 1071 1537 1127 prorsus
1583 1057 1922 1127 repudiandi.
1967 1054 2122 1112 Nunc

554 1145 621 1199 ad
660 1148 860 1203 seriem
893 1147 1140 1204 historia:
1167 1156 1365 1203 nostra:
1389 1150 1697 1204 redeamus.

1101 1319 1331 1379 CAPUT
1377 1320 1571 1377 XXVI.

904 1432 981 1488 De
1028 1432 1317 1488 Menandro
1360 1433 1763 1504 prwstigiatore.

620 1548 865 1603 Simonis
913 1546 1051 1616 Magi
1116 1561 1404 1602 successor
1466 1546 1782 1616 Menander,
1833 1549 2115 1606 diabolica:

546 1637 837 1708 pravitatis
890 1636 1117 1692 alterum
1172 1636 1339 1691 telum
1405 1636 1592 1705 priore
1638 1637 1729 1694 illo
1775 1654 2111 1712 nequaquam

2228 513 2342 574 τοῖς
2377 512 2690 582 φερομένων
2726 510 3040 581 προαίρεσις
3059 549 3075 573 ,
3124 508 3375 562 πλεῖστον
3405 510 3527 562 ὅσον
3556 509 3656 580 τῆς
3679 509 3806 581 ἀλη-

2227 602 2354 665 θοῦς
2408 600 2720 672 όρθοδοξίας
2766 602 3047 673 ἀπᾴδουσα
3097 599 3234 669 (54),
3266 601 3350 653 ὃτι
3388 600 3454 671 δὴ
3509 601 3804 672 αίρετικῶν

2226 692 2432 764 ἀνδρῶν
2460 693 2862 764 ἀναπλάσματα
2892 692 3170 763 τυγχάνει,
3215 692 3402 761 σαφῶς
3435 694 3762 765 παρίστησιν
3782 709 3797 724 ·

2226 784 2347 837 ὅθεν
2375 783 2482 837 οὐδ’
2515 786 2573 837 ἑν
2598 784 2772 847 νόθοις
2790 784 2930 838 αὐτὰ
2956 784 3349 847 κατατακτέον,
3382 783 3497 838 ἀλλ’
3523 785 3599 849 ὡς
3623 787 3801 840 ἄτοπα

2231 876 2408 944 πάντη
2455 875 2553 928 καὶ
2592 875 2823 946 δυσσεϐῆ
2865 875 3252 947 παραιτητέον.
3290 877 3488 948 Ἴωμεν
3518 876 3584 948 δὴ
3616 875 3797 930 λοιπὸν

2228 966 2324 1020 καὶ
2346 967 2440 1021 ἐπὶ
2461 966 2559 1040 τὴν
2584 966 2711 1039 tea;
2739 967 2998 1041 ἱστορίαν.

2711 1321 3108 1376 κεοΑΛΑιοΝ
3153 1322 3298 1390 Kq'.

2218 1429 2358 1497 Περὶ
2393 1427 2740 1497 Μενάνδρου
2772 1430 2878 1483 τοῦ
2918 1431 3132 1501 γόητος
3165 1429 3307 1500 (Nic.
3359 1430 3429 1486 11.
3458 1431 3528 1487 Ε.
3561 1449 3641 1498 Ill,
3683 1434 3788 1505 12).

2286 1542 2507 1612 Σίμωνα
2534 1541 2627 1594 τὸν
2661 1540 2836 1611 μάγον
2866 1541 3174 1613 Μένανδρος
3204 1542 3606 1615 διαδεξάμενος,
3633 1546 3795 1601 ὅπλον

2211 1633 2463 1706 δεύτερον
2492 1634 2602 1704 (33)
2635 1635 2694 1686 οὐ
2719 1637 2896 1705 χεῖρον
2921 1633 3013 1687 τοῦ
3043 1634 3332 1706 προτέρου,
3361 1637 3459 1706 τῆς
3483 1636 3794 1710 διαϐολικῆς

547 1726 784 1785 inferius
826 1728 1115 1798 semetipse
1164 1741 1229 1783 ac
1279 1740 1458 1781 mores
1510 1743 1640 1784 suos
1686 1732 1959 1799 prastitit.
2013 1732 2088 1787 ιιι.

2215 1724 2495 1796 ἐνεργείας
2545 1724 2924 1778 ἀποδείκνυται
2976 1725 3066 1778 τὸν
3114 1727 3345 1798 τρόπον·
3396 1723 3465 1799 ἦν
3501 1732 3594 1784 καὶ
3640 1726 3795 1798 οὗτος

544 1834 763 1891 quoque
791 1818 1113 1885 Samarites,
1151 1820 1219 1872 ad
1249 1831 1518 1871 sumntum
1553 1820 1889 1892 magicarum
1916 1823 2088 1878 artiun

2213 1818 2501 1889 Σαμαρεὺς
2528 1818 2663 1887 (56),
2700 1819 2778 1882 εἰς
2810 1817 2980 1889 ἄκρον
3013 1818 3069 1871 δὲ
3099 1819 3199 1889 τῆς
3223 1821 3477 1890 γοητείας
3509 1824 3609 1876 οὐκ
3641 1823 3794 1878 ἔλατ-

543 1914 792 1983 peritiam
816 1912 1040 1983 perinde
1074 1925 1139 1967 ac
1167 1911 1425 1981 magister
1462 1926 1816 1985 progressus,
1864 1916 2113 1982 pluribus

553 2006 733 2062 adhuc
766 2014 821 2061 et
846 2003 1258 2060 absurdioribus
1288 2006 1564 2076 ﬁgmentis
1609 2009 1949 2064 exuberavit.
1972 2010 2110 2066 Nam

544 2098 784 2166 seipsum
826 2096 1044 2168 quidem
1072 2096 1420 2153 Servatorem
1448 2113 1569 2154 esse
1596 2103 1894 2166 asserebat,
1921 2103 1988 2157 ad
2015 2104 2113 2157 ho-

541 2189 745 2243 minum
778 2188 1010 2243 salutem
1040 2200 1107 2243 ex
1133 2187 1269 2244 aevis
1300 2190 1623 2259 quibusdam
1652 2192 2015 2249 invisibilibus
2044 2196 2112 2249 ab

532 2264 650 2334 alto
681 2279 1030 2334 destinatum.
1056 2277 1335 2335 Neminem
1362 2294 1495 2337 vero
1525 2281 1710 2337 aiebat
1739 2283 1887 2352 ipsos
1921 2286 2108 2339 mundi

536 2373 846 2428 conditores
882 2372 1106 2441 angelos
1136 2386 1297 2443 posse
1340 2387 1625 2442 superare,
1677 2374 1778 2429 nisi
1814 2375 1907 2445 qui
1955 2376 2107 2446 prius

535 2464 745 2538 magica
795 2462 1085 2534 disciplina
1138 2477 1168 2517 a
1213 2477 1274 2518 se
1339 2462 1655 2527 institutus,
1702 2473 1757 2518 et
1811 2464 2102 2532 baptismo,

533 2570 695 2625 quem
736 2555 854 2626 ipse
892 2554 1164 2619 tradebat,
1221 2553 1467 2609 initiatus
1516 2555 1731 2609 fuisset.
1789 2553 1959 2623 Quem
2008 2555 2105 2611 ba-

533 2645 793 2715 ptismum
827 2646 1140 2716 quicunque
1165 2646 1443 2717 suscipere
1473 2647 1823 2713 meruissent,
1857 2642 1951 2702 eos
1974 2663 2103 2717 per-

532 2746 749 2803 petuam
789 2736 843 2792 in
898 2736 1003 2792 hoc
1050 2735 1757 2809 saeculojmmortalitatem
1808 2738 2104 2808 adepturus

529 2826 838 2884 aﬂirmabat
863 2846 877 2883 :
906 2843 1014 2883 non
1048 2828 1279 2897 amplius
1325 2830 1486 2885 morti
1524 2830 1815 2897 obnoxios,
1862 2830 1959 2886 sed
2012 2831 2102 2885 hic

529 2920 585 2975 in
614 2935 789 2976 aevum
815 2935 1219 2991 permansuros,
1246 2922 1477 2992 juvenes
1519 2936 1737 2992 semper
1782 2932 1948 2992 atque
1997 2921 2101 2976 im-

528 3011 789 3067 mortales
813 3012 1046 3068 l'uturos.
1074 3014 1248 3084 Atque
1295 3013 1412 3069 haec
1439 3013 1660 3085 quidem
1705 3026 1772 3068 es
1812 3011 2001 3067 Irenzei
2033 3012 2097 3066 li-

528 3102 644 3161 bris
692 3103 816 3160 licet
869 3119 1225 3174 cognoscere.
1287 3103 1394 3161 Sed
1443 3114 1497 3159 et
1537 3102 1787 3160 Justinus
1840 3105 2165 3190 similiterc

524 3203 817 3264 postquam
844 3195 910 3250 de
943 3194 1164 3250 Simone
1195 3195 1401 3263 retulit,
1434 3196 1500 3251 de
1530 3196 1834 3252 Menandro
1876 3211 2094 3268 quoque

521 3283 803 3357 subiungit
830 3285 944 3341 haec
971 3286 1131 3340 verba
1162 3303 1176 3341 :
1215 3304 1235 3339 ι
1269 3285 1618 3342 Menandrum
1650 3287 1774 3342 item
1803 3288 2090 3359 quemdam

521 3373 924 3430 Satnaritanum
953 3392 1020 3429 ex
1050 3377 1170 3430 vico
1193 3375 1537 3447 Caparattaea
1566 3375 1884 3442 oriundum,
1926 3375 2092 3430 disci-

519 3467 706 3538 pulum
736 3466 999 3533 Simonis,
1033 3469 1340 3525 darmonum
1372 3467 1611 3524 stimulis
1658 3467 1929 3539 agitatum
1976 3467 2091 3521 An-

520 3559 778 3616 tiochiam
802 3561 1042 3628 venisse,
1102 3571 1266 3631 atque
1313 3561 1386 3616 ibi
1437 3561 1704 3632 plurimos
1731 3568 1851 3616 arte
1878 3561 2088 3630 magica

516 3649 781 3706 delusisse
806 3653 1078 3707 novimus.
1104 3650 1206 3718 Qui
1236 3651 1400 3706 etiam
1427 3651 1792 3707 sectatoribus
1820 3651 1936 3706 suis
1962 3664 2091 3721 per-

514 3751 764 3797 suaserat
788 3742 933 3811 ipsos
965 3758 1239 3812 nunquam
1288 3758 1411 3799 esse
1448 3743 1771 3798 morituros.
1809 3741 1875 3797 Et
1916 3756 1985 3797 ex
2031 3740 2092 3796 il-

513 3827 623 3885 las
654 3830 937 3900 disciplina
967 3830 1149 3885 adhuc
1172 3841 1470 3901 supersunt
1515 3831 1762 3885 nonnulli
1804 3832 1895 3901 qui
1946 3832 2087 3887 idem

511 3920 894 3993 proﬁtentur.»
922 3920 1049 3975 Fuit
1068 3921 1170 3981 hoc
1184 3921 1462 3978 diabolica:
1487 3921 1800 3977 calliditatis
1820 3938 2091 3978 commen-

511 4024 646 4075 tum,
681 4022 739 4067 ut
769 4028 867 4084 per
896 4011 1173 4068 maleﬁcos
1218 4013 1469 4068 homines
1523 4011 1960 4068 Christianorum
1992 4028 2093 4066 no-

510 4122 635 4160 men
663 4102 803 4159 falso
825 4104 927 4159 sibi
953 4103 1319 4167 vindicantes,
1354 4117 1610 4173 magnum
1632 4101 1778 4157 illud
1807 4102 2091 4174 religionis

510 4205 712 4251 nostra:
768 4204 1170 4250 sacramentum
1203 4194 1429 4264 magica:
1468 4194 1603 4249 artis
1650 4194 1873 4249 infamia
1902 4209 2089 4266 asper-

506 4296 679 4358 geret,
704 4295 762 4343 et
786 4286 1162 4343 ecclesiastica
1217 4288 1472 4357 dogmata
1508 4285 1578 4342 de
1620 4286 1926 4341 animorum
1977 4285 2088 4340 im~

504 4459 610 4497 non
643 4442 940 4505 inveniunt,
972 4451 1079 4497 etc.
1106 4440 1278 4497 Porro
1305 4442 1358 4497 in
1381 4442 1660 4500 codicibus
1683 4442 1883 4496 nostris
1911 4441 2074 4504 Maz.,

501 4514 644 4584 med.
685 4521 740 4567 et
776 4511 1074 4567 Fuketiano
1121 4512 1385 4584 scriptum
1437 4522 1523 4570 est
1581 4511 1724 4567 κατά
1765 4511 1864 4576 τάς
1902 4511 2083 4565 διαδο-
2113 4519 2161 4577 ι)
2186 4512 2337 4584 δρλικ

501 4583 624 4656 κάς)
642 4596 775 4656 sum,
801 4584 1050 4656 artis"!!!-

570 4651 685 4721 (54)
734 4651 1104 4720 ὀρθοδοείας
1128 4650 1471 4718 ἀπᾴδουσα.
1490 4650 1627 4708 Tres
1651 4652 1823 4707 nostri
1842 4651 2079 4718 codices,

504 4719 673 4786 Maz.,
699 4719 842 4776 Med.
882 4734 940 4776 et
990 4721 1125 4777 Fuk.
1186 4724 1452 4790 scriptum
1507 4723 1710 4778 habent
1751 4721 2076 4778 ἀποδέουσα.

506 4790 742 4847 Rectior
772 4800 955 4847 tamen
1009 4792 1143 4847 mihi
1200 4793 1416 4847 videtur
1473 4792 1679 4848 codicis
1731 4791 1887 4864 Regii
1937 4796 2080 4848 scri-

543 4872 688 4915 llll’ﬂ.

713 4929 948 4985 Ὅπλον
967 4928 1282 5002 δεύτερον.
1307 4932 1367 4984 ln
1403 4928 1562 5000 hujus
1585 4932 1733 4988 vocis
1757 4932 2079 5002 interpreta-

501 5000 655 5054 tione
676 5015 867 5055 omnes
898 5002 1225 5070 interpretes
1270 5000 1451 5070 lapsos
1476 5018 1600 5058 esse
1632 5004 1821 5060 miror.
1850 5000 2079 5058 Ruﬁnus

501 5017 655 5054 Itone
676 5017 867 5055 omnes
898 5017 1225 5125 tuterEt-etes
1270 5017 1451 5070 lapsos
1476 5018 1600 5058 esse
1632 5017 1821 5060 miror.
1850 5017 2075 5058 nunnus

497 5081 710 5123 scutum
777 5072 945 5125 vertit
974 5109 991 5133 ,
1083 5085 1252 5141 angus
1296 5083 1351 5125 et
1388 5073 1659 5127 musculus
1720 5082 2075 5141 armaturam,

496 5141 1031 5209 Christopltorsonus
1066 5142 1540 5210 propugnaculum.
1567 5143 1731 5204 Atqui
1769 5141 1932 5196 ὅπλον
1975 5144 2076 5197 hoc

496 5210 620 5264 loco
645 5211 917 5280 signiﬁcat
947 5212 1129 5265 telum.
1177 5211 1348 5333 Igitur
1395 5210 1556 5266 ὅπλον
1614 5212 1717 5282 τῆς
1760 5211 2073 5284 διαϐολικῆς

496 5282 796 5333 ἐνεργείας.
835 5284 973 5333 idem
1004 5289 1088 5333 est
1118 5295 1182 5333 ac
1247 5296 1465 5333 ογανον.
1492 5283 1902 5333 instrumentum
1961 5285 2073 5333 da:-

493 5282 796 5350 ὲνεργείας,
835 5284 973 5353 idem
1004 5289 1088 5353 est
1118 5295 1182 5337 ac
1212 5282 1465 5353 ὄργανον,
1492 5283 1902 5339 instrumentum
1961 5282 2073 5337 dai-

492 5356 744 5404 moniacm
774 5350 1076 5417 pravitatis.

560 5420 677 5545 (δέ)
711 5418 865 5490 Vulg.
902 5420 1354 5476 Ἀποδείκνυταυ
1374 5420 1482 5476 τὸν
1503 5417 1828 5506 moeros-ﬁte
1844 5420 1941 5474 καί
1963 5423 2071 5474 αὑ-

560 5510 594 5545 c
668 5491 949 5545 αιιαοεύρ.
977 5491 1032 5544 In
1067 5504 1301 5545 quatuor
1347 5496 1551 5545 nostris
1581 5495 1882 5545 codicibus.
1906 5490 2067 5545 Μία..

488 5489 949 5561 τ’ρῤΣαμαρὲύς.
977 5491 1032 5544 In
1067 5504 1301 5561 quatuor
1347 5489 1551 5547 nostris
1581 5489 1882 5556 codicibus,
1906 5490 2067 5556 Mam,

490 5560 650 5632 med"
670 5561 801 5615 Fuk.
817 5573 870 5614 et
891 5560 1097 5625 Savil.,’
1115 5562 1274 5632 longe
1292 5562 1452 5616 aliam
1482 5564 1641 5632 hujus
1670 5562 1772 5618 loci
1795 5564 2074 5629 interpun-

486 5630 719 5684 ctioncm
749 5632 955 5697 iuveni,
982 5646 1144 5701 quam
1177 5630 1397 5687 secutus
1424 5642 1507 5688 est
1529 5630 2074 5701 Cbristophorsonus,

493 5712 551 5754 ut
597 5714 664 5755 ea
711 5703 957 5758 versione
998 5700 1114 5771 ejus
1176 5714 1425 5773 apparet.
1473 5702 1565 5758 Sic
1601 5700 2070 5758 enim’scribitur:

2208 1926 2299 1963 τον
2354 1909 2449 1963 τοῦ
2496 1909 2819 1963 διδασκάλου
2880 1908 3177 1978 προελθὼν,
3238 1912 3481 1982 μείζοσιν
3541 1913 3789 1983 ἐπιδαψι-

2209 2000 2424 2054 λεύεται
2471 1999 2874 2073 τερατολογίαις
2894 2039 2909 2062 ,
2941 2002 3130 2055 ἑαυτὸν
3169 2002 3288 2073 μὲν,
3321 2003 3396 2068 ὡς
3424 2003 3534 2075 ἄρα
3571 2005 3680 2077 εἴη,
3707 2005 3793 2059 λέ-

2208 2109 2342 2161 γων,
2379 2092 2408 2145 ὀ
2442 2093 2656 2164 Σωτὴρ,
2683 2091 2775 2145 ἐπὶ
2807 2095 2872 2164 τῇ
2908 2093 3016 2147 τῶν
3050 2093 3351 2167 ἀνθρώπων
3384 2097 3589 2152 ἄνωθέν
3627 2100 3791 2155 ποθεν

2208 2185 2265 2251 ἐξ
2291 2184 2536 2254 ἀοράτων
2563 2182 2772 2237 αἰώνων
2794 2184 3197 2255 ἀπεσταλμένος
3224 2188 3488 2259 σωτηρίᾳ,
3521 2188 3790 2246 διδάσκων

2206 2275 2262 2328 δὲ
2298 2274 2371 2345 μὴ
2410 2273 2585 2337 ἄλλως
2627 2273 2888 2327 δύνασθαί
2923 2292 3045 2330 τινα
3083 2276 3178 2330 καὶ
3209 2277 3388 2331 αὐτῶν
3438 2278 3544 2331 τῶν
3591 2298 3790 2353 κοσμο-

2207 2366 2373 2418 ποιῶν
2399 2365 2646 2434 ἀγγέλων
2674 2367 3152 2438 περιγενήσεσθαι,
3181 2369 3256 2440 μὴ
3287 2367 3549 2440 πρότερον
3573 2371 3664 2425 διὰ
3688 2373 3788 2444 τῆς

2208 2458 2341 2527 πρὸς
2380 2457 2546 2511 αὑτοῦ
2596 2458 3028 2530 παραδιδομένης
3065 2461 3303 2529 μαγικῆς
3350 2463 3644 2532 ἐμπειρίας
3687 2465 3786 2535 ax-

2205 2548 2385 2611 θέντα,
2422 2550 2513 2603 καὶ
2538 2548 2625 2603 διὰ
2656 2549 2749 2603 τοῦ
2779 2551 3195 2621 μεταδιόομένου
3233 2554 3368 2623 πρὸς
3397 2555 3561 2607 αὑτοῦ
3592 2555 3786 2626 βαπτί-

2205 2657 2425 2710 σματος.
2469 2636 2543 2694 Οὖ
2584 2640 2710 2704 τοὺς
2755 2641 3217 2712 κατηξιωμένους,
3273 2643 3570 2699 ἀθανασίαν
3613 2647 3782 2700 ἀΐδιοι

2201 2732 2260 2784 ὲν
2306 2730 2455 2801 αὐτῷ
2496 2733 2669 2802 τούτῳ
2716 2732 2960 2802 μεθέξειν
3005 2733 3121 2803 (37)
3156 2733 3233 2805 τῷ
3278 2734 3396 2806 βίῳ,
3429 2737 3625 2807 μηκέτι
3657 2737 3783 2810 θνή-

2202 2837 2450 2886 σκοντας,
2481 2821 2647 2875 αὑτοῦ
2679 2822 2736 2875 δὲ
2769 2824 3215 2894 παραμένοντας,
3241 2826 3322 2888 είς
3352 2826 3413 2879 τὸ
3440 2827 3528 2881 ἀεὶ
3557 2828 3781 2899 ἀγήρως

2199 2915 2350 2979 τινάς
2382 2916 2477 2967 καὶ
2510 2915 2811 2979 ἀθανάτους
2852 2917 3162 2987 ἐσομένους.
3203 2918 3388 2973 Ταῦτα
3425 2920 3522 2990 μὲν
3564 2916 3657 2974 οὖν
3687 2923 3780 2975 καὶ

2197 3002 2264 3055 ὲκ
2291 3001 2401 3055 τῶν
2441 3002 2730 3074 Είρηναίου
2769 3004 3062 3074 διαγνῶναι
3104 3007 3304 3079 ρᾲδιον.
3348 3009 3459 3063 Καὶ
3488 3011 3518 3064 ό
3561 3010 3781 3065 Ίουσττ-

2196 3110 2287 3157 νος
2311 3093 2369 3147 δὲ
2410 3094 2553 3148 κατά
2581 3094 2643 3149 τὸ
2674 3095 2807 3149 αὐτὸ
2838 3095 2931 3149 τοῦ
2967 3096 3209 3168 Σίμωνος
3242 3101 3640 3170 μνημονεύσας,
3683 3103 3780 3157 καὶ

2200 3185 2297 3258 τὴν
2325 3187 2454 3258 περὶ
2483 3185 2675 3240 τούτου
2704 3187 2956 3260 διήγησιν
2983 3189 3257 3262 ἐπιφέρει,
3288 3191 3462 3260 λέγων
3482 3210 3496 3224 ο
3531 3210 3550 3244 ι
3569 3193 3779 3247 Μέναν-

2196 3279 2323 3352 δρον
2345 3279 2401 3333 δέ
2434 3297 2555 3335 τινα
2583 3281 2674 3333 καὶ
2702 3280 2864 3334 αὑτὸν
2893 3282 3151 3354 Σαμαρέα
3177 3283 3269 3337 τὸν
3304 3283 3413 3338 ἀπὸ
3442 3283 3634 3357 κώμης
3658 3286 3776 3339 Κα-

2197 3372 2559 3442 παρατταίας,
2616 3374 2910 3442 γενόμενον
2957 3374 3203 3446 μαθητὴν
3246 3374 3341 3428 τοῦ
3390 3376 3653 3447 Σίμωνος,
3694 3379 3777 3431 ol-

2199 3463 2498 3535 στρηθέντα
2530 3464 2624 3517 καὶ
2649 3465 2811 3519 αὐτὸν
2837 3465 2943 3518 ὑπὸ
2985 3466 3093 3519 τῶν
3120 3466 3408 3538 δαιμόνων,
3441 3467 3536 3520 καὶ
3562 3467 3621 3521 ἐν
3659 3469 3776 3523 Ἀν-

2192 3557 2397 3628 τιοχείᾳ
2427 3558 2737 3628 γενόμενον,
2776 3557 3004 3621 πολλοὺς
3031 3557 3372 3628 ἐξαπατῆσαι
3405 3557 3494 3612 διὰ
3532 3559 3774 3630 μαγικῆς

2190 3649 2384 3720 τέχνης
2424 3648 2667 3720 οἴδαμεν·
2701 3649 2760 3714 δς
2788 3650 2883 3702 καὶ
2908 3652 3032 3712 τοὺς
3058 3649 3205 3720 αὑτῷ
3238 3650 3556 3720 ἑπομένους,
3594 3650 3671 3714 ὡς
3699 3651 3773 3722 μὴ

2190 3738 2580 3810 ἀποθνήσκοιεν
2609 3740 2811 3793 ἔπεισε.
2840 3741 2951 3795 Καὶ
2974 3739 3070 3793 νῦν
3100 3741 3242 3806 τινές
3263 3744 3401 3795 εἰσιν
3422 3743 3517 3797 ἀπ’
3539 3744 3771 3805 ἐκείνου,

2188 3829 2347 3885 τοῦτο
2380 3830 2788 3902 ὁμολογοῦντες.
2844 3850 2863 3883 ι
2905 3827 3015 3885 Ἦν
3054 3832 3100 3885 δ’
3133 3831 3240 3905 ἀρα
3275 3833 3585 3906 διαϐολικῆς
3621 3837 3773 3908 ἐνερ-

2190 3921 2366 3991 γείας,
2407 3922 2494 3976 διά
2537 3922 2754 3976 τοιῶνδε
2808 3926 3019 3995 γοήτων
3057 3923 3155 3995 τὴν
3214 3926 3556 3996 Χριστιανῶν
3599 3943 3771 3998 προσ-

2184 4013 2410 4085 ηγορίαν
2431 4013 2828 4084 ὑποδυομένων,
2851 4014 2915 4068 τὸ
2930 3998 3083 4087 ’μέγα
3107 4017 3205 4087 τῆς
3233 4016 3540 4081 θεοσεϐείας
3565 4018 3771 4088 μυστή-

2186 4120 2300 4176 ριον
2333 4104 2425 4157 ἐπὶ
2456 4105 2659 4176 μαγείᾳ
2688 4105 2983 4159 σπουδάσαι
3009 4106 3301 4168 διαϐαλεῖν,
3330 4106 3584 4179 διασῦραι
3608 4124 3667 4160 τε
3699 4106 3767 4160 δι’

2184 4192 2365 4249 αὐτῶν
2394 4192 2465 4247 τά
2492 4193 2619 4267 περὶ
2644 4193 2821 4265 ψυχῆς
2850 4194 3149 4259 ἀθανασίας
3174 4197 3270 4249 καὶ
3295 4195 3503 4267 νενρῶν
3536 4195 3769 4249 ἀναστά-

2185 4303 2321 4350 σεως
2360 4285 2791 4356 ἐκκλησιαστικά
2826 4287 3091 4359 δόγματα.
3139 4287 3278 4341 Ἀλλ’
3326 4283 3471 4343 οὗτοι
3506 4290 3604 4361 μὲν
3641 4287 3766 4342 τού-

2188 4440 2391 4515 ἶρπλον
2428 4441 2680 4515 δεύτερον
2705 4443 2977 4515 οὑᾼχεῖρον
3005 4441 3100 4496 τοῦ
3149 4443 3438 4515 προτέρου,
3492 4443 3595 4515 τῆς
3641 4442 3762 4515 διατ-

2339 4510 2716 4637 ἢὲαὲνεργείας
2752 4510 3134 4566 ἀποδείκνυται
3166 4510 3258 4567 τδν
3286 4510 3526 4597 τρόπονς
3550 4510 3630 4588 ’ἦν
3668 4514 3764 4566 καὶ

2446 4600 2671 4637 ιιαοευς.
2702 4583 2779 4637 Ac
2810 4583 3053 4637 profecto
3108 4585 3220 4637 haec
3275 4585 3555 4637 dtsttnctto
3604 4589 3762 4637 longe

2183 4579 2337 4645 οὗτος
2361 4579 2671 4655 Σαμαρεὺς.
2702 4583 2779 4638 Ac
2804 4583 3053 4655 profecto
3084 4585 3235 4655 haec
3275 4579 3555 4641 distinctio
3585 4579 3762 4655 'longe

2184 4654 2386 4707 rectior
2407 4652 2490 4708 est
2525 4652 2696 4724 quam
2726 4652 2965 4724 vulgata.
2993 4652 3128 4724 Quis
3152 4653 3296 4724 enim
3323 4668 3521 4724 sensus
3543 4663 3631 4710 est
3659 4652 3760 4724 nos

2180 4738 2303 4808 9"."
2331 4720 2619 4808 νεηιξατάἮ
2638 4722 2746 4808 ίτδν
2766 4720 2967 4808 sum
2994 4720 3192 4808 ἤϊκαὶ
3227 4723 3399 4808 ειὺτδξ
3438 4721 3763 4808 Nam?

2182 4793 2311 4848 Scio
2342 4794 2560 4861 quidem
2586 4792 2960 4849 Samaritanus
2991 4792 3117 4849 odio
3166 4792 3333 4849 fuisse
3368 4792 3615 4857 Judris,'
3639 4802 3759 4848 tan-

2179 4879 2342 4933 quam
2369 4864 2611 4919 omnium
2642 4862 2919 4918 hominum
2949 4864 3294 4927 deterrimos,
3316 4864 3454 4933 adeo
3478 4874 3539 4918 ut
3562 4863 3755 4918 Sama-

2179 4931 2345 5002 ritani
2370 4948 2566 4989 nomen
2600 4933 2771 4988 instar
2796 4934 3101 5002 gravissimi
3168 4934 3356 5001 probri
3426 4931 3630 4990 Judtcis
3654 4934 3756 4988 ba-

2177 5001 2420 5057 beretur.
2457 5001 2653 5057 Verum
2685 5003 2774 5057 hic
2802 5001 2867 5057 de
2899 5005 3074 5071 patria
3116 5002 3399 5057 Menandri
3429 5018 3610 5058 sermo
3646 5010 3751 5059 est.

2179 5072 2258 5143 De
2285 5074 2527 5129 moribus
2551 5081 2732 5126 autem
2769 5072 2911 5125 infra
2955 5072 3194 5143 loquitur
3226 5073 3509 5128 Eusebius.
3576 5074 3752 5129 Porro

2180 5141 2481 5213 Menander
2508 5141 3289 5213 SamarzeusAdicituhfeodcm
3344 5146 3502 5198 modo
3527 5158 3636 5213 quo
3660 5144 3749 5198 Si-

2180 5226 2306 5265 mon
2340 5210 2649 5283 Snmara'ua
2674 5211 2975 5283 appellatur
3006 5229 3034 5266 a
3063 5212 3280 5267 Justino
3308 5213 3360 5267 in
3408 5210 3749 5283 Apologetico

2175 5292 2232 5335 et
2264 5282 2606 5353 aAClenIcnte
2654 5283 2903 5353 inlibris
2946 5282 3400 5353 Recogm’tionum,
3446 5284 3498 5338 id
3550 5282 3633 5337 cst
3680 5297 3748 5336 ex

2177 5351 2454 5421 provincia
2487 5368 2581 5406 seu
2622 5354 2841 5421 regione
2875 5351 3143 5417 Satnurtu,
3181 5369 3284 5407 non
3326 5361 3504 5407 autem
3542 5367 3607 5406 ex
3636 5354 3749 5420 ipsa

2178 5422 2315 5492 urbe
2346 5420 2612 5476 Samaria.
2635 5421 2768 5476 Nam
2809 5423 2994 5477 Simon
3022 5426 3239 5492 quidem
3270 5437 3335 5475 ex
3368 5424 3487 5476 vico
3511 5421 3745 5484 Gittbis;

2178 5490 2625 5564 Menander‘vcro
2667 5508 2748 5564 ex,
2793 5490 3137 5564 Caparatit'ea,
3168 5492 3510 5564 amuniaqu
3552 5494 3750 5547 Καπα-

2183 5560 2432 5632 ραττέας.
2463 5559 2554 5615 Sic
2582 5563 2791 5616 enimin
2832 5563 2996 5632 Maz.,
3023 5562 3162 5616 Med.
3197 5559 3419 5623 et.Fuk.

2251 5632 2366 5700 (57)
2406 5631 2753 5687 Ἀθανασίαν
2779 5631 2974 5687 ἀιὸιον
2999 5632 3292 5702 μεθέξειν.
3321 5633 3380 5690 In
3401 5633 3590 5691 codice
3608 5627 3743 5690 Fui.

2182 5710 2236 5759 et
2271 5704 2439 5759 Savil.
2470 5702 2667 5772 legitur
2689 5702 2988 5769 ἀθανασίας
3020 5703 3212 5763 ἀϊδίου.
