4192 6402
377 456 479 511 273

1370 459 1718 518 HISTORIA!
1758 455 2318 517 ECCLESIASTICA‘I
2362 456 2488 511 LIB.
2531 454 2621 513 ΙΙΙ.

3529 460 3635 516 274

300 604 303 607 -
377 585 501 634 τους
536 572 795 643 σωτῆρας
834 573 1273 649 ἐπιγραψάμενοι
1337 578 1436 650 τῆς
1471 577 1704 651 ἀληθοῦς
1753 581 1944 633 άποπε⁴

2062 575 2409 636 mortalitate,
2460 588 2525 629 ac
2572 573 2640 629 de
2681 580 3026 629 mortuorum
3058 572 3461 629 resurrectione
3494 573 3635 628 ludi-

378 662 657 718 πτώκασιν
693 664 924 732 ἐλπίδος.

874 961 1276 1017 ΚΕΦΑΛΑΙΟΝ
1327 964 1454 1018 ΚΖ’.

380 1048 524 1119 Περὶ
554 1049 665 1118 τῆς
692 1051 1037 1108 Ἐσιωνιιιων
1059 1053 1340 1122 αἱρέσεως
1355 1054 1494 1124 (Nic.
1525 1052 1599 1110 Η.
1632 1052 1701 1108 Ε.
1730 1069 1815 1120 m,
1846 1054 1954 1124 l5).

458 1140 684 1205 ’Ἄλλους
704 1140 761 1193 δὲ
787 1141 816 1194 ὁ
846 1141 1083 1213 πονηρός
1102 1143 1312 1214 δαίμων
1333 1144 1432 1214 τῆς
1460 1144 1586 1215 περὶ
1612 1143 1703 1197 τὸν
1726 1144 1959 1215 Χριστὸν

377 1228 475 1283 τοῦ
510 1229 643 1283 Θεοῦ
686 1230 976 1294 διαθέσεως
1023 1232 1301 1286 ἀδυνατῶν
1348 1234 1621 1297 ἐκσεῖσαι,
1657 1230 1957 1305 θατεραλὴ-

381 1337 549 1383 πτους
574 1319 685 1391 (58)
713 1319 909 1391 εύρὼν,
937 1321 1337 1393 ἐσφετερίζετο.
1371 1320 1713 1385 Ἐϐιωναίους
1740 1321 1958 1387 τούτους

378 1408 591 1473 οἰκείως
618 1408 955 1481 ἐπεφήμιζον
976 1413 1023 1463 οξ
1056 1410 1281 1482 πρῶτοι,
1315 1410 1544 1482 πτωχῶς
1564 1411 1658 1465 καὶ
1686 1412 1957 1475 ταπεινῶς

376 1501 446 1554 τά
474 1499 707 1572 περὶτοῦ
723 1500 953 1573 Χριστοῦ
971 1501 1309 1567 δοξάζοντας.
1337 1502 1496 1555 Λιτὸν
1553 1502 1653 1573 μὲν
1705 1503 1813 1575 γὰρ
1858 1504 1956 1557 αὐ·

374 1593 464 1647 τὸν
522 1592 614 1646 καὶ
684 1591 863 1646 κοινόν
911 1592 1143 1664 ἡγοῦντο
1170 1636 1185 1657 ,
1257 1593 1399 1647 κατά
1457 1595 1742 1667 προκοπὴν
1793 1595 1957 1668 ἡθους

374 1684 506 1737 αὐτὸ
542 1684 701 1754 μόνον
746 1683 1034 1756 ἄνθρωπον
1078 1684 1528 1757 δεδικαιωμένον,
1576 1685 1635 1752 ἐξ
1663 1686 1853 1758 ἀνδρός
1893 1704 1954 1741 τε

373 1777 656 1841 κοινωνίας
699 1778 795 1832 καὶ
838 1777 940 1848 τῆς
996 1779 1217 1850 Μαρίας
1267 1777 1693 1849 γεγεννημένον·
1745 1777 1853 1832 δεῖν
1899 1778 1955 1831 δὲ

371 1869 588 1933 πάντως
613 1868 797 1933 αύτοῖς
822 1870 923 1940 τῆς
951 1870 1180 1940 νομικῆς
1221 1870 1538 1941 θρησκείας,
1573 1869 1650 1932 ὡς
1678 1868 1752 1941 μὴ
1777 1868 1842 1922 ἀν
1866 1868 1954 1922 διά

2064 668 2182 723 brio
2213 681 2485 735 exponere
2513 666 2770 721 omnibus
2808 666 2983 721 modis
3027 676 3341 722 conaretur.
3389 666 3497 723 Sed
3540 667 3631 722 isti

2061 757 2277 826 quidem
2309 754 2538 825 89qui
2579 752 2848 823 ejusmodi
2900 768 3213 811 servatores
3260 754 3365 810 sibi
3419 755 3630 812 ascive-

2060 857 2205 911 rant,
2236 860 2332 915 spe
2362 861 2506 901 verae
2534 844 2724 901 salutis
2757 845 2973 915 penitus
3001 846 3338 901 exciderunt.

2611 956 2838 1014 CAPUT
2877 956 3088 1012 XXVII.

2481 1050 2555 1105 De
2583 1048 2958 1107 Ebiomeorum
2995 1050 3202 1105 heresi.

2128 1139 2280 1198 Alios
2309 1156 2440 1197 vero
2473 1157 2610 1212 quos
2655 1142 2724 1195 ab
2746 1155 2932 1196 amore
2955 1139 3155 1196 Christi
3199 1142 3463 1214 malignus
3518 1141 3630 1199 dte-
3676 1212 3682 1219 _

2058 1246 2185 1287 mon
2212 1232 2490 1288 dimovere
2518 1247 2625 1288 non
2655 1240 2927 1302 potuerat,
2964 1231 3071 1286 alia
3104 1247 3170 1287 ex
3198 1243 3346 1302 parte
3382 1233 3628 1290 inﬁrmos

2054 1337 2179 1378 esse
2218 1323 2658 1392 deprehendens,
2697 1323 2751 1375 in
2805 1323 3063 1378 ditionem
3096 1339 3250 1378 suam
3284 1326 3507 1394 redegit.
3562 1326 3625 1381 Hi

2054 1419 2123 1473 ab
2149 1419 2393 1489 antiquis
2429 1416 2802 1489 cegnominati
2829 1427 2955 1471 sunt
2986 1417 3227 1473 Ehionzei
3254 1457 3272 1480 .
3305 1417 3505 1487 quippe
3535 1422 3625 1489 qui

2054 1515 2331 1570 humiliter
2358 1514 2648 1569 admodum
2676 1523 2839 1583 atque
2868 1512 3085 1584 abiecte
3114 1515 3181 1569 de
3218 1514 3435 1570 Christo
3463 1517 3629 1570 senti-

2056 1615 2194 1662 rent.
2233 1607 2366 1661 Eum
2395 1608 2542 1661 enim
2577 1605 2880 1674 simplicem
2908 1622 2971 1661 ac
3001 1606 3307 1678 vulgarem.
3335 1621 3444 1683 nec
3480 1606 3627 1661 aliud

2052 1713 2214 1766 quam
2238 1696 2514 1752 hominem
2540 1709 2660 1751 esse
2676 1695 3000 1760 censebant,
3025 1696 3116 1767 qui
3149 1696 3398 1768 profectu
3447 1698 3624 1752 virtu-

2052 1790 2120 1844 tis
2148 1791 2336 1860 justus
2360 1788 2537 1845 factus
2564 1787 2756 1843 fuisset
2783 1804 2799 1855 ;
2837 1799 3095 1843 caeterum
3135 1802 3201 1843 ex
3230 1788 3333 1843 viri
3362 1804 3488 1844 eum
3520 1788 3629 1843 bla-

2051 1883 2132 1936 ria
2157 1880 2453 1937 concubitu
2507 1890 2880 1952 procreatum.
2920 1881 3092 1937 Porro
3122 1880 3260 1953 legis
3283 1882 3623 1939 observatio-

374 1961 542 2031 μόνης
588 1961 687 2031 τῆς
735 1962 817 2024 είς
861 1961 953 2015 τὸν
997 1953 1228 2033 Χριστὸν
1263 1962 1500 2025 πίστεως
1547 1961 1641 2014 καὶ
1688 1960 1780 2014 τοῦ
1829 1962 1944 2015 κατ’

2050 1989 2170 2028 nem
2194 1973 2297 2030 sibi
2323 1972 2545 2028 omnino
2580 1973 2949 2028 necessariam
3005 1972 3300 2039 ducebant,
3344 1972 3498 2043 quasi
3527 1989 3624 2045 per

370 2053 539 2125 αὐτὴν
578 2052 697 2124 βίου
743 2052 1163 2125 σωθησομένοις.
1213 2053 1398 2108 Ἀλλοι
1444 2053 1503 2107 δέ
1548 2052 1699 2125 παρά
1728 2053 1947 2118 τούτους

367 2146 468 2217 τῆς
500 2146 673 2217 αὐτῆς
708 2145 858 2210 ὄντες
899 2146 1289 2218 προσηγορίας,
1327 2145 1425 2217 τὴν
1461 2145 1561 2217 μὲν
1586 2144 1695 2200 τῶν
1727 2145 1951 2218 εἰρημέ-

368 2254 476 2290 νων
504 2236 733 2293 έκτοπον
771 2237 1138 2309 διεδίδρασκον
1169 2236 1419 2301 ἀτοπίαν,
1450 2238 1515 2290 ὲκ
1540 2235 1819 2308 Παρθένου
1855 2238 1948 2289 καὶ

367 2327 461 2382 τοῦ
485 2329 638 2398 ἁγίου
654 2327 795 2382 Πνεύ
804 2345 970 2398 ματος
993 2330 1067 2399 μὴ
1083 2327 1403 2400 ἀρνούμενοι
1427 2326 1806 2396 γεγονέναιτδν
1831 2326 1948 2380 Κύ-

373 2436 506 2490 ριον,
529 2421 590 2474 οὐ
609 2419 714 2491 μὴν
750 2419 827 2471 ἔθ’
854 2420 1054 2491 ὁμοίως
1073 2420 1169 2473 καὶ
1188 2414 1333 2474 οὗτοι
1366 2419 1740 2492 προϋπάρχειν
1761 2418 1941 2485 αὑτὸν,

368 2508 500 2563 Θεὸν
529 2510 702 2578 Λόγον
723 2509 852 2563 ὄντα
872 2511 965 2563 καὶ
981 2511 1181 2579 Σοφίαν
1204 2510 1419 2583 Πατρδς
1447 2509 1851 2581 ὁμολογοῦντες,
1878 2514 1945 2584 τῇ

367 2600 476 2655 τῶν
503 2601 784 2674 προτέρων
816 2603 1240 2675 περιετρέποντο
1262 2601 1569 2674 δυσσεϐείᾳ,
1597 2601 1832 2674 μάλιστα
1857 2604 1946 2657 ὅτε

368 2694 463 2747 καὶ
498 2692 598 2765 τὴν
632 2695 950 2767 σωματικὴν
980 2696 1106 2767 περὶ
1142 2695 1233 2749 τὸν
1265 2695 1429 2769 νόμον
1463 2695 1716 2768 λατρείαν
1747 2696 1946 2768 ὁμοίως

365 2785 596 2848 ἐκείνοις
647 2785 932 2857 περιέπειν
980 2786 1331 2852 ἐσπούδαζον.
1386 2782 1545 2843 Οὗτοι
1596 2788 1654 2842 δὲ
1704 2788 1799 2843 τοῦ
1848 2789 1946 2860 μὲν

378 2875 699 2931 ’Δποστόλου
746 2877 926 2941 πάσας
948 2876 1047 2942 τὰς
1084 2878 1398 2938 Ἐπιστολάς
1421 2881 1694 2952 ἀρνητέας
1719 2880 1947 2950 ἡγοῦντο

365 2962 501 3021 εἶναι
524 2968 655 3031 δεῖ),
677 2967 989 3039 ἀποστάτην
1020 2970 1421 3036 ἀποκαλοῦντες
1447 2971 1609 3024 αὐτόν
1637 2970 1730 3024 τοῦ
1755 2975 1942 3042 νόμου,

362 3060 709 3130 Εὐαγγελὶῳ
745 3059 801 3113 δὲ
841 3059 986 3132 μόνῳ
1008 3060 1087 3131 τῷ
1117 3064 1249 3117 καθ’
1316 3063 1624 3132 Ἐϐραίους
1667 3062 1945 3136 λεγομένῳ

360 3148 654 3222 χρώμενοι,
686 3151 794 3205 τῶν
827 3151 1028 3207 λοιπῶν
1063 3155 1294 3227 σμικρὸν
1322 3156 1603 3211 ἐποιοῦντο
1627 3157 1804 3227 λόγον.
1836 3157 1947 3212 Kal.

359 3242 419 3294 τὸ
456 3241 555 3313 μὲν
597 3241 874 3297 Σάδδατον
913 3244 1008 3297 καὶ
1044 3245 1143 3315 τὴν
1199 3246 1495 3319 Ἰουδαῖκὴν
1524 3247 1689 3318 ἀλλην
1722 3249 1943 3321 ἀγωγὴν

358 3310 559 3401 ὁμοίως
588 3331 821 3395 ἐκείνοις
858 3310 1291 3405 παρεφύλαττον,
1324 3310 1511 3400 ταῖς’δ’
1545 3333 1611 3391 αὖ
1636 3310 1943 3409 Κυρίακαίς
1969 3310 2012 3368 c

358 3423 595 3494 ἡμέραις
633 3425 766 3494 ἡμῖν
796 3423 866 3477 τά
907 3427 1268 3498 παραπλήσια
1311 3430 1391 3490 εἰς
1429 3429 1649 3500 μνήμην
1699 3431 1799 3501 τῆς
1844 3431 1937 3484 τοῦ

358 3515 565 3587 Κυρίου
630 3518 980 3581 ἀναστάσεως
1039 3519 1346 3572 ἐπετέλουν.
1413 3519 1573 3573 Ὅθεν
1633 3520 1785 3594 παρά
1842 3523 1940 3593 τὴν

356 3604 613 3677 τοιαύτην
636 3605 951 3678 ἐγχείρησιν
972 3607 1071 3679 τῆς
1098 3608 1312 3660 τοιᾶσδε
1350 3607 1638 3679 λελόγχασι
1668 3627 1939 3681 προσηγο-

358 3696 502 3767 ρίας,
550 3696 645 3750 τοῦ
710 3697 1035 3750 Ἐϐιωναίων
1085 3697 1377 3768 ὀνόματος,
1417 3700 1516 3770 τὴν
1559 3700 1657 3771 τῆς
1703 3699 1937 3763 διανοίας

356 3786 628 3857 πτωχείαν
660 3786 769 3857 (59)
802 3785 980 3840 αὐτῶν
1011 3787 1417 3857 ὑποφαίνοντος.
1452 3788 1633 3860 Ταύτῃ
1668 3790 1777 3861 γὰρ
1821 3791 1939 3844 ἐπί-

354 3878 489 3949 κλην
521 3880 549 3931 ό
588 3876 802 3949 πτωχὸς
831 3880 960 3950 παρ’
1008 3878 1282 3954 Ἑϐραίοις
1308 3881 1650 3952 ὀνομάζεται.

861 3990 1261 4045 ΚΕΦΑΛΑΙΟΝ
1296 3992 1433 4045 KH'.

350 4084 490 4151 Περὶ
509 4082 921 4151 Κηρίνθουτοῦ
942 4081 1329 4153 αἱρεσιάρχου
1357 4083 1497 4155 (Nic.
1527 4082 1594 4138 Η.
1627 4084 1693 4140 E.
1717 4100 1797 4152 Ill,
1820 4085 1929 4157 14).

420 4173 577 4228 Κατά
604 4173 731 4237 τοὺς
754 4172 1154 4244 δεδηλωμένους
1181 4172 1427 4244 χρόνους,
1456 4174 1647 4247 ἐτέρας
1676 4177 1935 4249 αἱρέσεως

351 4263 591 4334 ἀρχηγὸν
620 4261 872 4333 γενέσθαι
906 4263 1178 4335 Κήρινθον
1210 4264 1644 4338 παρειλήφαμεν.
1678 4268 1855 4333 Γάϊος,
1875 4264 1934 4323 οὗ

353 4352 536 4420 φωνάς
561 4352 659 4431 ἡδη
704 4353 966 4425 πρότερον
1000 4353 1423 4425 παρατέθειμαι,
1455 4357 1513 4409 ἐν
1556 4358 1621 4429 τῇ
1660 4359 1935 4434 φερομένῃ

352 4440 518 4496 αὑτοῦ
541 4442 820 4512 Ζητήσει,
851 4443 1022 4497 ταῦτα
1066 4446 1197 4516 περὶ
1235 4444 1401 4498 αὐτοῦ
1431 4446 1662 4518 γράφειο
1705 4466 1723 4500 ‹
1774 4450 1934 4505 Ἀλλά

353 4539 448 4590 καὶ
486 4538 751 4608 Κήρινθος
787 4541 816 4592 ὁ
861 4540 928 4593 δι’
961 4540 1358 4611 ἀποκαλύψεων
1388 4541 1463 4604 ὼς
1494 4540 1600 4594 ὑπὸ
1636 4540 1932 4596 ἀποστόλου

2048 2065 2216 2120 solam
2246 2064 2301 2119 in
2331 2063 2609 2119 Christum
2642 2063 2826 2131 iidem,
2870 2065 3148 2134 vitamque
3175 2079 3243 2121 ex
3277 2079 3340 2120 ea
3378 2065 3482 2121 lide
3511 2073 3622 2119 tra-

2047 2157 2288 2224 ductam,
2312 2156 2542 2212 salutem
2568 2156 2826 2226 consequi
2856 2171 2962 2211 non
2998 2156 3259 2212 valerent.
3282 2157 3385 2212 Alii
3418 2157 3488 2212 ab
3513 2156 3621 2222 his,

2047 2251 2237 2306 eodem
2266 2249 2485 2305 nomine
2535 2250 2853 2319 nuncnpati,
2895 2251 3185 2305 absurdam
3212 2254 3455 2321 priorum
3490 2266 3623 2306 sen-

2051 2344 2275 2398 tentiam
2310 2341 2661 2412 refugientes,
2686 2341 2963 2398 Christum
2995 2343 3214 2414 quidem
3241 2358 3309 2399 ex
3352 2340 3578 2413 Virgine
3599 2381 3619 2409 ,

2048 2444 2100 2490 et
2122 2451 2187 2489 ex
2220 2433 2421 2503 Spiritu
2450 2442 2637 2490 sancto
2671 2434 2913 2505 genitum
2969 2450 3089 2490 esse
3118 2449 3228 2490 non
3260 2442 3491 2506 negant:
3524 2435 3620 2490 sed

2047 2525 2213 2580 iidem
2239 2525 2594 2580 nihilominus
2622 2540 2745 2580 cum
2772 2524 3050 2582 Christum
3076 2534 3263 2597 utpote
3291 2525 3457 2581 Deum
3484 2525 3623 2582 Ver-

2047 2616 2172 2672 bum
2211 2632 2274 2672 ae
2297 2616 2634 2687 Sapientiam
2659 2618 2844 2674 Patris
2892 2626 3023 2674 ante
3073 2618 3259 2673 omnia
3308 2617 3622 2673 substitisse

2045 2707 2269 2763 minime
2297 2706 2589 2775 fateantur,
2612 2710 2667 2765 in
2691 2710 2936 2765 eamdem
2967 2724 3090 2765 cum
3119 2709 3395 2780 prioribus
3426 2709 3619 2779 impie-

2049 2809 2213 2854 tatem
2242 2800 2448 2872 delapsi
2480 2810 2606 2858 sunt
2639 2821 2655 2859 :
2693 2816 2815 2856 cum
2844 2802 3147 2871 praesertim
3176 2800 3492 2873 corporales
3538 2801 3620 2857 le-

2045 2892 2127 2963 gis
2153 2891 2401 2949 Mosaicze
2446 2895 2826 2964 caeremonias,
2864 2895 3090 2965 perinde
3132 2909 3197 2949 ac
3252 2895 3328 2950 illi
3368 2903 3622 2951 accurate

2045 2984 2375 3039 custodiant.
2434 2983 2500 3039 Hi
2565 2984 2835 3055 Epistolas
2893 2989 3109 3057 quidem
3174 2988 3328 3044 Pauli
3394 3003 3621 3059 prorsus

2047 3075 2372 3146 rejiciendas
2403 3093 2525 3135 esse
2558 3080 2883 3147 censebant,
2918 3081 3250 3136 desertorem
3288 3080 3439 3138 illum
3484 3080 3621 3149 legis

2043 3178 2299 3225 vocantes
2333 3170 2540 3226 :solum
2568 3182 2749 3229 autem
2779 3170 3126 3243 Euangelt'um
3156 3171 3319 3237 illud,
3366 3172 3508 3242 quod
3539 3188 3620 3227 se-

2045 3265 2277 3316 cundum
2307 3261 2561 3318 Hebraea
2601 3263 2823 3332 dicitur,
2861 3263 3139 3332 amplexi.
3205 3264 3411 3333 reliqua
3464 3264 3617 3333 parvi

2045 3352 2346 3411 faciebant.
2381 3354 2447 3409 Et
2470 3354 2768 3411 Sahbatum
2799 3357 3017 3427 quidem
3075 3354 3321 3423 aliosque
3364 3352 3619 3410 Judaicos

2046 3446 2182 3499 ritus
2202 3460 2311 3501 non
2345 3459 2506 3501 secus
2527 3460 2591 3501 ac
2617 3445 2786 3501 Judaei
2816 3446 3202 3502 observabant.
3263 3442 3462 3498 Diebus
3487 3458 3620 3499 vero

2047 3535 2340 3591 Dominicis
2376 3537 2564 3591 eadem
2598 3551 2719 3607 qua;
2750 3552 2852 3592 nos
2899 3538 2954 3593 in
2992 3537 3307 3592 memoriam
3364 3549 3611 3591 resurre-

2044 3624 2243 3681 ctionis
2271 3626 2481 3681 Domini
2511 3628 2865 3700 peragebant.
2898 3625 3068 3697 Cujus
3120 3625 3198 3681 rei
3247 3641 3411 3681 causa
3455 3625 3617 3681 Ehio—

2044 3731 2281 3772 nasorum
2309 3732 2612 3789 cognomen
2659 3720 2838 3775 sortiti
2893 3727 3058 3782 sunt,
3105 3732 3214 3789 quo
3248 3716 3619 3787 intelligentiae

2045 3803 2255 3860 illorum
2293 3807 2470 3878 inepia
2507 3809 2642 3865 satis
2701 3809 2991 3865 indicatur.
3041 3807 3135 3865 Sic
3171 3808 3318 3864 enim
3377 3808 3618 3865 mendici

2043 3896 2183 3966 apud
2214 3896 2473 3955 Hebmos
2502 3911 2792 3956 vocantur.

2570 4013 2800 4071 CAPUT
2837 4011 3077 4069 XXVIII.

2460 4102 2540 4158 De
2571 4102 2818 4158 Cerintho
2851 4104 3223 4159 hwresiarcha.

2110 4193 2182 4248 Ea
2191 4193 2311 4249 dem
2332 4203 2654 4266 tempestate
2675 4195 2900 4251 alterius
2915 4195 3138 4251 haeresis
3153 4203 3430 4253 auctorem
3455 4195 3476 4248 l‘
3476 4196 3618 4251 uisse

2040 4283 2360 4339 Cerinthum
2388 4288 2721 4357 accepimus.
2746 4287 2822 4343 De
2846 4301 2959 4355 quo
2984 4286 3155 4343 Caius~
3197 4287 3244 4343 is
3269 4288 3425 4359 cujus
3454 4288 3615 4342 verba

2041 4377 2298 4444 superius
2331 4377 2489 4448 100
2514 4378 2824 4444 retulimus,
2848 4379 2963 4433 haec
2998 4379 3053 4433 in
3098 4376 3464 4446 Disputatione
3517 4393 3613 4433 sua

2041 4468 2261 4521 scribit:
2283 4486 2301 4519 ι
2328 4468 2431 4523 Sed
2463 4478 2517 4525 et
2545 4468 2857 4535 Cerinthus,
2900 4469 3096 4540 inquit,
3136 4484 3234 4538 per
3253 4470 3616 4526 revelationes

2044 4557 2310 4627 quasdam
2338 4572 2367 4610 a
2398 4573 2458 4614 se
2493 4567 2754 4631 tanquam
2784 4576 2815 4615 a
2846 4573 3045 4628 magno
3095 4560 3329 4629 quodam
3372 4560 3617 4629 apostolo

357 4628 592 4700 μεγάλου
644 4632 1064 4702 γεγραμμένων,
1119 4632 1505 4705 τερατολογίας
1560 4632 1693 4704 ἡμῖν
1745 4633 1821 4698 ὡς
1868 4635 1935 4687 δι’

2044 4647 2405 4717 conscriptas,
2436 4628 2692 4719 portenta
2720 4647 2969 4719 quaedam
2996 4628 3155 4719 quasi
3180 4651 3248 4706 ab
3278 4650 3486 4719 angelis
3513 4650 3619 4707 sibi

351 4720 599 4789 ἀγγέλων
627 4720 775 4792 αὐτῷ
798 4721 1141 4793 δεδειγμένας
1161 4723 1509 4794 ψευδόμενος,
1539 4725 1821 4794 ἐπεισάγει
1846 4725 1935 4779 λέ-

350 4828 484 4881 γων,
515 4812 652 4883 μετά
684 4812 782 4885 τὴν
809 4814 1101 4869 ἀνάστασιν
1126 4816 1365 4884 ἐπίγειον
1404 4811 1543 4870 εἶναι
1569 4816 1632 4870 τὸ
1667 4816 1936 4886 βασίλειον

348 4905 442 4958 τοῦ
483 4903 743 4976 Χριστοῦ,
789 4906 883 4959 καὶ
928 4907 1087 4961 πάλιν
1121 4907 1437 4978 ἐπιθυμίαις
1485 4908 1581 4962 καὶ
1634 4909 1847 4980 ἡδοναῖς
1879 4911 1939 4964 ὲν

364 4995 716 5068 Ἰερουσαλὴμ
739 4997 839 5068 τὴν
861 4998 1040 5070 σάρκα
1060 4998 1478 5073 πολιτευομένην
1504 4999 1795 5057 δουλεύειν.
1826 5003 1937 5057 Καὶ

349 5086 543 5159 ἐχθρὸς
581 5089 839 5160 ὑπάρχων
870 5092 990 5153 ταῖς
1022 5090 1263 5160 Γραφαῖς
1283 5091 1377 5145 τοῦ
1412 5091 1568 5157 Θεοῦ,
1599 5093 1829 5165 ἀριθμὸν
1853 5112 1936 5165 χι-

349 5179 682 5244 λιονταετίας
706 5182 764 5235 ἐν
784 5180 949 5251 γάμῳ
974 5181 1188 5252 ἑορτῆς,
1212 5180 1381 5235 θέλων
1404 5181 1611 5253 πλανᾷν
1626 5182 1763 5253 (40),
1784 5184 1933 5254 λέγει

420 5386 536 5458 (58)
565 5387 1078 5457 Θατεραλήπτους.
1116 5388 1265 5444 Nova
1294 5391 1477 5457 dictio,
1503 5408 1569 5449 ex
1594 5393 1804 5451 duabus
1850 5397 1935 5450 in-

352 5457 547 5530 solenti
572 5462 966 5530 compositione
987 5470 1290 5530 compacta.
1320 5460 1464 5518 Idem
1504 5464 1649 5519 enim
1685 5475 1769 5520 est
1799 5483 1865 5521 ac
1891 5468 1936 5521 si

354 5528 595 5602 dicere"!
630 5528 837 5602 θατέρᾳ
865 5528 1124 5602 ληπτούςέ

423 5597 534 5670 (59)
564 5599 675 5672 Τοῦ
706 5597 1060 5672 Imm-atem
1098 5602 1388 5672 όνόματος
1418 5601 1532 5671 τὴν
1545 5601 1656 5672 τῆς
1671 5602 1940 5672 διανοίας

351 5669 671 5742 πτωχείαν.
705 5670 850 5742 Idem
875 5669 1357 5742 scribitOt-igenes
1387 5673 1439 5726 in
1475 5669 1571 5727 lib.
1596 5669 1646 5727 iv
1678 5675 1754 5727 De
1782 5669 1937 5742 prin;

353 5739 550 5817 eipiis:
732 5739 1110 5817 ἐλαμϐάνομεν
1167 5739 1343 5817 ταῦτα
1521 5744 1572 5817 oi.
1608 5739 1816 5817 πτωχόῖ¹
1868 5748 1936 5817 τῇ

350 5806 559 5884 διανοίᾳ
594 5806 918 5884 Ἐβιωναῗοι,
950 5806 1049 5884 τῆς
1098 5813 1371 5884 πτωχείας
1396 5816 1509 5884 τῆς
1549 5806 1789 5878 διανοίας
1843 5806 1941 5869 an:

354 5876 560 5947 ὡνυμόι
580 5896 593 5909 ο
628 5878 835 5935 Ἐὄίων
862 5881 971 5949 γὰρ
989 5876 1019 5937 ὅ
1043 5876 1255 5950 πτωχὸς
1277 5883 1407 5947 παρ’
1437 5876 1711 5949 Ἐὃραίοις
1738 5876 1938 5949 ὀνομά-

2041 4746 2260 4792 ostensa
2284 4748 2629 4795 commentus
2662 4740 2819 4795 nobis
2862 4738 3175 4805 introducit,
3200 4737 3475 4795 aiiirmans
3495 4752 3620 4811 pOSl.

2042 4827 2497 4884 resurrectionem
2530 4844 2755 4900 regnum
2784 4828 2983 4885 Christi
3042 4830 3094 4884 in
3145 4831 3303 4887 terris
3329 4829 3571 4888 futurum
3598 4872 3615 4896 ,

2040 4931 2105 4971 ac
2129 4932 2323 4975 rursus
2364 4920 2619 4977 homines
2654 4919 3041 4994 Hierosolymis
3063 4921 3320 4993 degentes
3359 4926 3618 4996 cupidita-

2041 5007 2183 5063 tibus
2206 5018 2262 5065 et
2294 5011 2556 5083 voluptati
2598 5013 2850 5083 corporis
2873 5013 3146 5070 obnoxios
3178 5015 3315 5071 fore.
3350 5017 3618 5087 Additque

2040 5098 2211 5155 hostis
2236 5101 2329 5158 ille
2356 5104 2671 5159 divinarum
2701 5105 3141 5175 Scripturarum,
3169 5107 3317 5162 mille
3348 5123 3616 5166 annorum
3662 5176 3665 5181 Α

2038 5194 2273 5260 spatium
2313 5195 2366 5248 in
2429 5196 2760 5264 nuptialibus
2809 5196 2965 5253 l‘cstis
2997 5205 3335 5253 transactum
3368 5184 3461 5264 iri,
3512 5215 3617 5269 quo

2044 5397 2218 5488 sis}-
2254 5398 3051 5488 ἷίὲςῖτξὲπτξλαδεῖνέπὶρτοδς.
3070 5401 3361 5488 metros:
3406 5402 3603 5488 Ἰσραην

2037 5468 2197 5555 lira;
2246 5470 2674 5555 προηγουμένως
2719 5470 3089 5555 τὸν-ξριστρν
3137 5468 3353 5541 ὲπιδεδη
3363 5468 3614 5542 μηκέναὶ.

2036 5538 2214 5595 Porro
2245 5538 2305 5593 in‘
2335 5538 2524 5594 cddice
2546 5541 2686 5594 Maz.
2720 5557 2784 5595 ac
2822 5538 2966 5598 Med.
2993 5544 3045 5596 id
3076 5555 3272 5596 nomen
3313 5538 3436 5594 cuni
3462 5557 3614 5611 aspe-

2037 5623 2100 5690 ro
2126 5609 2322 5691 spiritu
2352 5610 2717 5691 perscriptum
2735 5620 2856 5691 _est,
2895 5611 3150 5691 tumhhoc
3208 5611 3282 5691 in_
3310 5609 3451 5691 loco,
3506 5621 3614 5691 tuin

2037 5678 2092 5763 in
2126 5678 2267 5763 libro
2296 5678 2479 5763 sexto,
2517 5680 2612 5735 ubi
2649 5682 2847 5763 agitur
2891 5682 2959 5736 de
3009 5679 3363 5752 Symmacho,
3400 5681 3616 5739 Veteris

2036 5746 2369 5803 Testamenti
2408 5746 2724 5817 interprete:
3051 5746 3068 5752 ⁷

2044 5887 2069 5891 ῃ
2109 5817 2223 5891 (40)
2255 5818 2460 5873 Θέλων
2483 5818 2748 5887 πλανᾶν.
2786 5819 3037 5891 Σπλανᾷν
3076 5820 3131 5875 in
3171 5820 3412 5878 editione
3468 5822 3593 5876 Βοὴ

2109 5837 2223 5891 μυ)
2255 5837 2460 5873 eam
2483 5837 2748 5887 παιανᾳν.
2786 5837 3037 5891 ιπΑανᾳν
3076 5837 3131 5875 tn
3171 5837 3412 5878 eattlone
3472 5837 3613 5881 non.

2037 5887 2302 5950 Stephani
2331 5891 2522 5949 nescio
2543 5906 2652 5950 uno
2676 5906 2808 5950 casu
2828 5904 3093 5948 excusum
3123 5901 3230 5951 est.
3266 5891 3437 5949 (luem
3468 5904 3609 5949 Ww-
