4192 6454
531 456 643 511 275

1239 456 1512 515 EUSEBII
1548 458 2033 519 CESARIENSIS
2071 463 2225 519 OPP.
2265 463 2444 519 PARS
2481 464 2521 518 Ι.
2560 493 2629 505 -
2666 463 3055 521 HISTORICA.

498 556 505 619 ί
533 577 751 633 [acilius
769 577 1051 647 imperitos
1064 576 1314 635 homines
1328 581 1582 649 decipiat.
1606 602 1625 636 ι
1646 583 1957 651 Quinetiam
1978 586 2093 643 Dio-

2202 586 2466 656 γίνεσθαι.
2510 606 2529 638 ι
2578 587 2687 641 Καὶ
2712 586 2985 651 Διονύσιος
3029 586 3108 650 δὲ,
3152 588 3182 641 ὁ
3212 586 3314 657 τῆς
3351 589 3472 642 κατ’
3529 588 3775 653 Ἀλεξάν-

533 669 744 741 nysius,
771 671 865 740 qui
886 680 1073 728 nostra
1102 679 1268 727 aetate
1293 673 1678 729 Alexandrinae
1714 676 1966 731 Ecclesiae
1987 677 2103 747 epi-

533 776 733 833 scopus
759 762 884 828 fuit,
926 762 979 816 in
1018 764 1257 819 secundo
1301 763 1375 819 De
1425 765 1863 833 promissiouibus
1916 769 2057 823 libro
2084 809 2101 835 ,

530 866 814 926 postquam
847 854 1105 910 nonnulla
1132 857 1199 911 de
1237 854 1467 912 Joannis
1525 857 1875 915 Revelatione
1912 877 1977 915 ex
2013 878 2099 917 ve.

535 949 635 1002 teri
670 946 931 1007 Ecclesiae
984 958 1283 1013 traditione
1337 960 1519 1025 dixit,
1582 961 1822 1027 ejusdem
1857 960 2101 1016 Cerinthi

534 1042 866 1099 mentionem
906 1044 1037 1102 facit
1076 1049 1162 1104 his
1190 1050 1370 1106 verbis
1404 1071 1416 1107 :
1455 1069 1475 1105 ι
1499 1051 1813 1106 Corinthum
1841 1069 1990 1120 vero,
2019 1054 2102 1107 iu-

529 1133 667 1201 quit,
714 1137 806 1205 qui
840 1139 1092 1195 hteresim
1141 1141 1286 1196 illam
1336 1159 1457 1213 qua:
1499 1146 1569 1198 ab
1595 1145 1710 1213 ipso
1749 1144 2098 1199 Cerinthiana

528 1231 909 1296 cognominata
941 1241 1025 1286 est
1054 1231 1507 1302 condidit,[aiunt
1560 1251 1685 1290 eum
1713 1236 1912 1291 librum
1944 1252 2098 1291 com—

529 1317 778 1384 posuisse
806 1363 821 1387 ,
856 1319 1029 1375 indito
1060 1317 1287 1377 Joannis
1317 1328 1533 1379 nomine
1556 1325 1605 1396 ,Ι
1635 1327 1759 1379 dum
1798 1327 2097 1379 auctorita-

529 1415 634 1461 tem
662 1408 934 1478 ﬁgmentis
983 1411 1098 1466 suis
1128 1427 1194 1466 ex
1220 1410 1447 1469 Joannis
1475 1416 1694 1471 nomine
1718 1418 1951 1470 mutuari
1981 1419 2098 1472 vel-

525 1497 619 1557 let.
656 1500 780 1555 Haec
803 1503 949 1556 enim
979 1502 1241 1559 fuitiliius
1272 1507 1479 1575 opinio,
1512 1522 1734 1577 regnum
1760 1506 1960 1563 Christi
1993 1520 2099 1563 ter-

527 1606 719 1644 renum
750 1588 1018 1648 futurum.
1050 1594 1116 1650 Et
1144 1611 1371 1665 quarum
1403 1612 1582 1653 rerqu
1630 1599 1927 1669 cupiditate
1984 1601 2100 1670 ipse

522 1681 830 1753 ﬂagrabat,
881 1696 1065 1756 utpote
1119 1688 1488 1757 voluptatibus
1530 1692 1778 1759 corporis
1830 1691 2098 1745 obnoxius

524 1778 788 1845 carnique
842 1780 1131 1846 addictus,
1167 1781 1219 1835 in
1256 1782 1323 1835 iis
1366 1797 1589 1850 regnum
1633 1782 1725 1836 Dei
1765 1783 1929 1837 situm
1984 1781 2099 1838 fore

525 1868 843 1935 somniavit,
873 1870 927 1925 in
963 1872 1189 1937 ventris,
1226 1882 1276 1927 et
1309 1886 1496 1927 earum
1528 1886 1648 1941 quae
1674 1871 1814 1926 infra
1853 1882 2094 1926 ventrem

525 1964 673 2022 sunt,
707 1958 943 2027 partium
982 1958 1243 2029 explenda
1272 1959 1540 2016 libidine:
1578 1961 1680 2015 hoc
1729 1972 1815 2016 est
1864 1962 1917 2016 in
1968 1965 2092 2016 cilm

523 2057 580 2101 et
606 2059 760 2117 potu,
811 2062 878 2104 ac
914 2051 1136 2121 nuptiis,
1170 2061 1333 2121 atque
1367 2061 1426 2106 ut
1471 2052 1775 2107 honestiori
1830 2055 2094 2107 vocabulo

522 2140 787 2209 ejusmodi
817 2140 1124 2213 voluptates
1142 2144 1349 2198 velaret
1369 2182 1386 2207 ,
1435 2142 1489 2197 in
1518 2140 1675 2197 festis
1704 2152 1761 2197 et
1805 2143 2093 2197 sacriﬁciis

521 2244 577 2290 et
599 2235 899 2292 hostiarum
921 2236 1362 2294 mactationibus.
1408 2254 1427 2287 ι
1462 2234 1587 2290 Haec
1615 2234 1927 2307 Dionysius.
1981 2234 2093 2290 Ire-

520 2342 671 2384 nteus
702 2342 834 2384 vero
862 2327 916 2383 in
945 2330 1121 2399 primo
1151 2330 1415 2386 Adversus
1460 2329 1684 2385 Itazrcses
1732 2329 1868 2383 libro
1912 2345 2090 2383 secre-

522 2420 660 2475 tiora
688 2422 936 2490 quaedam
959 2422 1196 2490 ejusdem
1225 2422 1481 2493 ﬁgmenta
1533 2427 1942 2477 commemorat.
1982 2418 2089 2474 Sed

518 2521 575 2566 et
602 2511 656 2567 in
685 2513 850 2568 tertio
877 2514 1017 2570 libro
1050 2514 1335 2570 historiam
1371 2515 1660 2584 quamdam
1691 2512 1850 2582 plane
1874 2512 2090 2581 dignam

519 2618 641 2671 qua:
663 2605 940 2659 memoria:
971 2607 1278 2670 mandetur,
1301 2605 1520 2675 scriptis
1549 2603 1808 2674 prodidit.
1835 2602 1925 2656 Ait
1948 2602 2089 2656 enim

520 2697 597 2751 ita
624 2710 684 2752 se
712 2711 743 2751 a
772 2696 1079 2769 Polycarpo
1126 2698 1421 2768 accepisse,
1453 2696 1717 2752 Joannem
1746 2693 2048 2766 apostolum
2074 2736 2088 2754 .

519 2803 642 2842 cum
669 2788 961 2857 aliquando
988 2790 1040 2843 in
1066 2788 1317 2846 balneum
1349 2787 1562 2843 lavandi
1591 2801 1753 2842 causa
1787 2785 2089 2851 introisset,

517 2886 574 2931 et
603 2876 919 2933 Cerinthqu
970 2878 1118 2933 intus
1157 2894 1279 2935 esse
1311 2878 1612 2941 didicisset,
1661 2876 1848 2933 statim
1900 2890 1971 2929 ex
2023 2890 2089 2928 eo

520 2967 642 3024 loco
672 2967 798 3042 fuga
827 2984 890 3025 se
921 2971 1282 3041 proripuisse,
1329 2986 1456 3027 cum
1492 2985 1560 3026 ne
1614 2977 1816 3025 tectum
1868 2968 2088 3038 quidem

521 3060 665 3116 idem
698 3075 821 3116 curn
843 3060 1106 3118 Cerintho
1125 3063 1311 3119 subire
1330 3062 1627 3118 sustineret
1650 3079 1665 3128 ;
1706 3062 2093 3129 hortatumque

2202 679 2385 750 δρειαν
2411 680 2699 750 παροικίας
2734 678 2855 733 καθ’
2894 681 3040 750 ἡμᾶς
3066 678 3162 750 τὴν
3194 680 3499 753 ἐπισκοπὴν
3523 682 3772 752 εἰληχὼς,

2205 771 2262 822 ὲν
2282 770 2517 842 δευτέρῳ
2536 773 2674 840 Περὶ
2693 771 2813 830 τῶν
2822 771 3188 842 ἐπαγγελιῶν
3204 772 3255 842 (4
3268 773 3313 843 i)
3332 790 3397 825 πε
3404 774 3457 844 ρ“ι
3472 774 3571 843 τῆς
3599 775 3775 827 Ἰωάν-

2201 877 2292 914 νου
2338 862 2749 931 ’Δποκαλύψεως
2800 861 2966 915 εἰπών
2995 880 3114 916 τινα
3152 863 3227 926 ὡς
3272 865 3336 916 ὲκ
3383 865 3482 934 τῆς
3513 866 3773 919 ἀνέκαθεν

2202 954 2571 1024 παραδόσεως,
2596 955 2689 1007 τοῦ
2719 953 2879 1007 αὑτοῦ
2921 954 3190 1026 μέμνηται
3215 955 3406 1027 ἀνδρὸς
3445 957 3651 1020 τούτοις
3679 960 3771 1027 ῥή-

2206 1062 2368 1114 μασιι
2404 1062 2423 1097 t
2464 1046 2729 1117 Κήρινθον
2761 1045 2839 1108 δὲ,
2875 1045 2965 1098 τὸν
3005 1046 3099 1099 καὶ
3138 1046 3236 1117 τὴν
3272 1048 3366 1100 ἀπ’
3396 1049 3603 1101 ἐκείνου
3642 1049 3772 1118 κλη-

2202 1133 2386 1189 θεῖσαν
2428 1136 2795 1208 Κηρινθιανὴν
2831 1137 3044 1209 αἵρεσιν
3077 1140 3515 1209 συστησάμενον,
3558 1141 3770 1207 ἀξιόπι-

2203 1241 2324 1279 στον
2352 1226 2681 1296 ἐπιφημίσαι
2710 1225 3007 1298 θελήσαντα
3035 1228 3148 1300 (42)
3170 1229 3245 1300 τῷ
3272 1231 3463 1283 ἑαυτοῦ
3492 1232 3770 1302 πλάσματι

2199 1316 2370 1388 ὄνομα
2394 1333 2408 1345 '
2448 1317 2607 1371 τοῦτο
2647 1317 2757 1389 γὰρ
2797 1314 2935 1372 εἶναι
2971 1320 3071 1390 τῆς
3114 1320 3458 1387 διδασκαλίας
3500 1325 3665 1377 αὐτοῦ
3711 1326 3771 1377 τὸ

2197 1406 2394 1478 δόγμα,
2428 1408 2665 1475 ἐπίγειον
2701 1409 2920 1464 ἔσεσθαι
2950 1411 3047 1482 τὴν
3081 1412 3175 1464 τοῦ
3206 1414 3439 1484 Χριστοῦ
3475 1414 3771 1482 βασιλείαν⁸

2200 1501 2294 1554 καὶ
2354 1492 2429 1553 ὧν
2470 1500 2630 1564 αὐτὸς
2673 1501 2931 1571 ὠρέγετο,
2958 1502 3331 1573 φιλοσώματος
3377 1504 3451 1557 ὢν
3490 1507 3583 1559 καὶ
3628 1507 3769 1559 πάνυ

2199 1592 2485 1664 σαρκικὸς,
2523 1594 2582 1646 ἐν
2609 1593 2819 1657 τούτοις
2857 1596 3217 1666 ὀνειροπολεῖν
3260 1596 3497 1661 ἔσεσθαι,
3537 1600 3769 1669 γαστρὸς

2197 1685 2294 1738 καὶ
2330 1683 2436 1738 τῶν
2485 1685 2589 1739 ὑπὸ
2628 1686 2871 1756 γαστέρα
2901 1687 3247 1759 πλησμονῶν,
3287 1688 3533 1741 τουτέστι
3584 1691 3769 1754 σιτίοις

2198 1775 2294 1827 καὶ
2330 1778 2530 1840 ποτοῖς,
2561 1777 2654 1829 καὶ
2686 1777 2904 1847 γάμοις,
2933 1780 3023 1831 καὶ
3053 1779 3121 1832 δι’
3140 1772 3215 1833 ὧν
3247 1780 3619 1849 εὐφημότερον
3657 1779 3767 1849 (45)

2198 1870 2369 1923 ταῦτα
2399 1871 2549 1942 ᾠήθη
2576 1873 2903 1942 ποριεῖσθαι,
2934 1876 3168 1946 ἑορταῖς,
3200 1875 3292 1929 καὶ
3318 1874 3551 1937 θυσίαις,
3577 1874 3671 1927 καὶ
3691 1876 3768 1926 ίε-

2201 1962 2358 2035 ρείων
2387 1968 2638 2032 σφαγαῖς.
2690 1984 2708 2017 ι
2745 1964 2932 2020 Ταῦτα
2961 1966 3252 2029 Διονύσιος.
3305 1966 3364 2019 ὐ
3397 1967 3454 2019 δὲ
3484 1967 3775 2037 Εἰρηναῖος

2199 2057 2642 2129 ἀπορῤητοτέρας
2679 2058 2742 2129 δή
2787 2076 2938 2123 τινας
2979 2059 3071 2112 τοῦ
3118 2059 3284 2113 αὐτοῦ
3328 2058 3670 2129 ψευδοδοξίας
3709 2060 3769 2111 ὲν

2199 2145 2400 2215 πρώτῳ
2430 2146 2820 2216 συγγράμματι
2865 2146 2973 2200 τῶν
3002 2148 3157 2214 Πρὸς
3175 2149 3281 2215 τὰς
3311 2150 3569 2215 αἱρέσεις
3602 2165 3770 2220 προση

2199 2234 2314 2298 θεὶς
2353 2234 2486 2304 (44),
2536 2238 2594 2290 ἐν
2619 2237 2698 2308 τῷ
2734 2239 2903 2309 τρίτῳ
2942 2240 3036 2292 καὶ
3076 2240 3311 2311 ἱστορίαν
3340 2242 3439 2293 οὐκ
3481 2240 3635 2307 ἀξίαν
3668 2244 3766 2315 λή-

2204 2323 2303 2394 θης
2343 2327 2409 2396 τῇ
2446 2329 2628 2398 γραφῇ
2669 2329 3009 2399 παρέδωκεν,
3051 2329 3127 2393 ὡς
3169 2331 3234 2382 ἐκ
3277 2330 3626 2402 παραδόσεως
3662 2335 3768 2385 Πο-

2198 2416 2499 2489 λυκάρπου,
2526 2420 2750 2488 φάσκων
2789 2422 3038 2491 Ἰωάννην
3068 2422 3156 2476 τὸν
3187 2424 3481 2477 ἀπόστολον
3510 2426 3768 2478 εἰσελθεῖν

2199 2526 2329 2563 ποτε
2367 2512 2423 2563 ἐν
2458 2511 2741 2583 βαλανείῳ,
2777 2514 2915 2567 ὥστε
2956 2514 3269 2579 λούσασθαι,
3300 2517 3494 2585 γνόντα
3533 2516 3588 2569 δὲ
3624 2517 3768 2570 ἔνδον

2194 2601 2324 2655 ὄντα
2351 2603 2443 2656 τὸν
2490 2604 2792 2675 Κήρινθον,
2838 2606 3183 2676 ἀποηδῆσαί
3227 2623 3284 2659 τε
3331 2605 3423 2659 τοῦ
3465 2606 3628 2659 τόπου
3674 2608 3770 2659 καὶ

2196 2696 2453 2763 ἐκφυγεῖν
2484 2695 2705 2768 θύραζε,
2737 2697 2857 2768 μηδ’
2889 2698 3256 2767 ὑπομείναντα
3308 2698 3405 2769 τὴν
3432 2697 3597 2768 αὐτὴν
3621 2697 3768 2767 αὑτῷ

2200 2785 2457 2841 ὑποδῦναι
2484 2787 2702 2856 στέγην,
2728 2788 2892 2842 ταύτὸ
2930 2789 2987 2841 δὲ
3022 2788 3180 2841 τοῦτο
3224 2789 3319 2842 καὶ
3349 2792 3459 2853 τοῖς
3492 2789 3588 2841 σὺν
3621 2789 3769 2860 αὐτῷ

2199 2876 2541 2946 παραινέσαι,
2574 2878 2838 2947 φήσαντα’
2871 2877 3133 2949 Φόγωμεν
3169 2878 3242 2949 μὴ
3268 2879 3362 2931 καὶ
3402 2879 3463 2931 τὸ
3494 2878 3771 2948 βαλανεῖον

2200 2966 2475 3039 συμπέσῃ,
2530 2967 2677 3021 ἔνδον
2724 2967 2874 3033 ὄντος
2919 2968 3191 3041 Κηρίνθου
3245 2968 3338 3021 τοῦ
3382 2968 3481 3038 τῆς
3512 2969 3767 3040 ἀληθείας

2199 3056 2414 3129 ἐχθροῦ.

522 3166 643 3208 esse
666 3153 897 3209 comites
922 3169 1050 3210 suos
1071 3162 1131 3209 ut
1158 3154 1301 3211 idem
1331 3154 1575 3212 facerent
1606 3173 1620 3210 :
1655 3154 1970 3225 Fugiamus,
2003 3151 2202 3222 inquit,
2263 3165 2332 3207 ne
2362 3151 2612 3206 balneum
2650 3160 2874 3207 corruat
2935 3150 2987 3205 iu
3033 3165 3143 3220 quo
3190 3150 3481 3207 Cerinthus
3542 3158 3628 3206 est
3677 3166 3770 3205 ve-

450 3256 454 3261 '
515 3242 690 3299 ritatis
710 3243 981 3301 inimicus.

982 3341 1138 3412 ιοι
1177 3339 1406 3399 CAPUT
1444 3288 1634 3398 XXIX.

588 3427 664 3484 De
690 3429 917 3486 Nicolao
956 3444 1003 3486 et
1034 3435 1380 3487 sectatoribus
1417 3435 1481 3487 ab
1518 3450 1578 3488 eo
1609 3432 2014 3502 cognominatis.

587 3584 700 3641 Sub
732 3587 872 3643 idem
911 3598 1120 3657 tempus
1146 3589 1368 3644 haeresis
1400 3605 1521 3659 qua:
1566 3589 1766 3644 dicitur
1793 3588 2090 3644 Nicolaita-

515 3693 662 3741 rum,
700 3677 1026 3734 brevissimo
1057 3680 1314 3749 temporis
1337 3682 1514 3748 spatio
1539 3681 1883 3751 permansit;
1931 3681 2091 3749 cujus

516 3766 683 3821 etiam
717 3770 919 3823 mentio
949 3769 1008 3823 ﬁt
1052 3770 1104 3822 in
1158 3769 1510 3825 Revelatione
1542 3769 1788 3827 Joannis.
1826 3770 1890 3825 Hi
1938 3771 2092 3826 Nico-

518 3859 666 3914 laum
695 3861 1007 3929 quemdam,
1038 3876 1204 3915 unum
1235 3879 1301 3917 ex
1361 3863 1468 3917 illis
1516 3863 1607 3932 qui
1641 3863 1707 3918 ad
1748 3879 1934 3919 curam
1969 3866 2090 3919 ino-

518 3966 646 4019 pum
685 3953 978 4019 gerendam
1009 3968 1114 4007 una
1137 3967 1257 4007 cum
1287 3953 1567 4024 Stephano
1592 3955 1660 4009 ab
1678 3956 1935 4024 apostolis
1959 3970 2088 4011 con-

516 4042 693 4096 stituti
733 4042 949 4097 fuerant
970 4043 1229 4109 ministri,
1263 4054 1425 4100 sectte
1467 4059 1582 4100 sua:
1605 4057 1881 4101 auctorem
1913 4046 2089 4113 jacta-

515 4134 668 4190 bant.
704 4133 779 4189 De
814 4135 916 4189 hoc
949 4144 1129 4189 autem
1152 4134 1400 4190 Clemens
1424 4135 1822 4191 Alexandrinus
1846 4137 1899 4189 in
1932 4137 2090 4192 tertio

514 4227 697 4292 operis
724 4228 866 4295 quod
889 4227 1275 4296 Στρωματεύς
1300 4226 1620 4281 inscribitur
1639 4227 1804 4292 libro,
1825 4227 1940 4282 hare
1963 4243 2090 4281 nar-

517 4327 601 4372 rat
632 4317 698 4371 ad
736 4316 993 4372 verbum:
1023 4318 1187 4373 «Cum
1222 4317 1451 4373 haberet
1482 4317 1777 4373 formosam
1815 4333 2042 4375 uxorem
2072 4359 2089 4383 ,

515 4418 639 4482 post
669 4425 957 4466 ascensum
989 4408 1204 4465 Domini
1238 4411 1656 4481 obiurgantibus
1690 4411 1952 4483 apostolis
1974 4455 1988 4479 ,
2039 4420 2095 4466 et

2718 3331 3114 3384 ΚΕΦΑΛΛΙΟΝ
3146 3330 3274 3383 KG’.

2195 3427 2333 3495 Περὶ
2365 3423 2663 3481 Νικολάου
2692 3423 2812 3495 Ital
2863 3420 3109 3495 [ὥν-ἀπ’
3161 3420 3345 3495 αρτοῦ
3388 3420 3772 3490 κεκλημένων

2669 3491 2806 3562 (Nic.
2852 3491 2923 3544 II.
2954 3492 3019 3547 E.
3054 3507 3136 3555 ιιι,
3174 3491 3282 3558 15).

2264 3585 2391 3641 Ἐπὶ
2414 3584 2617 3639 τούτων
2645 3584 2779 3654 δῆτα
2808 3582 2919 3655 (45)
2950 3582 3041 3635 καὶ
3079 3583 3111 3655 ἡ
3150 3580 3415 3656 λεγομένη
3459 3582 3563 3634 τῶν
3602 3583 3767 3635 Νικο-

2193 3677 2387 3733 λαϊτῶν
2414 3677 2622 3747 αἵρεσις
2654 3675 2746 3729 ἐπὶ
2778 3675 3133 3747 σμικρότατον
3190 3675 3417 3745 συνέστη
3444 3676 3633 3745 χρόνον
3658 3693 3671 3704 ·
3700 3670 3769 3744 ἧς

2192 3770 2256 3840 δὴ
2317 3770 2413 3822 καὶ
2457 3771 2489 3839 ἡ
2539 3767 2634 3822 τοῦ
2699 3766 2946 3820 Ἰωάννου
2998 3766 3365 3836 Ἀποκόὺευψις
3414 3767 3763 3838 μνημονεύει.

2195 3857 2353 3916 Οὗτοι
2372 3859 2657 3922 Νικόλαον,
2687 3860 2781 3913 ἕνα
2796 3858 2903 3913 τῶν
2920 3859 3063 3928 ἀμφὶ
3085 3858 3176 3911 τὸν
3198 3858 3465 3927 Στέφανον
3482 3860 3765 3921 διακόνων,

2196 3954 2333 4026 πρὸς
2375 3952 2483 4005 τῶν
2534 3951 2848 4006 ἀποστόλων
2891 3951 2983 4003 ἐπὶ
3013 3952 3080 4021 τῇ
3115 3949 3222 4001 τῶν
3266 3948 3456 4001 ἐνδεῶν
3503 3948 3768 4020 θεραπείᾳ

2196 4044 2754 4117 προκεχειρισμένων,
2799 4042 3019 4114 ηὔχουν.
3072 4042 3137 4094 ’Ὀ
3158 4059 3223 4108 γε
3252 4042 3357 4112 μὴν
3392 4041 3768 4111 Ἀλεξανδρεὺς

2196 4138 2426 4209 Κλήμης
2441 4139 2497 4189 ὲν
2512 4133 3012 4209 τρίτῳΣτρωματεῖ
3028 4132 3199 4187 ταῦτα
3213 4150 3277 4184 πε
3288 4133 3339 4202 pl
3355 4131 3516 4185 αὑτοῦ
3536 4132 3673 4185 κατὰ
3691 4132 3770 4184 λετ

2198 4228 2277 4293 ξιν
2295 4229 2516 4298 ίστορεῖ’
2556 4246 2573 4278 ι
2607 4226 2846 4298 Ὠραίαν,
2866 4225 3017 4294 φασὶ,
3036 4226 3267 4293 γυναῖκα
3284 4223 3421 4293 ἔχων
3437 4218 3610 4285 οὗτος,
3632 4223 3769 4294 μετὰ

2194 4321 2294 4393 τὴν
2327 4320 2590 4390 ἀνάληψιν
2617 4320 2715 4391 τὴν
2746 4318 2840 4371 τοῦ
2860 4317 3131 4389 Σωτῆρος,
3161 4315 3295 4387 πρὸς
3323 4315 3432 4369 τῶν
3458 4316 3769 4369 ἀποστόλων

2196 4410 2508 4475 ὀνειδισθεὶς
2537 4408 2886 4479 ζηλοτυπίαν,
2916 4410 2995 4472 εἰς
3026 4406 3188 4479 μέσον
3211 4404 3455 4475 ἀγαγὼν,
3487 4406 3661 4477 γῆμαι
3690 4405 3769 4476 τῷ

516 4630 847 4755 graphorum
878 4644 1120 4687 errorem
1154 4631 1328 4713 secuti
1358 4639 1498 4712 sunt
1520 4640 1704 4699 postea
1727 4628 2092 4711 Genevenses:
2128 4631 2173 4688 Ι)
2204 4631 2416 4686 ritatem
2445 4631 2785 4702 dogmatibus
2806 4632 2918 4685 suis
2947 4641 3306 4713 compararet.

566 4718 629 4755 os
660 4716 788 4755 vero
813 4716 878 4755 ex
903 4711 1294 4755 mauuscrmtts
1328 4701 1605 4755 COdlCiblls
1637 4708 1691 4753 et
1711 4715 1778 4753 ex
1811 4698 2097 4755 Nicephort
2279 4702 2390 4755 (45)
2412 4703 2857 4755 Εὐφιηιιότεοον.
2884 4700 3304 4755 Christonhorso

566 4698 633 4757 os
660 4716 788 4755 vero
813 4716 878 4755 ex
903 4701 1294 4770 mauuscriptis
1328 4698 1605 4757 codicibus
1637 4708 1691 4753 et
1711 4715 1778 4753 ex
1804 4698 2097 4770 Nicephori

516 4773 681 4827 libro.
712 4785 897 4824 veram
936 4770 1093 4830 huius
1121 4768 1223 4825 loci
1250 4771 1578 4839 scripturam
1606 4768 1961 4839 restituimus.

589 4839 701 4911 (41)
734 4839 885 4911 Vulg.
907 4841 978 4894 ἐν
996 4840 1252 4909 δευτέρῳ
1271 4838 1390 4894 τῶν
1416 4838 1828 4911 Ἐπαγγελιῶκ
1851 4839 2101 4894 Scriben-

516 4909 644 4984 dum
672 4909 828 4984 estév
847 4909 1081 4984 δευτέρῳ
1107 4911 1362 4984 περὶτῶν
1378 4909 2099 4984 Ἐπαγγελιῶνηδςτίρδοιςειι

514 4981 664 5035 enim
692 4980 981 5049 Dionysius
1005 4980 1409 5035 Alexandrinus
1427 4982 1563 5036 duos
1587 4982 1753 5036 libros
1769 4981 1843 5035 De
1868 4981 2095 5048 promis-

518 5050 781 5114 sionibus,
811 5064 906 5121 seu
938 5052 1002 5121 de
1028 5052 1263 5120 prtemiis
1289 5066 1410 5121 qum
1439 5052 1692 5120 promisit
1723 5051 1864 5121 Deus
1894 5060 2099 5121 sepost

519 5121 662 5173 hanc
690 5121 854 5171 vitam
875 5118 1043 5186 justis
1073 5118 1383 5176 hominibus
1413 5118 1767 5176 redditurum.
1801 5120 1879 5175 Ex
1922 5118 2009 5173 his
2037 5120 2098 5173 Ii-

520 5189 639 5245 bris
679 5190 954 5259 secundus
1008 5198 1127 5245 erat
1189 5192 1455 5247 adversus
1500 5191 1762 5259 Nepotem
1808 5191 2093 5259 quemdam

520 5259 833 5329 episcopum
882 5257 1104 5331 ergypti
1137 5301 1152 5325 ,
1213 5261 1305 5330 qui
1362 5276 1430 5315 ex
1494 5257 1724 5331 Joannis
1767 5257 2090 5331 Apocalypsi

520 5327 774 5385 astruere
806 5327 1073 5394 voluerat,
1107 5327 1332 5400 regnum
1373 5330 1576 5385 Christi
1614 5327 1890 5384 terrenum
1944 5327 2094 5383 futu-

518 5417 639 5456 rum
673 5414 818 5459 esse.
854 5409 913 5453 ut
937 5401 1096 5455 docet
1126 5400 1391 5455 Eusebius
1432 5401 1484 5455 in
1516 5400 1655 5455 libro
1682 5402 1932 5467 septimo.

588 5468 718 5542 (42)
744 5468 1120 5542 Ἀξιόπιστον
1159 5471 1553 5542 ὲπιςρημίσαμ
1575 5469 1938 5538 θελήσαντα.
1979 5468 2094 5542 _l_iic

520 5539 943 5611 loc‘us’Diouysii
978 5542 1193 5609 integer
1214 5550 1392 5594 exstat
1424 5542 1475 5592 in
1504 5540 1598 5611 lib.
1629 5557 1702 5596 vu
1763 5542 1923 5610 hujus
1969 5539 2092 5611 ῌὶδτ

520 5613 691 5675 turiw,
723 5609 957 5679 capi‘25.
991 5612 1116 5665 Inde
1160 5611 1324 5680 igitur
1360 5610 1596 5679 petenda
1635 5623 1719 5666 est
1780 5609 1941 5677 hujus
1984 5609 2090 5666 ioci

520 5680 830 5750 explicatio.
868 5680 1122 5748 Quidam,
1155 5681 1330 5749 inquit
1392 5681 1703 5750 Dionysius,
1758 5681 1976 5736 aiebant
2025 5682 2091 5734 li-

521 5749 674 5823 hrum
700 5750 851 5823 illum
896 5749 1693 5823 Apocalypseoscompositum
1736 5765 1860 5823 esse
1907 5766 1937 5805 a
1992 5750 2094 5823 Ce-

520 5820 704 5891 rintho
728 5820 1096 5891 heresiarcha,
1113 5819 1216 5891 'qui
1241 5819 1342 5875 sub
1369 5819 1593 5876 Joannis
1617 5820 1844 5890 apostoli
1872 5820 2092 5877 nomine

522 5904 641 5942 eam
673 5888 1078 5949 ilevelatiouem
1108 5888 1426 5963 publicavit,
1450 5905 1557 5960 quo
1602 5888 1866 5960 majorem
1899 5903 2088 5949 συείο-

2279 4702 2390 4773 (45)
2412 4698 3409 4773 Euginydtspor.Christnphorsouus
3432 4698 3575 4773 legit.
3607 4699 3767 4773 ερθυτ

2279 4717 2390 4773 (ιο)
2412 4717 2857 4782 uos/mormur.
2884 4717 3409 4823 Lnrtsu‘mnorsouus
3432 4717 3575 4781 tegit.
3607 4717 3763 4780 ευυυ-

2202 4774 2430 4845 μότερον
2455 4789 2519 4828 ex
2547 4788 2674 4845 cap.
2701 4771 2792 4845 25,
2822 4771 2918 4845 lib.
2954 4785 3047 4824 vn.
3122 4786 3273 4845 erum
3313 4771 3462 4845 locus
3493 4770 3586 4822 tlle
3637 4770 3763 4824 libri

2198 4841 2413 4910 septimi
2449 4858 2515 4896 ex
2546 4842 2649 4896 hoc
2671 4844 2850 4910 potius
2875 4841 2993 4896 loco
3021 4841 3393 4895 emendandus
3416 4851 3568 4910 erat.
3598 4853 3764 4910 quam

2201 4908 2289 4967 hic
2318 4928 2384 4967 ex
2415 4913 2507 4966 illo
2531 4908 2932 4980 depravantius.
2962 4910 3120 4964 Certe
3146 4912 3196 4963 iu
3235 4910 3327 4980 iih.
3371 4926 3470 4971 vlt,
3521 4908 3765 4980 εὐφημὸ-

2196 4999 2352 5065 τερον
2383 4979 2955 5065 habentinauttser‘ipti
3000 4981 3215 5034 codices
3235 4979 3392 5065 ,δίειῑῶ
3427 4989 3479 5032 et
3507 4979 3643 5065 bied.
3680 4981 3763 5065 ¹Ιιίι

2199 5048 2362 5107 etiam
2391 5051 2729 5120 Nicephorus
2759 5051 2812 5103 in
2846 5048 2942 5103 lib.
2973 5066 3056 5112 ιιι,
3080 5064 3199 5116 cap.
3228 5050 3314 5104 Η.
3352 5048 3460 5102 Nec
3481 5049 3652 5120 aliter
3680 5049 3761 5120 le-

2197 5123 2342 5191 gisse
2369 5118 2621 5176 Ruﬁnum
2647 5135 2713 5174 ex
2742 5120 2991 5173 versione
3023 5120 3140 5191 ejus
3179 5130 3423 5188 apparet.
3463 5118 3556 5171 Sic
3582 5184 3592 5191 _
3617 5119 3762 5191 enim

2198 5184 2360 5246 vertit
2379 5212 2392 5247 :
2409 5193 2474 5246 Et
2494 5190 2762 5257 utaliquid
2790 5184 3059 5243 sacratius
3076 5184 3554 5257 dicere'videretur,
3574 5184 3766 5252 legales

2196 5262 2368 5315 aiebat
2429 5256 2739 5331 festivitates
2788 5276 2995 5313 rursum
3059 5259 3418 5331 celebrandas.
3481 5256 3763 5331 Festorum

2195 5332 2404 5387 scilicet
2429 5326 2491 5385 'et
2512 5330 2904 5385 sacriﬁciorum
2939 5329 3154 5382 nomine
3181 5328 3429 5381 libidines
3460 5342 3586 5378 suus
3615 5326 3728 5375 vela
3748 5353 3762 5362 -

2196 5402 2290 5454 hat
2313 5402 2625 5464 Cerinthus,
2660 5410 2716 5453 ut
2742 5400 3082 5455 honestatem
3108 5398 3398 5467 quamdam
3429 5396 3482 5449 in
3529 5395 3763 5463 Speciem

2234 5472 2494 5526 raaferret.

2196 5486 2513 5611 Ρΐῗῗιῗῖιῗλ·
2537 5540 2744 5613 πρώτῳ
2756 5537 3187 5613 Διγυέγιγτράμματι
3203 5535 3321 5613 τῶν
3340 5535 3509 5613 Πρὸς.
3533 5531 3671 5613 {den
3688 5535 3766 5587 ul-

2186 5603 2391 5681 ,θέσεις
2415 5603 2720 5679 προσῦείς.
2745 5603 3100 5664 Ξςτῖιίιξιιιῐυιιι
3142 5609 3355 5662 videtur
3376 5603 3617 5676 προθείς,
3643 5606 3766 5656 licet

2194 5683 2612 5736 reclamantibus
2642 5682 2810 5734 libris.

2218 5770 2231 5781 '
2265 5752 2378 5821 (45)
2417 5751 2543 5806 Ἐπὶ
2586 5753 2812 5805 τούτων
2832 5748 3005 5821 δῆτα.
3027 5747 3298 5821 Iurodice
3332 5744 3495 5806 Med.,
3526 5741 3663 5821 Max.
3697 5758 3762 5799 ac

2194 5817 2472 5876 Saviliauo
2497 5822 2762 5893 scriptum
2798 5818 3219 5893 estsirlftotirqi,
3244 5817 3297 5893 id
3328 5825 3575 5893 est._pos.l
3601 5817 3758 5883 hunc,

2192 5886 2753 5950 Cerinthuutseiiicet.
2789 5888 2970 5948 Codex
3007 5887 3141 5945 Fuk.
3168 5886 3330 5943 habet
3366 5886 3652 5941 ἐπὶτοῦτο.

3668 469 3777 524 276
3870 490 3877 499 ο
