4192 6420
465 342 579 400 279

1190 338 1464 397 EUSEBll
1500 339 1980 398 CESARIENSIS
2019 339 2172 395 OPP.
2213 337 2395 394 PARS
2434 339 2474 395 Ι.
2516 371 2585 380 -—
2623 336 3012 396 HlSTORlCA.

3617 344 3725 400 980

470 461 696 519 nomine
739 458 1175 530 compellantem,
1224 461 1529 519 bortatorio
1578 471 1635 518 et
1680 462 2048 518 consolatorie

2164 460 2433 532 Μέμνησο,
2476 454 2522 512 ὦ
2549 459 2716 529 αὕτη,
2750 459 2843 512 τοῦ
2882 459 3109 531 Κυρίου.
3166 459 3419 524 Τοιοῦτος
3448 456 3517 532 ἦν
3554 464 3583 517 ό
3618 463 3724 518 τῶν

470 553 619 609 vocis
651 567 785 608 sono
820 552 1188 609 inclamasse:
1218 552 1433 618 Mulier,
1488 564 1760 610 memento
1808 555 2042 610 Domini.

472 645 786 715 llujusmodi
823 653 983 700 erant
1009 655 1321 700 sanctorum
1356 647 1625 700 connubia
1661 664 1675 700 :
1733 646 2041 716 hujusmodi

469 734 1046 813 eratcharissimorum
1072 734 1590 804 periectadilectio.»
1621 736 1797 803 Atque
1824 734 1937 790 haec
1964 745 2047 789 ut-

472 834 597 894 pote
613 826 864 895 praesenti
879 838 1197 895 argumento
1212 827 1639 892 accommodata,
1659 836 1966 896 opportune
1992 828 2044 882 in

470 918 615 973 hunc
640 917 819 974 locum
846 918 1200 988 conjecimus.

1017 1007 1250 1064 CAPUT
1285 1007 1478 1063 XXXI.

817 1099 897 1155 De
919 1097 1148 1154 Joannis
1180 1109 1228 1153 et
1261 1099 1495 1169 Philippi
1529 1101 1691 1156 obitu.

546 1259 621 1314 De
654 1257 822 1313 Paulo
850 1258 1071 1327 quidem
1126 1266 1182 1311 et
1218 1255 1404 1324 Petro,
1459 1268 1672 1329 tempus
1725 1271 1780 1315 et
1829 1262 2046 1316 modum

469 1350 656 1415 caulis,
694 1352 987 1419 locumque
1013 1349 1065 1403 in
1107 1365 1214 1419 quo
1237 1350 1502 1402 cadavera
1540 1351 1777 1418 ipsorum
1806 1351 2045 1421 deposita

470 1455 618 1505 sunt,
644 1442 756 1513 jam
793 1442 1045 1512 superius
1078 1441 1383 1497 retulimus.
1424 1442 1498 1495 De
1519 1440 1728 1497 Joanne
1753 1459 1885 1499 vero
1907 1453 2048 1498 tem-

473 1550 575 1601 pus
604 1535 824 1605 quidem
850 1537 1024 1604 ipsum
1062 1534 1243 1603 aliqua
1280 1550 1345 1588 ex
1402 1544 1561 1604 parte
1591 1535 2000 1605 designavimus
2031 1556 2045 1590 :

473 1630 624 1682 locus
661 1641 792 1681 vero
824 1626 876 1680 in
933 1640 1040 1694 quo
1072 1626 1317 1692 sepultus
1368 1636 1475 1688 est,
1503 1641 1568 1679 ex
1607 1625 1912 1697 Polycratis
1956 1627 2047 1696 qui

478 1719 871 1788 Ephesinorum
908 1716 1165 1772 Ecclesiae
1199 1717 1488 1787 episcOpus
1523 1716 1655 1777 fuit.
1687 1718 1913 1788 epistola
1956 1720 2050 1774 de—

2151 552 2438 623 μακαρίων
2472 551 2669 622 γάμος,
2700 554 2795 605 καὶ
2828 554 2862 623 ἡ
2898 551 3006 604 τῶν
3035 550 3307 619 φιλτάτων
3332 552 3514 606 τελεία
3544 554 3725 609 διάθε-

2149 659 2251 706 σις.
2292 662 2312 693 ι
2338 643 2450 695 Καὶ
2481 643 2651 695 ταῦτα
2676 643 2722 696 δ’
2754 646 2927 696 οἰκεῖα
2957 642 3088 696 ὅντα
3110 646 3177 713 τῇ
3210 644 3348 714 μετὰ
3380 647 3567 715 χεῖρας
3594 647 3727 700 ὑπο-

2149 731 2318 795 θέσει,
2349 732 2583 785 ἐνταῦθά
2608 750 2697 803 μοι
2724 734 2865 787 κατὰ
2890 734 3081 806 καιρὸν
3109 734 3332 788 κείσθω.

2650 995 3049 1049 ΚΕΦΔΛΑΙΟΝ
3080 997 3204 1050 AA'.

2218 1087 2359 1157 Περὶ
2412 1087 2525 1155 τῆς
2561 1086 2980 1159 ἰωὰᾑνουλκαζ
3016 1089 3317 1142 Φιλίππου
3368 1087 3657 1159 τελευτῆς

2658 1157 2799 1225 (Nic.
2832 1154 3071 1222 (1.19.1,
3110 1159 3224 1227 55).

2218 1249 2433 1303 Παύλου
2490 1250 2587 1319 μὲν
2633 1244 2726 1303 οὖν
2769 1249 2864 1304 καὶ
2910 1229 3117 1324 Πέτρου
3156 1252 3256 1320 τῆς
3294 1253 3551 1324 τελευτῆς
3589 1254 3619 1307 ὅ
3668 1270 3729 1308 τε

2147 1340 2338 1412 χρόνος
2383 1340 2476 1394 καὶ
2527 1343 2556 1393 ό
2599 1341 2824 1413 τρόπος,
2870 1342 2964 1395 καὶ
3016 1343 3240 1412 προσέτι
3291 1345 3390 1415 τῆς
3439 1345 3578 1416 μετὰ
3631 1345 3731 1418 τὴν

2147 1431 2466 1505 ἀπαλλαγὴν
2515 1432 2607 1485 τοῦ
2663 1433 2776 1503 βίου
2832 1433 2940 1487 τῶν
2996 1434 3367 1506 σκηνωμάτων
3409 1436 3590 1488 αὐτῶν
3629 1454 3731 1490 κα-

2150 1523 2421 1587 ταθέσεως
2467 1524 2495 1575 ὁ
2535 1523 2734 1596 χῶρος,
2779 1523 2880 1595 ἤδη
2930 1524 3196 1594 πρότερον
3239 1526 3370 1595 ἡμῖν
3414 1526 3730 1597 δεδήλωται.

2150 1613 2255 1666 Τοῦ
2285 1614 2343 1667 δὲ
2398 1615 2667 1677 Ἰωάννου,
2709 1614 2777 1667 τὰ
2821 1616 2918 1685 μὲν
2960 1614 3053 1667 τοῦ
3099 1616 3294 1689 χρόνου
3341 1618 3441 1689 ἤδη
3484 1636 3601 1682 πως
3652 1619 3731 1671 εἶ·-

2155 1721 2335 1776 ρηται,
2392 1706 2453 1757 τὸ
2502 1706 2558 1758 δέ
2606 1722 2669 1774 γε
2731 1705 2824 1759 τοῦ
2883 1706 3239 1777 σκηνιῦματος
3298 1708 3461 1761 αὑτοῦ
3511 1709 3733 1781 χωρίον,

477 1818 828 1866 monstratur.
863 1809 921 1863 ln
954 1825 1057 1879 qua
1099 1808 1348 1864 scribens
1378 1809 1443 1863 ad
1485 1808 1754 1864 Victorem
1792 1810 2051 1865 Romame

2164 1796 2211 1863 ἐξ
2279 1798 2568 1867 ἐπιστολῆς
2640 1797 3017 1870 Πολυκράτους
3102 1798 3234 1870 (τῆς
3296 1800 3342 1854 δ’
3394 1803 3453 1854 ἐν
3524 1801 3737 1873 Ἐφέσῳ

476 1901 627 1955 urbis
647 1902 982 1969 episcopum,
1008 1896 1236 1953 Joannis
1264 1898 1424 1953 simul
1451 1915 1514 1955 ac
1538 1899 1771 1969 Philippi
1801 1901 2051 1967 apoStoli,

474 1993 824 2065 ejusdemque
836 1991 1065 2047 ﬁliarum
1088 1992 1415 2054 mentionem
1432 1991 1557 2047 facit
1572 1993 1656 2047 his
1676 1993 1872 2047 verbis:
1886 2013 1903 2043 ι
1919 1992 2050 2046 Nam

474 2086 600 2140 etin
621 2085 773 2150 Asia,
806 2084 998 2154 inquit,
1043 2100 1235 2153 magna
1279 2084 1522 2153 qumdam
1552 2084 1753 2138 lumina
1785 2084 2052 2140 exstincta

475 2188 623 2242 sunt,
656 2193 776 2247 quae
819 2177 1232 2233 suscitahuntur
1261 2177 1314 2231 in
1358 2177 1659 2233 novissimo
1680 2178 1765 2232 die
1792 2181 2054 2233 adventus

480 2269 712 2332 Domini,
738 2278 865 2323 tunc
891 2284 1014 2323 cum
1041 2268 1108 2323 de
1138 2268 1274 2323 coelo
1294 2268 1473 2323 veniet
1497 2284 1618 2323 cum
1645 2269 1837 2339 gloria,
1860 2280 1914 2324 et
1933 2271 2055 2325 uni-

476 2375 665 2416 versos
697 2370 915 2417 sanctos
944 2360 1229 2429 requiret:
1289 2359 1594 2429 Philippum
1643 2360 1905 2431 intelligo,
1958 2361 2050 2431 qui

481 2452 579 2506 fuit
600 2467 742 2506 unus
766 2467 832 2507 ex
857 2451 1141 2506 duodecim
1160 2451 1443 2520 apostolis,
1462 2461 1813 2521 mortuusque
1832 2463 1915 2506 est
1934 2452 2055 2508 llieo

478 2544 649 2613 rapuli
697 2559 821 2599 cum
856 2544 997 2598 binis
1029 2542 1242 2598 ﬁliabus
1271 2559 1393 2613 qua:
1431 2543 1484 2597 in
1520 2544 1828 2615 virginitate
1855 2561 2050 2600 conse-

479 2647 738 2691 nuerunt.
786 2634 970 2690 Altera
1007 2650 1226 2705 quoque
1273 2636 1391 2703 ejus
1424 2635 1531 2689 ﬁlia
1564 2651 1683 2705 quae
1707 2637 2047 2705 spiritualem

486 2730 777 2799 quamdam
830 2728 996 2783 vitam
1021 2728 1194 2791 duxit,
1246 2727 1445 2797 Ephesi
1500 2729 1709 2799 sepulta
1736 2740 1837 2785 est.
1867 2731 1971 2785 Sed
1998 2740 2053 2787 et

478 2820 742 2884 Joannes,
765 2819 855 2888 qui
887 2834 1049 2888 supra
1074 2828 1264 2889 pectus
1291 2819 1503 2874 Domini
1537 2821 1808 2887 recubuit,
1840 2822 2052 2892 fuitque

481 2912 739 2966 sacerdos
770 2909 866 2966 Dei
905 2910 1161 2965 laminam
1193 2921 1435 2982 gestans,
1455 2922 1507 2966 et
1540 2922 1745 2984 martyr
1766 2923 1819 2968 et
1839 2915 2048 2978 doctor.

482 3004 590 3069 hic,
608 3004 849 3072 inquam,
875 3002 1112 3058 Joannes
1136 3003 1188 3056 in
1217 3004 1346 3057 urbe
1361 3004 1572 3072 Epheso
1587 3006 1839 3059 conditus
1853 3006 2011 3076 jacet.
2026 3025 2046 3059 ι

2155 1890 2444 1960 παροικίας
2497 1890 2794 1953 ἐπίσκοπος
2847 1886 3001 1954 οὗτος
3048 1887 3164 1962 ἦν)
3215 1892 3612 1947 ἐπιδείκνυται·
3670 1896 3738 1967 ἦν

2155 1983 2409 2052 Οὑίκτορι
2443 1983 2728 2053 Ῥωμαίων
2752 1984 2942 2036 ἐπισκό
2954 2002 3033 2053 mp
3060 1984 3308 2055 γράφων,
3333 1984 3467 2056 ὁμοῦ
3492 2003 3552 2038 τε
3573 1987 3736 2041 αὐτοῦ

2152 2074 2245 2128 καὶ
2271 2074 2537 2127 Φιλίππου
2574 2073 2904 2144 μνημονεύει
2934 2075 3025 2127 τοῦ
3057 2075 3379 2140 ἀποστόλου,
3402 2077 3510 2130 τῶν
3534 2095 3593 2131 τε
3622 2078 3738 2131 τού·

2152 2183 2242 2219 του
2293 2165 2608 2235 θυγατέρων
2649 2161 2752 2219 ὧδέ
2792 2183 2927 2229 πως·
2974 2185 2993 2216 r
3044 2168 3151 2219 Καὶ
3182 2168 3291 2239 γάρ
3329 2169 3425 2222 καὶ
3470 2168 3612 2223 κατὰ
3640 2170 3739 2240 τὴν

2166 2257 2357 2310 Ἀσίαν
2388 2257 2601 2327 μεγάλα
2630 2261 2868 2328 στοιχεῖα
2889 2258 2999 2328 (50)
3029 2260 3389 2331 κεκοίμηται·
3420 2262 3578 2317 ἅτινα
3603 2265 3738 2317 άνα-

2156 2350 2411 2418 στήσεται
2434 2351 2499 2419 τῇ
2524 2349 2730 2423 ἐσχάτῃ
2751 2349 2934 2422 ἡμέρα
2949 2350 3046 2420 τῆς
3073 2353 3373 2422 παρουσίας
3394 2355 3487 2407 τοῦ
3507 2356 3738 2427 Κυρίου,

2153 2448 2210 2499 ἐν
2311 2447 2529 2521 ἔρχεται
2568 2451 2704 2520 μετὰ
2729 2451 2885 2521 δόξης
2915 2451 2973 2518 ἐξ
2998 2449 3250 2521 οὐρανοῦ,
3287 2451 3382 2503 καὶ
3408 2449 3741 2519 ἀναζητήσει

2154 2537 2361 2602 πάντας
2393 2542 2519 2604 τοὺς
2547 2543 2757 2609 ἁγίους,
2799 2543 3066 2597 Φίλιππον
3099 2543 3191 2595 τὸν
3229 2542 3339 2595 τῶν
3382 2541 3592 2595 δώδεκα
3627 2540 3740 2611 (51)

2152 2633 2489 2697 ἀποστόλων,
2540 2635 2600 2697 ὃς
2651 2635 2975 2706 κεκοίμηται
3026 2637 3085 2688 ἐν
3142 2633 3469 2707 Ἱεραπόλει,
3512 2634 3605 2687 καὶ
3649 2632 3744 2685 δύο

2152 2724 2451 2797 Θυγατέρες
2480 2728 2645 2781 αὑτοῦ
2671 2731 3040 2802 γεγηρακυῖαι
3076 2727 3362 2799 παρθένοι,
3386 2728 3481 2781 καὶ
3509 2729 3542 2797 ἡ
3582 2725 3744 2799 ἐτέρα

2152 2817 2321 2873 αὐτοῦ
2346 2819 2459 2891 (52)
2480 2819 2726 2893 θυγάτηρ
2749 2823 2805 2873 ὲν
2821 2821 2964 2891 ἁγίῳ
2986 2819 3263 2890 Πνεύματι
3286 2819 3742 2889 πολιτευσαμένη,

2152 2910 2186 2980 ἢ
2216 2911 2274 2964 ἐν
2321 2912 2531 2983 Ἐφέσῳ
2557 2913 2922 2967 ἀναπαύεται.
2957 2913 3079 2964 Ἔτι
3104 2912 3161 2964 δὲ
3187 2913 3281 2963 καὶ
3315 2911 3569 2981 Ἰωάννης
3597 2913 3626 2964 ὁ
3651 2911 3744 2962 ἐπὶ

2150 3000 2213 3052 τὸ
2244 3003 2442 3073 στῆθος
2475 3004 2569 3057 τοῦ
2608 3004 2817 3076 Κυρίου
2848 3002 3162 3070 ἀναπεσὼν,
3200 3003 3260 3066 ὃς
3299 3002 3532 3073 ἐγενήθη
3565 3002 3745 3073 ἱερεὺς

486 3095 641 3166 103
675 3095 742 3149 Et
771 3096 887 3149 haac.
919 3094 1135 3164 quidem
1184 3097 1251 3149 de
1292 3095 1504 3149 illorum
1555 3098 1728 3150 obitu.
1778 3095 2050 3153 Przclerea

2164 3092 2214 3145 τὺ
2240 3095 2472 3149 πέταλον
2498 3095 2847 3167 πεφορηκὼς,
2876 3095 2972 3149 καὶ
3005 3095 3236 3166 μάρτυς,
3266 3094 3361 3146 καὶ
3388 3093 3708 3158 διδάσκαλος
3729 3132 3746 3159 ,

484 3162 960 3259 iiivDialogoEaii
1017 3187 1175 3256 cujus
1204 3203 1367 3259 supra
1414 3187 1643 3245 fecimus
1700 3191 2053 3258 mentionem,

2164 3181 2318 3251 οὗτος
2348 3190 2405 3242 ἐν
2451 3162 2662 3258 Ἐφέσιρ
2701 3162 3051 3259 κεκοίμηται.
3150 3184 3336 3239 Ταῦτα
3362 3185 3459 3239 καὶ
3487 3186 3617 3256 περὶ
3647 3185 3750 3256 τῆς

554 3390 667 3459 (50)
701 3389 947 3459 Μεγάλαι
968 3388 1256 3458 στοιχεῖα.
1294 3388 1654 3460 llierouymus
1682 3401 1738 3445 et
1784 3392 2059 3450 Masculus

480 3473 739 3516 elementa
783 3463 966 3526 vertit,
1010 3461 1537 3527 Christophorsonus
1593 3464 1926 3522 seminaria:
1963 3467 2058 3519 sed

479 3531 686 3599 Optime
722 3530 1177 3585 Rtlﬁnttslumina
1234 3532 1641 3599 interpretatur.
1698 3531 1831 3584 Nam
1883 3533 2057 3589 αι’ωοὶ

482 3604 635 3681 signa
680 3601 890 3656 zodiaci
924 3602 1163 3680 στοιχεῖα
1199 3601 1376 3681 solent
1432 3601 1724 3681 appellare.
1783 3604 1875 3658 Sic
1918 3605 2060 3672 apud

482 3670 776 3727 Diogenem
815 3670 1091 3723 Laertinm
1129 3687 1179 3722 in
1220 3668 1336 3722 Vita
1367 3668 1705 3724 Menedemi:
1747 3673 1910 3727 Πῖλος
1936 3675 2060 3727 Ἀο-

484 3686 776 3740 Diogenem
815 3686 1091 3723 Laerunm
1129 3687 1179 3722 tn
1223 3686 1336 3722 Vita
1367 3686 1657 3724 meneaemt
1687 3687 1705 3724 :
1748 3686 1910 3737 υιΑος
1942 3686 2062 3746 Λρ-

484 3740 705 3818 καδικὸς
734 3740 844 3818 ἐπὶ-
863 3740 1232 3818 τῆς-’κεφαλῆς
1269 3738 1409 3818 ἔχων
1439 3741 1789 3818 ἐνυφασμένα
1837 3745 1907 3797 τὰ
1959 3744 2062 3798 δώ-

483 3812 616 3865 δεκα
643 3812 900 3882 στοιχεῖα,
935 3810 1225 3882 δῇειιυιυιιι
1262 3810 1531 3882 vocabant
1576 3810 1831 3882 ea‘signa
1885 3817 2060 3882 genti-

485 3883 591 3945 les,
629 3877 791 3946 quod‘
818 3877 1081 3946 principia
1132 3879 1258 3932 vitae
1300 3878 1578 3933 hominum
1612 3896 1678 3935 ac
1732 3877 1960 3937 fortuna
2008 3887 2059 3937 in

487 3952 558 4005 iis
594 3950 765 4018 posita
798 3963 919 4002 esse
958 3949 1373 4009 existimarent,
1414 3957 1472 4002 ut
1519 3951 1677 4003 docet
1734 3952 2063 4021 Epiphanius

487 4023 542 4074 in
570 4020 764 4074 hmresi
815 4017 1214 4072 Pharisaeorum
1258 4033 1271 4070 :
1321 4017 1401 4072 Τά
1456 4020 1699 4075 ματαίως
1736 4022 2063 4075 νομιζόμενα

486 4023 542 4074 in
570 4022 764 4074 hmresi
815 4022 1214 4072 Pharisaeorum
1258 4033 1271 4070 :
1321 4022 1401 4072 Τά
1455 4022 1699 4089 ματαίως
1736 4022 2067 4093 νομιζόμενα

485 4092 582 4162 εἰς
606 4087 1140 4162 ἀριθμὸνῌστοιχε-ίων
1164 4091 1287 4162 τοῖς
1303 4088 1741 4162 πεπλανημένοις
1767 4092 2003 4162 ὀνόματα
2032 4093 2068 4147 ἃ

490 4158 659 4227 casta
695 4158 1110 4231 xaloi'aaty._Ubi
1139 4159 1235 4231 εἰςἶ
1265 4158 1499 4231 ἀριθμόν
1542 4158 1775 4231 ponitur
1828 4158 1925 4231 pro
1987 4166 2069 4225 εἰς

489 4232 671 4300 λόγον.
707 4231 887 4297 Quare
922 4229 1125 4300 fallitur
1148 4229 1448 4300 Salmasius
1488 4230 1542 4282 in
1590 4230 1733 4300 libro
1785 4229 1862 4285 De
1916 4235 2070 4285 annis

491 4298 883 4366 climactericis,
914 4315 1034 4367 pag.
1065 4298 1192 4353 577.
1219 4298 1403 4366 Neque
1424 4301 1567 4371 enim
1593 4299 1765 4355 Graeci
1809 4305 2070 4371 στοιχεῖον

491 4386 737 4441 unquam,
755 4372 1011 4425 dixerunt
1043 4371 1458 4441 imagiueuuaut
1484 4369 1735 4437 ﬁguram.

562 4436 674 4512 (5!)
712 4440 1014 4495 Φίλιππον
1043 4436 1294 4493 tenor
1615 4440 2067 4513 Chriswphorso-

2168 3393 2484 3460 virginitate
2509 3399 2935 3462 consenuerunt.
2962 3391 3038 3447 Ex
3063 3408 3172 3462 quo
3203 3392 3500 3462 colligitur,
3529 3394 3745 3449 tertiam

2168 3465 2310 3519 hanc
2339 3463 2456 3535 viro
2488 3471 2713 3535 nuptam
2778 3461 2963 3517 fuisse.
3020 3461 3205 3535 Neque
3253 3461 3385 3517 vero
3414 3464 3494 3535 iid
3544 3476 3748 3535 pugnat

2168 3551 2290 3589 cum
2326 3533 2502 3599 capite
2534 3548 2624 3587 xx:
2687 3531 2921 3604 Actuum
2965 3534 3359 3602 apostolorum.
3412 3531 3745 3604 Responderi

2167 3606 2313 3659 enim
2344 3612 2546 3675 potes_t,
2579 3612 2690 3655 tum
2727 3603 2947 3675 quidem
2981 3619 3102 3675 cum
3135 3619 3197 3657 ea
3256 3603 3581 3673 gererentur
3627 3620 3748 3675 quae

2168 3671 2436 3729 memorat
2492 3671 2670 3727 Lucas
2696 3711 2711 3736 ,
2746 3671 3006 3742 'Philippi
3057 3674 3195 3728 ﬁlias
3247 3671 3413 3729 fuisse
3455 3671 3741 3743 virgines:

2168 3754 2352 3812 postea
2402 3755 2577 3797 tamen
2617 3759 2776 3797 unam
2805 3759 2869 3796 ex
2895 3745 3000 3798 illis
3035 3760 3063 3797 a
3091 3755 3243 3812 patre
3286 3754 3508 3813 nuptum
3538 3745 3744 3800 datam.

2168 3816 2336 3883 quue
2368 3814 2595 3868 innuere
2662 3815 2874 3867 videtur
2924 3813 3177 3868 Clemens
3232 3814 3633 3869 Alexandrinus
3692 3818 3748 3871 itt

2170 3886 2351 3939 verbis
2377 3898 2497 3951 qua:
2520 3898 2680 3951 supra
2713 3883 2952 3937 citantur
2976 3884 3044 3936 ab
3080 3884 3336 3937 Eusebio.
3367 3884 3537 3943 Porro
3591 3885 3753 3939 Chri-

2172 3956 2569 4022 stophorsonus
2613 3954 2827 4007 tertiam
2882 3954 3019 4006 hanc
3045 3953 3278 4020 Philippi
3342 3953 3512 4006 ﬁliam
3549 3994 3563 4019 ,
3625 3971 3749 4008 cum

2174 4026 2388 4078 duabus
2423 4024 2527 4076 illis
2557 4022 2834 4088 prioribus
2871 4022 3139 4077 confudit.
3186 4023 3353 4089 Cujus
3395 4024 3575 4077 versio
3636 4039 3751 4077 me-

2177 4095 2285 4147 rito
2314 4093 2552 4146 turbavit
2594 4090 2908 4157 Baronium,
2936 4102 2993 4144 ut
3023 4103 3171 4160 patet
3215 4108 3279 4146 ex
3332 4092 3627 4147 Annalibus
3680 4095 3749 4148 ad

2174 4180 2372 4216 annum
2402 4161 2604 4235 Cliﬁisti
2636 4161 2726 4235 58',
2769 4177 2891 4229 cap.
2918 4164 3040 4235 “5.
3077 4163 3290 4235 liepetit
3321 4162 3461 4216 hunc
3490 4162 3747 4235 Polycra-

2177 4234 2242 4285 lis
2272 4234 2447 4286 locum
2486 4231 2753 4286 Eusebius
2790 4244 2976 4288 noster
3017 4234 3069 4285 in
3105 4232 3199 4285 lib.
3228 4248 3279 4296 ν,
3315 4248 3436 4301 cap.
3490 4231 3606 4296 24',
3655 4234 3745 4288 ubi

2172 4303 2701 4372 (Ihristophorsonus
2730 4311 2840 4355 tres
2864 4302 3098 4371 Philippi
3131 4302 3270 4356 ﬁlias
3301 4315 3448 4358 recte
3473 4304 3747 4369 distinxit,

2173 4383 2228 4427 et
2278 4373 2514 4440 priorem
2566 4385 2724 4424 suum
2793 4387 3036 4427 errorem
3101 4374 3426 4426 emendavit.
3481 4374 3747 4428 Cancrum

2175 4445 2342 4512 quaeri
2369 4445 2456 4497 hic
2484 4444 2704 4513 merito
2750 4454 2927 4510 potest
2978 4459 3076 4497 cur
3103 4442 3417 4513 Polycrates
3450 4453 3561 4498 tres
3605 4446 3746 4497 dun-

490 4510 595 4567 nus
625 4515 727 4565 hoc
758 4512 875 4566 loco
929 4525 1271 4581 nequaquam
1299 4510 1471 4581 “boui
1525 4510 1851 4580 interpretis
1893 4512 2071 4569 oﬁicio
2104 4518 2150 4573 D
2183 4510 2331 4567 taxat
2371 4512 2606 4581 Philippi
2645 4512 2785 4566 ﬁlias
2806 4510 3218 4579 memoraverit,
3264 4529 3389 4568 cum
3438 4515 3488 4567 in
3523 4515 3748 4570 Actibus

495 4578 1029 4665 Iunctusest'hqui
1060 4578 1162 4650 pro
1214 4578 1461 4649 Philippo
1521 4595 1628 4636 uno
1667 4578 1734 4665 ex
1783 4584 2069 4665 duodecim

495 4652 792 4734 apostolis,
834 4651 1143 4731 Philippum
1199 4665 1365 4730 unum
1433 4665 1500 4703 ex
1562 4662 1772 4733 septem
1827 4654 2071 4736 diaconis

496 4724 799 4777 substituit.
833 4720 1004 4777 Vetus
1037 4722 1255 4791 quidem
1276 4721 1375 4793 hic
1404 4735 1564 4774 error
1588 4720 1714 4793 fuit,
1742 4734 1819 4793 ut
1869 4722 2073 4793 Philip-

494 4808 621 4864 pum
647 4793 933 4864 diaconum
958 4801 1012 4847 et
1045 4792 1433 4864 evangelistam
1462 4806 1601 4864 cum
1653 4791 1908 4864 Philippo
1941 4791 2073 4864 apo-

497 4862 645 4915 stoln
664 4862 1084 4916 confunderent.
1118 4861 1185 4915 Et
1209 4862 1335 4931 quia
1364 4861 1417 4915 in
1448 4860 1674 4915 Actibus
1703 4860 2070 4929 apostolorum

496 4947 621 5002 cap.
644 4947 761 4997 χχι,
789 4932 1021 5000 Philippi
1046 4931 1666 5004 evangelisL12__qu_atuor
1718 4932 1861 4987 ﬁlias
1907 4935 2073 5004 virgi-

498 5000 596 5057 nes
639 5004 998 5072 prophetasse
1047 5001 1336 5071 legerant,
1393 5000 1701 5071 Philippum
1769 5000 2071 5072 apostolum

498 5071 781 5141 coniugem
842 5073 1096 5127 habuisse
1156 5081 1233 5141 et,
1268 5071 1406 5126 tilias
1445 5075 1751 5141 suscepisse
1793 5076 2070 5128 dixerunt.

496 5141 574 5195 lta
604 5140 806 5214 praeter
841 5141 1180 5214 Polycratem
1204 5140 1459 5214 Clemens
1480 5140 1883 5214 uisitandi-inus
1912 5159 2072 5214 supra

498 5214 552 5268 in
584 5211 762 5281 capite
790 5211 880 5276 50,
907 5224 961 5266 et
1000 5211 1197 5281 Papias
1251 5211 1415 5269 infra.
1481 5211 1676 5281 verum
1727 5228 1793 5267 ex
1846 5211 2075 5270 Actibus

499 5280 869 5353 apostolorum
901 5280 1193 5337 manifesto
1219 5282 1495 5351 colligitur
1536 5280 1845 5353 Philippum
1893 5287 2076 5339 diaco-

500 5370 656 5419 num,
692 5368 816 5407 eum
852 5368 882 5406 a
911 5367 1019 5422 quo
1047 5355 1333 5407 eunuchus
1379 5353 1687 5422 baptizatus
1712 5365 1819 5419 est,
1872 5366 1927 5408 et
1981 5355 2074 5422 qui

497 5433 735 5491 quatuor
767 5423 961 5478 habuit
1013 5423 1153 5477 ﬁlias
1185 5424 1592 5492 prophetautes,
1631 5423 1794 5477 alium
1845 5424 2016 5479 fuisse
2044 5442 2073 5477 a

500 5494 751 5565 Philippo
802 5492 1091 5565 apostolo._
1129 5491 1263 5565 Vide
1310 5491 1576 5546 lsidorum
1632 5494 1964 5549 Pelusiotam
2022 5498 2073 5549 in

500 5562 654 5619 libro
674 5562 871 5633 primo,
896 5562 1130 5633 epistola
1164 5563 1290 5632 447,
1319 5572 1374 5617 et
1426 5567 1807 5632 sequentibus,
1875 5567 1965 5620 ubi
2024 5568 2076 5620 id

501 5636 842 5701 apertissime
864 5637 1223 5689 demonstrat.

577 5705 686 5776 (5.9.)
719 5706 885 5774 Καὶή
912 5705 1085 5773 ἑτέρα
1118 5704 1328 5763 αὑτοῦ.
1360 5704 1599 5776 Tertiam
1658 5706 1800 5762 hanc
1842 5704 2077 5776 Philippi

500 5774 676 5831 ﬁliani
693 5778 929 5848 scjungit
954 5776 1281 5851 Polycrates
1335 5788 1367 5831 a
1414 5774 1653 5858 duabus.
1688 5778 1811 5832 aliis
1852 5774 2072 5848 quam

2179 4594 2412 4653 quatuor
2437 4584 2559 4637 ﬁliae
2597 4582 2830 4651 Philippi
2863 4592 3245 4637 numerentur.
3284 4584 3604 4652 Respondeo
3647 4583 3749 4639 Po-

2177 4656 2440 4725 lycratem
2473 4669 2662 4709 earum
2693 4654 2956 4707 duntaxat
2990 4655 3322 4708 mentionem
3370 4655 3587 4722 iecisse,
3628 4670 3750 4724 quae

2175 4725 2230 4778 in
2258 4726 2383 4778 Asia
2421 4735 2648 4779 mortuae
2692 4727 3025 4793 scpultraeque
3073 4735 3291 4788 essent,
3330 4734 3390 4779 ut
3433 4725 3621 4779 videre
3662 4736 3749 4780 est

2176 4794 2230 4865 in
2280 4794 2495 4864 integra
2533 4796 2702 4863 ipsius
2736 4795 2964 4865 epistola
3001 4794 3388 4865 quwyreferlur
3414 4797 3467 4850 in
3518 4795 3661 4849 libro
3693 4811 3745 4849 ν.

2175 4863 2308 4918 Cum
2346 4863 2510 4933 igitur
2536 4880 2640 4917 una
2691 4863 3027 4934 ex'quatuor
3090 4863 3197 4918 illis
3232 4865 3446 4920 ﬁliabus
3488 4865 3750 4920 Ctesarete

2176 4945 2270 4987 aut
2304 4934 2429 4990 alibi
2462 4946 2672 4988 mortua
2697 4947 2863 4999 esset,
2898 4936 3019 4989 ideo
3044 4934 3243 4988 nullam
3274 4934 3391 5003 ejus
3415 4936 3747 4989 mentionem

2177 5003 2306 5058 iecit
2356 5005 2691 5075 Polycrates.
2754 5006 2924 5059 Porro
2966 5021 3031 5058 ex
3098 5006 3310 5060 ﬁliabus
3364 5005 3594 5074 Philippi
3643 5020 3749 5058 una

2178 5075 2491 5139 Hermione,
2561 5076 2732 5145 altera
2787 5076 3053 5145 Eutychis
3093 5075 3397 5131 dicebatur.
3464 5076 3555 5130 Sic
3602 5076 3749 5145 enim

2177 5146 2437 5198 scribitur
2474 5147 2527 5199 in
2569 5143 2774 5199 Menwo
2806 5143 3121 5201 Griecorum
3158 5165 3172 5198 :
3213 5146 3311 5200 Die
3344 5146 3379 5198 4
3428 5144 3752 5212 Septembris

2177 5215 2600 5269 commemoratio
2638 5213 2697 5268 S.
2729 5214 3051 5281 Hermionae,
3081 5218 3238 5270 unius
3263 5232 3327 5270 ex
3358 5226 3584 5283 quatuor
3608 5213 3752 5283 ﬁlia-

2179 5284 2269 5337 bus
2309 5283 2540 5353 Philippi
2569 5285 2814 5353 apostoli,
2841 5287 2933 5350 qui
2975 5287 3257 5353 baptizavit
3281 5281 3576 5340 eunuchum
3609 5281 3753 5336 Can-

2178 5355 2356 5408 daces.
2383 5354 2513 5410 Haec
2565 5366 2610 5409 et
2637 5371 2787 5409 soror
2820 5356 2934 5425 ejus
2977 5355 3234 5424 Entychis
3294 5359 3349 5409 in
3393 5356 3574 5425 Asiam
3615 5354 3751 5406 venit

2178 5434 2294 5496 post
2358 5434 2576 5478 moer
2644 5423 2871 5496 Joannis
2930 5423 3181 5496 apostoli,
3235 5437 3343 5482 etc.
3400 5423 3753 5496 Sepulta__eu

2180 5482 2392 5566 Ephesi.
2429 5496 2596 5566 Igitur
2625 5511 2689 5551 ex
2746 5482 2974 5550 Menam.
3006 5482 3289 5560 discimus,
3334 5482 3549 5566 tertiam
3605 5493 3753 5547 illam

2180 5563 2410 5636 Philippi
2457 5563 2650 5629 liliam,
2700 5567 2765 5620 de
2822 5583 2927 5635 qua
2985 5568 3073 5620 hic
3136 5567 3375 5633 loquitur
3420 5564 3753 5633 Polycrates,

2182 5632 2528 5691 liertnionetn
2561 5632 2884 5705 appellatam
2917 5636 3111 5691 fuisse.
3165 5632 3381 5691 Etenim
3435 5636 3752 5705 Polycrates

2182 5720 2300 5760 eam
2340 5708 2537 5776 Ephesi
2589 5703 2859 5776 sepultam
2915 5721 3037 5776 esse
3085 5706 3240 5774 dicit,
3285 5723 3407 5763 cum
3473 5703 3592 5763 dua:
3638 5703 3756 5773 ejus

2184 5768 2400 5836 sorores
2438 5768 2669 5849 sepulta;
2698 5787 2881 5834 essent
2910 5768 3208 5849 Hierapoli.
