4192 6414
438 372 538 427 281

1424 368 1777 427 HISTOBUE
1820 372 2378 432 ECCLESIASTICIE
2419 377 2545 430 LIB.
2592 378 2676 432 Ill.

3580 387 3693 441 282

432 484 598 539 τῶνδε
621 483 902 554 τελευτῆς.
932 482 1043 537 Καὶ
1078 484 1137 538 ὲν
1161 483 1239 555 τῷ
1270 484 1434 538 Γαΐου
1458 485 1537 550 δὲ,
1569 481 1631 541 οὗ
1669 487 1850 559 μικρῷ
1884 489 1989 560 πρό

2086 543 2090 551 _
2122 491 2343 547 Proclus
2376 494 2632 550 adversus
2667 507 2827 561 quem
2863 494 3109 552 instituta
3150 504 3234 553 est
3268 497 3585 568 disputatio.
3618 504 3688 561 de

432 579 555 632 σθεν
569 577 814 649 ἐμνήσθη
823 594 944 649 μεν,
964 578 1250 647 Διαλόγῳ,
1262 577 1528 650 Πρόκλος,
1546 581 1683 651 πρὸς
1697 581 1756 634 ὃν
1776 584 2012 635 ἐποιεῖτο

429 670 528 742 τὴν
556 670 805 741 ζήτησιν,
836 668 965 741 περὶ
1006 668 1105 739 τῆς
1129 669 1394 723 Φιλίππου
1427 671 1520 724 καὶ
1560 672 1667 725 τῶν
1698 672 2011 747 θυγατέρων

428 763 596 817 αὐτοῦ
624 762 879 834 τελευτῆς
905 762 1145 834 συνᾴδων
1170 765 1282 826 τοῖς
1305 763 1625 829 ἐκτεθεῖσιν,
1644 765 1787 817 οὕτω
1804 766 1968 837 φησίν
1990 783 2004 798 ο

434 870 453 903 ‹
504 851 660 905 Πετά
695 850 855 905 τοῦτο
889 851 946 904 δὲ
988 852 1316 924 προφήτιδες
1360 853 1625 925 τέσσαρες
1657 856 1715 908 αἱ
1739 855 2007 910 Φιλίππου

427 942 752 1012 γεγένηνται
802 944 859 997 ὲν
916 943 1213 1015 Ἱεραπόλει
1260 947 1325 1017 τῇ
1380 946 1522 1000 κατά
1564 946 1666 1018 τὴν
1721 949 1936 1001 Ἀσίαν·
1979 952 2008 1003 ό

427 1033 599 1103 τάφος
638 1034 819 1088 αὐτῶν
852 1036 997 1089 ἐστιν
1032 1037 1168 1100 ἐκεῖ,
1211 1037 1306 1090 καὶ
1342 1041 1370 1091 ὁ
1400 1038 1492 1091 τοῦ
1518 1039 1723 1109 πατρὸς
1745 1041 1947 1095 αὐτῶν.
1982 1061 2001 1093 ι

428 1125 616 1182 Ταῦτα
645 1126 744 1198 μὲν
773 1120 946 1192 οὗτος.
994 1128 1051 1181 Ὀ
1082 1128 1140 1181 δὲ
1168 1129 1380 1192 Λουκᾶς
1411 1132 1469 1183 ἐν
1493 1133 1611 1194 ταῖς
1634 1131 1875 1202 Πράξεσι
1896 1132 2006 1185 τῶν

427 1219 758 1282 ἀποστόλων,
797 1219 907 1274 τῶν
945 1220 1211 1275 Φιλίππου
1249 1220 1565 1294 θυγατέρων
1609 1226 1667 1277 ὲν
1696 1225 2004 1297 Καισαρείᾳ

426 1310 524 1381 τῆς
568 1311 824 1375 Ἰουδαίας
849 1312 966 1383 ἅμα
984 1311 1061 1382 τῷ
1092 1314 1262 1385 πατρὶ
1292 1313 1412 1366 τότε
1435 1314 1846 1386 διατριδουσῶν,
1870 1334 2002 1388 προ-

424 1401 654 1474 φητικοῦ
676 1420 736 1455 τε
774 1405 1114 1475 χαρίσματος
1137 1390 1476 1475 ἠξιωμένων,
1510 1405 1837 1478 μνημονεύει
1860 1407 2004 1461 κατὰ

421 1492 568 1560 λέξιν
601 1490 702 1547 ὧδέ
734 1512 852 1558 πως
882 1495 1054 1564 λέγων
1074 1512 1087 1524 ·
1145 1514 1163 1545 ι
1214 1494 1489 1567 Ἤλθομεν
1519 1499 1600 1561 είς
1641 1498 1999 1571 Καισάρειαν,

420 1579 517 1634 καὶ
548 1581 882 1647 εἰσελθόντες
911 1585 991 1648 εἰς
1020 1583 1110 1636 τὸν
1150 1580 1298 1637 οἷκον
1327 1585 1596 1641 Φιλίππου
1639 1587 1734 1642 τοῦ
1773 1590 2001 1659 εὐαγγε-

418 1672 599 1727 λιστοῦ
647 1675 802 1738 ὄντος
849 1678 914 1729 ὲκ
954 1674 1061 1728 τῶν
1110 1676 1274 1741 ἑπτὰ,
1320 1678 1614 1750 ἐμείναμεν
1655 1678 1785 1755 παρ’
1827 1683 1996 1755 αὐτῷ.

2115 584 2349 656 Philippi
2381 586 2607 656 ejusque
2642 587 2876 643 ﬁliarum
2913 591 3087 655 exitu,
3138 592 3297 660 plane
3339 597 3686 651 consentiens

2111 676 2326 740 cumfiis
2346 691 2466 745 quae
2483 681 2642 732 modo
2667 679 2965 744 retulimus.
2986 682 3064 736 sic
3087 683 3163 736 ait
3192 701 3208 737 :
3242 703 3260 736 ι
3290 684 3534 751 Quatuor
3563 697 3683 755 post

2113 767 2227 821 haec
2268 768 2501 837 Philippi
2547 770 2672 823 ﬁliae
2725 771 3071 840 prephetides
3121 773 3344 830 fuerunt
3407 776 3678 847 Hierapoli

2111 861 2256 914 Asiae
2285 861 2534 924 civitate,
2563 864 2653 915 ubi
2687 864 2849 918 etiam
2893 880 3082 919 earum
3126 877 3181 921 et
3236 870 3406 938 patris
3446 869 3678 942 Philippi

2108 951 2416 1021 sepulcrum
2443 953 2658 1006 visitur.
2687 973 2705 1007 ι
2743 954 2869 1010 Haec
2894 956 3001 1010 ille.
3032 954 3208 1012 Lucas
3238 974 3369 1014 vero
3389 961 3440 1015 in
3455 963 3683 1019 Actilms

2108 1043 2499 1111 apostolorum,
2536 1044 2765 1115 Philippi
2801 1046 3034 1100 ﬁliarum
3079 1050 3323 1105 meminit
3346 1092 3360 1111 ,
3394 1068 3514 1121 quae
3541 1055 3681 1111 dono

2106 1135 2404 1205 propltelim
2443 1148 2673 1201 ornatae,
2729 1140 2870 1206 apud
2934 1139 3234 1195 Caesaream
3294 1142 3494 1199 Jutlzca:
3554 1155 3682 1201 tttne

2109 1230 2368 1299 temporis
2403 1246 2525 1285 cum
2571 1244 2724 1302 patre
2770 1233 3059 1302 degebant.
3107 1234 3433 1300 «Venimus,
3482 1240 3678 1308 inquit,

2104 1322 2408 1377 Ctesaream
2442 1341 2456 1376 :
2490 1335 2543 1379 et
2586 1325 2816 1393 ingressi
2846 1325 2899 1379 in
2940 1327 3156 1379 domum
3188 1326 3416 1398 Philippi
3445 1343 3681 1400 evange-

2104 1415 2264 1483 listaa,
2297 1417 2390 1485 qui
2425 1426 2545 1470 erat
2569 1432 2707 1472 unus
2731 1433 2761 1471 e
2786 1426 3015 1486 septem,
3041 1418 3338 1473 mansimus
3363 1423 3510 1488 apud
3530 1436 3675 1479 eum.

2107 1509 2240 1564 Huic
2271 1520 2455 1564 autem
2489 1520 2647 1564 erant
2667 1520 2900 1580 quatuor
2926 1511 3046 1565 lilia:
3084 1512 3320 1581 virgines
3347 1513 3678 1584 prophetau-

2105 1612 2206 1654 tes.
2237 1620 2255 1651 ι
2297 1600 2573 1669 Expositis
2598 1602 2764 1673 igitur
2793 1602 3056 1657 hactenus
3082 1618 3416 1673 quaacunque
3439 1604 3504 1659 ad
3536 1607 3680 1659 noti-

2104 1692 2233 1745 tiam
2272 1699 2514 1745 nostram
2542 1702 2947 1762 pervenerunt,
2998 1704 3109 1748 tum
3139 1695 3205 1749 de
3240 1695 3502 1765 apostolis
3544 1696 3677 1765 ipsis

418 1764 605 1836 Τούτῳ
649 1766 708 1819 δὲ
750 1762 891 1839 ἦσαν
935 1768 1195 1840 παρθένοι
1228 1768 1525 1842 θυγατέρες
1569 1774 1833 1846 τέσσαρες
1867 1793 1989 1847 προ-

2101 1792 2155 1836 et
2205 1785 2273 1838 de
2303 1792 2548 1853 tempore
2584 1784 2763 1838 obitus
2795 1784 3173 1854 singulortnn,
3217 1762 3328 1840 tum
3386 1786 3454 1840 de
3505 1762 3677 1842 sacris

418 1857 769 1927 φητεύουσαι.
826 1878 845 1911 ›
899 1859 980 1912 Τὰ
1025 1861 1122 1931 μὲν
1170 1856 1264 1914 οὖν
1314 1864 1394 1926 είς
1448 1842 1989 1938 ἡμετέραν-ἐλθόντα

2102 1875 2473 1930 vola-minibus
2511 1891 2631 1944 qum
2659 1877 2815 1931 nobis
2843 1876 3179 1946 reliquerunt
3216 1895 3230 1930 :
3267 1878 3333 1932 ad
3377 1883 3492 1933 h:ec
3519 1879 3583 1933 de
3609 1879 3675 1934 iis

415 1946 619 2015 γνῶσιν
652 1947 780 2020 περί
812 1966 871 2001 τε
904 1949 1012 2002 τῶν
1051 1950 1364 2006 ἀποστόλων
1404 1953 1517 2025 (55)
1570 1954 1664 2008 καὶ
1717 1955 1824 2008 τῶν
1863 1957 1999 2010 ἀπο-

418 2037 678 2092 στολικῶν
712 2039 941 2112 χρόνων,
976 2035 1050 2095 ὧν
1076 2060 1136 2095 τε
1164 2043 1621 2098 καταλελοίπασιν
1668 2048 1798 2117 ἡμῖν
1836 2047 1996 2119 ἱερῶν

414 2128 776 2199 γραμμάτων,
803 2131 897 2184 καὶ
931 2131 1041 2185 τῶν
1072 2135 1502 2206 ἀντιλεγομένων
1544 2134 1664 2205 μὲν,
1696 2136 1845 2207 ὅμως
1869 2137 1913 2190 δ’
1938 2140 1994 2191 έν

415 2219 694 2285 πλείσταις
720 2221 977 2292 Ἐκκλησί
981 2242 1067 2288 αις
1080 2242 1155 2279 πα
1162 2225 1237 2298 ρά’
1245 2225 1459 2289 πολλοῖς
1472 2226 1593 2298 δεδη
1603 2244 1789 2297 μοσιευ
1797 2228 1992 2298 μένων,

412 2312 522 2366 τῶν
564 2330 623 2367 τε
670 2313 952 2379 παντελῶς
981 2316 1152 2371 νόθων
1180 2320 1276 2371 καὶ
1306 2320 1407 2390 τῆς
1448 2320 1812 2392 ἀποστολικῆς
1841 2321 1996 2392 ὀρθο-

413 2403 592 2470 δοξίας
619 2405 914 2477 ἀλλοτρίων
941 2410 998 2460 ὲν
1022 2410 1234 2474 τούτοις
1253 2405 1614 2483 διειληφότες,
1641 2413 1732 2466 ἐπὶ
1758 2414 1857 2484 τὴν
1887 2414 1994 2466 τῶν

414 2495 543 2566 ὲξῆς
576 2497 856 2568 προΐωμεν
887 2500 1151 2572 ἱστορίαν.

916 2592 1312 2646 ΚΕΦΑΛΑΙΟΝ
1351 2595 1473 2647 AB’.

416 2680 615 2747 Ὅπως
646 2683 893 2760 Συμεὼν
916 2687 951 2738 ό
997 2685 1430 2760 Ἰεροσολύμων
1456 2687 1789 2755 ἐπίσκοπος
1813 2690 1991 2760 ἐμαρ-

740 2754 1005 2824 τύρησεν
1044 2756 1186 2829 (Nic.
1210 2754 1383 2812 IL'IL'.
1420 2775 1501 2820 ut.
1544 2761 1650 2830 l6).

477 2842 633 2898 Μετά
660 2844 890 2917 Νέρωνα
918 2847 1014 2900 καὶ
1051 2849 1399 2920 Δομετιανὸν,
1426 2850 1567 2904 κατὰ
1592 2850 1779 2905 τοῦτον
1804 2846 1866 2905 οῦ
1895 2851 1990 2906 νῦν

406 2936 533 2999 τοὺς
568 2939 792 3010 χρόνους
829 2940 1176 3015 ἐξετάζομεν,
1225 2944 1467 3015 μερικῶς
1497 2946 1590 2999 καὶ
1625 2947 1767 3001 κατά
1810 2948 1991 3013 πόλεις

410 3024 468 3091 ἐξ
491 3026 914 3096 ἐπαναστάσεως
942 3033 1151 3105 δήμων,
1185 3035 1275 3089 τὸν
1298 3035 1423 3089 καθ’
1457 3036 1615 3107 ἡμῶν
1648 3038 1869 3111 κατέχει
1902 3038 1991 3094 λό-

403 3134 500 3187 γος
536 3120 927 3195 ἀνακινηθῆναι
959 3124 1219 3198 διωγμόν.
1259 3128 1346 3181 Ἐν
1381 3121 1425 3196 ᾧ
1464 3130 1728 3200 Συμεῶνα
1770 3131 1862 3186 τὸν
1894 3131 1987 3186 τοῦ

402 3210 633 3277 Κλωπᾶ,
670 3213 731 3267 ὃν
776 3215 1028 3288 δεύτερον
1060 3219 1400 3290 καταστῆναι
1443 3220 1545 3290 τῆς
1578 3222 1637 3274 ὲν
1696 3222 1987 3294 Ἰεροσολύ-

406 3321 526 3373 μοις
582 3305 907 3377 Ἐκκλησίας
946 3309 1244 3386 ἐπίσκοπον
1294 3311 1662 3383 ἐδηλώσαμεν,
1702 3315 1985 3386 μαρτυρίῳ

400 3394 495 3449 τὸν
521 3395 634 3466 βίον
656 3397 921 3452 ἀναλῦσαι
949 3384 1386 3473 παρειλήφαμεν.
1414 3405 1523 3457 Καὶ
1555 3405 1744 3459 τούτου
1775 3384 1983 3478 μάρτυς

404 3486 565 3550 αὐτὸς
593 3488 821 3554 ἐκεῖνος,
869 3485 930 3544 οῦ
977 3490 1256 3563 διαφόροις
1297 3494 1396 3565 ἤδη
1442 3496 1704 3568 πρότερον
1744 3499 1983 3570 ἐχρησά-

407 3576 547 3646 μεθα
579 3581 807 3646 φωναῖς,
850 3579 1194 3652 Ἡγήσιππος
1213 3599 1228 3614 ⁸
1259 3583 1314 3647 ὃς
1350 3585 1414 3656 δὴ
1448 3589 1574 3659 περί
1600 3607 1758 3643 τινων
1779 3593 1985 3664 αἱρετι-

403 3667 516 3722 κῶν
543 3669 792 3740 ἱστορῶν,
812 3673 1060 3742 ἐπιφέρει
1082 3673 1274 3744 δηλῶν,
1295 3676 1369 3739 ὡς
1383 3678 1490 3747 ἄρα
1507 3680 1610 3732 ὑπὸ
1624 3680 1828 3735 τούτων
1844 3683 1982 3738 κατά

399 3760 551 3815 τόνδε
579 3761 671 3815 τὸν
697 3761 885 3834 χρόνον
911 3764 1210 3833 ὑπομείνας
1236 3769 1592 3839 κατηγορίαν,
1621 3771 1977 3842 πολυτρόπως

400 3855 428 3906 ὁ
455 3851 802 3924 δηλούμενος,
836 3853 984 3909 ὡσάν
1026 3857 1353 3927 Χριστιανὸς
1409 3862 1503 3913 ἐπὶ
1531 3863 1813 3927 πλείσταις
1835 3867 1981 3920 αἰκι-

402 3942 550 4007 σθεὶς
590 3945 845 4015 ἡμέραις,
877 3946 1038 4000 αὐτόν
1067 3965 1127 4000 τε
1156 3948 1245 4002 τὸν
1278 3950 1538 4023 δικαστὴν
1563 3954 1658 4008 καὶ
1686 3957 1813 4019 τοῦς
1839 3959 1977 4028 ἀμφ’

399 4036 561 4091 αὐτὸν
594 4037 675 4098 εἰς
720 4035 789 4089 τὰ
827 4035 1060 4107 μέγιστα
1100 4041 1476 4113 καταπλήξας.
1521 4044 1599 4115 τῷ
1630 4046 1725 4099 τοῦ
1771 4049 1978 4121 Κυρίου

400 4129 560 4183 πάθει
590 4129 971 4202 παραπλήσιον
999 4131 1152 4194 τέλος
1172 4132 1541 4204 ἀπηνέγκατο.
1579 4137 1746 4190 Οὐδὲν
1783 4139 1839 4192 δὲ
1868 4135 1978 4193 οἷον

399 4220 494 4273 καὶ
520 4221 614 4273 τοῦ
643 4221 1003 4293 συγγραφέως
1026 4222 1352 4290 ἐπακοῦσαι,
1380 4226 1519 4281 αὐτὰ
1549 4227 1611 4299 δὴ
1633 4228 1805 4282 ταῦτα
1840 4233 1978 4286 κατά

398 4309 538 4376 λέξιν
574 4305 675 4366 ὧδέ
706 4330 825 4376 πως
858 4314 1196 4385 ἱστοροῦντος
1216 4332 1229 4345 ·
1281 4335 1299 4367 t
1364 4317 1496 4371 Ἀπὸ
1524 4320 1729 4373 τούτων
1772 4321 1970 4395 δηλαδὴ

397 4399 505 4454 τῶν
550 4402 838 4472 αἱρετικῶν
910 4404 1274 4476 κατηγοροῦσί
1350 4425 1494 4473 τινες
1539 4411 1822 4481 Συμεῶνος
1872 4414 1968 4467 τοῦ

2101 1968 2251 2022 libris
2283 1968 2372 2036 qui
2403 1967 2455 2021 in
2481 1967 2701 2022 dubium
2725 1971 2943 2036 quidem
2972 1977 3318 2035 revocantur,
3348 1971 3399 2024 in
3425 1970 3673 2040 plurimis

2102 2070 2278 2113 tamen
2318 2058 2575 2114 Ecclesiis
2611 2059 2789 2127 palam
2823 2058 3080 2128 leguntur
3111 2080 3123 2114 :
3157 2070 3431 2129 postremo
3460 2062 3526 2117 tle
3560 2062 3668 2117 illis

2096 2150 2187 2220 qni
2225 2149 2389 2218 plane
2429 2149 2601 2220 spurii
2631 2159 2755 2204 sunt
2781 2190 2797 2215 ,
2840 2161 2896 2205 et
2929 2166 2959 2204 a
2988 2161 3135 2206 recta
3170 2152 3278 2207 ﬁde
3315 2152 3670 2222 doctrinaque

2097 2237 2468 2306 apostolorum
2532 2237 2717 2304 alieni,
2771 2254 2916 2294 nunc
2973 2241 3040 2295 ad
3086 2242 3447 2310 sequentian
3489 2258 3672 2298 rerum

2097 2330 2469 2385 narrationem
2502 2333 2940 2403 progrediamur.

2646 2596 2874 2654 CAPUT
2909 2596 3125 2652 XXXII.

2097 2685 2373 2751 Quomodo
2415 2686 2643 2760 Symeon
2688 2688 3185 2812 Hierosolylntorum
3213 2691 3481 2761 episcopus
3527 2707 3672 2745 mar-

2675 2770 2872 2812 turtum
2900 2777 2960 2812 su
2999 2770 3080 2812 ut.

2675 2770 2872 2830 lyrtum
2900 2770 3080 2814 suum.

2162 2845 2293 2902 Post
2322 2847 2557 2905 Neronis
2611 2865 2676 2906 ac
2730 2851 3020 2905 Domitiani
3068 2853 3525 2921 persecutionem,
3570 2853 3671 2909 sub

2091 2938 2198 2994 hoc
2242 2941 2396 3011 cujus
2420 2956 2564 2997 nunc
2598 2952 2840 3012 tempora
2876 2958 3373 3001 commemoramus
3410 2944 3668 3015 Trajano,

2092 3032 2477 3099 particularem
2510 3036 2800 3104 quamdam
2829 3051 2926 3105 per
2952 3037 3197 3105 singulas
3224 3037 3475 3092 civitates
3496 3051 3668 3106 popu-

2091 3125 2191 3180 lari
2227 3137 2375 3181 motu
2410 3128 2676 3184 adversus
2718 3139 2935 3183 nostros
2975 3129 3266 3184 excitatam
3315 3144 3436 3183 esse
3479 3142 3667 3198 perse-

2091 3218 2361 3273 cutionem
2382 3220 2710 3290 accepimus.
2736 3217 2792 3273 In
2829 3235 2935 3288 qua
2980 3220 3215 3290 Symeon
3258 3218 3472 3287 Cleopae
3497 3218 3659 3285 ﬁlius,

2084 3326 2242 3381 quem
2258 3313 2549 3367 secundum
2574 3313 2828 3368 Ecclesiae
2845 3311 3344 3383 Hierosolytnitana:
3354 3310 3665 3381 episcopum

2083 3403 2437 3458 constitutum
2465 3419 2587 3458 esse
2617 3403 2920 3465 docuimus,
2952 3403 3212 3473 martyrio
3256 3402 3422 3456 vitam
3461 3401 3665 3458 ﬁniisse

2084 3502 2438 3549 memoratur.
2477 3492 2647 3563 Hujus
2675 3493 2752 3547 rei
2790 3492 2943 3547 testis
2976 3498 3062 3546 est
3102 3493 3147 3545 is
3181 3491 3335 3560 cujus
3359 3491 3525 3545 verba
3543 3492 3660 3561 jam

2083 3586 2241 3641 toties
2271 3583 2577 3651 retulimus,
2623 3582 2974 3654 Hegesippns.
3005 3582 3107 3651 Qui
3136 3582 3201 3637 de
3229 3583 3503 3639 haereticis
3543 3584 3666 3653 qui-

2081 3676 2308 3732 busdam
2348 3677 2514 3731 verba
2551 3676 2774 3737 faciens,
2799 3675 2868 3729 ab
2888 3676 3076 3730 iisdem
3101 3676 3246 3731 circa
3274 3677 3388 3729 hate
3416 3684 3659 3746 tempora

2082 3775 2399 3821 accusatum
2459 3766 2737 3837 subiungit
2783 3781 2905 3819 esse
2959 3763 3328 3836 Symeonem,
3385 3765 3664 3836 variisque

2084 3866 2469 3913 tormentorum
2499 3858 2785 3927 generibus
2811 3872 2908 3927 per
2932 3857 3046 3912 dies
3087 3856 3347 3927 plurimos
3375 3859 3661 3913 exerueia-
3700 3854 3711 3863 ’

2084 3959 2220 4016 tum,
2249 3964 2314 4005 eo
2353 3949 2496 4019 quod
2529 3948 2872 4004 Christianus
2905 3956 3068 4013 esset,
3114 3946 3463 4002 admirationi
3494 3948 3663 4004 fuisse

2085 4049 2195 4094 tum
2227 4039 2423 4109 jtnlici,
2467 4050 2578 4093 tum
2609 4038 2935 4093 satellitibus
2980 4054 3042 4093 ac
3078 4039 3382 4094 ministris:
3414 4040 3662 4095 tandem-

2084 4147 2188 4200 que
2216 4132 2404 4185 eodem
2439 4130 2689 4200 supplicii
2714 4144 2916 4199 genere
2939 4131 3081 4199 quod
3130 4127 3388 4183 Dominus
3410 4129 3656 4199 pertulit,

2080 4224 2247 4279 vitam
2282 4223 2441 4296 104
2463 4223 2746 4278 clausisse.
2799 4223 2906 4278 Sed
2953 4222 3123 4277 satius
3166 4231 3250 4276 est
3278 4219 3442 4274 verba
3490 4219 3660 4288 ipsius

2086 4317 2366 4386 scriptoris
2399 4317 2512 4370 haec
2542 4313 2816 4368 narrantis
2834 4312 3044 4367 audire.
3072 4331 3090 4362 ι
3121 4311 3199 4363 Ex
3230 4324 3437 4374 eorum,
3462 4308 3657 4378 inquit,

2087 4410 2464 4466 haereticorum
2503 4422 2732 4461 numero
2758 4447 2773 4473 ,
2818 4406 3040 4476 quidam
3089 4404 3411 4473 Symeonem
3444 4401 3659 4472 CleOpm

399 4491 606 4544 Κλωπᾶ
645 4493 777 4566 (54),
818 4495 893 4558 ὼς
931 4495 1082 4559 ὖντος
1121 4498 1230 4550 ἀπὸ
1278 4499 1444 4553 Δαϐὶδ
1484 4503 1578 4556 καὶ
1625 4502 1973 4574 Χριστιανοῦ.

2087 4504 2250 4557 ﬁlium
2281 4500 2610 4565 detulerunt,
2642 4496 2784 4567 quod
2821 4512 2883 4551 ex
2921 4496 3092 4563 stirpe
3116 4493 3340 4547 Davidis
3368 4495 3654 4559 oriundus,
3738 4540 3741 4541 ν

398 4584 508 4637 Καὶ
552 4584 692 4638 οὕτω
740 4591 1008 4658 μαρτυρεῖ
1064 4588 1200 4643 ἐτῶν
1249 4590 1325 4644 ὢν
1370 4594 1565 4647 ἑκατὸν
1617 4596 1843 4659 εἴκοσιν,
1884 4600 1976 4653 ἐπὶ

398 4675 683 4746 Τραϊανοῦ·
713 4678 991 4753 Καίσαρος
1028 4685 1125 4736 καὶ
1162 4686 1430 4740 ὑπατικοῦ
1485 4688 1731 4742 Ἀττικοῦ
1766 4690 1900 4760 (55).
1951 4710 1969 4741 ι

465 4904 581 4979 (55)
607 4907 763 4979 Δῌειοί
789 4923 852 4979 τε
874 4906 992 4962 τῶν
1018 4909 1400 4979 ἀποστόλων.
1428 4908 1487 4964 ltt
1511 4919 1748 4979 quatuor
1775 4913 1976 4967 nostris

393 4975 573 5050 codic.
606 4975 724 5050 Μαι
755 5017 770 5041 ,
798 4977 1144 5050 Μμθιιηιῗυιςε
1173 4989 1229 5034 et
1278 4975 1557 5035 Saviliano
1603 4982 1864 5050 scriptum
1895 4983 1978 5036 itt-

393 5047 517 5102 veni
548 5047 680 5114 περί
705 5064 765 5099 τε
792 5046 902 5100 τῶν
931 5049 1241 5103 ἀποστόλων
1273 5051 1471 5105 αὐτῶν.

466 5114 580 5186 (54)
608 5116 934 5187 Συμεῶνος
966 5118 1073 5171 τοῦ
1103 5119 1343 5175 Κλωπᾶ.
1378 5120 1435 5174 In
1472 5120 1657 5175 codice
1690 5119 1860 5187 Regio
1901 5120 1975 5176 le-

393 5185 539 5259 gitur
579 5185 856 5257 Σίμωνος,
898 5198 963 5259 ut
1005 5189 1211 5243 notavit
1250 5193 1413 5245 etiam
1452 5188 1591 5245 Rob.
1638 5185 1968 5259 Stephanus.

394 5256 759 5331 Hieronymus
800 5257 1168 5331 inACItronico,
1192 5260 1625 5331 Ahujusyepiscopi
1658 5256 1970 5331 Hierosoly-

394 5326 583 5379 mitani
603 5342 815 5400 nomen
845 5328 1043 5400 duplici
1084 5329 1244 5400 modo
1270 5326 1434 5385 scribi
1466 5326 1715 5400 testatur,
1749 5326 1972 5400 Symb-

394 5411 512 5471 περι
539 5396 753 5452 scilicet
777 5406 832 5452 et
874 5398 1336 5471 Simonemldem
1367 5400 1527 5471 habet
1551 5396 1815 5471 Georgius
1837 5398 1972 5471 Syn-

396 5465 588 5526 celltts,
615 5476 669 5520 et
699 5480 897 5521 auctor
926 5467 1177 5521 Chroniri
1206 5468 1579 5523 Alexandrini.

463 5533 724 5606 (55)7Kai
751 5537 1043 5591 ὑπατικοῦ
1088 5538 1363 5592 Ἀττικοῦ.
1406 5538 1460 5591 Id
1490 5548 1574 5592 est
1598 5552 1719 5592 cum
1760 5540 1972 5596 Atticus

395 5605 793 5680 esset__legatus
849 5607 1039 5680 Syriae.
1096 5608 1359 5680 Solebant
1401 5607 1546 5663 enim
1596 5608 1721 5680 Syri
1772 5611 1965 5665 horum

393 5675 681 5747 praesidum
729 5675 953 5731 nomine
999 5691 1173 5733 annos
1222 5678 1530 5747 designare,
1562 5675 1864 5735 ut'constat
1900 5694 1965 5736 ex

392 5741 613 5812 Iosephi
638 5746 1074 5816 Antiquitatibus.
1102 5748 1207 5803 Sed
1229 5757 1285 5802 et
1313 5741 1369 5802 in
1393 5747 1615 5819 reliquis
1641 5750 1962 5819 provinciis,

394 5824 663 5870 rectorum
704 5819 920 5874 nomine
949 5828 1190 5885 tempora
1232 5818 1502 5887 designari
1547 5818 1962 5877 consueverant.

2083 4605 2136 4650 et
2167 4592 2512 4649 Christianus
2539 4599 2704 4645 esset.
2728 4588 2906 4656 Atque
2939 4587 3012 4641 ita
3044 4587 3276 4658 Symeon
3314 4601 3438 4641 cum
3481 4601 3658 4642 annos

2082 4697 2299 4744 centum
2356 4699 2420 4740 ac
2470 4682 2660 4752 viginti
2691 4688 2852 4735 natus
2883 4690 3050 4745 esset,
3099 4678 3417 4750 martyrium
3465 4677 3656 4747 subtil,

2074 4910 2244 4965 Porro
2270 4927 2334 4965 ex
2370 4908 2561 4980 legatis
2596 4907 2828 4980 Caesaris
2867 4906 2963 4980 alii
2996 4916 3153 4980 erant
3185 4906 3526 4980 consulares,
3562 4907 3651 4963 alii

2074 4984 2331 5049 przetorii.
2363 4976 2629 5047 Quocirca
2660 4979 2875 5049 Atticus
2910 4978 2996 5032 hic
3038 4977 3652 5049 ὑπατικόςμδβρθιιοιιιν,

2075 5047 2132 5104 ut
2164 5067 2285 5105 eum
2319 5050 2658 5105 consularem
2711 5047 2881 5102 fuisse
2911 5057 3145 5103 constet.
3190 5048 3263 5102 Ex
3312 5047 3397 5101 his
3432 5057 3656 5116 apparet

2074 5122 2212 5176 male
2254 5121 2509 5174 Ruﬁnum
2558 5117 2791 5171 vertisse
2835 5137 2847 5172 :
2886 5116 3100 5188 Martyr
3149 5118 3364 5188 effectus
3411 5128 3486 5188 est
3537 5133 3653 5171 cum

2072 5200 2203 5244 esset
2224 5206 2479 5245 annorum
2499 5197 2708 5242 centum
2724 5196 2774 5240 et
2792 5187 2976 5258 viginti
2991 5227 3008 5253 ,
3034 5186 3151 5258 sua
3166 5186 3399 5258 Trojano
3418 5186 3650 5252 δίεισι-θ,

2072 5262 2215 5328 apud
2242 5261 2474 5313 Atticum
2493 5258 2858 5328 consularem.
2886 5256 3073 5312 Graeca
3109 5256 3399 5328 HegeSippi
3440 5258 3652 5328 sicita-

2073 5324 2196 5384 benl
2225 5345 2238 5382 :
2283 5328 2449 5383 Ἐτῶν
2474 5326 2549 5381 ῶν
2574 5326 2779 5399 exqu
2812 5328 2982 5399 εἴκοσι
3011 5329 3104 5381 ἐπὶ
3131 5324 3400 5399 Τραϊανοῦ
3440 5324 3651 5378 Καίσα-

2074 5417 2186 5472 ρος,
2212 5400 2305 5472 καὶ
2326 5396 2600 5472 ύίπατικοῦ
2636 5396 2901 5472 Ἀττικοῦζ
2933 5397 3038 5452 Sed
3068 5396 3243 5472 primo
3269 5398 3651 5472 qttidemprae-

2076 5465 2274 5539 positio
2323 5470 2410 5523 illa
2442 5468 2533 5521 ὲπί
2569 5483 2678 5539 non
2719 5468 2993 5535 signiﬁcat
3022 5469 3200 5539 apud,
3226 5480 3424 5539 verunt
3447 5465 3500 5517 id
3533 5472 3650 5517 tan-

2078 5532 2190 5594 tum
2248 5540 2529 5608 designat,
2581 5532 2904 5608 Symconem
2936 5607 2943 5608 ί
2978 5537 3257 5608 martyrio
3298 5532 3644 5608 perfunctum

2075 5608 2240 5664 fuisse
2270 5602 2574 5684 principatu
2614 5602 2878 5684 Traiani,
2920 5602 3363 5684 AtticoJSyriam.
3402 5602 3641 5684 admini-

2073 5670 2302 5735 strante.
2353 5670 2554 5733 Deinde
2585 5692 2690 5731 vox
2722 5670 2813 5731 illa
2858 5674 3123 5729 ὑπατικοῦ
3169 5670 3274 5727 non
3319 5670 3646 5738 simpliciter

2072 5750 2412 5823 consularem
2443 5749 2696 5823 denotat,
2745 5748 2838 5802 sed
2893 5747 3129 5823 legatum
3177 5739 3538 5823 consularem,
3586 5750 3645 5823 ut

2071 5820 2202 5877 dixi.
2256 5818 2423 5874 Erant
2472 5807 2692 5888 quidem
2743 5826 2902 5872 aetate
2944 5807 3131 5868 Ruﬁni
3184 5807 3494 5867 consulares
3548 5810 3646 5880 qui
