4192 6412
508 371 612 427 285

1221 361 1501 420 EUSEBll
1541 361 2027 419 CESARIENSIS
2064 358 2221 417 OPP.
2262 356 2441 414 PARS
2482 357 2521 412 1.
2564 389 2632 398 -
2672 356 3061 413 lllSTORlCA.

3669 359 3773 414 εει

508 481 816 553 principatu
843 478 1065 548 Traiani
1096 479 1352 548 Augusti.
1380 478 1564 532 Attico
1591 478 1868 533 consulari
1912 479 2083 548 legato

2196 474 2334 545 Φησὶ
2361 473 2417 526 δὲ
2447 475 2476 525 6
2505 473 2687 536 αὐτὸς,
2715 473 2919 545 ὡς’ἀρα
2943 473 3036 528 καὶ
3064 474 3190 537 τοὺς
3218 474 3560 547 κατηγόρους
3584 476 3771 531 αὐτοῦ’

510 573 726 643 Syriam
756 570 1194 625 administrante.
1229 588 1249 622 ι
1278 569 1422 624 Idem
1445 581 1710 639 prteterea
1749 570 1962 627 scribit.
1992 584 2089 624 eos

509 665 661 733 ipsos
697 661 988 733 Symeonis
1033 669 1406 727 accusatores,
1462 674 1585 713 cum
1641 670 1771 713 tunc
1827 659 2090 728 temporis

508 768 701 808 omnes
742 766 809 805 ex
862 752 1005 823 regia
1039 748 1351 806 Iudaeorum
1400 750 1542 804 tribu
1589 749 1809 809 oriundi
1857 747 2090 804 sollicite

510 845 992 914 investigarentur,
1027 843 1310 898 convictos
1337 856 1460 898 esse
1502 842 1649 910 quod
1703 856 1773 895 ex
1816 856 1877 896 ea
1915 842 2091 911 stirpe

508 935 773 1003 originem
830 932 1118 989 ducerent.
1174 931 1347 986 Porro
1406 931 1552 985 hunc
1602 928 1927 1000 Symeonem
1980 946 2086 986 non

510 1025 745 1079 absurde
775 1023 898 1093 quis
925 1022 1130 1078 dixerit
1170 1030 1226 1076 et
1266 1030 1625 1090 spectatorem
1674 1030 1731 1078 et
1784 1024 2085 1078 auditorem

508 1114 723 1169 Domini
765 1114 971 1181 fuisse;
1032 1127 1154 1167 cum
1184 1121 1240 1166 et
1279 1112 1609 1166 diuturnitas
1639 1112 1763 1167 vita:
1796 1112 1984 1183 ipsius,
2032 1123 2088 1167 et

508 1205 926 1277 Evangeliorum
961 1203 1094 1258 fldes
1119 1204 1174 1258 id
1197 1212 1448 1258 astruere
1487 1203 1758 1268 videatur,
1807 1204 1861 1259 in
1890 1204 2089 1274 quibus

507 1297 677 1352 Maria
705 1298 952 1367 quaedam
981 1304 1446 1350 commemoratur
1479 1294 1695 1365 Cleopae
1735 1296 1880 1366 lilia,
1929 1298 2088 1364 cujus

508 1392 832 1464 Symeonem
884 1389 1057 1444 filium
1112 1387 1284 1443 fuisse
1346 1402 1511 1456 supra
1570 1387 1875 1444 docuimus.
1935 1390 2088 1445 Alios

508 1495 770 1556 praeterea
812 1491 1036 1551 nepotes
1070 1482 1231 1535 unius
1273 1496 1342 1536 ex
1394 1482 1613 1538 Domini
1656 1480 1952 1548 fratribus,
1998 1483 2086 1537 cui

507 1591 704 1632 nomen
735 1584 857 1629 erat
882 1573 1053 1636 Iudae,
1077 1574 1146 1627 ad
1182 1574 1282 1628 hoc
1317 1589 1491 1643 usque
1531 1573 1756 1643 Trajani
1796 1576 2085 1645 imperium

448 1732 457 1743 .
509 1668 672 1723 vitam
717 1662 1045 1735 produxisse
1090 1662 1230 1717 idem
1274 1665 1513 1733 scriptor
1564 1661 1754 1729 refert,
1801 1678 1924 1719 cum
1972 1662 2084 1730 jam

507 1768 667 1815 antea
695 1758 795 1813 sub
846 1756 1177 1821 Domitiano,
1235 1764 1296 1810 ut
1342 1754 1603 1821 diximus,
1660 1754 1867 1811 Christi
1917 1754 2076 1810 fidem

2193 565 2542 635 ζητουμένων
2576 564 2697 616 τότε
2737 565 2845 617 τῶν
2883 564 2990 619 ἀπὸ
3018 564 3119 632 τῆς
3161 563 3444 636 βασιλικῆς
3501 567 3772 621 Ἰουδαίων

2193 656 2386 727 φυλῆς,
2422 655 2572 708 ὠσάν
2620 656 2677 723 ἐξ
2709 656 2878 725 αὐτῆς
2914 655 3093 718 ὄντας,
3144 654 3346 708 ἁλῶναι
3398 656 3616 728 συνέϐη.
3667 658 3770 710 Λο-

2191 749 2376 819 γισμῷ
2397 749 2441 802 δ’
2463 747 2530 802 ἂν
2554 748 2647 802 καὶ
2679 748 2771 802 τὸν
2806 747 3070 817 Συμεῶνα
3109 746 3214 800 τῶν
3244 747 3524 801 αὐτοπτῶν
3552 750 3644 802 καὶ
3673 750 3771 803 αύ-

2189 842 2402 912 τηκὸων
2440 841 2583 895 εἴποι
2618 841 2682 895 ἄν
2724 858 2808 904 τις
2845 841 3125 910 γεγονέναι
3170 840 3265 893 τοῦ
3297 841 3523 913 Κυρίου,
3565 859 3771 914 τεκμη-

2195 934 2293 1004 ρίῳ
2320 931 2395 1003 τῷ
2427 934 2591 1004 μήκει
2618 931 2711 986 τοῦ
2743 933 2935 1003 χρόνου
2965 933 3063 1004 τῆς
3087 931 3254 986 αὐτοῦ
3289 931 3433 1003 ζωῆς
3463 932 3766 1004 χρώμενος,

2192 1024 2396 1094 καὶτῷ
2446 1024 2809 1095 μνημονεύειν
2853 1022 2953 1095 τὴν
3004 1026 3113 1077 τῶν
3166 1025 3514 1093 Εύαγγελίων
3553 1027 3769 1096 γραφὴν

2193 1116 2413 1186 Μαρίας
2438 1116 2534 1185 τῆς
2558 1117 2651 1169 τοῦ
2688 1116 2918 1181 Κλωπᾶ,
2946 1110 3005 1171 οὗ
3025 1116 3308 1184 γεγονέναι
3338 1117 3499 1171 αὑτὸν
3518 1118 3651 1187 (56),
3678 1119 3768 1171 καὶ

2190 1208 2455 1279 πρότερον
2483 1210 2511 1260 6
2552 1208 2710 1276 λόγος
2743 1209 3028 1281 ζ;δῆλωσεν.
3067 1209 3124 1263 Ὀ
3148 1209 3193 1262 δ’
3221 1210 3384 1274 αὐτὸς
3418 1212 3767 1281 συγγραφεὺς

2195 1297 2289 1351 καὶ
2323 1298 2543 1369 ἑτέρους
2570 1299 2679 1352 ἀπὸ
2698 1299 2890 1366 γένους
2915 1299 3031 1363 ἑνὸς
3051 1299 3159 1352 τῶν
3181 1300 3492 1370 φερομένων
3525 1300 3767 1369 ἀδελφῶν

2190 1390 2282 1444 τοῦ
2318 1391 2593 1461 Σωτῆρος,
2620 1384 2665 1458 ᾧ
2705 1391 2876 1462 ὄνομα
2915 1391 3134 1455 Ἰούδας,
3170 1392 3335 1460 φησιν
3364 1392 3444 1455 είς
3475 1392 3575 1462 τὴν
3601 1392 3767 1463 αὐτὴν

2189 1484 2477 1537 ἐπιϐιῶναι
2512 1483 2811 1554 βασιλείαν,
2856 1484 2993 1555 μετά
3034 1484 3132 1556 τὴν
3172 1486 3270 1556 ἤδη
3315 1485 3578 1555 πρότερον
3624 1488 3755 1539 ἱστο-

2196 1576 2453 1648 ρηθεῖσαν
2501 1577 2679 1630 αὐτῶν
2713 1577 2853 1647 ὑπὲρ
2879 1578 2976 1648 τῆς
3008 1579 3089 1640 εἰς
3129 1578 3221 1629 τὸν
3262 1578 3497 1647 Χριστὸν
3538 1578 3765 1641 πίστεως

2188 1668 2283 1721 ἐπὶ
2309 1659 2637 1740 Δομετιανοῦ
2669 1670 2997 1740 μαρτυρίαν.
3035 1656 3240 1739 Γράφει
3269 1670 3325 1722 δὲ
3358 1668 3562 1734 οὕτως’
3594 1690 3611 1720 ι
3641 1671 3764 1742 Ἐρ-

2189 1774 2374 1826 χονται
2413 1753 2506 1811 οὖν
2550 1759 2644 1811 καὶ
2688 1758 3057 1829 προηγοῦνται
3100 1758 3280 1829 πάσης
3331 1759 3655 1830 Ἐκκλησίας
3695 1761 3765 1825 ὡς

506 1859 827 1909 constanter
874 1848 1107 1920 professi
1152 1848 1402 1904 fuissent.
1452 1847 1547 1903 Sic
1605 1856 1789 1904 autem
1843 1848 2082 1902 scribit:

2191 1849 2471 1921 μάρτυρες
2520 1849 2616 1903 καὶ
2649 1850 2757 1903 ἀπὸ
2792 1850 2984 1918 γένους
3011 1849 3105 1902 τοῦ
3137 1850 3364 1921 Κυρίου.
3401 1852 3510 1904 Καὶ
3538 1852 3763 1921 γενομέ-

510 1963 533 1999 ι
553 1942 994 2012 Adsunt,inquit,
1024 1940 1096 1996 illi
1127 1949 1183 1996 et
1211 1941 1477 1997 universa:
1492 1940 1749 1997 Ecclesiae
1772 1940 2083 2011 praesident,

507 2044 697 2107 utpote
731 2045 1000 2105 martyres
1029 2044 1082 2088 ct
1106 2035 1289 2104 agnati
1322 2033 1546 2089 Christi.
1585 2032 1935 2101 Tandemque
1962 2047 2089 2101 pro-

507 2128 672 2183 funda
701 2141 836 2197 pace
880 2126 1141 2182 Ecclesia:
1195 2128 1472 2191 restituta,
1514 2125 1583 2180 ad
1642 2123 1863 2194 Trajaui
1915 2138 2088 2195 usque

506 2229 753 2290 tempora
782 2220 1110 2288 superstites
1143 2218 1383 2274 fuerunt.
1415 2219 1596 2272 Donec
1625 2215 1858 2288 Symeon
1888 2229 2082 2284 supra-

506 2310 932 2382 dictus,Cleopae
974 2309 1120 2365 filius
1166 2310 1283 2381 ejus
1323 2310 1415 2377 qui
1457 2319 1684 2379 patruus
1716 2316 1836 2361 erat
1872 2305 2102 2370 Domini,

504 2413 795 2459 accusatus
854 2402 1109 2458 similiter
1156 2405 1225 2459 ab
1265 2402 1537 2459 haereticis
1563 2442 1580 2469 ,
1636 2410 1694 2456 et
1730 2399 1802 2454 ob
1839 2397 2081 2454 eamdem

505 2507 725 2548 causam
757 2493 812 2547 in
845 2494 930 2561 ius
953 2504 1182 2548 vocatus
1213 2502 1300 2550 est
1334 2508 1520 2549 coram
1556 2493 1736 2547 Attico
1764 2490 2079 2555 consulari;

504 2598 557 2639 et
585 2600 683 2654 per
716 2585 917 2639 multos
941 2585 1058 2639 dies
1079 2586 1450 2640 acerbissimis
1483 2585 1772 2640 tormentis
1796 2582 2084 2638 excrucia-

503 2683 607 2741 tus,
653 2674 818 2730 [idem
868 2675 1076 2730 Christi
1134 2674 1581 2731 constantissime
1638 2672 1915 2743 professus
1954 2684 2078 2738 est;

502 2768 637 2821 adeo
662 2775 725 2821 ut
751 2773 807 2822 et
844 2765 1151 2822 consularis
1180 2767 1297 2837 ipse
1321 2806 1337 2834 ,
1376 2776 1431 2822 et
1454 2780 1643 2821 omnes
1697 2766 1791 2835 qui
1833 2766 2078 2830 aderant,

501 2870 832 2927 magnopere
872 2857 1226 2923 mirarentur,
1252 2873 1358 2930 qua
1398 2858 1608 2912 ratione
1635 2858 1721 2910 vir
1758 2867 1974 2911 centum
2016 2871 2081 2911 ac

501 2950 693 3021 viginti
735 2962 909 3005 annos
939 2960 1120 3017 natus,
1161 2959 1239 3005 tot
1283 2957 1551 3005 tormenta
1593 2948 1834 3018 perferre
1876 2947 2081 3018 potuis-

499 3053 604 3097 set.
650 3040 896 3096 Tandem
940 3057 1070 3096 vero
1114 3043 1385 3098 sententia
1409 3041 1609 3110 judicis
1660 3039 1808 3095 cruci
1856 3037 2080 3095 sufﬁxus

2188 1956 2285 2010 νης
2333 1942 2555 2011 είρήνης
2603 1940 2826 2010 βαθείας
2871 1943 2929 1994 ὲν
2972 1941 3122 2013 πάσῃ
3182 1940 3497 2013 Ἐκκλησία,
3548 1941 3762 2011 μένουσι

2190 2031 2351 2104 μέχρι
2376 2030 2647 2101 Τραϊανοῦ
2677 2033 2973 2103 Καίσαρος.
3003 2034 3212 2104 Μέχρις
3237 2026 3297 2086 οὗ
3335 2034 3364 2086 6
3395 2035 3460 2087 ὲκ
3501 2034 3644 2086 θείου
3674 2032 3761 2087 α·εοῦ⁸

2187 2123 2389 2193 Κυρίου
2437 2123 2573 2195 (57),
2613 2125 2643 2178 6
2690 2125 3084 2197 προειρημένος
3116 2125 3337 2195 Συμεὼν
3382 2128 3498 2190 υἱὸς
3538 2127 3761 2190 Κλωπᾶ,

2188 2216 2615 2288 συκοφαντηθεὶς
2636 2217 2739 2269 ὑπὸ
2756 2216 2863 2269 τῶν
2894 2217 3155 2290 αἱρέσεων
3187 2218 3300 2287 (38)
3346 2219 3605 2281 ὡσαύτως
3636 2236 3759 2272 κατι

2184 2307 2431 2378 ηγορήθη
2470 2308 2565 2360 καὶ
2598 2308 2762 2371 αὐτὸς
2786 2309 2877 2362 ἐπὶ
2910 2308 2987 2379 τῷ
3018 2309 3165 2379 αὐτῷ
3188 2310 3331 2380 λόγῳ
3356 2312 3467 2380 (ὃν)
3511 2312 3603 2363 ἐπὶ
3646 2313 3760 2365 Ἀτ-

2187 2398 2335 2453 τικοῦ
2362 2398 2456 2452 τοῦ
2485 2399 2773 2453 ὑπατικοῦ.
2817 2401 2928 2453 Καὶ
2955 2402 3048 2454 ἐπὶ
3079 2401 3280 2465 πολλὰς
3308 2403 3523 2475 ἡμέρας
3561 2403 3754 2473 αοίκιζό·

2187 2505 2367 2560 μενος,
2403 2490 2806 2563 ἐμαρτύρησεν,
2841 2492 2916 2555 ὡς
2941 2492 3147 2556 πάντας
3176 2494 3641 2565 ὑπερθαυμάζειν,
3671 2497 3760 2548 καὶ

2182 2581 2273 2637 τὸν
2324 2581 2609 2645 ὑπατικὸν,
2660 2583 2776 2647 πῶς
2830 2584 3025 2637 ἑκατὸν
3078 2584 3253 2638 εἴκοσι
3300 2587 3584 2656 τυγχάνων
3628 2589 3759 2642 ἐτῶν

2183 2673 2480 2743 ὓπέμεινεο
2518 2675 2611 2727 καὶ
2644 2674 2939 2746 ἐκελεύσθη
2985 2676 3384 2749 σταυρωθῆναι.
3425 2698 3444 2730 ι
3497 2681 3621 2733 Ἐπὶ
3644 2681 3755 2733 τού⁹

2181 2782 2294 2829 τοις
2324 2766 2353 2819 6
2385 2766 2547 2829 αὐτὸς
2579 2766 2718 2839 ἀνὴρ
2751 2767 3105 2839 διηγούμενος
3135 2768 3204 2821 τὰ
3235 2769 3376 2822 κατὰ
3415 2772 3541 2833 τοὺς
3572 2771 3747 2840 δῆλον·

2185 2853 2399 2924 μένους,
2451 2855 2694 2925 ἐπιλέγει
2745 2856 2821 2921 ὡς
2871 2857 2979 2929 ἄρα
3030 2858 3192 2929 μέχρι
3241 2859 3349 2911 τῶν
3391 2859 3511 2913 τότε
3555 2860 3760 2931 χρόνων

2182 2946 2452 3019 παρθένος
2498 2948 2610 3020 (60)
2663 2949 2883 3021 καθαρὰ
2936 2950 3032 3003 καὶ
3085 2951 3410 3023 ἀδιάφθορος
3463 2951 3676 3021 ἔμεινεν
3727 2953 3761 3025 ἡ

2194 3038 2511 3111 Ἐκκλησία,
2541 3042 2600 3093 ὲν
2630 3041 2813 3113 ἀδήλῳ
2841 3059 2943 3095 που
2974 3042 3156 3095 σκότει
3199 3042 3549 3112 φωλευόντων
3591 3044 3760 3097 εἰσέτι

498 3138 604 3185 est.
636 3146 655 3180 ι
696 3128 823 3184 Post
848 3129 962 3183 haec
1005 3129 1147 3185 idem
1194 3130 1432 3199 scriptor
1472 3143 1558 3185 res
1590 3129 1680 3184 illa
1711 3137 1871 3185 aetate
1897 3140 2080 3201 gestas

2184 3130 2303 3184 τότε
2341 3131 2472 3196 τῶν,
2512 3133 2562 3186 εἰ
2613 3132 2707 3187 καί
2737 3150 2883 3197 τινες
2917 3134 3182 3205 ὑπῆρχον,
3221 3134 3614 3206 παραφθείρειν
3646 3138 3761 3187 ὲπι-

499 3233 959 3287 commemorans,
994 3221 1144 3277 addit
1176 3220 1478 3277 Ecclesiam
1504 3223 1571 3279 ad
1590 3223 1705 3278 haec
1737 3237 1905 3293 usque
1946 3232 2082 3278 tem-

2184 3223 2509 3294 χειρούντων
2539 3224 2631 3278 τὸν
2660 3225 2786 3296 ὑγιῆ
2815 3226 3013 3279 κανόνα
3050 3224 3143 3279 τοῦ
3179 3227 3447 3298 σωτηρίου
3473 3228 3763 3299 κηρύγμα-

501 3326 635 3382 pora
691 3311 866 3366 instar
914 3313 1195 3384 cujusdam
1252 3314 1516 3387 virginis,
1584 3316 1859 3388 integram
1918 3325 2084 3385 atque

500 3406 875 3475 incorruptam
957 3407 1390 3476 permansisse:
1446 3408 1623 3463 adhuc
1705 3411 1758 3463 in
1846 3409 2083 3464 obscuro

498 3508 719 3553 recessu
752 3498 1223 3568 delitescentibus,
1260 3502 1574 3572 quicunque
1627 3512 1835 3558 rectam
1884 3502 2082 3572 praedi-

498 3589 735 3646 cationis
762 3592 1094 3664 evangelicae
1129 3594 1372 3661 regulam
1420 3596 1724 3661 depravare
1753 3592 2076 3648 niterentur.

498 3678 608 3735 Sed
633 3692 922 3751 postquam
957 3696 1113 3737 sacer
1137 3684 1509 3751 apostolorum
1542 3693 1718 3739 cattus
1747 3684 1899 3739 vario
1926 3698 2076 3737 mor-

497 3770 571 3830 tis
608 3787 811 3845 genere
853 3775 1162 3830 exstinctus
1199 3786 1314 3841 est,
1351 3773 1743 3846 dﬂuxeratque
1779 3774 1892 3844 jam
1942 3785 2078 3829 aetas

496 3864 784 3921 hominum
821 3866 1039 3922 illorum
1064 3906 1080 3933 ,
1112 3867 1206 3937 qui
1246 3869 1483 3923 divinam
1525 3870 1701 3938 ipsam
1743 3866 2075 3938 Sapientiam

500 3958 617 4013 suis
642 3959 869 4014 auribus
922 3958 1235 4014 auscultarc
1282 3969 1641 4013 meruerant:
1678 3969 1807 4013 tunc
1858 3959 2075 4013 dentum

497 4061 694 4106 exorta
732 4062 819 4105 est
845 4051 1001 4119 impii
1031 4051 1237 4106 erroris
1271 4050 1629 4118 conspiratio,
1679 4048 1838 4120 105
1888 4050 2079 4104 fraude

497 4296 840 4355 Palaestinam
870 4299 1151 4369 regebant,
1180 4308 1239 4353 ut
1264 4313 1333 4354 ex
1368 4297 1576 4369 imperii
1606 4296 1831 4353 Romani
1866 4295 2075 4353 Notitia

497 4369 842 4423 notissimum
893 4368 997 4425 eSt.
1036 4369 1237 4424 Verum
1288 4371 1375 4425 hic
1414 4368 1767 4438 magistratus
1813 4369 1907 4423 diu
1953 4379 2076 4438 post

497 4437 716 4527 :I’rajani
760 4452 1002 4527 tempore
1031 4449 1117 4522 est
1154 4441 1457 4521 institutus.
1489 4437 1968 4527 CaeterumOstItpt-a’
1991 4440 2071 4493 ci-
2111 4472 2155 4527 ο

498 4507 645 4579 tatus
670 4509 851 4564 Rufini
873 4507 1026 4566 locus
1050 4512 1101 4564 in
1130 4511 1503 4579 manuscripto
1525 4508 1711 4579 codice
1737 4507 2075 4563 bibliotheca:

498 4577 680 4648 Regiae
724 4581 798 4634 ita
844 4581 1247 4651 perscribitur:
1296 4577 1508 4650 Martyr
1558 4577 1772 4647 eﬂ'ectus
1821 4586 1900 4633 est
1958 4595 2076 4632 cum

497 4660 629 4705 88881
658 4666 919 4704 annorum
947 4662 1153 4704 εεηιιωη
1182 4666 1309 4703 ην.
2076 4680 2083 4691 η

570 4719 684 4786 (56)
728 4716 809 4776 Οὗ
854 4719 1161 4789 γεγονέναι
1200 4721 1408 4773 αὐτόν.
1454 4716 1884 4789 Nostricodices
1912 4717 2074 4779 Maz..

498 4781 639 4846 Med.
664 4781 719 4843 et
756 4781 892 4847 Fuk'.
930 4781 1120 4844 'vocem
1159 4791 1364 4843 addunt
1401 4792 1505 4843 hoc
1540 4787 1719 4858 modo.
1756 4781 1818 4839 οὗ
1850 4789 1945 4841 καὶ
1986 4805 2079 4858 γε-

497 4860 714 4932 γονέναι
741 4861 931 4932 αὑτδν,
963 4861 1056 4932 καὶ
1084 4859 1346 4932 πρότερον
1377 4861 1406 4912 6
1432 4858 1589 4932 λόγος
1614 4856 1900 4932 ἐδήλωσεν.

571 4928 684 5002 (57)
737 4931 800 4984 Ὀ
834 4930 904 4983 ἐκ
931 4931 1093 4985 θείου
1120 4928 1226 4983 τοῦ
1254 4928 1499 5002 Kvplov.
1531 4928 1669 5002 Male
1696 4928 2080 5002 Cltristophor-

497 4997 673 5059 sonus
710 5002 827 5056 haec
876 5004 1039 5054 verba
1086 5003 1297 5069 accepit
1337 4997 1498 5070 quasi
1554 4997 1697 5070 θείου
1750 4998 2079 5070 adjectivum

498 5081 675 5137 esset,
706 5081 763 5125 et
795 5070 1178 5124 subaudiretur
1202 5068 1413 5139 γένους.
1450 5070 1557 5124 Sed
1594 5068 1935 5138 Langus’qui
1991 5069 2082 5122 Ni-

499 5143 797 5211 cephorum
823 5139 1014 5194 Latine
1048 5141 1436 5207 interpretatus
1464 5150 1566 5203 est,
1599 5140 1804 5211 optime
1831 5151 2081 5211 patruum

500 5206 682 5265 vertit.
718 5211 915 5280 Clopas
957 5211 1103 5280 enim
1141 5206 1329 5265 revera
1362 5211 1536 5264 frater
1573 5206 1692 5263 erat
1738 5206 1987 5280 Josephi,
2017 5222 2080 5280 ac

499 5282 729 5348 proinde
777 5277 1003 5350 patruus
1032 5279 1258 5335 Christi.
1301 5282 1479 5347 Quare
1508 5280 1759 5351 Symeou
1789 5279 1968 5351 Cloptt:
1999 5277 2079 5351 Δ11-

497 5351 628 5415 lius,
659 5348 921 5421 cognatus
948 5361 1067 5405 erat
1107 5352 1342 5413 Domini,
1379 5360 1437 5405 ut
1464 5348 1665 5405 dicitur
1696 5350 1753 5421 i_n_
1784 5350 1963 5421 capite
1992 5348 2080 5411 Η,

497 5436 692 5491 Supra,
729 5417 826 5477 ubi
862 5422 1001 5476 male
1043 5421 1413 5475 consobrinum
1454 5429 1669 5475 vertunt
1707 5417 1984 5473 Musculus
2027 5430 2082 5473 et

496 5492 1048 5561 Christopltorsonus.

567 5563 681 5635 (58)
720 5558 1207 5635 Συκοεραντηθεὶς
1244 5558 1531 5635 1336;th
1553 5558 2083 5635 αἱρέσεωνιςριςῑμ-

499 5629 713 5691 thianos
742 5645 797 5690 et
839 5629 1138 5690 Nicolaitas
1168 5632 1426 5701 intelligit
1457 5643 1649 5701 auctor
1678 5629 2083 5701 ChroniciAle-

502 5705 772 5769 randrini,
808 5704 895 5761 cui
929 5721 1035 5760 non
1077 5700 1372 5759 assentior.
1412 5700 1668 5769 lntclligit
1715 5701 1860 5770 enim
1903 5700 2079 5770 Hege-

501 5774 687 5845 sippus
713 5786 895 5834 sectas
929 5776 1049 5832 illas
1080 5788 1201 5847 quae
1234 5784 1362 5831 tunc
1399 5768 2077 5845 temporis'Hiﬂosolymis

2178 3330 2292 3378 τος.
2343 3315 2432 3379 Ὧς
2465 3315 2510 3369 δ’
2559 3317 2589 3370 6
2634 3316 2778 3387 ἱερὸς
2809 3316 2917 3369 τῶν
2957 3317 3269 3377 ἀποστόλων
3311 3319 3473 3389 χορὸς
3507 3318 3763 3390 διάφορον

2180 3406 2392 3477 εἰλήφει
2412 3407 2506 3460 τοῦ
2536 3406 2650 3476 βίου
2671 3406 2844 3473 τέλος,
2864 3408 3226 3479 παρεληλύθει
3256 3427 3316 3462 τε
3335 3412 3367 3480 ἡ
3394 3409 3556 3478 γενεά
3576 3411 3759 3482 ἐκείνη

2180 3498 2289 3553 τῶν
2318 3499 2507 3563 αὐταῖς
2534 3500 2725 3563 ἀκοαῖς
2742 3500 2840 3570 τῆς
2865 3501 3049 3554 ὲνθὲου
3073 3502 3274 3570 Σοφξας
3294 3501 3602 3556 ἐπακοῦσαι
3629 3519 3762 3556 κατ-

2178 3588 2499 3659 ηξιωμένων
2518 3630 2533 3654 ,
2570 3590 2875 3661 τηνικαῦτα
2918 3593 3017 3664 τῆς
3045 3593 3204 3646 ἀθέου
3227 3594 3434 3665 πλάνης
3460 3594 3558 3667 τὴν
3585 3596 3762 3668 ἀρχὴν

2184 3680 2489 3751 ἐλάμϐανεν
2518 3684 2552 3752 ἡ
2583 3681 2859 3748 σύστασις,
2886 3683 2975 3738 διὰ
3005 3686 3104 3756 τῆς
3132 3685 3241 3739 τῶν
3270 3688 3763 3758 ἐτερώιδασκάλων

2183 3773 2399 3843 ἀπάτης
2417 3788 2431 3803 ·
2465 3774 2515 3827 οἶ
2556 3774 2650 3827 καὶ
2681 3773 2776 3828 ἅτε
2805 3775 3029 3846 μηδενὸς
3067 3776 3148 3829 ἔτι
3172 3777 3280 3830 τῶν
3312 3779 3626 3832 ἀποστόλων
3656 3780 3762 3832 λει-

2185 3866 2449 3936 πομένου,
2484 3868 2666 3938 γυμνῇ
2704 3866 2890 3920 λοιπὸν
2919 3870 3020 3939 ἤδη
3048 3872 3115 3939 τῇ
3137 3869 3371 3941 κεφαλῇ,
3404 3870 3481 3940 τῷ
3512 3872 3610 3941 τῆς
3636 3871 3764 3942 ἀλη-

2185 3955 2337 4018 θεί-τς
2380 3956 2701 4027 κηρύγματι
2746 3958 2844 4030 τὴν
2877 3958 3228 4029 ψευδώνυμον
3278 3960 3481 4028 γνῶσιν
3535 3962 3764 4031 ἀντικη-

2187 4050 2398 4122 ρύττειν
2462 4048 2796 4121 ἐπεχείρουν.
2847 4049 2978 4122 [Καὶ
3023 4050 3195 4104 ταῦτα
3251 4052 3349 4122 μὲν
3410 4044 3565 4115 οὗτος
3636 4053 3765 4123 περὶ

2183 4299 2472 4381 vigebant,
2517 4297 2918 4381 Pharisaeorum
2966 4298 3196 4364 scilicet,
3238 4298 3661 4355 Sadducaeorum
3706 4309 3763 4356 et

2183 4371 2345 4424 altas.
2377 4369 2443 4424 de
2475 4371 2672 4424 auibus
2700 4369 2839 4423 infra
2872 4368 2964 4423 ltb.
2994 4385 3071 4424 tv.
3099 4384 3219 4424 can.
3246 4371 3338 4424 22.

2183 4384 2345 4427 atlas.
2377 4384 2443 4424 σο
2475 4384 2672 4427 (11110118
2700 4384 2839 4423 11111⁸2
2872 4384 2964 4423 IID.
2994 4385 3071 4427 IV.
3099 4384 3219 4427 cap.
3246 4384 3338 4425 22.

2260 4386 2345 4427 as.
2377 4386 2443 4424 ue
2475 4386 2672 4436 quibus
2700 4386 2839 4423 intra
2872 4386 2964 4423 un.
2994 4386 3071 4434 iv,
3099 4386 3219 4439 cap.
3246 4386 3338 4425 zz.

2254 4437 2367 4509 (59)
2420 4440 2547 4493 Ἐπὶ
2597 4437 2677 4504 τῷ
2718 4437 2879 4504 αὐτῷ
2921 4440 3105 4509 λόγῳ.
3144 4439 3201 4493 id
3243 4451 3326 4495 est
3369 4438 3512 4507 quod
3561 4438 3760 4495 Christi

2180 4509 2337 4563 fidem
2372 4511 2711 4575 praedicaret.
2742 4520 2800 4563 ut
2822 4525 2985 4577 supra
3013 4511 3154 4569 dixi,
3180 4521 3235 4564 et
3260 4524 3447 4564 rursus
3484 4509 3533 4561 in
3560 4511 3653 4564 lib.
3688 4527 3760 4573 iv,

2179 4593 2318 4669 ‘35‘81
2338 4578 2618 4669 ,Ξῗν-,Ἷῗξ
2633 4579 3048 4669 ,ΫῖέθβεῗδίΡΡίῗ
3086 4580 3223 4669 ἑλὶἷδὲ
3245 4667 3256 4669 _
3295 4579 3356 4669 ῗτῗδ
3375 4651 3391 4669 ι
3408 4582 3762 4669 ἕαξῖυρῆσαὲ

2178 4649 2449 4772 ὶῑέἂάκωδον
2479 4649 2570 4703 τὸν
2588 4648 2804 4703 Δίκαιον
2842 4650 2919 4713 ὡς
2960 4651 3056 4703 καὶ
3080 4651 3109 4703 6
3143 4651 3345 4720 Κύριος
3372 4651 3463 4702 ἐπὶ
3496 4648 3573 4720 τῷ
3602 4648 3762 4722 θαύτῴ

2239 4737 2340 4772 γω.

2276 4737 2340 4770 ω.

2402 4789 2588 4857 Μέχρι
2618 4789 2737 4843 τῶν
2759 4790 2893 4843 τότε
2917 4791 3151 4859 χρόνων
3188 4792 3501 4859 παρθένος.
3533 4791 3659 4846 Haec
3698 4793 3763 4846 de

2182 4859 2686 4930 Hierosolymorum
2728 4860 2969 4914 Ecclesna
3011 4863 3318 4928 specialiter
3346 4865 3558 4915 dixerat
3588 4861 3762 4929 Hege-

2181 4932 2397 4999 sippus,
2438 4929 2562 4984 eam
2595 4929 2822 5001 scilicet_
2848 4947 3017 4999 usque
3052 4932 3117 4983 ad
3160 4943 3391 4986 mortem
3438 4930 3761 5001 Symeonis,

2183 4998 2241 5053 id
2276 5009 2358 5055 est
2402 5014 2573 5067 usque
2598 5001 2664 5053 ad
2701 4998 2943 5067 'l‘rajani’
2971 5010 3233 5069 tempora,
3262 4998 3527 5070 virginem
3564 5002 3762 5055 dictam

2182 5070 2542 5140 esse.rVerba
2601 5071 2887 5140 llegcsippi
2927 5070 3098 5124 habes
3140 5072 3277 5125 infra
3313 5074 3367 5125 in
3404 5071 3498 5124 lib.
3524 5086 3602 5134 tv,
3635 5086 3763 5138 cap.

2181 5139 2271 5195 22.
2311 5139 2537 5194 Videtur
2564 5139 2744 5194 autem
2775 5139 3039 5194 Eusebius
3086 5142 3180 5194 toti
3212 5142 3470 5195 Ecclesiae
3509 5142 3764 5194 tribuisse

2185 5212 2235 5263 id
2283 5216 2432 5277 quod
2475 5212 2541 5263 de
2615 5207 2775 5262 unica
2839 5206 3337 5279 Hierosolymorum
3386 5210 3631 5264 Ecclesia
3681 5212 3764 5262 di-

2183 5290 2327 5333 ctum
2359 5280 2538 5332 fuerat
2565 5280 2634 5333 ab
2666 5279 2996 5348 llegesippo‘.
3019 5279 3189 5333 Porro
3218 5290 3325 5333 tam
3355 5279 3575 5335 Eusebii
3603 5296 3764 5347 quam
3780 5284 3795 5348 ς’

2183 5349 2472 5420 llegesippi
2501 5349 2663 5403 verba
2707 5340 2941 5416 béuig'u'e
2980 5348 3328 5418 intelligenda
3361 5359 3509 5404 sunt.
3535 5340 3795 5403 Certumi

2152 5419 2276 5473 ~cst'
2308 5422 2452 5474 enim
2482 5419 2806 5473 ~Ecclesiam
2860 5420 3187 5472 catholicam
3242 5434 3461 5488 semper
3495 5421 3764 5486 integram

2183 5501 2346 5559 atque
2389 5492 2769 5545 iutemeratam
2818 5503 3178 5558 permanere,
3216 5500 3273 5543 et
3305 5492 3616 5559 castitatem
3651 5490 3764 5556 ejus

2184 5558 2331 5614 nullo
2366 5561 2526 5615 modo
2550 5562 2619 5614 ab
2651 5560 2924 5628 haereticis
2958 5573 3121 5628 posse
3162 5562 3459 5628 corrumpi.
3506 5558 3680 5613 Porro
3711 5560 3763 5612 in

2183 5631 2464 5685 codicibus
2505 5633 2711 5684 nostris
2755 5627 2917 5695 Man,
2953 5627 3090 5684 Med.
3117 5640 3173 5684 et
3200 5629 3336 5684 Fuk.
3367 5627 3632 5699 scriptum
3671 5631 3762 5682 ba-

2182 5701 2339 5756 betur
2383 5700 2963 5773 ἀδιάφθοροςέμενεν,
3011 5716 3117 5753 non
3166 5712 3344 5773 autem
3395 5709 3453 5755 ut
3483 5697 3553 5755 in
3599 5697 3763 5769 Regic

2185 5774 2484 5847 exemplari
2515 5770 2570 5828 et
2599 5770 2744 5843 apud
2779 5770 3144 5840 Nicephorum
3177 5770 3412 5835 ἔμεινεν.
