4192 6412
404 404 510 457 235
1396 392 1743 451 HISTORIIE
1786 391 2347 449 ECCLESIASTICIE
2386 392 2516 448 LIB.
2558 392 2648 448 lll.
3561 390 3668 446 286

404 519 611 575 τούτων
638 516 906 574 διαλαϐὼν
936 516 1049 588 (61)
1070 509 1175 571 ὧδέ
1200 532 1316 580 πως
1338 514 1541 581 ἔλεξεν.
1590 513 1781 585 Ἡμεῖς
1805 512 1864 566 δὲ
1892 511 1985 565 ἐπὶ

2087 521 2142 567 et
2173 511 2375 565 malitia
2403 511 2661 567 falsorum
2694 511 3000 566 doctorum.
3027 508 3132 576 Qui
3175 515 3363 579 utpote
3386 506 3532 562 nullo
3556 521 3670 560 am-

403 613 471 666 τὰ
500 613 627 684 ἐξῆς
653 611 752 681 τῆς
784 611 1045 683 ἱστορίας,
1071 608 1174 681 ὀδῷ
1198 608 1583 681 προϐαίνοντες
1623 603 1842 677 [urbem]

2092 601 2234 669 plius
2259 618 2324 655 ex
2370 604 2630 674 apostolis
2656 604 2966 672 superstite,
3011 603 3253 671 posthaec
3298 599 3443 654 nudo
3467 635 3483 660 ,
3523 594 3665 665 quod

406 706 608 771 aiunt,
677 704 855 773 capite
906 705 1172 759 adversus
1236 701 1679 772 prmdicationcm
1734 694 1979 751 veritatis
2013 690 2377 747 adulterinam
2455 695 2757 749 doctrinam
2833 695 3126 749 obtrudere
3208 690 3450 763 aggressi
3518 695 3664 743 sunt.

406 801 473 855 Et
505 800 843 871 llegesippus
872 800 1092 871 quidem
1139 799 1206 854 de
1244 798 1311 854 iis
1350 798 1513 853 rebus
1564 796 1618 850 in
1672 795 1817 849 hunc
1850 790 1963 846 fere
1989 786 2209 842 modum
2268 790 2478 845 scribit.
2512 789 2622 844 Nos
2660 804 2789 844 vero
2826 790 3026 845 sensim
3052 798 3212 857 atque
3275 785 3466 843 ordine
3533 796 3666 852 pro-

406 898 738 967 gredientes,
769 897 837 951 ad
869 896 1152 966 sequentia
1179 895 1486 949 veniamus.

902 990 1296 1045 ΚΕΦΑΛΑΙθΝ
1329 989 1453 1044 Al".

480 1085 676 1152 νοπως
721 1084 1003 1152 Τραϊανὸς
1035 1082 1328 1150 ᾢιτεῖσθαι
1357 1077 1745 1152 Χριστιανοὺς
1771 1074 1914 1129 ἐκώ-

762 1160 956 1208 λυσεν
985 1154 1124 1222 (Nic.
1156 1152 1225 1205 11.
1259 1153 1322 1205 E.
1351 1167 1431 1213 Ill,
1463 1151 1572 1217 17).

481 1247 741 1311 Τοσοὺτός
783 1264 846 1316 γε
898 1247 1003 1319 μὴν
1051 1249 1107 1299 ἐν
1154 1245 1361 1299 πλείοσι
1392 1245 1576 1308 τόποις
1606 1245 1635 1295 ὁ
1673 1243 1792 1297 καθ’
1827 1240 1982 1312 ήμῶν

410 1340 643 1411 ἐπετάθη
670 1340 788 1393 τότε
819 1339 1074 1410 διωγμὸς,
1124 1340 1199 1403 ὡς
1230 1338 1444 1392 Πλίνιον
1468 1338 1756 1391 Σεκοῦνδον
1793 1339 1985 1407 ἐπιση-

413 1434 638 1505 μότατον
668 1433 966 1505 ἡγεμόνων,
995 1434 1086 1486 ἐπὶ
1111 1432 1189 1503 τῷ
1218 1432 1414 1505 πλήθει
1450 1432 1557 1485 τῶν
1591 1431 1883 1503 μαρτύρων
1903 1448 1987 1483 κι-

407 1524 655 1595 νηθέντα,
702 1524 909 1595 βασιλεῖ
940 1522 1301 1577 κοινώσασθαι
1337 1522 1580 1593 περὶτοῦ
1619 1522 1855 1592 πλήθους
1878 1520 1986 1573 τῶν

408 1617 548 1688 ὑπὲρ
599 1618 698 1689 τῆς
738 1617 974 1680 πίστεως
1021 1616 1450 1687 ἀναιρουμένων,
1493 1616 1610 1685 ἅμα
1640 1614 1683 1667 δ’
1712 1617 1770 1691 ἐν
1805 1610 1988 1681 ταὺτῷ

2625 973 2855 1030 CAPUT
2891 971 3129 1028 ΧΧΧΙΙΙ.

2166 1067 2449 1133 Quomodo
2492 1065 2757 1135 Trajanus
2805 1064 3131 1119 Christianos
3174 1065 3331 1119 vetuit
3371 1062 3590 1133 inquiri.
3666 1114 3673 1119 ,

2165 1160 2337 1215 Tanta
2384 1174 2547 1231 porro
2602 1166 2655 1212 ct
2705 1168 2811 1210 tam
2857 1157 3039 1224 gravis
3081 1156 3354 1225 plerisque
3407 1156 3460 1209 iu
3533 1153 3667 1209 locis

2095 1256 2353 1309 adversus
2386 1264 2607 1309 nostros
2638 1251 2944 1322 persecutio
2999 1261 3125 1305 tunc
3170 1251 3427 1318 temporis
3472 1250 3662 1303 sazvie-

2086 1348 2197 1410 bat,
2231 1355 2290 1399 ut
2320 1346 2531 1399 Plinius
2563 1344 2869 1418 Secundus,
2898 1342 3038 1396 inter
3064 1342 3463 1409 provinciarum
3492 1352 3666 1395 ret-to-

2089 1454 2176 1493 res
2214 1438 2630 1502 celeberrimus,
2689 1445 2867 1491 motus
2917 1444 3216 1505 martyrum
3282 1433 3661 1494 multitudine,

2089 1533 2487 1607 ad\principem
2536 1529 2784 1585 retulerit
2828 1530 2897 1583 de
2939 1544 3171 1583 numero
3200 1543 3385 1583 eorum
3416 1529 3508 1596 qui
3542 1527 3664 1581 ﬁdei

2094 1641 2261 1679 causa
2304 1624 2773 1680 obtruncabantur
2803 1639 2820 1679 :
2855 1620 3127 1688 simulque
3176 1621 3517 1685 indicaverit,
3572 1621 3666 1674 de-

409 1708 665 1781 μηνῦσαι,
718 1709 883 1781 μηδὲν
936 1710 1148 1763 ἀνόσιον
1214 1707 1350 1780 μηδέ
1404 1706 1552 1778 παρὰ
1608 1707 1734 1769 τοὺς
1790 1705 1988 1775 νόμους

2096 1715 2447 1784 prehendisse
2479 1730 2537 1769 se
2570 1713 2704 1768 nihil
2736 1713 2803 1768 ab
2840 1712 2946 1767 illis
2975 1713 3169 1781 impie,
3219 1711 3351 1765 nihil
3403 1712 3665 1765 adversus

405 1804 666 1876 πράττειν
686 1804 884 1867 αὑτοὺς
905 1801 1313 1874 κατειληφέναι,
1342 1801 1480 1871 πλὴν
1505 1800 1565 1853 τό
1586 1817 1649 1869 γε
1675 1799 1792 1871 ἅμα
1814 1802 1881 1870 τῇ
1911 1798 1986 1868 ἕῳ

2090 1805 2237 1875 leges
2277 1804 2494 1858 actitari
2525 1820 2539 1857 :
2569 1803 2670 1858 nisi
2721 1803 2866 1871 quod
2915 1803 3090 1870 primo
3124 1802 3356 1856 diluculo
3404 1800 3660 1865 excitati,

405 1896 857 1968 διεγειρομένους,
897 1896 988 1949 τὸν
1015 1896 1246 1968 Χριστὸν
1267 1894 1391 1948 θεοῦ
1424 1894 1579 1964 δίκην
1606 1894 1823 1964 ὑμνεῖν·
1852 1890 1912 1944 τὸ
1927 1891 1983 1943 δὲ

2087 1896 2305 1951 Christo
2344 1904 2598 1965 tanquam
2643 1897 2742 1951 deo
2776 1897 3004 1965 hymnos
3047 1902 3308 1948 canerent
3353 1909 3366 1945 :
3408 1902 3665 1947 caeterum

410 1988 686 2060 μοιχεύειν
713 1989 808 2043 καὶ
833 1988 1097 2059 φονεύειν,
1131 1987 1226 2039 καὶ
1262 1985 1332 2040 τά
1367 1982 1601 2055 συγγενῆ
1623 1983 1831 2048 τούτοις
1862 1982 1986 2036 ἀθέ-

411 2098 540 2153 μιτα
571 2080 1037 2153 πλημμελήματα,
1062 2080 1157 2133 καὶ
1177 2079 1372 2142 αὑτοὺς
1397 2064 1779 2149 ἀπαγορεύειν,
1811 2076 1987 2129 πάντα

405 2190 465 2226 τε
493 2172 753 2245 πράττειν
768 2172 1075 2236 ἀκολούθως
1091 2174 1203 2235 τοῖς
1227 2171 1431 2240 νόμοις.
1450 2169 1595 2241 Πρὸς
1612 2168 1646 2223 ἃ
1666 2168 1756 2221 τὸν
1783 2167 1987 2239 Τραϊα-

406 2262 495 2317 νδν
539 2264 713 2335 δόγμα
747 2264 947 2318 τοιόνδε
994 2262 1324 2324 τεθεικέναι,
1365 2262 1426 2315 τὸ
1457 2261 1798 2333 Χριστιανῶν
1824 2260 1986 2329 φῦλον

413 2356 486 2427 μὴ
502 2354 847 2426 ἐκζητεῖσθαι
878 2354 997 2425 μὲν,
1028 2354 1265 2423 ἐμπεσὸν
1288 2354 1346 2407 δέ
1363 2352 1684 2415 κολάζεσθαι
1708 2370 1721 2382 ·
1752 2347 1812 2407 οὑ
1834 2369 1989 2419 γενο-

415 2446 596 2516 μένου,
627 2444 806 2508 ποσῶς
830 2444 927 2515 μέν
950 2444 1042 2499 τοῦ
1068 2444 1305 2514 διωγμοῦ
1336 2444 1625 2514 σϐεσθῆναι
1646 2444 1744 2515 τὴν
1763 2444 1988 2516 ἀπειλὴν

414 2535 742 2608 σφοδρότατα
759 2535 1095 2606 ἐγκειμένου,
1108 2537 1166 2590 οὑ
1185 2536 1430 2607 χείρονάς
1447 2554 1508 2605 γε
1529 2536 1633 2608 μὴν
1642 2538 1752 2601 τοῖς
1767 2554 1931 2590 κακου
1942 2555 1991 2607 ρ-

411 2630 527 2697 γεῖν
544 2629 671 2700 περὶ
693 2630 836 2699 ἡμᾶς
855 2627 1093 2681 ἐθέλουσι
1117 2628 1395 2682 λείπεσθαι
1419 2630 1736 2700 προφάσεις,
1756 2626 1863 2680 ἐσθ’
1881 2629 1985 2699 ὅπη

413 2721 513 2792 μὲν
539 2721 646 2775 τῶν
666 2721 872 2792 δήμων,
908 2720 1020 2774 ἔσθ’
1048 2721 1152 2792 ὅπη
1179 2721 1235 2773 δὲ
1259 2723 1352 2776 καὶ
1385 2720 1493 2775 τῶν
1521 2720 1662 2775 κατά
1694 2719 1874 2793 χώρας
1900 2720 1991 2791 ἀρ-

409 2810 630 2882 χόντων,
652 2812 747 2874 τὰς
765 2811 886 2864 καθ’
903 2813 935 2882 ή
943 2809 1059 2881 μῶν
1080 2811 1559 2880 συσκευαζομένων
1574 2811 1884 2876 ἐπιϐουλὰς,
1914 2811 1991 2875 ὡς

409 2903 503 2957 καὶ
529 2902 656 2957 ἄνευ
686 2903 977 2975 προφανῶν
997 2902 1271 2974 διωγμῶν,
1305 2906 1562 2976 μερικοὺς
1583 2907 1701 2959 κατ’
1721 2904 1988 2977 ἐπαρχίαν

407 2993 755 3059 ἐξάπτεσθαι,
788 2992 1003 3060 πλείους
1027 3011 1087 3049 τε
1116 2995 1223 3049 τῶν
1250 2994 1454 3049 πιστῶν
1483 2995 1757 3067 διαφόροις
1786 2998 1990 3065 ἐναγω-

408 3084 643 3185 νίζεσθαι
680 3085 1016 3157 μαρτυρίοις.
1054 3086 1319 3158 Είληπται
1352 3086 1397 3139 δ’
1428 3088 1558 3157 ἡμῖν
1596 3090 1629 3155 ή
1666 3087 1895 3159 ἱστορία,
1932 3086 1989 3155 ἐξ
2014 3125 2059 3185 c

400 3176 470 3253 ἧς
487 3181 739 3252 ἀνωτέρω
752 3179 1128 3252 δεδηλώκαμεν
1141 3179 1240 3234 τοῦ
1259 3182 1327 3234 Τε
1337 3180 1648 3251 ρτυλλιανοῦ
1678 3180 1988 3253 Ῥωμαῖκῆς

417 3269 790 3339 Ἀπολογίας,
824 3265 892 3342 ἧς
920 3273 954 3342 ή
986 3272 1249 3343 ἑρμηνεία
1282 3270 1468 3324 τοῦτον
1498 3269 1610 3341 ἕχει
1636 3270 1728 3323 τὸν
1752 3270 1950 3338 τρόπον
1970 3288 1983 3301 ·

409 3379 429 3411 ι
462 3360 656 3414 Καίτοι
681 3361 997 3431 εὑρήκαμεν
1018 3363 1112 3414 καὶ
1136 3361 1231 3432 τὴν
1263 3363 1343 3424 είς
1379 3362 1525 3430 ἡμᾶς
1549 3359 1871 3432 ἐπιζήτησιν
1894 3378 1987 3413 κεοο

403 3450 745 3521 κωλυμένην.
799 3450 1013 3515 Πλίνιος
1050 3452 1157 3522 γὰρ
1203 3450 1493 3515 Σεκοῦνδος
1540 3450 1842 3521 ἡγούμενος
1888 3453 1988 3523 τῆς

403 3542 688 3613 ἐπαρχίου,
748 3543 1082 3614 κατακρίνας
1137 3544 1495 3615 Χριστιανούς
1546 3560 1697 3607 τινας
1756 3545 1986 3614 καὶτῆς

403 3634 561 3702 ἀξίας
593 3633 854 3697 ἐκϐαλὼν,
880 3634 1174 3705 ταραχθεὶς
1195 3636 1273 3706 τῷ
1304 3634 1515 3704 πλήθει,
1539 3637 1775 3706 διηγνόει
1803 3636 1854 3690 τί
1890 3638 1988 3690 αύ-

401 3725 479 3797 τῷ
505 3725 688 3779 λοιπὸν
712 3725 795 3796 εἴη
825 3727 1111 3798 πρακτέον.
1141 3727 1391 3799 Τραϊανῷ
1420 3724 1512 3781 οὖν
1535 3728 1613 3799 τῷ
1664 3729 1872 3799 βασιλεῖ
1895 3731 1987 3782 ἀν-

400 3814 728 3873 εκοινώσατο
751 3816 940 3885 λέγων,
962 3816 1066 3882 ἔξω
1088 3817 1182 3871 τοῦ
1208 3819 1281 3890 μὴ
1310 3818 1595 3889 βούλεσθαι
1620 3821 1817 3885 αὑτοὺς
1834 3822 1985 3875 εἰδω-

399 3909 699 3981 λολατρείν,
726 3911 877 3964 οὐδὲν
914 3911 1125 3965 ἀνόσιον
1167 3914 1226 3965 ἐν
1251 3913 1433 3977 αὐτοῖς
1459 3914 1769 3986 εὑρηκέναι.
1813 3916 1983 3986 Ἐμή-

399 4021 491 4059 νυε
515 4004 571 4058 δὲ
597 4004 692 4058 καὶ
714 4003 888 4067 τοῦτο,
917 4004 1235 4060 ἀνίστασθαι
1259 4006 1426 4059 ἕωθεν
1452 4008 1576 4070 τοὺς
1599 4009 1978 4080 Χριστιανοὺς,

397 4096 492 4151 καὶ
525 4096 621 4149 τὸν
644 4095 877 4168 Χριστὸν
915 4095 1035 4149 θεοῦ
1074 4096 1227 4167 δίκην
1262 4098 1471 4168 ὑμνεῖν,
1510 4100 1604 4151 καὶ
1633 4100 1767 4172 πρὸς
1797 4100 1857 4152 τὸ
1883 4100 1981 4171 τὴν

399 4191 708 4261 ἐπιστήμην
745 4188 925 4244 αὐτῶν
971 4189 1355 4259 διαφυλάσσειν
1380 4190 1511 4261 (62),
1548 4191 1851 4245 κωλύεσθαι
1886 4210 1982 4263 φο-

399 4283 594 4345 νεύειν,
650 4284 940 4354 μοιχεύειν.
993 4283 1358 4346 πλεονεκτεῖν,
1414 4283 1735 4354 ἀποστερεῖν
1782 4284 1876 4337 καὶ
1911 4284 1979 4337 τὰ

398 4373 607 4436 τούτοις
647 4374 826 4443 ὃμοια.
867 4373 1011 4445 Πρὸς
1037 4372 1208 4426 ταῦτα
1245 4372 1551 4444 ἀντέγραψε
1584 4374 1869 4444 Τραϊανὸς,
1919 4377 1980 4430 τὸ

2087 1987 2374 2051 adulteria,
2418 1987 2732 2051 homicidia,
2765 1997 2820 2041 et
2854 1985 3062 2053 reliqua
3096 1984 3405 2055 hujusmodi
3435 1983 3665 2039 crimina

2088 2079 2210 2135 illos
2233 2079 2400 2134 etiam
2432 2079 2696 2144 aversari,
2715 2089 3021 2147 cunctaque
3053 2093 3117 2132 ex
3143 2077 3458 2145 prtnscriplo
3486 2075 3663 2144 legum

2089 2186 2274 2241 agere.
2364 2172 2576 2240 Quibus
2649 2172 2983 2240 respondens
3058 2168 3368 2237 Trajanus,
3447 2168 3662 2222 edixit:

2088 2265 2432 2322 Christianos
2469 2265 2685 2334 quidem
2718 2262 3073 2333 requirendos
3109 2276 3214 2315 non
3253 2275 3407 2325 esse,
3453 2259 3667 2314 oblatos

2089 2374 2216 2415 vero
2267 2358 2444 2429 puniri
2486 2368 2762 2428 Oportcrc.
2830 2356 2949 2421 Quo
3013 2354 3201 2420 facto,
3269 2350 3667 2423 persecutionis

2090 2451 2397 2506 incendium
2464 2450 2609 2519 quod
2693 2448 2851 2503 nobis
2909 2447 3203 2501 violentius
3271 2442 3663 2507 incumbebat,

2091 2542 2415 2596 rcstinctum
2445 2540 2664 2610 quidem
2709 2539 2887 2609 aliqua
2930 2554 2993 2593 ex
3037 2549 3194 2608 parte
3230 2537 3518 2592 videbatur
3550 2553 3563 2589 :
3600 2536 3666 2590 iis

2094 2643 2272 2689 tamen
2325 2634 2417 2704 qui
2473 2649 2571 2688 nos
2626 2633 2864 2703 maligne
2920 2641 2977 2685 ct
3031 2628 3404 2684 fraudulenter
3444 2628 3667 2699 aggredi

2090 2726 2311 2791 vellent,
2339 2742 2446 2781 non
2489 2726 2671 2780 minor
2707 2724 3087 2794 opportunitas
3140 2721 3461 2792 suppetebat
3493 2738 3508 2774 :
3538 2718 3667 2774 alibi

2089 2818 2315 2887 populo,
2369 2818 2499 2872 alibi
2559 2817 2888 2889 przcsidibus
2946 2814 3353 2885 provinciarum
3407 2814 3668 2868 adversus

2091 2920 2310 2966 nostros
2354 2910 2581 2967 insidias
2633 2910 3106 2979 comparantibus.
3166 2907 3317 2961 Adeo
3359 2916 3418 2961 ut
3470 2906 3515 2961 si
3559 2920 3665 2960 non

2092 3003 2272 3072 palam
2301 3013 2357 3059 et
2384 3004 2625 3072 publice,
2659 3003 2861 3058 locales
2892 3012 3071 3056 tamen
3116 3000 3170 3054 in
3202 3000 3405 3070 aliquot
3447 2998 3668 3067 provin-

2093 3095 2194 3150 ciis
2231 3095 2640 3164 persecutiones
2665 3095 3102 3155 cxardesccrent,
3122 3100 3178 3147 et
3199 3090 3416 3161 plurimi
3437 3106 3500 3144 ex
3537 3089 3669 3144 ﬁde-

2090 3187 2233 3242 libus
2266 3185 2585 3257 multiplicis
2606 3185 2854 3256 martyrii
2890 3193 3166 3239 certamen
3195 3182 3461 3236 subirent.
3493 3181 3665 3236 Porro

2089 3295 2159 3334 ex
2189 3278 2511 3335 Tertulliani
2536 3276 2872 3345 Apologetico
2915 3275 3109 3330 Latine
3131 3274 3441 3342 conscripto
3461 3313 3474 3336 ,
3508 3271 3672 3340 cujus

2082 3370 2196 3439 jam
2221 3384 2383 3439 supra
2428 3368 2761 3424 mentionem
2796 3367 3044 3429 fecimus.
3108 3367 3223 3420 haec
3273 3380 3302 3418 a
3362 3364 3517 3418 nobis
3580 3372 3667 3417 est

2089 3464 2371 3530 desumpta
2385 3459 2645 3515 narratio.
2684 3475 2703 3509 ι
2726 3458 2890 3527 Atqui
2912 3456 3241 3521 invenimus,
3260 3453 3460 3523 inquit,
3486 3454 3664 3523 inqui-

2089 3553 2345 3608 sitionem
2378 3564 2595 3621 quoque
2622 3549 2677 3603 in
2719 3563 2817 3603 nos
2855 3545 3209 3617 prohibitam.
3260 3543 3468 3598 Plinius
3511 3545 3658 3599 enim

2090 3642 2373 3697 Secundus
2403 3656 2525 3695 cum
2558 3639 2896 3709 provinciam
2930 3645 3178 3707 regeret,
3227 3636 3500 3691 damnatis
3544 3635 3665 3705 qui-

2090 3734 2317 3790 busdam
2348 3731 2700 3797 Christianis,
2735 3729 3067 3802 quibusdam
3098 3727 3268 3795 gradu
3303 3728 3475 3797 pulsis
3496 3767 3512 3794 ,
3545 3729 3660 3797 ipsa

2089 3828 2307 3883 tandem
2358 3824 2706 3880 multitudine
2745 3823 3128 3893 perturbatus,
3172 3819 3301 3889 quid
3336 3819 3404 3875 de
3465 3830 3668 3874 cancro

2087 3925 2295 3990 ageret,
2358 3916 2631 3973 consuluit
2680 3924 2809 3971 tunc
2861 3913 3162 3981 Trajanqu
3220 3914 3658 3982 imperatorem:

2085 4011 2328 4081 allegans
2383 4016 2584 4076 ιιι-αξιοι·
2636 4004 3064 4077 obstinationem
3124 4017 3232 4058 non
3282 4004 3653 4069 sacriﬁcandi,

2084 4102 2219 4157 nihil
2247 4101 2391 4157 aliud
2423 4115 2482 4155 se
2523 4100 2592 4155 de
2638 4097 3003 4152 sacramentis
3058 4109 3248 4150 eorum
3300 4096 3663 4166 comperisse,

2083 4208 2246 4264 quam
2316 4202 2495 4247 cretus
2560 4189 2913 4244 antelucanos
2991 4188 3059 4242 ad
3128 4186 3430 4243 canendum
3501 4186 3667 4264 106

2081 4262 2300 4343 Christo
2328 4296 2386 4340 ut
2414 4285 2516 4340 deo
2536 4324 2553 4350 ,
2580 4293 2629 4339 et
2665 4283 2731 4337 ad
2768 4280 3255 4337 confwderandam
3293 4262 3663 4347 disciplinam:

2081 4378 2472 4442 homicidium,
2527 4374 2873 4439 adulterium,
2931 4374 3201 4437 fraudem,
3262 4369 3542 4440 perﬁdiam
3602 4381 3660 4428 et

399 4464 506 4518 τῶν
548 4464 890 4536 Χριστιανῶν
933 4465 1098 4536 φῦλον
1143 4464 1217 4536 μὴ
1257 4463 1605 4535 ἐκζητεῖσθαι
1648 4466 1766 4536 μὲν,
1802 4466 1974 4535 ἐμπε-

2087 4484 2275 4528 uetera
2324 4469 2532 4525 scelera
2580 4469 2953 4538 prohibentes.
3011 4465 3166 4520 Tunc
3211 4464 3482 4535 Trajanus
3563 4480 3653 4518 rc-

402 4555 493 4611 σὺν
528 4556 585 4610 δέ
624 4555 945 4621 κολάζεσθαι
978 4556 1111 4628 (65).
1148 4577 1167 4608 ι
1201 4558 1311 4610 Καὶ
1340 4555 1513 4609 ταῦτα
1541 4556 1639 4628 μὲν
1677 4559 1735 4611 ἐν
1762 4557 1971 4622 τούτοις

2087 4564 2320 4632 scripsit,
2356 4564 2459 4618 hoc
2497 4575 2671 4631 genus
2727 4557 3084 4627 inquirendos
3108 4556 3326 4626 quidem
3356 4570 3464 4611 non
3506 4569 3657 4618 esse,

398 4642 488 4719 ἦν.

916 4835 1313 4889 ΚΕΦΑΛΑΙΟΝ
1344 4837 1464 4890 ΛΔθ.

399 4926 600 4992 Ὅπως
634 4921 743 4995 τῆς
802 4925 1101 4995 Ῥωμαίων
1148 4926 1508 4995 Ἐκκλησίας
1546 4926 1823 4995 τέταρτος
1858 4932 1967 4984 Εὐ-

606 4994 859 5064 άρεστος
901 4994 1126 5064 ἡγεῖται
1153 4995 1290 5062 (Nic.
1319 4994 1391 5051 H.
1434 4996 1496 5049 Ε.
1529 5013 1607 5062 ιιι,
1639 4997 1752 5064 23).

465 5087 584 5141 Τῶν
609 5086 667 5140 δὲ
697 5087 791 5141 ἐπὶ
830 5084 1045 5158 Ῥώμης
1076 5088 1387 5143 ἐπισκόπων
1418 5088 1529 5142 ἔτει
1549 5090 1715 5162 τρίτῳ
1740 5090 1841 5161 τῆς
1872 5094 1966 5147 τοῦ

465 5270 576 5341 (61)
614 5271 719 5326 Καὶ
747 5269 932 5324 ταῦτα
962 5268 1080 5341 μὲν
1115 5267 1292 5338 οὗτος
1331 5272 1464 5341 περὶ
1498 5274 1722 5328 τούτων
1759 5275 1967 5332 διαλα-

395 5339 667 5415 ϐιίητ,ᾲειοτ
700 5339 982 5415 Tota_ha-c
1021 5343 1273 5415 pericope
1299 5339 1469 5415 usque
1501 5346 1564 5415 ad
1609 5344 1767 5399 ﬁnem
1806 5348 1963 5415 httjtts

2076 4657 2284 4712 oblatos
2319 4668 2448 4709 vero
2481 4652 2662 4724 puniri
2691 4661 2968 4721 oportere.
3007 4667 3027 4700 ι
3070 4648 3139 4703 Ει
3182 4647 3297 4703 haec
3326 4646 3546 4717 quidem
3577 4646 3659 4707 ita

2079 4765 2139 4805 se
2166 4748 2460 4805 habebant.

2614 4834 2842 4891 CAPUT
2880 4831 3121 4888 XXXIV.

2185 4934 2340 5003 Quod
2395 4930 2686 4986 Ecclesium
2712 4927 3038 5054 ERomanam
3085 4935 3307 4999 quartus
3354 4926 3547 4981 rexerit

2767 5012 3019 5054 varestur.

2767 5012 3019 5054 varestus.

2146 5100 2227 5155 Ex
2272 5095 2532 5153 Romanis
2566 5103 2752 5149 autem
2808 5093 3159 5161 pontiﬁcibus
3210 5090 3463 5148 Clemens
3511 5102 3655 5143 anno

2075 5281 2168 5335 lib.
2200 5292 2275 5331 ιν.

2142 5348 2255 5416 (62)
2292 5344 2403 5401 Καὶ
2434 5340 3411 5416 πρὸςᾼτὸ-τὴννέπιοτήμην-αὺτῶν
3442 5339 3651 5416 (Singu-

393 5413 582 5480 capitis
631 5412 782 5465 deest
834 5412 889 5466 in
936 5409 1224 5467 codicibus
1265 5409 1463 5465 nostris
1515 5413 1675 5475 Mam,
1725 5409 1965 5473 Medfct
2067 5409 2351 5473 .ldaastr.
2380 5409 2695 5469 Tertulliani
2731 5414 2893 5466 verba
2924 5409 3145 5468 Graecus
3188 5413 3460 5480 interpres
3509 5409 3648 5480 infe-

396 5481 528 5535 Fuk.
560 5482 664 5534 Sed
699 5498 873 5549 neque
906 5482 1133 5535 Ruﬁnus
1176 5497 1297 5536 eam
1337 5485 1597 5551 agnoscit,
1633 5498 1691 5538 ut
1719 5498 1788 5539 ex
1834 5502 1962 5541 ver-

2069 5489 2243 5541 liciter
2297 5486 2549 5541 reddidit.
2599 5482 2783 5553 NI'Que
2832 5485 2974 5553 enim
3025 5483 3303 5553 ἐπιστήμη
3336 5477 3644 5553 'cst‘disci-
3718 5504 3725 5511 -

393 5553 547 5625 sione
580 5552 712 5625 ejus
736 5548 1002 5625 apparet.
1032 5552 1110 5606 Ac
1152 5551 1284 5605 mihi
1328 5548 1543 5621 quidem
1580 5554 1797 5625 fvidetur
1848 5567 1956 5612 tota
2064 5559 2232 5625 ptinu,
2260 5572 2358 5611 nec
2382 5548 2767 5624 διαφυλάσσειν
2799 5551 2942 5625 idem
2965 5564 3052 5606 est
3092 5548 3242 5625 quiﬁt
3268 5548 3644 5625 eameam",

397 5622 510 5703 haec
546 5617 807 5705 clausula;
832 5617 1018 5705 "spuria
1070 5637 1207 5705 esse
1234 5638 1299 5705 ac
1328 5617 1687 5691 supposititia.
1744 5625 1959 5705 Putavit
2064 5617 2277 5705 ἒιυιιρέη
2305 5617 2572 5697 ἱεὶιιιτῖιιι
2596 5624 2948 5705 interpretari
2981 5617 3156 5700 locum
3182 5617 3646 5705 Tertulliani”?!

393 5694 538 5769 enim
591 5686 1037 5769 quisquis'hanc
1087 5692 1326 5755 addidit,
1380 5686 1449 5746 ea
1496 5709 1613 5762 qua:
1647 5697 1957 5769 pracedunt

2087 5715 2150 5769 να
2205 5686 2394 5769 ὥσπερ
2443 5713 2496 5748 τι
2550 5686 2816 5765 σύμϐολον
2867 5692 3031 5762 ἔχωσι
3088 5689 3186 5759 τῆς
3250 5687 3425 5742 αὑτῶν
3490 5686 3646 5740 πολι-

393 5761 559 5833 verba
591 5777 711 5817 esse
736 5761 1071 5833 Hegesjppi,
1112 5776 1233 5817 cum
1287 5773 1464 5817 tamen
1501 5761 1607 5817 non
1644 5761 1747 5818 sint
1786 5764 1955 5831 Hege-

392 5831 554 5902 SLppi,
581 5833 677 5888 sed
710 5831 877 5904 ipsius
906 5831 1152 5903 Eusebii,
1177 5842 1235 5888 ut
1266 5834 1522 5890 discimus
1560 5850 1624 5891 ex
1658 5836 1833 5906 capite
1862 5836 1955 5906 23,

2061 5767 2232 5830 τείας.

2134 5827 2250 5906 (b3)
2300 5835 2595 5906 Ἐμπεσὸν
2635 5835 2704 5889 δὲ
2750 5831 3124 5893 κολάζεσθαι.
3171 5827 3308 5886 Male
3360 5828 3490 5884 item
3542 5829 3647 5891 hoc
