4192 6450
457 385 567 440 887
1177 382 1451 440 EUSEBH
1487 381 1970 440 CESARIENSIS
2007 383 2159 442 OPP.
2198 385 2380 440 PARS
2420 386 2459 441 Ι.
2500 418 2572 427 -
2612 386 3001 444 illSTOBlCA.
3615 394 3722 452 288

458 501 758 570 supradicti
785 502 1129 573 imperatoris
1162 504 1328 557 tertio
1353 501 1489 557 abiit
1535 517 1567 557 ο
1600 502 1735 568 vita,
1776 502 2039 559 Evarasto

2144 506 2540 576 προειρημένου
2594 506 2856 576 βασιλέως
2902 506 3098 577 ἀρχῆς,
3151 508 3383 579 Κλήμης
3428 510 3724 585 Εὐαρέστῳ

459 596 828 650 sacerdotium
880 594 1221 661 relinquens,
1269 609 1392 648 cum
1422 609 1616 649 novem
1673 604 1818 651 totos
1866 610 2042 651 annos

2144 596 2418 663 παραδοὺς
2438 598 2538 668 τὴν
2557 597 2912 668 λειτουργίαν,
2944 597 3163 651 ἀναλύει
3189 600 3282 651 τὸν
3301 600 3433 670 βίον,
3455 602 3527 656 τὰ
3544 604 3723 660 πάντα

459 686 909 759 praedicationem
937 686 1087 742 verbi
1129 686 1297 741 divini
1324 695 1696 756 procurasset.

1014 866 1244 924 CAPUT
1292 866 1509 923 XXXV.

462 956 619 1023 Quod
680 957 868 1012 tertius
941 956 1439 1081 Hieroso’lytuorum
1511 956 1766 1012 Ecclesia:
1828 957 2044 1028 prwfuit

1197 1044 1255 1080 us
1282 1043 1342 1080 us

1197 1043 1274 1080 ιιει
1282 1043 1342 1080 us

533 1116 806 1190 Symeone
841 1133 1059 1188 quoque
1083 1118 1149 1172 ad
1193 1119 1340 1173 hunc
1369 1133 1530 1187 quem
1558 1119 1795 1173 diximus
1824 1120 2042 1173 modum

463 1211 568 1264 vita
593 1209 876 1276 defuncto,
928 1208 1411 1281 Hierosolymitani
1461 1212 1806 1281 episc0patus
1858 1211 2040 1265 sedem

459 1299 650 1355 Justus
688 1300 908 1370 quidam
940 1297 1161 1355 Iudaeus
1206 1300 1467 1371 capessit.
1529 1301 1741 1371 Quippe
1790 1316 1854 1357 ea
1909 1310 2043 1355 tem-

464 1396 672 1457 pestate
697 1389 1129 1444 innumerabiles
1157 1404 1223 1443 ex
1252 1387 1668 1444 circumcisione
1717 1389 1784 1444 ad
1837 1388 2039 1443 Christi

465 1481 624 1535 tidem
656 1481 1010 1540 transierant.

991 1571 1218 1627 CAPUT
1260 1570 1500 1627 XXXVI.

821 1662 898 1718 De
934 1662 1149 1735 Ignatio
1187 1674 1237 1719 et
1274 1664 1387 1735 ejus
1428 1663 1685 1735 epistolis.

2144 685 2385 755 προστὰς
2444 686 2538 757 ἔτη
2609 687 2765 742 ἐννέα
2835 688 2934 757 τῆς
2987 686 3083 741 τοῦ
3144 688 3291 743 θείου
3360 690 3519 760 λόγου
3579 693 3727 750 διδα-

2146 777 2394 842 σκαλίας.

2645 872 3040 926 ΚΕΦΑΛΑΙΟΝ
3062 874 3186 929 ΔΕ’.

2155 960 2253 1025 σος
2291 960 2487 1027 τρίτος
2526 960 2633 1029 τῆς
2656 963 3441 1107 (ἔρὲοὲοἱριἲπνοᾶιοῦστος
3495 966 3721 1039 ἡγεῖται

2214 1121 2372 1175 Ἀλλὰ
2401 1124 2493 1175 καὶ
2524 1124 2616 1176 τοῦ
2646 1124 2929 1195 Συμεῶνος
2962 1127 3054 1179 τὸν
3079 1126 3386 1197 δηλωθέντα
3411 1128 3724 1184 τελειωθέν-

2142 1229 2230 1277 τος
2263 1213 2482 1284 τρόπον,
2524 1217 2621 1285 τῆς
2659 1217 2717 1267 ἐν
2750 1217 3139 1289 Ἱεροσολύμοις
3166 1220 3471 1291 ἐπισκοπῆς
3491 1220 3583 1276 τὸν
3603 1220 3724 1292 θρό-

2142 1320 2230 1356 νον
2273 1304 2522 1367 Ἰουδαῖός
2550 1322 2633 1368 τις
2665 1305 2837 1376 δνομα
2864 1305 3114 1371 Ἰοῦστος,
3141 1310 3349 1381 μυρίων
3381 1311 3517 1364 ὅσων
3536 1313 3600 1365 ἐκ
3618 1327 3720 1364 πε-

2143 1397 2370 1467 ριτομῆς
2394 1399 2471 1457 εἰς
2487 1398 2577 1451 τὸν
2606 1399 2838 1468 Χριστὸν
2853 1401 3156 1469 τηνικαῦτα
3177 1403 3613 1458 πεπιστευκότων
3638 1397 3721 1468 εἷς

2142 1488 2233 1539 καὶ
2261 1486 2420 1552 αὐτὸς
2447 1485 2543 1550 ῶν,
2571 1488 2890 1559 διαδέχεται.

2598 1581 2999 1635 ΚΕΦΑΛΑΙΟΝ
3048 1584 3187 1651 Λσν.

2245 1670 2383 1737 Περὶ
2423 1671 2713 1739 Ἰγνατιόυ
2758 1674 2856 1726 ναί
2896 1673 3015 1726 τῶν
3054 1672 3392 1727 ἐπιστολῶν
3429 1673 3615 1728 αὐτοῦ

2588 1742 2730 1812 (Nic.
2758 1742 2827 1796 ll.
2861 1740 2928 1798 Ε.
2962 1759 3045 1808 ιιι,
3074 1744 3191 1812 ‘29).

536 1817 733 1875 Iisdem
764 1820 1096 1890 temporibus
1138 1818 1366 1876 ﬂorebat
1419 1820 1472 1874 in
1525 1819 1653 1875 Asia
1709 1819 2041 1892 Polycarpus

2213 1833 2483 1905 Διέπρεπέ
2510 1851 2573 1902 γε
2600 1833 2706 1904 μὴν
2736 1833 2876 1886 κατὰ
2902 1834 3122 1897 τούτους
3148 1834 3240 1887 ἐπὶ
3272 1834 3373 1905 τῆς
3401 1835 3583 1899 Ἀσίας
3612 1834 3721 1889 τῶν

466 1910 836 1978 apostolorum
869 1911 1199 1979 discipulus,
1230 1912 1321 1980 qui
1366 1927 1394 1963 a
1428 1909 1787 1964 familiaribus
1826 1925 1891 1963 ac
1942 1911 2044 1963 mi-

467 2001 663 2057 nistris
695 2003 933 2067 Domini,
975 2002 1326 2074 Smyrnensis
1364 2001 1622 2057 Ecclesia:
1668 2003 2041 2072 episcopatum

466 2104 777 2164 acceperat.
821 2095 1020 2165 Papias
1057 2110 1303 2165 quoque,
1364 2093 1805 2163 llierapolitauus
1827 2095 2041 2164 episco-

465 2202 591 2258 pus,
621 2189 811 2243 eadem
844 2196 1003 2242 aetate
1039 2187 1273 2243 celebris
1298 2186 1418 2254 fuit,
1447 2188 1533 2241 vir
1571 2187 1838 2256 imprimis
1863 2187 2042 2241 diser-

466 2291 554 2335 tus
580 2289 635 2335 et
655 2279 921 2344 eruditus,
970 2295 1036 2335 ac
1079 2280 1493 2351 Scripturarum
1529 2280 1755 2349 peritus.
1795 2277 2042 2348 lgnatius

464 2386 725 2441 praeterea
753 2373 1050 2428 multorum
1073 2371 1417 2427 sermonibus
1456 2381 1641 2425 nostra
1676 2371 1841 2425 etiam
1881 2381 2042 2425 :etate

464 2465 797 2532 celebratus,
842 2465 1115 2520 secundus
1157 2473 1280 2533 post
1327 2463 1550 2518 Petrum
1613 2462 2038 2517 Antiochensem

438 2554 765 2626 .Ecclesiam
794 2559 1023 2611 sortitus
1058 2565 1162 2611 est.
1193 2554 1292 2610 llic
1314 2556 1383 2610 ob
1409 2554 1567 2609 ﬁdem
1593 2554 1795 2611 Christi
1822 2567 1852 2608 e
1882 2550 2039 2623 Syria

466 2654 534 2706 ad
561 2655 754 2710 urbem
790 2652 1019 2708 Romam
1050 2652 1368 2723 perductus,
1408 2651 1602 2706 bestiis
1642 2649 1891 2718 objeetus
1919 2660 2040 2703 esse

464 2743 688 2800 dicitur.
717 2743 785 2799 Et
810 2760 933 2800 cum
965 2760 1061 2814 per
1084 2744 1274 2799 Asiam
1308 2743 1409 2799 sub
1441 2742 1849 2797 accuratissima
1879 2740 2042 2796 satel-

465 2834 622 2890 litum
653 2837 901 2891 custodia
937 2837 1271 2900 ductaretur,
1308 2834 1644 2905 singularum
1687 2833 2040 2889 nihilominus

464 2928 751 2982 civitatum
786 2943 925 2998 quas
958 2927 1358 2999 ingrederetur,
1392 2926 1666 2982 Ecclesias
1697 2925 2040 2981 sermonibus

465 3029 521 3075 et
555 3018 1029 3075 cohortationibus
1052 3020 1165 3076 suis
1184 3019 1535 3085 conﬁrmans,
1565 3019 1820 3075 monebat
1850 3019 2040 3089 impri-

465 3113 572 3167 mis
600 3126 659 3166 ut
692 3112 799 3167 sibi
830 3127 858 3165 a
894 3111 1078 3182 pravis
1125 3112 1506 3167 haereticorum
1540 3111 1890 3180 opinionibus
1942 3126 2037 3166 ca-

2144 1924 2454 1977 ἁποστόλων
2481 1925 2741 1996 ὁμιλητὴς
2766 1924 3141 1996 Πολὺκαρπος,
3172 1926 3269 1995 τῆς
3296 1926 3439 1979 κατά
3470 1927 3722 1999 Σμύρναν

2156 2016 2477 2088 Ἐκκλησίας
2520 2017 2656 2089 πρὸς
2686 2018 2794 2071 τῶν
2821 2018 3102 2071 αὐτοπτῶν
3151 2020 3245 2071 καὶ
3293 2019 3583 2091 ὑπηρετῶν
3626 2019 3720 2074 τοῦ

2143 2108 2349 2182 Κυρίου
2399 2110 2496 2180 τὴν
2561 2111 2868 2182 ἐπισκοπὴν
2929 2111 3430 2183 ἐγκεχειρισμένος.
3484 2110 3621 2166 Καθ’
3661 2111 3723 2167 ὃν

2141 2203 2463 2274 ἐγνωρίζετο
2494 2203 2710 2267 Παπίας
2753 2203 2853 2274 τῆς
2892 2206 2951 2256 ἐν
2988 2202 3281 2274 Ἱεραπόλει
3306 2203 3597 2273 παροικίας
3627 2202 3724 2258 καὶ

2141 2294 2301 2359 αὐτὸς
2330 2297 2646 2358 ἐπίσκοπος,
2680 2293 2842 2366 [ἀνὴρ
2870 2294 2940 2348 τά
2972 2295 3147 2348 πάντα
3173 2295 3254 2346 ὅτι
3275 2293 3506 2365 μάλιστα
3531 2290 3725 2361 λογιώ-

2140 2405 2299 2450 τατος
2323 2388 2417 2441 καὶ
2441 2388 2539 2459 τῆς
2570 2387 2790 2460 Γραφῆς
2823 2387 3058 2459 είδήμων
3089 2385 3291 2459 (64),]ὄ
3312 2404 3371 2439 τε
3394 2385 3545 2457 παρά
3569 2386 3724 2439 πλεί-

2143 2494 2289 2541 στοις
2320 2476 2600 2531 εξσέτινῦν
2621 2477 2901 2548 διαϐόητος
2935 2478 3215 2546 Ἰγνάτιος,
3250 2478 3349 2548 τῆς
3369 2477 3488 2529 κατ’
3522 2474 3725 2529 Ἀντιό-

2141 2583 2292 2636 χειαν
2317 2566 2523 2638 Πέτρου
2545 2566 2795 2637 διαδοχῆς
2809 2567 3058 2639 δεύτερος
3090 2566 3188 2638 τήν
3210 2568 3515 2638 ἐπισκοπὴν
3534 2566 3726 2637 κεκλη-

2142 2657 2403 2728 ρωμένος.
2462 2657 2634 2725 Λόγος
2674 2657 2717 2710 δ’
2747 2657 2861 2728 ἔχει
2898 2658 3086 2711 τοῦτον
3124 2658 3232 2711 ἀπὸ
3265 2659 3463 2730 Συρίας
3501 2657 3596 2711 ἐπὶ
3623 2658 3724 2727 τὴν

2152 2748 2435 2819 Ῥωμαίων
2469 2749 2622 2801 πόλιν
2652 2749 3100 2819 ἀναπεμφθέντα,
3134 2749 3338 2820 θηρίων
3365 2748 3617 2818 γενέσθαι
3643 2748 3727 2818 βο-

2142 2839 2241 2910 ράν
2261 2841 2361 2911 τῆς
2385 2842 2465 2903 είς
2484 2840 2722 2910 Χριστὸν
2745 2840 3051 2912 μαρτυρίας
3075 2842 3259 2894 ἕνεκεν
3278 2858 3290 2870 ·
3324 2841 3418 2893 καὶ
3444 2840 3509 2909 δὴ
3537 2839 3635 2910 τὴν
3656 2838 3725 2892 δι’

2152 2934 2336 2996 Ἀσίας
2370 2932 2480 3004 (65)
2509 2931 2838 3003 ἀνακομιδὴν
2867 2931 2982 3003 μετ’
3018 2932 3447 3003 ἐπιμελεστάτης
3471 2929 3725 3001 φρουρῶν

2140 3025 2386 3097 φυλακῆς
2425 3024 2765 3096 ποιούμενος,
2819 3024 2918 3087 τὰς
2962 3023 3104 3077 κατὰ
3144 3023 3299 3077 πόλιν
3340 3018 3427 3087 αἷς
3459 3022 3725 3093 ἐπεδήμει

2139 3117 2450 3189 παροικίας,
2492 3119 2612 3180 ταῖς
2657 3114 2745 3168 διά
2783 3114 2957 3183 λόγων
2989 3114 3227 3186 ὁμιλίαις
3265 3132 3325 3167 τε
3372 3115 3464 3168 καὶ
3494 3129 3728 3186 προτροο

464 3213 682 3272 verent,
710 3220 831 3275 qua
867 3213 995 3260 tunc
1019 3205 1257 3276 primum
1294 3203 1347 3260 in
1382 3204 1560 3259 lucem
1596 3216 1880 3273 emergere
1913 3218 2036 3259 cum

2144 3211 2268 3271 παῖς
2292 3207 2652 3279 ἐπιρρωννὺς,
2670 3207 2728 3259 ἐν
2747 3205 2983 3279 πρώτοις
3002 3205 3237 3277 μάλιστα
3254 3204 3724 3275 προφυλάττεσθαι

465 3293 804 3363 cmpissent,
876 3295 1152 3365 copiosius
1222 3292 1594 3364 pullulabant,
1674 3294 2039 3362 hortatusque

466 3395 549 3439 est
582 3395 639 3441 ut
678 3385 1048 3455 apostolorum
1083 3386 1467 3441 traditionibus
1506 3383 1775 3440 tenaciter
1810 3384 2041 3439 inhaere-

466 3490 646 3533 rent:
699 3494 839 3548 quas
908 3479 1128 3549 quidem
1202 3477 1270 3533 ad
1340 3479 1631 3533 certiorem
1703 3476 2041 3547 posteritatis

370 3597 387 3616 ι
469 3571 626 3642 107
653 3572 896 3627 notitiam
925 3570 1235 3626 testimonio
1278 3584 1379 3625 suo
1419 3569 1770 3625 conﬁrmatas
1811 3567 2040 3637 scriptis

468 3662 731 3717 mandare
755 3662 1125 3716 necessarium
1157 3660 1333 3715 duxit.
1370 3659 1559 3730 Itaque
1594 3675 1716 3716 cum
1747 3658 2037 3732 Smyrnam

468 3754 753 3819 venisset,
790 3752 844 3804 in
888 3766 994 3821 qua
1031 3761 1142 3806 tum
1173 3761 1292 3807 erat
1317 3751 1652 3822 Polycarpus
1675 3791 1690 3815 ,
1726 3767 1888 3805 unam
1921 3751 2041 3819 qui-

468 3849 592 3901 dem
633 3843 921 3915 epistolam
952 3844 1173 3913 scripsit
1200 3845 1268 3899 ad
1296 3843 1597 3898 Ecclesiam
1633 3842 1992 3913 Ephesiorum
2023 3881 2039 3904 ,

469 3938 524 3993 iu
555 3950 662 4007 qua
694 3933 939 3989 Onesimi
970 3935 1210 4004 ipsorum
1258 3935 1492 4004 pastoris
1525 3935 1856 3989 mentionem
1889 3932 2038 3987 facit.

467 4025 715 4081 Alteram
743 4039 961 4094 quoque
990 4024 1144 4079 dedit
1167 4024 1235 4078 ad
1265 4023 1566 4078 Ecclesiam
1594 4022 1883 4094 Magnesia:
1907 4021 2040 4076 civi-

469 4115 601 4171 tatis
632 4130 750 4185 qua:
778 4115 847 4170 ad
873 4113 1205 4169 Mazandrum
1232 4114 1335 4169 sita
1368 4122 1476 4176 est,
1507 4114 1561 4167 in
1593 4128 1702 4183 qua
1728 4111 1895 4167 etiam
1934 4109 2041 4165 Da-

474 4223 617 4262 mam
647 4207 961 4279 episcopum
991 4208 1254 4263 nominat.
1289 4207 1461 4262 Aliam
1495 4208 1623 4261 item
1648 4206 1716 4260 ad
1744 4204 2044 4260 Ecclesiam

470 4297 877 4353 Trallianorum
904 4339 921 4366 ,
950 4298 1107 4368 cujus
1134 4298 1436 4354 antistitem
1471 4308 1603 4351 tunc
1632 4296 1800 4350 fuisse
1842 4307 2045 4348 memo-

470 4403 558 4446 rat
591 4390 897 4463 Polybium.
929 4391 1135 4447 Praater
1167 4392 1264 4446 has
1305 4400 1390 4446 est
1429 4399 1485 4445 et
1519 4388 1622 4442 alia
1661 4386 1780 4456 ejus
1811 4384 2042 4455 epistola

469 4485 536 4537 ad
570 4482 868 4538 Ecclesiam
902 4484 1054 4539 urbis
1096 4483 1303 4545 Romae,
1344 4483 1396 4536 in
1429 4496 1534 4552 qua
1570 4490 1692 4535 orat
1731 4488 1892 4549 atque
1919 4479 2044 4533 hor-

2139 3300 2241 3363 τὰς
2272 3300 2513 3371 αἱρέσεις
2559 3299 2685 3369 ἄρτι
2718 3297 2840 3351 τότε
2869 3298 3082 3369 πρῶτον
3104 3297 3438 3366 ἀναφυείσας
3475 3295 3570 3350 καὶ
3605 3297 3726 3349 ἐπι-

2142 3385 2481 3450 πολαζούσας
2500 3385 2752 3457 παρῄνει,
2779 3384 3090 3458 προῦτρεπέ
3113 3403 3173 3439 τε
3194 3384 3360 3454 ἀπρὶξ
3389 3385 3608 3456 ἔχεσθαι
3622 3384 3725 3455 τῆς

2139 3476 2250 3531 τῶν
2279 3477 2592 3531 ἀποστόλων
2624 3476 2998 3547 παραδόσεως,
3033 3477 3099 3548 ἦν
3131 3477 3271 3548 ὑπὲρ
3299 3476 3598 3546 ἀσφαλείας
3630 3477 3725 3530 καὶ

2143 3570 2435 3641 ἐγγράφως
2450 3569 2549 3640 ἤδη
2571 3569 2997 3641 μαρτυρόμενος,
3019 3567 3279 3623 διατυποῦ
3288 3567 3407 3622 σθαι
3426 3569 3724 3637 ἀναγκαῖον

2142 3664 2345 3733 ἡγεῖτο.
2384 3660 2541 3714 Οὕτω
2571 3661 2707 3733 δῆτα
2735 3663 2791 3714 ἐν
2818 3660 3037 3732 Σμύρνῃ
3071 3661 3380 3731 γενόμενος,
3413 3660 3542 3713 ἔνθα
3567 3663 3595 3713 ὁ
3616 3662 3725 3713 Πο-

2140 3754 2420 3824 λύκαρπος
2450 3748 2539 3823 ἦν,
2567 3751 2695 3823 μίαν
2720 3753 2818 3823 μὲν
2847 3750 3135 3823 ἐπιστολὴν
3156 3754 3225 3822 τῇ
3255 3750 3394 3805 κατά
3427 3750 3526 3821 τήν
3562 3751 3727 3819 Ἔφεο

2144 3859 2234 3895 σον
2271 3842 2568 3911 Ἐκκλησία
2592 3842 2810 3910 γράφει,
2857 3840 3113 3911 ποιμένος
3154 3842 3323 3911 αὐτῆς
3375 3839 3725 3910 μνημονεύων

2155 3934 2465 4004 Ὀνησίμου,
2486 3933 2677 4003 ἑτέραν
2696 3933 2752 3986 δὲ
2783 3936 2847 4004 τῇ
2873 3934 2930 3985 ἐν
2957 3932 3250 4003 Μαγνησίᾳ
3270 3935 3337 4003 τῇ
3362 3931 3498 4001 πρὸς
3522 3930 3728 3983 Μαιάν-

2141 4025 2273 4097 δρῳ,
2296 4025 2422 4078 ἔνθα
2442 4024 2603 4078 πάλιν
2637 4024 2938 4077 ἐπισκόπου
2968 4024 3127 4094 Δάμα
3162 4024 3380 4094 μνήμην
3408 4022 3723 4091 πεποίηται’

2145 4117 2238 4170 καί
2273 4118 2341 4186 τῇ
2374 4118 2432 4169 ἐν
2467 4114 2731 4186 Τράλλεσι
2770 4114 2827 4168 δὲ
2865 4114 3052 4183 ἀλλην,
3087 4110 3156 4185 ἧς
3185 4114 3417 4184 ἄρχοντα
3441 4113 3563 4165 τότε
3597 4112 3728 4165 ὄντα

2146 4207 2405 4261 Πολύϐιον
2461 4208 2680 4278 ἱστορεῖ.
2743 4205 2886 4278 Πρὸς
2919 4205 3145 4269 ταύταις
3196 4207 3290 4259 καὶ
3327 4207 3393 4276 τῇ
3442 4202 3727 4275 Ῥωμαίων

2157 4298 2455 4371 Ἑκκλησίηι⁷
2491 4298 2713 4370 γράφει,
2823 4298 2918 4351 καὶ
2958 4296 3299 4368 παράκλησιν
3330 4295 3617 4368 προτείνει,
3650 4296 3726 4360 ὡς

2148 4391 2223 4462 μὴ
2264 4390 2734 4461 παραιτησάμενοι
2774 4389 2867 4442 τοῦ
2901 4389 3222 4460 μαρτυρίου,
3259 4388 3358 4459 τῆς
3389 4388 3727 4458 ποθουμένης

2146 4482 2309 4536 αὑτὸν
2332 4482 2764 4553 ἀποστερήσαιεν
2792 4480 3025 4544 ἐλπίδος.
3075 4480 3164 4545 Ἐξ
3188 4474 3261 4533 ὧν
3287 4481 3380 4533 καὶ
3413 4479 3727 4551 βραχύτατα

471 4583 618 4629 tatur
646 4574 923 4631 Romanos
953 4616 970 4644 ,
998 4589 1067 4630 ne
1096 4573 1417 4645 martyrium
1455 4589 1484 4626 a
1513 4588 1573 4627 se
1618 4571 1954 4641 depellentes
1981 4585 2042 4625 ac

2148 4572 2226 4632 εἰς
2262 4567 2521 4633 ἐπίδειξιν
2558 4568 2669 4621 τῶν
2689 4569 2992 4640 εἰρημένων
3014 4568 3353 4637 παραθέσθαι
3386 4568 3555 4634 ἀξιον.
3588 4569 3728 4640 Γρά-

471 4668 830 4736 deprecantes
855 4708 873 4732 ,
906 4682 1003 4736 spe
1049 4681 1114 4721 ac
1162 4675 1289 4721 voto
1320 4679 1380 4719 se
1416 4663 1675 4718 fraudare
1704 4663 1894 4717 velint.
1938 4660 2043 4717 Sed

468 4773 649 4829 operae
666 4758 898 4829 pretium
933 4759 1179 4815 fueritad
1205 4758 1677 4820 conﬁrmationem
1707 4770 1894 4811 eorum
1925 4770 2045 4826 qua:

469 4901 591 4956 loco
635 4899 869 4971 ﬁrmus
912 4901 1179 4971 interpres
1226 4897 1572 4971 Tertulliani.
1627 4895 1845 4951 Oblatas
1888 4896 2035 4971 enim

470 4971 604 5026 dicit
642 4968 1015 5025 Tertullianus
1041 4965 1134 5025 seu
1162 4971 1342 5038 potius
1382 4968 1672 5038 Trajanus,
1704 4980 1803 5038 eos,
1826 4968 1917 5038 qui
1950 4965 2039 5034 ju-

471 5039 681 5095 dicibus
722 5040 1069 5095 exhibentur.
1106 5036 1199 5095 Sic
1247 5041 1393 5094 enim
1430 5037 1610 5092 Latini
1662 5037 1808 5106 loqui
1840 5036 2036 5106 solent.

472 5109 679 5165 Sensus
707 5111 873 5179 igitur
902 5111 1153 5180 rescripti
1189 5111 1317 5178 imp.
1346 5108 1567 5180 Trajani
1602 5104 2043 5180 adversusChri-

469 5182 680 5234 stianos
710 5175 800 5234 b'ic
830 5190 954 5234 est:
987 5175 1248 5235 Beétores
1267 5175 1680 5247 provinciarum
1712 5191 1818 5247 non
1849 5175 2045 5247 debue

473 5264 571 5321 per
610 5249 981 5318 speculatores
1021 5259 1077 5305 et
1120 5245 1380 5321 satellites
1418 5262 1545 5303 suos
1591 5245 1864 5321 curiosius
1891 5245 2044 5299 inda-

509 5334 602 5375 are
627 5315 798 5389 genus
826 5331 881 5374 et
906 5330 1107 5375 sectam
1138 5319 1593 5389 Christianorum.
1644 5315 1711 5389 Si
1732 5317 1822 5384 qui
1842 5325 2045 5389 tamen

509 5336 602 5375 are
627 5336 798 5389 genus
826 5336 881 5374 et
906 5336 1107 5375 sectam
1138 5336 1593 5373 bnrlsuattorum.
1644 5336 1700 5370 οι
1732 5336 1822 5384 ψη
1866 5336 2045 5368 ιειιιειι

471 5336 769 5445 Ebrisnani
804 5391 871 5445 ab
905 5389 1226 5445 olﬁcialibus
1273 5389 1500 5442 fortuito
1531 5385 1856 5455 deprehensi
1901 5386 2047 5455 sint,

434 5508 447 5520 .
472 5470 529 5515 et
568 5461 621 5515 in
652 5460 921 5528 judicium
948 5460 1191 5523 adducti,
1222 5459 1306 5513 vel
1342 5459 1386 5512 si
1425 5457 1492 5528 ab
1521 5454 1933 5512 acnusatoribus
1963 5454 2052 5508 de-

473 5527 703 5586 nuntiati
735 5532 864 5595 sint,
888 5545 983 5586 eos
1013 5528 1238 5584 omnino
1268 5527 1446 5597 puniri
1477 5536 1749 5597 oportere.

543 5600 657 5671 (64)
692 5594 950 5667 Παπίας,
990 5599 1147 5667 ἀνὴρ
1185 5598 1255 5652 τὰ
1277 5594 1628 5671 ζπάντᾳςὸτι
1642 5594 1910 5671 μιξῖιστα
1951 5595 2053 5671 .20-

474 5665 779 5742 τιώτάτος,
805 5665 916 5725 καί
938 5665 1055 5739 τῆς
1097 5665 1359 5742 Γραφῆςᾲ
1393 5665 1673 5742 adripitur.
1702 5665 2055 5742 'l_‘9tum__ltoc

474 5732 710 5811 elogium
732 5732 912 5811 Papias
933 5732 1085 5797 deest
1112 5732 1164 5795 in
1195 5732 1395 5793 nostris
1422 5732 1702 5811 codicibus
1726 5736 1885 5811 Μαι..
1912 5732 2052 5787 Med.

476 5824 530 5867 et
559 5807 692 5869 Fuk.
723 5807 829 5868 Sed
857 5827 1030 5884 neque
1063 5811 1292 5868 Ruﬁnus
1324 5811 1438 5867 lucc
1464 5811 1628 5864 verba
1656 5808 1707 5863 in
1736 5807 1850 5863 suis
1874 5819 2055 5861 exem-

2150 4678 2240 4728 φει
2260 4661 2322 4731 δὴ
2348 4658 2441 4714 οὖν
2462 4660 2606 4715 κατὰ
2633 4660 2777 4726 λέξιν
2796 4677 2809 4691 ·
2856 4680 2873 4711 ι
2917 4660 3049 4713 Ἀπὸ
3080 4659 3281 4731 Συρίας
3310 4660 3469 4732 μέχρι
3511 4659 3726 4731 Ῥώμης

2151 4753 2469 4825 θηριομαχῶ
2510 4752 2597 4805 διά
2632 4752 2736 4824 γῆς
2772 4752 2867 4805 καὶ
2899 4751 3196 4822 θαλάσσης,
3244 4751 3435 4815 νυκτὸς
3468 4753 3562 4806 καὶ
3591 4750 3730 4822 ὴμέ-

2143 4893 2390 4965 plaribus
2424 4891 2865 4965 legerat,"utex
2902 4908 3023 4965 ejus
3071 4892 3520 4965 interpretatione
3564 4894 3723 4945 cotti-

2143 4962 2305 5036 'gitur.
2334 4962 2515 5036 Quare
2550 4978 2655 5036 non
2686 4962 2888 5036 dubito
2914 4964 3042 5036 quin
3085 4964 3201 5017 haec
3242 4963 3405 5015 verba
3451 4965 3727 5036 ab_impef

2147 5031 2254 5089 ἧιο
2281 5032 2514 5103 quodam
2545 5032 2845 5087 scholiaste
2874 5034 3083 5102 adjecta
3114 5036 3242 5097 sint,
3279 5031 3721 5103 praeterEusebii

2150 5100 2386 5158 mentem
2448 5112 2610 5170 atque
2666 5100 3013 5157 sententiain.
3060 5104 3342 5169 Quomodo
3404 5101 3549 5156 enim
3607 5100 3724 5157 ﬁeri

2149 5181 2328 5244 potest
2362 5181 2421 5225 ut
2453 5170 2724 5244 Eusebius
2758 5172 2975 5240 Papiam
3015 5172 3102 5227 hic
3146 5171 3383 5244 appellet
3418 5172 3603 5244 virum‘
3631 5172 3727 5225 do-

2150 5239 2470 5304 ctissimum,
2494 5251 2546 5296 et
2578 5239 2981 5311 Scripturarum
3007 5239 3418 5311 peritissimum,
3443 5254 3564 5311 cu_m
3592 5240 3728 5308 ipse-

2151 5321 2261 5367 met
2307 5311 2360 5364 in
2415 5312 2523 5365 line
2574 5308 2731 5378 hujus
2769 5311 2893 5366 libri
2939 5308 3139 5366 diserte
3171 5309 3439 5371 amrmet,
3497 5308 3721 5376 Papiam

2150 5382 2320 5463 fuisse
2350 5380 2605 5501 mediocri
2641 5382 2857 5453 ingenio
2888 5382 3198 5451 praeditum,
3236 5380 3503 5449 planeque
3531 5380 3723 5433 rudem

2151 5468 2216 5501 ac
2244 5467 2382 5501 SImD
2408 5464 2564 5501 lCEln.
2585 5496 2594 5501 -

2151 5468 2216 5507 ac
2244 5464 2564 5507 supplicem.
2585 5496 2594 5505 .

2244 5467 2594 5519 supplicem.

2223 5521 2335 5591 (65)
2375 5518 2485 5573 Καὶ
2532 5519 2609 5588 δὴ
2648 5519 2763 5590 τὴν
2807 5520 2880 5574 δι’
2934 5520 3151 5591 Ἄσίας.
3192 5518 3509 5591 lta_leg_itnr
3539 5519 3592 5571 in
3623 5532 3727 5591 cog

2155 5586 2277 5649 dice
2306 5586 2688 5667 Regio__quem_
2710 5586 2928 5667 secutus
2961 5601 3044 5667 est
3072 5590 3208 5644 Rob.
3262 5586 3601 5667 Stephanus._
3621 5586 3727 5667 Sed

2158 5656 2415 5732 quatuor'
2439 5656 2541 5732 alii'
2570 5662 2805 5732 codices,
2843 5659 3166 5732 Mazariuus
3201 5656 3433 5732 scilicet»
3455 5673 3520 5713 ac
3554 5656 3726 5732 Μιξόί-

2161 5718 2324 5791 casus.
2350 5747 2472 5786 cum
2498 5730 2632 5785 Fuk.
2655 5740 2710 5784 et
2743 5718 3039 5794 saviliano,
3064 5729 3324 5796 scriptum
3350 5730 3552 5784 habent
3574 5718 3729 5789 οὗτος

2158 5804 2225 5873 δὴ
2254 5800 2345 5858 οὖν
2374 5802 2469 5873 τὴν
2492 5801 2555 5854 δι’
2596 5801 2776 5867 Ἀτίας
2804 5800 3158 5869 ἀνακομιδήν,
3186 5810 3292 5854 etc.
