4192 6408
423 307 531 363 289

1410 302 1768 360 IIISTURIE
1805 304 2376 361 ECCLESIASTICE
2414 304 2544 360 LIB.
2587 305 2678 360 lll.

3581 317 3693 377 290

420 438 545 494 ρας,
571 419 910 491 ἐνδεδεμένος
941 419 1074 473 δέκα
1102 418 1440 488 λεοπάρδοις,
1479 421 1508 472 ὃ
1533 421 1652 472 ἐστι
1696 438 1989 492 στρατιωτι·

2071 449 2083 484 ι
2116 422 2649 488 diximus,-nonnulla
2668 437 2737 478 ex
2767 423 2835 479 iis
2865 423 3065 480 litteris
3094 425 3184 481 hic
3209 430 3507 488 ascribere.
3542 432 3694 491 Scri-

418 514 515 568 at'bv
540 515 746 584 τάγμα,
805 515 855 566 οἳ
898 514 995 565 καὶ
1040 512 1506 585 εὐεργετούμενοι,
1545 515 1762 584 χείρους
1792 513 2003 583 γίγνον-

417 623 508 660 ται
535 606 665 677 (66).
731 607 821 658 Ἐν
849 605 906 658 δὲ
933 609 1046 669 τοῖς
1082 605 1378 676 ἀδικήμασι
1401 605 1579 658 αὐτῶν
1607 606 1805 677 μᾶλλον
1834 605 2005 677 μαθη-

416 702 668 773 τεύομαι,
702 702 815 755 ἀλλ’
849 703 909 755 οὐ
944 701 1096 770 παρὰ
1134 700 1291 754 τοῦτο
1320 700 1695 771 δεδικαίωμαι.
1744 701 2003 772 Ὀναίμην

416 798 526 851 τῶν
553 798 757 868 θηρίων
788 797 898 850 τῶν
925 798 1050 867 ἐμοὶ
1076 796 1308 867 ἑτοίμων
1325 814 1339 827 ·
1365 797 1402 851 ἃ
1425 797 1521 851 καὶ
1554 796 1783 868 εὔχομαι
1812 797 2001 851 σύντο-

423 889 500 959 μά
530 906 619 960 μοι
642 888 949 960 εὑρεθῆναι,
983 888 1019 942 ἃ
1037 888 1130 941 καὶ
1150 887 1463 942 κολακεύσω
1494 889 1776 960 συντόμως
1803 906 1867 960 με
1901 906 2002 942 κα-

417 983 703 1049 ταφαγεῖν,
725 981 820 1049 οὐχ
849 979 1036 1051 ὥσπερ
1059 979 1221 1033 τινῶν
1252 980 1623 1050 δειλαινόμενα
1646 982 1743 1051 οὐχ
1763 981 1997 1050 ἥψαντοο

420 1070 524 1124 κᾶν
577 1070 716 1123 αὐτὰ
766 1071 824 1124 δὲ
879 1071 1079 1124 ἄκοντα
1129 1070 1202 1142 μὴ
1236 1071 1385 1145 θέλῃ,
1423 1071 1534 1141 ἐγὼ
1574 1072 1996 1143 προσϐιάσομαι.

419 1161 758 1232 Συγγνώμην
807 1180 896 1233 μοι
931 1162 1104 1233 ἔχετε.
1149 1164 1213 1216 Τί
1244 1181 1333 1234 μοι
1370 1164 1658 1236 συμφέρει,
1698 1163 1807 1233 ἐγὼ
1838 1163 2001 1233 γινώ-

421 1265 552 1304 σκω.
590 1251 704 1305 Νῦν
737 1253 974 1324 ἄρχομαι
1018 1252 1266 1324 μαθητὴς
1297 1249 1457 1308 εἶναι.
1493 1254 1677 1325 Μηδέν
1727 1271 1795 1326 με
1824 1252 1999 1325 ζηλῶ-

420 1357 511 1394 σαι
536 1343 644 1414 (67)
669 1342 776 1395 τῶν
800 1343 1011 1415 ὁρατῶν
1036 1346 1131 1398 καὶ
1151 1345 1417 1415 ἀοράτων,
1444 1345 1532 1399 ἴνα
1561 1346 1733 1416 Ἰησοῦ
1758 1344 1996 1418 Χριστοῦ

415 1434 673 1506 ἐπιτύχω,
693 1435 802 1507 πῦρ
822 1437 915 1490 καὶ
929 1437 1177 1509 σταυρὸς,
1193 1436 1397 1508 θηρίων
1422 1455 1482 1490 τε
1510 1437 1815 1502 συστάσεις,
1833 1454 1997 1509 σκορ-

412 1530 605 1601 πισμο)⁵
640 1529 860 1595 ὀστέων,
897 1531 1169 1599 συγκοπαὶ
1212 1530 1409 1601 μελῶν,
1463 1530 1689 1602 άλεσμοὶ
1722 1530 1830 1602 (68)
1874 1531 1994 1584 ὅλου

408 1621 504 1676 τοῦ
540 1621 807 1693 σώματος,
827 1623 1077 1687 κολάσεις
1104 1622 1199 1676 τοῦ
1220 1623 1465 1677 διαϐόλου
1494 1624 1573 1687 εἰς
1594 1624 1694 1695 ἐμὲ
1715 1623 1994 1695 ἐρχέσθω-

412 1729 532 1777 σαν,
559 1711 716 1783 μόνον
752 1712 839 1767 ἵνα
873 1712 1047 1783 Ἰησοῦ
1075 1711 1312 1783 Χριστοῦ
1340 1710 1597 1783 ἐπιτύχω.
1635 1731 1653 1764 ι
1687 1714 1797 1766 Καὶ
1822 1712 1995 1767 ταῦτα

2108 514 2184 568 bit
2209 514 2374 583 igitur
2405 515 2458 568 in
2491 516 2635 570 hunc
2654 516 2914 571 modum:
2945 534 2965 569 t
3000 518 3044 572 Α
3076 517 3233 590 Syria
3265 520 3493 579 Romam
3520 540 3686 596 usque

2104 622 2226 661 eum
2255 606 2448 660 bestiis
2481 611 2727 677 depugno
2752 648 2768 675 ,
2804 618 2950 663 terra
2992 610 3242 680 marique
3263 654 3277 677 ,
3316 626 3481 671 noctu
3516 627 3573 674 et
3598 618 3685 674 in-

2107 698 2286 751 terdiu
2316 736 2331 762 ,
2363 696 2650 765 colligatus
2680 699 2869 753 decem
2904 699 3172 770 leopardis
3200 743 3214 768 ,
3243 705 3348 760 hoc
3374 718 3478 775 est,
3510 711 3683 767 mani-

2105 789 2230 859 pulo
2265 788 2494 842 militum
2529 804 2542 844 :
2576 793 2668 858 qui
2693 790 2971 846 beneficiis
3004 808 3032 844 a
3065 808 3151 848 me
3187 793 3388 863 all‘ecti,
3425 800 3684 857 saeviores

2105 881 2259 934 ﬁunt.
2290 880 2492 935 Verum
2528 896 2630 951 ego
2660 882 2874 950 injuriis
2905 887 3123 953 quidem
3155 890 3370 945 illorum
3410 894 3634 948 crudior
3662 911 3679 948 τ

2102 988 2210 1026 non
2254 973 2458 1028 idcirco
2494 982 2674 1029 tamen
2718 974 3049 1045 justillcatus
3079 994 3220 1035 sum.
3270 982 3490 1038 Utinam
3525 983 3671 1039 l‘ruat

2101 1065 2290 1119 bestiis
2325 1064 2432 1120 illis
2467 1081 2589 1135 quae
2632 1066 2765 1120 mihi
2811 1079 3015 1137 parata:
3039 1075 3205 1126 sunt!
3248 1073 3395 1140 Quas
3424 1077 3673 1145 equidem

2100 1166 2229 1225 apto
2276 1164 2333 1209 ut
2381 1156 2783 1225 quamprimum
2829 1158 3126 1215 inveniam.
3170 1162 3500 1233 Palpaturus
3554 1183 3673 1221 sum

2099 1262 2214 1311 eas,
2245 1257 2304 1302 ut
2333 1263 2419 1302 me
2448 1248 2707 1303 celeriter
2740 1250 3022 1316 devorent,
3062 1266 3161 1306 nec
3193 1264 3339 1309 metu
3367 1256 3673 1314 absterrita:

2099 1340 2231 1393 mihi
2278 1349 2543 1408 parcant,
2594 1342 3049 1410 quemadmodum
3098 1345 3375 1414 aliquibus
3410 1364 3674 1419 peperce-

2100 1442 2245 1486 runt.
2273 1433 2426 1500 Quod
2454 1435 2497 1487 si
2529 1433 2672 1488 forte
2703 1434 3056 1498 recnsabunt,
3089 1452 3188 1507 ego
3218 1454 3312 1493 eas
3345 1440 3397 1494 vi
3430 1441 3672 1512 adigam.

2098 1521 2324 1577 Veniam
2373 1523 2507 1579 mihi
2552 1525 2702 1578 date.
2733 1522 2868 1579 Novi
2912 1525 3172 1595 quidnam
3215 1529 3345 1583 mihi
3382 1532 3672 1588 conducat.

2096 1611 2249 1667 Nunc
2277 1613 2492 1667 tandem
2521 1613 2724 1678 incipio
2753 1628 2877 1669 esse
2905 1614 3205 1685 discipulus
3249 1616 3476 1673 Christi.
3513 1618 3669 1676 Nulla

2098 1719 2186 1760 res
2218 1713 2326 1759 tam
2359 1719 2546 1761 earum
2592 1719 2716 1776 qua:
2750 1705 3143 1774 adspeetahiles
3176 1717 3343 1775 sunt,
3381 1726 3544 1781 quam
3577 1727 3673 1768 ea-

413 1804 509 1873 μὲν
542 1802 651 1856 ἀπὺ
687 1803 785 1874 τῆς
817 1802 1155 1874 δηλωθείσης
1179 1802 1386 1867 πόλεως
1406 1806 1526 1866 ταῖς
1545 1801 1989 1872 καταλεχθείσαις

2097 1812 2213 1850 rum
2239 1811 2361 1866 quae
2406 1799 2509 1852 sub
2538 1797 2731 1853 oculos
2778 1812 2885 1852 non
2916 1798 3117 1854 cadunt
3142 1841 3157 1866 ,
3191 1801 3434 1857 animum
3487 1817 3668 1859 meum

408 1894 756 1967 Ἐκκλησίαις
778 1894 1165 1948 διετυπώσατο.
1196 1894 1334 1966 Ἤδη
1361 1895 1406 1948 δ’
1427 1894 1681 1947 ἐπέκεινα
1699 1894 1797 1965 τῆς
1820 1893 1993 1964 Σμύρ-

407 2003 505 2057 νης
536 1986 846 2057 γενόμενος,
882 1986 993 2041 ἀπὸ
1026 1985 1279 2059 Τρωάδος
1312 1988 1426 2049 τοῖς
1456 2002 1516 2037 τε
1552 1986 1608 2037 ἐν
1638 1983 1991 2055 Φιλαδελφείᾳ.

407 2075 562 2143 αὖθις
593 2079 680 2133 διὰ
718 2079 933 2150 γραφῆς
954 2077 1149 2150 ὁμιλεῖ,
1180 2079 1276 2130 καὶ
1308 2079 1374 2147 τῇ
1411 2076 1729 2147 Σμυρναίων
1763 2075 1989 2147 Ἐκκλη-

408 2171 517 2242 σία,
545 2171 690 2235 ίδίως
705 2189 764 2224 τε
787 2169 865 2241 τῷ
884 2169 1087 2241 ταύτης
1117 2167 1512 2238 προηγουμένη)
1540 2167 1903 2237 Πολυκάρπῳ·
1929 2166 1987 2220 ὃν

405 2254 492 2313 οἷα
513 2260 575 2331 δὴ
604 2260 961 2314 ἁποστολικὸν
981 2258 1151 2329 ἄνδρα
1171 2253 1229 2310 εὖ
1264 2258 1407 2328 μάλα
1426 2257 1724 2328 γνωρίζων,
1747 2257 1844 2328 τὴν
1866 2258 1986 2310 κατ’

419 2352 748 2424 Ἀντιόχειαν
772 2351 921 2422 αὐτῷ
945 2350 1200 2422 ποίμνην,
1230 2348 1375 2403 ὡσὰν
1402 2350 1625 2420 γνήσιος
1668 2349 1762 2402 καὶ
1785 2336 1986 2418 ἀγαθὸς

407 2443 610 2513 ποιμὴν
670 2442 1049 2513 παρατίθεται,
1095 2439 1193 2511 τὴν
1239 2441 1366 2512 περ).
1398 2441 1566 2510 αὐτῆς
1608 2442 1860 2512 φροντίδα
1896 2442 1984 2497 διὰ

411 2533 644 2603 σπουδῆς
663 2532 805 2603 ἔχειν
825 2533 985 2585 αὑτὸν
1002 2530 1185 2597 ἀξιῶν.
1216 2531 1272 2583 Ὀ
1288 2530 1329 2583 δ’
1346 2531 1506 2593 αὐτὸς
1520 2531 1842 2604 Σμυρναίοις
1859 2534 1987 2604 γρά-

409 2639 542 2690 φων,
571 2623 669 2675 οὐκ
685 2619 781 2676 οἶδ’
806 2622 999 2676 ὁπόθεν
1022 2624 1200 2694 ῥητοῖς
1224 2620 1330 2693 (69)
1354 2621 1740 2694 συγκέχρηται,
1761 2623 1983 2678 τοιαῦτά

408 2731 526 2767 τινα
568 2714 696 2786 περὶ
728 2714 822 2768 τοῦ
848 2714 1083 2785 Χριστοῦ
1116 2713 1324 2779 διεξιών
1346 2732 1358 2744 ·
1401 2733 1419 2765 ι
1462 2713 1602 2783 Ἐγὼ
1633 2715 1690 2769 δὲ
1719 2716 1811 2769 καὶ
1844 2716 1981 2787 μετὰ

403 2804 502 2875 τὴν
536 2802 826 2856 ἀνάστασιν
853 2801 964 2875 (70)
995 2803 1052 2855 ἐν
1095 2802 1258 2874 σαρκὶ
1286 2797 1602 2883 αὐτὸνοῖδα,
1630 2803 1725 2857 καὶ
1744 2806 1981 2858 πιστεύω

472 3020 584 3089 (66)
621 3020 864 3087 Χείρους
896 3021 1221 3091 γίγνονται.
1251 3018 1308 3091 ln
1337 3018 1527 3091 codice
1561 3017 1727 3091 Μαι,
1754 3017 1897 3091 Med.
1923 3028 1978 3075 et

398 3088 693 3162 Fuketiano
723 3088 918 3162 legitur
944 3088 1188 3162 χείρονες
1206 3088 1674 3162 γίνονταιηιδειιιιο
1705 3097 1825 3157 post
1855 3090 1971 3162 lego

399 3107 693 3145 rtttteuano
723 3107 770 3145 te
810 3107 918 3145 tltll'
944 3107 1188 3162 χειρονες
1212 3107 1473 3158 γινονται.
1500 3107 1674 3141 raqu
1705 3107 1825 3157 ροει
1855 3107 1971 3159 lego

397 3177 518 3233 cum
552 3160 733 3233 Isaaco
772 3107 960 3217 gossio
990 3160 1027 3214 ἃ.
1049 3161 1143 3233 καὶ
1169 3158 1666 3233 εὖχομαιᾼσύντονά
1703 3160 1972 3233 μοιλεύρε-

396 3230 577 3302 θῆναι.
605 3230 776 3298 Quam
818 3228 1268 3302 emendationem
1299 3228 1587 3284 conﬁrmat
1635 3228 1813 3302 llutlni
1851 3228 1970 3285 ver-

395 3299 497 3355 δὴ).
541 3301 634 3356 Sic
664 3302 810 3353 enim
844 3303 1005 3353 vertit
1037 3318 1052 3353 :
1082 3299 1227 3364 Quas
1253 3311 1301 3352 et
1332 3315 1425 3368 ego
1456 3308 1589 3368 opto
1609 3300 1838 3368 acriores
1869 3317 1966 3365 pa-

394 3372 530 3425 rari.
570 3368 807 3424 Σύντονα
857 3370 1021 3436 igitur
1069 3369 1201 3434 legit
1247 3366 1649 3439 Ruli’nustnon
1700 3366 1962 3439 σύντομα.

393 3439 541 3494 Idem
569 3453 726 3493 error
752 3454 781 3491 a
816 3439 974 3493 nobis
1007 3438 1409 3507 castigatusest
1442 3436 1581 3489 infra
1626 3438 1676 3489 in
1715 3436 1961 3507 libro—vt,

396 3508 488 3563 ubi
520 3511 586 3563 de
621 3509 879 3577 martyrio
906 3504 1222 3577 Apollonia.
1252 3504 1365 3561 lllic
1395 3507 1539 3560 enim
1571 3506 1848 3577 συντόμως
1871 3525 1965 3563 ex-

394 3592 581 3632 cusnm
606 3587 722 3632 erat
757 3575 852 3644 pro
883 3575 1170 3644 συντόνως.

465 3647 579 3718 (67)
616 3642 821 3718 Μηδέν
837 3662 915 3716 με
941 3643 1227 3718 ζηλῶσαι.
1268 3642 1411 3718 Ante
1437 3644 1537 3698 bas
1569 3657 1728 3718 voces
1755 3645 1816 3718 in
1844 3661 1964 3718 om-

350 3780 357 3791 η
393 3714 568 3791 nibus
602 3715 802 3771 nostris
831 3714 1110 3791 codicibus
1124 3714 1395 3791 ‘apposita
1428 3721 1511 3767 est
1544 3714 1733 3791 media.
1766 3716 1961 3791 distin-

391 3789 524 3850 ctio,
552 3803 659 3842 non
687 3795 863 3839 autem
893 3784 1096 3839 linalis.
1124 3783 1350 3838 Rulinus
1393 3792 1571 3835 tamen
1603 3794 1657 3836 et
1685 3782 1960 3841 Mnsculns

390 3872 459 3912 ac
502 3857 1030 3925 Christophorsonus
1076 3854 1351 3925 anteiit-aee
1398 3854 1831 3925 verba_tiualem
1870 3856 1951 3909 di-

388 3920 738 3982 stinetioneni
782 3927 1034 3993 videntur
1081 3924 1348 3991 posuisse.
1401 3920 1802 3993 NamARulinus
1830 3928 1955 3993 qni-

387 3998 509 4051 dem
540 3999 611 4051 ita
642 3996 839 4050 vertit:
871 3992 1029 4047 Nunc
1055 3994 1250 4060 incipio
1276 4008 1386 4045 esse
1422 3991 1712 4059 discipulus
1739 3991 1952 4049 Christi.

386 4064 642 4121 Facessat
686 4066 889 4119 invidia
917 4064 994 4118 vel
1038 4064 1255 4115 humani
1297 4062 1538 4130 affectus,
1582 4062 1658 4133 vel
1707 4064 1955 4133 nequitia:

384 4138 665 4207 spiritalis,
698 4146 754 4189 ut
793 4134 985 4207 Jesum
1007 4133 1513 4207 Christummerear
1546 4131 1791 4207 adipisci.
1839 4133 1955 4207 blu-

386 4201 569 4262 scnlus
596 4201 726 4261 vero
753 4209 826 4259 ita
850 4204 1016 4258 vertit
1041 4220 1055 4255 :
1084 4201 1242 4255 Nunc
1271 4202 1462 4266 incipio
1489 4216 1598 4270 esse
1636 4201 1949 4270 discipulus.

389 4275 539 4329 Nihil
576 4276 856 4330 visibilium
888 4289 1085 4335 moror,
1116 4271 1246 4325 nihil
1275 4269 1638 4331 invisibilium,
1673 4279 1732 4324 ut
1765 4272 1950 4326 Iesum

386 4343 651 4399 Christum
701 4346 994 4415 acquiram.
1025 4345 1124 4415 _At_
1164 4342 1638 4415 Citrjstophorsoni
1679 4341 1949 4415 interpre-

386 4416 520 4469 tatio
553 4417 669 4469 haec
707 4409 790 4469 est
813 4431 828 4468 :
854 4414 978 4469 lam
1017 4412 1213 4478 incipio
1252 4409 1451 4463 Christi
1488 4410 1777 4478 discipulus
1810 4409 1940 4470 esse.

2094 1887 2295 1956 capiat,
2332 1885 2542 1942 utJesu
2583 1888 2804 1943 Christo
2842 1889 3048 1957 possim
3087 1890 3275 1960 potiri.
3307 1891 3472 1963 Ignis,
3509 1908 3667 1959 crux,

2095 1979 2394 2034 bestiarum
2444 1981 2678 2051 impetus
2704 2020 2720 2045 ,
2750 1981 2956 2037 ossium
2988 1983 3270 2038 distractio
3297 2025 3315 2049 ,
3363 1987 3666 2045 confractio

2093 2070 2458 2125 membrorum
2488 2108 2506 2135 ,
2555 2086 2619 2126 ac
2653 2072 2821 2127 totius
2861 2072 3107 2142 corporis
3137 2076 3386 2132 conlusio
3411 2117 3428 2142 ,
3464 2078 3665 2137 diaboli

2091 2161 2324 2229 denique
2355 2161 2616 2231 supplicia
2638 2162 2690 2216 in
2722 2177 2806 2217 me
2833 2178 2997 2217 unum
3035 2163 3340 2231 incursent,
3370 2167 3665 2225 dummodo

2088 2253 2303 2307 Christo
2350 2253 2459 2307 frui
2503 2252 2634 2307 mihi
2665 2253 2849 2308 liceat.
2896 2272 2916 2306 ι
2956 2254 3023 2309 Ει
3054 2256 3167 2310 htec
3210 2256 3433 2326 quidem
3478 2259 3567 2315 ille
3594 2276 3664 2316 ex

2087 2341 2214 2396 Asia
2249 2341 2315 2396 ad
2361 2341 2634 2398 Ecclesias
2675 2344 2928 2414 superius
2961 2356 3290 2403 memoratas
3321 2350 3659 2421 perscripsit.

2084 2432 2279 2489 Postea
2327 2448 2460 2490 vero
2505 2448 2536 2489 a
2574 2433 2806 2505 Smyrna
2856 2435 3092 2491 ulterius
3137 2452 3457 2509 progressus
3488 2481 3504 2505 ,
3535 2458 3659 2500 cum

2085 2525 2351 2581 Troadem
2382 2526 2644 2592 venisset,
2685 2527 2812 2584 inde
2840 2528 2907 2582 ad
2945 2528 3424 2599 Philadelphenses
3452 2532 3661 2592 litteras

2084 2616 2270 2680 dedit,
2298 2624 2352 2670 et
2389 2618 2455 2670 ad
2488 2617 2895 2686 Smyrnaeorum
2924 2616 3224 2673 Ecelesiam
3252 2621 3660 2695 ,Aprivatimque

2082 2708 2149 2762 ad
2177 2706 2534 2778 Polycarpum
2562 2723 2753 2764 eorum
2789 2708 3126 2779 episcopum.
3159 2709 3328 2778 Quem
3373 2729 3498 2768 cum
3529 2730 3659 2785 apo-

2080 2797 2332 2854 stolicum
2352 2799 2526 2853 virum
2545 2813 2665 2854 esse
2693 2798 2850 2870 plane
2872 2810 3247 2871 cognosceret,
3272 2802 3373 2873 ipsi
3402 2814 3657 2876 tanquam

2077 3028 2162 3075 est
2206 3035 2269 3075 ac
2316 3021 2360 3074 si
2410 3019 2636 3076 dixisset
2683 3020 2968 3089 lgnatius:
3006 3020 3182 3076 Nemo
3233 3022 3365 3077 mihi
3414 3023 3654 3081 invideat

2080 3089 2482 3164 hancqgloriam
2517 3090 2771 3164 discipuli
2802 3090 3055 3164 _Christi,
3100 3104 3259 3164 nemo
3307 3107 3393 3164 me
3424 3095 3492 3148 ab
3536 3094 3653 3164 ejus

2073 3160 2357 3229 complexu
2389 3159 2626 3214 divellat.
2657 3160 2859 3214 Alludit
2889 3163 3035 3215 enim
3072 3160 3457 3229 sanctissimus
3506 3159 3651 3218 mar-

2072 3240 2180 3298 tyr.
2204 3228 2275 3282 ut
2304 3237 2359 3283 et
2388 3229 2514 3281 alibi
2548 3229 2703 3290 solet,
2734 3231 2800 3283 ad
2838 3232 3005 3283 verba
3047 3228 3137 3298 illa
3171 3231 3402 3297 aposmli
3445 3231 3593 3287 Pauli
3625 3249 3642 3287 :

2070 3297 2203 3365 Quis
2243 3315 2324 3370 me
2355 3299 2639 3370 separabit.
2664 3300 2988 3370 acharitale
3027 3297 3273 3370 Christi?
3308 3299 3364 3353 Si
3400 3304 3523 3370 quis
3566 3311 3648 3356 ta-

2070 3385 2193 3441 men
2237 3368 2716 3441 Christopborsoni
2766 3382 2831 3421 ac
2861 3366 3087 3441 Museuli
3135 3366 3440 3441 versionem
3490 3373 3645 3441 sequi

2066 3440 2237 3501 malit,
2262 3438 2407 3507 quod
2447 3437 2664 3507 quidem
2697 3445 2882 3507 et_nos
2913 3437 3161 3507 fecimus,
3212 3437 3642 3495 subaudiendum

2065 3518 2148 3561 est
2172 3503 2394 3561 verbum
2431 3503 2740 3575 συμϐαίνοι.
2769 3505 2959 3575 Posset
2979 3505 3141 3559 etiam
3169 3519 3274 3559 non
3306 3509 3645 3575 incommode

2064 3576 2214 3649 ιοεξιβ
2243 3576 2331 3629 hic
2359 3577 2439 3649 ita.
2466 3573 2714 3649 [ἀειίιιιὶε
2739 3573 2854 3649 Νῦν
2896 3575 3135 3649 saxosa?
3177 3575 3427 3649 μαθητὴς
3462 3574 3643 3648 εῖναι,

2066 3644 2228 3716 μηδέν
2267 3662 2328 3717 τε
2354 3644 2595 3717 ζηλῶσαι
2620 3644 2729 3717 τῷν
2758 3640 3088 3717 ὁρατῶνκαὶ
3107 3640 3535 3716 eammeam
3562 3640 3642 3707 tel

2064 3715 2172 3768 etio
2202 3716 2330 3768 mihi
2360 3715 2576 3784 quidem
2607 3715 2763 3769 valde
2802 3716 3000 3784 placet.

2130 3783 2244 3855 (68)
2294 3783 2585 3853 Ἀλεσμοι.
2628 3783 2886 3854 Ἀλησμοί
2927 3800 2991 3841 ex
3033 3786 3220 3841 codice
3270 3787 3441 3855 Regio
3471 3788 3639 3844 edidit

2062 3851 2389 3926 Stephanus.
2420 3851 2525 3908 Sed
2554 3856 2605 3926 in
2634 3851 2808 3926 tribus
2831 3855 3055 3924 reliquis
3083 3851 3460 3926 scriptum—est
3512 3858 3638 3913 ἀλε-

2062 3925 2209 3992 σμοί,
2232 3926 2378 3995 quod
2407 3925 2780 3995 estnsitatius.

2128 3990 2409 4065 (lim—01:29:
2440 3990 2564 4065 _078’
2593 3995 2814 4065 όπόόεν
2859 3991 3087 4062 ῥητοῖς.
3140 3993 3266 4051 Haec
3308 3997 3373 4057 de
3417 3997 3636 4055 Cbrism

2058 4062 2300 4137 narratio
2328 4062 2634 4137 _l}._lgnatii
2675 4064 3069 4137 desumpta_est
3090 4079 3162 4137 ex
3212 4068 3502 4137 Evangelio
3546 4085 3635 4124 se-

2056 4134 2292 4186 cundum
2328 4132 2600 4196 Hebrieos,
2647 4132 2813 4202 quod,
2838 4132 2906 4188 ab
2942 4133 3176 4189 Eusebio
3222 4132 3481 4190 omissum
3537 4147 3631 4194 aut

2054 4204 2379 4274 ignoratum,
2407 4203 2590 4257 docuit
2622 4219 2721 4274 nos
2751 4201 3108 4274 Hieronymus
3134 4206 3183 4257 in
3224 4205 3364 4259 libro
3394 4204 3471 4259 De
3498 4208 3631 4260 scri-

2051 4272 2289 4343 ptoribus
2334 4273 2739 4343 _ecclesiasticis,
2773 4273 2859 4326 ubi
2910 4272 2977 4325 de
3009 4273 3216 4343 lgnatio
3260 4274 3499 4343 loquitur
3543 4277 3631 4331 his

2054 4342 2278 4397 verbis:
2325 4340 2471 4413 Inde,
2508 4344 2778 4412 egrediens
2836 4340 3058 4407 scripsit’
3094 4342 3164 4395 ad
3226 4340 3530 4413 Sntgrnteos
3576 4356 3628 4399 et

2050 4413 2261 4480 proprie
2319 4413 2389 4482 ad
2444 4411 2824 4482 Polycarpum,
2883 4413 3252 4482 commendans
3300 4411 3389 4482 illi
3434 4414 3624 4466 Antio-

385 4480 639 4537 Fncessat
673 4501 706 4537 a
732 4500 815 4538 me
851 4498 1027 4537 rerum
1068 4472 1298 4534 omnium
1328 4482 1437 4533 sive
1470 4472 1636 4534 oculis
1680 4481 1944 4550 subjecta—
1975 4472 2019 4528 Ι)
2048 4472 2285 4536 chensem
2334 4472 2753 4535 Ecclesiamfln
2811 4472 2916 4551 qua
2952 4493 2999 4533 et
3043 4483 3109 4533 de
3160 4481 3445 4551 Evangelia
3483 4487 3624 4550 quod

385 4567 533 4618 rum,
579 4554 684 4607 sive
724 4568 907 4607 eorum
953 4552 1116 4604 aciem
1165 4551 1477 4618 fugientium
1526 4551 1831 4616 admiratio,
1885 4564 1942 4607 ut

383 4614 566 4676 Iesum
588 4622 856 4690 Christum
894 4614 1288 4689 assequar.‘Sed
1317 4629 1469 4673 vetus
1496 4620 1761 4689 interpres
1789 4614 1944 4690 lgna-

383 4692 468 4755 tii,
494 4702 550 4745 et
577 4689 812 4746 Joannes
839 4690 1055 4760 Langus
1081 4691 1313 4744 mediam
1341 4691 1600 4760 duntaxat
1634 4689 1942 4760 distinctio-

380 4776 506 4816 nem
556 4770 681 4815 ante
730 4761 847 4815 haec
894 4756 1057 4829 verba
1117 4769 1431 4829 posuerunt.
1484 4756 1655 4829 Langi
1700 4760 1937 4829 quidem

379 4831 559 4885 versio
590 4831 704 4885 hac
731 4841 817 4885 est
843 4852 856 4885 :
890 4826 1048 4882 Nunc
1072 4826 1279 4882 demum
1312 4829 1512 4881 discere
1547 4826 1784 4897 incipio:
1810 4831 1940 4883 nihil

380 4909 564 4969 optare
592 4909 687 4953 aut
723 4899 1023 4969 desiderare
1046 4900 1482 4969 rerumuomnium
1522 4907 1571 4950 et
1600 4898 1940 4969 invisibilium

376 4966 427 5022 et
464 4969 769 5035 visibilium,
803 4979 859 5022 ut
889 4969 957 5021 ad
989 4966 1175 5022 Jesum
1211 4966 1482 5022 Christum
1518 4968 1747 5022 veniam.
1780 4969 1939 5035 Qua:-

377 5054 502 5092 nam
541 5054 701 5109 porro
731 5040 933 5109 harum
965 5037 1477 5109 interpretationum
1519 5037 1725 5109 optima
1765 5040 1834 5093 sit
1871 5054 1936 5094 ac

375 5105 681 5176 verissima,
711 5107 925 5162 dillicile
958 5116 1042 5161 est
1071 5105 1357 5169 allirmare,
1388 5108 1687 5175 praesertim
1718 5121 1842 5176 cum
1870 5110 1938 5163 de

374 5192 501 5234 vera
540 5175 702 5249 hujus
748 5178 847 5233 loci
893 5177 1123 5231 lectione
1164 5193 1268 5249 non
1293 5179 1446 5249 _s_atis
1474 5186 1700 5249 constet.
1735 5175 1936 5233 Omnes

375 5251 592 5317 quidem
614 5246 938 5316 interpretes
975 5249 1196 5318 verbum
1226 5246 1465 5318 ζηλῶσαι
1485 5248 1557 5300 ita
1586 5258 1933 5318 acceperunt,

374 5316 533 5388 quasi
564 5321 616 5374 in
649 5318 913 5372 infinitive
948 5316 1181 5388 positum
1216 5316 1379 5388 esSet.
1406 5317 1568 5370 Certe
1594 5317 1647 5369 in
1681 5318 1935 5372 omnibus

375 5384 653 5445 codicibus
704 5389 905 5443 nostris
935 5384 1396 5449 circumﬂectitur,
1439 5397 1800 5453 praeterquam
1875 5388 1929 5441 in

373 5459 646 5514 Mazarino
671 5460 762 5528 qui
794 5467 1075 5513 accentum
1114 5456 1321 5528 omisit.
1342 5455 1417 5528 _At
1448 5455 1677 5528 Ruﬁnus
1700 5458 1929 5528 verbum

372 5528 612 5603 ζηλώσαι
635 5526 844 5603 accepit
886 5526 1446 5603 ριόηξιοῆειολριίιιιο
1488 5526 1712 5603 optatiyi
1761 5527 1928 5594 modi,

372 5595 512 5654 ut'ex
531 5600 648 5669 ejus
662 5595 914 5669 versione
932 5596 1230 5669 colligitur.
1243 5595 1416 5669 Quam
1434 5595 1930 5669 quidem_interpre-

372 5665 628 5725 tationem
675 5668 899 5733 reliquis
936 5666 1325 5735 praeferendam
1359 5665 1527 5729 duco,
1568 5665 1766 5735 quippe
1809 5681 1929 5735 quae

372 5741 548 5797 verbis
590 5739 735 5797 beati
766 5733 959 5805 lguatii
1000 5737 1177 5808 aptius
1223 5736 1529 5793 conveniat.
1571 5733 1716 5791 Idem
1764 5733 1926 5806 igitur

2045 4566 2213 4618 nuper
2257 4568 2290 4604 a
2336 4567 2419 4605 me
2473 4552 2787 4604 translatum
2839 4560 2949 4610 est,
2992 4553 3087 4604 sub
3144 4567 3366 4618 persona
3426 4552 3623 4607 Christi

2041 4630 2190 4688 ponit
2227 4622 2619 4684 testimonium,
2666 4621 2840 4673 dicens
2875 4633 2894 4673 :
2928 4618 3097 4690 thgo
3134 4636 3251 4672 tero
3294 4631 3341 4674 et
3381 4630 3495 4690 post
3540 4639 3625 4677 re-

2041 4691 2419 4760 surrectionem
2451 4691 2506 4743 in
2548 4705 2705 4760 carne
2740 4705 2859 4742 eum
2886 4689 3026 4750 vidi,
3062 4700 3108 4741 et
3149 4690 3304 4742 credo
3350 4689 3492 4760 quia
3526 4695 3618 4750 sit.

2041 4758 2115 4811 Et
2141 4762 2351 4828 quando
2377 4760 2517 4813 venit
2543 4760 2612 4811 ad
2638 4758 2879 4822 Petrum,
2900 4768 2949 4810 et
2976 4761 3045 4812 ad
3073 4774 3162 4813 eos
3190 4762 3279 4827 qui
3305 4758 3424 4814 cum
3459 4758 3619 4816 Petro

2040 4844 2210 4896 erant,
2252 4831 2384 4902 dixit
2425 4830 2544 4902 eis;
2576 4829 2709 4902 Ecce
2743 4828 3071 4902 palpate_me
3103 4842 3148 4881 et
3183 4830 3353 4902 uidete
3379 4846 3459 4884 me
3490 4835 3617 4902 quia

2042 4913 2146 4951 non
2174 4914 2290 4952 sum
2316 4898 2636 4966 damonium
2667 4897 3025 4966 incorporale,
3047 4914 3068 4949 ι
3098 4909 3204 4954 etc.
3238 4898 3382 4955 ldem
3426 4897 3620 4956 scribit

2040 4966 2093 5020 in
2127 4968 2221 5025 lib.
2247 4982 2377 5021 xvnt
2405 4965 2937 5036 tCommentariorum
2976 4968 3027 5019 in
3070 4966 3295 5023 Isaiam.
3340 4967 3473 5024 Vide
3514 4970 3617 5026 Us-

2039 5039 2324 5110 seriumjn
2372 5037 2812 5110 adnotationibus
2846 5039 2913 5110 ad
2943 5037 3200 5110 epistolas
3233 5038 3454 5110 lgnatii,
3478 5054 3603 5110 pag.

2036 5106 2127 5170 48,
2158 5116 2213 5161 et
2243 5107 2461 5162 Petrum
2492 5105 2817 5159 Halloixium
2845 5108 2897 5161 in
2926 5105 3301 5164 notationibu’s
3327 5109 3399 5164 ad
3438 5105 3610 5164 Vitam

2038 5176 2260 5244 lgnatii,
2292 5191 2410 5245 cap.
2444 5176 2497 5239 ‘l,
2525 5191 2649 5245 pag.
2675 5174 2800 5229 585.

2107 5247 2219 5315 (70)
2270 5242 2411 5314 Ἐγὼ
2432 5245 2502 5298 δὲ
2522 5242 2621 5299 καί
2648 5245 2799 5314 μετὰ
2844 5244 2960 5314 τὴν
3004 5242 3368 5302 ἀνᾶστασιν.
3415 5247 3469 5301 In
3515 5263 3611 5302 en-

2036 5316 2154 5369 dice
2184 5315 2439 5370 Medi‘czizo
2467 5320 2569 5386 hoc
2607 5316 2852 5369 scholion
2880 5319 2949 5369 ad
2984 5320 3281 5386 marginem
3316 5319 3609 5383 ascriptum

2035 5386 2213 5458 inveni
2241 5403 2259 5458 εξ
2291 5386 2431 5458 Ὦρα
2454 5385 2545 5437 τὸν
2571 5386 2740 5458 ἄνδρα
2760 5385 2949 5440 τοῦτον
2976 5386 3059 5458 ,μὴ
3096 5385 3194 5457 τὴν
3226 5387 3390 5458 ῥρθὴν
3426 5385 3606 5458 δόξαν,

2033 5455 2274 5526 καὶπερὶ
2299 5453 2483 5527 τῆήςᾷὲκ
2505 5453 2714 5525 νεκρῶν
2751 5458 2890 5525 μετὰ
2923 5453 3174 5527 σώματος
3200 5453 3605 5527 εἶναι’κρείττο-

2031 5542 2121 5588 νος
2176 5525 2271 5579 καὶ
2322 5525 2599 5596 ἀφθάρτου
2649 5525 3031 5590 ἀναστάσεως,
3078 5526 3287 5594 ἔχοντα,
3349 5526 3453 5577 κάν
3492 5526 3607 5596 τοῖς

2030 5596 2210 5659 ἄλλοις
2246 5597 2394 5648 ἐστὶν
2440 5594 2789 5664 ἀξιάγαστος.
2837 5598 2893 5651 Id
2940 5607 3066 5651 est:
3113 5597 3235 5647 Vide
3266 5603 3319 5645 ut
3366 5608 3444 5647 vtr
3485 5594 3602 5653 iste,

2030 5667 2228 5735 alioqui
2254 5663 2605 5720 admiratione
2632 5668 2846 5734 dignus,
2868 5682 2970 5719 non
2994 5678 3128 5717 recte
3146 5672 3299 5735 sentit
3333 5663 3396 5714 de
3424 5676 3596 5735 resur-

2031 5728 2257 5791 rectione
2287 5747 2632 5791 mortuorum.
2667 5728 2733 5790 l'n
2770 5728 2874 5792 oua
2909 5750 3096 5805 corpus
3122 5732 3285 5786 multo
3318 5728 3599 5802 perfectus
