  <div class='ocr_page' id='page_1' title='image "/cluster/home/n/w/nwhite01/storage/ocr_20150623/20:no.2/coo.31924054873009/156.png"; bbox 0 0 4192 6408; ppageno 0'>
   <div class='ocr_carea' id='block_1_1' title="bbox 263 3254 950 3326">
    <p class='ocr_par' dir='ltr' id='par_1_1' title="bbox 263 3254 950 3326">
     <span class='ocr_line' id='line_1_1' title="bbox 263 3254 950 3326; baseline -0.01 -11"><span class='ocrx_word' id='word_1_1' title='bbox 263 3310 267 3315; x_wconf 90' lang='grc'>.</span> <span class='ocrx_word' id='word_1_2' title='bbox 372 3254 513 3322; x_wconf 73' lang='grc' dir='ltr'>Περὶ</span> <span class='ocrx_word' id='word_1_3' title='bbox 542 3254 652 3322; x_wconf 80' lang='grc' dir='ltr'>τῆς</span> <span class='ocrx_word' id='word_1_4' title='bbox 674 3254 950 3326; x_wconf 77' lang='grc' dir='ltr'>Κλήμεντ</span> 
     </span>
    </p>
   </div>
   <div class='ocr_carea' id='block_1_2' title="bbox 385 303 490 358">
    <p class='ocr_par' dir='ltr' id='par_1_2' title="bbox 385 303 490 358">
     <span class='ocr_line' id='line_1_2' title="bbox 385 303 490 358; baseline -0.01 0"><span class='ocrx_word' id='word_1_5' title='bbox 385 303 490 358; x_wconf 70' lang='grc'><strong>295</strong></span> 
     </span>
    </p>
   </div>
   <div class='ocr_carea' id='block_1_3' title="bbox 1375 296 2630 354">
    <p class='ocr_par' dir='ltr' id='par_1_3' title="bbox 1375 296 2630 354">
     <span class='ocr_line' id='line_1_3' title="bbox 1375 296 2630 354; baseline 0 -3"><span class='ocrx_word' id='word_1_6' title='bbox 1375 296 1722 352; x_wconf 73' lang='lat' dir='ltr'><strong>HISTURHS</strong></span> <span class='ocrx_word' id='word_1_7' title='bbox 1760 296 2324 354; x_wconf 64' lang='lat' dir='ltr'><strong>ECCLESIASTICJE</strong></span> <span class='ocrx_word' id='word_1_8' title='bbox 2366 297 2495 353; x_wconf 76' lang='lat' dir='ltr'><strong>LII}.</strong></span> <span class='ocrx_word' id='word_1_9' title='bbox 2541 296 2630 352; x_wconf 89' lang='lat' dir='ltr'><strong>III.</strong></span> 
     </span>
    </p>
   </div>
   <div class='ocr_carea' id='block_1_4' title="bbox 3555 307 3663 364">
    <p class='ocr_par' dir='ltr' id='par_1_4' title="bbox 3555 307 3663 364">
     <span class='ocr_line' id='line_1_4' title="bbox 3555 307 3663 364; baseline 0.019 -2"><span class='ocrx_word' id='word_1_10' title='bbox 3555 307 3663 364; x_wconf 64' lang='grc' dir='ltr'><strong>ΞΜ</strong></span> 
     </span>
    </p>
   </div>
   <div class='ocr_carea' id='block_1_5' title="bbox 384 401 1957 484">
    <p class='ocr_par' dir='ltr' id='par_1_5' title="bbox 384 401 1957 484">
     <span class='ocr_line' id='line_1_5' title="bbox 384 401 1957 484; baseline -0.002 -15"><span class='ocrx_word' id='word_1_11' title='bbox 384 414 572 478; x_wconf 78' lang='grc' dir='ltr'><strong>θέντας</strong></span> <span class='ocrx_word' id='word_1_12' title='bbox 609 414 717 469; x_wconf 71' lang='grc' dir='ltr'>ὑπὸ</span> <span class='ocrx_word' id='word_1_13' title='bbox 746 415 855 470; x_wconf 80' lang='grc' dir='ltr'><strong>τῶν</strong></span> <span class='ocrx_word' id='word_1_14' title='bbox 879 414 1192 469; x_wconf 85' lang='grc' dir='ltr'><strong>ἀποστόλων</strong></span> <span class='ocrx_word' id='word_1_15' title='bbox 1235 413 1520 484; x_wconf 88' lang='grc' dir='ltr'>θεμελίους</span> <span class='ocrx_word' id='word_1_16' title='bbox 1554 401 1957 484; x_wconf 78' lang='grc' dir='ltr'>ἐπῳκοδόμουν,</span> 
     </span>
    </p>
   </div>
   <div class='ocr_carea' id='block_1_6' title="bbox 2064 401 3669 484">
    <p class='ocr_par' dir='ltr' id='par_1_6' title="bbox 2066 414 3669 483">
     <span class='ocr_line' id='line_1_6' title="bbox 2066 414 3669 483; baseline 0.009 -17"><span class='ocrx_word' id='word_1_17' title='bbox 2066 414 2297 483; x_wconf 85' lang='lat' dir='ltr'><strong>apostoli</strong></span> <span class='ocrx_word' id='word_1_18' title='bbox 2326 415 2481 482; x_wconf 89' lang='lat' dir='ltr'><strong>prius</strong></span> <span class='ocrx_word' id='word_1_19' title='bbox 2521 414 2772 482; x_wconf 88' lang='lat' dir='ltr'><strong>jecerant</strong></span> <span class='ocrx_word' id='word_1_20' title='bbox 2798 453 2813 478; x_wconf 93' lang='lat'><strong>,</strong></span> <span class='ocrx_word' id='word_1_21' title='bbox 2853 414 3055 470; x_wconf 90' lang='lat' dir='ltr'><strong>additis</strong></span> <span class='ocrx_word' id='word_1_22' title='bbox 3091 416 3340 475; x_wconf 59' lang='lat' dir='ltr'><strong>aediﬁciis</strong></span> <span class='ocrx_word' id='word_1_23' title='bbox 3368 430 3669 480; x_wconf 76' lang='lat' dir='ltr'><strong>exstruxe-</strong></span> 
     </span>
    </p>
   </div>
   <div class='ocr_carea' id='block_1_7' title="bbox 381 504 1971 579">
    <p class='ocr_par' dir='ltr' id='par_1_7' title="bbox 381 504 1971 579">
     <span class='ocr_line' id='line_1_7' title="bbox 381 504 1971 579; baseline -0.001 -20"><span class='ocrx_word' id='word_1_24' title='bbox 381 504 637 571; x_wconf 76' lang='grc' dir='ltr'>αὕξοντες</span> <span class='ocrx_word' id='word_1_25' title='bbox 669 509 751 571; x_wconf 80' lang='grc' dir='ltr'><strong>είς</strong></span> <span class='ocrx_word' id='word_1_26' title='bbox 804 506 967 559; x_wconf 80' lang='grc' dir='ltr'><strong>πλέον</strong></span> <span class='ocrx_word' id='word_1_27' title='bbox 1016 506 1078 560; x_wconf 85' lang='grc' dir='ltr'><strong>τὸ</strong></span> <span class='ocrx_word' id='word_1_28' title='bbox 1126 507 1411 579; x_wconf 84' lang='grc' dir='ltr'>κήρυγμα,</span> <span class='ocrx_word' id='word_1_29' title='bbox 1445 505 1541 558; x_wconf 74' lang='grc' dir='ltr'><strong>καὶ</strong></span> <span class='ocrx_word' id='word_1_30' title='bbox 1606 504 1674 558; x_wconf 79' lang='grc' dir='ltr'><strong>τά</strong></span> <span class='ocrx_word' id='word_1_31' title='bbox 1727 506 1971 576; x_wconf 87' lang='grc' dir='ltr'>σωτήρια</span> 
     </span>
    </p>
   </div>
   <div class='ocr_carea' id='block_1_8' title="bbox 386 594 1970 673">
    <p class='ocr_par' dir='ltr' id='par_1_8' title="bbox 386 594 1970 673">
     <span class='ocr_line' id='line_1_8' title="bbox 386 594 1970 673; baseline -0.004 -20"><span class='ocrx_word' id='word_1_32' title='bbox 386 601 677 673; x_wconf 80' lang='grc' dir='ltr'>σπέρματα</span> <span class='ocrx_word' id='word_1_33' title='bbox 701 598 802 669; x_wconf 83' lang='grc' dir='ltr'>τῆς</span> <span class='ocrx_word' id='word_1_34' title='bbox 834 597 942 650; x_wconf 81' lang='grc' dir='ltr'><strong>τῶν</strong></span> <span class='ocrx_word' id='word_1_35' title='bbox 970 596 1216 668; x_wconf 80' lang='grc' dir='ltr'>οὐρανῶν</span> <span class='ocrx_word' id='word_1_36' title='bbox 1238 595 1516 666; x_wconf 77' lang='grc' dir='ltr'><strong>βασιλείας</strong></span> <span class='ocrx_word' id='word_1_37' title='bbox 1548 594 1653 648; x_wconf 88' lang='grc' dir='ltr'><strong>ἀνά</strong></span> <span class='ocrx_word' id='word_1_38' title='bbox 1680 596 1860 648; x_wconf 85' lang='grc' dir='ltr'>πᾶσαν</span> <span class='ocrx_word' id='word_1_39' title='bbox 1890 597 1970 657; x_wconf 87' lang='grc' dir='ltr'>εἰς</span> 
     </span>
    </p>
   </div>
   <div class='ocr_carea' id='block_1_9' title="bbox 383 684 1968 762">
    <p class='ocr_par' dir='ltr' id='par_1_9' title="bbox 383 684 1968 762">
     <span class='ocr_line' id='line_1_9' title="bbox 383 684 1968 762; baseline 0.004 -13"><span class='ocrx_word' id='word_1_40' title='bbox 383 697 587 758; x_wconf 83' lang='grc' dir='ltr'>πλάτος</span> <span class='ocrx_word' id='word_1_41' title='bbox 624 689 1038 762; x_wconf 86' lang='grc' dir='ltr'>ἐπισπείροντες</span> <span class='ocrx_word' id='word_1_42' title='bbox 1078 688 1177 759; x_wconf 81' lang='grc' dir='ltr'>τὴν</span> <span class='ocrx_word' id='word_1_43' title='bbox 1208 687 1555 758; x_wconf 69' lang='grc' dir='ltr'>οἰκουμένην.</span> <span class='ocrx_word' id='word_1_44' title='bbox 1593 686 1707 740; x_wconf 59' lang='grc' dir='ltr'><strong>Κολ-</strong></span> <span class='ocrx_word' id='word_1_45' title='bbox 1764 684 1873 757; x_wconf 74' lang='grc' dir='ltr'><strong>γάρ</strong></span> <span class='ocrx_word' id='word_1_46' title='bbox 1904 685 1968 755; x_wconf 67' lang='grc' dir='ltr'><strong>δὴ</strong></span> 
     </span>
    </p>
   </div>
   <div class='ocr_carea' id='block_1_10' title="bbox 388 777 1969 852">
    <p class='ocr_par' dir='ltr' id='par_1_10' title="bbox 388 777 1969 852">
     <span class='ocr_line' id='line_1_10' title="bbox 388 777 1969 852; baseline -0.008 -11"><span class='ocrx_word' id='word_1_47' title='bbox 388 789 628 842; x_wconf 81' lang='grc' dir='ltr'>πλεῖστοι</span> <span class='ocrx_word' id='word_1_48' title='bbox 653 784 761 837; x_wconf 84' lang='grc' dir='ltr'><strong>τῶν</strong></span> <span class='ocrx_word' id='word_1_49' title='bbox 792 783 913 836; x_wconf 83' lang='grc' dir='ltr'>τότε</span> <span class='ocrx_word' id='word_1_50' title='bbox 949 780 1205 852; x_wconf 81' lang='grc' dir='ltr'><strong>μαθητῶν</strong></span> <span class='ocrx_word' id='word_1_51' title='bbox 1259 780 1600 850; x_wconf 83' lang='grc' dir='ltr'>σφοδροτέρῳ</span> <span class='ocrx_word' id='word_1_52' title='bbox 1653 777 1969 846; x_wconf 77' lang='grc' dir='ltr'>φιλοσοφίας</span> 
     </span>
    </p>
   </div>
   <div class='ocr_carea' id='block_1_11' title="bbox 389 868 1966 948">
    <p class='ocr_par' dir='ltr' id='par_1_11' title="bbox 389 868 1966 948">
     <span class='ocr_line' id='line_1_11' title="bbox 389 868 1966 948; baseline -0.007 -18"><span class='ocrx_word' id='word_1_53' title='bbox 389 877 553 948; x_wconf 76' lang='grc' dir='ltr'>ἔρωτι</span> <span class='ocrx_word' id='word_1_54' title='bbox 575 874 713 946; x_wconf 84' lang='grc' dir='ltr'>πρὸς</span> <span class='ocrx_word' id='word_1_55' title='bbox 736 872 831 926; x_wconf 75' lang='grc' dir='ltr'>τοῦ</span> <span class='ocrx_word' id='word_1_56' title='bbox 862 872 1009 925; x_wconf 88' lang='grc' dir='ltr'>θείου</span> <span class='ocrx_word' id='word_1_57' title='bbox 1045 870 1218 939; x_wconf 86' lang='grc' dir='ltr'>Λόγου</span> <span class='ocrx_word' id='word_1_58' title='bbox 1250 868 1348 939; x_wconf 82' lang='grc' dir='ltr'>τὴν</span> <span class='ocrx_word' id='word_1_59' title='bbox 1378 869 1556 939; x_wconf 74' lang='grc' dir='ltr'>ψυχὴν</span> <span class='ocrx_word' id='word_1_60' title='bbox 1585 868 1966 939; x_wconf 88' lang='grc' dir='ltr'>πληττόμενοι,</span> 
     </span>
    </p>
   </div>
   <div class='ocr_carea' id='block_1_12' title="bbox 388 960 1966 1039">
    <p class='ocr_par' dir='ltr' id='par_1_12' title="bbox 388 960 1966 1039">
     <span class='ocr_line' id='line_1_12' title="bbox 388 960 1966 1039; baseline -0.006 -18"><span class='ocrx_word' id='word_1_61' title='bbox 388 969 488 1039; x_wconf 82' lang='grc' dir='ltr'>τὴν</span> <span class='ocrx_word' id='word_1_62' title='bbox 538 968 804 1037; x_wconf 90' lang='grc' dir='ltr'>σωτήριον</span> <span class='ocrx_word' id='word_1_63' title='bbox 838 962 1104 1036; x_wconf 86' lang='grc' dir='ltr'>πρότερον</span> <span class='ocrx_word' id='word_1_64' title='bbox 1135 961 1490 1033; x_wconf 88' lang='grc' dir='ltr'>ἀπεπλήρουν</span> <span class='ocrx_word' id='word_1_65' title='bbox 1538 960 1966 1032; x_wconf 77' lang='grc' dir='ltr'>παρακέλευσιν,</span> 
     </span>
    </p>
   </div>
   <div class='ocr_carea' id='block_1_13' title="bbox 391 1052 1969 1127">
    <p class='ocr_par' dir='ltr' id='par_1_13' title="bbox 391 1052 1969 1127">
     <span class='ocr_line' id='line_1_13' title="bbox 391 1052 1969 1127; baseline -0.006 -15"><span class='ocrx_word' id='word_1_66' title='bbox 391 1059 596 1113; x_wconf 89' lang='grc' dir='ltr'>ἐνδεέσι</span> <span class='ocrx_word' id='word_1_67' title='bbox 628 1057 883 1127; x_wconf 79' lang='grc' dir='ltr'>νέμοντες</span> <span class='ocrx_word' id='word_1_68' title='bbox 906 1053 1004 1117; x_wconf 82' lang='grc' dir='ltr'>τὰς</span> <span class='ocrx_word' id='word_1_69' title='bbox 1037 1053 1243 1116; x_wconf 84' lang='grc' dir='ltr'>οὐσίας.</span> <span class='ocrx_word' id='word_1_70' title='bbox 1281 1054 1513 1106; x_wconf 84' lang='grc' dir='ltr'>Ἔπειτα</span> <span class='ocrx_word' id='word_1_71' title='bbox 1543 1052 1599 1104; x_wconf 89' lang='grc' dir='ltr'><strong>δέ</strong></span> <span class='ocrx_word' id='word_1_72' title='bbox 1657 1052 1969 1124; x_wconf 80' lang='grc' dir='ltr'>ἀποδημίας</span> 
     </span>
    </p>
   </div>
   <div class='ocr_carea' id='block_1_14' title="bbox 393 1144 1967 1220">
    <p class='ocr_par' dir='ltr' id='par_1_14' title="bbox 393 1144 1967 1220">
     <span class='ocr_line' id='line_1_14' title="bbox 393 1144 1967 1220; baseline -0.005 -16"><span class='ocrx_word' id='word_1_73' title='bbox 393 1150 751 1220; x_wconf 84' lang='grc' dir='ltr'>στελλόμενοι,</span> <span class='ocrx_word' id='word_1_74' title='bbox 775 1147 934 1219; x_wconf 80' lang='grc' dir='ltr'>ἔργον</span> <span class='ocrx_word' id='word_1_75' title='bbox 959 1144 1249 1199; x_wconf 83' lang='grc' dir='ltr'>ἐπετέλουν</span> <span class='ocrx_word' id='word_1_76' title='bbox 1275 1144 1678 1213; x_wconf 85' lang='grc' dir='ltr'>εὐαγγελιστῶν</span> <span class='ocrx_word' id='word_1_77' title='bbox 1696 1185 1711 1209; x_wconf 90' lang='grc'><strong>,</strong></span> <span class='ocrx_word' id='word_1_78' title='bbox 1740 1147 1854 1207; x_wconf 86' lang='grc' dir='ltr'>τοῖς</span> <span class='ocrx_word' id='word_1_79' title='bbox 1886 1144 1967 1197; x_wconf 81' lang='grc' dir='ltr'><strong>ἔτι</strong></span> 
     </span>
    </p>
   </div>
   <div class='ocr_carea' id='block_1_15' title="bbox 389 1237 1967 1314">
    <p class='ocr_par' dir='ltr' id='par_1_15' title="bbox 389 1237 1967 1314">
     <span class='ocr_line' id='line_1_15' title="bbox 389 1237 1967 1314; baseline -0.004 -17"><span class='ocrx_word' id='word_1_80' title='bbox 389 1243 622 1314; x_wconf 87' lang='grc' dir='ltr'>πάμπαν</span> <span class='ocrx_word' id='word_1_81' title='bbox 650 1241 900 1311; x_wconf 86' lang='grc' dir='ltr'>ἀνηκόοις</span> <span class='ocrx_word' id='word_1_82' title='bbox 931 1238 1024 1291; x_wconf 86' lang='grc' dir='ltr'>τοῦ</span> <span class='ocrx_word' id='word_1_83' title='bbox 1064 1239 1165 1309; x_wconf 83' lang='grc' dir='ltr'><strong>τῆς</strong></span> <span class='ocrx_word' id='word_1_84' title='bbox 1195 1238 1432 1301; x_wconf 89' lang='grc' dir='ltr'>πίστεως</span> <span class='ocrx_word' id='word_1_85' title='bbox 1478 1238 1638 1307; x_wconf 85' lang='grc' dir='ltr'>λόγου</span> <span class='ocrx_word' id='word_1_86' title='bbox 1676 1237 1967 1309; x_wconf 79' lang='grc' dir='ltr'>κηρύττειν</span> 
     </span>
    </p>
   </div>
   <div class='ocr_carea' id='block_1_16' title="bbox 386 1329 1967 1406">
    <p class='ocr_par' dir='ltr' id='par_1_16' title="bbox 386 1329 1967 1406">
     <span class='ocr_line' id='line_1_16' title="bbox 386 1329 1967 1406; baseline -0.004 -17"><span class='ocrx_word' id='word_1_87' title='bbox 386 1335 479 1389; x_wconf 81' lang='grc' dir='ltr'><strong>τὸν</strong></span> <span class='ocrx_word' id='word_1_88' title='bbox 532 1334 765 1406; x_wconf 84' lang='grc' dir='ltr'>Χριστὸν</span> <span class='ocrx_word' id='word_1_89' title='bbox 822 1331 1298 1403; x_wconf 83' lang='grc' dir='ltr'>φιλοτιμούμενοι,</span> <span class='ocrx_word' id='word_1_90' title='bbox 1359 1331 1453 1385; x_wconf 59' lang='grc' dir='ltr'><strong>καὶ¹</strong></span> <span class='ocrx_word' id='word_1_91' title='bbox 1501 1331 1600 1403; x_wconf 85' lang='grc' dir='ltr'><strong>τὴν</strong></span> <span class='ocrx_word' id='word_1_92' title='bbox 1649 1330 1756 1384; x_wconf 85' lang='grc' dir='ltr'>τῶν</span> <span class='ocrx_word' id='word_1_93' title='bbox 1808 1329 1967 1384; x_wconf 84' lang='grc' dir='ltr'>θείων</span> 
     </span>
    </p>
   </div>
   <div class='ocr_carea' id='block_1_17' title="bbox 388 1414 1965 1495">
    <p class='ocr_par' dir='ltr' id='par_1_17' title="bbox 388 1414 1965 1495">
     <span class='ocr_line' id='line_1_17' title="bbox 388 1414 1965 1495; baseline -0.002 -17"><span class='ocrx_word' id='word_1_94' title='bbox 388 1424 731 1494; x_wconf 82' lang='grc' dir='ltr'>Εὐαγγελίων</span> <span class='ocrx_word' id='word_1_95' title='bbox 754 1421 1107 1495; x_wconf 84' lang='grc' dir='ltr'>παραδιδόναι</span> <span class='ocrx_word' id='word_1_96' title='bbox 1138 1423 1378 1494; x_wconf 86' lang='grc' dir='ltr'>γραφήν.</span> <span class='ocrx_word' id='word_1_97' title='bbox 1406 1414 1564 1476; x_wconf 81' lang='grc' dir='ltr'>Οὗτοι</span> <span class='ocrx_word' id='word_1_98' title='bbox 1597 1422 1654 1475; x_wconf 88' lang='grc' dir='ltr'>δὲ</span> <span class='ocrx_word' id='word_1_99' title='bbox 1684 1421 1965 1493; x_wconf 79' lang='grc' dir='ltr'>θεμελίους</span> 
     </span>
    </p>
   </div>
   <div class='ocr_carea' id='block_1_18' title="bbox 384 1513 1971 1587">
    <p class='ocr_par' dir='ltr' id='par_1_18' title="bbox 384 1513 1971 1587">
     <span class='ocr_line' id='line_1_18' title="bbox 384 1513 1971 1587; baseline -0.001 -17"><span class='ocrx_word' id='word_1_100' title='bbox 384 1517 485 1587; x_wconf 85' lang='grc' dir='ltr'>τῆς</span> <span class='ocrx_word' id='word_1_101' title='bbox 512 1518 747 1580; x_wconf 86' lang='grc' dir='ltr'>πίστεως</span> <span class='ocrx_word' id='word_1_102' title='bbox 773 1516 865 1569; x_wconf 77' lang='grc' dir='ltr'><strong>ἐπὶ</strong></span> <span class='ocrx_word' id='word_1_103' title='bbox 899 1513 1069 1580; x_wconf 79' lang='grc' dir='ltr'>ξένοις</span> <span class='ocrx_word' id='word_1_104' title='bbox 1094 1516 1205 1568; x_wconf 73' lang='grc' dir='ltr'>τισὶ</span> <span class='ocrx_word' id='word_1_105' title='bbox 1235 1515 1421 1578; x_wconf 84' lang='grc' dir='ltr'>τόποις</span> <span class='ocrx_word' id='word_1_106' title='bbox 1454 1514 1585 1567; x_wconf 78' lang='grc' dir='ltr'>αὐτὸ</span> <span class='ocrx_word' id='word_1_107' title='bbox 1617 1514 1777 1585; x_wconf 88' lang='grc' dir='ltr'>μόνον</span> <span class='ocrx_word' id='word_1_108' title='bbox 1806 1531 1971 1569; x_wconf 86' lang='grc' dir='ltr'>κατα·</span> 
     </span>
    </p>
   </div>
   <div class='ocr_carea' id='block_1_19' title="bbox 383 1604 1969 1681">
    <p class='ocr_par' dir='ltr' id='par_1_19' title="bbox 383 1604 1969 1681">
     <span class='ocr_line' id='line_1_19' title="bbox 383 1604 1969 1681; baseline -0.002 -20"><span class='ocrx_word' id='word_1_109' title='bbox 383 1609 721 1681; x_wconf 75' lang='grc' dir='ltr'>ϐαλλόμενοι,</span> <span class='ocrx_word' id='word_1_110' title='bbox 754 1610 1017 1681; x_wconf 78' lang='grc' dir='ltr'>ποιμένας</span> <span class='ocrx_word' id='word_1_111' title='bbox 1042 1625 1102 1660; x_wconf 90' lang='grc' dir='ltr'><strong>τε</strong></span> <span class='ocrx_word' id='word_1_112' title='bbox 1148 1607 1508 1669; x_wconf 88' lang='grc' dir='ltr'>καθιστάντες</span> <span class='ocrx_word' id='word_1_113' title='bbox 1555 1606 1795 1680; x_wconf 87' lang='grc' dir='ltr'>ἐτέρους,</span> <span class='ocrx_word' id='word_1_114' title='bbox 1846 1604 1969 1659; x_wconf 80' lang='grc' dir='ltr'>τού-</span> 
     </span>
    </p>
   </div>
   <div class='ocr_carea' id='block_1_20' title="bbox 384 1698 1963 1772">
    <p class='ocr_par' dir='ltr' id='par_1_20' title="bbox 384 1698 1963 1772">
     <span class='ocr_line' id='line_1_20' title="bbox 384 1698 1963 1772; baseline -0.003 -17"><span class='ocrx_word' id='word_1_115' title='bbox 384 1719 496 1766; x_wconf 89' lang='grc' dir='ltr'>τοις</span> <span class='ocrx_word' id='word_1_116' title='bbox 526 1718 586 1755; x_wconf 84' lang='grc' dir='ltr'><strong>τε</strong></span> <span class='ocrx_word' id='word_1_117' title='bbox 622 1702 807 1765; x_wconf 85' lang='grc' dir='ltr'>αὐτοῖς</span> <span class='ocrx_word' id='word_1_118' title='bbox 841 1698 1239 1772; x_wconf 80' lang='grc' dir='ltr'>ἐγχειρίζοντες</span> <span class='ocrx_word' id='word_1_119' title='bbox 1268 1699 1369 1769; x_wconf 83' lang='grc' dir='ltr'>τὴν</span> <span class='ocrx_word' id='word_1_120' title='bbox 1413 1698 1523 1751; x_wconf 84' lang='grc' dir='ltr'><strong>τῶν</strong></span> <span class='ocrx_word' id='word_1_121' title='bbox 1582 1699 1786 1769; x_wconf 85' lang='grc' dir='ltr'>ἀρτίως</span> <span class='ocrx_word' id='word_1_122' title='bbox 1846 1699 1963 1751; x_wconf 88' lang='grc' dir='ltr'>εἱσ-</span> 
     </span>
    </p>
   </div>
   <div class='ocr_carea' id='block_1_21' title="bbox 2075 508 3657 587">
    <p class='ocr_par' dir='ltr' id='par_1_21' title="bbox 2075 508 3657 587">
     <span class='ocr_line' id='line_1_21' title="bbox 2075 508 3657 587; baseline 0.007 -27"><span class='ocrx_word' id='word_1_123' title='bbox 2075 514 2202 561; x_wconf 90' lang='lat' dir='ltr'><strong>runt</strong></span> <span class='ocrx_word' id='word_1_124' title='bbox 2247 524 2263 561; x_wconf 90' lang='lat'><strong>:</strong></span> <span class='ocrx_word' id='word_1_125' title='bbox 2314 508 2758 577; x_wconf 80' lang='lat' dir='ltr'><strong>pr.cdicationem</strong></span> <span class='ocrx_word' id='word_1_126' title='bbox 2810 508 3088 582; x_wconf 71' lang='lat' dir='ltr'><strong>Evangelii</strong></span> <span class='ocrx_word' id='word_1_127' title='bbox 3142 514 3317 586; x_wconf 84' lang='lat' dir='ltr'><strong>magis</strong></span> <span class='ocrx_word' id='word_1_128' title='bbox 3364 529 3429 570; x_wconf 89' lang='lat' dir='ltr'><strong>ac</strong></span> <span class='ocrx_word' id='word_1_129' title='bbox 3479 522 3657 587; x_wconf 82' lang='lat' dir='ltr'><strong>magis</strong></span> 
     </span>
    </p>
   </div>
   <div class='ocr_carea' id='block_1_22' title="bbox 2073 599 3658 674">
    <p class='ocr_par' dir='ltr' id='par_1_22' title="bbox 2073 599 3658 674">
     <span class='ocr_line' id='line_1_22' title="bbox 2073 599 3658 674; baseline 0.006 -24"><span class='ocrx_word' id='word_1_130' title='bbox 2073 608 2495 664; x_wconf 85' lang='lat' dir='ltr'><strong>promoventes,</strong></span> <span class='ocrx_word' id='word_1_131' title='bbox 2540 608 2596 653; x_wconf 92' lang='lat' dir='ltr'><strong>et</strong></span> <span class='ocrx_word' id='word_1_132' title='bbox 2642 599 2908 654; x_wconf 87' lang='lat' dir='ltr'><strong>salutaria</strong></span> <span class='ocrx_word' id='word_1_133' title='bbox 2961 605 3116 674; x_wconf 81' lang='lat' dir='ltr'><strong>regni</strong></span> <span class='ocrx_word' id='word_1_134' title='bbox 3163 606 3403 662; x_wconf 77' lang='lat' dir='ltr'><strong>ctelestis</strong></span> <span class='ocrx_word' id='word_1_135' title='bbox 3449 608 3658 661; x_wconf 86' lang='lat' dir='ltr'><strong>semina</strong></span> 
     </span>
    </p>
   </div>
   <div class='ocr_carea' id='block_1_23' title="bbox 2073 690 3658 768">
    <p class='ocr_par' dir='ltr' id='par_1_23' title="bbox 2073 690 3658 768">
     <span class='ocr_line' id='line_1_23' title="bbox 2073 690 3658 768; baseline 0.007 -27"><span class='ocrx_word' id='word_1_136' title='bbox 2073 704 2169 758; x_wconf 92' lang='lat' dir='ltr'><strong>per</strong></span> <span class='ocrx_word' id='word_1_137' title='bbox 2216 690 2527 743; x_wconf 88' lang='lat' dir='ltr'><strong>universum</strong></span> <span class='ocrx_word' id='word_1_138' title='bbox 2579 699 2854 745; x_wconf 90' lang='lat' dir='ltr'><strong>terrarum</strong></span> <span class='ocrx_word' id='word_1_139' title='bbox 2901 695 3096 749; x_wconf 90' lang='lat' dir='ltr'><strong>orbem</strong></span> <span class='ocrx_word' id='word_1_140' title='bbox 3151 696 3263 751; x_wconf 90' lang='lat' dir='ltr'><strong>late</strong></span> <span class='ocrx_word' id='word_1_141' title='bbox 3312 709 3658 768; x_wconf 83' lang='lat' dir='ltr'><strong>spargentes.</strong></span> 
     </span>
    </p>
   </div>
   <div class='ocr_carea' id='block_1_24' title="bbox 2073 781 3656 859">
    <p class='ocr_par' dir='ltr' id='par_1_24' title="bbox 2073 781 3656 859">
     <span class='ocr_line' id='line_1_24' title="bbox 2073 781 3656 859; baseline 0.008 -24"><span class='ocrx_word' id='word_1_142' title='bbox 2073 782 2353 851; x_wconf 81' lang='lat' dir='ltr'><strong>Siquidem</strong></span> <span class='ocrx_word' id='word_1_143' title='bbox 2408 781 2660 851; x_wconf 84' lang='lat' dir='ltr'><strong>plerique</strong></span> <span class='ocrx_word' id='word_1_144' title='bbox 2705 797 2773 836; x_wconf 79' lang='lat' dir='ltr'><strong>ex</strong></span> <span class='ocrx_word' id='word_1_145' title='bbox 2821 784 2966 841; x_wconf 91' lang='lat' dir='ltr'><strong>illius</strong></span> <span class='ocrx_word' id='word_1_146' title='bbox 3014 789 3276 857; x_wconf 90' lang='lat' dir='ltr'><strong>temporis</strong></span> <span class='ocrx_word' id='word_1_147' title='bbox 3333 790 3656 859; x_wconf 75' lang='lat' dir='ltr'><strong>diScipulis,</strong></span> 
     </span>
    </p>
   </div>
   <div class='ocr_carea' id='block_1_25' title="bbox 2069 875 3658 948">
    <p class='ocr_par' dir='ltr' id='par_1_25' title="bbox 2069 875 3658 948">
     <span class='ocr_line' id='line_1_25' title="bbox 2069 875 3658 948; baseline 0.008 -25"><span class='ocrx_word' id='word_1_148' title='bbox 2069 887 2302 939; x_wconf 91' lang='lat' dir='ltr'><strong>quorum</strong></span> <span class='ocrx_word' id='word_1_149' title='bbox 2353 875 2568 929; x_wconf 87' lang='lat' dir='ltr'><strong>animos</strong></span> <span class='ocrx_word' id='word_1_150' title='bbox 2600 877 2932 933; x_wconf 86' lang='lat' dir='ltr'><strong>ardentioris</strong></span> <span class='ocrx_word' id='word_1_151' title='bbox 2979 879 3345 948; x_wconf 63' lang='lat' dir='ltr'><strong>philosophiae</strong></span> <span class='ocrx_word' id='word_1_152' title='bbox 3382 881 3658 936; x_wconf 82' lang='lat' dir='ltr'><strong>desiderio</strong></span> 
     </span>
    </p>
   </div>
   <div class='ocr_carea' id='block_1_26' title="bbox 2075 960 3658 1040">
    <p class='ocr_par' dir='ltr' id='par_1_26' title="bbox 2075 960 3658 1040">
     <span class='ocr_line' id='line_1_26' title="bbox 2075 960 3658 1040; baseline 0.007 -25"><span class='ocrx_word' id='word_1_153' title='bbox 2075 960 2310 1017; x_wconf 88' lang='lat' dir='ltr'><strong>Verbum</strong></span> <span class='ocrx_word' id='word_1_154' title='bbox 2339 963 2582 1018; x_wconf 84' lang='lat' dir='ltr'><strong>divinum</strong></span> <span class='ocrx_word' id='word_1_155' title='bbox 2610 965 2950 1033; x_wconf 76' lang='lat' dir='ltr'><strong>incenderat,</strong></span> <span class='ocrx_word' id='word_1_156' title='bbox 2982 968 3292 1025; x_wconf 88' lang='lat' dir='ltr'><strong>Servatoris</strong></span> <span class='ocrx_word' id='word_1_157' title='bbox 3318 971 3489 1027; x_wconf 78' lang='lat' dir='ltr'><strong>nostri</strong></span> <span class='ocrx_word' id='word_1_158' title='bbox 3519 987 3658 1040; x_wconf 71' lang='lat' dir='ltr'><strong>pra:-</strong></span> 
     </span>
    </p>
   </div>
   <div class='ocr_carea' id='block_1_27' title="bbox 2070 1051 3652 1132">
    <p class='ocr_par' dir='ltr' id='par_1_27' title="bbox 2070 1051 3652 1132">
     <span class='ocr_line' id='line_1_27' title="bbox 2070 1051 3652 1132; baseline 0.005 -25"><span class='ocrx_word' id='word_1_159' title='bbox 2070 1063 2285 1123; x_wconf 91' lang='lat' dir='ltr'><strong>ceptum</strong></span> <span class='ocrx_word' id='word_1_160' title='bbox 2310 1051 2423 1121; x_wconf 86' lang='lat' dir='ltr'><strong>jam</strong></span> <span class='ocrx_word' id='word_1_161' title='bbox 2461 1065 2624 1109; x_wconf 84' lang='lat' dir='ltr'><strong>antea</strong></span> <span class='ocrx_word' id='word_1_162' title='bbox 2674 1056 3029 1124; x_wconf 85' lang='lat' dir='ltr'><strong>expleverant</strong></span> <span class='ocrx_word' id='word_1_163' title='bbox 3052 1101 3068 1123; x_wconf 89' lang='lat'><strong>,</strong></span> <span class='ocrx_word' id='word_1_164' title='bbox 3098 1062 3290 1117; x_wconf 88' lang='lat' dir='ltr'><strong>divisis</strong></span> <span class='ocrx_word' id='word_1_165' title='bbox 3326 1062 3469 1117; x_wconf 90' lang='lat' dir='ltr'><strong>inter</strong></span> <span class='ocrx_word' id='word_1_166' title='bbox 3492 1077 3652 1132; x_wconf 70' lang='lat' dir='ltr'><strong>egeno</strong></span> 
     </span>
    </p>
   </div>
   <div class='ocr_carea' id='block_1_28' title="bbox 2072 1142 3655 1221">
    <p class='ocr_par' dir='ltr' id='par_1_28' title="bbox 2072 1142 3655 1221">
     <span class='ocr_line' id='line_1_28' title="bbox 2072 1142 3655 1221; baseline 0.006 -25"><span class='ocrx_word' id='word_1_167' title='bbox 2072 1151 2154 1197; x_wconf 91' lang='lat' dir='ltr'><strong>tes</strong></span> <span class='ocrx_word' id='word_1_168' title='bbox 2180 1142 2535 1199; x_wconf 78' lang='lat' dir='ltr'><strong>facultatibus</strong></span> <span class='ocrx_word' id='word_1_169' title='bbox 2568 1146 2705 1200; x_wconf 85' lang='lat' dir='ltr'><strong>suis.</strong></span> <span class='ocrx_word' id='word_1_170' title='bbox 2752 1145 2959 1201; x_wconf 85' lang='lat' dir='ltr'><strong>Deinde</strong></span> <span class='ocrx_word' id='word_1_171' title='bbox 2996 1149 3179 1204; x_wconf 89' lang='lat' dir='ltr'><strong>relicta</strong></span> <span class='ocrx_word' id='word_1_172' title='bbox 3211 1150 3389 1220; x_wconf 86' lang='lat' dir='ltr'><strong>patria</strong></span> <span class='ocrx_word' id='word_1_173' title='bbox 3426 1166 3655 1221; x_wconf 81' lang='lat' dir='ltr'><strong>peregre</strong></span> 
     </span>
    </p>
   </div>
   <div class='ocr_carea' id='block_1_29' title="bbox 2069 1235 3655 1307">
    <p class='ocr_par' dir='ltr' id='par_1_29' title="bbox 2069 1235 3655 1307">
     <span class='ocr_line' id='line_1_29' title="bbox 2069 1235 3655 1307; baseline 0.006 -20"><span class='ocrx_word' id='word_1_174' title='bbox 2069 1235 2487 1303; x_wconf 65' lang='lat' dir='ltr'><strong>proﬁciscentes</strong></span> <span class='ocrx_word' id='word_1_175' title='bbox 2511 1276 2526 1302; x_wconf 92' lang='lat'><strong>,</strong></span> <span class='ocrx_word' id='word_1_176' title='bbox 2558 1252 2754 1292; x_wconf 89' lang='lat' dir='ltr'><strong>munus</strong></span> <span class='ocrx_word' id='word_1_177' title='bbox 2805 1238 3030 1294; x_wconf 90' lang='lat' dir='ltr'><strong>obibant</strong></span> <span class='ocrx_word' id='word_1_178' title='bbox 3070 1241 3550 1307; x_wconf 80' lang='lat' dir='ltr'><strong>evangelistarum,</strong></span> <span class='ocrx_word' id='word_1_179' title='bbox 3588 1243 3655 1297; x_wconf 90' lang='lat' dir='ltr'><strong>iis</strong></span> 
     </span>
    </p>
   </div>
   <div class='ocr_carea' id='block_1_30' title="bbox 2069 1327 3651 1398">
    <p class='ocr_par' dir='ltr' id='par_1_30' title="bbox 2069 1327 3651 1398">
     <span class='ocr_line' id='line_1_30' title="bbox 2069 1327 3651 1398; baseline 0.003 -17"><span class='ocrx_word' id='word_1_180' title='bbox 2069 1328 2163 1396; x_wconf 88' lang='lat' dir='ltr'><strong>qui</strong></span> <span class='ocrx_word' id='word_1_181' title='bbox 2201 1327 2323 1382; x_wconf 86' lang='lat' dir='ltr'><strong>lidei</strong></span> <span class='ocrx_word' id='word_1_182' title='bbox 2352 1340 2660 1383; x_wconf 87' lang='lat' dir='ltr'><strong>sermonem</strong></span> <span class='ocrx_word' id='word_1_183' title='bbox 2692 1331 2926 1383; x_wconf 87' lang='lat' dir='ltr'><strong>nondum</strong></span> <span class='ocrx_word' id='word_1_184' title='bbox 2960 1331 3339 1398; x_wconf 90' lang='lat' dir='ltr'><strong>audivissent,</strong></span> <span class='ocrx_word' id='word_1_185' title='bbox 3368 1333 3651 1390; x_wconf 78' lang='lat' dir='ltr'><strong>Christum</strong></span> 
     </span>
    </p>
   </div>
   <div class='ocr_carea' id='block_1_31' title="bbox 2066 1420 3656 1493">
    <p class='ocr_par' dir='ltr' id='par_1_31' title="bbox 2066 1420 3656 1493">
     <span class='ocr_line' id='line_1_31' title="bbox 2066 1420 3656 1493; baseline 0.003 -19"><span class='ocrx_word' id='word_1_186' title='bbox 2066 1420 2368 1492; x_wconf 65' lang='lat' dir='ltr'><strong>praedicare</strong></span> <span class='ocrx_word' id='word_1_187' title='bbox 2394 1461 2411 1487; x_wconf 95' lang='lat'><strong>,</strong></span> <span class='ocrx_word' id='word_1_188' title='bbox 2455 1429 2512 1475; x_wconf 89' lang='lat' dir='ltr'><strong>et</strong></span> <span class='ocrx_word' id='word_1_189' title='bbox 2540 1434 2821 1475; x_wconf 89' lang='lat' dir='ltr'><strong>sacrorum</strong></span> <span class='ocrx_word' id='word_1_190' title='bbox 2854 1421 3281 1493; x_wconf 82' lang='lat' dir='ltr'><strong>Evangeliorum</strong></span> <span class='ocrx_word' id='word_1_191' title='bbox 3323 1424 3493 1481; x_wconf 89' lang='lat' dir='ltr'><strong>libros</strong></span> <span class='ocrx_word' id='word_1_192' title='bbox 3540 1435 3656 1480; x_wconf 87' lang='lat' dir='ltr'><strong>tra-</strong></span> 
     </span>
    </p>
   </div>
   <div class='ocr_carea' id='block_1_32' title="bbox 2068 1511 3656 1585">
    <p class='ocr_par' dir='ltr' id='par_1_32' title="bbox 2068 1511 3656 1585">
     <span class='ocr_line' id='line_1_32' title="bbox 2068 1511 3656 1585; baseline 0.002 -19"><span class='ocrx_word' id='word_1_193' title='bbox 2068 1514 2199 1567; x_wconf 89' lang='lat' dir='ltr'><strong>dere</strong></span> <span class='ocrx_word' id='word_1_194' title='bbox 2225 1511 2518 1567; x_wconf 86' lang='lat' dir='ltr'><strong>ambitiose</strong></span> <span class='ocrx_word' id='word_1_195' title='bbox 2556 1521 2890 1581; x_wconf 78' lang='lat' dir='ltr'><strong>satagenles.</strong></span> <span class='ocrx_word' id='word_1_196' title='bbox 2924 1513 2990 1568; x_wconf 83' lang='lat' dir='ltr'><strong>Hi</strong></span> <span class='ocrx_word' id='word_1_197' title='bbox 3027 1525 3318 1585; x_wconf 88' lang='lat' dir='ltr'><strong>postquam</strong></span> <span class='ocrx_word' id='word_1_198' title='bbox 3345 1516 3400 1570; x_wconf 90' lang='lat' dir='ltr'><strong>in</strong></span> <span class='ocrx_word' id='word_1_199' title='bbox 3428 1516 3656 1570; x_wconf 89' lang='lat' dir='ltr'><strong>remotis</strong></span> 
     </span>
    </p>
   </div>
   <div class='ocr_carea' id='block_1_33' title="bbox 2069 1603 3643 1675">
    <p class='ocr_par' dir='ltr' id='par_1_33' title="bbox 2069 1603 3643 1675">
     <span class='ocr_line' id='line_1_33' title="bbox 2069 1603 3643 1675; baseline 0.001 -16"><span class='ocrx_word' id='word_1_200' title='bbox 2069 1603 2392 1675; x_wconf 89' lang='lat' dir='ltr'><strong>quibusdam</strong></span> <span class='ocrx_word' id='word_1_201' title='bbox 2418 1618 2483 1659; x_wconf 91' lang='lat' dir='ltr'><strong>ac</strong></span> <span class='ocrx_word' id='word_1_202' title='bbox 2507 1604 2757 1659; x_wconf 86' lang='lat' dir='ltr'><strong>barbaris</strong></span> <span class='ocrx_word' id='word_1_203' title='bbox 2781 1605 3097 1675; x_wconf 79' lang='lat' dir='ltr'><strong>regionibus</strong></span> <span class='ocrx_word' id='word_1_204' title='bbox 3125 1606 3480 1662; x_wconf 82' lang='lat' dir='ltr'><strong>fundamenta</strong></span> <span class='ocrx_word' id='word_1_205' title='bbox 3520 1608 3643 1661; x_wconf 83' lang='lat' dir='ltr'><strong>tidei</strong></span> 
     </span>
    </p>
   </div>
   <div class='ocr_carea' id='block_1_34' title="bbox 2063 1694 3653 1767">
    <p class='ocr_par' dir='ltr' id='par_1_34' title="bbox 2063 1694 3653 1767">
     <span class='ocr_line' id='line_1_34' title="bbox 2063 1694 3653 1767; baseline -0.001 -16"><span class='ocrx_word' id='word_1_206' title='bbox 2063 1697 2333 1767; x_wconf 78' lang='lat' dir='ltr'><strong>iecerant,</strong></span> <span class='ocrx_word' id='word_1_207' title='bbox 2368 1694 2613 1765; x_wconf 82' lang='lat' dir='ltr'><strong>aliosque</strong></span> <span class='ocrx_word' id='word_1_208' title='bbox 2648 1705 2896 1766; x_wconf 83' lang='lat' dir='ltr'><strong>pastores</strong></span> <span class='ocrx_word' id='word_1_209' title='bbox 2925 1699 3349 1763; x_wconf 86' lang='lat' dir='ltr'><strong>constituerant,</strong></span> <span class='ocrx_word' id='word_1_210' title='bbox 3377 1710 3433 1754; x_wconf 89' lang='lat' dir='ltr'><strong>et</strong></span> <span class='ocrx_word' id='word_1_211' title='bbox 3463 1698 3653 1752; x_wconf 84' lang='lat' dir='ltr'><strong>novel-</strong></span> 
     </span>
    </p>
   </div>
   <div class='ocr_carea' id='block_1_35' title="bbox 382 1788 1957 1863">
    <p class='ocr_par' dir='ltr' id='par_1_35' title="bbox 382 1788 1957 1863">
     <span class='ocr_line' id='line_1_35' title="bbox 382 1788 1957 1863; baseline -0.003 -19"><span class='ocrx_word' id='word_1_212' title='bbox 382 1792 654 1863; x_wconf 87' lang='grc' dir='ltr'>αχθέντων</span> <span class='ocrx_word' id='word_1_213' title='bbox 669 1793 966 1863; x_wconf 87' lang='grc' dir='ltr'>γεωργίαν,</span> <span class='ocrx_word' id='word_1_214' title='bbox 992 1792 1185 1863; x_wconf 88' lang='grc' dir='ltr'>ἐτέρας</span> <span class='ocrx_word' id='word_1_215' title='bbox 1202 1790 1354 1842; x_wconf 74' lang='grc' dir='ltr'>αὐτοὶ</span> <span class='ocrx_word' id='word_1_216' title='bbox 1378 1788 1543 1842; x_wconf 82' lang='grc' dir='ltr'>πάλιν</span> <span class='ocrx_word' id='word_1_217' title='bbox 1570 1788 1753 1860; x_wconf 81' lang='grc' dir='ltr'>χώρας</span> <span class='ocrx_word' id='word_1_218' title='bbox 1780 1805 1838 1841; x_wconf 87' lang='grc' dir='ltr'><strong>τε</strong></span> <span class='ocrx_word' id='word_1_219' title='bbox 1866 1788 1957 1841; x_wconf 67' lang='grc' dir='ltr'><strong>καὶ</strong></span> 
     </span>
    </p>
   </div>
   <div class='ocr_carea' id='block_1_36' title="bbox 2064 1788 3658 1863">
    <p class='ocr_par' dir='ltr' id='par_1_36' title="bbox 2069 1788 3658 1859">
     <span class='ocr_line' id='line_1_36' title="bbox 2069 1788 3658 1859; baseline 0.001 -15"><span class='ocrx_word' id='word_1_220' title='bbox 2069 1792 2135 1844; x_wconf 69' lang='lat' dir='ltr'><strong>lae</strong></span> <span class='ocrx_word' id='word_1_221' title='bbox 2159 1788 2514 1859; x_wconf 90' lang='lat' dir='ltr'><strong>plantationis</strong></span> <span class='ocrx_word' id='word_1_222' title='bbox 2552 1804 2738 1843; x_wconf 90' lang='lat' dir='ltr'><strong>curam</strong></span> <span class='ocrx_word' id='word_1_223' title='bbox 2777 1789 2970 1844; x_wconf 79' lang='lat' dir='ltr'><strong>iisdem</strong></span> <span class='ocrx_word' id='word_1_224' title='bbox 3002 1790 3416 1858; x_wconf 85' lang='lat' dir='ltr'><strong>commiserant,</strong></span> <span class='ocrx_word' id='word_1_225' title='bbox 3442 1807 3509 1848; x_wconf 93' lang='lat' dir='ltr'><strong>eo</strong></span> <span class='ocrx_word' id='word_1_226' title='bbox 3525 1807 3658 1848; x_wconf 83' lang='lat' dir='ltr'><strong>con-</strong></span> 
     </span>
    </p>
   </div>
   <div class='ocr_carea' id='block_1_37' title="bbox 383 1880 1959 1956">
    <p class='ocr_par' dir='ltr' id='par_1_37' title="bbox 383 1880 1959 1956">
     <span class='ocr_line' id='line_1_37' title="bbox 383 1880 1959 1956; baseline -0.004 -20"><span class='ocrx_word' id='word_1_227' title='bbox 383 1884 509 1955; x_wconf 75' lang='grc' dir='ltr'>ἐθνη</span> <span class='ocrx_word' id='word_1_228' title='bbox 536 1885 823 1956; x_wconf 83' lang='grc' dir='ltr'>μετῄεσαν,</span> <span class='ocrx_word' id='word_1_229' title='bbox 857 1884 952 1936; x_wconf 77' lang='grc' dir='ltr'><strong>σὺν</strong></span> <span class='ocrx_word' id='word_1_230' title='bbox 973 1884 1039 1954; x_wconf 83' lang='grc' dir='ltr'>τῇ</span> <span class='ocrx_word' id='word_1_231' title='bbox 1070 1884 1135 1935; x_wconf 90' lang='grc' dir='ltr'><strong>ἐκ</strong></span> <span class='ocrx_word' id='word_1_232' title='bbox 1166 1881 1301 1935; x_wconf 77' lang='grc' dir='ltr'>Θεοῦ</span> <span class='ocrx_word' id='word_1_233' title='bbox 1336 1881 1516 1952; x_wconf 90' lang='grc' dir='ltr'>χάριτι</span> <span class='ocrx_word' id='word_1_234' title='bbox 1549 1882 1643 1933; x_wconf 78' lang='grc' dir='ltr'>καὶ</span> <span class='ocrx_word' id='word_1_235' title='bbox 1678 1880 1959 1950; x_wconf 72' lang='grc' dir='ltr'>συνεργίᾳ,</span> 
     </span>
    </p>
   </div>
   <div class='ocr_carea' id='block_1_38' title="bbox 382 1967 1961 2043">
    <p class='ocr_par' dir='ltr' id='par_1_38' title="bbox 382 1967 1961 2043">
     <span class='ocr_line' id='line_1_38' title="bbox 382 1967 1961 2043; baseline -0.004 -17"><span class='ocrx_word' id='word_1_236' title='bbox 382 1975 505 2027; x_wconf 76' lang='grc' dir='ltr'>ἐπεὶ</span> <span class='ocrx_word' id='word_1_237' title='bbox 530 1974 625 2027; x_wconf 75' lang='grc' dir='ltr'>καὶ</span> <span class='ocrx_word' id='word_1_238' title='bbox 655 1973 747 2026; x_wconf 80' lang='grc' dir='ltr'>τοῦ</span> <span class='ocrx_word' id='word_1_239' title='bbox 780 1972 925 2026; x_wconf 87' lang='grc' dir='ltr'>θείου</span> <span class='ocrx_word' id='word_1_240' title='bbox 959 1971 1276 2043; x_wconf 85' lang='grc' dir='ltr'>Πνεύματος</span> <span class='ocrx_word' id='word_1_241' title='bbox 1321 1970 1488 2023; x_wconf 86' lang='grc' dir='ltr'>εἰσέτι</span> <span class='ocrx_word' id='word_1_242' title='bbox 1518 1970 1639 2022; x_wconf 92' lang='grc' dir='ltr'>τότε</span> <span class='ocrx_word' id='word_1_243' title='bbox 1678 1969 1746 2022; x_wconf 86' lang='grc' dir='ltr'>δι’</span> <span class='ocrx_word' id='word_1_244' title='bbox 1781 1967 1961 2021; x_wconf 80' lang='grc' dir='ltr'>αὐτῶν</span> 
     </span>
    </p>
   </div>
   <div class='ocr_carea' id='block_1_39' title="bbox 383 2060 1963 2138">
    <p class='ocr_par' dir='ltr' id='par_1_39' title="bbox 383 2060 1963 2138">
     <span class='ocr_line' id='line_1_39' title="bbox 383 2060 1963 2138; baseline -0.005 -17"><span class='ocrx_word' id='word_1_245' title='bbox 383 2067 629 2121; x_wconf 82' lang='grc' dir='ltr'>πλεῖσται</span> <span class='ocrx_word' id='word_1_246' title='bbox 689 2065 984 2138; x_wconf 80' lang='grc' dir='ltr'>παράδοξοι</span> <span class='ocrx_word' id='word_1_247' title='bbox 1030 2064 1290 2135; x_wconf 85' lang='grc' dir='ltr'>δυνάμεις</span> <span class='ocrx_word' id='word_1_248' title='bbox 1340 2063 1622 2135; x_wconf 89' lang='grc' dir='ltr'>ἐνήργουν,</span> <span class='ocrx_word' id='word_1_249' title='bbox 1656 2061 1799 2114; x_wconf 81' lang='grc' dir='ltr'>ὥστε</span> <span class='ocrx_word' id='word_1_250' title='bbox 1854 2060 1963 2114; x_wconf 80' lang='grc' dir='ltr'><strong>ἀπὸ</strong></span> 
     </span>
    </p>
   </div>
   <div class='ocr_carea' id='block_1_40' title="bbox 381 2152 1961 2231">
    <p class='ocr_par' dir='ltr' id='par_1_40' title="bbox 381 2152 1961 2231">
     <span class='ocr_line' id='line_1_40' title="bbox 381 2152 1961 2231; baseline -0.004 -19"><span class='ocrx_word' id='word_1_251' title='bbox 381 2156 605 2231; x_wconf 77' lang='grc' dir='ltr'>πρώτης</span> <span class='ocrx_word' id='word_1_252' title='bbox 635 2158 971 2228; x_wconf 88' lang='grc' dir='ltr'>ἀκροάσεως,</span> <span class='ocrx_word' id='word_1_253' title='bbox 994 2155 1207 2229; x_wconf 88' lang='grc' dir='ltr'>ἀθρόως</span> <span class='ocrx_word' id='word_1_254' title='bbox 1233 2153 1504 2225; x_wconf 75' lang='grc' dir='ltr'>αὔτανδρα</span> <span class='ocrx_word' id='word_1_255' title='bbox 1535 2153 1712 2225; x_wconf 84' lang='grc' dir='ltr'>πλήθη</span> <span class='ocrx_word' id='word_1_256' title='bbox 1757 2152 1961 2225; x_wconf 88' lang='grc' dir='ltr'>προθύ-</span> 
     </span>
    </p>
   </div>
   <div class='ocr_carea' id='block_1_41' title="bbox 385 2243 1962 2323">
    <p class='ocr_par' dir='ltr' id='par_1_41' title="bbox 385 2243 1962 2323">
     <span class='ocr_line' id='line_1_41' title="bbox 385 2243 1962 2323; baseline -0.003 -19"><span class='ocrx_word' id='word_1_257' title='bbox 385 2269 499 2323; x_wconf 87' lang='grc' dir='ltr'><strong>μως</strong></span> <span class='ocrx_word' id='word_1_258' title='bbox 528 2249 628 2321; x_wconf 83' lang='grc' dir='ltr'>τὴν</span> <span class='ocrx_word' id='word_1_259' title='bbox 656 2250 736 2312; x_wconf 80' lang='grc' dir='ltr'>εἰς</span> <span class='ocrx_word' id='word_1_260' title='bbox 754 2248 845 2302; x_wconf 84' lang='grc' dir='ltr'><strong>τὸν</strong></span> <span class='ocrx_word' id='word_1_261' title='bbox 875 2248 984 2300; x_wconf 86' lang='grc' dir='ltr'><strong>τῶν</strong></span> <span class='ocrx_word' id='word_1_262' title='bbox 1012 2248 1149 2301; x_wconf 84' lang='grc' dir='ltr'>ὅλων</span> <span class='ocrx_word' id='word_1_263' title='bbox 1178 2246 1519 2317; x_wconf 87' lang='grc' dir='ltr'>Δημιουργὸν</span> <span class='ocrx_word' id='word_1_264' title='bbox 1544 2243 1822 2298; x_wconf 78' lang='grc' dir='ltr'>εὐσέϐειαν</span> <span class='ocrx_word' id='word_1_265' title='bbox 1861 2246 1962 2299; x_wconf 81' lang='grc' dir='ltr'>αὐ-</span> 
     </span>
    </p>
   </div>
   <div class='ocr_carea' id='block_1_42' title="bbox 378 2336 1963 2413">
    <p class='ocr_par' dir='ltr' id='par_1_42' title="bbox 378 2336 1963 2413">
     <span class='ocr_line' id='line_1_42' title="bbox 378 2336 1963 2413; baseline -0.004 -17"><span class='ocrx_word' id='word_1_266' title='bbox 378 2347 498 2407; x_wconf 75' lang='grc' dir='ltr'>ταῖς</span> <span class='ocrx_word' id='word_1_267' title='bbox 527 2343 727 2413; x_wconf 78' lang='grc' dir='ltr'>ψυχαῖς</span> <span class='ocrx_word' id='word_1_268' title='bbox 770 2339 1163 2410; x_wconf 83' lang='grc' dir='ltr'>καταδέχεσθαι</span> <span class='ocrx_word' id='word_1_269' title='bbox 1200 2339 1336 2410; x_wconf 67' lang='lat'><strong>(72).</strong></span> <span class='ocrx_word' id='word_1_270' title='bbox 1391 2337 1675 2391; x_wconf 84' lang='grc' dir='ltr'>Ἀδυνάτου</span> <span class='ocrx_word' id='word_1_271' title='bbox 1723 2338 1768 2391; x_wconf 83' lang='grc' dir='ltr'>δ’</span> <span class='ocrx_word' id='word_1_272' title='bbox 1811 2336 1963 2401; x_wconf 78' lang='grc' dir='ltr'>ὄντος</span> 
     </span>
    </p>
   </div>
   <div class='ocr_carea' id='block_1_43' title="bbox 381 2432 1962 2509">
    <p class='ocr_par' dir='ltr' id='par_1_43' title="bbox 381 2432 1962 2509">
     <span class='ocr_line' id='line_1_43' title="bbox 381 2432 1962 2509; baseline -0.005 -17"><span class='ocrx_word' id='word_1_273' title='bbox 381 2440 515 2509; x_wconf 80' lang='grc' dir='ltr'>ἡμῖν</span> <span class='ocrx_word' id='word_1_274' title='bbox 546 2437 792 2501; x_wconf 75' lang='grc' dir='ltr'>ἅπαντας</span> <span class='ocrx_word' id='word_1_275' title='bbox 820 2436 880 2501; x_wconf 81' lang='grc' dir='ltr'><strong>ἐξ</strong></span> <span class='ocrx_word' id='word_1_276' title='bbox 899 2436 1160 2506; x_wconf 84' lang='grc' dir='ltr'>ὀνόματος</span> <span class='ocrx_word' id='word_1_277' title='bbox 1191 2433 1640 2506; x_wconf 85' lang='grc' dir='ltr'>ἀπαριθμεῖσθαι,</span> <span class='ocrx_word' id='word_1_278' title='bbox 1688 2433 1801 2486; x_wconf 83' lang='grc' dir='ltr'>ὅσοι</span> <span class='ocrx_word' id='word_1_279' title='bbox 1833 2432 1962 2485; x_wconf 86' lang='grc' dir='ltr'><strong>ποτέ</strong></span> 
     </span>
    </p>
   </div>
   <div class='ocr_carea' id='block_1_44' title="bbox 381 2525 1961 2600">
    <p class='ocr_par' dir='ltr' id='par_1_44' title="bbox 381 2525 1961 2600">
     <span class='ocr_line' id='line_1_44' title="bbox 381 2525 1961 2600; baseline -0.004 -17"><span class='ocrx_word' id='word_1_280' title='bbox 381 2528 529 2584; x_wconf 80' lang='grc' dir='ltr'><strong>κατά</strong></span> <span class='ocrx_word' id='word_1_281' title='bbox 552 2528 650 2599; x_wconf 82' lang='grc' dir='ltr'>τὴν</span> <span class='ocrx_word' id='word_1_282' title='bbox 671 2526 897 2600; x_wconf 88' lang='grc' dir='ltr'>πρώτην</span> <span class='ocrx_word' id='word_1_283' title='bbox 929 2526 1037 2579; x_wconf 87' lang='grc' dir='ltr'><strong>τῶν</strong></span> <span class='ocrx_word' id='word_1_284' title='bbox 1090 2525 1403 2580; x_wconf 86' lang='grc' dir='ltr'>ἀποστόλων</span> <span class='ocrx_word' id='word_1_285' title='bbox 1434 2525 1685 2597; x_wconf 78' lang='grc' dir='ltr'>διαδοχήν</span> <span class='ocrx_word' id='word_1_286' title='bbox 1731 2527 1789 2578; x_wconf 82' lang='grc' dir='ltr'><strong>ἐν</strong></span> <span class='ocrx_word' id='word_1_287' title='bbox 1837 2528 1961 2588; x_wconf 87' lang='grc' dir='ltr'>ταῖς</span> 
     </span>
    </p>
   </div>
   <div class='ocr_carea' id='block_1_45' title="bbox 381 2618 1955 2692">
    <p class='ocr_par' dir='ltr' id='par_1_45' title="bbox 381 2618 1955 2692">
     <span class='ocr_line' id='line_1_45' title="bbox 381 2618 1955 2692; baseline -0.002 -17"><span class='ocrx_word' id='word_1_288' title='bbox 381 2620 525 2676; x_wconf 79' lang='grc' dir='ltr'><strong>κατά</strong></span> <span class='ocrx_word' id='word_1_289' title='bbox 551 2621 650 2692; x_wconf 72' lang='grc' dir='ltr'><strong>τήν</strong></span> <span class='ocrx_word' id='word_1_290' title='bbox 675 2620 1000 2691; x_wconf 80' lang='grc' dir='ltr'>οἰκουμένην</span> <span class='ocrx_word' id='word_1_291' title='bbox 1044 2619 1389 2689; x_wconf 86' lang='grc' dir='ltr'>Ἐκκλησίαις</span> <span class='ocrx_word' id='word_1_292' title='bbox 1410 2619 1665 2687; x_wconf 86' lang='grc' dir='ltr'>γεγόνασι</span> <span class='ocrx_word' id='word_1_293' title='bbox 1698 2618 1955 2689; x_wconf 88' lang='grc' dir='ltr'>ποιμένες</span> 
     </span>
    </p>
   </div>
   <div class='ocr_carea' id='block_1_46' title="bbox 380 2710 1960 2783">
    <p class='ocr_par' dir='ltr' id='par_1_46' title="bbox 380 2710 1960 2783">
     <span class='ocr_line' id='line_1_46' title="bbox 380 2710 1960 2783; baseline -0.001 -17"><span class='ocrx_word' id='word_1_294' title='bbox 380 2712 414 2783; x_wconf 74' lang='grc' dir='ltr'>ἢ</span> <span class='ocrx_word' id='word_1_295' title='bbox 458 2713 554 2767; x_wconf 79' lang='grc' dir='ltr'>καὶ</span> <span class='ocrx_word' id='word_1_296' title='bbox 596 2712 1002 2781; x_wconf 78' lang='grc' dir='ltr'>εὐαγγελισταὶ,</span> <span class='ocrx_word' id='word_1_297' title='bbox 1057 2710 1259 2765; x_wconf 78' lang='grc' dir='ltr'>τούτων</span> <span class='ocrx_word' id='word_1_298' title='bbox 1309 2715 1532 2775; x_wconf 80' lang='grc' dir='ltr'>εἰκότως</span> <span class='ocrx_word' id='word_1_299' title='bbox 1577 2711 1637 2777; x_wconf 81' lang='grc' dir='ltr'><strong>ἐξ</strong></span> <span class='ocrx_word' id='word_1_300' title='bbox 1697 2711 1960 2782; x_wconf 81' lang='grc' dir='ltr'>ὀνόματος</span> 
     </span>
    </p>
   </div>
   <div class='ocr_carea' id='block_1_47' title="bbox 378 2796 1962 2874">
    <p class='ocr_par' dir='ltr' id='par_1_47' title="bbox 378 2796 1962 2874">
     <span class='ocr_line' id='line_1_47' title="bbox 378 2796 1962 2874; baseline 0.001 -20"><span class='ocrx_word' id='word_1_301' title='bbox 378 2804 564 2873; x_wconf 75' lang='grc' dir='ltr'>γραφῇ</span> <span class='ocrx_word' id='word_1_302' title='bbox 595 2801 769 2872; x_wconf 90' lang='grc' dir='ltr'>μόνων</span> <span class='ocrx_word' id='word_1_303' title='bbox 797 2802 898 2871; x_wconf 79' lang='grc' dir='ltr'>τὴν</span> <span class='ocrx_word' id='word_1_304' title='bbox 927 2803 1144 2872; x_wconf 88' lang='grc' dir='ltr'>μνήμην</span> <span class='ocrx_word' id='word_1_305' title='bbox 1174 2796 1720 2874; x_wconf 76' lang='grc' dir='ltr'>κατατεθείμεθα,ὧν</span> <span class='ocrx_word' id='word_1_306' title='bbox 1752 2803 1834 2858; x_wconf 81' lang='grc' dir='ltr'>ἔτι</span> <span class='ocrx_word' id='word_1_307' title='bbox 1865 2802 1962 2857; x_wconf 80' lang='grc' dir='ltr'>καὶ</span> 
     </span>
    </p>
   </div>
   <div class='ocr_carea' id='block_1_48' title="bbox 378 2892 1964 2966">
    <p class='ocr_par' dir='ltr' id='par_1_48' title="bbox 378 2892 1964 2966">
     <span class='ocr_line' id='line_1_48' title="bbox 378 2892 1964 2966; baseline 0.003 -21"><span class='ocrx_word' id='word_1_308' title='bbox 378 2892 473 2946; x_wconf 80' lang='grc' dir='ltr'>νῦν</span> <span class='ocrx_word' id='word_1_309' title='bbox 500 2894 580 2956; x_wconf 83' lang='grc' dir='ltr'><strong>είς</strong></span> <span class='ocrx_word' id='word_1_310' title='bbox 610 2894 757 2964; x_wconf 78' lang='grc' dir='ltr'>ἡμᾶς</span> <span class='ocrx_word' id='word_1_311' title='bbox 786 2893 855 2946; x_wconf 84' lang='grc' dir='ltr'>δι’</span> <span class='ocrx_word' id='word_1_312' title='bbox 888 2894 1293 2965; x_wconf 77' lang='grc' dir='ltr'>ὑπομνημάτων</span> <span class='ocrx_word' id='word_1_313' title='bbox 1332 2895 1434 2966; x_wconf 82' lang='grc' dir='ltr'>τῆς</span> <span class='ocrx_word' id='word_1_314' title='bbox 1475 2895 1841 2966; x_wconf 82' lang='grc' dir='ltr'>ἀποστολικῆς</span> <span class='ocrx_word' id='word_1_315' title='bbox 1886 2894 1964 2949; x_wconf 82' lang='grc' dir='ltr'>δι·-</span> 
     </span>
    </p>
   </div>
   <div class='ocr_carea' id='block_1_49' title="bbox 377 2984 1338 3060">
    <p class='ocr_par' dir='ltr' id='par_1_49' title="bbox 377 2984 1338 3060">
     <span class='ocr_line' id='line_1_49' title="bbox 377 2984 1338 3060; baseline 0.002 -23"><span class='ocrx_word' id='word_1_316' title='bbox 377 2984 673 3049; x_wconf 83' lang='grc' dir='ltr'>δασκαλίας</span> <span class='ocrx_word' id='word_1_317' title='bbox 699 2986 732 3057; x_wconf 86' lang='grc' dir='ltr'><strong>ή</strong></span> <span class='ocrx_word' id='word_1_318' title='bbox 762 2986 1061 3060; x_wconf 78' lang='grc' dir='ltr'>παράδοσις</span> <span class='ocrx_word' id='word_1_319' title='bbox 1094 2987 1338 3058; x_wconf 83' lang='grc' dir='ltr'>φέρεται.</span> 
     </span>
    </p>
   </div>
   <div class='ocr_carea' id='block_1_50' title="bbox 875 3142 1451 3197">
    <p class='ocr_par' dir='ltr' id='par_1_50' title="bbox 875 3142 1451 3197">
     <span class='ocr_line' id='line_1_50' title="bbox 875 3142 1451 3197; baseline 0.002 -1"><span class='ocrx_word' id='word_1_320' title='bbox 875 3142 1273 3197; x_wconf 78' lang='grc' dir='ltr'><strong>ΚΕΦΑΛΑΙΟΝ</strong></span> <span class='ocrx_word' id='word_1_321' title='bbox 1319 3144 1451 3197; x_wconf 84' lang='lat' dir='ltr'><strong>AH’.</strong></span> 
     </span>
    </p>
   </div>
   <div class='ocr_carea' id='block_1_51' title="bbox 953 3254 1957 3324">
    <p class='ocr_par' dir='ltr' id='par_1_51' title="bbox 953 3254 1957 3324">
     <span class='ocr_line' id='line_1_51' title="bbox 953 3254 1957 3324; baseline 0 -15"><span class='ocrx_word' id='word_1_322' title='bbox 953 3273 1020 3322; x_wconf 91' lang='grc' dir='ltr'><strong>ος</strong></span> <span class='ocrx_word' id='word_1_323' title='bbox 1059 3255 1393 3324; x_wconf 78' lang='grc' dir='ltr'>ἐπιστολῆς</span> <span class='ocrx_word' id='word_1_324' title='bbox 1433 3258 1531 3313; x_wconf 75' lang='grc' dir='ltr'>καὶ</span> <span class='ocrx_word' id='word_1_325' title='bbox 1564 3256 1683 3312; x_wconf 83' lang='grc' dir='ltr'><strong>τῶν</strong></span> <span class='ocrx_word' id='word_1_326' title='bbox 1714 3254 1957 3324; x_wconf 70' lang='grc' dir='ltr'>ψευδῶς</span> 
     </span>
    </p>
   </div>
   <div class='ocr_carea' id='block_1_52' title="bbox 443 3326 1880 3398">
    <p class='ocr_par' dir='ltr' id='par_1_52' title="bbox 443 3326 1880 3398">
     <span class='ocr_line' id='line_1_52' title="bbox 443 3326 1880 3398; baseline 0.002 -21"><span class='ocrx_word' id='word_1_327' title='bbox 443 3327 531 3391; x_wconf 84' lang='grc' dir='ltr'><strong>είς</strong></span> <span class='ocrx_word' id='word_1_328' title='bbox 558 3326 748 3380; x_wconf 82' lang='grc' dir='ltr'>αὐτόν</span> <span class='ocrx_word' id='word_1_329' title='bbox 777 3327 1239 3396; x_wconf 64' lang='grc' dir='ltr'>ἀναφερομένων</span> <span class='ocrx_word' id='word_1_330' title='bbox 1272 3328 1414 3396; x_wconf 69' lang='lat' dir='ltr'><strong>(Nic.</strong></span> <span class='ocrx_word' id='word_1_331' title='bbox 1453 3326 1524 3382; x_wconf 88' lang='grc' dir='ltr'><strong>Η.</strong></span> <span class='ocrx_word' id='word_1_332' title='bbox 1554 3326 1619 3381; x_wconf 81' lang='grc' dir='ltr'><strong>Ε.</strong></span> <span class='ocrx_word' id='word_1_333' title='bbox 1649 3342 1733 3390; x_wconf 85' lang='lat' dir='ltr'><strong>Ill,</strong></span> <span class='ocrx_word' id='word_1_334' title='bbox 1767 3327 1880 3398; x_wconf 84' lang='grc'><strong>18).</strong></span> 
     </span>
    </p>
   </div>
   <div class='ocr_carea' id='block_1_53' title="bbox 448 3452 1958 3527">
    <p class='ocr_par' dir='ltr' id='par_1_53' title="bbox 448 3452 1958 3527">
     <span class='ocr_line' id='line_1_53' title="bbox 448 3452 1958 3527; baseline 0.003 -19"><span class='ocrx_word' id='word_1_335' title='bbox 448 3456 657 3527; x_wconf 84' lang='grc' dir='ltr'>Ὠσπερ</span> <span class='ocrx_word' id='word_1_336' title='bbox 684 3452 777 3511; x_wconf 81' lang='grc' dir='ltr'><strong>οὖν</strong></span> <span class='ocrx_word' id='word_1_337' title='bbox 807 3455 1113 3527; x_wconf 88' lang='grc' dir='ltr'>ἀμέλειτοῦ</span> <span class='ocrx_word' id='word_1_338' title='bbox 1158 3458 1421 3526; x_wconf 85' lang='grc' dir='ltr'>ἰγνατίου</span> <span class='ocrx_word' id='word_1_339' title='bbox 1454 3461 1512 3513; x_wconf 78' lang='grc' dir='ltr'><strong>ἐν</strong></span> <span class='ocrx_word' id='word_1_340' title='bbox 1541 3456 1630 3523; x_wconf 78' lang='grc' dir='ltr'>αἶς</span> <span class='ocrx_word' id='word_1_341' title='bbox 1665 3459 1958 3526; x_wconf 82' lang='grc' dir='ltr'>κατελέξα-</span> 
     </span>
    </p>
   </div>
   <div class='ocr_carea' id='block_1_54' title="bbox 378 3548 1957 3623">
    <p class='ocr_par' dir='ltr' id='par_1_54' title="bbox 378 3548 1957 3623">
     <span class='ocr_line' id='line_1_54' title="bbox 378 3548 1957 3623; baseline 0.004 -25"><span class='ocrx_word' id='word_1_342' title='bbox 378 3564 477 3617; x_wconf 85' lang='grc' dir='ltr'><strong>μεν</strong></span> <span class='ocrx_word' id='word_1_343' title='bbox 510 3548 837 3613; x_wconf 84' lang='grc' dir='ltr'>ἐπιστολαῖς,</span> <span class='ocrx_word' id='word_1_344' title='bbox 872 3550 967 3602; x_wconf 65' lang='grc' dir='ltr'><strong>καὶ</strong></span> <span class='ocrx_word' id='word_1_345' title='bbox 994 3549 1089 3603; x_wconf 79' lang='grc' dir='ltr'>τοῦ</span> <span class='ocrx_word' id='word_1_346' title='bbox 1118 3550 1435 3622; x_wconf 75' lang='grc' dir='ltr'>Κλήμεντος</span> <span class='ocrx_word' id='word_1_347' title='bbox 1465 3553 1523 3604; x_wconf 79' lang='grc' dir='ltr'><strong>ἐν</strong></span> <span class='ocrx_word' id='word_1_348' title='bbox 1569 3553 1635 3622; x_wconf 85' lang='grc' dir='ltr'>τῇ</span> <span class='ocrx_word' id='word_1_349' title='bbox 1683 3552 1957 3623; x_wconf 78' lang='grc' dir='ltr'>ἀνωμολο-</span> 
     </span>
    </p>
   </div>
   <div class='ocr_carea' id='block_1_55' title="bbox 373 3638 1956 3714">
    <p class='ocr_par' dir='ltr' id='par_1_55' title="bbox 373 3638 1956 3714">
     <span class='ocr_line' id='line_1_55' title="bbox 373 3638 1956 3714; baseline 0.004 -24"><span class='ocrx_word' id='word_1_350' title='bbox 373 3638 591 3712; x_wconf 80' lang='grc' dir='ltr'>γημένῃ</span> <span class='ocrx_word' id='word_1_351' title='bbox 619 3638 771 3710; x_wconf 84' lang='grc' dir='ltr'><strong>παρά</strong></span> <span class='ocrx_word' id='word_1_352' title='bbox 804 3641 988 3703; x_wconf 84' lang='grc' dir='ltr'>πᾶσιν,</span> <span class='ocrx_word' id='word_1_353' title='bbox 1021 3640 1089 3711; x_wconf 77' lang='grc' dir='ltr'>ἢν</span> <span class='ocrx_word' id='word_1_354' title='bbox 1113 3642 1182 3693; x_wconf 87' lang='grc' dir='ltr'><strong>ἐκ</strong></span> <span class='ocrx_word' id='word_1_355' title='bbox 1214 3639 1505 3712; x_wconf 81' lang='grc' dir='ltr'>προσώπου</span> <span class='ocrx_word' id='word_1_356' title='bbox 1535 3642 1633 3713; x_wconf 84' lang='grc' dir='ltr'>τῆς</span> <span class='ocrx_word' id='word_1_357' title='bbox 1669 3643 1956 3714; x_wconf 85' lang='grc' dir='ltr'>Ῥωμαίων</span> 
     </span>
    </p>
   </div>
   <div class='ocr_carea' id='block_1_56' title="bbox 387 3729 1956 3811">
    <p class='ocr_par' dir='ltr' id='par_1_56' title="bbox 387 3729 1956 3811">
     <span class='ocr_line' id='line_1_56' title="bbox 387 3729 1956 3811; baseline 0.03 -59"><span class='ocrx_word' id='word_1_358' title='bbox 387 3729 710 3799; x_wconf 73' lang='grc' dir='ltr'>Ἐκκλησίας</span> <span class='ocrx_word' id='word_1_359' title='bbox 764 3733 829 3802; x_wconf 69' lang='grc' dir='ltr'><strong>τῇ</strong></span> <span class='ocrx_word' id='word_1_360' title='bbox 861 3731 1163 3803; x_wconf 82' lang='grc' dir='ltr'>Κορινθίων</span> <span class='ocrx_word' id='word_1_361' title='bbox 1215 3732 1604 3789; x_wconf 85' lang='grc' dir='ltr'>διετυπώσατο.</span> <span class='ocrx_word' id='word_1_362' title='bbox 1658 3730 1812 3811; x_wconf 82' lang='grc' dir='ltr'><strong>Ἐνῇ</strong></span> <span class='ocrx_word' id='word_1_363' title='bbox 1858 3736 1956 3807; x_wconf 82' lang='grc' dir='ltr'>τῆς</span> 
     </span>
    </p>
   </div>
   <div class='ocr_carea' id='block_1_57' title="bbox 373 3822 1954 3900">
    <p class='ocr_par' dir='ltr' id='par_1_57' title="bbox 373 3822 1954 3900">
     <span class='ocr_line' id='line_1_57' title="bbox 373 3822 1954 3900; baseline 0.004 -27"><span class='ocrx_word' id='word_1_364' title='bbox 373 3822 512 3893; x_wconf 86' lang='grc' dir='ltr'>πρὸς</span> <span class='ocrx_word' id='word_1_365' title='bbox 550 3822 833 3893; x_wconf 78' lang='grc' dir='ltr'>Ἐϐραίους</span> <span class='ocrx_word' id='word_1_366' title='bbox 856 3824 1027 3879; x_wconf 87' lang='grc' dir='ltr'>πολλὰ</span> <span class='ocrx_word' id='word_1_367' title='bbox 1048 3825 1295 3896; x_wconf 85' lang='grc' dir='ltr'>νοήματα</span> <span class='ocrx_word' id='word_1_368' title='bbox 1320 3824 1609 3897; x_wconf 74' lang='grc' dir='ltr'>παραθεὶς,</span> <span class='ocrx_word' id='word_1_369' title='bbox 1636 3828 1736 3900; x_wconf 78' lang='grc' dir='ltr'><strong>ήδη</strong></span> <span class='ocrx_word' id='word_1_370' title='bbox 1768 3828 1825 3882; x_wconf 88' lang='grc' dir='ltr'>δὲ</span> <span class='ocrx_word' id='word_1_371' title='bbox 1859 3828 1954 3883; x_wconf 83' lang='grc' dir='ltr'>καὶ</span> 
     </span>
    </p>
   </div>
   <div class='ocr_carea' id='block_1_58' title="bbox 369 3910 1951 3991">
    <p class='ocr_par' dir='ltr' id='par_1_58' title="bbox 369 3910 1951 3991">
     <span class='ocr_line' id='line_1_58' title="bbox 369 3910 1951 3991; baseline 0.004 -23"><span class='ocrx_word' id='word_1_372' title='bbox 369 3910 647 3978; x_wconf 75' lang='grc' dir='ltr'>αὑτολεξεὶ</span> <span class='ocrx_word' id='word_1_373' title='bbox 681 3916 865 3985; x_wconf 78' lang='grc' dir='ltr'>ῥητοῖς</span> <span class='ocrx_word' id='word_1_374' title='bbox 892 3933 1034 3971; x_wconf 87' lang='grc' dir='ltr'>τισιν</span> <span class='ocrx_word' id='word_1_375' title='bbox 1076 3916 1134 3984; x_wconf 83' lang='grc' dir='ltr'>ἐξ</span> <span class='ocrx_word' id='word_1_376' title='bbox 1167 3917 1335 3989; x_wconf 86' lang='grc' dir='ltr'>αὐτῆς</span> <span class='ocrx_word' id='word_1_377' title='bbox 1384 3917 1748 3990; x_wconf 88' lang='grc' dir='ltr'>χρησάμενος,</span> <span class='ocrx_word' id='word_1_378' title='bbox 1783 3920 1951 3991; x_wconf 84' lang='grc' dir='ltr'>σαφέ-</span> 
     </span>
    </p>
   </div>
   <div class='ocr_carea' id='block_1_59' title="bbox 374 4006 1953 4083">
    <p class='ocr_par' dir='ltr' id='par_1_59' title="bbox 374 4006 1953 4083">
     <span class='ocr_line' id='line_1_59' title="bbox 374 4006 1953 4083; baseline 0.004 -24"><span class='ocrx_word' id='word_1_379' title='bbox 374 4023 542 4059; x_wconf 90' lang='grc' dir='ltr'>στατα</span> <span class='ocrx_word' id='word_1_380' title='bbox 575 4006 907 4079; x_wconf 87' lang='grc' dir='ltr'>παρίστησιν</span> <span class='ocrx_word' id='word_1_381' title='bbox 934 4008 1017 4061; x_wconf 80' lang='grc' dir='ltr'>ὅτι</span> <span class='ocrx_word' id='word_1_382' title='bbox 1048 4007 1121 4080; x_wconf 84' lang='grc' dir='ltr'>μὴ</span> <span class='ocrx_word' id='word_1_383' title='bbox 1149 4009 1266 4063; x_wconf 86' lang='grc' dir='ltr'>νέον</span> <span class='ocrx_word' id='word_1_384' title='bbox 1305 4008 1541 4079; x_wconf 85' lang='grc' dir='ltr'>ὑπάρχει</span> <span class='ocrx_word' id='word_1_385' title='bbox 1573 4011 1634 4063; x_wconf 83' lang='grc' dir='ltr'>τὸ</span> <span class='ocrx_word' id='word_1_386' title='bbox 1667 4012 1953 4083; x_wconf 80' lang='grc' dir='ltr'>σύγγραμ-</span> 
     </span>
    </p>
   </div>
   <div class='ocr_carea' id='block_1_60' title="bbox 372 4096 1949 4173">
    <p class='ocr_par' dir='ltr' id='par_1_60' title="bbox 372 4096 1949 4173">
     <span class='ocr_line' id='line_1_60' title="bbox 372 4096 1949 4173; baseline 0.006 -25"><span class='ocrx_word' id='word_1_387' title='bbox 372 4111 472 4164; x_wconf 84' lang='grc' dir='ltr'>μα.</span> <span class='ocrx_word' id='word_1_388' title='bbox 510 4096 671 4152; x_wconf 88' lang='grc' dir='ltr'>Ὅθεν</span> <span class='ocrx_word' id='word_1_389' title='bbox 702 4099 927 4163; x_wconf 77' lang='grc' dir='ltr'>εἰκότως</span> <span class='ocrx_word' id='word_1_390' title='bbox 953 4100 1150 4167; x_wconf 77' lang='grc' dir='ltr'>ἔδοξεν,</span> <span class='ocrx_word' id='word_1_391' title='bbox 1187 4102 1317 4156; x_wconf 80' lang='grc' dir='ltr'>αὐτὸ</span> <span class='ocrx_word' id='word_1_392' title='bbox 1343 4107 1455 4169; x_wconf 84' lang='grc' dir='ltr'>τοῖς</span> <span class='ocrx_word' id='word_1_393' title='bbox 1482 4104 1689 4168; x_wconf 84' lang='grc' dir='ltr'>λοιποῖς</span> <span class='ocrx_word' id='word_1_394' title='bbox 1713 4107 1949 4173; x_wconf 84' lang='grc' dir='ltr'>ἐγκατα-</span> 
     </span>
    </p>
   </div>
   <div class='ocr_carea' id='block_1_61' title="bbox 371 4185 1949 4270">
    <p class='ocr_par' dir='ltr' id='par_1_61' title="bbox 371 4185 1949 4270">
     <span class='ocr_line' id='line_1_61' title="bbox 371 4185 1949 4270; baseline 0.008 -32"><span class='ocrx_word' id='word_1_395' title='bbox 371 4185 626 4257; x_wconf 85' lang='grc' dir='ltr'>λεχθῆναι</span> <span class='ocrx_word' id='word_1_396' title='bbox 655 4190 946 4260; x_wconf 85' lang='grc' dir='ltr'>γράμμασι</span> <span class='ocrx_word' id='word_1_397' title='bbox 988 4191 1082 4244; x_wconf 82' lang='grc' dir='ltr'>τοῦ</span> <span class='ocrx_word' id='word_1_398' title='bbox 1125 4193 1469 4250; x_wconf 76' lang='grc' dir='ltr'>Ἀποστόλου.</span> <span class='ocrx_word' id='word_1_399' title='bbox 1516 4195 1788 4267; x_wconf 78' lang='grc' dir='ltr'>Ἑϐραίοις</span> <span class='ocrx_word' id='word_1_400' title='bbox 1840 4195 1949 4270; x_wconf 89' lang='grc' dir='ltr'><strong>γάρ</strong></span> 
     </span>
    </p>
   </div>
   <div class='ocr_carea' id='block_1_62' title="bbox 369 4276 1947 4359">
    <p class='ocr_par' dir='ltr' id='par_1_62' title="bbox 369 4276 1947 4359">
     <span class='ocr_line' id='line_1_62' title="bbox 369 4276 1947 4359; baseline 0.006 -30"><span class='ocrx_word' id='word_1_401' title='bbox 369 4276 455 4330; x_wconf 79' lang='grc' dir='ltr'><strong>διὰ</strong></span> <span class='ocrx_word' id='word_1_402' title='bbox 475 4278 575 4349; x_wconf 80' lang='grc' dir='ltr'><strong>τῆς</strong></span> <span class='ocrx_word' id='word_1_403' title='bbox 599 4282 829 4352; x_wconf 88' lang='grc' dir='ltr'>πατρίου</span> <span class='ocrx_word' id='word_1_404' title='bbox 879 4281 1126 4357; x_wconf 84' lang='grc' dir='ltr'>γλώττης</span> <span class='ocrx_word' id='word_1_405' title='bbox 1149 4286 1438 4358; x_wconf 76' lang='grc' dir='ltr'>ἐγγράφως</span> <span class='ocrx_word' id='word_1_406' title='bbox 1467 4286 1809 4359; x_wconf 78' lang='grc' dir='ltr'>ιῦμιληκότος</span> <span class='ocrx_word' id='word_1_407' title='bbox 1853 4287 1947 4340; x_wconf 79' lang='grc' dir='ltr'>τοῦ</span> 
     </span>
    </p>
   </div>
   <div class='ocr_carea' id='block_1_63' title="bbox 371 4368 1948 4450">
    <p class='ocr_par' dir='ltr' id='par_1_63' title="bbox 371 4368 1948 4450">
     <span class='ocr_line' id='line_1_63' title="bbox 371 4368 1948 4450; baseline 0.008 -30"><span class='ocrx_word' id='word_1_408' title='bbox 371 4368 604 4436; x_wconf 85' lang='grc' dir='ltr'>Παύλου,</span> <span class='ocrx_word' id='word_1_409' title='bbox 643 4375 691 4427; x_wconf 85' lang='grc' dir='ltr'>οξ</span> <span class='ocrx_word' id='word_1_410' title='bbox 729 4374 826 4446; x_wconf 80' lang='grc' dir='ltr'>μὲν</span> <span class='ocrx_word' id='word_1_411' title='bbox 857 4374 949 4429; x_wconf 79' lang='grc' dir='ltr'>τὸν</span> <span class='ocrx_word' id='word_1_412' title='bbox 985 4377 1375 4450; x_wconf 80' lang='grc' dir='ltr'>εὐαγγελιστὴν</span> <span class='ocrx_word' id='word_1_413' title='bbox 1402 4380 1636 4439; x_wconf 81' lang='grc' dir='ltr'>Λουκᾶν.</span> <span class='ocrx_word' id='word_1_414' title='bbox 1682 4382 1730 4434; x_wconf 76' lang='lat' dir='ltr'><strong>ei</strong></span> <span class='ocrx_word' id='word_1_415' title='bbox 1770 4380 1826 4433; x_wconf 83' lang='grc' dir='ltr'>δὲ</span> <span class='ocrx_word' id='word_1_416' title='bbox 1857 4380 1948 4433; x_wconf 84' lang='grc' dir='ltr'><strong>τὸν</strong></span> 
     </span>
    </p>
   </div>
   <div class='ocr_carea' id='block_1_64' title="bbox 372 4459 1946 4543">
    <p class='ocr_par' dir='ltr' id='par_1_64' title="bbox 372 4459 1946 4543">
     <span class='ocr_line' id='line_1_64' title="bbox 372 4459 1946 4543; baseline 0.008 -30"><span class='ocrx_word' id='word_1_417' title='bbox 372 4459 663 4531; x_wconf 85' lang='grc' dir='ltr'>Κλήμεντα</span> <span class='ocrx_word' id='word_1_418' title='bbox 711 4464 901 4520; x_wconf 80' lang='grc' dir='ltr'>τοῦτον</span> <span class='ocrx_word' id='word_1_419' title='bbox 953 4468 1116 4522; x_wconf 80' lang='grc' dir='ltr'>αὐτὸν</span> <span class='ocrx_word' id='word_1_420' title='bbox 1180 4469 1515 4543; x_wconf 81' lang='grc' dir='ltr'>ἑρμηνεῦσαι</span> <span class='ocrx_word' id='word_1_421' title='bbox 1584 4471 1805 4541; x_wconf 87' lang='grc' dir='ltr'>λέγουσι</span> <span class='ocrx_word' id='word_1_422' title='bbox 1848 4472 1946 4543; x_wconf 83' lang='grc' dir='ltr'><strong>τὴν</strong></span> 
     </span>
    </p>
   </div>
   <div class='ocr_carea' id='block_1_65' title="bbox 371 4554 1948 4635">
    <p class='ocr_par' dir='ltr' id='par_1_65' title="bbox 371 4554 1948 4635">
     <span class='ocr_line' id='line_1_65' title="bbox 371 4554 1948 4635; baseline 0.008 -31"><span class='ocrx_word' id='word_1_423' title='bbox 371 4554 608 4624; x_wconf 81' lang='grc' dir='ltr'>γραφήν.</span> <span class='ocrx_word' id='word_1_424' title='bbox 632 4556 698 4609; x_wconf 82' lang='lat'><strong>&#39;0</strong></span> <span class='ocrx_word' id='word_1_425' title='bbox 724 4557 819 4610; x_wconf 72' lang='grc' dir='ltr'>καὶ</span> <span class='ocrx_word' id='word_1_426' title='bbox 848 4558 1046 4629; x_wconf 79' lang='grc' dir='ltr'>μᾶλλον</span> <span class='ocrx_word' id='word_1_427' title='bbox 1079 4559 1165 4633; x_wconf 75' lang='grc' dir='ltr'><strong>εἴη</strong></span> <span class='ocrx_word' id='word_1_428' title='bbox 1196 4560 1262 4614; x_wconf 83' lang='grc' dir='ltr'><strong>ἂν</strong></span> <span class='ocrx_word' id='word_1_429' title='bbox 1293 4562 1509 4633; x_wconf 86' lang='grc' dir='ltr'>ἀληθὲς,</span> <span class='ocrx_word' id='word_1_430' title='bbox 1545 4561 1624 4633; x_wconf 82' lang='grc' dir='ltr'><strong>τῷ</strong></span> <span class='ocrx_word' id='word_1_431' title='bbox 1647 4563 1738 4615; x_wconf 85' lang='grc' dir='ltr'><strong>τὸν</strong></span> <span class='ocrx_word' id='word_1_432' title='bbox 1764 4564 1948 4635; x_wconf 79' lang='grc' dir='ltr'>ὅμοιον</span> 
     </span>
    </p>
   </div>
   <div class='ocr_carea' id='block_1_66' title="bbox 369 4644 1951 4725">
    <p class='ocr_par' dir='ltr' id='par_1_66' title="bbox 369 4644 1951 4725">
     <span class='ocr_line' id='line_1_66' title="bbox 369 4644 1951 4725; baseline 0.009 -30"><span class='ocrx_word' id='word_1_433' title='bbox 369 4645 468 4717; x_wconf 63' lang='grc' dir='ltr'>τῆς</span> <span class='ocrx_word' id='word_1_434' title='bbox 491 4644 741 4718; x_wconf 77' lang='grc' dir='ltr'>φράσεως</span> <span class='ocrx_word' id='word_1_435' title='bbox 775 4652 1096 4723; x_wconf 82' lang='grc' dir='ltr'>χαρακτῆρα</span> <span class='ocrx_word' id='word_1_436' title='bbox 1128 4646 1227 4724; x_wconf 89' lang='grc' dir='ltr'><strong>τήν</strong></span> <span class='ocrx_word' id='word_1_437' title='bbox 1256 4670 1316 4707; x_wconf 91' lang='grc' dir='ltr'><strong>τε</strong></span> <span class='ocrx_word' id='word_1_438' title='bbox 1346 4653 1441 4707; x_wconf 81' lang='grc' dir='ltr'>τοῦ</span> <span class='ocrx_word' id='word_1_439' title='bbox 1472 4654 1789 4725; x_wconf 84' lang='grc' dir='ltr'>Κλήμεντος</span> <span class='ocrx_word' id='word_1_440' title='bbox 1836 4657 1951 4710; x_wconf 84' lang='grc' dir='ltr'>ὲπι-</span> 
     </span>
    </p>
   </div>
   <div class='ocr_carea' id='block_1_67' title="bbox 373 4735 1950 4821">
    <p class='ocr_par' dir='ltr' id='par_1_67' title="bbox 373 4735 1950 4821">
     <span class='ocr_line' id='line_1_67' title="bbox 373 4735 1950 4821; baseline 0.01 -33"><span class='ocrx_word' id='word_1_441' title='bbox 373 4735 584 4808; x_wconf 84' lang='grc' dir='ltr'>στολήν,</span> <span class='ocrx_word' id='word_1_442' title='bbox 615 4741 709 4793; x_wconf 76' lang='grc' dir='ltr'><strong>καὶ</strong></span> <span class='ocrx_word' id='word_1_443' title='bbox 738 4742 837 4812; x_wconf 84' lang='grc' dir='ltr'><strong>τὴν</strong></span> <span class='ocrx_word' id='word_1_444' title='bbox 864 4743 1000 4814; x_wconf 83' lang='grc' dir='ltr'>πρὸς</span> <span class='ocrx_word' id='word_1_445' title='bbox 1034 4745 1316 4816; x_wconf 77' lang='grc' dir='ltr'>Ἐϐραίους</span> <span class='ocrx_word' id='word_1_446' title='bbox 1350 4744 1677 4811; x_wconf 75' lang='grc' dir='ltr'>ἀποσώζειν,</span> <span class='ocrx_word' id='word_1_447' title='bbox 1727 4750 1821 4802; x_wconf 78' lang='grc' dir='ltr'>καὶ</span> <span class='ocrx_word' id='word_1_448' title='bbox 1870 4750 1950 4821; x_wconf 83' lang='grc' dir='ltr'><strong>τῷ</strong></span> 
     </span>
    </p>
   </div>
   <div class='ocr_carea' id='block_1_68' title="bbox 374 4828 1949 4913">
    <p class='ocr_par' dir='ltr' id='par_1_68' title="bbox 374 4828 1949 4913">
     <span class='ocr_line' id='line_1_68' title="bbox 374 4828 1949 4913; baseline 0.004 -28"><span class='ocrx_word' id='word_1_449' title='bbox 374 4828 449 4901; x_wconf 81' lang='grc' dir='ltr'><strong>μὴ</strong></span> <span class='ocrx_word' id='word_1_450' title='bbox 479 4829 668 4901; x_wconf 75' lang='grc' dir='ltr'>πόρρω</span> <span class='ocrx_word' id='word_1_451' title='bbox 696 4831 763 4885; x_wconf 91' lang='grc' dir='ltr'><strong>τά</strong></span> <span class='ocrx_word' id='word_1_452' title='bbox 791 4836 849 4887; x_wconf 87' lang='grc' dir='ltr'><strong>ἐν</strong></span> <span class='ocrx_word' id='word_1_453' title='bbox 876 4835 1156 4909; x_wconf 80' lang='grc' dir='ltr'>ἑκατέροις</span> <span class='ocrx_word' id='word_1_454' title='bbox 1184 4841 1296 4902; x_wconf 86' lang='grc' dir='ltr'>τοῖς</span> <span class='ocrx_word' id='word_1_455' title='bbox 1329 4838 1719 4911; x_wconf 87' lang='grc' dir='ltr'>συγγράμμασι</span> <span class='ocrx_word' id='word_1_456' title='bbox 1743 4841 1835 4913; x_wconf 88' lang='grc' dir='ltr'><strong>νοή</strong></span> <span class='ocrx_word' id='word_1_457' title='bbox 1844 4859 1949 4912; x_wconf 89' lang='grc' dir='ltr'>μα-</span> 
     </span>
    </p>
   </div>
   <div class='ocr_carea' id='block_1_69' title="bbox 370 4920 1948 5004">
    <p class='ocr_par' dir='ltr' id='par_1_69' title="bbox 370 4920 1948 5004">
     <span class='ocr_line' id='line_1_69' title="bbox 370 4920 1948 5004; baseline 0.008 -29"><span class='ocrx_word' id='word_1_458' title='bbox 370 4938 436 4975; x_wconf 88' lang='grc' dir='ltr'><strong>τα</strong></span> <span class='ocrx_word' id='word_1_459' title='bbox 468 4920 817 4977; x_wconf 84' lang='grc' dir='ltr'>καθεστάναι.</span> <span class='ocrx_word' id='word_1_460' title='bbox 864 4925 1058 4979; x_wconf 72' lang='grc' dir='ltr'>’ἰστέον</span> <span class='ocrx_word' id='word_1_461' title='bbox 1085 4927 1129 4981; x_wconf 85' lang='grc' dir='ltr'>δ’</span> <span class='ocrx_word' id='word_1_462' title='bbox 1163 4927 1239 4991; x_wconf 84' lang='grc' dir='ltr'><strong>ὡς</strong></span> <span class='ocrx_word' id='word_1_463' title='bbox 1264 4929 1359 4982; x_wconf 74' lang='grc' dir='ltr'><strong>καὶ</strong></span> <span class='ocrx_word' id='word_1_464' title='bbox 1394 4929 1623 5004; x_wconf 87' lang='grc' dir='ltr'>δευτέρα</span> <span class='ocrx_word' id='word_1_465' title='bbox 1663 4950 1747 4997; x_wconf 90' lang='grc' dir='ltr'><strong>τις</strong></span> <span class='ocrx_word' id='word_1_466' title='bbox 1806 4929 1948 4989; x_wconf 75' lang='grc' dir='ltr'>εἶναι</span> 
     </span>
    </p>
   </div>
   <div class='ocr_carea' id='block_1_70' title="bbox 369 5013 1945 5097">
    <p class='ocr_par' dir='ltr' id='par_1_70' title="bbox 369 5013 1945 5097">
     <span class='ocr_line' id='line_1_70' title="bbox 369 5013 1945 5097; baseline 0.009 -31"><span class='ocrx_word' id='word_1_467' title='bbox 369 5013 588 5083; x_wconf 90' lang='grc' dir='ltr'>λέγεται</span> <span class='ocrx_word' id='word_1_468' title='bbox 617 5014 710 5068; x_wconf 79' lang='grc' dir='ltr'>τοῦ</span> <span class='ocrx_word' id='word_1_469' title='bbox 734 5014 1047 5087; x_wconf 80' lang='grc' dir='ltr'>Κλήμεντος</span> <span class='ocrx_word' id='word_1_470' title='bbox 1094 5021 1370 5092; x_wconf 80' lang='grc' dir='ltr'>ἐπιστολή.</span> <span class='ocrx_word' id='word_1_471' title='bbox 1397 5022 1473 5076; x_wconf 85' lang='grc' dir='ltr'><strong>Οὐ</strong></span> <span class='ocrx_word' id='word_1_472' title='bbox 1506 5023 1612 5095; x_wconf 67' lang='grc' dir='ltr'><strong>μὴν</strong></span> <span class='ocrx_word' id='word_1_473' title='bbox 1643 5024 1719 5079; x_wconf 80' lang='grc' dir='ltr'><strong>ἔθ’</strong></span> <span class='ocrx_word' id='word_1_474' title='bbox 1741 5026 1945 5097; x_wconf 86' lang='grc' dir='ltr'>ὁμοίως</span> 
     </span>
    </p>
   </div>
   <div class='ocr_carea' id='block_1_71' title="bbox 369 5106 1944 5186">
    <p class='ocr_par' dir='ltr' id='par_1_71' title="bbox 369 5106 1944 5186">
     <span class='ocr_line' id='line_1_71' title="bbox 369 5106 1944 5186; baseline 0.008 -30"><span class='ocrx_word' id='word_1_475' title='bbox 369 5106 434 5175; x_wconf 80' lang='grc' dir='ltr'>τῇ</span> <span class='ocrx_word' id='word_1_476' title='bbox 463 5106 706 5176; x_wconf 76' lang='grc' dir='ltr'>προτέρᾳ</span> <span class='ocrx_word' id='word_1_477' title='bbox 734 5106 824 5160; x_wconf 74' lang='grc' dir='ltr'>καὶ</span> <span class='ocrx_word' id='word_1_478' title='bbox 875 5106 1077 5180; x_wconf 85' lang='grc' dir='ltr'>ταύτην</span> <span class='ocrx_word' id='word_1_479' title='bbox 1128 5109 1404 5181; x_wconf 84' lang='grc' dir='ltr'>γνώριμον</span> <span class='ocrx_word' id='word_1_480' title='bbox 1458 5113 1834 5186; x_wconf 86' lang='grc' dir='ltr'>ἐπιστάμεθα,</span> <span class='ocrx_word' id='word_1_481' title='bbox 1862 5116 1944 5169; x_wconf 82' lang='grc' dir='ltr'><strong>ὅτι</strong></span> 
     </span>
    </p>
   </div>
   <div class='ocr_carea' id='block_1_72' title="bbox 372 5195 1946 5278">
    <p class='ocr_par' dir='ltr' id='par_1_72' title="bbox 372 5195 1946 5278">
     <span class='ocr_line' id='line_1_72' title="bbox 372 5195 1946 5278; baseline 0.01 -32"><span class='ocrx_word' id='word_1_482' title='bbox 372 5195 508 5266; x_wconf 82' lang='grc' dir='ltr'>μηδὲ</span> <span class='ocrx_word' id='word_1_483' title='bbox 529 5196 765 5261; x_wconf 72' lang='grc' dir='ltr'>καὶτοὺς</span> <span class='ocrx_word' id='word_1_484' title='bbox 790 5198 1051 5270; x_wconf 87' lang='grc' dir='ltr'>ἀρχαίους</span> <span class='ocrx_word' id='word_1_485' title='bbox 1074 5202 1210 5274; x_wconf 79' lang='grc' dir='ltr'>αὐτῇ</span> <span class='ocrx_word' id='word_1_486' title='bbox 1234 5204 1603 5277; x_wconf 84' lang='grc' dir='ltr'>κεχρημένους</span> <span class='ocrx_word' id='word_1_487' title='bbox 1620 5206 1946 5278; x_wconf 83' lang='grc' dir='ltr'>ῐσμεν.Ἤδη</span> 
     </span>
    </p>
   </div>
   <div class='ocr_carea' id='block_1_73' title="bbox 368 5286 1948 5371">
    <p class='ocr_par' dir='ltr' id='par_1_73' title="bbox 368 5286 1948 5371">
     <span class='ocr_line' id='line_1_73' title="bbox 368 5286 1948 5371; baseline 0.01 -32"><span class='ocrx_word' id='word_1_488' title='bbox 368 5286 426 5339; x_wconf 83' lang='grc' dir='ltr'>δὲ</span> <span class='ocrx_word' id='word_1_489' title='bbox 452 5287 545 5340; x_wconf 80' lang='grc' dir='ltr'>καὶ</span> <span class='ocrx_word' id='word_1_490' title='bbox 576 5288 739 5362; x_wconf 74' lang='grc' dir='ltr'>ἕτερα</span> <span class='ocrx_word' id='word_1_491' title='bbox 784 5291 1029 5361; x_wconf 87' lang='grc' dir='ltr'>πολυεπῆ</span> <span class='ocrx_word' id='word_1_492' title='bbox 1061 5293 1156 5346; x_wconf 82' lang='grc' dir='ltr'><strong>καὶ</strong></span> <span class='ocrx_word' id='word_1_493' title='bbox 1205 5297 1393 5368; x_wconf 78' lang='grc' dir='ltr'>μακρὰ</span> <span class='ocrx_word' id='word_1_494' title='bbox 1439 5299 1841 5371; x_wconf 84' lang='grc' dir='ltr'>συγγράμματα</span> <span class='ocrx_word' id='word_1_495' title='bbox 1872 5301 1948 5364; x_wconf 84' lang='grc' dir='ltr'><strong>ὡς</strong></span> 
     </span>
    </p>
   </div>
   <div class='ocr_carea' id='block_1_74' title="bbox 370 5376 1947 5463">
    <p class='ocr_par' dir='ltr' id='par_1_74' title="bbox 370 5376 1947 5463">
     <span class='ocr_line' id='line_1_74' title="bbox 370 5376 1947 5463; baseline 0.01 -34"><span class='ocrx_word' id='word_1_496' title='bbox 370 5376 464 5430; x_wconf 79' lang='grc' dir='ltr'>τοῦ</span> <span class='ocrx_word' id='word_1_497' title='bbox 492 5378 659 5433; x_wconf 80' lang='grc' dir='ltr'>αὑτοῦ</span> <span class='ocrx_word' id='word_1_498' title='bbox 708 5381 834 5452; x_wconf 81' lang='grc' dir='ltr'>χθὲς</span> <span class='ocrx_word' id='word_1_499' title='bbox 865 5384 958 5437; x_wconf 82' lang='grc' dir='ltr'>καὶ</span> <span class='ocrx_word' id='word_1_500' title='bbox 988 5383 1181 5456; x_wconf 89' lang='grc' dir='ltr'>πρώην</span> <span class='ocrx_word' id='word_1_501' title='bbox 1207 5386 1350 5450; x_wconf 82' lang='grc' dir='ltr'>τινὲς</span> <span class='ocrx_word' id='word_1_502' title='bbox 1375 5389 1708 5459; x_wconf 84' lang='grc' dir='ltr'>προήγαγον,</span> <span class='ocrx_word' id='word_1_503' title='bbox 1736 5391 1947 5463; x_wconf 88' lang='grc' dir='ltr'>Πέτρου</span> 
     </span>
    </p>
   </div>
   <div class='ocr_carea' id='block_1_75' title="bbox 2070 1880 3652 1951">
    <p class='ocr_par' dir='ltr' id='par_1_75' title="bbox 2070 1880 3652 1951">
     <span class='ocr_line' id='line_1_75' title="bbox 2070 1880 3652 1951; baseline 0.003 -14"><span class='ocrx_word' id='word_1_504' title='bbox 2070 1882 2202 1938; x_wconf 91' lang='lat' dir='ltr'><strong>tenti</strong></span> <span class='ocrx_word' id='word_1_505' title='bbox 2238 1881 2306 1934; x_wconf 88' lang='lat' dir='ltr'><strong>ad</strong></span> <span class='ocrx_word' id='word_1_506' title='bbox 2363 1880 2503 1935; x_wconf 87' lang='lat' dir='ltr'><strong>alias</strong></span> <span class='ocrx_word' id='word_1_507' title='bbox 2537 1891 2727 1950; x_wconf 84' lang='lat' dir='ltr'><strong>gentes</strong></span> <span class='ocrx_word' id='word_1_508' title='bbox 2765 1895 2831 1935; x_wconf 90' lang='lat' dir='ltr'><strong>ac</strong></span> <span class='ocrx_word' id='word_1_509' title='bbox 2876 1881 3130 1951; x_wconf 85' lang='lat' dir='ltr'><strong>regiones</strong></span> <span class='ocrx_word' id='word_1_510' title='bbox 3157 1923 3172 1949; x_wconf 97' lang='lat'><strong>,</strong></span> <span class='ocrx_word' id='word_1_511' title='bbox 3207 1885 3508 1940; x_wconf 83' lang='lat' dir='ltr'><strong>comitante</strong></span> <span class='ocrx_word' id='word_1_512' title='bbox 3556 1885 3652 1942; x_wconf 90' lang='lat' dir='ltr'><strong>Dei</strong></span> 
     </span>
    </p>
   </div>
   <div class='ocr_carea' id='block_1_76' title="bbox 2068 1972 3657 2046">
    <p class='ocr_par' dir='ltr' id='par_1_76' title="bbox 2068 1972 3657 2046">
     <span class='ocr_line' id='line_1_76' title="bbox 2068 1972 3657 2046; baseline 0.004 -20"><span class='ocrx_word' id='word_1_513' title='bbox 2068 1972 2244 2045; x_wconf 83' lang='lat' dir='ltr'><strong>gratia</strong></span> <span class='ocrx_word' id='word_1_514' title='bbox 2276 1987 2342 2027; x_wconf 90' lang='lat' dir='ltr'><strong>ac</strong></span> <span class='ocrx_word' id='word_1_515' title='bbox 2365 1972 2569 2027; x_wconf 84' lang='lat' dir='ltr'><strong>virtute</strong></span> <span class='ocrx_word' id='word_1_516' title='bbox 2608 1974 3000 2041; x_wconf 84' lang='lat' dir='ltr'><strong>properabant.</strong></span> <span class='ocrx_word' id='word_1_517' title='bbox 3043 1974 3255 2045; x_wconf 84' lang='lat' dir='ltr'><strong>Quippe</strong></span> <span class='ocrx_word' id='word_1_518' title='bbox 3298 1977 3464 2031; x_wconf 88' lang='lat' dir='ltr'><strong>divini</strong></span> <span class='ocrx_word' id='word_1_519' title='bbox 3492 1979 3657 2046; x_wconf 91' lang='lat' dir='ltr'><strong>spiri-</strong></span> 
     </span>
    </p>
   </div>
   <div class='ocr_carea' id='block_1_77' title="bbox 2072 2067 3653 2137">
    <p class='ocr_par' dir='ltr' id='par_1_77' title="bbox 2072 2067 3653 2137">
     <span class='ocr_line' id='line_1_77' title="bbox 2072 2067 3653 2137; baseline 0.002 -14"><span class='ocrx_word' id='word_1_520' title='bbox 2072 2080 2157 2123; x_wconf 89' lang='lat' dir='ltr'><strong>tus</strong></span> <span class='ocrx_word' id='word_1_521' title='bbox 2205 2069 2287 2123; x_wconf 90' lang='lat' dir='ltr'><strong>vis</strong></span> <span class='ocrx_word' id='word_1_522' title='bbox 2340 2082 2403 2123; x_wconf 90' lang='lat' dir='ltr'><strong>ac</strong></span> <span class='ocrx_word' id='word_1_523' title='bbox 2444 2068 2688 2137; x_wconf 77' lang='lat' dir='ltr'><strong>potentia</strong></span> <span class='ocrx_word' id='word_1_524' title='bbox 2716 2106 2732 2133; x_wconf 95' lang='lat'><strong>,</strong></span> <span class='ocrx_word' id='word_1_525' title='bbox 2784 2067 2953 2121; x_wconf 92' lang='lat' dir='ltr'><strong>multa</strong></span> <span class='ocrx_word' id='word_1_526' title='bbox 2999 2083 3096 2137; x_wconf 89' lang='lat' dir='ltr'><strong>per</strong></span> <span class='ocrx_word' id='word_1_527' title='bbox 3134 2070 3354 2126; x_wconf 88' lang='lat' dir='ltr'><strong>eosdem</strong></span> <span class='ocrx_word' id='word_1_528' title='bbox 3391 2072 3653 2128; x_wconf 84' lang='lat' dir='ltr'><strong>miracula</strong></span> 
     </span>
    </p>
   </div>
   <div class='ocr_carea' id='block_1_78' title="bbox 2069 2157 3653 2229">
    <p class='ocr_par' dir='ltr' id='par_1_78' title="bbox 2069 2157 3653 2229">
     <span class='ocr_line' id='line_1_78' title="bbox 2069 2157 3653 2229; baseline 0.001 -14"><span class='ocrx_word' id='word_1_529' title='bbox 2069 2159 2358 2215; x_wconf 89' lang='lat' dir='ltr'><strong>etiamtum</strong></span> <span class='ocrx_word' id='word_1_530' title='bbox 2387 2158 2741 2229; x_wconf 84' lang='lat' dir='ltr'><strong>operabatur.</strong></span> <span class='ocrx_word' id='word_1_531' title='bbox 2766 2157 2917 2214; x_wconf 83' lang='lat' dir='ltr'><strong>Adeo</strong></span> <span class='ocrx_word' id='word_1_532' title='bbox 2944 2166 3005 2212; x_wconf 91' lang='lat' dir='ltr'><strong>ut</strong></span> <span class='ocrx_word' id='word_1_533' title='bbox 3043 2159 3218 2228; x_wconf 84' lang='lat' dir='ltr'><strong>prima</strong></span> <span class='ocrx_word' id='word_1_534' title='bbox 3248 2161 3432 2215; x_wconf 87' lang='lat' dir='ltr'><strong>statim</strong></span> <span class='ocrx_word' id='word_1_535' title='bbox 3467 2163 3653 2217; x_wconf 86' lang='lat' dir='ltr'><strong>audita</strong></span> 
     </span>
    </p>
   </div>
   <div class='ocr_carea' id='block_1_79' title="bbox 2067 2250 3655 2321">
    <p class='ocr_par' dir='ltr' id='par_1_79' title="bbox 2067 2250 3655 2321">
     <span class='ocr_line' id='line_1_79' title="bbox 2067 2250 3655 2321; baseline 0.003 -15"><span class='ocrx_word' id='word_1_536' title='bbox 2067 2251 2455 2320; x_wconf 64' lang='lat' dir='ltr'><strong>praedicatione</strong></span> <span class='ocrx_word' id='word_1_537' title='bbox 2481 2289 2498 2316; x_wconf 96' lang='lat'><strong>,</strong></span> <span class='ocrx_word' id='word_1_538' title='bbox 2540 2250 2783 2306; x_wconf 89' lang='lat' dir='ltr'><strong>universi</strong></span> <span class='ocrx_word' id='word_1_539' title='bbox 2828 2250 2990 2305; x_wconf 90' lang='lat' dir='ltr'><strong>simul</strong></span> <span class='ocrx_word' id='word_1_540' title='bbox 3023 2252 3209 2321; x_wconf 90' lang='lat' dir='ltr'><strong>populi</strong></span> <span class='ocrx_word' id='word_1_541' title='bbox 3259 2254 3372 2307; x_wconf 90' lang='lat' dir='ltr'><strong>veri</strong></span> <span class='ocrx_word' id='word_1_542' title='bbox 3404 2252 3655 2310; x_wconf 86' lang='lat' dir='ltr'><strong>Numinis</strong></span> 
     </span>
    </p>
   </div>
   <div class='ocr_carea' id='block_1_80' title="bbox 2064 2342 3653 2413">
    <p class='ocr_par' dir='ltr' id='par_1_80' title="bbox 2064 2342 3653 2413">
     <span class='ocr_line' id='line_1_80' title="bbox 2064 2342 3653 2413; baseline 0.002 -15"><span class='ocrx_word' id='word_1_543' title='bbox 2064 2344 2273 2399; x_wconf 91' lang='lat' dir='ltr'><strong>cultum</strong></span> <span class='ocrx_word' id='word_1_544' title='bbox 2316 2342 2728 2413; x_wconf 85' lang='lat' dir='ltr'><strong>promptissimo</strong></span> <span class='ocrx_word' id='word_1_545' title='bbox 2772 2343 2955 2398; x_wconf 90' lang='lat' dir='ltr'><strong>animo</strong></span> <span class='ocrx_word' id='word_1_546' title='bbox 2984 2344 3349 2413; x_wconf 88' lang='lat' dir='ltr'><strong>susciperent.</strong></span> <span class='ocrx_word' id='word_1_547' title='bbox 3382 2344 3653 2401; x_wconf 86' lang='lat' dir='ltr'><strong>Caeterum</strong></span> 
     </span>
    </p>
   </div>
   <div class='ocr_carea' id='block_1_81' title="bbox 2069 2432 3651 2505">
    <p class='ocr_par' dir='ltr' id='par_1_81' title="bbox 2069 2432 3651 2505">
     <span class='ocr_line' id='line_1_81' title="bbox 2069 2432 3651 2505; baseline 0.003 -17"><span class='ocrx_word' id='word_1_548' title='bbox 2069 2450 2194 2488; x_wconf 89' lang='lat' dir='ltr'><strong>cum</strong></span> <span class='ocrx_word' id='word_1_549' title='bbox 2242 2432 2359 2487; x_wconf 81' lang='lat' dir='ltr'><strong>ﬁeri</strong></span> <span class='ocrx_word' id='word_1_550' title='bbox 2385 2432 2537 2487; x_wconf 90' lang='lat' dir='ltr'><strong>nullo</strong></span> <span class='ocrx_word' id='word_1_551' title='bbox 2574 2433 2734 2489; x_wconf 91' lang='lat' dir='ltr'><strong>modo</strong></span> <span class='ocrx_word' id='word_1_552' title='bbox 2759 2434 2930 2503; x_wconf 87' lang='lat' dir='ltr'><strong>possit</strong></span> <span class='ocrx_word' id='word_1_553' title='bbox 2974 2444 3033 2487; x_wconf 88' lang='lat' dir='ltr'><strong>ut</strong></span> <span class='ocrx_word' id='word_1_554' title='bbox 3065 2435 3305 2505; x_wconf 83' lang='lat' dir='ltr'><strong>singulos</strong></span> <span class='ocrx_word' id='word_1_555' title='bbox 3331 2438 3651 2493; x_wconf 76' lang='lat' dir='ltr'><strong>nominatim</strong></span> 
     </span>
    </p>
   </div>
   <div class='ocr_carea' id='block_1_82' title="bbox 2068 2525 3653 2596">
    <p class='ocr_par' dir='ltr' id='par_1_82' title="bbox 2068 2525 3653 2596">
     <span class='ocr_line' id='line_1_82' title="bbox 2068 2525 3653 2596; baseline 0.005 -18"><span class='ocrx_word' id='word_1_556' title='bbox 2068 2539 2485 2591; x_wconf 89' lang='lat' dir='ltr'><strong>rccenseamus,</strong></span> <span class='ocrx_word' id='word_1_557' title='bbox 2518 2532 2787 2593; x_wconf 88' lang='lat' dir='ltr'><strong>quotquot</strong></span> <span class='ocrx_word' id='word_1_558' title='bbox 2822 2525 3015 2594; x_wconf 86' lang='lat' dir='ltr'><strong>primis</strong></span> <span class='ocrx_word' id='word_1_559' title='bbox 3046 2526 3149 2580; x_wconf 90' lang='lat' dir='ltr'><strong>illis</strong></span> <span class='ocrx_word' id='word_1_560' title='bbox 3176 2530 3487 2596; x_wconf 73' lang='lat' dir='ltr'><strong>apostolica:</strong></span> <span class='ocrx_word' id='word_1_561' title='bbox 3526 2545 3653 2586; x_wconf 88' lang='lat' dir='ltr'><strong>suc-</strong></span> 
     </span>
    </p>
   </div>
   <div class='ocr_carea' id='block_1_83' title="bbox 2064 2616 3642 2686">
    <p class='ocr_par' dir='ltr' id='par_1_83' title="bbox 2064 2616 3642 2686">
     <span class='ocr_line' id='line_1_83' title="bbox 2064 2616 3642 2686; baseline 0.003 -15"><span class='ocrx_word' id='word_1_562' title='bbox 2064 2616 2331 2671; x_wconf 91' lang='lat' dir='ltr'><strong>cessionis</strong></span> <span class='ocrx_word' id='word_1_563' title='bbox 2363 2617 2700 2686; x_wconf 88' lang='lat' dir='ltr'><strong>temporibus</strong></span> <span class='ocrx_word' id='word_1_564' title='bbox 2720 2632 2816 2686; x_wconf 92' lang='lat' dir='ltr'><strong>per</strong></span> <span class='ocrx_word' id='word_1_565' title='bbox 2846 2631 3038 2672; x_wconf 88' lang='lat' dir='ltr'><strong>omnes</strong></span> <span class='ocrx_word' id='word_1_566' title='bbox 3060 2620 3209 2673; x_wconf 86' lang='lat' dir='ltr'><strong>orbis</strong></span> <span class='ocrx_word' id='word_1_567' title='bbox 3240 2627 3511 2673; x_wconf 89' lang='lat' dir='ltr'><strong>terrarum</strong></span> <span class='ocrx_word' id='word_1_568' title='bbox 3538 2619 3642 2675; x_wconf 87' lang='lat' dir='ltr'><strong>Ec-</strong></span> 
     </span>
    </p>
   </div>
   <div class='ocr_carea' id='block_1_84' title="bbox 2064 2706 3652 2779">
    <p class='ocr_par' dir='ltr' id='par_1_84' title="bbox 2064 2706 3652 2779">
     <span class='ocr_line' id='line_1_84' title="bbox 2064 2706 3652 2779; baseline 0.006 -20"><span class='ocrx_word' id='word_1_569' title='bbox 2064 2706 2262 2761; x_wconf 83' lang='lat' dir='ltr'><strong>clesias</strong></span> <span class='ocrx_word' id='word_1_570' title='bbox 2301 2706 2576 2761; x_wconf 88' lang='lat' dir='ltr'><strong>antistites</strong></span> <span class='ocrx_word' id='word_1_571' title='bbox 2618 2718 2713 2760; x_wconf 89' lang='lat' dir='ltr'><strong>aut</strong></span> <span class='ocrx_word' id='word_1_572' title='bbox 2761 2708 3111 2779; x_wconf 81' lang='lat' dir='ltr'><strong>evangelistae</strong></span> <span class='ocrx_word' id='word_1_573' title='bbox 3159 2711 3381 2765; x_wconf 82' lang='lat' dir='ltr'><strong>fuerunt</strong></span> <span class='ocrx_word' id='word_1_574' title='bbox 3411 2730 3425 2767; x_wconf 91' lang='lat'><strong>:</strong></span> <span class='ocrx_word' id='word_1_575' title='bbox 3460 2725 3652 2769; x_wconf 78' lang='lat' dir='ltr'><strong>eorum</strong></span> 
     </span>
    </p>
   </div>
   <div class='ocr_carea' id='block_1_85' title="bbox 2065 2799 3649 2868">
    <p class='ocr_par' dir='ltr' id='par_1_85' title="bbox 2065 2799 3649 2868">
     <span class='ocr_line' id='line_1_85' title="bbox 2065 2799 3649 2868; baseline 0.005 -15"><span class='ocrx_word' id='word_1_576' title='bbox 2065 2800 2334 2855; x_wconf 83' lang='lat' dir='ltr'><strong>duntaxat</strong></span> <span class='ocrx_word' id='word_1_577' title='bbox 2388 2800 2613 2855; x_wconf 91' lang='lat' dir='ltr'><strong>nomina</strong></span> <span class='ocrx_word' id='word_1_578' title='bbox 2673 2799 2765 2855; x_wconf 86' lang='lat' dir='ltr'><strong>hic</strong></span> <span class='ocrx_word' id='word_1_579' title='bbox 2819 2816 3258 2857; x_wconf 87' lang='lat' dir='ltr'><strong>commemorare</strong></span> <span class='ocrx_word' id='word_1_580' title='bbox 3313 2804 3649 2868; x_wconf 87' lang='lat' dir='ltr'><strong>statuimus.</strong></span> 
     </span>
    </p>
   </div>
   <div class='ocr_carea' id='block_1_86' title="bbox 2066 2893 3650 2962">
    <p class='ocr_par' dir='ltr' id='par_1_86' title="bbox 2066 2893 3650 2962">
     <span class='ocr_line' id='line_1_86' title="bbox 2066 2893 3650 2962; baseline 0.008 -23"><span class='ocrx_word' id='word_1_581' title='bbox 2066 2905 2298 2957; x_wconf 88' lang='lat' dir='ltr'><strong>quorum</strong></span> <span class='ocrx_word' id='word_1_582' title='bbox 2349 2902 2702 2946; x_wconf 89' lang='lat' dir='ltr'><strong>monumenta</strong></span> <span class='ocrx_word' id='word_1_583' title='bbox 2756 2893 3111 2962; x_wconf 89' lang='lat' dir='ltr'><strong>apostolicam</strong></span> <span class='ocrx_word' id='word_1_584' title='bbox 3178 2894 3395 2950; x_wconf 87' lang='lat' dir='ltr'><strong>illorum</strong></span> <span class='ocrx_word' id='word_1_585' title='bbox 3450 2895 3650 2953; x_wconf 87' lang='lat' dir='ltr'><strong>doctri-</strong></span> 
     </span>
    </p>
   </div>
   <div class='ocr_carea' id='block_1_87' title="bbox 2069 2982 3124 3055">
    <p class='ocr_par' dir='ltr' id='par_1_87' title="bbox 2069 2982 3124 3055">
     <span class='ocr_line' id='line_1_87' title="bbox 2069 2982 3124 3055; baseline 0.005 -21"><span class='ocrx_word' id='word_1_586' title='bbox 2069 2998 2192 3035; x_wconf 86' lang='lat' dir='ltr'><strong>nam</strong></span> <span class='ocrx_word' id='word_1_587' title='bbox 2227 2982 2570 3038; x_wconf 82' lang='lat' dir='ltr'><strong>continentia</strong></span> <span class='ocrx_word' id='word_1_588' title='bbox 2602 2984 2779 3039; x_wconf 87' lang='lat' dir='ltr'><strong>adbuc</strong></span> <span class='ocrx_word' id='word_1_589' title='bbox 2810 2994 3124 3055; x_wconf 76' lang='lat' dir='ltr'><strong>supersunt.</strong></span> 
     </span>
    </p>
   </div>
   <div class='ocr_carea' id='block_1_88' title="bbox 2496 3139 3220 3212">
    <p class='ocr_par' dir='ltr' id='par_1_88' title="bbox 2496 3139 3220 3212">
     <span class='ocr_line' id='line_1_88' title="bbox 2496 3139 3220 3212; baseline -0.006 -10"><span class='ocrx_word' id='word_1_590' title='bbox 2496 3141 2657 3212; x_wconf 79' lang='lat' dir='ltr'><strong>llo</strong></span> <span class='ocrx_word' id='word_1_591' title='bbox 2678 3140 2905 3198; x_wconf 86' lang='lat' dir='ltr'><strong>CAPUT</strong></span> <span class='ocrx_word' id='word_1_592' title='bbox 2931 3139 3220 3199; x_wconf 80' lang='lat' dir='ltr'><strong>XXXVIII.</strong></span> 
     </span>
    </p>
   </div>
   <div class='ocr_carea' id='block_1_89' title="bbox 2173 3250 3520 3325">
    <p class='ocr_par' dir='ltr' id='par_1_89' title="bbox 2173 3250 3520 3325">
     <span class='ocr_line' id='line_1_89' title="bbox 2173 3250 3520 3325; baseline 0.004 -21"><span class='ocrx_word' id='word_1_593' title='bbox 2173 3251 2247 3304; x_wconf 87' lang='lat' dir='ltr'><strong>De</strong></span> <span class='ocrx_word' id='word_1_594' title='bbox 2278 3251 2557 3306; x_wconf 77' lang='lat' dir='ltr'><strong>Clementis</strong></span> <span class='ocrx_word' id='word_1_595' title='bbox 2582 3250 2849 3325; x_wconf 70' lang='lat' dir='ltr'><strong>Epistola.</strong></span> <span class='ocrx_word' id='word_1_596' title='bbox 2888 3254 3114 3319; x_wconf 74' lang='lat' dir='ltr'><strong>aliisque</strong></span> <span class='ocrx_word' id='word_1_597' title='bbox 3146 3272 3266 3324; x_wconf 81' lang='lat' dir='ltr'><strong>qua:</strong></span> <span class='ocrx_word' id='word_1_598' title='bbox 3297 3255 3438 3325; x_wconf 78' lang='lat' dir='ltr'><strong>falso</strong></span> <span class='ocrx_word' id='word_1_599' title='bbox 3471 3258 3520 3312; x_wconf 80' lang='lat' dir='ltr'><strong>ei</strong></span> 
     </span>
    </p>
   </div>
   <div class='ocr_carea' id='block_1_90' title="bbox 2696 3324 3024 3376">
    <p class='ocr_par' dir='ltr' id='par_1_90' title="bbox 2696 3324 3024 3376">
     <span class='ocr_line' id='line_1_90' title="bbox 2696 3324 3024 3376; baseline 0.006 -3"><span class='ocrx_word' id='word_1_600' title='bbox 2696 3324 3024 3376; x_wconf 84' lang='lat' dir='ltr'><strong>tribuuntur.</strong></span> 
     </span>
    </p>
   </div>
   <div class='ocr_carea' id='block_1_91' title="bbox 2136 3474 3645 3554">
    <p class='ocr_par' dir='ltr' id='par_1_91' title="bbox 2136 3474 3645 3554">
     <span class='ocr_line' id='line_1_91' title="bbox 2136 3474 3645 3554; baseline 0.009 -27"><span class='ocrx_word' id='word_1_601' title='bbox 2136 3474 2299 3531; x_wconf 83' lang='lat' dir='ltr'><strong>Verbi</strong></span> <span class='ocrx_word' id='word_1_602' title='bbox 2336 3476 2512 3545; x_wconf 77' lang='lat' dir='ltr'><strong>gratia</strong></span> <span class='ocrx_word' id='word_1_603' title='bbox 2542 3475 2755 3547; x_wconf 82' lang='lat' dir='ltr'><strong>Ignatii,</strong></span> <span class='ocrx_word' id='word_1_604' title='bbox 2794 3493 2931 3548; x_wconf 89' lang='lat' dir='ltr'><strong>quas</strong></span> <span class='ocrx_word' id='word_1_605' title='bbox 2962 3482 3340 3537; x_wconf 89' lang='lat' dir='ltr'><strong>recensuimus</strong></span> <span class='ocrx_word' id='word_1_606' title='bbox 3374 3484 3645 3554; x_wconf 68' lang='lat' dir='ltr'><strong>epistolar,</strong></span> 
     </span>
    </p>
   </div>
   <div class='ocr_carea' id='block_1_92' title="bbox 2062 3564 3643 3643">
    <p class='ocr_par' dir='ltr' id='par_1_92' title="bbox 2062 3564 3643 3643">
     <span class='ocr_line' id='line_1_92' title="bbox 2062 3564 3643 3643; baseline 0.007 -22"><span class='ocrx_word' id='word_1_607' title='bbox 2062 3577 2118 3621; x_wconf 92' lang='lat' dir='ltr'><strong>et</strong></span> <span class='ocrx_word' id='word_1_608' title='bbox 2138 3564 2441 3622; x_wconf 87' lang='lat' dir='ltr'><strong>Clementis</strong></span> <span class='ocrx_word' id='word_1_609' title='bbox 2471 3566 2564 3621; x_wconf 88' lang='lat' dir='ltr'><strong>illa</strong></span> <span class='ocrx_word' id='word_1_610' title='bbox 2595 3568 2665 3622; x_wconf 88' lang='lat' dir='ltr'><strong>ab</strong></span> <span class='ocrx_word' id='word_1_611' title='bbox 2692 3569 2942 3627; x_wconf 78' lang='lat' dir='ltr'><strong>omnibus</strong></span> <span class='ocrx_word' id='word_1_612' title='bbox 2977 3580 3192 3641; x_wconf 84' lang='lat' dir='ltr'><strong>recepta</strong></span> <span class='ocrx_word' id='word_1_613' title='bbox 3218 3614 3235 3640; x_wconf 92' lang='lat'><strong>,</strong></span> <span class='ocrx_word' id='word_1_614' title='bbox 3259 3589 3424 3643; x_wconf 90' lang='lat' dir='ltr'><strong>quam</strong></span> <span class='ocrx_word' id='word_1_615' title='bbox 3452 3574 3643 3632; x_wconf 82' lang='lat' dir='ltr'><strong>Eccle-</strong></span> 
     </span>
    </p>
   </div>
   <div class='ocr_carea' id='block_1_93' title="bbox 2064 3655 3642 3725">
    <p class='ocr_par' dir='ltr' id='par_1_93' title="bbox 2064 3655 3642 3725">
     <span class='ocr_line' id='line_1_93' title="bbox 2064 3655 3642 3725; baseline 0.01 -15"><span class='ocrx_word' id='word_1_616' title='bbox 2064 3656 2157 3710; x_wconf 83' lang='lat' dir='ltr'><strong>siae</strong></span> <span class='ocrx_word' id='word_1_617' title='bbox 2186 3655 2451 3714; x_wconf 71' lang='lat' dir='ltr'><strong>Romamn</strong></span> <span class='ocrx_word' id='word_1_618' title='bbox 2501 3658 2722 3714; x_wconf 89' lang='lat' dir='ltr'><strong>nomine</strong></span> <span class='ocrx_word' id='word_1_619' title='bbox 2766 3661 2832 3715; x_wconf 89' lang='lat' dir='ltr'><strong>ad</strong></span> <span class='ocrx_word' id='word_1_620' title='bbox 2882 3662 3287 3719; x_wconf 88' lang='lat' dir='ltr'><strong>Corinthiorum</strong></span> <span class='ocrx_word' id='word_1_621' title='bbox 3340 3667 3642 3725; x_wconf 88' lang='lat' dir='ltr'><strong>Ecclesiam</strong></span> 
     </span>
    </p>
   </div>
   <div class='ocr_carea' id='block_1_94' title="bbox 2065 3747 3641 3820">
    <p class='ocr_par' dir='ltr' id='par_1_94' title="bbox 2065 3747 3641 3820">
     <span class='ocr_line' id='line_1_94' title="bbox 2065 3747 3641 3820; baseline 0.009 -17"><span class='ocrx_word' id='word_1_622' title='bbox 2065 3747 2315 3817; x_wconf 85' lang='lat' dir='ltr'><strong>scripsit.</strong></span> <span class='ocrx_word' id='word_1_623' title='bbox 2351 3748 2406 3804; x_wconf 90' lang='lat' dir='ltr'><strong>In</strong></span> <span class='ocrx_word' id='word_1_624' title='bbox 2442 3766 2545 3820; x_wconf 90' lang='lat' dir='ltr'><strong>qua</strong></span> <span class='ocrx_word' id='word_1_625' title='bbox 2577 3769 2705 3809; x_wconf 90' lang='lat' dir='ltr'><strong>cum</strong></span> <span class='ocrx_word' id='word_1_626' title='bbox 2742 3753 2942 3809; x_wconf 89' lang='lat' dir='ltr'><strong>multas</strong></span> <span class='ocrx_word' id='word_1_627' title='bbox 2977 3754 3183 3810; x_wconf 86' lang='lat' dir='ltr'><strong>inserat</strong></span> <span class='ocrx_word' id='word_1_628' title='bbox 3215 3760 3518 3815; x_wconf 90' lang='lat' dir='ltr'><strong>sententias</strong></span> <span class='ocrx_word' id='word_1_629' title='bbox 3546 3764 3641 3817; x_wconf 79' lang='lat' dir='ltr'><strong>de-</strong></span> 
     </span>
    </p>
   </div>
   <div class='ocr_carea' id='block_1_95' title="bbox 2062 3842 3637 3919">
    <p class='ocr_par' dir='ltr' id='par_1_95' title="bbox 2062 3842 3637 3919">
     <span class='ocr_line' id='line_1_95' title="bbox 2062 3842 3637 3919; baseline 0.008 -24"><span class='ocrx_word' id='word_1_630' title='bbox 2062 3854 2307 3911; x_wconf 89' lang='lat' dir='ltr'><strong>sumptas</strong></span> <span class='ocrx_word' id='word_1_631' title='bbox 2350 3857 2419 3898; x_wconf 77' lang='lat' dir='ltr'><strong>ex</strong></span> <span class='ocrx_word' id='word_1_632' title='bbox 2442 3844 2672 3915; x_wconf 84' lang='lat' dir='ltr'><strong>Epistola</strong></span> <span class='ocrx_word' id='word_1_633' title='bbox 2706 3842 2771 3898; x_wconf 82' lang='lat' dir='ltr'><strong>ad</strong></span> <span class='ocrx_word' id='word_1_634' title='bbox 2805 3844 3094 3912; x_wconf 68' lang='lat' dir='ltr'><strong>Hebraeos,</strong></span> <span class='ocrx_word' id='word_1_635' title='bbox 3123 3848 3426 3919; x_wconf 83' lang='lat' dir='ltr'><strong>iisdemque</strong></span> <span class='ocrx_word' id='word_1_636' title='bbox 3463 3851 3637 3907; x_wconf 88' lang='lat' dir='ltr'><strong>inter-</strong></span> 
     </span>
    </p>
   </div>
   <div class='ocr_carea' id='block_1_96' title="bbox 2061 3932 3636 4012">
    <p class='ocr_par' dir='ltr' id='par_1_96' title="bbox 2061 3932 3636 4012">
     <span class='ocr_line' id='line_1_96' title="bbox 2061 3932 3636 4012; baseline 0.01 -28"><span class='ocrx_word' id='word_1_637' title='bbox 2061 3932 2187 3985; x_wconf 89' lang='lat' dir='ltr'><strong>dum</strong></span> <span class='ocrx_word' id='word_1_638' title='bbox 2222 3933 2402 3988; x_wconf 82' lang='lat' dir='ltr'><strong>verbis</strong></span> <span class='ocrx_word' id='word_1_639' title='bbox 2432 3943 2643 3997; x_wconf 87' lang='lat' dir='ltr'><strong>utatur,</strong></span> <span class='ocrx_word' id='word_1_640' title='bbox 2683 3937 2819 3991; x_wconf 91' lang='lat' dir='ltr'><strong>satis</strong></span> <span class='ocrx_word' id='word_1_641' title='bbox 2867 3938 3072 3991; x_wconf 87' lang='lat' dir='ltr'><strong>indicat</strong></span> <span class='ocrx_word' id='word_1_642' title='bbox 3104 3954 3241 4007; x_wconf 91' lang='lat' dir='ltr'><strong>opus</strong></span> <span class='ocrx_word' id='word_1_643' title='bbox 3276 3942 3405 3996; x_wconf 92' lang='lat' dir='ltr'><strong>illud</strong></span> <span class='ocrx_word' id='word_1_644' title='bbox 3436 3958 3636 4012; x_wconf 84' lang='lat' dir='ltr'><strong>nequa-</strong></span> 
     </span>
    </p>
   </div>
   <div class='ocr_carea' id='block_1_97' title="bbox 2061 4028 3638 4106">
    <p class='ocr_par' dir='ltr' id='par_1_97' title="bbox 2061 4028 3638 4106">
     <span class='ocr_line' id='line_1_97' title="bbox 2061 4028 3638 4106; baseline 0.011 -31"><span class='ocrx_word' id='word_1_645' title='bbox 2061 4039 2227 4093; x_wconf 90' lang='lat' dir='ltr'><strong>quam</strong></span> <span class='ocrx_word' id='word_1_646' title='bbox 2268 4041 2458 4081; x_wconf 88' lang='lat' dir='ltr'><strong>recens</strong></span> <span class='ocrx_word' id='word_1_647' title='bbox 2490 4043 2633 4083; x_wconf 87' lang='lat' dir='ltr'><strong>esse.</strong></span> <span class='ocrx_word' id='word_1_648' title='bbox 2677 4028 3044 4097; x_wconf 85' lang='lat' dir='ltr'><strong>Quamobrem</strong></span> <span class='ocrx_word' id='word_1_649' title='bbox 3072 4046 3196 4086; x_wconf 91' lang='lat' dir='ltr'><strong>cum</strong></span> <span class='ocrx_word' id='word_1_650' title='bbox 3231 4033 3453 4103; x_wconf 86' lang='lat' dir='ltr'><strong>reliquis</strong></span> <span class='ocrx_word' id='word_1_651' title='bbox 3490 4034 3638 4106; x_wconf 80' lang='lat' dir='ltr'><strong>Apo-</strong></span> 
     </span>
    </p>
   </div>
   <div class='ocr_carea' id='block_1_98' title="bbox 2059 4116 3638 4187">
    <p class='ocr_par' dir='ltr' id='par_1_98' title="bbox 2059 4116 3638 4187">
     <span class='ocr_line' id='line_1_98' title="bbox 2059 4116 3638 4187; baseline 0.008 -19"><span class='ocrx_word' id='word_1_652' title='bbox 2059 4116 2182 4170; x_wconf 92' lang='lat' dir='ltr'><strong>stoli</strong></span> <span class='ocrx_word' id='word_1_653' title='bbox 2242 4118 2462 4187; x_wconf 83' lang='lat' dir='ltr'><strong>scriptis</strong></span> <span class='ocrx_word' id='word_1_654' title='bbox 2493 4134 2598 4174; x_wconf 89' lang='lat' dir='ltr'><strong>non</strong></span> <span class='ocrx_word' id='word_1_655' title='bbox 2632 4121 2751 4175; x_wconf 89' lang='lat' dir='ltr'><strong>sine</strong></span> <span class='ocrx_word' id='word_1_656' title='bbox 2782 4135 2946 4176; x_wconf 89' lang='lat' dir='ltr'><strong>causa</strong></span> <span class='ocrx_word' id='word_1_657' title='bbox 2978 4121 3085 4177; x_wconf 92' lang='lat' dir='ltr'><strong>hoc</strong></span> <span class='ocrx_word' id='word_1_658' title='bbox 3114 4126 3279 4178; x_wconf 90' lang='lat' dir='ltr'><strong>etiam</strong></span> <span class='ocrx_word' id='word_1_659' title='bbox 3309 4128 3638 4183; x_wconf 89' lang='lat' dir='ltr'><strong>recensitum</strong></span> 
     </span>
    </p>
   </div>
   <div class='ocr_carea' id='block_1_99' title="bbox 2059 4206 3635 4286">
    <p class='ocr_par' dir='ltr' id='par_1_99' title="bbox 2059 4206 3635 4286">
     <span class='ocr_line' id='line_1_99' title="bbox 2059 4206 3635 4286; baseline 0.01 -27"><span class='ocrx_word' id='word_1_660' title='bbox 2059 4206 2298 4263; x_wconf 86' lang='lat' dir='ltr'><strong>videtur.</strong></span> <span class='ocrx_word' id='word_1_661' title='bbox 2351 4208 2489 4264; x_wconf 90' lang='lat' dir='ltr'><strong>Cum</strong></span> <span class='ocrx_word' id='word_1_662' title='bbox 2539 4212 2685 4265; x_wconf 90' lang='lat' dir='ltr'><strong>enim</strong></span> <span class='ocrx_word' id='word_1_663' title='bbox 2731 4211 2797 4265; x_wconf 91' lang='lat' dir='ltr'><strong>ad</strong></span> <span class='ocrx_word' id='word_1_664' title='bbox 2845 4211 3104 4269; x_wconf 69' lang='lat' dir='ltr'><strong>Hebraeos</strong></span> <span class='ocrx_word' id='word_1_665' title='bbox 3152 4216 3329 4286; x_wconf 91' lang='lat' dir='ltr'><strong>patrio</strong></span> <span class='ocrx_word' id='word_1_666' title='bbox 3382 4230 3635 4274; x_wconf 77' lang='lat' dir='ltr'><strong>sermone</strong></span> 
     </span>
    </p>
   </div>
   <div class='ocr_carea' id='block_1_100' title="bbox 2058 4300 3635 4379">
    <p class='ocr_par' dir='ltr' id='par_1_100' title="bbox 2058 4300 3635 4379">
     <span class='ocr_line' id='line_1_100' title="bbox 2058 4300 3635 4379; baseline 0.006 -24"><span class='ocrx_word' id='word_1_667' title='bbox 2058 4300 2368 4371; x_wconf 89' lang='lat' dir='ltr'><strong>scripsisset</strong></span> <span class='ocrx_word' id='word_1_668' title='bbox 2420 4301 2617 4356; x_wconf 85' lang='lat' dir='ltr'><strong>Paulus</strong></span> <span class='ocrx_word' id='word_1_669' title='bbox 2643 4342 2658 4368; x_wconf 91' lang='lat'><strong>,</strong></span> <span class='ocrx_word' id='word_1_670' title='bbox 2713 4304 2805 4358; x_wconf 88' lang='lat' dir='ltr'><strong>alii</strong></span> <span class='ocrx_word' id='word_1_671' title='bbox 2845 4305 3048 4362; x_wconf 88' lang='lat' dir='ltr'><strong>Lucam</strong></span> <span class='ocrx_word' id='word_1_672' title='bbox 3089 4308 3516 4379; x_wconf 81' lang='lat' dir='ltr'><strong>evangelistam.</strong></span> <span class='ocrx_word' id='word_1_673' title='bbox 3546 4311 3635 4365; x_wconf 91' lang='lat' dir='ltr'><strong>alii</strong></span> 
     </span>
    </p>
   </div>
   <div class='ocr_carea' id='block_1_101' title="bbox 2059 4390 3635 4462">
    <p class='ocr_par' dir='ltr' id='par_1_101' title="bbox 2059 4390 3635 4462">
     <span class='ocr_line' id='line_1_101' title="bbox 2059 4390 3635 4462; baseline 0.004 -20"><span class='ocrx_word' id='word_1_674' title='bbox 2059 4390 2205 4443; x_wconf 88' lang='lat' dir='ltr'><strong>hunc</strong></span> <span class='ocrx_word' id='word_1_675' title='bbox 2229 4390 2294 4444; x_wconf 91' lang='lat' dir='ltr'><strong>de</strong></span> <span class='ocrx_word' id='word_1_676' title='bbox 2321 4406 2428 4460; x_wconf 92' lang='lat' dir='ltr'><strong>quo</strong></span> <span class='ocrx_word' id='word_1_677' title='bbox 2457 4390 2732 4461; x_wconf 88' lang='lat' dir='ltr'><strong>loquimur</strong></span> <span class='ocrx_word' id='word_1_678' title='bbox 2758 4391 3094 4449; x_wconf 88' lang='lat' dir='ltr'><strong>Clementem</strong></span> <span class='ocrx_word' id='word_1_679' title='bbox 3118 4434 3133 4457; x_wconf 91' lang='lat'><strong>,</strong></span> <span class='ocrx_word' id='word_1_680' title='bbox 3164 4394 3451 4462; x_wconf 80' lang='lat' dir='ltr'><strong>Epistolam</strong></span> <span class='ocrx_word' id='word_1_681' title='bbox 3485 4394 3635 4449; x_wconf 89' lang='lat' dir='ltr'><strong>illam</strong></span> 
     </span>
    </p>
   </div>
   <div class='ocr_carea' id='block_1_102' title="bbox 2056 4482 3628 4553">
    <p class='ocr_par' dir='ltr' id='par_1_102' title="bbox 2056 4482 3628 4553">
     <span class='ocr_line' id='line_1_102' title="bbox 2056 4482 3628 4553; baseline 0.003 -19"><span class='ocrx_word' id='word_1_682' title='bbox 2056 4495 2182 4535; x_wconf 90' lang='lat' dir='ltr'><strong>esse</strong></span> <span class='ocrx_word' id='word_1_683' title='bbox 2213 4482 2635 4552; x_wconf 88' lang='lat' dir='ltr'><strong>interpretatum</strong></span> <span class='ocrx_word' id='word_1_684' title='bbox 2667 4484 2873 4539; x_wconf 84' lang='lat' dir='ltr'><strong>ferunt.</strong></span> <span class='ocrx_word' id='word_1_685' title='bbox 2908 4484 3061 4551; x_wconf 86' lang='lat' dir='ltr'><strong>Quod</strong></span> <span class='ocrx_word' id='word_1_686' title='bbox 3088 4485 3306 4553; x_wconf 78' lang='lat' dir='ltr'><strong>quidem</strong></span> <span class='ocrx_word' id='word_1_687' title='bbox 3340 4485 3527 4538; x_wconf 88' lang='lat' dir='ltr'><strong>verius</strong></span> <span class='ocrx_word' id='word_1_688' title='bbox 3554 4487 3628 4538; x_wconf 83' lang='lat' dir='ltr'><strong>vi-</strong></span> 
     </span>
    </p>
   </div>
   <div class='ocr_carea' id='block_1_103' title="bbox 2055 4574 3631 4642">
    <p class='ocr_par' dir='ltr' id='par_1_103' title="bbox 2055 4574 3631 4642">
     <span class='ocr_line' id='line_1_103' title="bbox 2055 4574 3631 4642; baseline 0.005 -17"><span class='ocrx_word' id='word_1_689' title='bbox 2055 4574 2239 4636; x_wconf 89' lang='lat' dir='ltr'><strong>detur,</strong></span> <span class='ocrx_word' id='word_1_690' title='bbox 2280 4588 2402 4628; x_wconf 87' lang='lat' dir='ltr'><strong>cum</strong></span> <span class='ocrx_word' id='word_1_691' title='bbox 2436 4577 2743 4642; x_wconf 68' lang='lat' dir='ltr'><strong>prmsertim</strong></span> <span class='ocrx_word' id='word_1_692' title='bbox 2776 4584 2833 4630; x_wconf 90' lang='lat' dir='ltr'><strong>et</strong></span> <span class='ocrx_word' id='word_1_693' title='bbox 2861 4575 3156 4631; x_wconf 86' lang='lat' dir='ltr'><strong>Clementis</strong></span> <span class='ocrx_word' id='word_1_694' title='bbox 3181 4615 3196 4640; x_wconf 87' lang='lat'><strong>,</strong></span> <span class='ocrx_word' id='word_1_695' title='bbox 3222 4587 3277 4630; x_wconf 93' lang='lat' dir='ltr'><strong>et</strong></span> <span class='ocrx_word' id='word_1_696' title='bbox 3308 4575 3396 4629; x_wconf 89' lang='lat' dir='ltr'><strong>illa</strong></span> <span class='ocrx_word' id='word_1_697' title='bbox 3428 4577 3493 4629; x_wconf 85' lang='lat' dir='ltr'><strong>ad</strong></span> <span class='ocrx_word' id='word_1_698' title='bbox 3529 4576 3631 4633; x_wconf 79' lang='lat' dir='ltr'><strong>lle-</strong></span> 
     </span>
    </p>
   </div>
   <div class='ocr_carea' id='block_1_104' title="bbox 2056 4661 3631 4737">
    <p class='ocr_par' dir='ltr' id='par_1_104' title="bbox 2056 4661 3631 4737">
     <span class='ocr_line' id='line_1_104' title="bbox 2056 4661 3631 4737; baseline 0.005 -22"><span class='ocrx_word' id='word_1_699' title='bbox 2056 4661 2474 4735; x_wconf 71' lang='lat' dir='ltr'><strong>brarosEpistola</strong></span> <span class='ocrx_word' id='word_1_700' title='bbox 2494 4671 2741 4723; x_wconf 89' lang='lat' dir='ltr'><strong>eumdem</strong></span> <span class='ocrx_word' id='word_1_701' title='bbox 2768 4669 2965 4723; x_wconf 86' lang='lat' dir='ltr'><strong>habeat</strong></span> <span class='ocrx_word' id='word_1_702' title='bbox 2988 4666 3211 4737; x_wconf 82' lang='lat' dir='ltr'><strong>stylum,</strong></span> <span class='ocrx_word' id='word_1_703' title='bbox 3237 4683 3335 4721; x_wconf 88' lang='lat' dir='ltr'><strong>nec</strong></span> <span class='ocrx_word' id='word_1_704' title='bbox 3354 4668 3631 4737; x_wconf 78' lang='lat' dir='ltr'><strong>utriusque</strong></span> 
     </span>
    </p>
   </div>
   <div class='ocr_carea' id='block_1_105' title="bbox 2058 4753 3630 4826">
    <p class='ocr_par' dir='ltr' id='par_1_105' title="bbox 2058 4753 3630 4826">
     <span class='ocr_line' id='line_1_105' title="bbox 2058 4753 3630 4826; baseline 0.005 -19"><span class='ocrx_word' id='word_1_705' title='bbox 2058 4753 2250 4824; x_wconf 91' lang='lat' dir='ltr'><strong>scripti</strong></span> <span class='ocrx_word' id='word_1_706' title='bbox 2284 4758 2568 4812; x_wconf 69' lang='lat' dir='ltr'><strong>sententia:</strong></span> <span class='ocrx_word' id='word_1_707' title='bbox 2608 4759 2767 4816; x_wconf 80' lang='lat' dir='ltr'><strong>valde</strong></span> <span class='ocrx_word' id='word_1_708' title='bbox 2794 4760 2941 4814; x_wconf 85' lang='lat' dir='ltr'><strong>inter</strong></span> <span class='ocrx_word' id='word_1_709' title='bbox 2988 4773 3048 4813; x_wconf 89' lang='lat' dir='ltr'><strong>se</strong></span> <span class='ocrx_word' id='word_1_710' title='bbox 3075 4758 3409 4826; x_wconf 87' lang='lat' dir='ltr'><strong>discrepent.</strong></span> <span class='ocrx_word' id='word_1_711' title='bbox 3446 4760 3630 4815; x_wconf 84' lang='lat' dir='ltr'><strong>Scien-</strong></span> 
     </span>
    </p>
   </div>
   <div class='ocr_carea' id='block_1_106' title="bbox 2056 4842 3630 4920">
    <p class='ocr_par' dir='ltr' id='par_1_106' title="bbox 2056 4842 3630 4920">
     <span class='ocr_line' id='line_1_106' title="bbox 2056 4842 3630 4920; baseline 0.006 -25"><span class='ocrx_word' id='word_1_712' title='bbox 2056 4842 2182 4897; x_wconf 91' lang='lat' dir='ltr'><strong>dum</strong></span> <span class='ocrx_word' id='word_1_713' title='bbox 2213 4853 2392 4901; x_wconf 84' lang='lat' dir='ltr'><strong>tamen</strong></span> <span class='ocrx_word' id='word_1_714' title='bbox 2417 4856 2503 4903; x_wconf 90' lang='lat' dir='ltr'><strong>est</strong></span> <span class='ocrx_word' id='word_1_715' title='bbox 2525 4847 2753 4903; x_wconf 90' lang='lat' dir='ltr'><strong>alteram</strong></span> <span class='ocrx_word' id='word_1_716' title='bbox 2781 4863 3001 4920; x_wconf 89' lang='lat' dir='ltr'><strong>quoque</strong></span> <span class='ocrx_word' id='word_1_717' title='bbox 3026 4848 3327 4905; x_wconf 90' lang='lat' dir='ltr'><strong>Clementis</strong></span> <span class='ocrx_word' id='word_1_718' title='bbox 3351 4850 3630 4919; x_wconf 80' lang='lat' dir='ltr'><strong>epistolam</strong></span> 
     </span>
    </p>
   </div>
   <div class='ocr_carea' id='block_1_107' title="bbox 2055 4935 3630 5012">
    <p class='ocr_par' dir='ltr' id='par_1_107' title="bbox 2055 4935 3630 5012">
     <span class='ocr_line' id='line_1_107' title="bbox 2055 4935 3630 5012; baseline 0.006 -25"><span class='ocrx_word' id='word_1_719' title='bbox 2055 4935 2420 4995; x_wconf 78' lang='lat' dir='ltr'><strong>circumferri.</strong></span> <span class='ocrx_word' id='word_1_720' title='bbox 2472 4938 2673 4994; x_wconf 85' lang='lat' dir='ltr'><strong>Verum</strong></span> <span class='ocrx_word' id='word_1_721' title='bbox 2724 4943 2864 4997; x_wconf 87' lang='lat' dir='ltr'><strong>hanc</strong></span> <span class='ocrx_word' id='word_1_722' title='bbox 2916 4958 3024 4998; x_wconf 93' lang='lat' dir='ltr'><strong>non</strong></span> <span class='ocrx_word' id='word_1_723' title='bbox 3077 4941 3304 5012; x_wconf 89' lang='lat' dir='ltr'><strong>perinde</strong></span> <span class='ocrx_word' id='word_1_724' title='bbox 3359 4952 3630 5012; x_wconf 78' lang='lat' dir='ltr'><strong>receptam</strong></span> 
     </span>
    </p>
   </div>
   <div class='ocr_carea' id='block_1_108' title="bbox 2057 5031 3625 5106">
    <p class='ocr_par' dir='ltr' id='par_1_108' title="bbox 2057 5031 3625 5106">
     <span class='ocr_line' id='line_1_108' title="bbox 2057 5031 3625 5106; baseline 0.006 -26"><span class='ocrx_word' id='word_1_725' title='bbox 2057 5035 2221 5098; x_wconf 86' lang='lat' dir='ltr'><strong>atque</strong></span> <span class='ocrx_word' id='word_1_726' title='bbox 2254 5031 2606 5099; x_wconf 82' lang='lat' dir='ltr'><strong>approbatam</strong></span> <span class='ocrx_word' id='word_1_727' title='bbox 2634 5033 2827 5103; x_wconf 80' lang='lat' dir='ltr'><strong>fuisse,</strong></span> <span class='ocrx_word' id='word_1_728' title='bbox 2852 5051 2953 5106; x_wconf 91' lang='lat' dir='ltr'><strong>pro</strong></span> <span class='ocrx_word' id='word_1_729' title='bbox 2968 5045 3118 5091; x_wconf 82' lang='lat' dir='ltr'><strong>certo</strong></span> <span class='ocrx_word' id='word_1_730' title='bbox 3148 5035 3625 5106; x_wconf 83' lang='lat' dir='ltr'><strong>habemuszquau-</strong></span> 
     </span>
    </p>
   </div>
   <div class='ocr_carea' id='block_1_109' title="bbox 2054 5121 3627 5198">
    <p class='ocr_par' dir='ltr' id='par_1_109' title="bbox 2054 5121 3627 5198">
     <span class='ocr_line' id='line_1_109' title="bbox 2054 5121 3627 5198; baseline 0.004 -22"><span class='ocrx_word' id='word_1_731' title='bbox 2054 5121 2343 5191; x_wconf 85' lang='lat' dir='ltr'><strong>doquidem</strong></span> <span class='ocrx_word' id='word_1_732' title='bbox 2386 5126 2712 5182; x_wconf 88' lang='lat' dir='ltr'><strong>vetustiores</strong></span> <span class='ocrx_word' id='word_1_733' title='bbox 2763 5124 2881 5195; x_wconf 90' lang='lat' dir='ltr'><strong>ejus</strong></span> <span class='ocrx_word' id='word_1_734' title='bbox 2925 5127 3239 5183; x_wconf 86' lang='lat' dir='ltr'><strong>testimonio</strong></span> <span class='ocrx_word' id='word_1_735' title='bbox 3289 5142 3627 5198; x_wconf 89' lang='lat' dir='ltr'><strong>nequaquam</strong></span> 
     </span>
    </p>
   </div>
   <div class='ocr_carea' id='block_1_110' title="bbox 2054 5214 3626 5288">
    <p class='ocr_par' dir='ltr' id='par_1_110' title="bbox 2054 5214 3626 5288">
     <span class='ocr_line' id='line_1_110' title="bbox 2054 5214 3626 5288; baseline 0.005 -25"><span class='ocrx_word' id='word_1_736' title='bbox 2054 5225 2183 5265; x_wconf 91' lang='lat' dir='ltr'><strong>usos</strong></span> <span class='ocrx_word' id='word_1_737' title='bbox 2232 5226 2356 5266; x_wconf 89' lang='lat' dir='ltr'><strong>esse</strong></span> <span class='ocrx_word' id='word_1_738' title='bbox 2404 5214 2793 5285; x_wconf 88' lang='lat' dir='ltr'><strong>comperimus.</strong></span> <span class='ocrx_word' id='word_1_739' title='bbox 2844 5217 3071 5284; x_wconf 86' lang='lat' dir='ltr'><strong>Quidam</strong></span> <span class='ocrx_word' id='word_1_740' title='bbox 3112 5233 3277 5288; x_wconf 91' lang='lat' dir='ltr'><strong>porro</strong></span> <span class='ocrx_word' id='word_1_741' title='bbox 3320 5218 3423 5272; x_wconf 89' lang='lat' dir='ltr'><strong>alia</strong></span> <span class='ocrx_word' id='word_1_742' title='bbox 3466 5219 3626 5272; x_wconf 89' lang='lat' dir='ltr'><strong>etiam</strong></span> 
     </span>
    </p>
   </div>
   <div class='ocr_carea' id='block_1_111' title="bbox 2055 5305 3624 5381">
    <p class='ocr_par' dir='ltr' id='par_1_111' title="bbox 2055 5305 3624 5381">
     <span class='ocr_line' id='line_1_111' title="bbox 2055 5305 3624 5381; baseline 0.004 -25"><span class='ocrx_word' id='word_1_743' title='bbox 2055 5317 2218 5372; x_wconf 91' lang='lat' dir='ltr'><strong>opera</strong></span> <span class='ocrx_word' id='word_1_744' title='bbox 2254 5305 2466 5374; x_wconf 77' lang='lat' dir='ltr'><strong>prolixa</strong></span> <span class='ocrx_word' id='word_1_745' title='bbox 2494 5316 2550 5362; x_wconf 89' lang='lat' dir='ltr'><strong>et</strong></span> <span class='ocrx_word' id='word_1_746' title='bbox 2584 5308 2801 5380; x_wconf 86' lang='lat' dir='ltr'><strong>copiosa</strong></span> <span class='ocrx_word' id='word_1_747' title='bbox 2847 5310 2949 5365; x_wconf 86' lang='lat' dir='ltr'><strong>sub</strong></span> <span class='ocrx_word' id='word_1_748' title='bbox 2975 5312 3095 5381; x_wconf 87' lang='lat' dir='ltr'><strong>ejus</strong></span> <span class='ocrx_word' id='word_1_749' title='bbox 3137 5312 3356 5367; x_wconf 89' lang='lat' dir='ltr'><strong>nomine</strong></span> <span class='ocrx_word' id='word_1_750' title='bbox 3406 5309 3523 5364; x_wconf 88' lang='lat' dir='ltr'><strong>beri</strong></span> <span class='ocrx_word' id='word_1_751' title='bbox 3564 5321 3624 5362; x_wconf 89' lang='lat' dir='ltr'><strong>ac</strong></span> 
     </span>
    </p>
   </div>
   <div class='ocr_carea' id='block_1_112' title="bbox 2059 5393 3626 5471">
    <p class='ocr_par' dir='ltr' id='par_1_112' title="bbox 2059 5393 3626 5471">
     <span class='ocr_line' id='line_1_112' title="bbox 2059 5393 3626 5471; baseline 0.004 -25"><span class='ocrx_word' id='word_1_752' title='bbox 2059 5393 2254 5447; x_wconf 91' lang='lat' dir='ltr'><strong>nudius</strong></span> <span class='ocrx_word' id='word_1_753' title='bbox 2279 5395 2470 5450; x_wconf 89' lang='lat' dir='ltr'><strong>tertius</strong></span> <span class='ocrx_word' id='word_1_754' title='bbox 2499 5396 2554 5451; x_wconf 90' lang='lat' dir='ltr'><strong>in</strong></span> <span class='ocrx_word' id='word_1_755' title='bbox 2589 5397 2768 5455; x_wconf 88' lang='lat' dir='ltr'><strong>lucem</strong></span> <span class='ocrx_word' id='word_1_756' title='bbox 2804 5401 3156 5470; x_wconf 76' lang='lat' dir='ltr'><strong>protulerunt</strong></span> <span class='ocrx_word' id='word_1_757' title='bbox 3185 5419 3200 5454; x_wconf 89' lang='lat'><strong>:</strong></span> <span class='ocrx_word' id='word_1_758' title='bbox 3237 5411 3363 5471; x_wconf 92' lang='lat' dir='ltr'><strong>puta</strong></span> <span class='ocrx_word' id='word_1_759' title='bbox 3393 5397 3539 5452; x_wconf 88' lang='lat' dir='ltr'><strong>Petri</strong></span> <span class='ocrx_word' id='word_1_760' title='bbox 3571 5406 3626 5452; x_wconf 90' lang='lat' dir='ltr'><strong>et</strong></span> 
     </span>
    </p>
   </div>
   <div class='ocr_carea' id='block_1_113' title="bbox 3646 4994 3659 5023">
    <p class='ocr_par' dir='ltr' id='par_1_113' title="bbox 3646 4994 3659 5023">
     <span class='ocr_line' id='line_1_113' title="bbox 3646 4994 3659 5023; baseline 0 0"><span class='ocrx_word' id='word_1_761' title='bbox 3646 4994 3659 5023; x_wconf 86' lang='grc' dir='ltr'><strong>ι</strong></span> 
     </span>
    </p>
   </div>
   <div class='ocr_carea' id='block_1_114' title="bbox 466 5626 1957 5715">
    <p class='ocr_par' dir='ltr' id='par_1_114' title="bbox 466 5626 1944 5715">
     <span class='ocr_line' id='line_1_114' title="bbox 466 5626 1944 5715; baseline 0.01 -36"><span class='ocrx_word' id='word_1_762' title='bbox 466 5626 555 5715; x_wconf 53' lang='grc' dir='ltr'>Ἱῆ)</span> <span class='ocrx_word' id='word_1_763' title='bbox 592 5627 810 5713; x_wconf 42' lang='lat' dir='ltr'><strong>Adi-mit;</strong></span> <span class='ocrx_word' id='word_1_764' title='bbox 850 5630 1080 5715; x_wconf 42' lang='grc' dir='ltr'>ψυχαῖς</span> <span class='ocrx_word' id='word_1_765' title='bbox 1118 5629 1570 5715; x_wconf 62' lang='grc' dir='ltr'>κατώρχεσραι.</span> <span class='ocrx_word' id='word_1_766' title='bbox 1619 5632 1786 5715; x_wconf 69' lang='lat' dir='ltr'><strong>Iidem</strong></span> <span class='ocrx_word' id='word_1_767' title='bbox 1835 5646 1944 5694; x_wconf 86' lang='lat' dir='ltr'><strong>tres</strong></span> 
     </span>
    </p>
   </div>
   <div class='ocr_carea' id='block_1_115' title="bbox 2064 5626 3621 5715">
    <p class='ocr_par' dir='ltr' id='par_1_115' title="bbox 2064 5638 3621 5715">
     <span class='ocr_line' id='line_1_115' title="bbox 2064 5638 3621 5715; baseline -0.001 -20"><span class='ocrx_word' id='word_1_768' title='bbox 2064 5639 2187 5698; x_wconf 81' lang='lat' dir='ltr'><strong>lices</strong></span> <span class='ocrx_word' id='word_1_769' title='bbox 2231 5655 2354 5696; x_wconf 91' lang='lat' dir='ltr'><strong>cum</strong></span> <span class='ocrx_word' id='word_1_770' title='bbox 2387 5639 2666 5699; x_wconf 84' lang='lat' dir='ltr'><strong>Saviliauo</strong></span> <span class='ocrx_word' id='word_1_771' title='bbox 2701 5644 2967 5715; x_wconf 87' lang='lat' dir='ltr'><strong>scriptum</strong></span> <span class='ocrx_word' id='word_1_772' title='bbox 3020 5641 3221 5697; x_wconf 88' lang='lat' dir='ltr'><strong>habent</strong></span> <span class='ocrx_word' id='word_1_773' title='bbox 3274 5641 3333 5693; x_wconf 87' lang='grc' dir='ltr'><strong>ἐν</strong></span> <span class='ocrx_word' id='word_1_774' title='bbox 3376 5638 3499 5703; x_wconf 73' lang='grc' dir='ltr'>ταῖς</span> <span class='ocrx_word' id='word_1_775' title='bbox 3531 5639 3621 5694; x_wconf 77' lang='grc' dir='ltr'>αὑ-</span> 
     </span>
    </p>
   </div>
   <div class='ocr_carea' id='block_1_116' title="bbox 372 5694 1761 5777">
    <p class='ocr_par' dir='ltr' id='par_1_116' title="bbox 372 5694 1761 5777">
     <span class='ocr_line' id='line_1_116' title="bbox 372 5694 1761 5777; baseline 0.011 -29"><span class='ocrx_word' id='word_1_776' title='bbox 372 5694 483 5749; x_wconf 76' lang='grc' dir='ltr'>τῶν</span> <span class='ocrx_word' id='word_1_777' title='bbox 512 5694 709 5769; x_wconf 73' lang='grc' dir='ltr'>ψυχαῖς</span> <span class='ocrx_word' id='word_1_778' title='bbox 736 5694 1146 5772; x_wconf 70' lang='grc' dir='ltr'>καταδέχεσθαι,</span> <span class='ocrx_word' id='word_1_779' title='bbox 1172 5704 1316 5774; x_wconf 92' lang='lat' dir='ltr'><strong>quod</strong></span> <span class='ocrx_word' id='word_1_780' title='bbox 1339 5694 1521 5772; x_wconf 65' lang='lat' dir='ltr'><strong>magis</strong></span> <span class='ocrx_word' id='word_1_781' title='bbox 1548 5703 1761 5777; x_wconf 57' lang='lat' dir='ltr'><strong>probo.)</strong></span> 
     </span>
    </p>
   </div>
  </div>
