4192 6398
396 284 500 339 297

1387 278 1731 336 HISTORL/E
1773 277 2334 335 ECCLESIASTICIE
2374 277 2505 334 LIB.
2537 276 2634 351 .lll.

3542 285 3646 340 2:93

395 401 797 473 συγκατατάξαι
859 404 977 464 ταῖς
1022 402 1338 473 ἑρμηνείαις
1368 404 1501 470 (77).
1559 401 1961 471 διοιϐεϐσιιούμε⁴

2074 409 2261 456 nostra
2315 413 2530 467 quoque
2557 395 2866 451 assertione
2917 397 3186 452 ﬁrmetur.
3233 398 3350 454 Non
3394 401 3561 468 enim,
3588 414 3648 457 ut

393 513 482 558 νος
515 494 653 564 ὑπὲρ
681 493 860 548 αὐτῶν
887 493 1162 565 ἀλήθειαν.
1185 495 1257 546 Οὐ
1285 494 1393 565 γάρ
1428 498 1541 557 τοῖς
1573 494 1640 546 τὰ
1684 492 1854 545 πολλά
1882 493 1969 546 λέο

392 602 579 654 γουσιν
605 584 822 656 ἔχαιρον
861 584 1051 654 ὥσπερ
1079 585 1127 635 οἱ
1159 584 1363 647 πολλοὶ,
1409 584 1542 637 ἀλλὰ
1591 588 1704 646 τοῖς
1759 583 1967 654 τάληθῆ

390 677 726 732 διδάσκουσιν
748 693 764 708 ⁸
797 675 921 730 οὐδὲ
968 678 1079 739 τοῖς
1110 676 1207 739 τάς
1247 676 1534 745 ἀλλοτρίας
1565 677 1783 739 ὲντολάς
1834 693 1968 747 μνη-

395 768 731 837 μονεύουσιν,
749 766 889 821 ἀλλά
914 770 1025 830 τοῖς
1052 767 1151 830 τὰς
1172 767 1322 839 παρά
1338 768 1432 821 τοῦ
1463 769 1669 840 Κυρίου
1695 772 1761 841 τῇ
1787 770 1966 822 πίστει

389 861 699 933 δεδομένας,
728 860 824 914 καὶ
852 860 947 914 ἀπ’
976 859 1144 927 αύτῆς
1191 858 1635 930 παραγινομένας
1683 860 1784 930 τῆς
1836 860 1968 932 ἀλη-

393 948 563 1012 θείας.
589 950 650 1001 El
677 948 734 1001 δέ
759 966 859 1001 που
894 950 987 1001 καὶ
1016 946 1511 1019 παρηκολουθηκώς
1561 966 1645 1011 τις
1684 953 1795 1011 τοῖς
1828 966 1961 1018 πρε-

396 1039 675 1111 σϐυτέροις
704 1040 866 1103 ἔλθοι,
886 1039 1010 1102 τοὺς
1029 1039 1134 1092 τῶν
1160 1039 1540 1110 πρεσϐυτέρων
1566 1041 1845 1112 ἀνέκρινον
1882 1041 1967 1093 λό-

393 1146 521 1198 γους
542 1147 556 1162 ⁸
584 1131 637 1184 τί
667 1131 935 1203 Ἀνδρέας,
963 1130 995 1201 ἣ
1024 1130 1076 1183 τί
1123 1131 1326 1201 Πέτρος
1346 1127 1520 1193 εἶπεν,
1548 1132 1580 1201 ἢ
1608 1132 1659 1184 τί
1680 1131 1961 1195 Φίλιππος,

391 1223 425 1293 ἦ
454 1222 506 1274 τί
535 1224 752 1293 Θωμᾶς,
776 1223 809 1293 ἢ
853 1223 1103 1287 Ἰάκωϐος
1123 1241 1136 1254 ·
1164 1224 1196 1294 ἦ
1222 1223 1272 1275 τί
1302 1223 1571 1294 Ἰωάννης,
1604 1223 1637 1294 ἢ
1667 1222 1961 1287 Ματθαῖος·

392 1312 426 1382 ἢ
464 1331 546 1376 τις
580 1314 763 1384 ἕτερος
789 1312 897 1367 τῶν
929 1313 1024 1367 τοῦ
1074 1314 1281 1386 Κυρίου
1328 1314 1686 1385 μαθητῶνκᾶ
1718 1332 1777 1367 τε
1827 1316 1967 1385 Ἀρι-

391 1404 573 1470 στίων,
598 1406 689 1457 καὶ
720 1409 747 1458 6
784 1406 1150 1477 πρεσϐύτερος
1216 1407 1487 1476 Ἰωάννης,
1532 1408 1581 1459 οἱ
1621 1405 1714 1459 τοῦ
1759 1406 1963 1479 Κυρίου

391 1495 925 1567 μαθηταὶ,λέγουσιν.
953 1498 1027 1551 Ού
1057 1497 1163 1569 γὰρ
1196 1498 1262 1551 τά
1292 1501 1356 1551 ἐκ
1386 1499 1491 1551 τῶν
1536 1497 1751 1567 βιϐλίων
1775 1498 1965 1551 τοσοῦ-

390 1586 480 1638 τόν
516 1603 583 1656 με
613 1586 841 1657 ὠφελεῖν
877 1589 1290 1660 ὑπελάμϐανον,
1331 1590 1454 1643 ὅσον
1485 1590 1553 1642 τά
1581 1588 1733 1660 παρά
1788 1589 1966 1659 ζώσης

386 1677 567 1747 φωνῆς
600 1680 693 1732 καὶ
733 1679 1017 1751 μενούσης.
1060 1700 1078 1732 ι
1135 1680 1304 1734 Ἐνθα
1346 1680 1442 1733 καὶ
1488 1679 1781 1748 ἐπιστῆσαι
1819 1678 1966 1743 ἄξιον

2075 492 2324 561 plerique
2347 489 2548 554 solent,
2575 503 2675 544 eos
2704 501 2943 557 unquam
2976 496 3220 545 sectatus
3252 505 3369 546 sum
3406 493 3499 561 qui
3530 508 3652 550 ver-

2074 585 2158 639 bis
2187 584 2489 649 aﬁlnerent,
2526 583 2620 637 sed
2649 598 2744 639 eos
2782 583 2964 651 potius
2994 583 3088 652 qui
3119 597 3306 638 verum
3342 585 3604 642 docerem
3629 604 3648 655 ;

2074 691 2176 730 nec
2202 690 2297 730 eos
2325 675 2415 743 qui
2453 689 2590 729 nova
2634 673 2882 743 quaedam
2936 682 2995 727 et
3044 673 3302 729 inusitata
3352 687 3647 745 praecepta,

2074 756 2173 821 sed
2202 766 2327 820 illos
2368 765 2460 836 qui
2494 764 2705 819 Domini
2735 764 2990 819 mandata
3022 763 3077 819 in
3115 764 3302 833 ﬁguris
3340 769 3564 835 tradita,
3594 774 3650 822 et

2072 857 2142 911 ab
2196 856 2308 925 ipsa
2353 856 2585 910 veritate
2634 854 2875 923 profecta
2945 858 3351 912 memorabant.
3399 860 3552 925 Quod
3601 862 3649 915 si

2073 946 2195 1014 quis
2222 946 2492 999 interdum
2532 944 2663 998 mihi
2692 944 3020 998 occurrebat
3050 946 3145 1015 qui
3177 962 3298 1000 cum
3332 949 3651 1004 senioribus

2073 1045 2321 1090 versatus
2354 1035 2567 1103 fuisset,
2598 1049 2665 1089 ex
2690 1050 2756 1090 eo
2782 1036 3001 1090 curiose
3030 1038 3357 1094 sciscitabar
3390 1056 3646 1110 quamam

2072 1135 2256 1181 essent
2291 1125 2566 1179 seniorum
2608 1125 2754 1179 dicta
2799 1140 2814 1178 :
2854 1124 2984 1194 quid
3035 1126 3305 1191 Andreas,
3356 1130 3487 1198 quid
3543 1130 3646 1187 Pe-

2076 1228 2213 1281 trus,
2241 1218 2370 1286 quid
2409 1216 2710 1287 Philippus,
2743 1218 2874 1287 quid
2915 1216 3178 1282 Thomas,
3214 1221 3344 1289 quid
3385 1219 3645 1290 Jacobus,

2073 1309 2202 1376 quid
2226 1307 2487 1371 Joannes,
2513 1308 2643 1377 quid
2682 1307 2990 1373 Malthazus,
3026 1308 3156 1376 quid
3200 1312 3382 1365 caeteri
3430 1312 3646 1366 Domini

2072 1399 2319 1468 discipuli
2353 1399 2534 1453 dicere
2568 1398 2710 1453 soliti
2737 1410 2964 1453 essent:
2998 1398 3256 1467 quidnam
3295 1401 3563 1468 Aristion,
3593 1409 3648 1457 et

2070 1490 2307 1547 Joannes
2336 1490 2637 1561 presbyter,
2692 1491 2944 1561 discipuli
2992 1491 3225 1558 Domini,
3258 1494 3643 1563 praedicarent.

2074 1583 2257 1655 Neque
2284 1586 2430 1640 enim
2458 1601 2524 1639 ex
2553 1584 2819 1639 librorum
2864 1584 3102 1641 lectione
3135 1594 3342 1640 tantam
3381 1601 3466 1641 me
3496 1588 3649 1643 utili-

2076 1684 2241 1729 tatem
2270 1691 2466 1744 capere
2507 1690 2666 1745 posse
2697 1676 3105 1743 existimabam,
3155 1689 3414 1746 quantam
3442 1694 3508 1734 ex
3551 1682 3651 1735 ho-

383 1767 464 1832 δὶς
500 1771 926 1840 καταριθμοῦπι
951 1772 1101 1843 αύτῷ
1131 1773 1192 1826 τὸ
1241 1773 1485 1827 Ἰωάννου
1527 1773 1700 1844 ὄνομα
1723 1792 1738 1805 ο
1771 1768 1847 1827 ὧν
1878 1774 1961 1827 τὸν

2074 1770 2279 1820 minum
2328 1768 2506 1822 adhuc
2534 1769 2885 1837 superstitum
2923 1769 3043 1823 viva
3080 1785 3236 1825 voce.
3277 1789 3296 1822 ι
3349 1770 3561 1838 Quibus
3589 1774 3645 1829 in

387 1859 484 1930 μὲν
514 1862 778 1934 πρότερον
806 1863 997 1935 Πέτρῳ
1024 1865 1117 1917 καὶ
1156 1863 1418 1935 Ἰακώϐῳ,
1455 1864 1549 1917 καὶ
1566 1863 1850 1933 Ματθαίῳ,
1875 1864 1969 1916 καὶ

382 1955 495 2014 τοῖς
527 1951 731 2017 λοιποῖς
757 1954 1074 2018 ἀποστόλοις
1102 1956 1523 2024 συγκαταλέγει,
1557 1954 1745 2024 σαφῶς
1792 1953 1969 2025 δηλῶν

381 2041 473 2094 τὸν
501 2040 896 2112 εὐαγγελιστήν
918 2059 931 2073 ·
968 2043 1058 2096 τὸν
1097 2043 1154 2096 δ’
1176 2045 1361 2116 ἕτερον
1390 2043 1641 2116 Ἰωάννην
1662 2043 1968 2105 διαστείλας

383 2132 473 2189 τὸν
503 2132 681 2202 λόγον,
706 2134 914 2206 έτέροις
946 2135 1097 2206 παρὰ.
1120 2135 1210 2188 τὸν
1228 2134 1337 2190 τῶν
1372 2133 1682 2188 ἀποστόλων
1733 2133 1967 2205 ἀριθμὸν

384 2225 736 2289 κατατάσσει,
774 2226 1047 2297 προτάξας
1079 2226 1242 2280 αὐτοῦ
1262 2226 1353 2279 τὸν
1403 2224 1742 2297 Ἀριστίωνα.
1773 2224 1968 2294 Σαφῶς

383 2332 443 2369 τε
470 2317 633 2371 αὐτὸν
667 2316 1034 2389 πρεσϐύτερον
1062 2318 1335 2388 ὀνομάζει.
1380 2318 1468 2381 Ὧς
1501 2318 1595 2372 καὶ⁵
1625 2318 1712 2371 διὰ
1761 2317 1968 2372 τούτων

385 2406 801 2460 ἀποδείκνυσθαι
829 2408 928 2478 τὴν
957 2406 1196 2477 ἱστορίαν
1222 2407 1398 2477 ἀληθῆ
1448 2407 1557 2461 τῶν
1592 2408 1686 2461 δύο
1714 2408 1855 2462 κατὰ
1868 2410 1967 2480 τὴν

400 2497 584 2551 Ἀσίαν
610 2499 898 2570 ὁμωνυμίᾳ
941 2498 1240 2569 κεχρῆσθαι
1283 2499 1603 2570 εἰρηκότων,
1663 2499 1757 2553 δύο
1800 2517 1859 2553 τε
1908 2504 1967 2555 ὲν

402 2588 610 2660 Ἐφέσῳ
638 2589 889 2657 γενέσθαι
912 2590 1170 2660 μνήματα
1195 2592 1289 2644 καὶ
1314 2589 1573 2660 ἑκάτερον
1611 2591 1857 2644 Ἰωάννου
1885 2590 1965 2645 ἔτι

387 2678 481 2732 νῦν
514 2679 764 2749 λέγεσθαι
786 2697 800 2710 ·
835 2677 914 2744 οἷς
935 2681 1029 2734 καὶ
1060 2682 1353 2750 ἀναγκαῖον
1385 2682 1674 2754 προσέχειν
1704 2683 1793 2737 τὸν
1815 2683 1961 2738 νοῦν.

385 2772 547 2837 Εἰκὸς
567 2772 675 2845 γὰρ
708 2774 798 2827 τὸν
820 2773 1072 2846 δεύτερον
1097 2814 1111 2838 ,
1153 2776 1200 2827 εί
1240 2775 1313 2844 μή
1346 2792 1432 2838 τις
1461 2774 1631 2829 ἐθέλοι
1665 2777 1757 2830 τὸν
1811 2777 1965 2850 πρῶο

381 2883 496 2935 τον,
516 2868 616 2939 τὴν
648 2868 733 2919 ἐπ’
781 2867 1044 2939 ὀνόματος
1078 2869 1387 2942 φερομένην
1443 2869 1687 2923 Ἰωάννου
1734 2870 1964 2925 Ἀποκά-

382 2954 537 3025 λυψιν
559 2959 882 3028 ἑωρακέναι.
907 2960 1017 3013 Καὶ
1035 2960 1063 3011 6
1091 2959 1185 3014 νῦν
1216 2961 1275 3013 δὲ
1299 2962 1430 3032 ἡμῖν
1471 2960 1631 3032 δηλού
1642 2978 1804 3031 μενος
1846 2962 1961 3015 Πα-

2071 1859 2256 1912 verbis
2283 1857 2413 1912 illud
2462 1859 2626 1911 etiam
2655 1858 3063 1913 observandum
3102 1874 3212 1929 est,
3245 1863 3330 1918 bis
3355 1865 3424 1919 ab
3455 1879 3522 1920 eo
3547 1880 3648 1935 po-

2071 1951 2232 2004 situm
2261 1963 2382 2004 esse
2408 1963 2604 2003 nomen
2627 1949 2878 2006 Joannis.
2910 1950 2977 2005 Et
3005 1951 3245 2021 priorem
3279 1954 3497 2024 quidem
3536 1971 3646 2012 una

2071 2056 2194 2098 cum
2230 2040 2415 2108 Petro,
2445 2040 2668 2106 Jacobo,
2708 2042 2963 2098 Matthmo
3006 2053 3062 2099 et
3099 2046 3329 2115 reliquis
3381 2049 3646 2118 apostolis

2071 2143 2343 2198 recenset,
2392 2134 2525 2188 satis
2576 2134 2824 2190 indicans
2854 2151 2914 2190 se
2948 2136 3016 2191 de
3051 2139 3384 2210 evangelista
3430 2138 3647 2196 Joanne

2069 2225 2238 2280 verba
2264 2223 2466 2281 facere.
2499 2224 2691 2280 Postea
2741 2241 2875 2281 vero
2925 2228 3170 2284 adhibita
3223 2231 3499 2287 sermonis
3534 2232 3646 2288 dis-

2073 2316 2353 2382 tinctione,
2382 2316 2616 2371 alterum
2670 2316 2937 2372 Joannem
2979 2335 3101 2375 cum
3155 2321 3223 2377 iis
3271 2322 3504 2378 collocat
3550 2322 3645 2393 qui

2069 2416 2222 2460 extra
2254 2422 2537 2462 numerum
2590 2417 2718 2461 sunt
2766 2409 3164 2477 apostolorum,
3216 2427 3537 2483 praeponens
3569 2412 3644 2467 illi

2069 2497 2406 2553 Aristionem
2457 2500 2744 2568 quemdam
2799 2520 2811 2553 :
2859 2504 3220 2571 eumdemque
3262 2506 3643 2575 presbyterum

2062 2588 2273 2644 diserte
2305 2590 2576 2645 nominat.
2602 2589 2719 2658 Quo
2753 2589 2816 2645 ﬁt
2844 2600 2904 2646 ut
2925 2606 3054 2647 vera
3083 2594 3335 2649 videatur
3359 2607 3482 2650 esse
3517 2609 3647 2650 nar»

2072 2681 2212 2736 ratio
2248 2679 2486 2746 illorum,
2520 2683 2611 2751 qui
2644 2684 2780 2738 duos
2848 2686 3038 2740 eodem
3084 2685 3302 2741 nomine
3342 2685 3647 2757 appellatos

2070 2773 2124 2827 in
2163 2773 2292 2829 Asia
2333 2772 2538 2828 vixisse
2585 2773 2881 2830 dixerunt:
2922 2784 2980 2831 et
3031 2776 3174 2847 apud
3214 2775 3489 2847 Ephesum
3537 2777 3647 2833 duo

2065 2878 2187 2920 esse
2243 2866 2519 2934 sepulcra,
2548 2875 2606 2923 et
2656 2875 2949 2936 utrumque
2972 2867 3201 2925 Joannis
3247 2870 3515 2927 hactenus
3545 2884 3645 2925 no-

2066 2956 2286 3012 minari.
2319 2956 2497 3027 Atque
2525 2959 2627 3013 hoc
2655 2958 3094 3016 animadvertere
3126 2961 3182 3015 in
3228 2962 3422 3031 primis
3457 2975 3645 3018 neces-

382 3048 531 3112 πίας,
565 3051 691 3114 τοὺς
749 3051 848 3122 μὲν
885 3052 993 3105 τῶν
1027 3053 1340 3107 ἀποστόλων
1401 3052 1595 3121 λόγους
1658 3054 1812 3125 παρὰ
1852 3054 1961 3108 τῶν

2065 3048 2270 3102 sarium
2299 3058 2450 3120 puto.
2493 3048 2806 3106 Verisimile
2834 3059 2920 3106 est
2945 3052 3090 3105 enim
3126 3051 3537 3110 Revelatione-
3576 3058 3645 3115 il-

379 3138 562 3203 αὐτοίς
622 3113 1181 3214 παρηκολουθηκότων
1235 3113 1490 3214 ὁμολογεί
1536 3113 1952 3215 παρειληφέναι,

2065 3141 2171 3196 lam
2206 3139 2432 3198 Joannis
2473 3143 2693 3197 nomine
2722 3142 3065 3212 inscriptam,
3113 3146 3159 3199 si
3204 3160 3311 3199 non
3372 3163 3401 3201 a
3460 3151 3644 3219 priore

392 3229 732 3300 ’Δριστίωνος
765 3232 822 3284 δὲ
850 3232 945 3286 καὶ
972 3232 1065 3285 τοῦ
1092 3234 1468 3305 πρεσϐυτέρου
1510 3234 1758 3287 Ἰωάννου
1792 3235 1963 3308 αὐτή·-

379 3335 503 3373 κοον
525 3320 714 3375 ἑαυτόν
744 3337 877 3393 φησι
904 3321 1175 3390 γενέσθαι.
1219 3322 1507 3393 Ὀνομαστὶ
1545 3323 1675 3391 γοῦν
1704 3322 1961 3388 πολλάκις

381 3411 560 3464 αὐτῶν
591 3412 986 3482 μνημονεύσας,
1018 3414 1076 3465 ὲν
1103 3417 1214 3477 τοῖς
1259 3414 1426 3468 αὑτοῦ
1456 3414 1852 3486 συγγράμμασι
1885 3415 1965 3469 τί-

382 3499 541 3571 θησιν
566 3501 744 3557 αὐτῶν
770 3504 1116 3572 παραδόσεις.
1162 3505 1273 3557 Καὶ
1314 3504 1486 3558 ταῦτα
1519 3506 1563 3559 δ’
1596 3509 1728 3577 ἡμῖν
1754 3509 1855 3560 οὐκ
1884 3510 1963 3572 είς

382 3588 444 3644 τὸ
469 3590 739 3662 ἄχρηστον
783 3593 1038 3667 εἰρήσθω.
1084 3594 1267 3659 Ἄξιον
1305 3593 1363 3646 δὲ
1402 3598 1523 3658 ταῖς
1584 3595 1963 3661 ἀποδοθείσαις

381 3682 477 3736 τοῦ
507 3683 695 3736 Παπία
730 3687 931 3753 φωναῖς
956 3724 970 3748 ,
1001 3685 1279 3756 προσάψαι
1332 3685 1505 3751 λέξεις
1544 3687 1737 3757 ἐτέρας
1772 3686 1959 3755 αὐτοῦ,

379 3771 447 3826 δι’
479 3766 555 3827 ὧν
591 3775 870 3845 παράδοξά
900 3793 1020 3828 τινα
1057 3777 1262 3846 ἱστορεῖ
1321 3776 1417 3829 καὶ
1460 3775 1617 3841 ἄλλα,
1648 3777 1724 3840 ὡς
1779 3776 1846 3829 ἂν
1898 3779 1963 3830 ὲκ

378 3864 730 3936 παραδόσεως
760 3867 841 3929 είς
870 3868 1032 3921 αὑτὸν
1064 3868 1306 3922 ἐλθόντα.
1339 3867 1413 3920 Τὸ
1439 3869 1536 3939 μὲν
1569 3863 1660 3923 οῦν
1690 3867 1831 3922 κατά
1860 3868 1961 3940 τὴν

298 4008 304 4013 ,
387 3954 692 4026 Ἰεράπολιν
718 3958 982 4012 Φίλιππον
1015 3958 1106 4013 τόν
1140 3960 1436 4014 ἀπόστολον
1470 3962 1588 4032 ἃμα
1626 3964 1748 4026 ταῖς
1788 3961 1959 4031 θυγα-

374 4049 537 4120 τράσι
561 4049 859 4121 διατρίψαι,
892 4050 980 4105 διὰ
1005 4051 1114 4105 τῶν
1152 4052 1387 4123 πρόσθεν
1414 4053 1728 4125 δεδήλωται.
1772 4056 1861 4119 Ὦς
1901 4055 1960 4109 δὲ

378 4140 518 4193 κατὰ
548 4141 675 4204 τοὺς
704 4142 898 4206 αὐτοὺς
925 4145 953 4196 6
973 4144 1191 4209 Παπίας
1219 4148 1527 4217 γενόμενος,
1545 4147 1796 4219 διήγησιν
1819 4164 1959 4219 παρ-

406 4230 686 4300 ειληφέναι
717 4231 1027 4303 Θαυμασίαν
1061 4235 1167 4288 ὑπὸ
1192 4236 1300 4289 τῶν
1324 4236 1419 4289 τοῦ
1460 4238 1729 4291 Φιλίππου
1790 4237 1956 4306 θυγα-

377 4320 549 4392 τέρων
575 4324 920 4394 μνημονεύει,
951 4324 1023 4378 τά
1052 4324 1148 4379 νῦν
1191 4327 1546 4397 σημειωτέον.
1594 4327 1810 4399 Νεκροῦ
1844 4327 1956 4400 γὰρ

2064 3234 2179 3301 illo,
2213 3244 2363 3288 certe
2389 3233 2457 3288 ab
2488 3234 2591 3289 hoc
2624 3237 2929 3304 posteriore
2975 3235 3152 3289 visam
3199 3235 3393 3292 fuisse.
3446 3240 3511 3294 Et
3539 3239 3641 3294 Pa.

2063 3328 2183 3398 pias
2230 3327 2453 3395 quidem
2498 3325 2567 3381 de
2610 3341 2717 3397 quo
2777 3340 2924 3381 nunc
2984 3340 3294 3382 sermonem
3347 3329 3638 3399 habemus,

2063 3417 2433 3487 apostolorum
2464 3417 2630 3483 dicta,
2666 3418 2735 3472 ab
2762 3418 2828 3471 iis
2860 3416 2953 3487 qui
3002 3432 3124 3472 cum
3154 3418 3411 3486 apostolis
3439 3426 3640 3479 versati

2064 3509 2303 3575 fuerant,
2335 3521 2400 3563 se
2422 3508 2701 3578 accepisse
2734 3506 3017 3577 proﬁtetur
3041 3524 3056 3561 :
3078 3508 3368 3565 Aristionis
3389 3522 3568 3567 autem
3589 3524 3644 3570 et

2062 3599 2289 3654 Joannis
2317 3598 2619 3669 presbyteri
2655 3600 2957 3654 auditorem
2992 3613 3050 3654 se
3077 3599 3207 3655 dicit
3232 3599 3422 3658 fuisse.
3473 3603 3638 3660 Multa

2064 3696 2213 3742 certe
2242 3702 2363 3757 qua:
2387 3687 2456 3742 ab
2490 3688 2561 3742 iis
2591 3686 2787 3742 tradita
2816 3696 3125 3757 acceperat,
3169 3689 3418 3757 ipsorum
3464 3694 3640 3747 nomi-

2063 3779 2232 3834 natim
2265 3779 2541 3834 mentione
2575 3777 2740 3845 facta,
2772 3779 2826 3834 in
2857 3779 3282 3835 Commentariis
3334 3783 3448 3838 suis
3479 3796 3639 3839 retu-

2061 3873 2147 3929 lit.
2186 3873 2363 3943 Atque
2387 3874 2502 3929 haec
2530 3872 2749 3943 quidem
2799 3888 2904 3929 non
2931 3872 3231 3944 superﬂue,
3266 3875 3425 3945 112
3465 3886 3524 3931 ut
3548 3891 3641 3933 ar-

2060 3963 2260 4030 bitror,
2295 3979 2326 4019 a
2350 3964 2511 4019 nobis
2535 3949 2684 4019 dicta
2717 3965 2848 4020 sint.
2884 3963 3058 4021 Porro
3080 3979 3263 4035 operas
3285 3967 3520 4036 pretium
3549 3968 3638 4024 fu-

2059 4054 2191 4119 erit,
2216 4069 2380 4125 supra
2403 4055 2585 4111 citatis
2608 4054 2789 4126 Papia:
2819 4054 3006 4111 verbis
3065 4055 3174 4112 alia
3202 4058 3365 4112 etiam
3398 4059 3639 4127 ejusdem

2061 4145 2371 4199 testimonia
2399 4147 2716 4217 adjungere,
2747 4148 2801 4201 in
2843 4147 3042 4217 quibus
3086 4148 3353 4203 miracula
3391 4150 3637 4217 quasdam

2058 4250 2125 4290 ex
2164 4236 2394 4291 aliorum
2432 4236 2536 4292 ﬁde
2579 4251 2634 4291 at
2702 4236 2995 4291 traditione
3044 4247 3455 4293 commemorat.
3510 4238 3639 4292 Phi-

2059 4325 2261 4397 lippum
2290 4328 2512 4397 quidem
2545 4326 2853 4397 apostolum
2890 4341 2994 4381 una
3027 4341 3150 4382 cum
3182 4326 3401 4381 ﬁliabus
3441 4325 3636 4382 Hiera-

379 4412 668 4468 ἀνάστασιν
710 4417 829 4468 κατ’
867 4416 1029 4471 αὐτὸν
1048 4421 1334 4488 γεγονυῖαν
1368 4420 1588 4491 ἱστορεῖ,
1622 4420 1715 4472 καί⁸
1754 4416 1820 4473 αὖ
1848 4420 1955 4474 πά-

2065 4417 2173 4487 ροιί
2203 4418 2401 4487 degere
2432 4418 2650 4473 solitum
2692 4420 2945 4486 superius
2978 4416 3284 4473 docuimus.
3316 4416 3477 4472 Nunc
3505 4433 3638 4473 vero

378 4504 460 4560 λιν
486 4505 669 4577 ἕτερον
716 4507 1017 4580 παράδοξον
1041 4512 1169 4579 περὶ
1210 4509 1439 4563 Ἰοῦστον
1470 4512 1561 4565 τὸν
1594 4510 1956 4583 ἐπικληθέντα

380 4595 669 4668 Βαρσαϐἄν
702 4598 814 4669 (Ἱ8)
859 4601 1115 4668 γεγονὸς,
1146 4600 1223 4665 ὡς
1280 4601 1604 4673 δηλητήριον
1664 4602 1955 4674 φάρμακον

382 4688 669 4759 έμπιόντος
693 4691 785 4742 καὶ
813 4691 975 4760 μηδὲν
1005 4692 1166 4761 ἀηδὲς
1196 4692 1284 4745 διὰ
1318 4693 1413 4764 τὴν
1433 4693 1529 4746 τοῦ
1559 4694 1765 4764 Κυρίου
1794 4693 1957 4763 χάριν

382 4778 791 4848 ὑπομείναντος.
821 4780 1022 4834 Τοῦτον
1050 4781 1108 4834 δὲ
1132 4782 1223 4835 τὸν
1261 4782 1491 4837 Ἰοῦστον
1537 4784 1675 4853 μετὰ
1712 4784 1813 4855 τὴν
1859 4782 1954 4836 τοῦ

380 4869 630 4939 Σωτῆρος
681 4869 983 4939 ἀνάληψιν,
1029 4872 1157 4935 τοὺς
1207 4874 1386 4943 ἱεροὺς
1445 4874 1777 4937 ἀποστόλους
1814 4873 1955 4942 μετά

380 4958 599 5016 Ματθία
630 4958 824 5030 στῆσαί
855 4978 913 5012 τε
941 4963 1036 5016 καὶ⁸
1084 4962 1415 5029 ἐπεύξασθαι
1447 4964 1569 5019 ἀντὶ
1607 4964 1702 5018 τοῦ
1762 4964 1956 5036 προδό-

382 5097 578 5151 merito
638 5097 986 5166 reprehendit
1041 5107 1196 5154 vetus
1247 5100 1572 5155 scholiastes
1618 5100 1704 5154 his
1743 5101 1952 5167 verbis,

383 5181 502 5239 quae
530 5167 599 5221 ad
635 5169 937 5239 marginem
970 5169 1187 5239 codicis
1211 5169 1470 5224 Mazariui
1506 5174 1744 5239 ascripta
1779 5181 1948 5239 sunt;

379 5232 444 5310 Τί
462 5253 543 5289 σοι
569 5238 668 5310 ,καί
690 5232 805 5310 τοῖς
832 5236 925 5310 τοῦ
951 5235 1097 5310 ίεροῦ
1117 5238 1441 5310 Κλήμεντος
1462 5232 1744 5309 διαλόγοις,
1795 5232 1954 5302 ὲνοῖς

377 5308 512 5381 ὅσον-
532 5307 594 5359 τὸ
632 5306 826 5381 ὄφελος
861 5308 910 5381 οἱ
941 5306 1375 5381 ὀρθοδόξωςκαι
1394 5306 1713 5381 εἰλικρινῶς
1733 5312 1951 5381 ἐντετυ-

377 5376 607 5451 χηκότες
628 5376 815 5451 σαφῷς
868 5375 1288 5451 ἴσασιν.”Απαγε
1313 5380 1421 5451 τῶν
1442 5375 1839 5451 διασυρμῶν,ὧ
1868 5379 1955 5451 λος

377 5446 611 5519 γιὼτατε
632 5463 645 5475 ·
684 5448 931 5519 πείσεται
960 5447 1069 5519 γάρ
1099 5465 1179 5519 σοι
1209 5448 1317 5503 τῶν
1347 5449 1485 5504 ὅλων
1523 5446 1696 5512 οὐδεὶς
1726 5450 1827 5519 τῆς
1854 5448 1950 5502 τοῦ

378 5514 510 5590 Θεοῦ
557 5516 907 5590 Ἐκκλησίας·
942 5514 1380 5590 τοῦΚλήμεντος
1409 5519 1632 5590 ἅπαντα
1652 5522 1709 5573 ὲν
1746 5514 1945 5590 σεμνρ-

372 5585 618 5661 νομένοις
660 5584 779 5640 ἐστὶ
806 5591 919 5653 τοίς
966 5584 1252 5660 τροφίμοις
1282 5591 1382 5661 τῆς
1420 5588 1723 5655 εὐσεϐείας,
1747 5584 1836 5658 ὑφ’
1867 5584 1943 5644 ὧν

376 5655 756 5721 σπουδάζεται.

2062 4508 2515 4575 quemadmodum
2549 4506 2767 4577 Papias,
2805 4508 2898 4577 qui
2937 4506 3133 4562 iisdem
3189 4507 3527 4576 temporibus
3554 4509 3637 4562 vi-

2062 4598 2162 4663 xit,
2193 4600 2496 4654 mirabilem
2527 4602 2821 4668 quamdam
2852 4600 3227 4654 narrationem
3259 4613 3288 4651 a
3316 4596 3548 4668 Philippi
3574 4600 3639 4653 ﬁ-

2059 4689 2234 4744 liabus
2292 4676 2570 4761 accepisse
2636 4704 2696 4745 se
2746 4690 2952 4754 refert,
3009 4704 3370 4759 exponamus.
3432 4690 3639 4748 Scribit

2057 4780 2200 4834 enim
2232 4791 2501 4835 mortuum
2531 4797 2627 4835 sua
2656 4789 2816 4834 aetate
2840 4778 2908 4832 ad
2935 4778 3106 4833 vitam
3140 4794 3263 4835 esse
3293 4790 3633 4837 revocatum.

2058 4870 2304 4925 Alterum
2340 4887 2559 4942 quoque
2586 4874 2778 4941 ingens
2809 4870 3130 4926 nuraculum
3182 4871 3353 4927 refert
3383 4873 3449 4927 de
3477 4871 3637 4927 Justo

2057 4962 2149 5031 qui
2189 4960 2460 5018 Barsabas
2506 4965 2928 5033 cognominatus
2958 4974 3040 5018 est
3080 4980 3096 5029 ;
3147 4962 3239 5033 qui
3282 4979 3405 5020 cum
3433 4962 3635 5018 lethale

2061 5097 2113 5168 i_n
2150 5096 2337 5168 codice
2370 5097 2558 5167 Regio,
2596 5107 2651 5152 et
2679 5107 2829 5152 recte
2857 5100 3100 5167 quidem,
3135 5107 3195 5152 ut
3223 5100 3435 5168 opinor.
3471 5098 3634 5154 Certe

2059 5165 2290 5220 Ruﬁnus
2324 5165 2474 5239 hunc
2507 5170 2684 5222 locum
2721 5170 2795 5223 ita
2836 5165 2982 5239 legit,
3022 5181 3080 5222 ut
3113 5184 3180 5223 ex
3223 5165 3477 5223 versione
3514 5168 3631 5238 ejus

2056 5246 2283 5308 apparet
2314 5250 2327 5287 :
2358 5236 2486 5292 Non
2540 5239 2731 5308 pigebit
2779 5236 2955 5293 autem
3001 5255 3094 5293 nos
3149 5240 3243 5292 tibi
3286 5239 3462 5292 omnia
3509 5236 3629 5308 qua:

2054 5306 2321 5377 quondam
2352 5324 2382 5359 a
2416 5306 2730 5377 presbyteris
2757 5309 3057 5371 didicimus,
3092 5319 3141 5362 et
3174 5310 3298 5363 bene
3321 5306 3628 5377 retinemus,

2055 5375 2395 5447 recordantes
2446 5375 2702 5446 experiere
2746 5395 2866 5431 cum
2916 5379 3434 5447 interpretationibus
3487 5376 3622 5447 satis.

2055 5443 2269 5513 Reliqui
2301 5456 2485 5500 tamen
2512 5443 2729 5503 codices
2760 5447 2927 5511 Maz.,
2957 5443 3096 5501 Med.
3130 5464 3194 5502 ac
3224 5446 3356 5502 Fuk.
3385 5460 3509 5499 cum
3530 5443 3628 5497 Ni-

2054 5520 2299 5587 cepﬁlmro
2322 5519 2595 5587 scriptum
2626 5518 2827 5587 habent
2854 5517 3129 5582 συντάξαι.
3411 5577 3465 5587 _~

2121 5579 2234 5662 (⁷8)
2287 5579 2697 5662 ’λοῦςνὶονῑὸν
2741 5579 3144 5662 imm???“
3184 5579 3543 5662 Βρρᾳοιῖᾶνε,
3561 5579 3619 5633 ιιι

2052 5651 2226 5708 tribus
2252 5658 2457 5725 nostris
2481 5658 2759 5716 codicibus
2788 5651 2956 5725 Man,
2982 5656 3118 5711 Med.
3151 5665 3207 5709 et
3234 5651 3353 5708 F'nk
3422 5651 3622 5720 legitur

444 5726 555 5798 (77)
600 5727 1045 5799 Συγοιατατάξαι
1090 5729 1219 5795 ταῖς
1247 5730 1605 5796 ἑρμηνείαις.
1644 5730 1720 5787 lta
1745 5728 1943 5800 legitur
2048 5724 2388 5795 Βαρσαϐϐᾶν.

691 5820 964 5883 Ρηιιοι..
1012 5820 1128 5883 Gn.
1178 5821 1312 5884 XX.

3233 5813 3310 5875 10
