4192 6438
529 272 635 329 299

1242 274 1514 332 EUSEBII
1550 273 2029 332 CESABIENSIS
2066 274 2215 331 OPP.
2256 274 2440 330 PARS
2478 274 2518 333 1.
2550 305 2618 316 -
2656 273 3048 332 Ηιετοιιιολ.

3681 277 3789 336 500

530 389 786 460 poculum
818 390 1103 455 ebibisset,
1141 397 1320 445 tamen
1362 390 1457 446 Dei
1489 390 1703 460 adjutus
1750 391 1951 464 gratia,
1981 390 2100 446 nul—

2208 407 2292 444 του
2335 390 2506 444 ’ἰούδα
2538 391 2631 444 ἐπὶ
2665 389 2757 444 τὸν
2795 390 2992 462 κλῆρον
3043 389 3142 459 τῆς
3202 389 3641 463 ἀναπληρώσεως
3690 396 3788 449 τοῦ

531 478 642 536 lum
679 481 807 537 inde
849 482 1063 552 accepit
1095 482 1526 538 incommodum.
1574 480 1733 539 Hunc
1784 492 1965 536 autem
2004 480 2100 538 Ju-

531 580 676 628 stum
724 582 846 641 post
901 574 1113 630 Domini
1165 587 1451 630 ascensum
1503 589 1533 628 a
1578 572 1788 629 sanctis
1844 573 2105 643 apostolis

532 665 850 734 productum
879 680 1001 721 esse
1037 666 1092 718 in
1132 666 1366 721 medium
1405 680 1529 721 cum
1574 663 1824 729 Matthia,
1870 662 2104 719 factam-

533 770 642 826 que
683 757 749 811 ad
800 757 966 812 Deum
1000 759 1392 826 precationem,
1449 768 1511 813 ut
1560 757 1702 812 alter
1732 772 1921 813 eorum
1958 765 2105 812 sorte

534 847 849 911 duceretur,
890 850 981 919 qui
1015 849 1068 902 in
1102 849 1280 903 locum
1314 849 1615 918 proditoris
1644 847 1798 905 Iuda:
1838 849 2106 904 substitu-

532 946 623 995 tus
649 955 932 994 numerum
966 942 1204 1010 ipsorum
1233 940 1499 1009 expleret,
1525 941 1758 995 Actuum
1793 940 1927 994 liber
1962 953 2107 994 com-

531 1043 799 1088 memorat
826 1034 911 1088 his
936 1034 1125 1089 verbis
1156 1051 1172 1087 :
1211 1051 1230 1084 ι
1273 1033 1337 1087 Ει
1377 1041 1687 1087 statuerunt
1712 1032 1869 1095 duos,
1904 1029 2102 1100 Josepb

508 1126 625 1197 qui
661 1126 956 1182 vocabatur
983 1126 1274 1190 Barsabas,
1305 1126 1398 1196 qui
1444 1124 1866 1196 cognominatus
1894 1131 1978 1179 est
2005 1122 2105 1177 Ju-

532 1226 672 1284 stus,
727 1227 784 1273 et
825 1217 1134 1273 Matthiam.
1169 1205 1257 1272 'Et
1302 1226 1519 1272 orantes
1568 1216 1840 1271 dixerunt.
1893 1233 1913 1268 ι
1960 1214 2102 1270 Idem

534 1321 802 1380 praeterea
831 1311 1070 1380 scriptor
1095 1309 1201 1364 alia
1234 1308 1490 1364 nonnulla
1521 1307 1679 1362 nuda:
1726 1308 1882 1362 vocis
1929 1306 2097 1361 tradi-

535 1404 684 1459 tione
729 1403 797 1457 ad
846 1417 907 1457 se
950 1400 1268 1471 pervenisse
1320 1408 1571 1464 testatur,
1624 1413 1794 1454 novas
1840 1399 2103 1468 quasdam

533 1492 745 1548 scilicet
775 1491 1084 1547 Senatoris
1111 1489 1398 1560 parabolas
1413 1504 1477 1541 ac
1502 1490 1939 1558 praadicationes,
1964 1489 2102 1544 alia-

533 1596 641 1652 que
700 1581 901 1636 tabulis
937 1581 1212 1651 pr0piora.
1247 1579 1397 1634 Inter
1421 1595 1541 1650 quae
1569 1590 1625 1632 et
1651 1580 1796 1635 mille
1835 1595 2103 1635 annorum

534 1672 767 1744 spatium
798 1682 920 1742 post
946 1686 1235 1742 corporum
1274 1672 1735 1725 resurrectionem
1776 1671 1896 1726 fore
1947 1671 2102 1737 dicit,

2212 480 2391 535 αὐτῶν
2422 480 2680 551 ἀριθμοῦ,
2721 483 2756 552 ή
2809 481 2919 534 τῶν
2958 480 3217 552 Πράξεων
3269 473 3371 534 ὧδέ
3431 499 3550 546 πως
3584 485 3790 557 ἱστορεῖ

2212 574 2428 643 γραφή’
2469 592 2487 624 ι
2512 572 2622 626 Kal.
2648 572 2882 642 ἔστησαν
2911 572 3037 634 δύο,
3083 570 3280 642 Ἰωσὴφ
3320 572 3411 627 τὸν
3458 574 3791 647 καλούμενον

2211 665 2500 734 Βαρσαϐᾶν
2529 665 2587 729 ὃς
2615 664 2888 736 ἐπεκλήθη
2942 663 3172 727 Ἰοῦστος
3191 704 3205 727 ,
3240 664 3334 717 καὶ
3365 666 3615 720 Ματθίαν
3636 686 3647 698 ·
3695 669 3793 723 καὶ

2212 756 2644 827 προσευξάμενοι
2671 751 2844 810 εἷπον.
2876 775 2895 807 ι
2929 756 3038 809 Καὶ
3069 754 3205 809 ἀλλα
3230 755 3286 808 δὲ
3304 756 3332 808 ὁ
3357 757 3519 820 αὐτὸς
3553 774 3791 828 συγγρα-

2212 849 2347 916 φεὺς
2379 848 2455 911 ὼς
2489 850 2554 901 ἐκ
2585 848 2932 919 παραδόσεως
2962 846 3205 919 ἀγράφου
3256 848 3335 911 είς
3379 847 3542 901 αὑτὸν
3588 850 3792 920 ἥκοντα

2213 940 2622 1013 παρατέθειται,
2655 940 2811 1007 ξένας
2841 940 2903 993 τέ
2940 957 3090 1004 τινας
3116 937 3428 1011 παραϐολὰς
3453 939 3548 993 τοῦ

2214 1049 2307 1104 ρος
2338 1033 2431 1085 καὶ
2456 1031 2802 1095 διδασκαλίας
2827 1030 3015 1096 αὑτοῦ,
3047 1030 3139 1084 καί
3198 1048 3318 1084 τινα
3364 1029 3500 1084 ἄλλα
3548 1030 3792 1103 μυθικώ-

2209 1139 2361 1195 τερα.
2402 1123 2492 1176 Ἐν
2524 1117 2604 1187 οἷς
2636 1122 2731 1176 καὶ
2755 1121 2967 1193 χιλιάδα
3012 1122 3136 1175 ma
3173 1137 3336 1192 φησιν
3373 1120 3512 1174 ἑτῶν
3567 1121 3787 1177 ἔσεσθαι

2214 1213 2352 1285 μετά
2372 1213 2469 1284 τὴν
2496 1212 2562 1266 ὲκ
2593 1212 2806 1283 νεκρῶν
2838 1212 3157 1276 ἀνάστασιν,
3203 1211 3528 1281 σωματικῶς
3560 1213 3660 1284 τῆς
3691 1213 3787 1267 τοῦ

2210 1303 2448 1375 Χριστοῦ
2482 1301 2760 1373 βασιλείας
2787 1302 2880 1355 ἐπὶ
2906 1302 3138 1372 ταυτησὶ¹
3182 1300 3285 1370 τῆς
3335 1300 3440 1371 γῆς
3484 1302 3788 1372 ὑποστησο-

2215 1394 2402 1466 μένης.
2444 1395 2512 1447 ’Δ
2538 1394 2632 1447 καὶ
2665 1393 2907 1465 ἠγοῦμαι
2935 1393 3034 1456 τὰς
3065 1392 3425 1457 ἀποστολικάς
3458 1392 3793 1465 παρεκδεξά-

2214 1503 2373 1558 μενον
2402 1486 2700 1556 διηγήσεις,
2728 1485 3037 1545 ὑπολαϐεῖν,
3073 1486 3138 1540 τὰ
3167 1488 3223 1539 ὲν
3259 1485 3618 1556 ὑποδείγμασι
3650 1485 3789 1558 πρός

2211 1573 2387 1628 αὐτῶν
2413 1574 2689 1645 μυστικῶς
2724 1573 2991 1645 εἰρημένα
3030 1574 3104 1646 μὴ
3128 1576 3528 1647 συνεωρακότα.
3577 1577 3789 1649 Σφόδρα

2211 1666 2320 1736 γάρ
2344 1682 2427 1719 τοι
2458 1664 2687 1736 σμικρὸς
2718 1664 2792 1719 ὣν
2822 1665 2911 1720 τὸν
2948 1666 3097 1729 νοῦν,
3130 1666 3205 1731 ὡς
3232 1666 3296 1720 ἂν
3345 1668 3411 1720 ὲκ
3461 1666 3570 1721 τῶν
3619 1668 3785 1722 αὐτοῦ

534 1771 645 1826 quo
674 1771 901 1828 regnum
928 1755 1130 1809 Christi
1165 1755 1528 1821 corporaliter
1559 1764 1665 1810 stet
1713 1756 1767 1808 in
1810 1754 1944 1809 orbe
1996 1763 2106 1807 ter-

2208 1756 2376 1826 λόγων
2404 1758 2819 1828 τεκμηράμενον
2841 1759 3036 1821 είπεῖν,
3068 1758 3314 1826 φαίνεται
3336 1775 3350 1788 ο
3383 1758 3521 1830 πλὴν
3556 1760 3650 1813 καὶ
3675 1762 3787 1821 τοῖς

535 1864 742 1906 rarum.
795 1848 924 1916 Quae
964 1847 1184 1917 quidem
1214 1849 1288 1903 ita
1319 1848 1574 1916 opinatus
1603 1860 1726 1901 esse
1751 1847 1975 1901 videtur
2002 1845 2104 1900 Pa-

513 1941 750 2012 .piasvex
786 1940 923 1994 male
949 1938 1240 1993 intellectis
1270 1937 1636 2007 apostolorum
1674 1936 2099 2001 narrationibus,

533 2045 657 2085 cum
686 2045 749 2086 ea
780 2045 898 2101 qua:
918 2043 1120 2084 arcano
1142 2030 1374 2097 quodam
1399 2043 1564 2082 sensu
1591 2036 1645 2081 et
1669 2027 1901 2094 exempli
1934 2040 2102 2080 causa

532 2121 601 2176 ab
626 2120 730 2177 illis
756 2122 1093 2183 dicebantur,
1132 2119 1396 2174 nonsatis
1428 2119 1772 2184 pervidisset.
1808 2117 1933 2171 Fuit
1954 2116 2100 2171 enim

532 2213 789 2269 mediocri
816 2213 1107 2267 admodum
1141 2211 1357 2278 ingenio
1387 2211 1670 2280 praeditus,
1704 2219 1761 2263 ut
1784 2224 1853 2264 ex
1882 2209 2105 2278 scriptis

532 2303 678 2359 illius
709 2304 987 2372 conjicere
1027 2303 1173 2358 licet.
1209 2301 1495 2370 Plerisque
1525 2311 1705 2354 tamen
1753 2309 1877 2369 post
1926 2298 2102 2368 ipsum

530 2390 924 2451 ecclesiasticis
948 2394 1310 2463 scriptoribus
1352 2392 1592 2461 ejusdem
1622 2392 1832 2446 erroris
1853 2392 2104 2446 occasio-

520 2504 658 2545 .nem
699 2487 959 2559 praebuit,
1016 2486 1555 2542 hominis-vetustate
1583 2481 1909 2541 sententiam
1948 2498 2103 2538 suam

536 2579 854 2634 tuentibus:
901 2587 1028 2649 puta
1056 2577 1293 2640 -lren:eo,
1342 2587 1398 2631 et
1437 2579 1481 2631 si
1515 2577 1640 2645 quis
1682 2576 1819 2631 alius
1856 2575 2102 2642 ejusdem

518 2669 809 2739 opinionis
858 2667 1039 2723 fautor
1086 2668 1317 2722 exstitit.
1351 2666 1500 2721 Alias
1538 2680 1752 2736 quoque
1802 2664 2101 2734 supradicti

530 2760 828 2816 Aristionis
855 2760 1232 2814 enarrationes
1263 2772 1577 2814 sermonum
1630 2757 1866 2821 Domini,
1919 2765 1973 2811 et
2005 2755 2103 2810 Jo-

533 2854 698 2912 annis
744 2855 1045 2927 presbyteri
1096 2853 1417 2907 traditiones
1472 2849 1639 2905 refert
1672 2851 1729 2905 in
1769 2849 1884 2903 suis
1924 2848 2100 2903 libris.

534 2948 686 3014 Quas
713 2946 955 3003 discendi
980 2946 1237 3001 studiosis
1277 2944 1555 2998 indicasse
1584 2942 1848 3005 contenti,
1883 2955 1997 2995 rem
2032 2940 2102 2994 il-

532 3042 665 3109 lam,
718 3053 882 3112 quam
929 3039 995 3094 de
1040 3036 1221 3091 Marco
1273 3033 1607 3102 evangelista
1663 3032 1802 3087 idem
1860 3031 2105 3101 scriptor

530 3108 1000 3193 commemoravit,
1031 3126 1407 3199 superioribus
1436 3123 1556 3192 ejus
1586 3123 1769 3178 verbis
1809 3122 2101 3177 subnecte-
2129 3108 2170 3165 Ο

528 3236 672 3277 mus.
706 3239 726 3273 ι
755 3219 954 3274 Aiebat
983 3217 1173 3275 etiam.
1194 3214 1389 3284 inquit,
1410 3213 1693 3282 presbyter
1718 3209 1808 3264 ille
1839 3208 2102 3275 Marcum,

527 3311 674 3369 Petri
696 3312 1071 3378 interpretem,
1094 3304 1251 3375 113
1280 3314 1617 3373 quaecunque
1644 3299 1924 3356 memoria:
1950 3313 2105 3353 man-

527 3406 773 3467 daverat,
822 3400 1109 3471 diligenter
1151 3395 1579 3466 perscripsisse:
1630 3406 1735 3447 non
1788 3399 1969 3445 tamen
2015 3402 2106 3443 or-

524 3496 655 3551 dine
680 3494 1020 3566 pertexuisse
1044 3505 1166 3562 qua:
1200 3504 1231 3543 a
1257 3489 1487 3545 Domino
1518 3495 1612 3540 aut
1641 3485 1789 3540 dicta
1824 3492 1918 3537 aut
1943 3489 2102 3553 gesta

530 3587 766 3641 fuerant.
788 3583 976 3654 Neque
1000 3585 1148 3639 enim
1184 3584 1300 3651 ipse
1343 3576 1631 3636 Dominum
1679 3576 1965 3632 audiverat
2008 3582 2103 3628 aut

524 3686 772 3733 sectatus
813 3673 993 3730 fuerat
1026 3658 1434 3751 unquam.‘Sed
1489 3686 1614 3726 cum
1642 3668 1844 3735 Petro,
1880 3678 1938 3722 ut
1962 3666 2100 3731 dixi,

528 3777 721 3841 postea
742 3778 990 3822 versatus
1034 3778 1138 3831 est,
1175 3767 1269 3836 qui
1314 3756 1413 3834 pro
1441 3763 1781 3818 audientium
1833 3761 2099 3823 utilitate,

531 3874 644 3916 non
672 3873 805 3922 vero
843 3867 903 3911 ut
930 3873 1245 3912 sermonum
1278 3856 1490 3912 Domini
1525 3854 1805 3910 historiam
1850 3862 2106 3907 contexe-

532 3958 646 4018 ret,
712 3948 1065 4019 Evangelium
1098 3949 1446 4018 praedicabat.
1480 3947 1749 4015 Quocirca
1796 3945 1932 3999 nihil
1968 3958 2099 4015 pec—

534 4040 681 4097 cavit
708 4039 944 4103 Marcus,
974 4039 1065 4109 qui
1097 4037 1350 4093 nonnulla
1399 4038 1474 4091 ita
1515 4035 1757 4105 scripsit,
1787 4044 1948 4102 prout
1986 4032 2104 4100 ipse

532 4131 798 4187 memoria
830 4130 1132 4199 repetebat.
1178 4127 1235 4182 id
1264 4127 1465 4197 quippe
1518 4140 1683 4180 unum
1737 4123 2012 4183 studebat.
2042 4128 2103 4175 ut

531 4231 602 4273 ne
639 4217 769 4288 quid
803 4231 992 4272 eorum
1022 4231 1144 4285 quae
1181 4213 1449 4277 audierat,
1490 4213 1961 4284 praetermitteret,
2011 4218 2106 4265 aut

530 4326 601 4368 ne
623 4309 754 4382 quid
777 4308 899 4370 falsi
941 4307 1022 4365 eis
1057 4307 1354 4378 attingeret.
1383 4325 1401 4359 ι
1438 4306 1565 4362 llaec
1592 4305 1660 4363 de
1695 4303 1877 4359 Marco
1906 4304 2105 4373 Papias

526 4409 738 4457 narrat.
767 4399 845 4454 De
871 4395 1123 4454 Mattbazo
1149 4411 1281 4453 vero
1309 4398 1391 4452 sic
1419 4396 1587 4451 habet
1611 4392 2104 4463 :cEatthaeusqui-

530 4490 677 4555 dem,
714 4489 915 4559 inquit,
940 4486 1215 4543 Hebraico
1242 4498 1494 4540 sermone
1525 4483 1707 4540 divina
1733 4483 1956 4552 scripsit
1978 4497 2103 4537 ora-

532 4581 658 4638 cula
699 4599 715 4637 :
773 4582 1167 4651 interpretatus
1210 4585 1305 4633 est
1341 4586 1521 4637 autem
1573 4575 1951 4645 unusquisque
2010 4572 2103 4627 illa

529 4683 694 4748 prout
731 4674 929 4745 potuit.
964 4690 985 4725 ι
1022 4670 1209 4727 Porro
1246 4669 1384 4725 idem
1432 4666 1624 4738 Papias
1672 4666 1999 4722 testimoniis
2036 4680 2103 4719 ex

531 4766 715 4849 priore
739 4763 962 4819 Joannis
994 4761 1253 4834 Epistola,
1281 4770 1354 4827 _et
1399 4775 1466 4815 ex
1513 4759 1695 4829 priore
1741 4758 1925 4813 itidem
1954 4756 2101 4813 Petri

583 4949 698 5021 (79)
722 4948 843 5003 Τῶν
855 4949 962 5021 τοῦ
976 4949 1196 5017 Κιῳίου
1209 4948 1410 5021 λόγων
1428 4945 1756 5017 διηγήσεις.
1784 4947 1949 5021 Recte
1970 4948 2054 5021 Mn
2064 4965 2110 5003 s-

530 5016 691 5077 cu'lus
726 5016 1085 5089 (narrationes
1113 5016 1304 5074 vertit.’
1325 5017 1451 5089 Hoc
1469 5016 1612 5089 enim
1643 5032 1803 5073 sensu
1830 5016 2108 5089 διηγήσεις

534 5100 763 5158 usurpat
787 5088 1052 5143 Eusebius
1076 5104 1184 5142 non
1211 5087 1397 5158 semel.
1431 5087 1522 5158 Sic
1545 5089 1706 5157 paulo
1727 5097 1889 5158 antea
1906 5087 1988 5141 'iu'
2006 5091 2108 5143 hoc

532 5156 710 5229 capite
740 5159 876 5213 dixit
907 5175 921 5211 :
948 5159 1015 5210 Ἀ
1030 5158 1125 5211 καὶ
1144 5156 1381 5229 ἠγοῦμαι
1399 5157 1497 5221 τὰς
1521 5156 1881 5229 smmum
1897 5174 2107 5229 παρεκ-

527 5227 822 5302 δεξάμινον
847 5228 1148 5302 διηγήσεις.
1184 5228 1448 5302 Origenes
1473 5231 1525 5281 in
1674 5243 1728 5302 tv
1790 5227 1865 5280 De
1903 5227 2102 5297 pri—nci-

525 5295 787 5369 ρὶἱὶξΔιά
812 5295 970 5352 τοῦτο
996 5295 1040 5368 ’ή
1050 5300 1170 5420 μεῖς
1192 5295 1307 5379 ,καῖ
1340 5295 1400 5349 τὸ
1432 5300 1491 5350 ὲν
1514 5296 1731 5420 τῷὕιυπό
1753 5295 2106 5380 τινωνικατα-

529 5370 882 5420 ωοοωυιιένω
927 5368 1047 5420 ϐιϐλ
1069 5385 1114 5420 ω
1151 5384 1228 5420 τω
1260 5367 1520 5420 nomen.
1566 5385 1595 5420 ο
1632 5385 1707 5420 τω
1746 5367 2100 5420 διηγουμεθα..

638 5364 882 5443 νουμὲνῳ
926 5364 1228 5443 βιϐλίῳ-τῷ
1260 5367 1520 5443 nomen,
1563 5364 1707 5422 οὕτω
1746 5366 2100 5439 διηγούμεθα,

529 5386 882 5498 ἵρονουμενῳ
926 5386 1114 5439 ριοΑιῳ
1151 5386 1228 5437 τῳ
1260 5386 1520 5436 ιιοιμενι,
1566 5386 1627 5421 ου

582 5442 818 5509 tdequaa
842 5440 1034 5509 notavi
1065 5440 1131 5492 ad
1161 5454 1279 5506 cap.
1315 5437 1380 5509 ιι
1408 5440 1630 5509 lib._vn.

603 5505 728 5581 (80)_
761 5508 1011 5581 Μάρκος,
1041 5505 1414 5578 ἑρμηνευτὴς
1442 5507 1686 5581 Πέτρου.
1737 5507 1974 5581 Marcum
2015 5508 2100 5561 in-

532 5574 824 5648 terpretem
849 5574 1016 5648 Ῥεῑῇ
1049 5574 1207 5634 vocat
1235 5580 1398 5633 etiam
1441 5574 1806 5648 Hieronymus
1839 5579 1892 5631 in
1934 5574 2101 5631 Cata-

529 5647 669 5719 logo,
696 5662 770 5704 ea
797 5651 898 5704 hoc
926 5647 1111 5719 Papia
1138 5648 1276 5719 loco,
1301 5659 1373 5719 ut
1413 5647 1830 5719 ορίιιοικῊιηοΔ
1848 5656 1932 5701 est
1956 5648 2103 5719 quod

530 5715 772 5790 plerique
799 5715 1112 5777 Grecorum
1146 5717 1313 5776 Marci
1336 5715 1685 5790 Evangelium
1730 5734 1761 5773 a
1799 5715 1966 5774 Petro
2019 5717 2100 5773 di-

2208 1850 2325 1919 μετ’
2350 1849 2510 1901 αὑτὸν
2530 1848 2799 1911 πλείστοις
2826 1849 2971 1911 ὅσοις
2995 1847 3101 1901 τῶν
3143 1848 3610 1917 ὲκκλησιαστικῶν
3633 1887 3649 1912 ,
3683 1849 3784 1919 τῆς

2204 1940 2393 2011 ὁμοίας
2425 1939 2573 2009 αὐτῷ
2592 1939 2749 2010 δόξης
2779 1939 3064 2010 παραίτιος
3090 1939 3301 2007 γέγονε,
3321 1941 3422 2009 τὴν
3452 1941 3787 2011 ἀρχαιότητα

2203 2033 2431 2105 τάνδρὸς
2471 2031 2954 2104 προϐεϐλημένοις,
2984 2032 3171 2102 ῶσπερ
3206 2029 3299 2085 οὖν
3333 2032 3605 2104 Εἰρηναίῳ
3628 2072 3643 2096 ,
3692 2032 3787 2085 καὶ

2205 2125 2258 2177 ετ
2287 2141 2370 2187 τις
2409 2123 2566 2187 ἄλλος
2590 2124 2657 2177 τὰ
2675 2124 2835 2193 ὃμοια
2866 2123 3079 2194 φρονῶν
3102 2124 3468 2193 ἀναπέςρηνεν.
3486 2123 3596 2177 Καὶ
3617 2122 3784 2187 ἄλλας

2204 2215 2261 2268 δὲ
2296 2217 2362 2286 τῇ
2397 2215 2501 2287 ίδίᾳ
2520 2216 2705 2286 γραφῇ
2732 2214 3098 2285 παραδίδωσιν
3150 2216 3495 2287 Ἀριστίωνος
3520 2215 3615 2268 τοῦ
3652 2214 3786 2285 πρό-

2209 2309 2330 2362 σθεν
2355 2307 2724 2378 δεδηλωμένου
2751 2308 2861 2360 τῶν
2886 2307 2980 2360 τοῦ
3041 2307 3244 2378 Κυρίου
3298 2307 3469 2376 λόγων
3499 2308 3785 2380 διηγήσεις

2207 2401 2340 2473 (79),
2371 2399 2465 2454 καὶ
2491 2399 2585 2452 τοῦ
2620 2399 2993 2471 πρεσϐυτέρου
3036 2399 3280 2452 Ἰωάννου
3310 2399 3659 2469 παραδόσεις,
3696 2400 3784 2469 ἐφ’

2205 2490 2272 2554 ἃς
2297 2492 2423 2555 τοὺς
2465 2491 2784 2562 φιλομαθεῖς
2825 2490 3266 2560 ἀναπέμψαντες,
3331 2492 3643 2559 ἀναγκαίως
3686 2491 3782 2546 νῦν

2207 2582 2583 2654 προσθήσομεν
2605 2585 2725 2645 ταῖς
2755 2582 3197 2654 προεκτεθείσαις
3226 2581 3392 2635 αὐτοῦ
3433 2584 3638 2650 φωναῖς
3671 2599 3781 2635 πα-

2210 2674 2439 2744 ράδοσιν,
2474 2676 2507 2745 ἢ
2537 2674 2664 2743 περὶ
2687 2673 2914 2742 Μάρκου
2961 2671 3055 2725 τοῦ
3088 2670 3149 2724 τό
3201 2671 3529 2741 Εὑαγγέλιον
3578 2689 3781 2743 γεγρα-

2207 2762 2365 2833 φότος
2388 2761 2689 2815 ἐκτέθειται
2710 2761 2796 2814 διὰ
2824 2760 3057 2814 τούτων·
3092 2781 3109 2813 ι
3150 2763 3261 2815 Ka‘t
3283 2762 3444 2815 τοῦτο
3486 2764 3515 2815 ὁ
3550 2762 3783 2833 πρεσϐύ-

2206 2870 2364 2924 τερος
2390 2853 2567 2921 ἔλεγε·
2625 2852 2854 2923 Μάρκος
2900 2852 2999 2921 μὲν
3041 2852 3378 2924 ἑρμηνευτὴς
3424 2853 3631 2923 Πέτρου
3669 2853 3781 2925 (80)

2207 2943 2514 3015 γενόμενος,
2544 2944 2645 2997 ὅσα
2673 2944 3095 3015 ἐμνημόνευσεν,
3135 2944 3376 3015 ἀκριϐῶς
3411 2945 3680 3016 ἔργαψεν,
3719 2946 3782 2998 οὐ

2209 3032 2389 3104 μέντοι
2442 3031 2592 3097 τάξει
2621 3032 2689 3086 τὰ
2712 3033 2818 3086 ὑπὸ
2847 3032 2941 3086 τοῦ
2971 3033 3205 3104 Χριστοῦ
3239 3034 3271 3103 ἦ
3299 3032 3612 3107 λεχθένταῆ
3643 3051 3784 3107 πραο

2205 3125 2429 3196 χθέντα’
2463 3124 2585 3178 οὕτε
2610 3124 2720 3195 γὰρ
2746 3126 2946 3195 ἢκουσε
2974 3125 3069 3179 τοῦ
3098 3125 3327 3196 Κυρίου,
3360 3124 3484 3178 οὕτε
3540 3143 3781 3198 παρηκο-

2206 3215 2465 3286 λούθησεν
2510 3216 2698 3285 αὐτῷ,
2764 3216 2988 3286 ὕστερον
3021 3215 3098 3279 δὲ,
3141 3215 3216 3278 ὠς
3258 3215 3414 3286 ἔφην,
3457 3216 3667 3293 Πέτρῳ,
3719 3215 3780 3280 ὃς

2207 3307 2345 3382 πρὸς
2376 3309 2475 3373 τὰς
2507 3309 2692 3379 χρείας
2723 3310 2959 3362 ἐποιεῖτο
2977 3308 3074 3371 τὰς
3102 3307 3451 3373 διδασκαλίας
3473 3350 3489 3375 ,
3526 3309 3640 3361 ἀλλ’
3680 3308 3778 3378 οὐχ

2204 3401 2395 3473 ὥσπερ
2442 3401 2689 3467 σύνταξιν
2733 3401 2841 3455 τῶν
2879 3401 3158 3472 κυριακῶν
3207 3401 3526 3472 ποιούμενος
3583 3399 3779 3469 λόγων·

2204 3493 2344 3546 ῶστε
2370 3492 2518 3547 οὐδὲν
2555 3494 2771 3565 ἥμαρτε
2798 3492 3055 3565 Μάρκος,
3088 3492 3261 3557 οὕτως
3293 3493 3408 3546 ἔνια
3449 3491 3666 3563 γράψας
3702 3489 3779 3555 ὡς

2204 3585 2708 3657 ἀπεμνημόνευσεν.
2753 3585 2899 3648 Ἐνὸς
2922 3584 3030 3656 γὰρ
3062 3586 3354 3657 ἐποιήσατο
3380 3584 3657 3655 πρόνοιαν,
3678 3581 3776 3635 τοῦ

2208 3677 2375 3749 μηδὲν
2402 3670 2477 3733 ὧν
2504 3678 2702 3747 ἢκουσε
2733 3675 3082 3746 παραλιπεῖν,
3123 3676 3155 3747 ἢ
3190 3674 3493 3746 ψεύσασθαί
3521 3691 3573 3727 τι
3604 3675 3662 3728 ὲν
3684 3672 3781 3727 αὑ-

2204 3771 2335 3830 τοῖς.
2377 3787 2395 3818 »
2432 3767 2619 3822 Ταῦτα
2649 3767 2746 3838 μὲν
2779 3764 2873 3819 οὖν
2892 3765 3173 3836 ἱστόρηται
3199 3763 3276 3834 τῷ
3300 3763 3491 3833 Παπίᾳ
3523 3761 3652 3832 περὶ
3682 3759 3777 3815 τοῦ

2205 3861 2455 3932 Μάρκου.
2484 3860 2619 3930 Περὶ
2639 3860 2695 3913 δὲ
2716 3859 2809 3912 τοῦ
2834 3857 3112 3912 Ματθαίου
3150 3856 3302 3909 ταῦτ’
3327 3848 3570 3926 εἴρηται·
3601 3854 3781 3906 «Ματ-

2207 3952 2353 4015 θαῖος
2382 3952 2481 4022 μὲν
2508 3948 2602 4005 οὖν
2646 3950 2883 4022 Ἐϐραΐδι
2931 3948 3195 4018 διαλέκτῳ
3235 3945 3305 3999 τὰ
3331 3945 3489 4013 λόγια
3520 3942 3781 4013 συνεγρά-

2204 4044 2360 4114 ψατο.
2404 4044 2744 4115 Ἦρμήνευσε
2768 4042 2811 4095 δ’
2837 4041 2973 4095 αὺτά
3003 4038 3078 4102 ῶς
3101 4038 3329 4109 ἠδύνατο
3355 4037 3583 4098 ἕκαστος
3609 4033 3776 4105 (81).»

2207 4133 2490 4207 Κέχρηται
2516 4134 2558 4186 δ’
2580 4136 2609 4187 ὁ
2647 4134 2806 4197 αὐτὸς
2839 4131 3165 4204 μαρτυρίαις
3215 4130 3325 4183 ἀπὸ
3383 4129 3482 4198 τῆς
3531 4127 3779 4181 Ἰωάννου

2208 4224 2480 4296 προτέρας
2524 4224 2862 4294 Ἐπιστολῆς.
2889 4223 2981 4275 καὶ
3008 4221 3109 4291 τῆς
3156 4220 3368 4299 Πέτρρυ
3399 4218 3620 4290 ὁμοίως.
3661 4220 3781 4273 Ἐκ-

2207 4312 2443 4366 τέθειται
2474 4312 2642 4366 δὲκαὶ
2682 4312 2846 4383 ἄλλην
2886 4312 3126 4380 ἱστορίαν
3176 4311 3306 4383 περὶ
3361 4310 3633 4378 γυναικὸς,
3685 4311 3780 4364 ἐπὶ

2209 4404 2430 4468 πολλαῖς
2452 4406 2747 4476 ἁμαρτίαις
2775 4404 3154 4476 διαϐληθείσης
3182 4404 3275 4455 ἐπὶ
3311 4401 3405 4455 τοῦ
3439 4400 3779 4473 Κυρίου.Ἥν

2210 4495 2273 4548 τὸ
2302 4498 2442 4550 Κατ’
2460 4496 2767 4563 Ἐϐραίους
2790 4497 3061 4566 Εὑαγγέλ
3075 4513 3167 4549 ιον
3195 4494 3456 4564 περιέχει.
3487 4494 3596 4546 Kal.
3608 4492 3780 4547 ταῦτα

2209 4585 2253 4639 δ’
2290 4587 2415 4657 ἡμῖν
2467 4587 2779 4655 ἀναγκαίως
2837 4587 2975 4659 πρὸς
3020 4589 3131 4650 τοῖς
3175 4585 3474 4639 ἐκτεθεῖσιν
3532 4588 3781 4656 ἐπιτετη-

2213 4678 2413 4749 ρήσθω.

2307 4769 2485 4835 Τέλος
2536 4767 2643 4823 τοῦ
2689 4766 2797 4838 τῆς
2821 4767 3335 4838 nummatum
3394 4768 3678 4837 Ἱστορίας

2794 4843 2977 4909 ,λόγου
2994 4840 3215 4906 τρίτου.

2215 4962 2419 5010 etatnm
2466 4971 2585 5011 esse
2622 4956 2883 5010 scribunt.
2930 4954 3011 5008 Ita
3056 4953 3387 5009 Athanasius
3436 4955 3487 5009 in
3545 4961 3778 5009 tractatu

2216 5024 2293 5078 De
2316 5027 2464 5079 libris
2500 5042 2668 5079 sacrm
2706 5025 3015 5089 Scriptum.
3057 5024 3210 5089 Quod
3254 5025 3524 5092 quomodo
3581 5022 3782 5078 intelli—

2215 5097 2447 5162 gendum
2465 5097 2554 5159 sit,
2588 5096 2743 5149 docet
2778 5096 2862 5147 hic
2888 5093 3064 5162 Papia:
3090 5095 3257 5148 locus.
3290 5092 3475 5161 Neque
3495 5093 3642 5162 enim,
3664 5096 3783 5146 eai-

2214 5161 2546 5218 stimaudum
2596 5174 2704 5230 est,
2755 5161 2990 5218 Marcum
3041 5178 3109 5217 ex
3164 5177 3265 5218 ore
3320 5164 3576 5218 dictantis
3629 5161 3776 5217 Petri

2215 5233 2567 5304 Evangelium
2605 5250 2760 5304 suum
2807 5234 3120 5304 excepisse;
3166 5234 3259 5304 sed
3287 5247 3409 5286 cum
3441 5233 3661 5304 Petrum
3690 5247 3781 5284 an-

2214 5302 2393 5359 disset'
2420 5307 2642 5357 verbum
2682 5303 2774 5357 Dei
2810 5302 3008 5357 Judzcis
3056 5302 3320 5356 llebraice
3368 5302 3774 5371 praedicantem.

2208 5372 2449 5428 Marcum
2483 5373 2691 5443 singula
2724 5387 2847 5440 qua:
2871 5374 2938 5425 ad
2970 5371 3245 5426 Christum
3273 5372 3639 5440 pertinebant,
3665 5381 3779 5425 stu-

2207 5445 2362 5498 diose
2397 5445 2685 5511 digessisse
2706 5443 2895 5497 Graaco
2920 5456 3205 5511 sermone.

2277 5514 2405 5585 (ξι),
2444 5509 2849 5585 Ὠςλήδὺνατο
2895 5510 3174 5585 ἕκαστος.
3221 5509 3557 5585 Nicephorius
3594 5509 3777 5577 habet,

2203 5581 2615 5655 ῶςῆνδυνατδς
2641 5582 2891 5655 ἕκαστος,
2921 5584 3009 5655 cui
3035 5582 3380 5655 subscribunt
3401 5590 3650 5651 .quatuor
3679 5592 3781 5635 n0-

2206 5656 2305 5714 sui
2321 5650 2545 5712 codices
2574 5653 2734 5722 Mam,
2762 5653 2922 5720 Med.,
2958 5650 3095 5707 Fuk.
3128 5661 3184 5707 et
3213 5650 3544 5706 Sa'viliauus.
