  <div class='ocr_page' id='page_1' title='image "/cluster/home/n/w/nwhite01/storage/ocr_20150623/20:no.2/coo.31924054873009/171.png"; bbox 0 0 4192 6402; ppageno 0'>
   <div class='ocr_carea' id='block_1_1' title="bbox 532 332 641 391">
    <p class='ocr_par' dir='ltr' id='par_1_1' title="bbox 532 332 641 391">
     <span class='ocr_line' id='line_1_1' title="bbox 532 332 641 391; baseline 0 0"><span class='ocrx_word' id='word_1_1' title='bbox 532 332 641 391; x_wconf 71' lang='lat'><strong>533</strong></span> 
     </span>
    </p>
   </div>
   <div class='ocr_carea' id='block_1_2' title="bbox 1239 324 3066 386">
    <p class='ocr_par' dir='ltr' id='par_1_2' title="bbox 1239 324 3066 386">
     <span class='ocr_line' id='line_1_2' title="bbox 1239 324 3066 386; baseline -0.003 0"><span class='ocrx_word' id='word_1_2' title='bbox 1239 329 1508 386; x_wconf 80' lang='lat' dir='ltr'><strong>EUSEBI!</strong></span> <span class='ocrx_word' id='word_1_3' title='bbox 1546 325 2036 386; x_wconf 67' lang='lat' dir='ltr'><strong>CESARiENSlS</strong></span> <span class='ocrx_word' id='word_1_4' title='bbox 2074 324 2225 381; x_wconf 83' lang='lat' dir='ltr'><strong>OPP.</strong></span> <span class='ocrx_word' id='word_1_5' title='bbox 2265 324 2449 381; x_wconf 74' lang='lat' dir='ltr'><strong>PARS</strong></span> <span class='ocrx_word' id='word_1_6' title='bbox 2488 324 2529 381; x_wconf 85' lang='grc' dir='ltr'><strong>Ι.</strong></span> <span class='ocrx_word' id='word_1_7' title='bbox 2569 355 2640 368; x_wconf 91' lang='grc'><strong>-</strong></span> <span class='ocrx_word' id='word_1_8' title='bbox 2676 324 3066 381; x_wconf 79' lang='lat' dir='ltr'><strong>HISTORICA.</strong></span> 
     </span>
    </p>
   </div>
   <div class='ocr_carea' id='block_1_3' title="bbox 3694 327 3802 382">
    <p class='ocr_par' dir='ltr' id='par_1_3' title="bbox 3694 327 3802 382">
     <span class='ocr_line' id='line_1_3' title="bbox 3694 327 3802 382; baseline 0.019 -2"><span class='ocrx_word' id='word_1_9' title='bbox 3694 327 3802 382; x_wconf 68' lang='grc' dir='ltr'><strong>εει</strong></span> 
     </span>
    </p>
   </div>
   <div class='ocr_carea' id='block_1_4' title="bbox 532 439 2103 523">
    <p class='ocr_par' dir='ltr' id='par_1_4' title="bbox 532 448 2102 523">
     <span class='ocr_line' id='line_1_4' title="bbox 532 448 2102 523; baseline -0.006 -13"><span class='ocrx_word' id='word_1_10' title='bbox 532 460 722 512; x_wconf 85' lang='lat' dir='ltr'><strong>urbem</strong></span> <span class='ocrx_word' id='word_1_11' title='bbox 782 453 1018 510; x_wconf 77' lang='lat' dir='ltr'><strong>Antinoo</strong></span> <span class='ocrx_word' id='word_1_12' title='bbox 1070 452 1446 523; x_wconf 74' lang='lat' dir='ltr'><strong>cognominem</strong></span> <span class='ocrx_word' id='word_1_13' title='bbox 1493 449 1768 505; x_wconf 77' lang='lat' dir='ltr'><strong>Adrianus</strong></span> <span class='ocrx_word' id='word_1_14' title='bbox 1825 448 2102 515; x_wconf 90' lang='lat' dir='ltr'><strong>condidit,</strong></span> 
     </span>
    </p>
   </div>
   <div class='ocr_carea' id='block_1_5' title="bbox 2200 439 3800 523">
    <p class='ocr_par' dir='ltr' id='par_1_5' title="bbox 2207 439 3800 516">
     <span class='ocr_line' id='line_1_5' title="bbox 2207 439 3800 516; baseline -0.002 -18"><span class='ocrx_word' id='word_1_15' title='bbox 2207 445 2264 500; x_wconf 79' lang='grc' dir='ltr'>δὲ</span> <span class='ocrx_word' id='word_1_16' title='bbox 2298 445 2392 498; x_wconf 81' lang='grc' dir='ltr'>καὶ</span> <span class='ocrx_word' id='word_1_17' title='bbox 2436 446 2719 508; x_wconf 79' lang='grc' dir='ltr'>Ἰουστῖνος</span> <span class='ocrx_word' id='word_1_18' title='bbox 2743 445 2879 516; x_wconf 80' lang='grc'>(17),</span> <span class='ocrx_word' id='word_1_19' title='bbox 2910 445 3131 513; x_wconf 77' lang='grc' dir='ltr'>γνήσιος</span> <span class='ocrx_word' id='word_1_20' title='bbox 3172 442 3270 513; x_wconf 87' lang='grc' dir='ltr'>τῆς</span> <span class='ocrx_word' id='word_1_21' title='bbox 3305 439 3546 513; x_wconf 77' lang='grc' dir='ltr'><strong>’ἀληθοῦς</strong></span> <span class='ocrx_word' id='word_1_22' title='bbox 3580 442 3800 511; x_wconf 86' lang='grc' dir='ltr'>φιλοσο-</span> 
     </span>
    </p>
   </div>
   <div class='ocr_carea' id='block_1_6' title="bbox 529 537 2107 616">
    <p class='ocr_par' dir='ltr' id='par_1_6' title="bbox 529 537 2107 616">
     <span class='ocr_line' id='line_1_6' title="bbox 529 537 2107 616; baseline -0.006 -15"><span class='ocrx_word' id='word_1_23' title='bbox 529 557 587 601; x_wconf 91' lang='lat' dir='ltr'><strong>et</strong></span> <span class='ocrx_word' id='word_1_24' title='bbox 640 549 933 616; x_wconf 74' lang='lat' dir='ltr'><strong>prophetas</strong></span> <span class='ocrx_word' id='word_1_25' title='bbox 963 543 1221 601; x_wconf 88' lang='lat' dir='ltr'><strong>instituit.</strong></span> <span class='ocrx_word' id='word_1_26' title='bbox 1259 562 1280 595; x_wconf 73' lang='grc' dir='ltr'><strong>ι</strong></span> <span class='ocrx_word' id='word_1_27' title='bbox 1316 541 1519 598; x_wconf 86' lang='lat' dir='ltr'><strong>Eodem</strong></span> <span class='ocrx_word' id='word_1_28' title='bbox 1557 551 1798 609; x_wconf 87' lang='lat' dir='ltr'><strong>tempore</strong></span> <span class='ocrx_word' id='word_1_29' title='bbox 1836 537 2107 601; x_wconf 84' lang='lat' dir='ltr'><strong>Justinus.</strong></span> 
     </span>
    </p>
   </div>
   <div class='ocr_carea' id='block_1_7' title="bbox 530 629 2110 706">
    <p class='ocr_par' dir='ltr' id='par_1_7' title="bbox 530 629 2110 706">
     <span class='ocr_line' id='line_1_7' title="bbox 530 629 2110 706; baseline -0.003 -17"><span class='ocrx_word' id='word_1_30' title='bbox 530 652 675 693; x_wconf 78' lang='lat' dir='ltr'><strong>vera:</strong></span> <span class='ocrx_word' id='word_1_31' title='bbox 728 634 1086 706; x_wconf 74' lang='lat' dir='ltr'><strong>philosophia:</strong></span> <span class='ocrx_word' id='word_1_32' title='bbox 1142 643 1356 688; x_wconf 81' lang='lat' dir='ltr'><strong>amator</strong></span> <span class='ocrx_word' id='word_1_33' title='bbox 1424 633 1869 697; x_wconf 82' lang='lat' dir='ltr'><strong>sincerissimos,</strong></span> <span class='ocrx_word' id='word_1_34' title='bbox 1932 629 2110 684; x_wconf 89' lang='lat' dir='ltr'><strong>adhuc</strong></span> 
     </span>
    </p>
   </div>
   <div class='ocr_carea' id='block_1_8' title="bbox 529 721 2109 801">
    <p class='ocr_par' dir='ltr' id='par_1_8' title="bbox 529 721 2109 801">
     <span class='ocr_line' id='line_1_8' title="bbox 529 721 2109 801; baseline -0.005 -20"><span class='ocrx_word' id='word_1_35' title='bbox 529 728 814 801; x_wconf 84' lang='lat' dir='ltr'><strong>gentilium</strong></span> <span class='ocrx_word' id='word_1_36' title='bbox 866 725 1315 794; x_wconf 87' lang='lat' dir='ltr'><strong>philosophorum</strong></span> <span class='ocrx_word' id='word_1_37' title='bbox 1369 723 1596 793; x_wconf 83' lang='lat' dir='ltr'><strong>scriptis</strong></span> <span class='ocrx_word' id='word_1_38' title='bbox 1642 738 1707 776; x_wconf 87' lang='lat' dir='ltr'><strong>ac</strong></span> <span class='ocrx_word' id='word_1_39' title='bbox 1764 721 2109 776; x_wconf 85' lang='lat' dir='ltr'><strong>sermonibus</strong></span> 
     </span>
    </p>
   </div>
   <div class='ocr_carea' id='block_1_9' title="bbox 530 810 2113 881">
    <p class='ocr_par' dir='ltr' id='par_1_9' title="bbox 530 810 2113 881">
     <span class='ocr_line' id='line_1_9' title="bbox 530 810 2113 881; baseline -0.006 -11"><span class='ocrx_word' id='word_1_40' title='bbox 530 814 953 871; x_wconf 72' lang='lat' dir='ltr'><strong>adhzerescebat.</strong></span> <span class='ocrx_word' id='word_1_41' title='bbox 991 813 1092 880; x_wconf 85' lang='lat' dir='ltr'><strong>Qui</strong></span> <span class='ocrx_word' id='word_1_42' title='bbox 1118 814 1286 868; x_wconf 87' lang='lat' dir='ltr'><strong>etiam</strong></span> <span class='ocrx_word' id='word_1_43' title='bbox 1321 813 1372 867; x_wconf 91' lang='lat' dir='ltr'><strong>in</strong></span> <span class='ocrx_word' id='word_1_44' title='bbox 1402 811 1739 881; x_wconf 80' lang='lat' dir='ltr'><strong>Apologetico</strong></span> <span class='ocrx_word' id='word_1_45' title='bbox 1776 812 1843 864; x_wconf 88' lang='lat' dir='ltr'><strong>ad</strong></span> <span class='ocrx_word' id='word_1_46' title='bbox 1875 810 2113 878; x_wconf 78' lang='lat' dir='ltr'><strong>impera-</strong></span> 
     </span>
    </p>
   </div>
   <div class='ocr_carea' id='block_1_10' title="bbox 531 899 2112 974">
    <p class='ocr_par' dir='ltr' id='par_1_10' title="bbox 531 899 2112 974">
     <span class='ocr_line' id='line_1_10' title="bbox 531 899 2112 974; baseline -0.007 -11"><span class='ocrx_word' id='word_1_47' title='bbox 531 916 703 964; x_wconf 88' lang='lat' dir='ltr'><strong>torem</strong></span> <span class='ocrx_word' id='word_1_48' title='bbox 720 907 1059 962; x_wconf 85' lang='lat' dir='ltr'><strong>Antoninum</strong></span> <span class='ocrx_word' id='word_1_49' title='bbox 1089 906 1298 974; x_wconf 88' lang='lat' dir='ltr'><strong>scripto</strong></span> <span class='ocrx_word' id='word_1_50' title='bbox 1319 942 1334 968; x_wconf 92' lang='lat'><strong>,</strong></span> <span class='ocrx_word' id='word_1_51' title='bbox 1380 905 1484 957; x_wconf 89' lang='lat' dir='ltr'><strong>hoc</strong></span> <span class='ocrx_word' id='word_1_52' title='bbox 1516 903 1694 972; x_wconf 89' lang='lat' dir='ltr'><strong>ipsum</strong></span> <span class='ocrx_word' id='word_1_53' title='bbox 1723 910 1935 970; x_wconf 86' lang='lat' dir='ltr'><strong>tempus</strong></span> <span class='ocrx_word' id='word_1_54' title='bbox 1968 899 2112 954; x_wconf 87' lang='lat' dir='ltr'><strong>desi-</strong></span> 
     </span>
    </p>
   </div>
   <div class='ocr_carea' id='block_1_11' title="bbox 529 991 2110 1070">
    <p class='ocr_par' dir='ltr' id='par_1_11' title="bbox 529 991 2110 1070">
     <span class='ocr_line' id='line_1_11' title="bbox 529 991 2110 1070; baseline -0.006 -16"><span class='ocrx_word' id='word_1_55' title='bbox 529 1010 658 1070; x_wconf 83' lang='lat' dir='ltr'><strong>gnat</strong></span> <span class='ocrx_word' id='word_1_56' title='bbox 683 998 770 1054; x_wconf 93' lang='lat' dir='ltr'><strong>his</strong></span> <span class='ocrx_word' id='word_1_57' title='bbox 805 999 988 1054; x_wconf 83' lang='lat' dir='ltr'><strong>verbis</strong></span> <span class='ocrx_word' id='word_1_58' title='bbox 1018 1014 1035 1052; x_wconf 92' lang='lat'><strong>:</strong></span> <span class='ocrx_word' id='word_1_59' title='bbox 1077 1015 1097 1049; x_wconf 81' lang='grc' dir='ltr'><strong>ι</strong></span> <span class='ocrx_word' id='word_1_60' title='bbox 1127 996 1240 1050; x_wconf 87' lang='lat' dir='ltr'><strong>Nec</strong></span> <span class='ocrx_word' id='word_1_61' title='bbox 1280 995 1598 1057; x_wconf 86' lang='lat' dir='ltr'><strong>absurdum,</strong></span> <span class='ocrx_word' id='word_1_62' title='bbox 1629 993 1841 1062; x_wconf 90' lang='lat' dir='ltr'><strong>inquit,</strong></span> <span class='ocrx_word' id='word_1_63' title='bbox 1894 991 2110 1046; x_wconf 88' lang='lat' dir='ltr'><strong>videtur</strong></span> 
     </span>
    </p>
   </div>
   <div class='ocr_carea' id='block_1_12' title="bbox 526 1083 2105 1161">
    <p class='ocr_par' dir='ltr' id='par_1_12' title="bbox 526 1083 2105 1161">
     <span class='ocr_line' id='line_1_12' title="bbox 526 1083 2105 1161; baseline -0.006 -14"><span class='ocrx_word' id='word_1_64' title='bbox 526 1090 747 1147; x_wconf 74' lang='lat' dir='ltr'><strong>Antinoi</strong></span> <span class='ocrx_word' id='word_1_65' title='bbox 771 1091 862 1161; x_wconf 86' lang='lat' dir='ltr'><strong>qui</strong></span> <span class='ocrx_word' id='word_1_66' title='bbox 895 1090 1217 1160; x_wconf 88' lang='lat' dir='ltr'><strong>nuperrime</strong></span> <span class='ocrx_word' id='word_1_67' title='bbox 1248 1087 1407 1151; x_wconf 80' lang='lat' dir='ltr'><strong>vixit,</strong></span> <span class='ocrx_word' id='word_1_68' title='bbox 1436 1088 1765 1142; x_wconf 90' lang='lat' dir='ltr'><strong>mentionem</strong></span> <span class='ocrx_word' id='word_1_69' title='bbox 1791 1085 1876 1139; x_wconf 93' lang='lat' dir='ltr'><strong>hic</strong></span> <span class='ocrx_word' id='word_1_70' title='bbox 1897 1083 2105 1139; x_wconf 88' lang='lat' dir='ltr'><strong>facere:</strong></span> 
     </span>
    </p>
   </div>
   <div class='ocr_carea' id='block_1_13' title="bbox 528 1175 2108 1252">
    <p class='ocr_par' dir='ltr' id='par_1_13' title="bbox 528 1175 2108 1252">
     <span class='ocr_line' id='line_1_13' title="bbox 528 1175 2108 1252; baseline -0.004 -16"><span class='ocrx_word' id='word_1_71' title='bbox 528 1196 691 1252; x_wconf 87' lang='lat' dir='ltr'><strong>quem</strong></span> <span class='ocrx_word' id='word_1_72' title='bbox 742 1196 937 1237; x_wconf 88' lang='lat' dir='ltr'><strong>omnes</strong></span> <span class='ocrx_word' id='word_1_73' title='bbox 989 1191 1249 1249; x_wconf 80' lang='lat' dir='ltr'><strong>tanquam</strong></span> <span class='ocrx_word' id='word_1_74' title='bbox 1317 1180 1478 1233; x_wconf 89' lang='lat' dir='ltr'><strong>deum</strong></span> <span class='ocrx_word' id='word_1_75' title='bbox 1538 1176 1722 1232; x_wconf 88' lang='lat' dir='ltr'><strong>colere</strong></span> <span class='ocrx_word' id='word_1_76' title='bbox 1776 1191 1873 1245; x_wconf 90' lang='lat' dir='ltr'><strong>per</strong></span> <span class='ocrx_word' id='word_1_77' title='bbox 1900 1175 2007 1229; x_wconf 92' lang='lat' dir='ltr'><strong>vim</strong></span> <span class='ocrx_word' id='word_1_78' title='bbox 2044 1191 2108 1230; x_wconf 91' lang='lat' dir='ltr'><strong>ac</strong></span> 
     </span>
    </p>
   </div>
   <div class='ocr_carea' id='block_1_14' title="bbox 527 1267 2106 1339">
    <p class='ocr_par' dir='ltr' id='par_1_14' title="bbox 527 1267 2106 1339">
     <span class='ocr_line' id='line_1_14' title="bbox 527 1267 2106 1339; baseline -0.004 -12"><span class='ocrx_word' id='word_1_79' title='bbox 527 1283 732 1328; x_wconf 89' lang='lat' dir='ltr'><strong>metum</strong></span> <span class='ocrx_word' id='word_1_80' title='bbox 754 1272 1133 1335; x_wconf 87' lang='lat' dir='ltr'><strong>instituerunt;</strong></span> <span class='ocrx_word' id='word_1_81' title='bbox 1151 1284 1273 1323; x_wconf 90' lang='lat' dir='ltr'><strong>cum</strong></span> <span class='ocrx_word' id='word_1_82' title='bbox 1288 1268 1413 1339; x_wconf 84' lang='lat' dir='ltr'><strong>quis</strong></span> <span class='ocrx_word' id='word_1_83' title='bbox 1428 1278 1578 1323; x_wconf 88' lang='lat' dir='ltr'><strong>esset</strong></span> <span class='ocrx_word' id='word_1_84' title='bbox 1595 1278 1652 1322; x_wconf 92' lang='lat' dir='ltr'><strong>et</strong></span> <span class='ocrx_word' id='word_1_85' title='bbox 1667 1268 1806 1321; x_wconf 89' lang='lat' dir='ltr'><strong>unde</strong></span> <span class='ocrx_word' id='word_1_86' title='bbox 1821 1267 2106 1333; x_wconf 79' lang='lat' dir='ltr'><strong>oriundus,</strong></span> 
     </span>
    </p>
   </div>
   <div class='ocr_carea' id='block_1_15' title="bbox 524 1356 2105 1434">
    <p class='ocr_par' dir='ltr' id='par_1_15' title="bbox 524 1356 2105 1434">
     <span class='ocr_line' id='line_1_15' title="bbox 524 1356 2105 1434; baseline -0.005 -15"><span class='ocrx_word' id='word_1_87' title='bbox 524 1365 695 1434; x_wconf 85' lang='lat' dir='ltr'><strong>probe</strong></span> <span class='ocrx_word' id='word_1_88' title='bbox 710 1362 985 1432; x_wconf 87' lang='lat' dir='ltr'><strong>cognitum</strong></span> <span class='ocrx_word' id='word_1_89' title='bbox 1005 1360 1292 1416; x_wconf 86' lang='lat' dir='ltr'><strong>baberent.</strong></span> <span class='ocrx_word' id='word_1_90' title='bbox 1306 1360 1482 1413; x_wconf 72' lang='lat' dir='ltr'><strong>iidem</strong></span> <span class='ocrx_word' id='word_1_91' title='bbox 1496 1374 1710 1429; x_wconf 90' lang='lat' dir='ltr'><strong>quoque</strong></span> <span class='ocrx_word' id='word_1_92' title='bbox 1727 1358 1850 1413; x_wconf 85' lang='lat' dir='ltr'><strong>belli</strong></span> <span class='ocrx_word' id='word_1_93' title='bbox 1870 1356 2105 1420; x_wconf 71' lang='lat' dir='ltr'><strong>Iudaici,</strong></span> 
     </span>
    </p>
   </div>
   <div class='ocr_carea' id='block_1_16' title="bbox 525 1450 2105 1525">
    <p class='ocr_par' dir='ltr' id='par_1_16' title="bbox 525 1450 2105 1525">
     <span class='ocr_line' id='line_1_16' title="bbox 525 1450 2105 1525; baseline -0.005 -15"><span class='ocrx_word' id='word_1_94' title='bbox 525 1455 671 1525; x_wconf 89' lang='lat' dir='ltr'><strong>quod</strong></span> <span class='ocrx_word' id='word_1_95' title='bbox 700 1467 829 1509; x_wconf 90' lang='lat' dir='ltr'><strong>tunc</strong></span> <span class='ocrx_word' id='word_1_96' title='bbox 854 1455 1116 1521; x_wconf 87' lang='lat' dir='ltr'><strong>temporis</strong></span> <span class='ocrx_word' id='word_1_97' title='bbox 1135 1460 1346 1521; x_wconf 89' lang='lat' dir='ltr'><strong>gestum</strong></span> <span class='ocrx_word' id='word_1_98' title='bbox 1371 1461 1486 1517; x_wconf 90' lang='lat' dir='ltr'><strong>est,</strong></span> <span class='ocrx_word' id='word_1_99' title='bbox 1516 1452 1760 1506; x_wconf 85' lang='lat' dir='ltr'><strong>meminit</strong></span> <span class='ocrx_word' id='word_1_100' title='bbox 1780 1450 1869 1505; x_wconf 90' lang='lat' dir='ltr'><strong>bis</strong></span> <span class='ocrx_word' id='word_1_101' title='bbox 1890 1450 2105 1505; x_wconf 83' lang='lat' dir='ltr'><strong>verbis:</strong></span> 
     </span>
    </p>
   </div>
   <div class='ocr_carea' id='block_1_17' title="bbox 531 1541 2105 1614">
    <p class='ocr_par' dir='ltr' id='par_1_17' title="bbox 531 1541 2105 1614">
     <span class='ocr_line' id='line_1_17' title="bbox 531 1541 2105 1614; baseline -0.004 -15"><span class='ocrx_word' id='word_1_102' title='bbox 531 1563 553 1599; x_wconf 79' lang='grc' dir='ltr'><strong>ι</strong></span> <span class='ocrx_word' id='word_1_103' title='bbox 583 1544 719 1601; x_wconf 82' lang='lat' dir='ltr'><strong>Nam</strong></span> <span class='ocrx_word' id='word_1_104' title='bbox 744 1544 867 1598; x_wconf 89' lang='lat' dir='ltr'><strong>etin</strong></span> <span class='ocrx_word' id='word_1_105' title='bbox 885 1542 1047 1609; x_wconf 91' lang='lat' dir='ltr'><strong>bello,</strong></span> <span class='ocrx_word' id='word_1_106' title='bbox 1074 1542 1269 1614; x_wconf 85' lang='lat' dir='ltr'><strong>inquit,</strong></span> <span class='ocrx_word' id='word_1_107' title='bbox 1288 1541 1516 1599; x_wconf 85' lang='lat' dir='ltr'><strong>Judaico</strong></span> <span class='ocrx_word' id='word_1_108' title='bbox 1539 1542 1682 1612; x_wconf 82' lang='lat' dir='ltr'><strong>quod</strong></span> <span class='ocrx_word' id='word_1_109' title='bbox 1701 1555 1869 1609; x_wconf 84' lang='lat' dir='ltr'><strong>nuper</strong></span> <span class='ocrx_word' id='word_1_110' title='bbox 1894 1551 2105 1609; x_wconf 85' lang='lat' dir='ltr'><strong>gestum</strong></span> 
     </span>
    </p>
   </div>
   <div class='ocr_carea' id='block_1_18' title="bbox 525 1632 2108 1705">
    <p class='ocr_par' dir='ltr' id='par_1_18' title="bbox 525 1632 2108 1705">
     <span class='ocr_line' id='line_1_18' title="bbox 525 1632 2108 1705; baseline -0.004 -13"><span class='ocrx_word' id='word_1_111' title='bbox 525 1647 633 1705; x_wconf 90' lang='lat' dir='ltr'><strong>est,</strong></span> <span class='ocrx_word' id='word_1_112' title='bbox 661 1635 1100 1700; x_wconf 85' lang='lat' dir='ltr'><strong>Barchocbebas,</strong></span> <span class='ocrx_word' id='word_1_113' title='bbox 1129 1637 1177 1691; x_wconf 87' lang='lat' dir='ltr'><strong>is</strong></span> <span class='ocrx_word' id='word_1_114' title='bbox 1194 1636 1282 1703; x_wconf 91' lang='lat' dir='ltr'><strong>qui</strong></span> <span class='ocrx_word' id='word_1_115' title='bbox 1303 1634 1544 1690; x_wconf 72' lang='lat' dir='ltr'><strong>Judaica:</strong></span> <span class='ocrx_word' id='word_1_116' title='bbox 1568 1632 1898 1689; x_wconf 81' lang='lat' dir='ltr'><strong>defectionis</strong></span> <span class='ocrx_word' id='word_1_117' title='bbox 1915 1644 2108 1687; x_wconf 83' lang='lat' dir='ltr'><strong>auctor</strong></span> 
     </span>
    </p>
   </div>
   <div class='ocr_carea' id='block_1_19' title="bbox 528 1724 2105 1797">
    <p class='ocr_par' dir='ltr' id='par_1_19' title="bbox 528 1724 2105 1797">
     <span class='ocr_line' id='line_1_19' title="bbox 528 1724 2105 1797; baseline -0.004 -14"><span class='ocrx_word' id='word_1_118' title='bbox 528 1739 586 1783; x_wconf 90' lang='lat' dir='ltr'><strong>et</strong></span> <span class='ocrx_word' id='word_1_119' title='bbox 641 1727 873 1797; x_wconf 76' lang='lat' dir='ltr'><strong>signifer</strong></span> <span class='ocrx_word' id='word_1_120' title='bbox 927 1727 1059 1790; x_wconf 91' lang='lat' dir='ltr'><strong>fuit,</strong></span> <span class='ocrx_word' id='word_1_121' title='bbox 1119 1725 1267 1781; x_wconf 91' lang='lat' dir='ltr'><strong>solos</strong></span> <span class='ocrx_word' id='word_1_122' title='bbox 1328 1725 1672 1781; x_wconf 86' lang='lat' dir='ltr'><strong>Christianos</strong></span> <span class='ocrx_word' id='word_1_123' title='bbox 1735 1724 2105 1780; x_wconf 84' lang='lat' dir='ltr'><strong>acerbissimis</strong></span> 
     </span>
    </p>
   </div>
   <div class='ocr_carea' id='block_1_20' title="bbox 528 1797 2178 1886">
    <p class='ocr_par' dir='ltr' id='par_1_20' title="bbox 528 1797 2178 1886">
     <span class='ocr_line' id='line_1_20' title="bbox 528 1797 2178 1886; baseline -0.004 -12"><span class='ocrx_word' id='word_1_124' title='bbox 528 1819 818 1874; x_wconf 84' lang='lat' dir='ltr'><strong>tormentis</strong></span> <span class='ocrx_word' id='word_1_125' title='bbox 846 1818 1079 1872; x_wconf 87' lang='lat' dir='ltr'><strong>cruciari</strong></span> <span class='ocrx_word' id='word_1_126' title='bbox 1106 1818 1293 1886; x_wconf 85' lang='lat' dir='ltr'><strong>jussit,</strong></span> <span class='ocrx_word' id='word_1_127' title='bbox 1323 1817 1424 1871; x_wconf 90' lang='lat' dir='ltr'><strong>nisi</strong></span> <span class='ocrx_word' id='word_1_128' title='bbox 1460 1816 1739 1871; x_wconf 90' lang='lat' dir='ltr'><strong>Christum</strong></span> <span class='ocrx_word' id='word_1_129' title='bbox 1768 1817 2107 1886; x_wconf 89' lang='lat' dir='ltr'><strong>abnegarent</strong></span> <span class='ocrx_word' id='word_1_130' title='bbox 2138 1797 2178 1851; x_wconf 80' lang='grc' dir='ltr'>Β</span> 
     </span>
    </p>
   </div>
   <div class='ocr_carea' id='block_1_21' title="bbox 535 1909 2108 1967">
    <p class='ocr_par' dir='ltr' id='par_1_21' title="bbox 535 1909 2108 1967">
     <span class='ocr_line' id='line_1_21' title="bbox 535 1909 2108 1967; baseline -0.001 -1"><span class='ocrx_word' id='word_1_131' title='bbox 535 1922 591 1966; x_wconf 89' lang='lat' dir='ltr'><strong>et</strong></span> <span class='ocrx_word' id='word_1_132' title='bbox 619 1911 925 1967; x_wconf 83' lang='lat' dir='ltr'><strong>maledictis</strong></span> <span class='ocrx_word' id='word_1_133' title='bbox 972 1912 1326 1967; x_wconf 86' lang='lat' dir='ltr'><strong>incesserent.</strong></span> <span class='ocrx_word' id='word_1_134' title='bbox 1375 1928 1394 1963; x_wconf 72' lang='grc' dir='ltr'><strong>ι</strong></span> <span class='ocrx_word' id='word_1_135' title='bbox 1423 1909 1530 1965; x_wconf 89' lang='lat' dir='ltr'><strong>Sed</strong></span> <span class='ocrx_word' id='word_1_136' title='bbox 1549 1921 1605 1965; x_wconf 90' lang='lat' dir='ltr'><strong>et</strong></span> <span class='ocrx_word' id='word_1_137' title='bbox 1652 1911 1706 1965; x_wconf 93' lang='lat' dir='ltr'><strong>in</strong></span> <span class='ocrx_word' id='word_1_138' title='bbox 1734 1911 1923 1966; x_wconf 91' lang='lat' dir='ltr'><strong>eodem</strong></span> <span class='ocrx_word' id='word_1_139' title='bbox 1971 1910 2108 1965; x_wconf 86' lang='lat' dir='ltr'><strong>libro</strong></span> 
     </span>
    </p>
   </div>
   <div class='ocr_carea' id='block_1_22' title="bbox 529 2002 2107 2073">
    <p class='ocr_par' dir='ltr' id='par_1_22' title="bbox 529 2002 2107 2073">
     <span class='ocr_line' id='line_1_22' title="bbox 529 2002 2107 2073; baseline 0.001 -16"><span class='ocrx_word' id='word_1_140' title='bbox 529 2003 759 2073; x_wconf 87' lang='lat' dir='ltr'><strong>loquens</strong></span> <span class='ocrx_word' id='word_1_141' title='bbox 790 2003 855 2057; x_wconf 88' lang='lat' dir='ltr'><strong>de</strong></span> <span class='ocrx_word' id='word_1_142' title='bbox 888 2003 1245 2058; x_wconf 86' lang='lat' dir='ltr'><strong>conversione</strong></span> <span class='ocrx_word' id='word_1_143' title='bbox 1268 2017 1364 2057; x_wconf 91' lang='lat' dir='ltr'><strong>sua</strong></span> <span class='ocrx_word' id='word_1_144' title='bbox 1389 2018 1418 2056; x_wconf 88' lang='lat' dir='ltr'><strong>a</strong></span> <span class='ocrx_word' id='word_1_145' title='bbox 1453 2002 1738 2073; x_wconf 77' lang='lat' dir='ltr'><strong>gentilium</strong></span> <span class='ocrx_word' id='word_1_146' title='bbox 1762 2002 2107 2072; x_wconf 82' lang='lat' dir='ltr'><strong>philosophia</strong></span> 
     </span>
    </p>
   </div>
   <div class='ocr_carea' id='block_1_23' title="bbox 528 2093 2104 2163">
    <p class='ocr_par' dir='ltr' id='par_1_23' title="bbox 528 2093 2104 2163">
     <span class='ocr_line' id='line_1_23' title="bbox 528 2093 2104 2163; baseline -0.002 -11"><span class='ocrx_word' id='word_1_147' title='bbox 528 2097 597 2152; x_wconf 80' lang='lat' dir='ltr'><strong>ad</strong></span> <span class='ocrx_word' id='word_1_148' title='bbox 625 2097 736 2149; x_wconf 90' lang='lat' dir='ltr'><strong>veri</strong></span> <span class='ocrx_word' id='word_1_149' title='bbox 761 2093 1010 2151; x_wconf 86' lang='lat' dir='ltr'><strong>Numinis</strong></span> <span class='ocrx_word' id='word_1_150' title='bbox 1037 2095 1239 2150; x_wconf 90' lang='lat' dir='ltr'><strong>cultum</strong></span> <span class='ocrx_word' id='word_1_151' title='bbox 1266 2137 1281 2161; x_wconf 90' lang='lat'><strong>,</strong></span> <span class='ocrx_word' id='word_1_152' title='bbox 1328 2095 1382 2150; x_wconf 93' lang='lat' dir='ltr'><strong>id</strong></span> <span class='ocrx_word' id='word_1_153' title='bbox 1413 2110 1519 2149; x_wconf 92' lang='lat' dir='ltr'><strong>non</strong></span> <span class='ocrx_word' id='word_1_154' title='bbox 1553 2105 1757 2149; x_wconf 92' lang='lat' dir='ltr'><strong>temere</strong></span> <span class='ocrx_word' id='word_1_155' title='bbox 1797 2109 1861 2150; x_wconf 88' lang='lat' dir='ltr'><strong>ac</strong></span> <span class='ocrx_word' id='word_1_156' title='bbox 1895 2095 2104 2163; x_wconf 85' lang='lat' dir='ltr'><strong>leviter,</strong></span> 
     </span>
    </p>
   </div>
   <div class='ocr_carea' id='block_1_24' title="bbox 528 2185 2108 2254">
    <p class='ocr_par' dir='ltr' id='par_1_24' title="bbox 528 2185 2108 2254">
     <span class='ocr_line' id='line_1_24' title="bbox 528 2185 2108 2254; baseline -0.002 -11"><span class='ocrx_word' id='word_1_157' title='bbox 528 2188 623 2243; x_wconf 86' lang='lat' dir='ltr'><strong>sed</strong></span> <span class='ocrx_word' id='word_1_158' title='bbox 648 2202 771 2241; x_wconf 92' lang='lat' dir='ltr'><strong>cum</strong></span> <span class='ocrx_word' id='word_1_159' title='bbox 798 2187 1009 2241; x_wconf 86' lang='lat' dir='ltr'><strong>ratione</strong></span> <span class='ocrx_word' id='word_1_160' title='bbox 1037 2201 1103 2240; x_wconf 87' lang='lat' dir='ltr'><strong>ac</strong></span> <span class='ocrx_word' id='word_1_161' title='bbox 1127 2185 1338 2254; x_wconf 87' lang='lat' dir='ltr'><strong>judicio</strong></span> <span class='ocrx_word' id='word_1_162' title='bbox 1369 2187 1441 2241; x_wconf 88' lang='lat' dir='ltr'><strong>ab</strong></span> <span class='ocrx_word' id='word_1_163' title='bbox 1462 2200 1523 2240; x_wconf 88' lang='lat' dir='ltr'><strong>se</strong></span> <span class='ocrx_word' id='word_1_164' title='bbox 1547 2185 1755 2240; x_wconf 87' lang='lat' dir='ltr'><strong>factum</strong></span> <span class='ocrx_word' id='word_1_165' title='bbox 1785 2201 1906 2241; x_wconf 85' lang='lat' dir='ltr'><strong>esse</strong></span> <span class='ocrx_word' id='word_1_166' title='bbox 1925 2185 2108 2242; x_wconf 87' lang='lat' dir='ltr'><strong>decla-</strong></span> 
     </span>
    </p>
   </div>
   <div class='ocr_carea' id='block_1_25' title="bbox 528 2278 2108 2349">
    <p class='ocr_par' dir='ltr' id='par_1_25' title="bbox 528 2278 2108 2349">
     <span class='ocr_line' id='line_1_25' title="bbox 528 2278 2108 2349; baseline 0.002 -15"><span class='ocrx_word' id='word_1_167' title='bbox 528 2290 613 2335; x_wconf 86' lang='lat' dir='ltr'><strong>rat</strong></span> <span class='ocrx_word' id='word_1_168' title='bbox 638 2279 723 2335; x_wconf 90' lang='lat' dir='ltr'><strong>his</strong></span> <span class='ocrx_word' id='word_1_169' title='bbox 752 2281 932 2335; x_wconf 92' lang='lat' dir='ltr'><strong>verbis</strong></span> <span class='ocrx_word' id='word_1_170' title='bbox 960 2298 974 2334; x_wconf 91' lang='lat'><strong>:</strong></span> <span class='ocrx_word' id='word_1_171' title='bbox 1017 2298 1037 2331; x_wconf 80' lang='grc' dir='ltr'><strong>ι</strong></span> <span class='ocrx_word' id='word_1_172' title='bbox 1068 2278 1206 2334; x_wconf 83' lang='lat' dir='ltr'><strong>Nam</strong></span> <span class='ocrx_word' id='word_1_173' title='bbox 1240 2290 1294 2335; x_wconf 92' lang='lat' dir='ltr'><strong>et</strong></span> <span class='ocrx_word' id='word_1_174' title='bbox 1339 2295 1465 2349; x_wconf 87' lang='lat' dir='ltr'><strong>ego,</strong></span> <span class='ocrx_word' id='word_1_175' title='bbox 1512 2280 1725 2348; x_wconf 87' lang='lat' dir='ltr'><strong>inquit,</strong></span> <span class='ocrx_word' id='word_1_176' title='bbox 1748 2281 1841 2349; x_wconf 88' lang='lat' dir='ltr'><strong>qui</strong></span> <span class='ocrx_word' id='word_1_177' title='bbox 1870 2279 2108 2337; x_wconf 84' lang='lat' dir='ltr'><strong>Platonis</strong></span> 
     </span>
    </p>
   </div>
   <div class='ocr_carea' id='block_1_26' title="bbox 525 2369 2108 2438">
    <p class='ocr_par' dir='ltr' id='par_1_26' title="bbox 525 2369 2108 2438">
     <span class='ocr_line' id='line_1_26' title="bbox 525 2369 2108 2438; baseline 0.003 -15"><span class='ocrx_word' id='word_1_178' title='bbox 525 2369 832 2424; x_wconf 90' lang='lat' dir='ltr'><strong>doctrinam</strong></span> <span class='ocrx_word' id='word_1_179' title='bbox 894 2370 1177 2438; x_wconf 76' lang='lat' dir='ltr'><strong>amplexus</strong></span> <span class='ocrx_word' id='word_1_180' title='bbox 1241 2370 1498 2435; x_wconf 88' lang='lat' dir='ltr'><strong>fueram,</strong></span> <span class='ocrx_word' id='word_1_181' title='bbox 1560 2384 1686 2424; x_wconf 92' lang='lat' dir='ltr'><strong>cum</strong></span> <span class='ocrx_word' id='word_1_182' title='bbox 1757 2369 2108 2427; x_wconf 89' lang='lat' dir='ltr'><strong>Christianos</strong></span> 
     </span>
    </p>
   </div>
   <div class='ocr_carea' id='block_1_27' title="bbox 525 2459 2104 2530">
    <p class='ocr_par' dir='ltr' id='par_1_27' title="bbox 525 2459 2104 2530">
     <span class='ocr_line' id='line_1_27' title="bbox 525 2459 2104 2530; baseline 0.001 -15"><span class='ocrx_word' id='word_1_183' title='bbox 525 2460 812 2515; x_wconf 84' lang='lat' dir='ltr'><strong>calumniis</strong></span> <span class='ocrx_word' id='word_1_184' title='bbox 836 2461 1016 2530; x_wconf 86' lang='lat' dir='ltr'><strong>appeti</strong></span> <span class='ocrx_word' id='word_1_185' title='bbox 1047 2461 1315 2525; x_wconf 88' lang='lat' dir='ltr'><strong>audirem,</strong></span> <span class='ocrx_word' id='word_1_186' title='bbox 1344 2475 1547 2530; x_wconf 89' lang='lat' dir='ltr'><strong>eosque</strong></span> <span class='ocrx_word' id='word_1_187' title='bbox 1571 2459 1831 2514; x_wconf 72' lang='lat' dir='ltr'><strong>adversus</strong></span> <span class='ocrx_word' id='word_1_188' title='bbox 1875 2474 2104 2516; x_wconf 85' lang='lat' dir='ltr'><strong>mortem</strong></span> 
     </span>
    </p>
   </div>
   <div class='ocr_carea' id='block_1_28' title="bbox 525 2552 2108 2624">
    <p class='ocr_par' dir='ltr' id='par_1_28' title="bbox 525 2552 2108 2624">
     <span class='ocr_line' id='line_1_28' title="bbox 525 2552 2108 2624; baseline 0.003 -18"><span class='ocrx_word' id='word_1_189' title='bbox 525 2562 583 2609; x_wconf 92' lang='lat' dir='ltr'><strong>et</strong></span> <span class='ocrx_word' id='word_1_190' title='bbox 629 2562 824 2609; x_wconf 57' lang='lat' dir='ltr'><strong>cetera</strong></span> <span class='ocrx_word' id='word_1_191' title='bbox 855 2568 977 2623; x_wconf 64' lang='lat' dir='ltr'><strong>quin</strong></span> <span class='ocrx_word' id='word_1_192' title='bbox 1000 2552 1362 2607; x_wconf 88' lang='lat' dir='ltr'><strong>formidabilia</strong></span> <span class='ocrx_word' id='word_1_193' title='bbox 1391 2553 1661 2608; x_wconf 89' lang='lat' dir='ltr'><strong>habentur</strong></span> <span class='ocrx_word' id='word_1_194' title='bbox 1683 2594 1699 2619; x_wconf 93' lang='lat'><strong>,</strong></span> <span class='ocrx_word' id='word_1_195' title='bbox 1742 2553 1912 2610; x_wconf 80' lang='lat' dir='ltr'><strong>fortes</strong></span> <span class='ocrx_word' id='word_1_196' title='bbox 1941 2566 2108 2624; x_wconf 88' lang='lat' dir='ltr'><strong>atque</strong></span> 
     </span>
    </p>
   </div>
   <div class='ocr_carea' id='block_1_29' title="bbox 529 2645 2105 2715">
    <p class='ocr_par' dir='ltr' id='par_1_29' title="bbox 529 2645 2105 2715">
     <span class='ocr_line' id='line_1_29' title="bbox 529 2645 2105 2715; baseline 0.001 -16"><span class='ocrx_word' id='word_1_197' title='bbox 529 2645 833 2715; x_wconf 83' lang='lat' dir='ltr'><strong>intrepidos</strong></span> <span class='ocrx_word' id='word_1_198' title='bbox 876 2645 1117 2700; x_wconf 85' lang='lat' dir='ltr'><strong>viderem</strong></span> <span class='ocrx_word' id='word_1_199' title='bbox 1141 2686 1157 2711; x_wconf 96' lang='lat'><strong>,</strong></span> <span class='ocrx_word' id='word_1_200' title='bbox 1192 2646 1272 2700; x_wconf 87' lang='lat' dir='ltr'><strong>sic</strong></span> <span class='ocrx_word' id='word_1_201' title='bbox 1314 2646 1456 2715; x_wconf 88' lang='lat' dir='ltr'><strong>apud</strong></span> <span class='ocrx_word' id='word_1_202' title='bbox 1495 2661 1584 2701; x_wconf 90' lang='lat' dir='ltr'><strong>me</strong></span> <span class='ocrx_word' id='word_1_203' title='bbox 1618 2645 1960 2714; x_wconf 83' lang='lat' dir='ltr'><strong>reputabant,</strong></span> <span class='ocrx_word' id='word_1_204' title='bbox 1986 2646 2105 2701; x_wconf 83' lang='lat' dir='ltr'><strong>ﬁeri</strong></span> 
     </span>
    </p>
   </div>
   <div class='ocr_carea' id='block_1_30' title="bbox 529 2735 2104 2805">
    <p class='ocr_par' dir='ltr' id='par_1_30' title="bbox 529 2735 2104 2805">
     <span class='ocr_line' id='line_1_30' title="bbox 529 2735 2104 2805; baseline 0.001 -18"><span class='ocrx_word' id='word_1_205' title='bbox 529 2749 634 2790; x_wconf 94' lang='lat' dir='ltr'><strong>non</strong></span> <span class='ocrx_word' id='word_1_206' title='bbox 682 2750 844 2805; x_wconf 79' lang='lat' dir='ltr'><strong>posse</strong></span> <span class='ocrx_word' id='word_1_207' title='bbox 899 2744 959 2789; x_wconf 88' lang='lat' dir='ltr'><strong>ut</strong></span> <span class='ocrx_word' id='word_1_208' title='bbox 1004 2736 1165 2789; x_wconf 92' lang='lat' dir='ltr'><strong>iidem</strong></span> <span class='ocrx_word' id='word_1_209' title='bbox 1219 2736 1367 2790; x_wconf 90' lang='lat' dir='ltr'><strong>vitiis</strong></span> <span class='ocrx_word' id='word_1_210' title='bbox 1411 2749 1476 2789; x_wconf 90' lang='lat' dir='ltr'><strong>ac</strong></span> <span class='ocrx_word' id='word_1_211' title='bbox 1523 2735 1890 2805; x_wconf 86' lang='lat' dir='ltr'><strong>voluptatibus</strong></span> <span class='ocrx_word' id='word_1_212' title='bbox 1937 2735 2104 2791; x_wconf 90' lang='lat' dir='ltr'><strong>dediti</strong></span> 
     </span>
    </p>
   </div>
   <div class='ocr_carea' id='block_1_31' title="bbox 525 2825 2104 2897">
    <p class='ocr_par' dir='ltr' id='par_1_31' title="bbox 525 2825 2104 2897">
     <span class='ocr_line' id='line_1_31' title="bbox 525 2825 2104 2897; baseline -0.001 -14"><span class='ocrx_word' id='word_1_213' title='bbox 525 2835 733 2883; x_wconf 85' lang='lat' dir='ltr'><strong>essent.</strong></span> <span class='ocrx_word' id='word_1_214' title='bbox 786 2827 919 2894; x_wconf 85' lang='lat' dir='ltr'><strong>Quis</strong></span> <span class='ocrx_word' id='word_1_215' title='bbox 946 2827 1091 2881; x_wconf 91' lang='lat' dir='ltr'><strong>enim</strong></span> <span class='ocrx_word' id='word_1_216' title='bbox 1146 2825 1525 2897; x_wconf 87' lang='lat' dir='ltr'><strong>voluptatibus</strong></span> <span class='ocrx_word' id='word_1_217' title='bbox 1577 2827 1835 2892; x_wconf 89' lang='lat' dir='ltr'><strong>deditus,</strong></span> <span class='ocrx_word' id='word_1_218' title='bbox 1884 2837 1977 2882; x_wconf 90' lang='lat' dir='ltr'><strong>aut</strong></span> <span class='ocrx_word' id='word_1_219' title='bbox 2018 2829 2104 2883; x_wconf 90' lang='lat' dir='ltr'><strong>in-</strong></span> 
     </span>
    </p>
   </div>
   <div class='ocr_carea' id='block_1_32' title="bbox 528 2963 2106 3033">
    <p class='ocr_par' dir='ltr' id='par_1_32' title="bbox 528 2963 2106 3033">
     <span class='ocr_line' id='line_1_32' title="bbox 528 2963 2106 3033; baseline 0.002 -14"><span class='ocrx_word' id='word_1_220' title='bbox 528 2965 582 3019; x_wconf 92' lang='lat' dir='ltr'><strong>in</strong></span> <span class='ocrx_word' id='word_1_221' title='bbox 615 2963 819 3019; x_wconf 68' lang='lat' dir='ltr'><strong>Graecis</strong></span> <span class='ocrx_word' id='word_1_222' title='bbox 851 2963 1142 3033; x_wconf 82' lang='lat' dir='ltr'><strong>Hegesippi</strong></span> <span class='ocrx_word' id='word_1_223' title='bbox 1186 2964 1365 3018; x_wconf 87' lang='lat' dir='ltr'><strong>verbis</strong></span> <span class='ocrx_word' id='word_1_224' title='bbox 1395 2964 1597 3032; x_wconf 88' lang='lat' dir='ltr'><strong>aliquid</strong></span> <span class='ocrx_word' id='word_1_225' title='bbox 1639 2968 1953 3021; x_wconf 88' lang='lat' dir='ltr'><strong>necessario</strong></span> <span class='ocrx_word' id='word_1_226' title='bbox 1977 2982 2106 3033; x_wconf 89' lang='lat' dir='ltr'><strong>sup-</strong></span> 
     </span>
    </p>
   </div>
   <div class='ocr_carea' id='block_1_33' title="bbox 525 3033 2100 3107">
    <p class='ocr_par' dir='ltr' id='par_1_33' title="bbox 525 3033 2100 3107">
     <span class='ocr_line' id='line_1_33' title="bbox 525 3033 2100 3107; baseline 0.003 -20"><span class='ocrx_word' id='word_1_227' title='bbox 525 3034 908 3107; x_wconf 75' lang='lat' dir='ltr'><strong>plenilum_es_t.</strong></span> <span class='ocrx_word' id='word_1_228' title='bbox 951 3035 1085 3107; x_wconf 87' lang='lat' dir='ltr'><strong>Nam</strong></span> <span class='ocrx_word' id='word_1_229' title='bbox 1122 3033 1303 3087; x_wconf 78' lang='grc' dir='ltr'>ἔκτισε</span> <span class='ocrx_word' id='word_1_230' title='bbox 1335 3038 1638 3107; x_wconf 73' lang='grc' dir='ltr'><strong>προφήτας,</strong></span> <span class='ocrx_word' id='word_1_231' title='bbox 1666 3037 1854 3091; x_wconf 78' lang='lat' dir='ltr'><strong>Graece</strong></span> <span class='ocrx_word' id='word_1_232' title='bbox 1876 3038 1966 3091; x_wconf 80' lang='lat' dir='ltr'><strong>vix</strong></span> <span class='ocrx_word' id='word_1_233' title='bbox 1995 3039 2100 3093; x_wconf 89' lang='lat' dir='ltr'><strong>dici</strong></span> 
     </span>
    </p>
   </div>
   <div class='ocr_carea' id='block_1_34' title="bbox 522 3104 2097 3173">
    <p class='ocr_par' dir='ltr' id='par_1_34' title="bbox 522 3104 2097 3173">
     <span class='ocr_line' id='line_1_34' title="bbox 522 3104 2097 3173; baseline 0.003 -17"><span class='ocrx_word' id='word_1_234' title='bbox 522 3113 722 3173; x_wconf 68' lang='lat' dir='ltr'><strong>potest.</strong></span> <span class='ocrx_word' id='word_1_235' title='bbox 763 3104 870 3158; x_wconf 87' lang='lat' dir='ltr'><strong>Sed</strong></span> <span class='ocrx_word' id='word_1_236' title='bbox 912 3105 1225 3158; x_wconf 85' lang='lat' dir='ltr'><strong>meminisse</strong></span> <span class='ocrx_word' id='word_1_237' title='bbox 1263 3104 1541 3167; x_wconf 82' lang='lat' dir='ltr'><strong>debeums,</strong></span> <span class='ocrx_word' id='word_1_238' title='bbox 1576 3106 1936 3173; x_wconf 69' lang='lat' dir='ltr'><strong>l‘legesippum</strong></span> <span class='ocrx_word' id='word_1_239' title='bbox 1967 3108 2097 3162; x_wconf 86' lang='lat' dir='ltr'><strong>sitn-</strong></span> 
     </span>
    </p>
   </div>
   <div class='ocr_carea' id='block_1_35' title="bbox 2216 532 3798 608">
    <p class='ocr_par' dir='ltr' id='par_1_35' title="bbox 2216 532 3798 608">
     <span class='ocr_line' id='line_1_35' title="bbox 2216 532 3798 608; baseline -0.003 -19"><span class='ocrx_word' id='word_1_240' title='bbox 2216 537 2344 605; x_wconf 80' lang='grc' dir='ltr'>φίας</span> <span class='ocrx_word' id='word_1_241' title='bbox 2368 538 2625 608; x_wconf 79' lang='grc' dir='ltr'>ἐραστὴς,</span> <span class='ocrx_word' id='word_1_242' title='bbox 2652 537 2730 589; x_wconf 73' lang='grc' dir='ltr'>ἔτι</span> <span class='ocrx_word' id='word_1_243' title='bbox 2758 540 2869 599; x_wconf 81' lang='grc' dir='ltr'>τοῖς</span> <span class='ocrx_word' id='word_1_244' title='bbox 2892 536 3020 607; x_wconf 82' lang='grc' dir='ltr'>παρ’</span> <span class='ocrx_word' id='word_1_245' title='bbox 3056 534 3312 606; x_wconf 82' lang='grc' dir='ltr'>Ἕλλησιν</span> <span class='ocrx_word' id='word_1_246' title='bbox 3338 532 3675 604; x_wconf 77' lang='grc' dir='ltr'><strong>ἀσκούμενος</strong></span> <span class='ocrx_word' id='word_1_247' title='bbox 3708 535 3798 584; x_wconf 79' lang='grc' dir='ltr'><strong>ὲν·-</strong></span> 
     </span>
    </p>
   </div>
   <div class='ocr_carea' id='block_1_36' title="bbox 2210 625 3800 700">
    <p class='ocr_par' dir='ltr' id='par_1_36' title="bbox 2210 625 3800 700">
     <span class='ocr_line' id='line_1_36' title="bbox 2210 625 3800 700; baseline -0.003 -19"><span class='ocrx_word' id='word_1_248' title='bbox 2210 628 2443 700; x_wconf 87' lang='grc' dir='ltr'>διέτριϐε</span> <span class='ocrx_word' id='word_1_249' title='bbox 2474 627 2673 697; x_wconf 78' lang='grc' dir='ltr'><strong>λόγοις.</strong></span> <span class='ocrx_word' id='word_1_250' title='bbox 2716 630 2980 699; x_wconf 89' lang='grc' dir='ltr'>Σημαίνει</span> <span class='ocrx_word' id='word_1_251' title='bbox 3026 627 3082 680; x_wconf 85' lang='grc' dir='ltr'>δὲ</span> <span class='ocrx_word' id='word_1_252' title='bbox 3112 627 3208 680; x_wconf 77' lang='grc' dir='ltr'><strong>καὶ</strong></span> <span class='ocrx_word' id='word_1_253' title='bbox 3252 626 3416 688; x_wconf 77' lang='grc' dir='ltr'>αὐτὸς</span> <span class='ocrx_word' id='word_1_254' title='bbox 3450 625 3660 679; x_wconf 78' lang='grc' dir='ltr'>τουτονὶ</span> <span class='ocrx_word' id='word_1_255' title='bbox 3706 626 3800 678; x_wconf 84' lang='grc' dir='ltr'><strong>τὸν</strong></span> 
     </span>
    </p>
   </div>
   <div class='ocr_carea' id='block_1_37' title="bbox 2211 712 3794 791">
    <p class='ocr_par' dir='ltr' id='par_1_37' title="bbox 2211 712 3794 791">
     <span class='ocr_line' id='line_1_37' title="bbox 2211 712 3794 791; baseline -0.004 -18"><span class='ocrx_word' id='word_1_256' title='bbox 2211 721 2402 790; x_wconf 85' lang='grc' dir='ltr'>χρόνον</span> <span class='ocrx_word' id='word_1_257' title='bbox 2434 720 2494 771; x_wconf 86' lang='grc' dir='ltr'>ὲν</span> <span class='ocrx_word' id='word_1_258' title='bbox 2526 723 2590 791; x_wconf 85' lang='grc' dir='ltr'>τῇ</span> <span class='ocrx_word' id='word_1_259' title='bbox 2622 720 2754 790; x_wconf 77' lang='grc' dir='ltr'>πρὸς</span> <span class='ocrx_word' id='word_1_260' title='bbox 2771 721 3077 773; x_wconf 82' lang='grc' dir='ltr'>Ἀντωνῖνον</span> <span class='ocrx_word' id='word_1_261' title='bbox 3093 718 3409 788; x_wconf 70' lang='grc' dir='ltr'>Ἀπολογίᾳ</span> <span class='ocrx_word' id='word_1_262' title='bbox 3426 712 3527 771; x_wconf 82' lang='grc' dir='ltr'>ὦδε</span> <span class='ocrx_word' id='word_1_263' title='bbox 3545 719 3794 788; x_wconf 74' lang='grc' dir='ltr'>γράφων·</span> 
     </span>
    </p>
   </div>
   <div class='ocr_carea' id='block_1_38' title="bbox 2216 806 3796 879">
    <p class='ocr_par' dir='ltr' id='par_1_38' title="bbox 2216 806 3796 879">
     <span class='ocr_line' id='line_1_38' title="bbox 2216 806 3796 879; baseline -0.001 -19"><span class='ocrx_word' id='word_1_264' title='bbox 2216 828 2235 860; x_wconf 78' lang='grc' dir='ltr'><strong>ι</strong></span> <span class='ocrx_word' id='word_1_265' title='bbox 2277 811 2391 863; x_wconf 86' lang='grc' dir='ltr'>Ούκ</span> <span class='ocrx_word' id='word_1_266' title='bbox 2421 809 2621 862; x_wconf 81' lang='grc' dir='ltr'>ἄτοπον</span> <span class='ocrx_word' id='word_1_267' title='bbox 2652 809 2708 861; x_wconf 84' lang='grc' dir='ltr'>δὲ</span> <span class='ocrx_word' id='word_1_268' title='bbox 2737 809 3135 879; x_wconf 82' lang='grc' dir='ltr'>ἐπιμνησθῆναι</span> <span class='ocrx_word' id='word_1_269' title='bbox 3167 811 3223 861; x_wconf 81' lang='grc' dir='ltr'>ὲν</span> <span class='ocrx_word' id='word_1_270' title='bbox 3261 809 3472 870; x_wconf 79' lang='grc' dir='ltr'>τούτοις</span> <span class='ocrx_word' id='word_1_271' title='bbox 3512 806 3796 878; x_wconf 75' lang='grc' dir='ltr'><strong>ἡγούμεθα</strong></span> 
     </span>
    </p>
   </div>
   <div class='ocr_carea' id='block_1_39' title="bbox 2211 899 3795 972">
    <p class='ocr_par' dir='ltr' id='par_1_39' title="bbox 2211 899 3795 972">
     <span class='ocr_line' id='line_1_39' title="bbox 2211 899 3795 972; baseline -0.003 -17"><span class='ocrx_word' id='word_1_272' title='bbox 2211 903 2305 955; x_wconf 70' lang='grc' dir='ltr'><strong>καὶ</strong></span> <span class='ocrx_word' id='word_1_273' title='bbox 2343 902 2610 955; x_wconf 83' lang='grc' dir='ltr'><strong>Ἀντινόου</strong></span> <span class='ocrx_word' id='word_1_274' title='bbox 2634 901 2727 956; x_wconf 72' lang='grc' dir='ltr'>τοῦ</span> <span class='ocrx_word' id='word_1_275' title='bbox 2772 901 2868 954; x_wconf 78' lang='grc' dir='ltr'>νῦν</span> <span class='ocrx_word' id='word_1_276' title='bbox 2892 902 3203 972; x_wconf 80' lang='grc' dir='ltr'>γενομένου’</span> <span class='ocrx_word' id='word_1_277' title='bbox 3238 901 3296 954; x_wconf 80' lang='grc' dir='ltr'><strong>δν</strong></span> <span class='ocrx_word' id='word_1_278' title='bbox 3330 901 3424 954; x_wconf 75' lang='grc' dir='ltr'><strong>καὶ</strong></span> <span class='ocrx_word' id='word_1_279' title='bbox 3449 900 3690 962; x_wconf 74' lang='grc' dir='ltr'>ἅπαντες</span> <span class='ocrx_word' id='word_1_280' title='bbox 3717 899 3795 961; x_wconf 83' lang='grc' dir='ltr'>ὡς</span> 
     </span>
    </p>
   </div>
   <div class='ocr_carea' id='block_1_40' title="bbox 2210 990 3793 1064">
    <p class='ocr_par' dir='ltr' id='par_1_40' title="bbox 2210 990 3793 1064">
     <span class='ocr_line' id='line_1_40' title="bbox 2210 990 3793 1064; baseline -0.003 -18"><span class='ocrx_word' id='word_1_281' title='bbox 2210 993 2331 1047; x_wconf 83' lang='grc' dir='ltr'>θεὸν</span> <span class='ocrx_word' id='word_1_282' title='bbox 2365 993 2451 1048; x_wconf 80' lang='grc' dir='ltr'><strong>διά</strong></span> <span class='ocrx_word' id='word_1_283' title='bbox 2485 994 2650 1063; x_wconf 83' lang='grc' dir='ltr'>φόϐον</span> <span class='ocrx_word' id='word_1_284' title='bbox 2693 993 2874 1045; x_wconf 84' lang='grc' dir='ltr'>σέϐειν</span> <span class='ocrx_word' id='word_1_285' title='bbox 2904 991 3182 1064; x_wconf 75' lang='grc' dir='ltr'>ὥρμηντο,</span> <span class='ocrx_word' id='word_1_286' title='bbox 3231 992 3585 1062; x_wconf 76' lang='grc' dir='ltr'>ἐπιστάμενοι</span> <span class='ocrx_word' id='word_1_287' title='bbox 3616 990 3699 1055; x_wconf 86' lang='grc' dir='ltr'><strong>τίς</strong></span> <span class='ocrx_word' id='word_1_288' title='bbox 3732 1007 3793 1043; x_wconf 83' lang='grc' dir='ltr'><strong>τε</strong></span> 
     </span>
    </p>
   </div>
   <div class='ocr_carea' id='block_1_41' title="bbox 2206 1081 3793 1157">
    <p class='ocr_par' dir='ltr' id='par_1_41' title="bbox 2206 1081 3793 1157">
     <span class='ocr_line' id='line_1_41' title="bbox 2206 1081 3793 1157; baseline -0.001 -19"><span class='ocrx_word' id='word_1_289' title='bbox 2206 1081 2275 1157; x_wconf 81' lang='grc' dir='ltr'>ἦν</span> <span class='ocrx_word' id='word_1_290' title='bbox 2322 1086 2416 1138; x_wconf 79' lang='grc' dir='ltr'>καὶ</span> <span class='ocrx_word' id='word_1_291' title='bbox 2460 1085 2621 1138; x_wconf 86' lang='grc' dir='ltr'>πόθεν</span> <span class='ocrx_word' id='word_1_292' title='bbox 2652 1086 2913 1156; x_wconf 78' lang='grc' dir='ltr'>ὑπῆρχεν.</span> <span class='ocrx_word' id='word_1_293' title='bbox 2939 1102 2987 1135; x_wconf 75' lang='grc' dir='ltr'>-ι</span> <span class='ocrx_word' id='word_1_294' title='bbox 3035 1085 3092 1138; x_wconf 81' lang='lat'><strong>&#39;0</strong></span> <span class='ocrx_word' id='word_1_295' title='bbox 3133 1084 3178 1137; x_wconf 77' lang='grc' dir='ltr'>δ’</span> <span class='ocrx_word' id='word_1_296' title='bbox 3210 1084 3373 1148; x_wconf 72' lang='grc' dir='ltr'>αὐτὸς</span> <span class='ocrx_word' id='word_1_297' title='bbox 3417 1085 3510 1137; x_wconf 77' lang='grc' dir='ltr'>καὶ</span> <span class='ocrx_word' id='word_1_298' title='bbox 3542 1082 3638 1137; x_wconf 78' lang='grc' dir='ltr'>τοῦ</span> <span class='ocrx_word' id='word_1_299' title='bbox 3671 1084 3793 1137; x_wconf 72' lang='grc' dir='ltr'>τότε</span> 
     </span>
    </p>
   </div>
   <div class='ocr_carea' id='block_1_42' title="bbox 2208 1173 3796 1247">
    <p class='ocr_par' dir='ltr' id='par_1_42' title="bbox 2208 1173 3796 1247">
     <span class='ocr_line' id='line_1_42' title="bbox 2208 1173 3796 1247; baseline -0.003 -17"><span class='ocrx_word' id='word_1_300' title='bbox 2208 1176 2351 1230; x_wconf 84' lang='grc' dir='ltr'><strong>κατά</strong></span> <span class='ocrx_word' id='word_1_301' title='bbox 2383 1177 2647 1230; x_wconf 82' lang='grc' dir='ltr'>Ἰουδαίων</span> <span class='ocrx_word' id='word_1_302' title='bbox 2686 1176 2922 1246; x_wconf 81' lang='grc' dir='ltr'>πολέμου</span> <span class='ocrx_word' id='word_1_303' title='bbox 2949 1176 3326 1247; x_wconf 76' lang='grc' dir='ltr'>μνημονεύων,</span> <span class='ocrx_word' id='word_1_304' title='bbox 3358 1174 3532 1230; x_wconf 78' lang='grc' dir='ltr'>ταῦτα</span> <span class='ocrx_word' id='word_1_305' title='bbox 3561 1173 3796 1246; x_wconf 86' lang='grc' dir='ltr'>παρατί-</span> 
     </span>
    </p>
   </div>
   <div class='ocr_carea' id='block_1_43' title="bbox 2207 1266 3795 1339">
    <p class='ocr_par' dir='ltr' id='par_1_43' title="bbox 2207 1266 3795 1339">
     <span class='ocr_line' id='line_1_43' title="bbox 2207 1266 3795 1339; baseline -0.001 -17"><span class='ocrx_word' id='word_1_306' title='bbox 2207 1267 2380 1322; x_wconf 87' lang='grc' dir='ltr'>θεται·</span> <span class='ocrx_word' id='word_1_307' title='bbox 2422 1286 2441 1319; x_wconf 81' lang='lat' dir='ltr'><strong>r</strong></span> <span class='ocrx_word' id='word_1_308' title='bbox 2490 1269 2599 1322; x_wconf 84' lang='grc' dir='ltr'><strong>Καὶ</strong></span> <span class='ocrx_word' id='word_1_309' title='bbox 2625 1267 2733 1339; x_wconf 82' lang='grc' dir='ltr'>γὰρ</span> <span class='ocrx_word' id='word_1_310' title='bbox 2759 1270 2817 1321; x_wconf 85' lang='grc' dir='ltr'>ὲν</span> <span class='ocrx_word' id='word_1_311' title='bbox 2845 1267 2919 1339; x_wconf 78' lang='grc' dir='ltr'>τῷ</span> <span class='ocrx_word' id='word_1_312' title='bbox 2948 1267 3046 1321; x_wconf 57' lang='grc' dir='ltr'>νῦν</span> <span class='ocrx_word' id='word_1_313' title='bbox 3075 1268 3352 1339; x_wconf 80' lang='grc' dir='ltr'>γενομένῳ</span> <span class='ocrx_word' id='word_1_314' title='bbox 3396 1266 3671 1337; x_wconf 84' lang='grc' dir='ltr'>Ίουδαῖκῷ</span> <span class='ocrx_word' id='word_1_315' title='bbox 3697 1283 3795 1321; x_wconf 70' lang='grc' dir='ltr'>πο-</span> 
     </span>
    </p>
   </div>
   <div class='ocr_carea' id='block_1_44' title="bbox 2207 1358 3794 1431">
    <p class='ocr_par' dir='ltr' id='par_1_44' title="bbox 2207 1358 3794 1431">
     <span class='ocr_line' id='line_1_44' title="bbox 2207 1358 3794 1431; baseline -0.001 -19"><span class='ocrx_word' id='word_1_316' title='bbox 2207 1359 2355 1431; x_wconf 81' lang='grc' dir='ltr'>λέμῳ</span> <span class='ocrx_word' id='word_1_317' title='bbox 2382 1359 2513 1429; x_wconf 78' lang='grc'><strong>(18),</strong></span> <span class='ocrx_word' id='word_1_318' title='bbox 2546 1359 2910 1430; x_wconf 77' lang='grc' dir='ltr'>Βαρχωχεϐᾶς</span> <span class='ocrx_word' id='word_1_319' title='bbox 2935 1362 2966 1414; x_wconf 81' lang='grc' dir='ltr'><strong>ό</strong></span> <span class='ocrx_word' id='word_1_320' title='bbox 2994 1360 3096 1431; x_wconf 81' lang='grc' dir='ltr'>τῆς</span> <span class='ocrx_word' id='word_1_321' title='bbox 3136 1358 3405 1413; x_wconf 75' lang='grc' dir='ltr'><strong>Ἰουδαίων</strong></span> <span class='ocrx_word' id='word_1_322' title='bbox 3438 1360 3794 1424; x_wconf 79' lang='grc' dir='ltr'>ἀποστάσεως</span> 
     </span>
    </p>
   </div>
   <div class='ocr_carea' id='block_1_45' title="bbox 2206 1451 3790 1523">
    <p class='ocr_par' dir='ltr' id='par_1_45' title="bbox 2206 1451 3790 1523">
     <span class='ocr_line' id='line_1_45' title="bbox 2206 1451 3790 1523; baseline -0.001 -16"><span class='ocrx_word' id='word_1_323' title='bbox 2206 1452 2537 1523; x_wconf 82' lang='grc' dir='ltr'>ἀρχηγέτης,</span> <span class='ocrx_word' id='word_1_324' title='bbox 2571 1451 2931 1523; x_wconf 82' lang='grc' dir='ltr'>Χριστιανοὺς</span> <span class='ocrx_word' id='word_1_325' title='bbox 2964 1451 3159 1523; x_wconf 84' lang='grc' dir='ltr'>μόνους</span> <span class='ocrx_word' id='word_1_326' title='bbox 3188 1453 3269 1515; x_wconf 80' lang='grc' dir='ltr'><strong>είς</strong></span> <span class='ocrx_word' id='word_1_327' title='bbox 3296 1452 3567 1522; x_wconf 74' lang='grc' dir='ltr'>τιμωρίας</span> <span class='ocrx_word' id='word_1_328' title='bbox 3589 1452 3790 1519; x_wconf 73' lang='grc' dir='ltr'>δεινὰς,</span> 
     </span>
    </p>
   </div>
   <div class='ocr_carea' id='block_1_46' title="bbox 2206 1539 3790 1613">
    <p class='ocr_par' dir='ltr' id='par_1_46' title="bbox 2206 1539 3790 1613">
     <span class='ocr_line' id='line_1_46' title="bbox 2206 1539 3790 1613; baseline 0.001 -21"><span class='ocrx_word' id='word_1_329' title='bbox 2206 1542 2255 1592; x_wconf 82' lang='grc' dir='ltr'><strong>εί</strong></span> <span class='ocrx_word' id='word_1_330' title='bbox 2292 1540 2367 1611; x_wconf 84' lang='grc' dir='ltr'>μὴ</span> <span class='ocrx_word' id='word_1_331' title='bbox 2389 1541 2633 1610; x_wconf 86' lang='grc' dir='ltr'>ἀρνοῖντο</span> <span class='ocrx_word' id='word_1_332' title='bbox 2664 1539 2872 1610; x_wconf 82' lang='grc' dir='ltr'>Ἰησοῦν</span> <span class='ocrx_word' id='word_1_333' title='bbox 2897 1541 2990 1593; x_wconf 76' lang='grc' dir='ltr'><strong>τὸν</strong></span> <span class='ocrx_word' id='word_1_334' title='bbox 3018 1542 3254 1611; x_wconf 85' lang='grc' dir='ltr'>Χριστὸν</span> <span class='ocrx_word' id='word_1_335' title='bbox 3271 1542 3363 1594; x_wconf 69' lang='lat' dir='ltr'><strong>xui.</strong></span> <span class='ocrx_word' id='word_1_336' title='bbox 3398 1542 3790 1613; x_wconf 75' lang='grc' dir='ltr'>βλασφημοῖεν,</span> 
     </span>
    </p>
   </div>
   <div class='ocr_carea' id='block_1_47' title="bbox 2205 1631 3794 1705">
    <p class='ocr_par' dir='ltr' id='par_1_47' title="bbox 2205 1631 3794 1705">
     <span class='ocr_line' id='line_1_47' title="bbox 2205 1631 3794 1705; baseline 0.001 -21"><span class='ocrx_word' id='word_1_337' title='bbox 2205 1632 2456 1685; x_wconf 79' lang='grc' dir='ltr'>ἐκέλευεν</span> <span class='ocrx_word' id='word_1_338' title='bbox 2494 1631 2740 1700; x_wconf 85' lang='grc' dir='ltr'>ἄγεσθαι.</span> <span class='ocrx_word' id='word_1_339' title='bbox 2785 1651 2803 1683; x_wconf 84' lang='grc' dir='ltr'><strong>ι</strong></span> <span class='ocrx_word' id='word_1_340' title='bbox 2842 1632 2929 1684; x_wconf 86' lang='grc' dir='ltr'>Ἐν</span> <span class='ocrx_word' id='word_1_341' title='bbox 2958 1631 3141 1702; x_wconf 79' lang='grc' dir='ltr'><strong>ταύτῷ</strong></span> <span class='ocrx_word' id='word_1_342' title='bbox 3178 1633 3236 1685; x_wconf 80' lang='grc' dir='ltr'>δὲ</span> <span class='ocrx_word' id='word_1_343' title='bbox 3269 1635 3363 1686; x_wconf 78' lang='grc' dir='ltr'><strong>καὶ</strong></span> <span class='ocrx_word' id='word_1_344' title='bbox 3406 1634 3507 1705; x_wconf 84' lang='grc' dir='ltr'><strong>τὴν</strong></span> <span class='ocrx_word' id='word_1_345' title='bbox 3555 1635 3661 1687; x_wconf 83' lang='grc' dir='ltr'><strong>ἀπὸ</strong></span> <span class='ocrx_word' id='word_1_346' title='bbox 3692 1633 3794 1703; x_wconf 83' lang='grc' dir='ltr'>τῆς</span> 
     </span>
    </p>
   </div>
   <div class='ocr_carea' id='block_1_48' title="bbox 2219 1719 3794 1792">
    <p class='ocr_par' dir='ltr' id='par_1_48' title="bbox 2219 1719 3794 1792">
     <span class='ocr_line' id='line_1_48' title="bbox 2219 1719 3794 1792; baseline -0.001 -18"><span class='ocrx_word' id='word_1_347' title='bbox 2219 1721 2535 1792; x_wconf 79' lang='grc' dir='ltr'>Ἑλληνικῆς</span> <span class='ocrx_word' id='word_1_348' title='bbox 2568 1720 2886 1790; x_wconf 76' lang='grc' dir='ltr'>φιλοσοφίας</span> <span class='ocrx_word' id='word_1_349' title='bbox 2906 1720 3000 1773; x_wconf 77' lang='grc' dir='ltr'>ἐπὶ</span> <span class='ocrx_word' id='word_1_350' title='bbox 3027 1719 3126 1791; x_wconf 82' lang='grc' dir='ltr'><strong>τὴν</strong></span> <span class='ocrx_word' id='word_1_351' title='bbox 3154 1719 3465 1773; x_wconf 81' lang='grc' dir='ltr'>θεοσέϐειαν</span> <span class='ocrx_word' id='word_1_352' title='bbox 3489 1720 3794 1790; x_wconf 81' lang='grc' dir='ltr'>μεταϐολὴν</span> 
     </span>
    </p>
   </div>
   <div class='ocr_carea' id='block_1_49' title="bbox 2208 1811 3794 1884">
    <p class='ocr_par' dir='ltr' id='par_1_49' title="bbox 2208 1811 3794 1884">
     <span class='ocr_line' id='line_1_49' title="bbox 2208 1811 3794 1884; baseline 0 -18"><span class='ocrx_word' id='word_1_353' title='bbox 2208 1813 2396 1879; x_wconf 75' lang='grc' dir='ltr'>αὑτοῦ,</span> <span class='ocrx_word' id='word_1_354' title='bbox 2428 1815 2509 1866; x_wconf 83' lang='grc' dir='ltr'>ὅτι</span> <span class='ocrx_word' id='word_1_355' title='bbox 2545 1813 2620 1884; x_wconf 82' lang='grc' dir='ltr'>μὴ</span> <span class='ocrx_word' id='word_1_356' title='bbox 2654 1812 2883 1881; x_wconf 88' lang='grc' dir='ltr'>ἀλόγως,</span> <span class='ocrx_word' id='word_1_357' title='bbox 2926 1815 3064 1883; x_wconf 89' lang='grc' dir='ltr'><strong>μετά</strong></span> <span class='ocrx_word' id='word_1_358' title='bbox 3109 1813 3342 1883; x_wconf 84' lang='grc' dir='ltr'>κρίσεως</span> <span class='ocrx_word' id='word_1_359' title='bbox 3373 1812 3416 1864; x_wconf 85' lang='grc' dir='ltr'>δ’</span> <span class='ocrx_word' id='word_1_360' title='bbox 3456 1811 3603 1882; x_wconf 84' lang='grc' dir='ltr'>αύτῷ</span> <span class='ocrx_word' id='word_1_361' title='bbox 3632 1812 3794 1881; x_wconf 87' lang='grc' dir='ltr'>γεγό-</span> 
     </span>
    </p>
   </div>
   <div class='ocr_carea' id='block_1_50' title="bbox 2207 1901 3794 1976">
    <p class='ocr_par' dir='ltr' id='par_1_50' title="bbox 2207 1901 3794 1976">
     <span class='ocr_line' id='line_1_50' title="bbox 2207 1901 3794 1976; baseline -0.001 -18"><span class='ocrx_word' id='word_1_362' title='bbox 2207 1922 2285 1958; x_wconf 90' lang='grc' dir='ltr'><strong>νει</strong></span> <span class='ocrx_word' id='word_1_363' title='bbox 2305 1904 2501 1976; x_wconf 86' lang='grc' dir='ltr'>δηλῶν,</span> <span class='ocrx_word' id='word_1_364' title='bbox 2529 1904 2702 1957; x_wconf 80' lang='grc' dir='ltr'>ταῦτα</span> <span class='ocrx_word' id='word_1_365' title='bbox 2730 1904 2949 1975; x_wconf 72' lang='grc' dir='ltr'>γράφειο</span> <span class='ocrx_word' id='word_1_366' title='bbox 2999 1922 3019 1954; x_wconf 76' lang='grc' dir='ltr'><strong>ι</strong></span> <span class='ocrx_word' id='word_1_367' title='bbox 3060 1904 3172 1957; x_wconf 72' lang='grc' dir='ltr'><strong>Καὶ</strong></span> <span class='ocrx_word' id='word_1_368' title='bbox 3210 1904 3318 1975; x_wconf 80' lang='grc' dir='ltr'>γὰρ</span> <span class='ocrx_word' id='word_1_369' title='bbox 3349 1903 3510 1966; x_wconf 76' lang='grc' dir='ltr'>αὐτὸς</span> <span class='ocrx_word' id='word_1_370' title='bbox 3533 1901 3644 1971; x_wconf 71' lang='grc' dir='ltr'><strong>ἐγὼ</strong></span> <span class='ocrx_word' id='word_1_371' title='bbox 3679 1906 3794 1968; x_wconf 71' lang='grc' dir='ltr'>τοῖς</span> 
     </span>
    </p>
   </div>
   <div class='ocr_carea' id='block_1_51' title="bbox 2207 1996 3794 2070">
    <p class='ocr_par' dir='ltr' id='par_1_51' title="bbox 2207 1996 3794 2070">
     <span class='ocr_line' id='line_1_51' title="bbox 2207 1996 3794 2070; baseline -0.001 -18"><span class='ocrx_word' id='word_1_372' title='bbox 2207 1999 2495 2062; x_wconf 88' lang='grc' dir='ltr'>Πλάτωνος</span> <span class='ocrx_word' id='word_1_373' title='bbox 2516 1999 2721 2070; x_wconf 85' lang='grc' dir='ltr'>χαίρων</span> <span class='ocrx_word' id='word_1_374' title='bbox 2752 1998 3064 2068; x_wconf 80' lang='grc' dir='ltr'>διδάγμασι,</span> <span class='ocrx_word' id='word_1_375' title='bbox 3099 1996 3551 2068; x_wconf 82' lang='grc' dir='ltr'>διαϐαλλομένους</span> <span class='ocrx_word' id='word_1_376' title='bbox 3577 1997 3794 2050; x_wconf 85' lang='grc' dir='ltr'>ἀκούων</span> 
     </span>
    </p>
   </div>
   <div class='ocr_carea' id='block_1_52' title="bbox 2206 2085 3795 2158">
    <p class='ocr_par' dir='ltr' id='par_1_52' title="bbox 2206 2085 3795 2158">
     <span class='ocr_line' id='line_1_52' title="bbox 2206 2085 3795 2158; baseline -0.002 -17"><span class='ocrx_word' id='word_1_377' title='bbox 2206 2089 2586 2158; x_wconf 80' lang='grc' dir='ltr'>Χριστιανοὺς,</span> <span class='ocrx_word' id='word_1_378' title='bbox 2618 2088 2759 2158; x_wconf 82' lang='grc' dir='ltr'>ὁρῶν</span> <span class='ocrx_word' id='word_1_379' title='bbox 2788 2087 2846 2139; x_wconf 83' lang='grc' dir='ltr'>δὲ</span> <span class='ocrx_word' id='word_1_380' title='bbox 2874 2088 2968 2139; x_wconf 74' lang='grc' dir='ltr'>καὶ</span> <span class='ocrx_word' id='word_1_381' title='bbox 3001 2087 3238 2155; x_wconf 88' lang='grc' dir='ltr'>ἀφόϐους</span> <span class='ocrx_word' id='word_1_382' title='bbox 3270 2086 3406 2157; x_wconf 83' lang='grc' dir='ltr'>πρὸς</span> <span class='ocrx_word' id='word_1_383' title='bbox 3439 2086 3666 2140; x_wconf 85' lang='grc' dir='ltr'>θάνατον</span> <span class='ocrx_word' id='word_1_384' title='bbox 3695 2085 3795 2141; x_wconf 77' lang='grc' dir='ltr'>καὶ</span> 
     </span>
    </p>
   </div>
   <div class='ocr_carea' id='block_1_53' title="bbox 2206 2173 3792 2248">
    <p class='ocr_par' dir='ltr' id='par_1_53' title="bbox 2206 2173 3792 2248">
     <span class='ocr_line' id='line_1_53' title="bbox 2206 2173 3792 2248; baseline 0 -17"><span class='ocrx_word' id='word_1_385' title='bbox 2206 2178 2383 2231; x_wconf 85' lang='grc' dir='ltr'>πάντα</span> <span class='ocrx_word' id='word_1_386' title='bbox 2404 2177 2472 2230; x_wconf 78' lang='grc' dir='ltr'>τὰ</span> <span class='ocrx_word' id='word_1_387' title='bbox 2493 2179 2819 2248; x_wconf 73' lang='grc' dir='ltr'>νομιζόμενα</span> <span class='ocrx_word' id='word_1_388' title='bbox 2850 2177 2978 2246; x_wconf 76' lang='grc' dir='ltr'>φοϐε</span> <span class='ocrx_word' id='word_1_389' title='bbox 2989 2177 3076 2248; x_wconf 73' lang='grc' dir='ltr'>ρὰ,</span> <span class='ocrx_word' id='word_1_390' title='bbox 3098 2178 3339 2229; x_wconf 73' lang='grc' dir='ltr'>ἐνενόουν</span> <span class='ocrx_word' id='word_1_391' title='bbox 3365 2177 3627 2231; x_wconf 84' lang='grc' dir='ltr'>ἀδύνατον</span> <span class='ocrx_word' id='word_1_392' title='bbox 3652 2173 3792 2231; x_wconf 77' lang='grc' dir='ltr'>εἶναι</span> 
     </span>
    </p>
   </div>
   <div class='ocr_carea' id='block_1_54' title="bbox 2206 2269 3790 2342">
    <p class='ocr_par' dir='ltr' id='par_1_54' title="bbox 2206 2269 3790 2342">
     <span class='ocr_line' id='line_1_54' title="bbox 2206 2269 3790 2342; baseline -0.001 -19"><span class='ocrx_word' id='word_1_393' title='bbox 2206 2273 2263 2323; x_wconf 82' lang='grc' dir='ltr'>ὲν</span> <span class='ocrx_word' id='word_1_394' title='bbox 2296 2271 2465 2342; x_wconf 79' lang='grc' dir='ltr'>κακίᾳ</span> <span class='ocrx_word' id='word_1_395' title='bbox 2508 2272 2601 2324; x_wconf 77' lang='grc' dir='ltr'>καὶ</span> <span class='ocrx_word' id='word_1_396' title='bbox 2649 2270 2929 2342; x_wconf 70' lang='grc' dir='ltr'>φιληδονίᾳ</span> <span class='ocrx_word' id='word_1_397' title='bbox 2969 2271 3236 2339; x_wconf 75' lang='grc' dir='ltr'>ὑπάρχειν</span> <span class='ocrx_word' id='word_1_398' title='bbox 3273 2270 3492 2333; x_wconf 81' lang='grc' dir='ltr'>αὐτούς.</span> <span class='ocrx_word' id='word_1_399' title='bbox 3542 2270 3639 2333; x_wconf 90' lang='grc' dir='ltr'>Τίς</span> <span class='ocrx_word' id='word_1_400' title='bbox 3681 2269 3790 2341; x_wconf 77' lang='grc' dir='ltr'>γὰρ</span> 
     </span>
    </p>
   </div>
   <div class='ocr_carea' id='block_1_55' title="bbox 2207 2361 3791 2436">
    <p class='ocr_par' dir='ltr' id='par_1_55' title="bbox 2207 2361 3791 2436">
     <span class='ocr_line' id='line_1_55' title="bbox 2207 2361 3791 2436; baseline 0 -21"><span class='ocrx_word' id='word_1_401' title='bbox 2207 2363 2483 2435; x_wconf 82' lang='grc' dir='ltr'>φιλήδονος</span> <span class='ocrx_word' id='word_1_402' title='bbox 2511 2365 2543 2435; x_wconf 77' lang='grc' dir='ltr'><strong>ἢ</strong></span> <span class='ocrx_word' id='word_1_403' title='bbox 2575 2363 2818 2436; x_wconf 82' lang='grc' dir='ltr'>ἀκρατὴς</span> <span class='ocrx_word' id='word_1_404' title='bbox 2864 2364 2957 2415; x_wconf 77' lang='grc' dir='ltr'><strong>καὶ</strong></span> <span class='ocrx_word' id='word_1_405' title='bbox 2993 2363 3352 2434; x_wconf 83' lang='grc' dir='ltr'>ἀνθρωπείων</span> <span class='ocrx_word' id='word_1_406' title='bbox 3387 2361 3605 2434; x_wconf 85' lang='grc' dir='ltr'>σαρκῶν</span> <span class='ocrx_word' id='word_1_407' title='bbox 3624 2361 3791 2433; x_wconf 76' lang='grc' dir='ltr'>βοράν</span> 
     </span>
    </p>
   </div>
   <div class='ocr_carea' id='block_1_56' title="bbox 2207 2452 3789 2525">
    <p class='ocr_par' dir='ltr' id='par_1_56' title="bbox 2207 2452 3789 2525">
     <span class='ocr_line' id='line_1_56' title="bbox 2207 2452 3789 2525; baseline -0.001 -17"><span class='ocrx_word' id='word_1_408' title='bbox 2207 2456 2505 2525; x_wconf 75' lang='grc' dir='ltr'>ἡγούμενος</span> <span class='ocrx_word' id='word_1_409' title='bbox 2553 2456 2774 2524; x_wconf 70' lang='grc' dir='ltr'>ἀγαθὸν,</span> <span class='ocrx_word' id='word_1_410' title='bbox 2818 2456 3019 2510; x_wconf 83' lang='grc' dir='ltr'>δύναιτ’</span> <span class='ocrx_word' id='word_1_411' title='bbox 3073 2453 3142 2508; x_wconf 76' lang='grc' dir='ltr'><strong>ἂν</strong></span> <span class='ocrx_word' id='word_1_412' title='bbox 3175 2455 3403 2508; x_wconf 87' lang='grc' dir='ltr'>θάνατον</span> <span class='ocrx_word' id='word_1_413' title='bbox 3425 2452 3789 2517; x_wconf 76' lang='grc' dir='ltr'>ἀσπάζεσθαι,</span> 
     </span>
    </p>
   </div>
   <div class='ocr_carea' id='block_1_57' title="bbox 2204 2545 3788 2618">
    <p class='ocr_par' dir='ltr' id='par_1_57' title="bbox 2204 2545 3788 2618">
     <span class='ocr_line' id='line_1_57' title="bbox 2204 2545 3788 2618; baseline 0.001 -20"><span class='ocrx_word' id='word_1_414' title='bbox 2204 2546 2352 2609; x_wconf 85' lang='grc' dir='ltr'>ὅπως</span> <span class='ocrx_word' id='word_1_415' title='bbox 2379 2546 2484 2598; x_wconf 80' lang='grc' dir='ltr'><strong>τῶν</strong></span> <span class='ocrx_word' id='word_1_416' title='bbox 2518 2546 2714 2599; x_wconf 76' lang='grc' dir='ltr'>ἑαυτοῦ</span> <span class='ocrx_word' id='word_1_417' title='bbox 2759 2547 3045 2618; x_wconf 83' lang='grc' dir='ltr'>στερηθείη</span> <span class='ocrx_word' id='word_1_418' title='bbox 3079 2545 3408 2616; x_wconf 80' lang='grc' dir='ltr'>ἐπιθυμιῶν,</span> <span class='ocrx_word' id='word_1_419' title='bbox 3443 2545 3555 2599; x_wconf 86' lang='grc' dir='ltr'>ἀλλ’</span> <span class='ocrx_word' id='word_1_420' title='bbox 3577 2546 3678 2600; x_wconf 76' lang='grc' dir='ltr'><strong>οὐκ</strong></span> <span class='ocrx_word' id='word_1_421' title='bbox 3722 2546 3788 2599; x_wconf 76' lang='grc' dir='ltr'>ἑκ</span> 
     </span>
    </p>
   </div>
   <div class='ocr_carea' id='block_1_58' title="bbox 2205 2636 3789 2708">
    <p class='ocr_par' dir='ltr' id='par_1_58' title="bbox 2205 2636 3789 2708">
     <span class='ocr_line' id='line_1_58' title="bbox 2205 2636 3789 2708; baseline 0.002 -19"><span class='ocrx_word' id='word_1_422' title='bbox 2205 2639 2407 2700; x_wconf 76' lang='grc' dir='ltr'>παντὸς</span> <span class='ocrx_word' id='word_1_423' title='bbox 2446 2636 2543 2708; x_wconf 76' lang='grc' dir='ltr'><strong>ζῇν</strong></span> <span class='ocrx_word' id='word_1_424' title='bbox 2572 2639 2659 2691; x_wconf 73' lang='grc' dir='ltr'>ἀεὶ</span> <span class='ocrx_word' id='word_1_425' title='bbox 2677 2638 2772 2708; x_wconf 79' lang='grc' dir='ltr'>τὴν</span> <span class='ocrx_word' id='word_1_426' title='bbox 2797 2638 2983 2691; x_wconf 77' lang='grc' dir='ltr'>ἐνθάδε</span> <span class='ocrx_word' id='word_1_427' title='bbox 3017 2638 3200 2708; x_wconf 79' lang='grc' dir='ltr'>βιοτὴν</span> <span class='ocrx_word' id='word_1_428' title='bbox 3229 2640 3323 2691; x_wconf 78' lang='grc' dir='ltr'><strong>καὶ</strong></span> <span class='ocrx_word' id='word_1_429' title='bbox 3354 2637 3638 2692; x_wconf 82' lang='grc' dir='ltr'>λανθάνειν</span> <span class='ocrx_word' id='word_1_430' title='bbox 3662 2639 3789 2701; x_wconf 76' lang='grc' dir='ltr'>τοὺς</span> 
     </span>
    </p>
   </div>
   <div class='ocr_carea' id='block_1_59' title="bbox 2206 2728 3790 2799">
    <p class='ocr_par' dir='ltr' id='par_1_59' title="bbox 2206 2728 3790 2799">
     <span class='ocr_line' id='line_1_59' title="bbox 2206 2728 3790 2799; baseline 0.001 -19"><span class='ocrx_word' id='word_1_431' title='bbox 2206 2728 2472 2798; x_wconf 81' lang='grc' dir='ltr'>ἄρχοντας</span> <span class='ocrx_word' id='word_1_432' title='bbox 2489 2730 2765 2799; x_wconf 80' lang='grc' dir='ltr'>ἐπειρᾶτο,</span> <span class='ocrx_word' id='word_1_433' title='bbox 2791 2729 2888 2798; x_wconf 82' lang='grc' dir='ltr'>οὐχ</span> <span class='ocrx_word' id='word_1_434' title='bbox 2914 2730 2993 2782; x_wconf 78' lang='grc' dir='ltr'>ὅτι</span> <span class='ocrx_word' id='word_1_435' title='bbox 3014 2729 3203 2782; x_wconf 78' lang='grc' dir='ltr'>ἑαυτὸν</span> <span class='ocrx_word' id='word_1_436' title='bbox 3236 2729 3571 2799; x_wconf 81' lang='grc' dir='ltr'>κατήγγελλε</span> <span class='ocrx_word' id='word_1_437' title='bbox 3597 2746 3790 2798; x_wconf 83' lang='grc' dir='ltr'>φονευ-</span> 
     </span>
    </p>
   </div>
   <div class='ocr_carea' id='block_1_60' title="bbox 2206 2817 3789 2890">
    <p class='ocr_par' dir='ltr' id='par_1_60' title="bbox 2206 2817 3789 2890">
     <span class='ocr_line' id='line_1_60' title="bbox 2206 2817 3789 2890; baseline 0.003 -20"><span class='ocrx_word' id='word_1_438' title='bbox 2206 2817 2537 2889; x_wconf 87' lang='grc' dir='ltr'>θησόμενον;</span> <span class='ocrx_word' id='word_1_439' title='bbox 2578 2837 2595 2869; x_wconf 80' lang='grc' dir='ltr'><strong>ι</strong></span> <span class='ocrx_word' id='word_1_440' title='bbox 2644 2819 2764 2872; x_wconf 82' lang='grc' dir='ltr'>Ἔτι</span> <span class='ocrx_word' id='word_1_441' title='bbox 2794 2818 2887 2872; x_wconf 81' lang='grc' dir='ltr'><strong>δ’ὁ</strong></span> <span class='ocrx_word' id='word_1_442' title='bbox 2917 2818 3079 2881; x_wconf 80' lang='grc' dir='ltr'>αὐτὸς</span> <span class='ocrx_word' id='word_1_443' title='bbox 3118 2819 3323 2889; x_wconf 80' lang='grc' dir='ltr'>ἱστορεῖ</span> <span class='ocrx_word' id='word_1_444' title='bbox 3352 2817 3645 2890; x_wconf 83' lang='grc' dir='ltr'>δεξάμενον</span> <span class='ocrx_word' id='word_1_445' title='bbox 3693 2818 3789 2875; x_wconf 84' lang='grc' dir='ltr'><strong>τδν</strong></span> 
     </span>
    </p>
   </div>
   <div class='ocr_carea' id='block_1_61' title="bbox 2205 2957 3787 3027">
    <p class='ocr_par' dir='ltr' id='par_1_61' title="bbox 2205 2957 3787 3027">
     <span class='ocr_line' id='line_1_61' title="bbox 2205 2957 3787 3027; baseline 0.001 -13"><span class='ocrx_word' id='word_1_446' title='bbox 2205 2958 2349 3014; x_wconf 90' lang='lat' dir='ltr'><strong>enim</strong></span> <span class='ocrx_word' id='word_1_447' title='bbox 2383 2957 2638 3011; x_wconf 89' lang='lat' dir='ltr'><strong>dicuntur</strong></span> <span class='ocrx_word' id='word_1_448' title='bbox 2669 2959 2825 3026; x_wconf 85' lang='lat' dir='ltr'><strong>quasi</strong></span> <span class='ocrx_word' id='word_1_449' title='bbox 2852 2972 3177 3013; x_wconf 90' lang='lat' dir='ltr'><strong>arcanorum</strong></span> <span class='ocrx_word' id='word_1_450' title='bbox 3210 2959 3559 3027; x_wconf 88' lang='lat' dir='ltr'><strong>interpretes.</strong></span> <span class='ocrx_word' id='word_1_451' title='bbox 3583 2958 3787 3015; x_wconf 80' lang='lat' dir='ltr'><strong>Habuit</strong></span> 
     </span>
    </p>
   </div>
   <div class='ocr_carea' id='block_1_62' title="bbox 2204 3027 3782 3097">
    <p class='ocr_par' dir='ltr' id='par_1_62' title="bbox 2204 3027 3782 3097">
     <span class='ocr_line' id='line_1_62' title="bbox 2204 3027 3782 3097; baseline 0.002 -15"><span class='ocrx_word' id='word_1_452' title='bbox 2204 3037 2352 3082; x_wconf 89' lang='lat' dir='ltr'><strong>certe</strong></span> <span class='ocrx_word' id='word_1_453' title='bbox 2374 3027 2640 3081; x_wconf 85' lang='lat' dir='ltr'><strong>Antinous</strong></span> <span class='ocrx_word' id='word_1_454' title='bbox 2671 3043 2822 3097; x_wconf 55' lang='lat' dir='ltr'><strong>sacra</strong></span> <span class='ocrx_word' id='word_1_455' title='bbox 2848 3044 2943 3080; x_wconf 89' lang='lat' dir='ltr'><strong>sua</strong></span> <span class='ocrx_word' id='word_1_456' title='bbox 2974 3044 3037 3081; x_wconf 89' lang='lat' dir='ltr'><strong>ac</strong></span> <span class='ocrx_word' id='word_1_457' title='bbox 3073 3030 3349 3097; x_wconf 77' lang='lat' dir='ltr'><strong>mysteria,</strong></span> <span class='ocrx_word' id='word_1_458' title='bbox 3378 3031 3575 3097; x_wconf 91' lang='lat' dir='ltr'><strong>quibus</strong></span> <span class='ocrx_word' id='word_1_459' title='bbox 3598 3030 3782 3085; x_wconf 90' lang='lat' dir='ltr'><strong>initia-</strong></span> 
     </span>
    </p>
   </div>
   <div class='ocr_carea' id='block_1_63' title="bbox 2204 3095 3780 3165">
    <p class='ocr_par' dir='ltr' id='par_1_63' title="bbox 2204 3095 3780 3165">
     <span class='ocr_line' id='line_1_63' title="bbox 2204 3095 3780 3165; baseline 0 -13"><span class='ocrx_word' id='word_1_460' title='bbox 2204 3099 2404 3152; x_wconf 88' lang='lat' dir='ltr'><strong>bantur</strong></span> <span class='ocrx_word' id='word_1_461' title='bbox 2420 3098 2511 3165; x_wconf 91' lang='lat' dir='ltr'><strong>qui</strong></span> <span class='ocrx_word' id='word_1_462' title='bbox 2544 3098 2761 3150; x_wconf 87' lang='lat' dir='ltr'><strong>vellent.</strong></span> <span class='ocrx_word' id='word_1_463' title='bbox 2783 3095 3036 3150; x_wconf 85' lang='lat' dir='ltr'><strong>Testatur</strong></span> <span class='ocrx_word' id='word_1_464' title='bbox 3058 3098 3106 3149; x_wconf 91' lang='lat' dir='ltr'><strong>id</strong></span> <span class='ocrx_word' id='word_1_465' title='bbox 3127 3095 3431 3153; x_wconf 77' lang='lat' dir='ltr'><strong>Pausanias</strong></span> <span class='ocrx_word' id='word_1_466' title='bbox 3470 3101 3522 3152; x_wconf 92' lang='lat' dir='ltr'><strong>in</strong></span> <span class='ocrx_word' id='word_1_467' title='bbox 3557 3100 3780 3152; x_wconf 79' lang='lat' dir='ltr'><strong>Arcadi-</strong></span> 
     </span>
    </p>
   </div>
   <div class='ocr_carea' id='block_1_64' title="bbox 524 3148 2103 3243">
    <p class='ocr_par' dir='ltr' id='par_1_64' title="bbox 524 3148 2094 3243">
     <span class='ocr_line' id='line_1_64' title="bbox 524 3148 2094 3243; baseline 0.004 -16"><span class='ocrx_word' id='word_1_468' title='bbox 524 3148 649 3243; x_wconf 62' lang='lat' dir='ltr'><strong>plici</strong></span> <span class='ocrx_word' id='word_1_469' title='bbox 676 3174 963 3228; x_wconf 87' lang='lat' dir='ltr'><strong>admodum</strong></span> <span class='ocrx_word' id='word_1_470' title='bbox 999 3183 1053 3227; x_wconf 88' lang='lat' dir='ltr'><strong>et</strong></span> <span class='ocrx_word' id='word_1_471' title='bbox 1093 3174 1302 3241; x_wconf 86' lang='lat' dir='ltr'><strong>plebeio</strong></span> <span class='ocrx_word' id='word_1_472' title='bbox 1342 3148 1590 3228; x_wconf 70' lang='lat' dir='ltr'><strong>sermone</strong></span> <span class='ocrx_word' id='word_1_473' title='bbox 1632 3148 1898 3240; x_wconf 47' lang='lat' dir='ltr'><strong>szribre&#39;i‘e,</strong></span> <span class='ocrx_word' id='word_1_474' title='bbox 1927 3148 2094 3234; x_wconf 50' lang='lat' dir='ltr'><strong>uth&#39;i&#39;c</strong></span> 
     </span>
    </p>
   </div>
   <div class='ocr_carea' id='block_1_65' title="bbox 2200 3148 3782 3243">
    <p class='ocr_par' dir='ltr' id='par_1_65' title="bbox 2200 3148 3782 3243">
     <span class='ocr_line' id='line_1_65' title="bbox 2200 3148 3782 3243; baseline 0.001 -22"><span class='ocrx_word' id='word_1_475' title='bbox 2200 3148 2451 3243; x_wconf 49' lang='lat' dir='ltr'><strong>{iga</strong></span> <span class='ocrx_word' id='word_1_476' title='bbox 2466 3148 2673 3243; x_wconf 48' lang='lat' dir='ltr'><strong>gaesa</strong></span> <span class='ocrx_word' id='word_1_477' title='bbox 2692 3148 2757 3243; x_wconf 54' lang='grc' dir='ltr'><strong>εξ</strong></span> <span class='ocrx_word' id='word_1_478' title='bbox 2779 3148 2923 3220; x_wconf 49' lang='grc' dir='ltr'><strong>ιαέά</strong></span> <span class='ocrx_word' id='word_1_479' title='bbox 2950 3148 3067 3243; x_wconf 50' lang='lat' dir='ltr'><strong>ea:</strong></span> <span class='ocrx_word' id='word_1_480' title='bbox 3084 3148 3453 3243; x_wconf 45' lang='lat' dir='ltr'><strong>magnai</strong></span> <span class='ocrx_word' id='word_1_481' title='bbox 3470 3148 3782 3243; x_wconf 51' lang='grc' dir='ltr'><strong>ἀγειφξξξίν</strong></span> 
     </span>
    </p>
   </div>
   <div class='ocr_carea' id='block_1_66' title="bbox 522 3243 2093 3312">
    <p class='ocr_par' dir='ltr' id='par_1_66' title="bbox 522 3243 2093 3312">
     <span class='ocr_line' id='line_1_66' title="bbox 522 3243 2093 3312; baseline 0.002 -13"><span class='ocrx_word' id='word_1_482' title='bbox 522 3244 690 3299; x_wconf 85' lang='lat' dir='ltr'><strong>etiam</strong></span> <span class='ocrx_word' id='word_1_483' title='bbox 723 3253 948 3298; x_wconf 75' lang='lat' dir='ltr'><strong>testatur</strong></span> <span class='ocrx_word' id='word_1_484' title='bbox 995 3243 1283 3299; x_wconf 86' lang='lat' dir='ltr'><strong>Eusebius.</strong></span> <span class='ocrx_word' id='word_1_485' title='bbox 1333 3244 1521 3312; x_wconf 85' lang='lat' dir='ltr'><strong>Itaque</strong></span> <span class='ocrx_word' id='word_1_486' title='bbox 1547 3244 1735 3300; x_wconf 62' lang='lat' dir='ltr'><strong>Graeca</strong></span> <span class='ocrx_word' id='word_1_487' title='bbox 1765 3247 1881 3311; x_wconf 86' lang='lat' dir='ltr'><strong>ejus</strong></span> <span class='ocrx_word' id='word_1_488' title='bbox 1927 3249 2093 3302; x_wconf 83' lang='lat' dir='ltr'><strong>verba</strong></span> 
     </span>
    </p>
   </div>
   <div class='ocr_carea' id='block_1_67' title="bbox 524 3313 2091 3385">
    <p class='ocr_par' dir='ltr' id='par_1_67' title="bbox 524 3313 2091 3385">
     <span class='ocr_line' id='line_1_67' title="bbox 524 3313 2091 3385; baseline 0.001 -17"><span class='ocrx_word' id='word_1_489' title='bbox 524 3314 972 3385; x_wconf 80' lang='lat' dir='ltr'><strong>interpretatione</strong></span> <span class='ocrx_word' id='word_1_490' title='bbox 1004 3313 1307 3380; x_wconf 87' lang='lat' dir='ltr'><strong>adjuvanda</strong></span> <span class='ocrx_word' id='word_1_491' title='bbox 1337 3324 1483 3368; x_wconf 86' lang='lat' dir='ltr'><strong>sunt.</strong></span> <span class='ocrx_word' id='word_1_492' title='bbox 1517 3316 1736 3369; x_wconf 79' lang='lat' dir='ltr'><strong>Frustra</strong></span> <span class='ocrx_word' id='word_1_493' title='bbox 1768 3316 1933 3385; x_wconf 85' lang='lat' dir='ltr'><strong>igitur</strong></span> <span class='ocrx_word' id='word_1_494' title='bbox 1971 3315 2091 3370; x_wconf 84' lang='lat' dir='ltr'><strong>Sal-</strong></span> 
     </span>
    </p>
   </div>
   <div class='ocr_carea' id='block_1_68' title="bbox 523 3383 2095 3453">
    <p class='ocr_par' dir='ltr' id='par_1_68' title="bbox 523 3383 2095 3453">
     <span class='ocr_line' id='line_1_68' title="bbox 523 3383 2095 3453; baseline 0.002 -16"><span class='ocrx_word' id='word_1_495' title='bbox 523 3383 728 3437; x_wconf 79' lang='lat' dir='ltr'><strong>masius</strong></span> <span class='ocrx_word' id='word_1_496' title='bbox 745 3386 1039 3438; x_wconf 84' lang='lat' dir='ltr'><strong>emendare</strong></span> <span class='ocrx_word' id='word_1_497' title='bbox 1064 3399 1347 3453; x_wconf 72' lang='lat' dir='ltr'><strong>aggressus</strong></span> <span class='ocrx_word' id='word_1_498' title='bbox 1369 3394 1454 3437; x_wconf 89' lang='lat' dir='ltr'><strong>est</strong></span> <span class='ocrx_word' id='word_1_499' title='bbox 1477 3385 1529 3438; x_wconf 93' lang='lat' dir='ltr'><strong>in</strong></span> <span class='ocrx_word' id='word_1_500' title='bbox 1555 3387 1699 3439; x_wconf 89' lang='lat' dir='ltr'><strong>uotis</strong></span> <span class='ocrx_word' id='word_1_501' title='bbox 1712 3387 1775 3437; x_wconf 88' lang='lat' dir='ltr'><strong>ad</strong></span> <span class='ocrx_word' id='word_1_502' title='bbox 1796 3383 2095 3440; x_wconf 77' lang='lat' dir='ltr'><strong>Historiam</strong></span> 
     </span>
    </p>
   </div>
   <div class='ocr_carea' id='block_1_69' title="bbox 524 3452 2096 3523">
    <p class='ocr_par' dir='ltr' id='par_1_69' title="bbox 524 3452 2096 3523">
     <span class='ocr_line' id='line_1_69' title="bbox 524 3452 2096 3523; baseline 0.003 -18"><span class='ocrx_word' id='word_1_503' title='bbox 524 3454 839 3522; x_wconf 78' lang='lat' dir='ltr'><strong>Augustam,</strong></span> <span class='ocrx_word' id='word_1_504' title='bbox 879 3470 1003 3523; x_wconf 85' lang='lat' dir='ltr'><strong>pag.</strong></span> <span class='ocrx_word' id='word_1_505' title='bbox 1029 3452 1117 3506; x_wconf 68' lang='lat' dir='ltr'><strong>4i.</strong></span> <span class='ocrx_word' id='word_1_506' title='bbox 1148 3452 1245 3508; x_wconf 89' lang='lat' dir='ltr'><strong>Ubi</strong></span> <span class='ocrx_word' id='word_1_507' title='bbox 1278 3455 1444 3507; x_wconf 88' lang='lat' dir='ltr'><strong>etiam</strong></span> <span class='ocrx_word' id='word_1_508' title='bbox 1478 3456 1698 3522; x_wconf 87' lang='lat' dir='ltr'><strong>quinam</strong></span> <span class='ocrx_word' id='word_1_509' title='bbox 1725 3456 1812 3510; x_wconf 91' lang='lat' dir='ltr'><strong>hic</strong></span> <span class='ocrx_word' id='word_1_510' title='bbox 1848 3457 2096 3509; x_wconf 89' lang='lat' dir='ltr'><strong>diceren-</strong></span> 
     </span>
    </p>
   </div>
   <div class='ocr_carea' id='block_1_70' title="bbox 526 3523 2095 3595">
    <p class='ocr_par' dir='ltr' id='par_1_70' title="bbox 526 3523 2095 3595">
     <span class='ocr_line' id='line_1_70' title="bbox 526 3523 2095 3595; baseline 0.003 -20"><span class='ocrx_word' id='word_1_511' title='bbox 526 3532 612 3575; x_wconf 90' lang='lat' dir='ltr'><strong>tur</strong></span> <span class='ocrx_word' id='word_1_512' title='bbox 654 3525 937 3595; x_wconf 9' lang='lat' dir='ltr'><strong>rpro_phet:e</strong></span> <span class='ocrx_word' id='word_1_513' title='bbox 982 3539 1087 3578; x_wconf 90' lang='lat' dir='ltr'><strong>non</strong></span> <span class='ocrx_word' id='word_1_514' title='bbox 1128 3523 1420 3578; x_wconf 83' lang='lat' dir='ltr'><strong>intellexit.</strong></span> <span class='ocrx_word' id='word_1_515' title='bbox 1470 3524 1757 3578; x_wconf 86' lang='lat' dir='ltr'><strong>Sciendum</strong></span> <span class='ocrx_word' id='word_1_516' title='bbox 1791 3538 1878 3580; x_wconf 72' lang='lat' dir='ltr'><strong>est</strong></span> <span class='ocrx_word' id='word_1_517' title='bbox 1931 3526 2095 3595; x_wconf 87' lang='lat' dir='ltr'><strong>igitur</strong></span> 
     </span>
    </p>
   </div>
   <div class='ocr_carea' id='block_1_71' title="bbox 524 3591 2094 3664">
    <p class='ocr_par' dir='ltr' id='par_1_71' title="bbox 524 3591 2094 3664">
     <span class='ocr_line' id='line_1_71' title="bbox 524 3591 2094 3664; baseline 0.004 -21"><span class='ocrx_word' id='word_1_518' title='bbox 524 3591 673 3659; x_wconf 87' lang='lat' dir='ltr'><strong>apud</strong></span> <span class='ocrx_word' id='word_1_519' title='bbox 704 3591 997 3664; x_wconf 25' lang='lat' dir='ltr'><strong>AJEgyptios</strong></span> <span class='ocrx_word' id='word_1_520' title='bbox 1044 3608 1313 3664; x_wconf 86' lang='lat' dir='ltr'><strong>summum</strong></span> <span class='ocrx_word' id='word_1_521' title='bbox 1347 3595 1681 3648; x_wconf 84' lang='lat' dir='ltr'><strong>sacerdotem</strong></span> <span class='ocrx_word' id='word_1_522' title='bbox 1726 3595 1819 3664; x_wconf 93' lang='lat' dir='ltr'><strong>qui</strong></span> <span class='ocrx_word' id='word_1_523' title='bbox 1873 3591 2094 3664; x_wconf 77' lang='lat' dir='ltr'><strong>reliquis</strong></span> 
     </span>
    </p>
   </div>
   <div class='ocr_carea' id='block_1_72' title="bbox 526 3661 2093 3732">
    <p class='ocr_par' dir='ltr' id='par_1_72' title="bbox 526 3661 2093 3732">
     <span class='ocr_line' id='line_1_72' title="bbox 526 3661 2093 3732; baseline 0.003 -18"><span class='ocrx_word' id='word_1_524' title='bbox 526 3661 902 3732; x_wconf 81' lang='lat' dir='ltr'><strong>sacerdotibus</strong></span> <span class='ocrx_word' id='word_1_525' title='bbox 948 3672 1003 3714; x_wconf 94' lang='lat' dir='ltr'><strong>et</strong></span> <span class='ocrx_word' id='word_1_526' title='bbox 1030 3663 1375 3731; x_wconf 75' lang='lat' dir='ltr'><strong>pastophoris</strong></span> <span class='ocrx_word' id='word_1_527' title='bbox 1423 3674 1701 3730; x_wconf 70' lang='lat' dir='ltr'><strong>praeesset,</strong></span> <span class='ocrx_word' id='word_1_528' title='bbox 1731 3661 1785 3716; x_wconf 80' lang='lat' dir='ltr'><strong>et</strong></span> <span class='ocrx_word' id='word_1_529' title='bbox 1814 3666 1902 3732; x_wconf 91' lang='lat' dir='ltr'><strong>qui</strong></span> <span class='ocrx_word' id='word_1_530' title='bbox 1955 3661 2093 3718; x_wconf 82' lang='lat' dir='ltr'><strong>tém-</strong></span> 
     </span>
    </p>
   </div>
   <div class='ocr_carea' id='block_1_73' title="bbox 524 3729 2096 3799">
    <p class='ocr_par' dir='ltr' id='par_1_73' title="bbox 524 3729 2096 3799">
     <span class='ocr_line' id='line_1_73' title="bbox 524 3729 2096 3799; baseline 0.004 -18"><span class='ocrx_word' id='word_1_531' title='bbox 524 3729 734 3799; x_wconf 90' lang='lat' dir='ltr'><strong>piorum</strong></span> <span class='ocrx_word' id='word_1_532' title='bbox 785 3732 991 3785; x_wconf 89' lang='lat' dir='ltr'><strong>reditus</strong></span> <span class='ocrx_word' id='word_1_533' title='bbox 1033 3729 1256 3785; x_wconf 53' lang='lat' dir='ltr'><strong>&#39;e-zeteris</strong></span> <span class='ocrx_word' id='word_1_534' title='bbox 1305 3729 1679 3796; x_wconf 76' lang='lat' dir='ltr'><strong>distribuerat,</strong></span> <span class='ocrx_word' id='word_1_535' title='bbox 1730 3729 1932 3787; x_wconf 77' lang='lat' dir='ltr'><strong>dictum</strong></span> <span class='ocrx_word' id='word_1_536' title='bbox 1974 3748 2096 3789; x_wconf 86' lang='lat' dir='ltr'><strong>esse</strong></span> 
     </span>
    </p>
   </div>
   <div class='ocr_carea' id='block_1_74' title="bbox 526 3799 2097 3869">
    <p class='ocr_par' dir='ltr' id='par_1_74' title="bbox 526 3799 2097 3869">
     <span class='ocr_line' id='line_1_74' title="bbox 526 3799 2097 3869; baseline 0.004 -18"><span class='ocrx_word' id='word_1_537' title='bbox 526 3803 875 3869; x_wconf 86' lang='lat' dir='ltr'><strong>prophetam.</strong></span> <span class='ocrx_word' id='word_1_538' title='bbox 907 3799 1124 3853; x_wconf 87' lang='lat' dir='ltr'><strong>Primus</strong></span> <span class='ocrx_word' id='word_1_539' title='bbox 1149 3802 1290 3854; x_wconf 84' lang='lat' dir='ltr'><strong>enim</strong></span> <span class='ocrx_word' id='word_1_540' title='bbox 1312 3801 1367 3854; x_wconf 89' lang='lat' dir='ltr'><strong>in</strong></span> <span class='ocrx_word' id='word_1_541' title='bbox 1400 3803 1596 3869; x_wconf 89' lang='lat' dir='ltr'><strong>templo</strong></span> <span class='ocrx_word' id='word_1_542' title='bbox 1619 3803 1938 3869; x_wconf 80' lang='lat' dir='ltr'><strong>procedebat</strong></span> <span class='ocrx_word' id='word_1_543' title='bbox 1964 3818 2097 3857; x_wconf 89' lang='lat' dir='ltr'><strong>can-</strong></span> 
     </span>
    </p>
   </div>
   <div class='ocr_carea' id='block_1_75' title="bbox 527 3870 2098 3944">
    <p class='ocr_par' dir='ltr' id='par_1_75' title="bbox 527 3870 2098 3944">
     <span class='ocr_line' id='line_1_75' title="bbox 527 3870 2098 3944; baseline 0.001 -21"><span class='ocrx_word' id='word_1_544' title='bbox 527 3877 637 3933; x_wconf 78' lang='lat' dir='ltr'><strong>tor,</strong></span> <span class='ocrx_word' id='word_1_545' title='bbox 683 3870 880 3944; x_wconf 62' lang='lat' dir='ltr'><strong>deinde</strong></span> <span class='ocrx_word' id='word_1_546' title='bbox 908 3871 1263 3944; x_wconf 85' lang='lat' dir='ltr'><strong>horoscopus,</strong></span> <span class='ocrx_word' id='word_1_547' title='bbox 1306 3881 1418 3923; x_wconf 92' lang='lat' dir='ltr'><strong>tum</strong></span> <span class='ocrx_word' id='word_1_548' title='bbox 1451 3873 1633 3944; x_wconf 75' lang='lat' dir='ltr'><strong>scriba</strong></span> <span class='ocrx_word' id='word_1_549' title='bbox 1667 3888 1777 3944; x_wconf 71' lang='lat' dir='ltr'><strong>seu</strong></span> <span class='ocrx_word' id='word_1_550' title='bbox 1802 3873 2098 3944; x_wconf 82' lang='grc' dir='ltr'>ἱερογραμ-</span> 
     </span>
    </p>
   </div>
   <div class='ocr_carea' id='block_1_76' title="bbox 527 3936 2095 4011">
    <p class='ocr_par' dir='ltr' id='par_1_76' title="bbox 527 3936 2095 4011">
     <span class='ocr_line' id='line_1_76' title="bbox 527 3936 2095 4011; baseline 0.004 -21"><span class='ocrx_word' id='word_1_551' title='bbox 527 3936 753 4011; x_wconf 83' lang='grc' dir='ltr'>ματεύς,</span> <span class='ocrx_word' id='word_1_552' title='bbox 789 3949 970 4011; x_wconf 84' lang='lat' dir='ltr'><strong>postea</strong></span> <span class='ocrx_word' id='word_1_553' title='bbox 997 3941 1226 4011; x_wconf 82' lang='lat' dir='ltr'><strong>vestitor</strong></span> <span class='ocrx_word' id='word_1_554' title='bbox 1241 3954 1333 3993; x_wconf 90' lang='lat' dir='ltr'><strong>seu</strong></span> <span class='ocrx_word' id='word_1_555' title='bbox 1357 3940 1656 4011; x_wconf 82' lang='grc' dir='ltr'>στολιστής’</span> <span class='ocrx_word' id='word_1_556' title='bbox 1691 3936 1887 3996; x_wconf 79' lang='lat' dir='ltr'><strong>deinde</strong></span> <span class='ocrx_word' id='word_1_557' title='bbox 1916 3936 2095 3997; x_wconf 76' lang='lat' dir='ltr'><strong>novis-</strong></span> 
     </span>
    </p>
   </div>
   <div class='ocr_carea' id='block_1_77' title="bbox 527 4008 2092 4079">
    <p class='ocr_par' dir='ltr' id='par_1_77' title="bbox 527 4008 2092 4079">
     <span class='ocr_line' id='line_1_77' title="bbox 527 4008 2092 4079; baseline 0.002 -17"><span class='ocrx_word' id='word_1_558' title='bbox 527 4008 1285 4079; x_wconf 69' lang='lat' dir='ltr'><strong>Simusincedebatpropheta</strong></span> <span class='ocrx_word' id='word_1_559' title='bbox 1327 4008 1667 4079; x_wconf 45' lang='lat' dir='ltr'><strong>hydriam’in</strong></span> <span class='ocrx_word' id='word_1_560' title='bbox 1706 4012 1824 4065; x_wconf 92' lang='lat' dir='ltr'><strong>sinu</strong></span> <span class='ocrx_word' id='word_1_561' title='bbox 1854 4020 2092 4078; x_wconf 75' lang='lat' dir='ltr'><strong>gestans,</strong></span> 
     </span>
    </p>
   </div>
   <div class='ocr_carea' id='block_1_78' title="bbox 525 4078 2092 4150">
    <p class='ocr_par' dir='ltr' id='par_1_78' title="bbox 525 4078 2092 4150">
     <span class='ocr_line' id='line_1_78' title="bbox 525 4078 2092 4150; baseline 0.003 -19"><span class='ocrx_word' id='word_1_562' title='bbox 525 4088 586 4150; x_wconf 84' lang='lat' dir='ltr'><strong>t_tt</strong></span> <span class='ocrx_word' id='word_1_563' title='bbox 613 4078 1045 4150; x_wconf 80' lang='lat' dir='ltr'><strong>docetClemens</strong></span> <span class='ocrx_word' id='word_1_564' title='bbox 1079 4078 1472 4150; x_wconf 79' lang='lat' dir='ltr'><strong>Alexandrinus</strong></span> <span class='ocrx_word' id='word_1_565' title='bbox 1499 4080 1548 4131; x_wconf 92' lang='lat' dir='ltr'><strong>in</strong></span> <span class='ocrx_word' id='word_1_566' title='bbox 1580 4081 1674 4133; x_wconf 90' lang='lat' dir='ltr'><strong>lib.</strong></span> <span class='ocrx_word' id='word_1_567' title='bbox 1706 4096 1783 4144; x_wconf 82' lang='lat' dir='ltr'><strong>vi,</strong></span> <span class='ocrx_word' id='word_1_568' title='bbox 1816 4097 1935 4150; x_wconf 80' lang='lat' dir='ltr'><strong>pag.</strong></span> <span class='ocrx_word' id='word_1_569' title='bbox 1965 4082 2092 4135; x_wconf 69' lang='lat'><strong>269.</strong></span> 
     </span>
    </p>
   </div>
   <div class='ocr_carea' id='block_1_79' title="bbox 525 4147 2098 4223">
    <p class='ocr_par' dir='ltr' id='par_1_79' title="bbox 525 4147 2098 4223">
     <span class='ocr_line' id='line_1_79' title="bbox 525 4147 2098 4223; baseline 0.004 -24"><span class='ocrx_word' id='word_1_570' title='bbox 525 4147 860 4223; x_wconf 63' lang='lat' dir='ltr'><strong>Epiphanius</strong></span> <span class='ocrx_word' id='word_1_571' title='bbox 904 4150 956 4200; x_wconf 91' lang='lat' dir='ltr'><strong>in</strong></span> <span class='ocrx_word' id='word_1_572' title='bbox 987 4149 1123 4223; x_wconf 70' lang='lat' dir='ltr'><strong>libro</strong></span> <span class='ocrx_word' id='word_1_573' title='bbox 1152 4163 1210 4202; x_wconf 85' lang='grc' dir='ltr'><strong>ιιι</strong></span> <span class='ocrx_word' id='word_1_574' title='bbox 1242 4148 1515 4223; x_wconf 60' lang='grc' dir='ltr'><strong>ΔΑιζυδικςιιε</strong></span> <span class='ocrx_word' id='word_1_575' title='bbox 1554 4159 1794 4223; x_wconf 48' lang='lat' dir='ltr'><strong>nienses,</strong></span> <span class='ocrx_word' id='word_1_576' title='bbox 1816 4147 1826 4150; x_wconf 73' lang='grc'><em>’</em></span> <span class='ocrx_word' id='word_1_577' title='bbox 1848 4147 2006 4223; x_wconf 75' lang='grc' dir='ltr'>Παρὰ</span> <span class='ocrx_word' id='word_1_578' title='bbox 2041 4152 2098 4205; x_wconf 82' lang='grc' dir='ltr'>δὲ</span> 
     </span>
    </p>
   </div>
   <div class='ocr_carea' id='block_1_80' title="bbox 521 4216 2098 4288">
    <p class='ocr_par' dir='ltr' id='par_1_80' title="bbox 521 4216 2098 4288">
     <span class='ocr_line' id='line_1_80' title="bbox 521 4216 2098 4288; baseline 0.003 -17"><span class='ocrx_word' id='word_1_579' title='bbox 521 4216 838 4288; x_wconf 66' lang='grc' dir='ltr'>Αἰγυπτίοις</span> <span class='ocrx_word' id='word_1_580' title='bbox 869 4217 1144 4288; x_wconf 84' lang='grc' dir='ltr'>προφῆται</span> <span class='ocrx_word' id='word_1_581' title='bbox 1170 4216 1513 4288; x_wconf 84' lang='grc' dir='ltr'>καλούμενοι,</span> <span class='ocrx_word' id='word_1_582' title='bbox 1547 4218 1655 4272; x_wconf 85' lang='grc' dir='ltr'>τῶν</span> <span class='ocrx_word' id='word_1_583' title='bbox 1676 4220 1884 4273; x_wconf 86' lang='grc' dir='ltr'>ἀδύτων</span> <span class='ocrx_word' id='word_1_584' title='bbox 1910 4216 1971 4273; x_wconf 76' lang='grc' dir='ltr'><strong>τε</strong></span> <span class='ocrx_word' id='word_1_585' title='bbox 2003 4225 2098 4276; x_wconf 61' lang='grc' dir='ltr'><strong>καὶ⁵</strong></span> 
     </span>
    </p>
   </div>
   <div class='ocr_carea' id='block_1_81' title="bbox 526 4286 2099 4361">
    <p class='ocr_par' dir='ltr' id='par_1_81' title="bbox 526 4286 2099 4361">
     <span class='ocr_line' id='line_1_81' title="bbox 526 4286 2099 4361; baseline 0.005 -22"><span class='ocrx_word' id='word_1_586' title='bbox 526 4286 685 4361; x_wconf 61' lang='grc' dir='ltr'>ξερῷν</span> <span class='ocrx_word' id='word_1_587' title='bbox 727 4286 1384 4361; x_wconf 34' lang='grc' dir='ltr'><strong>ἀρχηγοί.λΕυιίιιιιιίυιιιΔ</strong></span> <span class='ocrx_word' id='word_1_588' title='bbox 1416 4291 1801 4361; x_wconf 83' lang='lat' dir='ltr'><strong>prophetarum</strong></span> <span class='ocrx_word' id='word_1_589' title='bbox 1855 4294 2099 4347; x_wconf 88' lang='lat' dir='ltr'><strong>meminit</strong></span> 
     </span>
    </p>
   </div>
   <div class='ocr_carea' id='block_1_82' title="bbox 521 4355 2098 4426">
    <p class='ocr_par' dir='ltr' id='par_1_82' title="bbox 521 4355 2098 4426">
     <span class='ocr_line' id='line_1_82' title="bbox 521 4355 2098 4426; baseline 0.003 -14"><span class='ocrx_word' id='word_1_590' title='bbox 521 4355 895 4412; x_wconf 67' lang='lat' dir='ltr'><strong>Philostraius</strong></span> <span class='ocrx_word' id='word_1_591' title='bbox 918 4361 968 4411; x_wconf 90' lang='lat' dir='ltr'><strong>iu</strong></span> <span class='ocrx_word' id='word_1_592' title='bbox 1009 4359 1148 4413; x_wconf 85' lang='lat' dir='ltr'><strong>libro</strong></span> <span class='ocrx_word' id='word_1_593' title='bbox 1183 4373 1197 4410; x_wconf 87' lang='grc' dir='ltr'><strong>ι</strong></span> <span class='ocrx_word' id='word_1_594' title='bbox 1231 4356 1308 4409; x_wconf 85' lang='lat' dir='ltr'><strong>De</strong></span> <span class='ocrx_word' id='word_1_595' title='bbox 1338 4358 1445 4412; x_wconf 80' lang='lat' dir='ltr'><strong>vita</strong></span> <span class='ocrx_word' id='word_1_596' title='bbox 1490 4355 1781 4426; x_wconf 73' lang='lat' dir='ltr'><strong>Apollonii,</strong></span> <span class='ocrx_word' id='word_1_597' title='bbox 1803 4376 1924 4425; x_wconf 88' lang='lat' dir='ltr'><strong>cap.</strong></span> <span class='ocrx_word' id='word_1_598' title='bbox 1958 4362 2011 4425; x_wconf 75' lang='lat' dir='ltr'><strong>i,</strong></span> <span class='ocrx_word' id='word_1_599' title='bbox 2042 4372 2098 4416; x_wconf 86' lang='lat' dir='ltr'><strong>et</strong></span> 
     </span>
    </p>
   </div>
   <div class='ocr_carea' id='block_1_83' title="bbox 523 4427 2097 4497">
    <p class='ocr_par' dir='ltr' id='par_1_83' title="bbox 523 4427 2097 4497">
     <span class='ocr_line' id='line_1_83' title="bbox 523 4427 2097 4497; baseline 0.002 -16"><span class='ocrx_word' id='word_1_600' title='bbox 523 4427 788 4497; x_wconf 85' lang='lat' dir='ltr'><strong>Diogenes</strong></span> <span class='ocrx_word' id='word_1_601' title='bbox 823 4429 1069 4482; x_wconf 84' lang='lat' dir='ltr'><strong>Laertius</strong></span> <span class='ocrx_word' id='word_1_602' title='bbox 1101 4429 1154 4481; x_wconf 93' lang='lat' dir='ltr'><strong>in</strong></span> <span class='ocrx_word' id='word_1_603' title='bbox 1186 4430 1448 4497; x_wconf 68' lang='lat' dir='ltr'><strong>prominio</strong></span> <span class='ocrx_word' id='word_1_604' title='bbox 1477 4431 1659 4495; x_wconf 80' lang='lat' dir='ltr'><strong>aperis</strong></span> <span class='ocrx_word' id='word_1_605' title='bbox 1706 4433 1788 4483; x_wconf 92' lang='lat' dir='ltr'><strong>sui</strong></span> <span class='ocrx_word' id='word_1_606' title='bbox 1816 4447 1831 4497; x_wconf 90' lang='lat'><strong>;</strong></span> <span class='ocrx_word' id='word_1_607' title='bbox 1876 4430 2097 4485; x_wconf 85' lang='lat' dir='ltr'><strong>Themi-</strong></span> 
     </span>
    </p>
   </div>
   <div class='ocr_carea' id='block_1_84' title="bbox 529 4495 2095 4559">
    <p class='ocr_par' dir='ltr' id='par_1_84' title="bbox 529 4495 2095 4559">
     <span class='ocr_line' id='line_1_84' title="bbox 529 4495 2095 4559; baseline 0.001 -7"><span class='ocrx_word' id='word_1_608' title='bbox 529 4495 668 4552; x_wconf 28' lang='lat' dir='ltr'><strong>stiu‘s</strong></span> <span class='ocrx_word' id='word_1_609' title='bbox 693 4499 744 4551; x_wconf 91' lang='lat' dir='ltr'><strong>in</strong></span> <span class='ocrx_word' id='word_1_610' title='bbox 769 4500 1016 4551; x_wconf 86' lang='lat' dir='ltr'><strong>oratione</strong></span> <span class='ocrx_word' id='word_1_611' title='bbox 1042 4497 1098 4559; x_wconf 71' lang='grc'>2,</span> <span class='ocrx_word' id='word_1_612' title='bbox 1146 4495 1486 4552; x_wconf 85' lang='lat' dir='ltr'><strong>etFirmicus</strong></span> <span class='ocrx_word' id='word_1_613' title='bbox 1520 4500 1573 4550; x_wconf 93' lang='lat' dir='ltr'><strong>in</strong></span> <span class='ocrx_word' id='word_1_614' title='bbox 1618 4500 1769 4553; x_wconf 87' lang='lat' dir='ltr'><strong>libris</strong></span> <span class='ocrx_word' id='word_1_615' title='bbox 1803 4495 2095 4554; x_wconf 74' lang='lat' dir='ltr'><strong>Mat/reseas</strong></span> 
     </span>
    </p>
   </div>
   <div class='ocr_carea' id='block_1_85' title="bbox 523 4567 2095 4636">
    <p class='ocr_par' dir='ltr' id='par_1_85' title="bbox 523 4567 2095 4636">
     <span class='ocr_line' id='line_1_85' title="bbox 523 4567 2095 4636; baseline 0.001 -14"><span class='ocrx_word' id='word_1_616' title='bbox 523 4582 629 4622; x_wconf 89' lang='lat' dir='ltr'><strong>non</strong></span> <span class='ocrx_word' id='word_1_617' title='bbox 660 4569 854 4622; x_wconf 81' lang='lat' dir='ltr'><strong>semel.</strong></span> <span class='ocrx_word' id='word_1_618' title='bbox 901 4567 1149 4622; x_wconf 87' lang='lat' dir='ltr'><strong>Clemens</strong></span> <span class='ocrx_word' id='word_1_619' title='bbox 1177 4567 1405 4633; x_wconf 86' lang='lat' dir='ltr'><strong>denique</strong></span> <span class='ocrx_word' id='word_1_620' title='bbox 1452 4569 1504 4636; x_wconf 86' lang='lat' dir='ltr'><strong>in</strong></span> <span class='ocrx_word' id='word_1_621' title='bbox 1530 4569 1669 4622; x_wconf 84' lang='lat' dir='ltr'><strong>libro</strong></span> <span class='ocrx_word' id='word_1_622' title='bbox 1708 4585 1723 4623; x_wconf 89' lang='grc' dir='ltr'><strong>ι</strong></span> <span class='ocrx_word' id='word_1_623' title='bbox 1758 4568 2095 4636; x_wconf 75' lang='lat' dir='ltr'><strong>lieeognitio-</strong></span> 
     </span>
    </p>
   </div>
   <div class='ocr_carea' id='block_1_86' title="bbox 523 4635 2097 4706">
    <p class='ocr_par' dir='ltr' id='par_1_86' title="bbox 523 4635 2097 4706">
     <span class='ocr_line' id='line_1_86' title="bbox 523 4635 2097 4706; baseline 0.001 -15"><span class='ocrx_word' id='word_1_624' title='bbox 523 4651 672 4704; x_wconf 80' lang='lat' dir='ltr'><strong>num,</strong></span> <span class='ocrx_word' id='word_1_625' title='bbox 705 4639 846 4692; x_wconf 82' lang='lat' dir='ltr'><strong>haud</strong></span> <span class='ocrx_word' id='word_1_626' title='bbox 879 4637 1065 4705; x_wconf 87' lang='lat' dir='ltr'><strong>procul</strong></span> <span class='ocrx_word' id='word_1_627' title='bbox 1093 4639 1161 4691; x_wconf 85' lang='lat' dir='ltr'><strong>ab</strong></span> <span class='ocrx_word' id='word_1_628' title='bbox 1196 4637 1394 4706; x_wconf 86' lang='lat' dir='ltr'><strong>initio:</strong></span> <span class='ocrx_word' id='word_1_629' title='bbox 1436 4635 1749 4706; x_wconf 63' lang='lat' dir='ltr'><strong>zEgyptum,</strong></span> <span class='ocrx_word' id='word_1_630' title='bbox 1788 4635 1980 4706; x_wconf 85' lang='lat' dir='ltr'><strong>inquit,</strong></span> <span class='ocrx_word' id='word_1_631' title='bbox 2008 4655 2097 4706; x_wconf 81' lang='lat' dir='ltr'><strong>pe-</strong></span> 
     </span>
    </p>
   </div>
   <div class='ocr_carea' id='block_1_87' title="bbox 523 4705 2095 4777">
    <p class='ocr_par' dir='ltr' id='par_1_87' title="bbox 523 4705 2095 4777">
     <span class='ocr_line' id='line_1_87' title="bbox 523 4705 2095 4777; baseline 0.004 -20"><span class='ocrx_word' id='word_1_632' title='bbox 523 4715 654 4768; x_wconf 85' lang='lat' dir='ltr'><strong>tam,</strong></span> <span class='ocrx_word' id='word_1_633' title='bbox 701 4719 855 4776; x_wconf 88' lang='lat' dir='ltr'><strong>atque</strong></span> <span class='ocrx_word' id='word_1_634' title='bbox 890 4707 962 4759; x_wconf 84' lang='lat' dir='ltr'><strong>ibi</strong></span> <span class='ocrx_word' id='word_1_635' title='bbox 1001 4705 1361 4777; x_wconf 75' lang='lat' dir='ltr'><strong>ltieropltanlis</strong></span> <span class='ocrx_word' id='word_1_636' title='bbox 1396 4708 1475 4761; x_wconf 79' lang='lat' dir='ltr'><strong>vel</strong></span> <span class='ocrx_word' id='word_1_637' title='bbox 1503 4705 1765 4774; x_wconf 73' lang='lat' dir='ltr'><strong>prophetis</strong></span> <span class='ocrx_word' id='word_1_638' title='bbox 1801 4705 1889 4777; x_wconf 75' lang='lat' dir='ltr'><strong>qui</strong></span> <span class='ocrx_word' id='word_1_639' title='bbox 1921 4705 2095 4776; x_wconf 77' lang='lat' dir='ltr'><strong>adytis</strong></span> 
     </span>
    </p>
   </div>
   <div class='ocr_carea' id='block_1_88' title="bbox 522 4776 2096 4844">
    <p class='ocr_par' dir='ltr' id='par_1_88' title="bbox 522 4776 2096 4844">
     <span class='ocr_line' id='line_1_88' title="bbox 522 4776 2096 4844; baseline 0.003 -17"><span class='ocrx_word' id='word_1_640' title='bbox 522 4791 776 4841; x_wconf 75' lang='lat' dir='ltr'><strong>prwsunt,</strong></span> <span class='ocrx_word' id='word_1_641' title='bbox 828 4780 1028 4829; x_wconf 86' lang='lat' dir='ltr'><strong>amicus</strong></span> <span class='ocrx_word' id='word_1_642' title='bbox 1057 4776 1280 4844; x_wconf 67' lang='lat' dir='ltr'><strong>eﬂiciar;</strong></span> <span class='ocrx_word' id='word_1_643' title='bbox 1329 4786 1376 4829; x_wconf 87' lang='lat' dir='ltr'><strong>et</strong></span> <span class='ocrx_word' id='word_1_644' title='bbox 1408 4778 1628 4839; x_wconf 76' lang='lat' dir='ltr'><strong>pecunia</strong></span> <span class='ocrx_word' id='word_1_645' title='bbox 1670 4779 1945 4830; x_wconf 86' lang='lat' dir='ltr'><strong>invitatum</strong></span> <span class='ocrx_word' id='word_1_646' title='bbox 1982 4795 2096 4831; x_wconf 86' lang='lat' dir='ltr'><strong>ma-</strong></span> 
     </span>
    </p>
   </div>
   <div class='ocr_carea' id='block_1_89' title="bbox 523 4846 2092 4914">
    <p class='ocr_par' dir='ltr' id='par_1_89' title="bbox 523 4846 2092 4914">
     <span class='ocr_line' id='line_1_89' title="bbox 523 4846 2092 4914; baseline 0.004 -18"><span class='ocrx_word' id='word_1_647' title='bbox 523 4860 648 4912; x_wconf 87' lang='lat' dir='ltr'><strong>gum</strong></span> <span class='ocrx_word' id='word_1_648' title='bbox 693 4847 965 4910; x_wconf 80' lang='lat' dir='ltr'><strong>precabor,</strong></span> <span class='ocrx_word' id='word_1_649' title='bbox 998 4856 1053 4897; x_wconf 82' lang='lat' dir='ltr'><strong>ut</strong></span> <span class='ocrx_word' id='word_1_650' title='bbox 1097 4846 1284 4914; x_wconf 76' lang='lat' dir='ltr'><strong>educat</strong></span> <span class='ocrx_word' id='word_1_651' title='bbox 1317 4847 1441 4898; x_wconf 82' lang='lat' dir='ltr'><strong>mihi</strong></span> <span class='ocrx_word' id='word_1_652' title='bbox 1479 4846 1712 4900; x_wconf 86' lang='lat' dir='ltr'><strong>animam</strong></span> <span class='ocrx_word' id='word_1_653' title='bbox 1744 4849 1810 4900; x_wconf 81' lang='lat' dir='ltr'><strong>de</strong></span> <span class='ocrx_word' id='word_1_654' title='bbox 1848 4847 2092 4914; x_wconf 74' lang='lat' dir='ltr'><strong>infernis.</strong></span> 
     </span>
    </p>
   </div>
   <div class='ocr_carea' id='block_1_90' title="bbox 528 4912 2097 4981">
    <p class='ocr_par' dir='ltr' id='par_1_90' title="bbox 528 4912 2097 4981">
     <span class='ocr_line' id='line_1_90' title="bbox 528 4912 2097 4981; baseline 0.003 -13"><span class='ocrx_word' id='word_1_655' title='bbox 528 4914 765 4968; x_wconf 76' lang='lat' dir='ltr'><strong>Fuerunt</strong></span> <span class='ocrx_word' id='word_1_656' title='bbox 820 4917 982 4967; x_wconf 85' lang='lat' dir='ltr'><strong>etiam</strong></span> <span class='ocrx_word' id='word_1_657' title='bbox 1028 4914 1149 4967; x_wconf 67' lang='lat' dir='ltr'><strong>Idaei</strong></span> <span class='ocrx_word' id='word_1_658' title='bbox 1195 4912 1344 4969; x_wconf 76' lang='lat' dir='ltr'><strong>Jovis</strong></span> <span class='ocrx_word' id='word_1_659' title='bbox 1394 4918 1669 4981; x_wconf 70' lang='lat' dir='ltr'><strong>propheta:</strong></span> <span class='ocrx_word' id='word_1_660' title='bbox 1716 4917 1766 4968; x_wconf 92' lang='lat' dir='ltr'><strong>in</strong></span> <span class='ocrx_word' id='word_1_661' title='bbox 1809 4912 1994 4978; x_wconf 82' lang='lat' dir='ltr'><strong>Creta,</strong></span> <span class='ocrx_word' id='word_1_662' title='bbox 2029 4919 2097 4972; x_wconf 83' lang='lat' dir='ltr'><strong>de</strong></span> 
     </span>
    </p>
   </div>
   <div class='ocr_carea' id='block_1_91' title="bbox 523 4984 2097 5054">
    <p class='ocr_par' dir='ltr' id='par_1_91' title="bbox 523 4984 2097 5054">
     <span class='ocr_line' id='line_1_91' title="bbox 523 4984 2097 5054; baseline 0.001 -16"><span class='ocrx_word' id='word_1_663' title='bbox 523 4986 723 5053; x_wconf 88' lang='lat' dir='ltr'><strong>quibus</strong></span> <span class='ocrx_word' id='word_1_664' title='bbox 746 4984 1076 5054; x_wconf 84' lang='lat' dir='ltr'><strong>Porphyrius</strong></span> <span class='ocrx_word' id='word_1_665' title='bbox 1102 4985 1165 5054; x_wconf 5' lang='lat' dir='ltr'><strong>in,</strong></span> <span class='ocrx_word' id='word_1_666' title='bbox 1190 4984 1331 5040; x_wconf 90' lang='lat' dir='ltr'><strong>libro</strong></span> <span class='ocrx_word' id='word_1_667' title='bbox 1365 5000 1428 5038; x_wconf 85' lang='grc' dir='ltr'><strong>ιιι</strong></span> <span class='ocrx_word' id='word_1_668' title='bbox 1467 4984 1541 5037; x_wconf 87' lang='lat' dir='ltr'><strong>De</strong></span> <span class='ocrx_word' id='word_1_669' title='bbox 1564 4986 1903 5039; x_wconf 79' lang='lat' dir='ltr'><strong>abstinentia.</strong></span> <span class='ocrx_word' id='word_1_670' title='bbox 1924 4986 2097 5041; x_wconf 90' lang='lat' dir='ltr'><strong>Porro</strong></span> 
     </span>
    </p>
   </div>
   <div class='ocr_carea' id='block_1_92' title="bbox 523 5053 2097 5123">
    <p class='ocr_par' dir='ltr' id='par_1_92' title="bbox 523 5053 2097 5123">
     <span class='ocr_line' id='line_1_92' title="bbox 523 5053 2097 5123; baseline 0.002 -16"><span class='ocrx_word' id='word_1_671' title='bbox 523 5058 592 5108; x_wconf 89' lang='lat' dir='ltr'><strong>de</strong></span> <span class='ocrx_word' id='word_1_672' title='bbox 625 5056 904 5123; x_wconf 85' lang='lat' dir='ltr'><strong>prophetis</strong></span> <span class='ocrx_word' id='word_1_673' title='bbox 929 5053 1171 5107; x_wconf 29' lang='lat' dir='ltr'><strong>’Antinoi</strong></span> <span class='ocrx_word' id='word_1_674' title='bbox 1211 5056 1281 5109; x_wconf 83' lang='lat' dir='ltr'><strong>ab</strong></span> <span class='ocrx_word' id='word_1_675' title='bbox 1320 5056 1561 5108; x_wconf 84' lang='lat' dir='ltr'><strong>Adriano</strong></span> <span class='ocrx_word' id='word_1_676' title='bbox 1594 5056 1856 5110; x_wconf 90' lang='lat' dir='ltr'><strong>institutis</strong></span> <span class='ocrx_word' id='word_1_677' title='bbox 1892 5055 2097 5110; x_wconf 86' lang='lat' dir='ltr'><strong>mentio</strong></span> 
     </span>
    </p>
   </div>
   <div class='ocr_carea' id='block_1_93' title="bbox 521 5123 2096 5195">
    <p class='ocr_par' dir='ltr' id='par_1_93' title="bbox 521 5123 2096 5195">
     <span class='ocr_line' id='line_1_93' title="bbox 521 5123 2096 5195; baseline 0.001 -16"><span class='ocrx_word' id='word_1_678' title='bbox 521 5125 701 5195; x_wconf 72' lang='lat' dir='ltr'><strong>estin</strong></span> <span class='ocrx_word' id='word_1_679' title='bbox 733 5125 899 5195; x_wconf 89' lang='lat' dir='ltr'><strong>veteri</strong></span> <span class='ocrx_word' id='word_1_680' title='bbox 935 5124 1289 5195; x_wconf 79' lang='lat' dir='ltr'><strong>inscriptione</strong></span> <span class='ocrx_word' id='word_1_681' title='bbox 1334 5123 1522 5179; x_wconf 64' lang='lat' dir='ltr'><strong>Graeca</strong></span> <span class='ocrx_word' id='word_1_682' title='bbox 1560 5141 1723 5195; x_wconf 85' lang='lat' dir='ltr'><strong>quam</strong></span> <span class='ocrx_word' id='word_1_683' title='bbox 1773 5127 1965 5180; x_wconf 83' lang='lat' dir='ltr'><strong>citavit</strong></span> <span class='ocrx_word' id='word_1_684' title='bbox 1993 5125 2096 5180; x_wconf 83' lang='lat' dir='ltr'><strong>Ca—</strong></span> 
     </span>
    </p>
   </div>
   <div class='ocr_carea' id='block_1_94' title="bbox 521 5193 2093 5262">
    <p class='ocr_par' dir='ltr' id='par_1_94' title="bbox 521 5193 2093 5262">
     <span class='ocr_line' id='line_1_94' title="bbox 521 5193 2093 5262; baseline -0.001 -12"><span class='ocrx_word' id='word_1_685' title='bbox 521 5194 798 5250; x_wconf 82' lang='lat' dir='ltr'><strong>saubonus</strong></span> <span class='ocrx_word' id='word_1_686' title='bbox 824 5194 875 5246; x_wconf 92' lang='lat' dir='ltr'><strong>iu</strong></span> <span class='ocrx_word' id='word_1_687' title='bbox 901 5194 1041 5247; x_wconf 91' lang='lat' dir='ltr'><strong>notis</strong></span> <span class='ocrx_word' id='word_1_688' title='bbox 1077 5194 1145 5247; x_wconf 90' lang='lat' dir='ltr'><strong>ad</strong></span> <span class='ocrx_word' id='word_1_689' title='bbox 1173 5193 1539 5262; x_wconf 88' lang='lat' dir='ltr'><strong>Spartianum.</strong></span> <span class='ocrx_word' id='word_1_690' title='bbox 1568 5193 1717 5249; x_wconf 71' lang='lat' dir='ltr'><strong>Adde</strong></span> <span class='ocrx_word' id='word_1_691' title='bbox 1748 5197 1835 5250; x_wconf 87' lang='lat' dir='ltr'><strong>hic</strong></span> <span class='ocrx_word' id='word_1_692' title='bbox 1860 5205 2093 5251; x_wconf 88' lang='lat' dir='ltr'><strong>veterem</strong></span> 
     </span>
    </p>
   </div>
   <div class='ocr_carea' id='block_1_95' title="bbox 523 5263 2094 5336">
    <p class='ocr_par' dir='ltr' id='par_1_95' title="bbox 523 5263 2094 5336">
     <span class='ocr_line' id='line_1_95' title="bbox 523 5263 2094 5336; baseline 0.001 -20"><span class='ocrx_word' id='word_1_693' title='bbox 523 5263 932 5336; x_wconf 54' lang='lat' dir='ltr'><strong>inscriptionem</strong></span> <span class='ocrx_word' id='word_1_694' title='bbox 960 5279 1119 5336; x_wconf 62' lang='lat' dir='ltr'><strong>quam</strong></span> <span class='ocrx_word' id='word_1_695' title='bbox 1163 5266 1329 5318; x_wconf 84' lang='lat' dir='ltr'><strong>refert</strong></span> <span class='ocrx_word' id='word_1_696' title='bbox 1363 5264 1635 5320; x_wconf 84' lang='lat' dir='ltr'><strong>Gruterus</strong></span> <span class='ocrx_word' id='word_1_697' title='bbox 1666 5280 1790 5336; x_wconf 84' lang='lat' dir='ltr'><strong>pag.</strong></span> <span class='ocrx_word' id='word_1_698' title='bbox 1822 5266 1957 5336; x_wconf 74' lang='lat' dir='ltr'><strong>3M,</strong></span> <span class='ocrx_word' id='word_1_699' title='bbox 2004 5266 2094 5319; x_wconf 90' lang='lat' dir='ltr'><strong>ubi</strong></span> 
     </span>
    </p>
   </div>
   <div class='ocr_carea' id='block_1_96' title="bbox 523 5331 2097 5407">
    <p class='ocr_par' dir='ltr' id='par_1_96' title="bbox 523 5331 2097 5407">
     <span class='ocr_line' id='line_1_96' title="bbox 523 5331 2097 5407; baseline 0 -18"><span class='ocrx_word' id='word_1_700' title='bbox 523 5331 721 5389; x_wconf 77' lang='lat' dir='ltr'><strong>Embes</strong></span> <span class='ocrx_word' id='word_1_701' title='bbox 752 5331 1292 5407; x_wconf 11' lang='lat' dir='ltr'><strong>quidam‘Egyptius</strong></span> <span class='ocrx_word' id='word_1_702' title='bbox 1322 5335 1608 5407; x_wconf 81' lang='grc' dir='ltr'>προφήτης</span> <span class='ocrx_word' id='word_1_703' title='bbox 1657 5331 1876 5397; x_wconf 78' lang='lat' dir='ltr'><strong>dicitur,</strong></span> <span class='ocrx_word' id='word_1_704' title='bbox 1900 5335 1961 5407; x_wconf 86' lang='lat' dir='ltr'><strong>id</strong></span> <span class='ocrx_word' id='word_1_705' title='bbox 2010 5343 2097 5389; x_wconf 85' lang='lat' dir='ltr'><strong>est</strong></span> 
     </span>
    </p>
   </div>
   <div class='ocr_carea' id='block_1_97' title="bbox 521 5405 2098 5472">
    <p class='ocr_par' dir='ltr' id='par_1_97' title="bbox 521 5405 2098 5472">
     <span class='ocr_line' id='line_1_97' title="bbox 521 5405 2098 5472; baseline -0.001 -12"><span class='ocrx_word' id='word_1_706' title='bbox 521 5408 777 5461; x_wconf 80' lang='lat' dir='ltr'><strong>sacerdos</strong></span> <span class='ocrx_word' id='word_1_707' title='bbox 808 5405 1106 5472; x_wconf 84' lang='lat' dir='ltr'><strong>Serapidis.</strong></span> <span class='ocrx_word' id='word_1_708' title='bbox 1154 5408 1335 5470; x_wconf 68' lang='lat' dir='ltr'><strong>Quare</strong></span> <span class='ocrx_word' id='word_1_709' title='bbox 1368 5405 1501 5460; x_wconf 41' lang='lat' dir='ltr'><strong>&#39;non’</strong></span> <span class='ocrx_word' id='word_1_710' title='bbox 1523 5411 1721 5459; x_wconf 89' lang='lat' dir='ltr'><strong>mirum</strong></span> <span class='ocrx_word' id='word_1_711' title='bbox 1760 5414 1843 5458; x_wconf 86' lang='lat' dir='ltr'><strong>est</strong></span> <span class='ocrx_word' id='word_1_712' title='bbox 1866 5405 1910 5458; x_wconf 89' lang='lat' dir='ltr'><strong>si</strong></span> <span class='ocrx_word' id='word_1_713' title='bbox 1942 5406 2098 5458; x_wconf 83' lang='lat' dir='ltr'><strong>Anti-</strong></span> 
     </span>
    </p>
   </div>
   <div class='ocr_carea' id='block_1_98' title="bbox 523 5475 2092 5545">
    <p class='ocr_par' dir='ltr' id='par_1_98' title="bbox 523 5475 2092 5545">
     <span class='ocr_line' id='line_1_98' title="bbox 523 5475 2092 5545; baseline 0 -17"><span class='ocrx_word' id='word_1_714' title='bbox 523 5489 658 5528; x_wconf 89' lang='lat' dir='ltr'><strong>nous</strong></span> <span class='ocrx_word' id='word_1_715' title='bbox 714 5477 782 5530; x_wconf 85' lang='lat' dir='ltr'><strong>ab</strong></span> <span class='ocrx_word' id='word_1_716' title='bbox 832 5475 1093 5545; x_wconf 69' lang='lat' dir='ltr'><strong>Adriano</strong></span> <span class='ocrx_word' id='word_1_717' title='bbox 1128 5486 1497 5545; x_wconf 85' lang='lat' dir='ltr'><strong>consecratus</strong></span> <span class='ocrx_word' id='word_1_718' title='bbox 1544 5477 1836 5545; x_wconf 88' lang='lat' dir='ltr'><strong>prophetas</strong></span> <span class='ocrx_word' id='word_1_719' title='bbox 1883 5476 2092 5539; x_wconf 87' lang='lat' dir='ltr'><strong>habuit,</strong></span> 
     </span>
    </p>
   </div>
   <div class='ocr_carea' id='block_1_99' title="bbox 520 5544 2096 5613">
    <p class='ocr_par' dir='ltr' id='par_1_99' title="bbox 520 5544 2096 5613">
     <span class='ocr_line' id='line_1_99' title="bbox 520 5544 2096 5613; baseline 0.001 -18"><span class='ocrx_word' id='word_1_720' title='bbox 520 5546 718 5613; x_wconf 81' lang='lat' dir='ltr'><strong>quippe</strong></span> <span class='ocrx_word' id='word_1_721' title='bbox 762 5559 883 5613; x_wconf 78' lang='lat' dir='ltr'><strong>cum</strong></span> <span class='ocrx_word' id='word_1_722' title='bbox 916 5546 984 5598; x_wconf 86' lang='lat' dir='ltr'><strong>ab</strong></span> <span class='ocrx_word' id='word_1_723' title='bbox 1032 5544 1301 5613; x_wconf 64' lang='lat' dir='ltr'><strong>Egyptiis</strong></span> <span class='ocrx_word' id='word_1_724' title='bbox 1341 5544 1612 5611; x_wconf 72' lang='lat' dir='ltr'><strong>praecipue</strong></span> <span class='ocrx_word' id='word_1_725' title='bbox 1648 5544 1940 5600; x_wconf 70' lang='lat' dir='ltr'><strong>Coleretur.</strong></span> <span class='ocrx_word' id='word_1_726' title='bbox 1983 5545 2096 5598; x_wconf 81' lang='lat' dir='ltr'><strong>Cur</strong></span> 
     </span>
    </p>
   </div>
   <div class='ocr_carea' id='block_1_100' title="bbox 521 5612 2093 5684">
    <p class='ocr_par' dir='ltr' id='par_1_100' title="bbox 521 5612 2093 5684">
     <span class='ocr_line' id='line_1_100' title="bbox 521 5612 2093 5684; baseline 0.004 -22"><span class='ocrx_word' id='word_1_727' title='bbox 521 5612 701 5684; x_wconf 75' lang='lat' dir='ltr'><strong>autem</strong></span> <span class='ocrx_word' id='word_1_728' title='bbox 743 5612 984 5684; x_wconf 64' lang='lat' dir='ltr'><strong>Egyptii</strong></span> <span class='ocrx_word' id='word_1_729' title='bbox 1011 5612 1304 5683; x_wconf 73' lang='lat' dir='ltr'><strong>prophetas</strong></span> <span class='ocrx_word' id='word_1_730' title='bbox 1344 5625 1597 5668; x_wconf 85' lang='lat' dir='ltr'><strong>vocarent</strong></span> <span class='ocrx_word' id='word_1_731' title='bbox 1625 5616 1899 5669; x_wconf 84' lang='lat' dir='ltr'><strong>antistites</strong></span> <span class='ocrx_word' id='word_1_732' title='bbox 1944 5629 2093 5684; x_wconf 88' lang='lat' dir='ltr'><strong>suos,</strong></span> 
     </span>
    </p>
   </div>
   <div class='ocr_carea' id='block_1_101' title="bbox 536 5682 2095 5752">
    <p class='ocr_par' dir='ltr' id='par_1_101' title="bbox 536 5682 2095 5752">
     <span class='ocr_line' id='line_1_101' title="bbox 536 5682 2095 5752; baseline 0.001 -17"><span class='ocrx_word' id='word_1_733' title='bbox 536 5682 651 5735; x_wconf 64' lang='lat' dir='ltr'><strong>haec</strong></span> <span class='ocrx_word' id='word_1_734' title='bbox 676 5685 805 5737; x_wconf 83' lang='lat' dir='ltr'><strong>mihi</strong></span> <span class='ocrx_word' id='word_1_735' title='bbox 824 5682 1159 5738; x_wconf 44' lang='lat' dir='ltr'><strong>“eausa&#39;esse</strong></span> <span class='ocrx_word' id='word_1_736' title='bbox 1189 5684 1416 5747; x_wconf 87' lang='lat' dir='ltr'><strong>videtur,</strong></span> <span class='ocrx_word' id='word_1_737' title='bbox 1445 5685 1589 5752; x_wconf 84' lang='lat' dir='ltr'><strong>quod</strong></span> <span class='ocrx_word' id='word_1_738' title='bbox 1619 5698 1815 5738; x_wconf 88' lang='lat' dir='ltr'><strong>arcana</strong></span> <span class='ocrx_word' id='word_1_739' title='bbox 1845 5683 2095 5752; x_wconf 65' lang='lat' dir='ltr'><strong>quaedam</strong></span> 
     </span>
    </p>
   </div>
   <div class='ocr_carea' id='block_1_102' title="bbox 523 5752 2095 5824">
    <p class='ocr_par' dir='ltr' id='par_1_102' title="bbox 523 5752 2095 5824">
     <span class='ocr_line' id='line_1_102' title="bbox 523 5752 2095 5824; baseline 0.002 -19"><span class='ocrx_word' id='word_1_740' title='bbox 523 5765 676 5805; x_wconf 76' lang='lat' dir='ltr'><strong>sacra</strong></span> <span class='ocrx_word' id='word_1_741' title='bbox 706 5767 770 5806; x_wconf 84' lang='lat' dir='ltr'><strong>ac</strong></span> <span class='ocrx_word' id='word_1_742' title='bbox 804 5754 1062 5823; x_wconf 81' lang='lat' dir='ltr'><strong>mysteria</strong></span> <span class='ocrx_word' id='word_1_743' title='bbox 1094 5754 1161 5808; x_wconf 90' lang='lat' dir='ltr'><strong>ab</strong></span> <span class='ocrx_word' id='word_1_744' title='bbox 1209 5753 1275 5808; x_wconf 89' lang='lat' dir='ltr'><strong>iis</strong></span> <span class='ocrx_word' id='word_1_745' title='bbox 1305 5754 1442 5809; x_wconf 83' lang='lat' dir='ltr'><strong>tradi</strong></span> <span class='ocrx_word' id='word_1_746' title='bbox 1467 5754 1771 5811; x_wconf 82' lang='lat' dir='ltr'><strong>crederent.</strong></span> <span class='ocrx_word' id='word_1_747' title='bbox 1810 5752 2095 5824; x_wconf 62' lang='lat' dir='ltr'><strong>Propheta</strong></span> 
     </span>
    </p>
   </div>
   <div class='ocr_carea' id='block_1_103' title="bbox 2195 3236 3775 3309">
    <p class='ocr_par' dir='ltr' id='par_1_103' title="bbox 2195 3236 3775 3309">
     <span class='ocr_line' id='line_1_103' title="bbox 2195 3236 3775 3309; baseline 0.001 -17"><span class='ocrx_word' id='word_1_748' title='bbox 2195 3236 2343 3307; x_wconf 80' lang='grc' dir='ltr'>αὐτῷ</span> <span class='ocrx_word' id='word_1_749' title='bbox 2370 3236 2457 3290; x_wconf 73' lang='grc' dir='ltr'>διὰ</span> <span class='ocrx_word' id='word_1_750' title='bbox 2501 3236 2960 3307; x_wconf 76' lang='grc' dir='ltr'>ἔτουςπὲμπτου.</span> <span class='ocrx_word' id='word_1_751' title='bbox 2986 3239 3148 3291; x_wconf 87' lang='lat' dir='ltr'><strong>Id&#39;est</strong></span> <span class='ocrx_word' id='word_1_752' title='bbox 3180 3258 3192 3292; x_wconf 92' lang='lat'><strong>:</strong></span> <span class='ocrx_word' id='word_1_753' title='bbox 3227 3237 3296 3290; x_wconf 85' lang='lat' dir='ltr'><strong>Et</strong></span> <span class='ocrx_word' id='word_1_754' title='bbox 3337 3236 3585 3309; x_wconf 79' lang='lat' dir='ltr'><strong>mysteria</strong></span> <span class='ocrx_word' id='word_1_755' title='bbox 3619 3251 3775 3309; x_wconf 79' lang='lat' dir='ltr'><strong>quot-</strong></span> 
     </span>
    </p>
   </div>
   <div class='ocr_carea' id='block_1_104' title="bbox 2194 3309 3778 3378">
    <p class='ocr_par' dir='ltr' id='par_1_104' title="bbox 2194 3309 3778 3378">
     <span class='ocr_line' id='line_1_104' title="bbox 2194 3309 3778 3378; baseline 0.001 -17"><span class='ocrx_word' id='word_1_756' title='bbox 2194 3313 2373 3371; x_wconf 87' lang='lat' dir='ltr'><strong>annis,</strong></span> <span class='ocrx_word' id='word_1_757' title='bbox 2409 3320 2455 3359; x_wconf 89' lang='lat' dir='ltr'><strong>et</strong></span> <span class='ocrx_word' id='word_1_758' title='bbox 2483 3309 2669 3373; x_wconf 85' lang='lat' dir='ltr'><strong>quinto</strong></span> <span class='ocrx_word' id='word_1_759' title='bbox 2705 3323 2909 3378; x_wconf 84' lang='lat' dir='ltr'><strong>quoque</strong></span> <span class='ocrx_word' id='word_1_760' title='bbox 2940 3325 3081 3362; x_wconf 87' lang='lat' dir='ltr'><strong>anno</strong></span> <span class='ocrx_word' id='word_1_761' title='bbox 3110 3312 3400 3363; x_wconf 86' lang='lat' dir='ltr'><strong>certamina</strong></span> <span class='ocrx_word' id='word_1_762' title='bbox 3434 3311 3490 3363; x_wconf 82' lang='lat' dir='ltr'><strong>in</strong></span> <span class='ocrx_word' id='word_1_763' title='bbox 3525 3311 3778 3364; x_wconf 74' lang='lat' dir='ltr'><strong>honorent</strong></span> 
     </span>
    </p>
   </div>
   <div class='ocr_carea' id='block_1_105' title="bbox 2193 3379 2685 3447">
    <p class='ocr_par' dir='ltr' id='par_1_105' title="bbox 2193 3379 2685 3447">
     <span class='ocr_line' id='line_1_105' title="bbox 2193 3379 2685 3447; baseline -0.006 -15"><span class='ocrx_word' id='word_1_764' title='bbox 2193 3379 2311 3447; x_wconf 85' lang='lat' dir='ltr'><strong>ejus</strong></span> <span class='ocrx_word' id='word_1_765' title='bbox 2335 3379 2685 3447; x_wconf 77' lang='lat' dir='ltr'><strong>celebrantur.</strong></span> 
     </span>
    </p>
   </div>
   <div class='ocr_carea' id='block_1_106' title="bbox 2268 3446 3774 3518">
    <p class='ocr_par' dir='ltr' id='par_1_106' title="bbox 2268 3446 3774 3518">
     <span class='ocr_line' id='line_1_106' title="bbox 2268 3446 3774 3518; baseline 0.002 -18"><span class='ocrx_word' id='word_1_766' title='bbox 2268 3446 2378 3518; x_wconf 85' lang='lat' dir='ltr'><strong>(I7)</strong></span> <span class='ocrx_word' id='word_1_767' title='bbox 2396 3448 2580 3518; x_wconf 34' lang='lat' dir='ltr'><strong>AKatft</strong></span> <span class='ocrx_word' id='word_1_768' title='bbox 2602 3446 2817 3518; x_wconf 76' lang='grc' dir='ltr'>τοῦτον</span> <span class='ocrx_word' id='word_1_769' title='bbox 2841 3446 2911 3518; x_wconf 81' lang='grc' dir='ltr'>δὲ</span> <span class='ocrx_word' id='word_1_770' title='bbox 2935 3447 3034 3518; x_wconf 71' lang='grc' dir='ltr'>καὶ</span> <span class='ocrx_word' id='word_1_771' title='bbox 3073 3446 3423 3518; x_wconf 70' lang='grc' dir='ltr'>Ἰουστῖνος.</span> <span class='ocrx_word' id='word_1_772' title='bbox 3446 3446 3522 3501; x_wconf 83' lang='lat' dir='ltr'><strong>Ita</strong></span> <span class='ocrx_word' id='word_1_773' title='bbox 3559 3448 3774 3518; x_wconf 87' lang='lat' dir='ltr'><strong>quidem</strong></span> 
     </span>
    </p>
   </div>
   <div class='ocr_carea' id='block_1_107' title="bbox 2195 3516 3779 3581">
    <p class='ocr_par' dir='ltr' id='par_1_107' title="bbox 2195 3516 3779 3581">
     <span class='ocr_line' id='line_1_107' title="bbox 2195 3516 3779 3581; baseline 0.001 -9"><span class='ocrx_word' id='word_1_774' title='bbox 2195 3516 2367 3573; x_wconf 64' lang='lat' dir='ltr'><strong>codex</strong></span> <span class='ocrx_word' id='word_1_775' title='bbox 2391 3516 2608 3581; x_wconf 81' lang='lat' dir='ltr'><strong>Regius.</strong></span> <span class='ocrx_word' id='word_1_776' title='bbox 2637 3517 2832 3570; x_wconf 87' lang='lat' dir='ltr'><strong>Verum</strong></span> <span class='ocrx_word' id='word_1_777' title='bbox 2858 3517 2910 3570; x_wconf 94' lang='lat' dir='ltr'><strong>in</strong></span> <span class='ocrx_word' id='word_1_778' title='bbox 2932 3517 3206 3581; x_wconf 66' lang='lat' dir='ltr'><strong>Medicteo,</strong></span> <span class='ocrx_word' id='word_1_779' title='bbox 3244 3517 3381 3573; x_wconf 87' lang='lat' dir='ltr'><strong>Fuk.</strong></span> <span class='ocrx_word' id='word_1_780' title='bbox 3413 3528 3469 3573; x_wconf 90' lang='lat' dir='ltr'><strong>et</strong></span> <span class='ocrx_word' id='word_1_781' title='bbox 3495 3516 3664 3573; x_wconf 77' lang='lat' dir='ltr'><strong>Savil.</strong></span> <span class='ocrx_word' id='word_1_782' title='bbox 3708 3522 3779 3573; x_wconf 85' lang='lat' dir='ltr'><strong>le-</strong></span> 
     </span>
    </p>
   </div>
   <div class='ocr_carea' id='block_1_108' title="bbox 2199 3586 3779 3657">
    <p class='ocr_par' dir='ltr' id='par_1_108' title="bbox 2199 3586 3779 3657">
     <span class='ocr_line' id='line_1_108' title="bbox 2199 3586 3779 3657; baseline 0.003 -19"><span class='ocrx_word' id='word_1_783' title='bbox 2199 3590 2344 3657; x_wconf 89' lang='lat' dir='ltr'><strong>gitur</strong></span> <span class='ocrx_word' id='word_1_784' title='bbox 2382 3588 2503 3657; x_wconf 64' lang='grc' dir='ltr'>κατῖ</span> <span class='ocrx_word' id='word_1_785' title='bbox 2533 3587 2696 3639; x_wconf 84' lang='grc' dir='ltr'>αὐτὸν</span> <span class='ocrx_word' id='word_1_786' title='bbox 2728 3586 2810 3657; x_wconf 82' lang='grc' dir='ltr'>δέ,</span> <span class='ocrx_word' id='word_1_787' title='bbox 2862 3597 2970 3641; x_wconf 92' lang='lat' dir='ltr'><strong>etc.</strong></span> <span class='ocrx_word' id='word_1_788' title='bbox 3026 3587 3209 3642; x_wconf 79' lang='lat' dir='ltr'><strong>Codex</strong></span> <span class='ocrx_word' id='word_1_789' title='bbox 3257 3599 3437 3643; x_wconf 89' lang='lat' dir='ltr'><strong>autem</strong></span> <span class='ocrx_word' id='word_1_790' title='bbox 3468 3588 3779 3644; x_wconf 75' lang='lat' dir='ltr'><strong>Mazarinus</strong></span> 
     </span>
    </p>
   </div>
   <div class='ocr_carea' id='block_1_109' title="bbox 2196 3656 3773 3731">
    <p class='ocr_par' dir='ltr' id='par_1_109' title="bbox 2196 3656 3773 3731">
     <span class='ocr_line' id='line_1_109' title="bbox 2196 3656 3773 3731; baseline 0.003 -22"><span class='ocrx_word' id='word_1_791' title='bbox 2196 3656 2456 3731; x_wconf 75' lang='lat' dir='ltr'><strong>scriptum</strong></span> <span class='ocrx_word' id='word_1_792' title='bbox 2494 3656 2654 3731; x_wconf 79' lang='lat' dir='ltr'><strong>habet</strong></span> <span class='ocrx_word' id='word_1_793' title='bbox 2685 3656 3045 3731; x_wconf 48' lang='lat' dir='ltr'><strong>statuenda-ev</strong></span> <span class='ocrx_word' id='word_1_794' title='bbox 3069 3658 3149 3731; x_wconf 76' lang='grc' dir='ltr'>δέ,</span> <span class='ocrx_word' id='word_1_795' title='bbox 3185 3661 3422 3711; x_wconf 78' lang='lat' dir='ltr'><strong>secunda</strong></span> <span class='ocrx_word' id='word_1_796' title='bbox 3458 3669 3638 3731; x_wconf 82' lang='lat' dir='ltr'><strong>tamen</strong></span> <span class='ocrx_word' id='word_1_797' title='bbox 3670 3661 3773 3731; x_wconf 84' lang='lat' dir='ltr'><strong>syl-</strong></span> 
     </span>
    </p>
   </div>
   <div class='ocr_carea' id='block_1_110' title="bbox 2197 3727 3779 3797">
    <p class='ocr_par' dir='ltr' id='par_1_110' title="bbox 2197 3727 3779 3797">
     <span class='ocr_line' id='line_1_110' title="bbox 2197 3727 3779 3797; baseline 0.003 -19"><span class='ocrx_word' id='word_1_798' title='bbox 2197 3727 2315 3779; x_wconf 85' lang='lat' dir='ltr'><strong>laba</strong></span> <span class='ocrx_word' id='word_1_799' title='bbox 2345 3727 2741 3797; x_wconf 66' lang='lat' dir='ltr'><strong>praapositionis</strong></span> <span class='ocrx_word' id='word_1_800' title='bbox 2767 3727 2939 3780; x_wconf 90' lang='lat' dir='ltr'><strong>tribus</strong></span> <span class='ocrx_word' id='word_1_801' title='bbox 2963 3729 3179 3797; x_wconf 86' lang='lat' dir='ltr'><strong>punctis</strong></span> <span class='ocrx_word' id='word_1_802' title='bbox 3201 3729 3556 3797; x_wconf 80' lang='lat' dir='ltr'><strong>superpositis</strong></span> <span class='ocrx_word' id='word_1_803' title='bbox 3594 3727 3779 3783; x_wconf 77' lang='lat' dir='ltr'><strong>notata</strong></span> 
     </span>
    </p>
   </div>
   <div class='ocr_carea' id='block_1_111' title="bbox 2196 3796 3779 3866">
    <p class='ocr_par' dir='ltr' id='par_1_111' title="bbox 2196 3796 3779 3866">
     <span class='ocr_line' id='line_1_111' title="bbox 2196 3796 3779 3866; baseline 0.003 -16"><span class='ocrx_word' id='word_1_804' title='bbox 2196 3805 2302 3859; x_wconf 88' lang='lat' dir='ltr'><strong>est,</strong></span> <span class='ocrx_word' id='word_1_805' title='bbox 2346 3812 2453 3866; x_wconf 90' lang='lat' dir='ltr'><strong>quo</strong></span> <span class='ocrx_word' id='word_1_806' title='bbox 2494 3796 2847 3866; x_wconf 78' lang='lat' dir='ltr'><strong>signiﬁcatur</strong></span> <span class='ocrx_word' id='word_1_807' title='bbox 2875 3812 2994 3849; x_wconf 85' lang='lat' dir='ltr'><strong>eam</strong></span> <span class='ocrx_word' id='word_1_808' title='bbox 3029 3796 3311 3850; x_wconf 86' lang='lat' dir='ltr'><strong>delendam</strong></span> <span class='ocrx_word' id='word_1_809' title='bbox 3346 3813 3489 3852; x_wconf 91' lang='lat' dir='ltr'><strong>esse.</strong></span> <span class='ocrx_word' id='word_1_810' title='bbox 3539 3799 3664 3853; x_wconf 87' lang='lat' dir='ltr'><strong>Mihi</strong></span> <span class='ocrx_word' id='word_1_811' title='bbox 3698 3810 3779 3854; x_wconf 78' lang='lat' dir='ltr'><strong>ta-</strong></span> 
     </span>
    </p>
   </div>
   <div class='ocr_carea' id='block_1_112' title="bbox 2199 3865 3777 3934">
    <p class='ocr_par' dir='ltr' id='par_1_112' title="bbox 2199 3865 3777 3934">
     <span class='ocr_line' id='line_1_112' title="bbox 2199 3865 3777 3934; baseline 0.003 -16"><span class='ocrx_word' id='word_1_812' title='bbox 2199 3882 2320 3919; x_wconf 86' lang='lat' dir='ltr'><strong>men</strong></span> <span class='ocrx_word' id='word_1_813' title='bbox 2352 3865 2500 3920; x_wconf 73' lang='lat' dir='ltr'><strong>valde</strong></span> <span class='ocrx_word' id='word_1_814' title='bbox 2522 3868 2698 3934; x_wconf 86' lang='lat' dir='ltr'><strong>placet</strong></span> <span class='ocrx_word' id='word_1_815' title='bbox 2731 3882 2792 3919; x_wconf 86' lang='lat' dir='ltr'><strong>ea</strong></span> <span class='ocrx_word' id='word_1_816' title='bbox 2838 3865 3015 3919; x_wconf 87' lang='lat' dir='ltr'><strong>lectio.</strong></span> <span class='ocrx_word' id='word_1_817' title='bbox 3046 3866 3200 3919; x_wconf 81' lang='grc' dir='ltr'>Κατά</span> <span class='ocrx_word' id='word_1_818' title='bbox 3229 3866 3425 3920; x_wconf 82' lang='grc' dir='ltr'>ταύτόν</span> <span class='ocrx_word' id='word_1_819' title='bbox 3457 3867 3602 3921; x_wconf 86' lang='lat' dir='ltr'><strong>enim</strong></span> <span class='ocrx_word' id='word_1_820' title='bbox 3636 3870 3777 3923; x_wconf 87' lang='lat' dir='ltr'><strong>idem</strong></span> 
     </span>
    </p>
   </div>
   <div class='ocr_carea' id='block_1_113' title="bbox 2196 3934 3167 4005">
    <p class='ocr_par' dir='ltr' id='par_1_113' title="bbox 2196 3934 3167 4005">
     <span class='ocr_line' id='line_1_113' title="bbox 2196 3934 3167 4005; baseline -0.004 -14"><span class='ocrx_word' id='word_1_821' title='bbox 2196 3947 2279 3991; x_wconf 88' lang='lat' dir='ltr'><strong>est</strong></span> <span class='ocrx_word' id='word_1_822' title='bbox 2308 3952 2371 4005; x_wconf 82' lang='lat' dir='ltr'><strong>ac</strong></span> <span class='ocrx_word' id='word_1_823' title='bbox 2399 3940 2541 3988; x_wconf 62' lang='lat' dir='ltr'><strong>nasi</strong></span> <span class='ocrx_word' id='word_1_824' title='bbox 2578 3935 2639 4005; x_wconf 70' lang='grc' dir='ltr'><strong>τὸ</strong></span> <span class='ocrx_word' id='word_1_825' title='bbox 2670 3936 2803 3989; x_wconf 79' lang='grc' dir='ltr'>αὐτὸ</span> <span class='ocrx_word' id='word_1_826' title='bbox 2829 3934 2923 3987; x_wconf 81' lang='grc' dir='ltr'>τοῦ</span> <span class='ocrx_word' id='word_1_827' title='bbox 2952 3934 3167 4005; x_wconf 82' lang='grc' dir='ltr'>καιροῦ.</span> 
     </span>
    </p>
   </div>
   <div class='ocr_carea' id='block_1_114' title="bbox 2269 4002 3772 4076">
    <p class='ocr_par' dir='ltr' id='par_1_114' title="bbox 2269 4002 3772 4076">
     <span class='ocr_line' id='line_1_114' title="bbox 2269 4002 3772 4076; baseline 0.003 -19"><span class='ocrx_word' id='word_1_828' title='bbox 2269 4002 2379 4076; x_wconf 61' lang='grc'>(18⁷)</span> <span class='ocrx_word' id='word_1_829' title='bbox 2409 4005 2508 4058; x_wconf 77' lang='grc' dir='ltr'><strong>Ἐν</strong></span> <span class='ocrx_word' id='word_1_830' title='bbox 2538 4003 2617 4069; x_wconf 85' lang='grc' dir='ltr'>τῷ</span> <span class='ocrx_word' id='word_1_831' title='bbox 2658 4005 2776 4058; x_wconf 79' lang='grc' dir='ltr'><strong>νῦν</strong></span> <span class='ocrx_word' id='word_1_832' title='bbox 2816 4002 3115 4073; x_wconf 54' lang='grc' dir='ltr'>γενομένῳ</span> <span class='ocrx_word' id='word_1_833' title='bbox 3132 4002 3471 4076; x_wconf 29' lang='grc' dir='ltr'><strong>Α’Ῑουδατκῷ</strong></span> <span class='ocrx_word' id='word_1_834' title='bbox 3511 4003 3772 4073; x_wconf 67' lang='grc' dir='ltr'>πολέμῳ.</span> 
     </span>
    </p>
   </div>
   <div class='ocr_carea' id='block_1_115' title="bbox 2199 4074 3774 4140">
    <p class='ocr_par' dir='ltr' id='par_1_115' title="bbox 2199 4074 3774 4140">
     <span class='ocr_line' id='line_1_115' title="bbox 2199 4074 3774 4140; baseline -0.001 -12"><span class='ocrx_word' id='word_1_835' title='bbox 2199 4074 2336 4129; x_wconf 78' lang='lat' dir='ltr'><strong>Male</strong></span> <span class='ocrx_word' id='word_1_836' title='bbox 2362 4074 2590 4129; x_wconf 57' lang='lat' dir='ltr'><strong>&#39;ttulinus</strong></span> <span class='ocrx_word' id='word_1_837' title='bbox 2613 4090 2845 4140; x_wconf 79' lang='lat' dir='ltr'><strong>eitnique</strong></span> <span class='ocrx_word' id='word_1_838' title='bbox 2867 4083 3085 4127; x_wconf 91' lang='lat' dir='ltr'><strong>secutus</strong></span> <span class='ocrx_word' id='word_1_839' title='bbox 3117 4074 3644 4140; x_wconf 80' lang='lat' dir='ltr'><strong>Cltristophorsonus</strong></span> <span class='ocrx_word' id='word_1_840' title='bbox 3664 4090 3774 4127; x_wconf 88' lang='lat' dir='ltr'><strong>ver-</strong></span> 
     </span>
    </p>
   </div>
   <div class='ocr_carea' id='block_1_116' title="bbox 2152 4140 3779 4211">
    <p class='ocr_par' dir='ltr' id='par_1_116' title="bbox 2152 4140 3779 4211">
     <span class='ocr_line' id='line_1_116' title="bbox 2152 4140 3779 4211; baseline 0.005 -20"><span class='ocrx_word' id='word_1_841' title='bbox 2152 4160 2156 4165; x_wconf 86' lang='grc'><strong>-</strong></span> <span class='ocrx_word' id='word_1_842' title='bbox 2200 4156 2379 4199; x_wconf 75' lang='lat' dir='ltr'><strong>terunt</strong></span> <span class='ocrx_word' id='word_1_843' title='bbox 2431 4143 2499 4197; x_wconf 84' lang='lat' dir='ltr'><strong>In</strong></span> <span class='ocrx_word' id='word_1_844' title='bbox 2539 4146 2635 4196; x_wconf 86' lang='lat' dir='ltr'><strong>hoc</strong></span> <span class='ocrx_word' id='word_1_845' title='bbox 2671 4145 2811 4211; x_wconf 80' lang='lat' dir='ltr'><strong>quod</strong></span> <span class='ocrx_word' id='word_1_846' title='bbox 2840 4159 2978 4195; x_wconf 86' lang='lat' dir='ltr'><strong>nunc</strong></span> <span class='ocrx_word' id='word_1_847' title='bbox 3030 4144 3232 4210; x_wconf 83' lang='lat' dir='ltr'><strong>geritur</strong></span> <span class='ocrx_word' id='word_1_848' title='bbox 3257 4143 3389 4195; x_wconf 86' lang='lat' dir='ltr'><strong>bello</strong></span> <span class='ocrx_word' id='word_1_849' title='bbox 3432 4140 3686 4197; x_wconf 75' lang='lat' dir='ltr'><strong>Iudaico.</strong></span> <span class='ocrx_word' id='word_1_850' title='bbox 3717 4143 3779 4199; x_wconf 88' lang='lat' dir='ltr'><strong>In</strong></span> 
     </span>
    </p>
   </div>
   <div class='ocr_carea' id='block_1_117' title="bbox 2198 4211 3773 4283">
    <p class='ocr_par' dir='ltr' id='par_1_117' title="bbox 2198 4211 3773 4283">
     <span class='ocr_line' id='line_1_117' title="bbox 2198 4211 3773 4283; baseline -0.001 -14"><span class='ocrx_word' id='word_1_851' title='bbox 2198 4215 2387 4269; x_wconf 85' lang='lat' dir='ltr'><strong>eodem</strong></span> <span class='ocrx_word' id='word_1_852' title='bbox 2420 4229 2634 4283; x_wconf 89' lang='lat' dir='ltr'><strong>quoque</strong></span> <span class='ocrx_word' id='word_1_853' title='bbox 2672 4227 2861 4283; x_wconf 83' lang='lat' dir='ltr'><strong>errore</strong></span> <span class='ocrx_word' id='word_1_854' title='bbox 2905 4222 3150 4283; x_wconf 84' lang='lat' dir='ltr'><strong>versatus</strong></span> <span class='ocrx_word' id='word_1_855' title='bbox 3184 4211 3572 4283; x_wconf 85' lang='lat' dir='ltr'><strong>est_Scaliger,</strong></span> <span class='ocrx_word' id='word_1_856' title='bbox 3604 4221 3663 4265; x_wconf 93' lang='lat' dir='ltr'><strong>ut</strong></span> <span class='ocrx_word' id='word_1_857' title='bbox 3708 4227 3773 4267; x_wconf 76' lang='lat' dir='ltr'><strong>ex</strong></span> 
     </span>
    </p>
   </div>
   <div class='ocr_carea' id='block_1_118' title="bbox 2199 4280 3775 4351">
    <p class='ocr_par' dir='ltr' id='par_1_118' title="bbox 2199 4280 3775 4351">
     <span class='ocr_line' id='line_1_118' title="bbox 2199 4280 3775 4351; baseline -0.001 -13"><span class='ocrx_word' id='word_1_858' title='bbox 2199 4280 2524 4339; x_wconf 68' lang='lat' dir='ltr'><strong>Eusebiaiiis</strong></span> <span class='ocrx_word' id='word_1_859' title='bbox 2547 4280 2681 4349; x_wconf 56' lang='lat' dir='ltr'><strong>&#39;ejus</strong></span> <span class='ocrx_word' id='word_1_860' title='bbox 2706 4280 3282 4351; x_wconf 64' lang='lat' dir='ltr'><strong>Animadversionibus</strong></span> <span class='ocrx_word' id='word_1_861' title='bbox 3323 4280 3616 4351; x_wconf 83' lang='lat' dir='ltr'><strong>colligitur,</strong></span> <span class='ocrx_word' id='word_1_862' title='bbox 3650 4298 3775 4351; x_wconf 79' lang='lat' dir='ltr'><strong>pag.</strong></span> 
     </span>
    </p>
   </div>
   <div class='ocr_carea' id='block_1_119' title="bbox 2196 4346 3776 4421">
    <p class='ocr_par' dir='ltr' id='par_1_119' title="bbox 2196 4346 3776 4421">
     <span class='ocr_line' id='line_1_119' title="bbox 2196 4346 3776 4421; baseline -0.001 -14"><span class='ocrx_word' id='word_1_863' title='bbox 2196 4354 2322 4409; x_wconf 76' lang='lat'><strong>298.</strong></span> <span class='ocrx_word' id='word_1_864' title='bbox 2357 4353 2571 4406; x_wconf 85' lang='lat' dir='ltr'><strong>Putavit</strong></span> <span class='ocrx_word' id='word_1_865' title='bbox 2593 4346 2740 4406; x_wconf 82' lang='lat' dir='ltr'><strong>enim</strong></span> <span class='ocrx_word' id='word_1_866' title='bbox 2767 4351 2829 4402; x_wconf 88' lang='grc' dir='ltr'><strong>τὸ</strong></span> <span class='ocrx_word' id='word_1_867' title='bbox 2846 4346 3086 4404; x_wconf 74' lang='grc' dir='ltr'><strong>νῦνύίοἰ</strong></span> <span class='ocrx_word' id='word_1_868' title='bbox 3122 4365 3227 4403; x_wconf 92' lang='lat' dir='ltr'><strong>non</strong></span> <span class='ocrx_word' id='word_1_869' title='bbox 3270 4367 3429 4421; x_wconf 86' lang='lat' dir='ltr'><strong>posse</strong></span> <span class='ocrx_word' id='word_1_870' title='bbox 3452 4346 3577 4404; x_wconf 65' lang='lat' dir='ltr'><strong>&#39;nisi</strong></span> <span class='ocrx_word' id='word_1_871' title='bbox 3613 4346 3681 4405; x_wconf 79' lang='lat' dir='ltr'><strong>de</strong></span> <span class='ocrx_word' id='word_1_872' title='bbox 3715 4346 3776 4405; x_wconf 71' lang='lat' dir='ltr'><strong>re</strong></span> 
     </span>
    </p>
   </div>
   <div class='ocr_carea' id='block_1_120' title="bbox 2200 4421 3773 4491">
    <p class='ocr_par' dir='ltr' id='par_1_120' title="bbox 2200 4421 3773 4491">
     <span class='ocr_line' id='line_1_120' title="bbox 2200 4421 3773 4491; baseline -0.001 -16"><span class='ocrx_word' id='word_1_873' title='bbox 2200 4426 2491 4477; x_wconf 85' lang='lat' dir='ltr'><strong>admodum</strong></span> <span class='ocrx_word' id='word_1_874' title='bbox 2515 4422 2745 4484; x_wconf 89' lang='lat' dir='ltr'><strong>recenti,</strong></span> <span class='ocrx_word' id='word_1_875' title='bbox 2785 4436 2850 4471; x_wconf 87' lang='lat' dir='ltr'><strong>ne</strong></span> <span class='ocrx_word' id='word_1_876' title='bbox 2873 4421 3047 4473; x_wconf 85' lang='lat' dir='ltr'><strong>dicam</strong></span> <span class='ocrx_word' id='word_1_877' title='bbox 3073 4423 3344 4488; x_wconf 73' lang='lat' dir='ltr'><strong>praesenti.</strong></span> <span class='ocrx_word' id='word_1_878' title='bbox 3378 4421 3643 4491; x_wconf 75' lang='lat' dir='ltr'><strong>ltaqueex</strong></span> <span class='ocrx_word' id='word_1_879' title='bbox 3673 4424 3773 4475; x_wconf 88' lang='lat' dir='ltr'><strong>hac</strong></span> 
     </span>
    </p>
   </div>
   <div class='ocr_carea' id='block_1_121' title="bbox 2127 4485 3770 4558">
    <p class='ocr_par' dir='ltr' id='par_1_121' title="bbox 2127 4485 3770 4558">
     <span class='ocr_line' id='line_1_121' title="bbox 2127 4485 3770 4558; baseline -0.001 -14"><span class='ocrx_word' id='word_1_880' title='bbox 2127 4485 2174 4544; x_wconf 88' lang='lat' dir='ltr'><strong>D</strong></span> <span class='ocrx_word' id='word_1_881' title='bbox 2200 4491 2397 4547; x_wconf 79' lang='lat' dir='ltr'><strong>Justiui</strong></span> <span class='ocrx_word' id='word_1_882' title='bbox 2434 4507 2568 4546; x_wconf 91' lang='lat' dir='ltr'><strong>voce</strong></span> <span class='ocrx_word' id='word_1_883' title='bbox 2592 4492 2902 4543; x_wconf 83' lang='lat' dir='ltr'><strong>necessario</strong></span> <span class='ocrx_word' id='word_1_884' title='bbox 2940 4485 3195 4558; x_wconf 74' lang='lat' dir='ltr'><strong>consequi</strong></span> <span class='ocrx_word' id='word_1_885' title='bbox 3231 4492 3329 4555; x_wconf 87' lang='lat' dir='ltr'><strong>ait,</strong></span> <span class='ocrx_word' id='word_1_886' title='bbox 3354 4485 3551 4546; x_wconf 82' lang='lat' dir='ltr'><strong>bellum</strong></span> <span class='ocrx_word' id='word_1_887' title='bbox 3580 4492 3770 4545; x_wconf 53' lang='lat' dir='ltr'><strong>Judai.</strong></span> 
     </span>
    </p>
   </div>
   <div class='ocr_carea' id='block_1_122' title="bbox 2197 4559 3774 4630">
    <p class='ocr_par' dir='ltr' id='par_1_122' title="bbox 2197 4559 3774 4630">
     <span class='ocr_line' id='line_1_122' title="bbox 2197 4559 3774 4630; baseline -0.002 -13"><span class='ocrx_word' id='word_1_888' title='bbox 2197 4579 2321 4617; x_wconf 91' lang='lat' dir='ltr'><strong>cum</strong></span> <span class='ocrx_word' id='word_1_889' title='bbox 2371 4563 2472 4618; x_wconf 82' lang='lat' dir='ltr'><strong>Sub</strong></span> <span class='ocrx_word' id='word_1_890' title='bbox 2530 4559 3100 4630; x_wconf 7' lang='lat' dir='ltr'><strong>extremagAdrianh</strong></span> <span class='ocrx_word' id='word_1_891' title='bbox 3135 4570 3379 4630; x_wconf 84' lang='lat' dir='ltr'><strong>tempora</strong></span> <span class='ocrx_word' id='word_1_892' title='bbox 3431 4559 3774 4629; x_wconf 83' lang='lat' dir='ltr'><strong>proﬂigatum</strong></span> 
     </span>
    </p>
   </div>
   <div class='ocr_carea' id='block_1_123' title="bbox 2198 4628 3777 4699">
    <p class='ocr_par' dir='ltr' id='par_1_123' title="bbox 2198 4628 3777 4699">
     <span class='ocr_line' id='line_1_123' title="bbox 2198 4628 3777 4699; baseline -0.002 -13"><span class='ocrx_word' id='word_1_893' title='bbox 2198 4633 2367 4687; x_wconf 83' lang='lat' dir='ltr'><strong>fuisse</strong></span> <span class='ocrx_word' id='word_1_894' title='bbox 2384 4673 2400 4695; x_wconf 87' lang='lat'><strong><em>.</em></strong></span> <span class='ocrx_word' id='word_1_895' title='bbox 2419 4641 2474 4686; x_wconf 89' lang='lat' dir='ltr'><strong>et</strong></span> <span class='ocrx_word' id='word_1_896' title='bbox 2494 4631 2762 4686; x_wconf 86' lang='lat' dir='ltr'><strong>.Iustiuum</strong></span> <span class='ocrx_word' id='word_1_897' title='bbox 2785 4628 3058 4699; x_wconf 83' lang='lat' dir='ltr'><strong>Antonino</strong></span> <span class='ocrx_word' id='word_1_898' title='bbox 3080 4628 3180 4699; x_wconf 80' lang='lat' dir='ltr'><strong>Pio</strong></span> <span class='ocrx_word' id='word_1_899' title='bbox 3198 4628 3594 4699; x_wconf 76' lang='lat' dir='ltr'><strong>Apologeticum</strong></span> <span class='ocrx_word' id='word_1_900' title='bbox 3619 4645 3777 4685; x_wconf 93' lang='lat' dir='ltr'><strong>suum</strong></span> 
     </span>
    </p>
   </div>
   <div class='ocr_carea' id='block_1_124' title="bbox 2196 4698 3777 4769">
    <p class='ocr_par' dir='ltr' id='par_1_124' title="bbox 2196 4698 3777 4769">
     <span class='ocr_line' id='line_1_124' title="bbox 2196 4698 3777 4769; baseline -0.003 -11"><span class='ocrx_word' id='word_1_901' title='bbox 2196 4704 2460 4758; x_wconf 86' lang='lat' dir='ltr'><strong>obtulisse</strong></span> <span class='ocrx_word' id='word_1_902' title='bbox 2517 4699 2731 4769; x_wconf 90' lang='lat' dir='ltr'><strong>imperii</strong></span> <span class='ocrx_word' id='word_1_903' title='bbox 2783 4700 2902 4769; x_wconf 76' lang='lat' dir='ltr'><strong>ejus</strong></span> <span class='ocrx_word' id='word_1_904' title='bbox 2934 4698 3108 4769; x_wconf 88' lang='lat' dir='ltr'><strong>initio.</strong></span> <span class='ocrx_word' id='word_1_905' title='bbox 3140 4698 3339 4753; x_wconf 85' lang='lat' dir='ltr'><strong>Verum</strong></span> <span class='ocrx_word' id='word_1_906' title='bbox 3372 4698 3507 4753; x_wconf 75' lang='lat' dir='ltr'><strong>nihil</strong></span> <span class='ocrx_word' id='word_1_907' title='bbox 3556 4715 3777 4755; x_wconf 90' lang='lat' dir='ltr'><strong>necesse</strong></span> 
     </span>
    </p>
   </div>
   <div class='ocr_carea' id='block_1_125' title="bbox 2197 4766 3777 4838">
    <p class='ocr_par' dir='ltr' id='par_1_125' title="bbox 2197 4766 3777 4838">
     <span class='ocr_line' id='line_1_125' title="bbox 2197 4766 3777 4838; baseline -0.004 -12"><span class='ocrx_word' id='word_1_908' title='bbox 2197 4782 2283 4827; x_wconf 90' lang='lat' dir='ltr'><strong>est</strong></span> <span class='ocrx_word' id='word_1_909' title='bbox 2336 4775 2410 4827; x_wconf 90' lang='lat' dir='ltr'><strong>ita</strong></span> <span class='ocrx_word' id='word_1_910' title='bbox 2457 4766 2761 4833; x_wconf 76' lang='lat' dir='ltr'><strong>aﬂirmare;</strong></span> <span class='ocrx_word' id='word_1_911' title='bbox 2805 4766 2901 4819; x_wconf 80' lang='grc' dir='ltr'>νῦν</span> <span class='ocrx_word' id='word_1_912' title='bbox 2929 4768 3072 4838; x_wconf 80' lang='lat' dir='ltr'><strong>enim</strong></span> <span class='ocrx_word' id='word_1_913' title='bbox 3108 4769 3212 4823; x_wconf 91' lang='lat' dir='ltr'><strong>dici</strong></span> <span class='ocrx_word' id='word_1_914' title='bbox 3255 4781 3431 4837; x_wconf 87' lang='lat' dir='ltr'><strong>potest</strong></span> <span class='ocrx_word' id='word_1_915' title='bbox 3468 4770 3537 4825; x_wconf 89' lang='lat' dir='ltr'><strong>de</strong></span> <span class='ocrx_word' id='word_1_916' title='bbox 3567 4785 3628 4823; x_wconf 88' lang='lat' dir='ltr'><strong>re</strong></span> <span class='ocrx_word' id='word_1_917' title='bbox 3655 4784 3777 4838; x_wconf 57' lang='lat' dir='ltr'><strong>qua;</strong></span> 
     </span>
    </p>
   </div>
   <div class='ocr_carea' id='block_1_126' title="bbox 2198 4835 3779 4906">
    <p class='ocr_par' dir='ltr' id='par_1_126' title="bbox 2198 4835 3779 4906">
     <span class='ocr_line' id='line_1_126' title="bbox 2198 4835 3779 4906; baseline -0.004 -11"><span class='ocrx_word' id='word_1_918' title='bbox 2198 4853 2383 4897; x_wconf 88' lang='lat' dir='ltr'><strong>nostra</strong></span> <span class='ocrx_word' id='word_1_919' title='bbox 2431 4851 2589 4896; x_wconf 63' lang='lat' dir='ltr'><strong>artata</strong></span> <span class='ocrx_word' id='word_1_920' title='bbox 2639 4838 2779 4891; x_wconf 85' lang='lat' dir='ltr'><strong>facta</strong></span> <span class='ocrx_word' id='word_1_921' title='bbox 2825 4845 2942 4903; x_wconf 89' lang='lat' dir='ltr'><strong>est,</strong></span> <span class='ocrx_word' id='word_1_922' title='bbox 2994 4835 3423 4906; x_wconf 43' lang='lat' dir='ltr'><strong>idemque—valet</strong></span> <span class='ocrx_word' id='word_1_923' title='bbox 3453 4855 3516 4894; x_wconf 86' lang='lat' dir='ltr'><strong>ac</strong></span> <span class='ocrx_word' id='word_1_924' title='bbox 3551 4840 3613 4892; x_wconf 84' lang='grc' dir='ltr'><strong>τὸ</strong></span> <span class='ocrx_word' id='word_1_925' title='bbox 3637 4835 3779 4890; x_wconf 63' lang='grc' dir='ltr'><strong>κᾶθ’</strong></span> 
     </span>
    </p>
   </div>
   <div class='ocr_carea' id='block_1_127' title="bbox 2196 4907 3777 4981">
    <p class='ocr_par' dir='ltr' id='par_1_127' title="bbox 2196 4907 3777 4981">
     <span class='ocr_line' id='line_1_127' title="bbox 2196 4907 3777 4981; baseline -0.009 -5"><span class='ocrx_word' id='word_1_926' title='bbox 2196 4908 2373 4980; x_wconf 76' lang='grc' dir='ltr'>ἡμᾶς,</span> <span class='ocrx_word' id='word_1_927' title='bbox 2399 4912 2544 4981; x_wconf 86' lang='lat' dir='ltr'><strong>quod</strong></span> <span class='ocrx_word' id='word_1_928' title='bbox 2576 4907 3124 4981; x_wconf 63' lang='lat' dir='ltr'><strong>Eusebiu$_u§urp:t_re</strong></span> <span class='ocrx_word' id='word_1_929' title='bbox 3163 4907 3390 4981; x_wconf 87' lang='lat' dir='ltr'><strong>soletde</strong></span> <span class='ocrx_word' id='word_1_930' title='bbox 3416 4911 3579 4981; x_wconf 88' lang='lat' dir='ltr'><strong>rebus</strong></span> <span class='ocrx_word' id='word_1_931' title='bbox 3610 4908 3777 4981; x_wconf 82' lang='lat' dir='ltr'><strong>multo</strong></span> 
     </span>
    </p>
   </div>
   <div class='ocr_carea' id='block_1_128' title="bbox 2198 4975 3779 5049">
    <p class='ocr_par' dir='ltr' id='par_1_128' title="bbox 2198 4975 3779 5049">
     <span class='ocr_line' id='line_1_128' title="bbox 2198 4975 3779 5049; baseline -0.003 -15"><span class='ocrx_word' id='word_1_932' title='bbox 2198 4975 2325 5035; x_wconf 58' lang='lat' dir='ltr'><strong>ante</strong></span> <span class='ocrx_word' id='word_1_933' title='bbox 2349 4975 2548 5049; x_wconf 75' lang='lat' dir='ltr'><strong>gestis:</strong></span> <span class='ocrx_word' id='word_1_934' title='bbox 2574 4988 2775 5049; x_wconf 74' lang='lat' dir='ltr'><strong>utcum</strong></span> <span class='ocrx_word' id='word_1_935' title='bbox 2806 4976 2941 5049; x_wconf 82' lang='lat' dir='ltr'><strong>dicit</strong></span> <span class='ocrx_word' id='word_1_936' title='bbox 2959 4975 3031 5049; x_wconf 82' lang='lat' dir='ltr'><strong>de</strong></span> <span class='ocrx_word' id='word_1_937' title='bbox 3053 4976 3357 5049; x_wconf 82' lang='lat' dir='ltr'><strong>Porphyrio</strong></span> <span class='ocrx_word' id='word_1_938' title='bbox 3379 4980 3720 5049; x_wconf 88' lang='lat' dir='ltr'><strong>philosopho,</strong></span> <span class='ocrx_word' id='word_1_939' title='bbox 3748 4976 3779 5030; x_wconf 83' lang='lat'><strong>6</strong></span> 
     </span>
    </p>
   </div>
   <div class='ocr_carea' id='block_1_129' title="bbox 2198 4997 3780 5121">
    <p class='ocr_par' dir='ltr' id='par_1_129' title="bbox 2198 4997 3780 5121">
     <span class='ocr_line' id='line_1_129' title="bbox 2198 4997 3779 5060; baseline -0.003 -26"><span class='ocrx_word' id='word_1_940' title='bbox 2198 4997 2325 5035; x_wconf 88' lang='lat' dir='ltr'><strong>ante</strong></span> <span class='ocrx_word' id='word_1_941' title='bbox 2384 4997 2548 5034; x_wconf 84' lang='lat' dir='ltr'><strong>esus:</strong></span> <span class='ocrx_word' id='word_1_942' title='bbox 2574 4997 2631 5031; x_wconf 89' lang='grc' dir='ltr'><strong>ιιι</strong></span> <span class='ocrx_word' id='word_1_943' title='bbox 2653 4997 2775 5031; x_wconf 86' lang='lat' dir='ltr'><strong>cum</strong></span> <span class='ocrx_word' id='word_1_944' title='bbox 2806 4997 2941 5029; x_wconf 82' lang='lat' dir='ltr'><strong>mcu</strong></span> <span class='ocrx_word' id='word_1_945' title='bbox 2959 4997 3031 5057; x_wconf 75' lang='lat' dir='ltr'><strong>ue</strong></span> <span class='ocrx_word' id='word_1_946' title='bbox 3054 4997 3357 5058; x_wconf 83' lang='lat' dir='ltr'><strong>rorpnyrto</strong></span> <span class='ocrx_word' id='word_1_947' title='bbox 3379 4997 3720 5060; x_wconf 83' lang='lat' dir='ltr'><strong>pmiosopno,</strong></span> <span class='ocrx_word' id='word_1_948' title='bbox 3748 4997 3779 5030; x_wconf 92' lang='grc' dir='ltr'><strong>ο</strong></span> 
     </span>
     <span class='ocr_line' id='line_1_130' title="bbox 2198 4997 3780 5121; baseline -0.003 -17"><span class='ocrx_word' id='word_1_949' title='bbox 2198 5050 2321 5105; x_wconf 85' lang='grc' dir='ltr'>καθ’</span> <span class='ocrx_word' id='word_1_950' title='bbox 2348 4997 2496 5121; x_wconf 53' lang='lat' dir='ltr'><strong>gas;</strong></span> <span class='ocrx_word' id='word_1_951' title='bbox 2527 5045 2869 5121; x_wconf 30' lang='grc' dir='ltr'>γενόμενος..-</span> <span class='ocrx_word' id='word_1_952' title='bbox 2893 5047 3137 5121; x_wconf 78' lang='lat' dir='ltr'><strong>Denique</strong></span> <span class='ocrx_word' id='word_1_953' title='bbox 3175 5065 3292 5118; x_wconf 79' lang='lat' dir='ltr'><strong>ipse</strong></span> <span class='ocrx_word' id='word_1_954' title='bbox 3318 5047 3565 5121; x_wconf 77' lang='lat' dir='ltr'><strong>Justinus</strong></span> <span class='ocrx_word' id='word_1_955' title='bbox 3593 5065 3646 5102; x_wconf 89' lang='grc' dir='ltr'><strong>ιιι</strong></span> <span class='ocrx_word' id='word_1_956' title='bbox 3675 5048 3780 5121; x_wconf 90' lang='lat' dir='ltr'><strong>hoc</strong></span> 
     </span>
    </p>
   </div>
   <div class='ocr_carea' id='block_1_130' title="bbox 2199 5116 3777 5189">
    <p class='ocr_par' dir='ltr' id='par_1_130' title="bbox 2199 5116 3777 5189">
     <span class='ocr_line' id='line_1_131' title="bbox 2199 5116 3777 5189; baseline -0.004 -14"><span class='ocrx_word' id='word_1_957' title='bbox 2199 5122 2321 5176; x_wconf 93' lang='lat' dir='ltr'><strong>loco</strong></span> <span class='ocrx_word' id='word_1_958' title='bbox 2354 5116 2515 5189; x_wconf 77' lang='lat' dir='ltr'><strong>quem</strong></span> <span class='ocrx_word' id='word_1_959' title='bbox 2542 5116 2675 5186; x_wconf 65' lang='grc' dir='ltr'>ὀι-αι</span> <span class='ocrx_word' id='word_1_960' title='bbox 2709 5116 2958 5189; x_wconf 69' lang='lat' dir='ltr'><strong>manibus</strong></span> <span class='ocrx_word' id='word_1_961' title='bbox 2993 5116 3279 5189; x_wconf 69' lang='lat' dir='ltr'><strong>habemus,</strong></span> <span class='ocrx_word' id='word_1_962' title='bbox 3318 5121 3384 5172; x_wconf 88' lang='lat' dir='ltr'><strong>de</strong></span> <span class='ocrx_word' id='word_1_963' title='bbox 3411 5120 3651 5173; x_wconf 85' lang='lat' dir='ltr'><strong>Antinoo</strong></span> <span class='ocrx_word' id='word_1_964' title='bbox 3702 5120 3777 5172; x_wconf 88' lang='lat' dir='ltr'><strong>ita</strong></span> 
     </span>
    </p>
   </div>
   <div class='ocr_carea' id='block_1_131' title="bbox 2199 5184 3781 5261">
    <p class='ocr_par' dir='ltr' id='par_1_131' title="bbox 2199 5184 3781 5261">
     <span class='ocr_line' id='line_1_132' title="bbox 2199 5184 3781 5261; baseline -0.003 -17"><span class='ocrx_word' id='word_1_965' title='bbox 2199 5184 2439 5261; x_wconf 76' lang='lat' dir='ltr'><strong>loquitur</strong></span> <span class='ocrx_word' id='word_1_966' title='bbox 2474 5207 2488 5244; x_wconf 91' lang='lat'><strong>:</strong></span> <span class='ocrx_word' id='word_1_967' title='bbox 2536 5184 2802 5241; x_wconf 79' lang='grc' dir='ltr'>’Ᾱντινόου</span> <span class='ocrx_word' id='word_1_968' title='bbox 2854 5184 2948 5237; x_wconf 77' lang='grc' dir='ltr'><strong>τοῦ</strong></span> <span class='ocrx_word' id='word_1_969' title='bbox 2994 5186 3090 5261; x_wconf 78' lang='grc' dir='ltr'>νῦν</span> <span class='ocrx_word' id='word_1_970' title='bbox 3128 5189 3445 5261; x_wconf 79' lang='grc' dir='ltr'>γενομένου,</span> <span class='ocrx_word' id='word_1_971' title='bbox 3478 5189 3529 5261; x_wconf 88' lang='lat' dir='ltr'><strong>id</strong></span> <span class='ocrx_word' id='word_1_972' title='bbox 3560 5199 3665 5261; x_wconf 71' lang='lat' dir='ltr'><strong>est,</strong></span> <span class='ocrx_word' id='word_1_973' title='bbox 3713 5190 3781 5242; x_wconf 89' lang='lat' dir='ltr'><strong>de</strong></span> 
     </span>
    </p>
   </div>
   <div class='ocr_carea' id='block_1_132' title="bbox 2197 5257 3780 5329">
    <p class='ocr_par' dir='ltr' id='par_1_132' title="bbox 2197 5257 3780 5329">
     <span class='ocr_line' id='line_1_133' title="bbox 2197 5257 3780 5329; baseline -0.004 -12"><span class='ocrx_word' id='word_1_974' title='bbox 2197 5257 2435 5317; x_wconf 78' lang='lat' dir='ltr'><strong>Antinoo</strong></span> <span class='ocrx_word' id='word_1_975' title='bbox 2467 5261 2555 5329; x_wconf 90' lang='lat' dir='ltr'><strong>qui</strong></span> <span class='ocrx_word' id='word_1_976' title='bbox 2590 5266 2774 5329; x_wconf 76' lang='lat' dir='ltr'><strong>nostra</strong></span> <span class='ocrx_word' id='word_1_977' title='bbox 2790 5264 2954 5329; x_wconf 66' lang='lat' dir='ltr'><strong>aetate</strong></span> <span class='ocrx_word' id='word_1_978' title='bbox 2979 5258 3137 5312; x_wconf 76' lang='lat' dir='ltr'><strong>vixit.</strong></span> <span class='ocrx_word' id='word_1_979' title='bbox 3171 5257 3329 5313; x_wconf 79' lang='lat' dir='ltr'><strong>Certe</strong></span> <span class='ocrx_word' id='word_1_980' title='bbox 3350 5260 3526 5329; x_wconf 72' lang='lat' dir='ltr'><strong>Graeci</strong></span> <span class='ocrx_word' id='word_1_981' title='bbox 3544 5257 3646 5329; x_wconf 86' lang='grc' dir='ltr'>νῦν</span> <span class='ocrx_word' id='word_1_982' title='bbox 3681 5273 3780 5327; x_wconf 86' lang='lat' dir='ltr'><strong>po—</strong></span> 
     </span>
    </p>
   </div>
   <div class='ocr_carea' id='block_1_133' title="bbox 2199 5325 3783 5399">
    <p class='ocr_par' dir='ltr' id='par_1_133' title="bbox 2199 5325 3783 5399">
     <span class='ocr_line' id='line_1_134' title="bbox 2199 5325 3783 5399; baseline -0.002 -14"><span class='ocrx_word' id='word_1_983' title='bbox 2199 5342 2335 5386; x_wconf 88' lang='lat' dir='ltr'><strong>nunt</strong></span> <span class='ocrx_word' id='word_1_984' title='bbox 2366 5346 2463 5399; x_wconf 91' lang='lat' dir='ltr'><strong>pro</strong></span> <span class='ocrx_word' id='word_1_985' title='bbox 2476 5325 2663 5399; x_wconf 76' lang='lat' dir='ltr'><strong>nuper.</strong></span> <span class='ocrx_word' id='word_1_986' title='bbox 2684 5325 2761 5378; x_wconf 89' lang='lat' dir='ltr'><strong>Ita</strong></span> <span class='ocrx_word' id='word_1_987' title='bbox 2786 5326 3155 5399; x_wconf 82' lang='lat' dir='ltr'><strong>Sophronias,</strong></span> <span class='ocrx_word' id='word_1_988' title='bbox 3181 5333 3271 5396; x_wconf 90' lang='lat' dir='ltr'><strong>qui</strong></span> <span class='ocrx_word' id='word_1_989' title='bbox 3297 5331 3493 5383; x_wconf 88' lang='lat' dir='ltr'><strong>librum</strong></span> <span class='ocrx_word' id='word_1_990' title='bbox 3516 5325 3783 5398; x_wconf 80' lang='lat' dir='ltr'><strong>Hierony-</strong></span> 
     </span>
    </p>
   </div>
   <div class='ocr_carea' id='block_1_134' title="bbox 2198 5396 3781 5466">
    <p class='ocr_par' dir='ltr' id='par_1_134' title="bbox 2198 5396 3781 5466">
     <span class='ocr_line' id='line_1_135' title="bbox 2198 5396 3781 5466; baseline -0.003 -12"><span class='ocrx_word' id='word_1_991' title='bbox 2198 5403 2271 5455; x_wconf 87' lang='lat' dir='ltr'><strong>mi</strong></span> <span class='ocrx_word' id='word_1_992' title='bbox 2306 5396 2384 5454; x_wconf 67' lang='lat' dir='ltr'><strong>ne</strong></span> <span class='ocrx_word' id='word_1_993' title='bbox 2424 5398 2764 5466; x_wconf 77' lang='lat' dir='ltr'><strong>scriptoribus</strong></span> <span class='ocrx_word' id='word_1_994' title='bbox 2804 5396 3170 5466; x_wconf 73' lang='lat' dir='ltr'><strong>ecclesiasticis</strong></span> <span class='ocrx_word' id='word_1_995' title='bbox 3203 5399 3392 5454; x_wconf 73' lang='lat' dir='ltr'><strong>Graece</strong></span> <span class='ocrx_word' id='word_1_996' title='bbox 3417 5396 3781 5463; x_wconf 74' lang='lat' dir='ltr'><strong>vertit,,verba</strong></span> 
     </span>
    </p>
   </div>
   <div class='ocr_carea' id='block_1_135' title="bbox 2199 5464 3784 5540">
    <p class='ocr_par' dir='ltr' id='par_1_135' title="bbox 2199 5464 3784 5540">
     <span class='ocr_line' id='line_1_136' title="bbox 2199 5464 3784 5540; baseline -0.003 -16"><span class='ocrx_word' id='word_1_997' title='bbox 2199 5472 2289 5525; x_wconf 85' lang='lat' dir='ltr'><strong>illa</strong></span> <span class='ocrx_word' id='word_1_998' title='bbox 2342 5464 2654 5539; x_wconf 85' lang='lat' dir='ltr'><strong>Hieronymi</strong></span> <span class='ocrx_word' id='word_1_999' title='bbox 2697 5480 2819 5540; x_wconf 81' lang='lat' dir='ltr'><strong>cap.</strong></span> <span class='ocrx_word' id='word_1_1000' title='bbox 2989 5464 3338 5538; x_wconf 81' lang='lat' dir='ltr'><strong>Evangelium</strong></span> <span class='ocrx_word' id='word_1_1001' title='bbox 3389 5484 3594 5540; x_wconf 87' lang='lat' dir='ltr'><strong>quoque</strong></span> <span class='ocrx_word' id='word_1_1002' title='bbox 3644 5470 3784 5536; x_wconf 79' lang='lat' dir='ltr'><strong>quod</strong></span> 
     </span>
    </p>
   </div>
   <div class='ocr_carea' id='block_1_136' title="bbox 2206 5534 3782 5608">
    <p class='ocr_par' dir='ltr' id='par_1_136' title="bbox 2206 5534 3782 5608">
     <span class='ocr_line' id='line_1_137' title="bbox 2206 5534 3782 5608; baseline -0.002 -14"><span class='ocrx_word' id='word_1_1003' title='bbox 2206 5541 2509 5608; x_wconf 79' lang='lat' dir='ltr'><strong>appellatur</strong></span> <span class='ocrx_word' id='word_1_1004' title='bbox 2528 5534 2813 5591; x_wconf 66' lang='lat' dir='ltr'><strong>secundum</strong></span> <span class='ocrx_word' id='word_1_1005' title='bbox 2851 5534 3127 5599; x_wconf 77' lang='lat' dir='ltr'><strong>Hebrteos.</strong></span> <span class='ocrx_word' id='word_1_1006' title='bbox 3144 5534 3199 5592; x_wconf 73' lang='lat' dir='ltr'><strong>et</strong></span> <span class='ocrx_word' id='word_1_1007' title='bbox 3218 5556 3246 5590; x_wconf 89' lang='lat' dir='ltr'><strong>a</strong></span> <span class='ocrx_word' id='word_1_1008' title='bbox 3266 5554 3347 5591; x_wconf 88' lang='lat' dir='ltr'><strong>me</strong></span> <span class='ocrx_word' id='word_1_1009' title='bbox 3371 5534 3533 5592; x_wconf 57' lang='lat' dir='ltr'><strong>n&#39;uoe&#39;r</strong></span> <span class='ocrx_word' id='word_1_1010' title='bbox 3551 5539 3604 5591; x_wconf 84' lang='lat' dir='ltr'><strong>in</strong></span> <span class='ocrx_word' id='word_1_1011' title='bbox 3628 5534 3782 5593; x_wconf 75' lang='lat' dir='ltr'><strong>Crte-</strong></span> 
     </span>
    </p>
   </div>
   <div class='ocr_carea' id='block_1_137' title="bbox 2200 5608 3785 5675">
    <p class='ocr_par' dir='ltr' id='par_1_137' title="bbox 2200 5608 3785 5675">
     <span class='ocr_line' id='line_1_138' title="bbox 2200 5608 3785 5675; baseline -0.001 -10"><span class='ocrx_word' id='word_1_1012' title='bbox 2200 5627 2319 5665; x_wconf 83' lang='lat' dir='ltr'><strong>cum</strong></span> <span class='ocrx_word' id='word_1_1013' title='bbox 2359 5608 2715 5675; x_wconf 87' lang='lat' dir='ltr'><strong>Latinumque</strong></span> <span class='ocrx_word' id='word_1_1014' title='bbox 2752 5620 3044 5675; x_wconf 71' lang='lat' dir='ltr'><strong>sermonem</strong></span> <span class='ocrx_word' id='word_1_1015' title='bbox 3099 5610 3417 5662; x_wconf 85' lang='lat' dir='ltr'><strong>translatum</strong></span> <span class='ocrx_word' id='word_1_1016' title='bbox 3460 5616 3560 5671; x_wconf 85' lang='lat' dir='ltr'><strong>est,</strong></span> <span class='ocrx_word' id='word_1_1017' title='bbox 3597 5608 3785 5666; x_wconf 64' lang='lat' dir='ltr'><strong>Greca</strong></span> 
     </span>
    </p>
   </div>
   <div class='ocr_carea' id='block_1_138' title="bbox 2199 5673 3786 5749">
    <p class='ocr_par' dir='ltr' id='par_1_138' title="bbox 2199 5673 3786 5749">
     <span class='ocr_line' id='line_1_139' title="bbox 2199 5673 3786 5749; baseline -0.003 -16"><span class='ocrx_word' id='word_1_1018' title='bbox 2199 5682 2370 5733; x_wconf 78' lang='lat' dir='ltr'><strong>dixit:</strong></span> <span class='ocrx_word' id='word_1_1019' title='bbox 2410 5673 2703 5749; x_wconf 45' lang='lat' dir='ltr'><strong>&#39;Oﬁspﬁjt‘</strong></span> <span class='ocrx_word' id='word_1_1020' title='bbox 2755 5673 2891 5742; x_wconf 68' lang='grc' dir='ltr'>ἐμοῦ</span> <span class='ocrx_word' id='word_1_1021' title='bbox 2940 5676 3036 5749; x_wconf 68' lang='grc' dir='ltr'><strong>νύν</strong></span> <span class='ocrx_word' id='word_1_1022' title='bbox 3078 5679 3167 5749; x_wconf 66' lang='grc' dir='ltr'><strong>Δείς</strong></span> <span class='ocrx_word' id='word_1_1023' title='bbox 3191 5679 3290 5748; x_wconf 75' lang='grc' dir='ltr'><strong>τὴν</strong></span> <span class='ocrx_word' id='word_1_1024' title='bbox 3339 5676 3658 5749; x_wconf 76' lang='grc' dir='ltr'>Ἑλληνικὴν</span> <span class='ocrx_word' id='word_1_1025' title='bbox 3692 5676 3786 5728; x_wconf 67' lang='grc' dir='ltr'><strong>καὶ</strong></span> 
     </span>
    </p>
   </div>
   <div class='ocr_carea' id='block_1_139' title="bbox 2211 5745 3156 5821">
    <p class='ocr_par' dir='ltr' id='par_1_139' title="bbox 2211 5745 3156 5821">
     <span class='ocr_line' id='line_1_140' title="bbox 2211 5745 3156 5821; baseline -0.005 -16"><span class='ocrx_word' id='word_1_1026' title='bbox 2211 5750 2523 5821; x_wconf 80' lang='grc' dir='ltr'>Ῥωμαϊκὴν</span> <span class='ocrx_word' id='word_1_1027' title='bbox 2553 5745 2801 5817; x_wconf 78' lang='grc' dir='ltr'>γλῶτταν</span> <span class='ocrx_word' id='word_1_1028' title='bbox 2833 5746 3156 5819; x_wconf 81' lang='grc' dir='ltr'>μετεϐλήθη.</span> 
     </span>
    </p>
   </div>
  </div>
