4192 6412
352 380 465 435 529-

1344 370 1696 428 lIlSTORUE
1734 368 2300 427 ECCLESIASTICE
2340 369 2467 425 LIB.
2509 365 2600 421 IV.

3514 367 3621 422 53D

352 497 714 567 ὲπισκοπικῆς
747 495 999 566 διαδοχῆς
1049 493 1158 548 ἀπὸ
1203 494 1313 547 τῶν
1354 493 1669 548 ἀποστόλων
1699 491 1934 563 ἔχοντος,

2050 491 2333 561 episcopali
2374 490 2502 546 sede
2542 502 2718 542 nonus
2767 481 3137 556 apostolorum
3188 499 3472 541 successor
3502 486 3623 547 fuit,

352 591 556 657 ἐδίδαξε
578 590 669 642 τὸν
699 588 805 643 ὑπὸ
829 587 925 641 τοῦ
945 588 1111 658 νόμου
1142 587 1236 640 καὶ
1267 586 1559 657 προφητῶν
1587 584 1936 656 κεκηρυγμέ-

351 700 440 737 νον
464 682 586 736 Osca
633 681 708 752 μὴ
743 675 884 735 εἶναι
917 680 1134 752 Πατέρα
1167 679 1261 733 τοῦ
1303 679 1511 750 Κυρίου
1557 678 1716 749 ἡμῶν
1760 675 1938 749 Ἰησοῦ

351 774 589 848 Χριστοῦ
611 786 625 802 ⁸
654 773 753 828 τὸν
802 774 899 844 μὲν
936 773 1044 844 γάρ
1077 771 1460 843 γνωρίζεσθαι,
1510 771 1600 823 τὸν
1632 770 1687 824 δὲ
1719 770 1939 839 ἀγνῶτα

352 865 491 922 εἶναι
512 885 527 901 ο
559 868 654 921 καὶ
687 866 779 919 τὸν
811 867 909 937 μὲν
943 865 1166 929 δίκαιον,
1192 865 1282 918 τὸν
1308 865 1366 917 δὲ
1403 864 1607 932 ἀγαθὸν
1647 862 1935 934 ὑπάρχειν.

354 961 747 1030 Διαδεξάμενος
774 959 832 1012 δὲ
865 957 1028 1010 αὑτὸν
1061 957 1326 1029 Μαρκίων
1359 959 1387 1010 ὁ
1416 954 1694 1019 Ποντικὸς,
1735 953 1940 1025 ηύξησε

356 1052 418 1107 τὸ
483 1051 855 1106 διδασκαλεῖον
913 1049 1047 1121 (⁷50),
1110 1047 1639 1121 ἀπηρυθριασμένως
1703 1046 1943 1117 βλασφη-

363 1143 479 1215 μῶν
512 1143 648 1213 (51).
688 1162 707 1194 ι
762 1142 819 1196 Ὀ
861 1142 916 1196 δὲ
952 1141 1111 1205 αὐτὸς
1158 1142 1445 1212 Εἰρηναῖος
1472 1139 1561 1193 τὸν
1593 1139 1820 1210 ἄπειρον
1849 1137 1942 1207 βυ-

360 1233 452 1287 θὸν
490 1233 591 1303 τῆς
622 1232 970 1287 Οὐαλεντίνου
1005 1229 1379 1292 πολυπλανοῦς
1422 1229 1553 1298 ὕλης
1601 1227 1943 1282 εὐτονώτατα

359 1325 670 1389 διαπλὼσας
699 1325 830 1395 (52),
868 1324 1097 1394 ἑρπετοῦ
1130 1325 1287 1395 δίκην
1330 1322 1667 1391 φωλεύοντος
1698 1322 1945 1394 ἀπόκρυ-

363 1434 460 1486 φον
491 1414 652 1471 οὖσαν
697 1415 859 1469 αὑτοῦ
897 1418 991 1469 καὶ
1027 1416 1315 1485 λεληθυῖαν
1347 1416 1656 1484 άπογυμνοῖ
1691 1414 1790 1485 τὴν
1839 1431 1943 1468 κα-

362 1509 503 1563 κίαν.
568 1508 711 1579 Πρὸς
755 1508 965 1571 τούτοις
1010 1508 1105 1561 καλ⁵
1137 1506 1295 1561 ἄλλον
1326 1505 1481 1567 τινὰ,
1517 1506 1744 1577 Μάρκος
1796 1504 1945 1576 αὐτῷ

359 1599 557 1670 ὄνομα,
589 1602 707 1653 κατ’
748 1600 946 1662 αὐτοὺς
989 1597 1243 1667 γενέσθαι
1273 1596 1420 1666 λέγει
1456 1597 1693 1667 μαγικῆς
1721 1596 1945 1659 κυϐείας

360 1690 769 1762 ἐμπειρότατον.
800 1689 1008 1761 Γράφει
1049 1688 1107 1741 δὲ
1139 1688 1234 1742 καὶ
1275 1686 1374 1751 τὰς
1406 1686 1726 1750 ἀτελέστους
1765 1686 1945 1740 αὐτῶν

357 1782 596 1847 τελετὰς,
631 1782 879 1853 μυσαρὰς
901 1799 963 1834 τε
1001 1782 1386 1852 μυσταγωγίας
1428 1782 1730 1854 ἐμφαίνων.
1761 1782 1946 1845 αὐτοῖς

2041 590 2248 645 docuit,
2270 584 2438 637 Deum
2468 599 2626 656 quem
2652 585 2737 639 lex
2766 593 2823 639 et
2854 586 3136 654 prophetat
3165 583 3624 652 praedicaverunt,

2035 674 2253 734 Patrem
2288 692 2395 732 non
2425 691 2546 731 esse
2576 674 2790 729 Domini
2822 676 2996 730 nostri
3024 674 3157 731 Jesu
3188 674 3421 731 Christi.
3473 674 3626 729 Hunc

2040 769 2186 824 enim
2214 766 2491 837 cognosci,
2532 765 2681 819 illum
2728 780 2861 820 vero
2910 767 3155 835 ignotum
3188 781 3309 821 esse
3344 775 3441 822 :et
3483 766 3630 820 hunc

2041 858 2485 931 quidemjustum
2516 860 2805 920 exsistere,
2832 857 2980 912 illum
3012 870 3193 915 autem
3226 859 3450 914 bonum.
3487 843 3629 913 Huic

2042 953 2240 1010 deinde
2270 953 2569 1006 succedens
2600 950 2869 1011 MarciOn,
2895 951 3118 1006 natione
3159 951 3445 1018 Ponticus,
3470 952 3633 1007 scho-

2043 1045 2150 1099 lam
2170 1045 2331 1099 latius
2344 1043 2685 1113 propagavit,
2701 1043 3171 1111 impudentissime
3188 1043 3594 1115 blasphemans.
3609 1062 3626 1095 ι

2044 1138 2189 1193 Idem
2219 1152 2381 1206 porro
2400 1135 2637 1189 Irenzeus
2660 1147 2943 1205 postquam
2970 1134 3294 1190 immensam
3314 1137 3631 1206 voraginem

2044 1230 2291 1285 materiae
2332 1229 2477 1283 illius
2523 1228 2692 1282 variis
2724 1228 3002 1282 erroribus
3044 1228 3302 1284 involuta:
3332 1245 3495 1299 quam
3521 1226 3632 1282 Va-

2042 1318 2284 1374 lentinus
2308 1320 2619 1383 invexerat,
2648 1318 2930 1373 uberrime
2957 1318 3244 1388 explicuit,
3275 1320 3541 1374 occultam
3567 1333 3630 1374 ac

2047 1413 2301 1468 latentem
2341 1413 2489 1466 illius
2536 1411 2783 1465 fraudem
2838 1418 3103 1480 tanquam
3146 1410 3317 1464 abditi
3364 1411 3634 1479 serpentis

2046 1506 2305 1559 demutat-
2328 1504 2507 1558 Alium
2532 1514 2795 1575 praeterea
2818 1505 3110 1574 quemdam
3141 1502 3359 1558 nomine
3393 1502 3633 1557 Marcum

2045 1598 2238 1651 eodem
2280 1604 2528 1667 tempore
2555 1597 2838 1653 exstitisse
2870 1597 3082 1660 scribit,
3115 1596 3449 1666 magicarum
3497 1609 3637 1663 pra!-

2048 1690 2336 1751 stigiarum
2369 1689 2785 1759 peritissimum.
2811 1686 2918 1743 Sed
2942 1698 2997 1743 et
3033 1686 3295 1757 profanas
3320 1701 3507 1743 ecrum
3532 1686 3635 1740 ho-

2048 1782 2256 1835 minum
2291 1781 2656 1849 initiationes,
2683 1790 2739 1836 et
2767 1780 3135 1835 abominanda
3160 1779 3420 1851 mysteria
3456 1777 3638 1833 decla-

357 1868 420 1940 δὴ
460 1868 670 1933 τούτοις
715 1872 828 1933 τοῖς
876 1869 1232 1941 γράμμασιν’
1278 1892 1299 1922 4
1352 1871 1415 1924 υί
1471 1872 1567 1943 μὲν
1612 1871 1720 1943 γάρ
1763 1870 1944 1925 αὐτῶν

2050 1884 2131 1930 rat
2158 1875 2242 1929 his
2264 1875 2479 1930 verbis:
2509 1893 2530 1926 r
2555 1874 2779 1941 Quidam
2810 1875 2954 1929 enim
2982 1890 3169 1930 eorum
3203 1874 3501 1928 thalamum
3534 1888 3635 1927 nu-

356 1960 623 2033 νυμφῶνα
665 1962 1158 2027 κατασκευάζουσι,
1193 1963 1289 2017 καὶ
1330 1965 1721 2034 μυσταγωγίαν
1763 1965 1947 2017 ἐπιτε-

356 2050 509 2104 λοῦσι
553 2051 668 2121 μετ’
700 2051 1044 2125 ὲπιρῤήσεών
1077 2071 1237 2107 τινων
1270 2057 1384 2118 τοῖς
1423 2055 1768 2127 τελουμένοις
1787 2096 1802 2119 ,
1855 2058 1950 2111 καὶ

362 2144 726 2215 πνευματικὸν
768 2146 943 2214 γάμον
994 2147 1298 2215 φάσκουσιν
1346 2142 1487 2200 εἶναι
1529 2147 1592 2200 τὸ
1645 2148 1736 2200 ὑπ’
1770 2148 1949 2201 αὐτῶν

358 2234 661 2304 γινόμενον,
701 2236 845 2289 κατὰ
886 2236 985 2308 τὴν
1026 2237 1321 2308 ὁμοιότητα
1358 2237 1468 2290 τῶν
1499 2238 1611 2292 ἄνω
1656 2237 1945 2307 συζυγιῶν.

360 2328 424 2380 Oi
457 2327 515 2380 δὲ
543 2326 767 2396 ἄγουσιν
798 2330 883 2396 ἐφ’
910 2328 1074 2399 ὕδωρ,
1109 2330 1205 2382 καὶ
1232 2328 1605 2398 βαπτίζοντες,
1637 2329 1809 2394 οὕτως
1831 2331 1950 2383 ἐπι-

363 2417 606 2485 λέγουσιν
627 2435 640 2447 ·
672 2421 764 2481 Εἰς
779 2418 951 2488 ὄνομα
982 2417 1262 2486 ἀγνώστου
1295 2419 1509 2490 Πατρὺς
1542 2418 1650 2472 τῶν
1679 2418 1835 2483 ὅλων,
1870 2423 1950 2484 εἰς

376 2507 661 2579 Ἀλήθειαν
700 2509 912 2579 μητέρα
958 2509 1067 2562 τῶν
1102 2510 1344 2573 πάντων,
1380 2512 1461 2573 είς
1497 2509 1589 2563 τὸν
1625 2509 1951 2564 κατελθόντα

365 2601 446 2661 είς
479 2600 570 2653 τὸν
618 2600 844 2671 Ἰησοῦν.
882 2600 1062 2655 Ἀλλοι
1096 2601 1153 2653 δὲ
1200 2601 1461 2672 Ἑϐραϊκὰ
1503 2601 1744 2673 ὀνόματα
1772 2601 1952 2655 ἐπιλέ-

365 2707 522 2759 γουσι
538 2691 673 2763 πρὸς
688 2691 748 2743 τὸ
766 2691 962 2762 μᾶλλον
997 2692 1444 2762 καταλπήξασθαι
1472 2692 1582 2762 (55)
1608 2693 1734 2757 τοὺς
1763 2693 1950 2746 τελου-

369 2782 583 2853 μένους.
629 2801 647 2833 t
706 2783 865 2837 Ἀλλὰ
891 2784 997 2855 γὰρ
1039 2784 1177 2854 μετὰ
1223 2784 1481 2855 τέταρτον
1512 2784 1611 2855 τῆς
1643 2784 1952 2853 ἐπισκοπῆς

368 2874 484 2937 ἔτος
519 2874 628 2945 (54)
667 2875 880 2944 Ὑγίνου
913 2876 1335 2946 τελευτήσαντος
1363 2914 1377 2939 ,
1406 2876 1535 2939 Πίος
1582 2875 1676 2928 ἐπὶ
1732 2874 1951 2945 Ῥώμης

363 2966 726 3037 ἐγχειρίζεται
748 2966 846 3038 τὴν
869 2967 1230 3039 λειτουργίαν.
1254 2967 1415 3021 Κατά
1437 2984 1500 3035 γε
1533 2965 1639 3038 μὴν
1668 2968 1767 3037 τὴν
1808 2966 1953 3019 Ἀλε-

364 3055 646 3129 ξάνδρειαν
694 3058 924 3130 Μάρκος
970 3059 1351 3114 ἀναδείκνυται
1397 3057 1624 3128 ποιμὴν,
1673 3057 1952 3128 Εὐμενοῦς

363 3146 458 3218 ἔτη
488 3148 555 3202 τά
582 3150 761 3204 πάντα
793 3150 926 3205 δέκα
959 3150 1095 3222 πρὸς
1126 3152 1304 3221 τρισὶν
1330 3150 1723 3220 ὲκπλὴσαντος.
1755 3146 1862 3201 Τοῦ
1892 3164 1950 3200 τε

2053 1968 2276 2037 ptialem
2331 1976 2680 2033 construunt,
2709 1976 2765 2021 et
2795 1967 3113 2039 mysterium
3164 1974 3450 2036 peragunt,
3473 1964 3636 2017 verba

2051 2061 2236 2114 nescio
2261 2075 2385 2129 quae
2414 2075 2578 2128 super
2604 2060 2690 2115 Itis
2722 2059 2817 2130 qui
2860 2060 3171 2126 initiantur,
3221 2057 3596 2127 concipientes
3619 2096 3636 2123 ,

2050 2163 2252 2218 easque
2283 2149 2560 2216 spiritales
2597 2152 2817 2220 nuptias
2846 2165 2968 2206 esse
2991 2148 3286 2215 afﬁrmant,
3309 2150 3375 2202 ad
3403 2147 3637 2203 formam

2049 2251 2106 2294 et
2133 2241 2442 2310 exemplum
2474 2242 2778 2296 caelestium
2808 2242 3212 2312 coniugiorum.
3240 2240 3345 2294 Alii
3377 2255 3505 2294 vero
3535 2239 3639 2294 ini-

2054 2330 2267 2385 tiandos
2305 2330 2590 2385 adducunt
2625 2332 2692 2386 ad
2728 2332 3029 2399 lavacrum,
3063 2341 3118 2385 et
3156 2340 3486 2401 mergentes,
3523 2330 3638 2386 haec

2054 2420 2336 2489 proferunt
2363 2422 2527 2477 verba
2566 2439 2579 2475 :
2611 2422 2666 2475 ltt
2703 2424 2925 2476 nomine
2953 2423 3124 2494 ignoti
3158 2422 3404 2478 omnium
3434 2423 3637 2484 Patris,

2054 2511 2106 2564 in
2152 2511 2397 2565 Veritate
2454 2514 2698 2566 omnium
2757 2522 2954 2580 matre,
3003 2514 3055 2567 in
3094 2528 3161 2568 eo
3214 2515 3305 2583 qui
3361 2514 3641 2569 descendit

2058 2601 2215 2672 125
2277 2604 2330 2657 in
2384 2600 2590 2657 Jesum.
2656 2603 2761 2658 Alii
2818 2618 3011 2659 rursus
3062 2603 3327 2659 Hebraica
3383 2607 3639 2675 quaedam

2055 2695 2408 2761 proauntiant
2430 2695 2671 2761 nomina,
2703 2706 2762 2749 ut
2784 2696 3044 2764 majorem
3072 2695 3355 2750 initiandis
3380 2709 3639 2764 pavorem

2055 2784 2491 2841 incutiant.nSetl
2512 2785 2722 2856 Hygino
2743 2796 2866 2855 post
2891 2797 3145 2856 quartum
3180 2787 3525 2857 episcopatus
3551 2800 3644 2839 an-

2056 2890 2181 2928 num
2215 2887 2433 2929 mortuo
2459 2915 2476 2939 ,
2524 2874 2787 2931 Romana:
2817 2876 3074 2931 Ecclesia:
3113 2877 3480 2933 sacerdotium
3515 2891 3641 2931 sus-

2053 2966 2197 3034 cepit
2221 2965 2366 3020 Pius.
2403 2966 2750 3022 Alexandriae
2774 2981 2902 3022 vero
2925 2983 3049 3022 cum
3075 2968 3348 3024 Eumenes
3376 2969 3637 3024 tredecim

2052 3071 2227 3111 annos
2256 3058 2556 3127 explesset,
2590 3057 2804 3113 Marcus
2834 3058 2889 3113 in
2923 3059 3045 3128 ejus
3076 3058 3253 3113 locum
3289 3060 3518 3114 antistes
3548 3059 3646 3115 de-

2054 3149 2300 3218 signatus
2340 3162 2442 3204 est.
2506 3151 2625 3216 Quo
2667 3150 2859 3205 deinde
2904 3159 3025 3219 post
3064 3152 3249 3205 decem
3297 3151 3646 3220 pontificatus

363 3216 592 3308 Μάρκου
623 3240 716 3292 ἐπὶ
745 3238 879 3293 δέκα
909 3216 1015 3310 ἐτη.
1042 3240 1143 3309 τῆς
1166 3216 1514 3311 λειτουργίας
1557 3238 1948 3309 ἀναπαυσαμέ-

2055 3253 2227 3293 annos
2266 3250 2515 3303 mortuo,
2562 3239 2947 3294 Alexandrinae
2988 3241 3245 3295 Ecclesia:
3294 3241 3646 3296 adminiswa-

362 3344 478 3392 νου,
531 3329 807 3383 Κελαδίων
860 3331 961 3400 τῆς
1016 3331 1410 3402 Ἀλεξανδρέων
1478 3330 1807 3401 Ἐκκλησίας
1853 3330 1951 3402 τὴν

362 3416 704 3489 λειτουργίαν
737 3420 1174 3491 παραλαμϐάνει.
1204 3423 1314 3475 Καὶ
1347 3419 1488 3474 κατὰ
1524 3422 1622 3491 τὴν
1665 3421 1953 3491 Ῥωμαίων

365 3507 424 3560 δὲ
470 3508 624 3563 πόλιν
684 3511 1153 3581 πεντεκαιδεκάτῳ
1208 3512 1306 3582 τῆς
1364 3513 1673 3583 ἐπισκοπῆς
1724 3514 1953 3585 ἐνιαυτῷ

368 3598 500 3651 Πίου
537 3599 984 3669 μεταλλάξαντος,
1028 3602 1307 3673 Ἀνίκητος
1349 3603 1457 3657 τῶν
1486 3607 1664 3659 ἐκεῖσε
1694 3606 1955 3681 προΐστα-

368 3707 477 3744 ται.
513 3689 742 3744 Καθ”δν
783 3693 1126 3763 Ἡγήσιππος
1160 3694 1363 3766 ἱστορεῖ
1397 3696 1586 3750 ἑαυτὸν
1618 3699 1955 3769 ἐπιδημῆσαι

367 3784 434 3854 τῇ
474 3780 682 3853 Ῥώμῃ,
712 3785 1048 3855 παραμεῖναί
1082 3802 1141 3838 τε
1183 3786 1368 3839 αὐτόθι
1400 3787 1562 3860 μέχρι
1586 3788 1688 3859 τῆς
1724 3789 1948 3843 ἐπισκο-

368 3875 479 3945 πῆς
541 3875 875 3947 Ἐλευθέρου.
927 3876 1177 3932 Μάλιστα
1233 3879 1290 3935 δὲ
1340 3878 1590 3951 ἢκμαζεν
1643 3881 1736 3934 ἐπὶ
1783 3882 1951 3935 τῶνδε

379 3964 684 4030 Ἰουστῖνος,
740 3968 797 4019 ἐν
850 3967 1137 4036 φιλοσόφου
1193 3970 1433 4041 σχήματι
1488 3971 1806 4043 πρεσϐεύων
1861 3973 1952 4026 τὸν

366 4058 509 4111 θεῖον
540 4058 716 4126 λόγον,
754 4060 847 4113 καὶ
878 4064 991 4120 τοῖς
1026 4062 1164 4132 ὑπὲρ
1207 4061 1308 4132 τῆς
1352 4062 1588 4127 πίστεως
1632 4064 1954 4132 ὲναγωνιζό-

370 4168 530 4223 μενος
560 4152 1004 4223 συγγράμμασιν.
1054 4152 1141 4216 ’ος
1169 4152 1232 4224 δὴ
1259 4153 1353 4206 καὶ
1382 4152 1600 4224 γράψας
1630 4154 1773 4208 κατὰ
1799 4156 1956 4225 Μαρ-

369 4348 503 4400 stris

369 4412 535 4481 λειον,
576 4434 680 4469 non
714 4418 767 4469 iu
794 4420 894 4472 hoc
924 4418 1096 4471 solum
1134 4418 1272 4482 loco,
1297 4412 1390 4472 sed
1426 4416 1739 4485 ubicunque
1779 4419 1830 4471 id
1861 4434 1956 4471 no—

372 4500 494 4539 men
522 4488 780 4540 occurrit.

450 4555 562 4625 (5i)
599 4557 1001 4626 Βλασφημῶν.
1030 4557 1241 4626 Religio
1282 4556 1385 4611 fuit
1429 4556 1945 4625 Citristophorsono,

372 4642 563 4696 vocem
599 4627 912 4696 bancquam
937 4627 1605 4696 ecclesiasticiiscriptorcs
1628 4627 1947 4695 jamdudum

375 4692 623 4752 Latinam
654 4692 920 4759 lccerunt,
945 4713 1231 4767 usurpare.
1268 4692 1444 4751 Vertit
1485 4692 1667 4765 itaque
1707 4697 1949 4767 convicia

366 4769 629 4837 jactans,
653 4769 788 4837 male
817 4765 1092 4829 omninof
1123 4769 1316 4821 melius
1372 4767 1647 4829 vertisset,
1679 4767 1836 4833 impie
1853 4765 1950 4837 _lo-

375 4834 547 4890 cuius.
579 4835 670 4886 Sic
701 4836 1037 4905 Domitianus
1088 4839 1227 4905 apud
1258 4838 1579 4891 Suetonium
1614 4837 1748 4889 dicit
1785 4852 1798 4888 :
1843 4834 1952 4887 Im-

376 4908 459 4973 pie
490 4908 693 4956 locutus
723 4916 796 4958 est
830 4904 1220 4960 Parmularius.
1280 4907 1389 4961 Nos
1439 4916 1640 4969 tamen,
1697 4906 1948 4960 Ruﬁnum

376 4974 573 5035 secuti,
622 4977 880 5028 vertimus
927 4976 1303 5042 blosphemare.
1356 4976 1545 5044 Neque
1605 4978 1751 5031 enim
1804 4976 1950 5027 refu-

377 5047 570 5115 gienda
600 5057 726 5098 sunt
766 5045 880 5115 haec
921 5049 1117 5115 verba,
1154 5061 1275 5115 qua:
1323 5056 1400 5101 tot
1442 5047 1765 5100 szeculoruin
1821 5058 1950 5098 usus

376 5104 740 5169 consecravit.
794 5104 1009 5183 Alioqui
1072 5104 1329 5170 Ecclesiae
1385 5128 1439 5171 et
1485 5117 1850 5183 apostolorum
1895 5123 1952 5167 et

376 5184 603 5252 episcopi
648 5194 703 5237 et
754 5185 1002 5238 catholici
1046 5186 1266 5238 vitanda
1314 5195 1477 5240 erunt
1521 5186 1784 5240 vocabula
1834 5200 1848 5236 :
1894 5194 1950 5237 et

377 5254 534 5321 longa
566 5255 856 5308 verborum
896 5258 1036 5308 serie
1088 5256 1427 5308 obscuranda
1478 5256 1585 5309 erit
1637 5256 1839 5314 oratio,
1885 5269 1952 5307 ne

378 5325 632 5377 dictionis
662 5326 821 5379 unius
848 5340 1070 5393 prorsus
1096 5326 1419 5379 necessariae
1457 5325 1757 5388 asperitate
1787 5325 1952 5376 laeda-

379 5403 488 5447 tur.
526 5394 828 5464 Lyprianus
865 5405 1016 5448 certe
1063 5395 1117 5448 in
1174 5396 1318 5447 dicta
1366 5396 1436 5447 ad
1476 5394 1789 5459 Pompeium
1839 5394 1953 5461 epi-

376 5463 680 5521 stola.(:um
716 5466 859 5518 hunc
900 5465 1088 5518 Ireutei
1134 5465 1317 5518 locum
1362 5477 1655 5532 suppresso
1702 5463 1951 5517 auctoris

378 5534 598 5587 nomine
627 5536 982 5594 describeret,
1020 5537 1186 5588 verbo
1224 5534 1589 5590 blasphemare
1622 5534 1697 5585 uti
1732 5548 1838 5585 non
1868 5547 1953 5584 re-

378 5606 604 5657 cusavit.
642 5602 733 5658 Sic
759 5605 902 5658 enim
932 5606 1007 5656 ait
1042 5622 1054 5657 :
1085 5604 1251 5669 Quem
1300 5603 1546 5659 Marcion
1586 5613 1817 5663 secutus,
1854 5602 1954 5652 ad-

379 5673 505 5726 ditis
532 5673 600 5725 ad
642 5676 836 5727 crimen
885 5676 1184 5743 augmenti:
1209 5716 1224 5740 ,
1261 5672 1640 5743 impudentius
1662 5671 1865 5743 caeteris
1901 5679 1951 5723 et

383 5744 652 5822 abruptius
682 5746 736 5799 in
779 5741 1190 5799 Deum'Patrcm
1232 5745 1536 5800 Creatorem
1591 5741 1952 5812 blasphemare

384 5816 633 5869 instituit.

620 5910 894 5974 ΡΑτιιοι..
942 5911 1039 5974 Gn
1112 5913 1252 5981 XX.

441 4275 559 4401 (βθί
582 4276 831 4343 Ηῦξησε
863 4276 928 4331 τὸ
965 4275 1417 4332 διδασκαλεῖον.
1462 4275 1518 4356 1⁸η
1564 4277 1845 4358 codicibus
1863 4293 1962 4330 no-

441 4362 503 4400 HS
562 4348 646 4401 laz
678 4386 693 4401 .
740 4348 880 4401 Med.
914 4353 967 4400 ct
1010 4347 1144 4401 Fuk.
1187 4350 1451 4401 scrintum
1480 4361 1657 4400 Inveni
1703 4347 1960 4400 διδασκά-

562 4348 646 4401 laz
678 4386 693 4410 ,
740 4348 880 4401 Med.
914 4353 967 4400 ct
1010 4347 1144 4401 Fuk.
1187 4350 1451 4414 scriptum
1480 4347 1657 4400 inveni
1703 4347 1960 4400 διδασκά-

2057 3327 2263 3381 tionem
2293 3326 2552 3383 Celadion
2589 3327 2818 3395 accepit.
2863 3328 2935 3381 At
2960 3327 3149 3384 Romae
3177 3345 3304 3385 cum
3332 3322 3461 3384 Pius
3501 3344 3647 3384 anno

2051 3418 2398 3487 episcopatus
2451 3421 2535 3474 sui
2584 3422 2779 3490 quinto
2827 3420 3042 3476 decimo
3094 3422 3263 3476 vitam
3313 3436 3438 3478 cum
3472 3432 3646 3477 morte

2057 3521 2484 3575 commutasset,
2534 3512 2795 3569 Anicetus
2832 3513 3087 3569 Ecclesia:
3122 3512 3268 3568 illius
3293 3515 3539 3571 Antistes
3574 3515 3647 3569 fa-

2057 3612 2178 3658 ctus
2205 3614 2309 3660 est.
2338 3603 2509 3672 Hujtts
2535 3607 2875 3676 temporibus
2904 3621 2963 3662 se
2992 3607 3044 3660 in
3075 3607 3263 3661 urbem
3290 3606 3522 3661 Romam
3555 3622 3646 3662 ve-

2066 3696 2210 3750 nisse
2252 3697 2453 3752 scribit
2483 3697 2856 3767 Hegesippus,
2905 3697 3214 3766 ibidemque
3252 3698 3319 3750 ad
3363 3697 3642 3753 Eleutheri

2063 3804 2234 3858 usque
2279 3792 2647 3860 episcOpatutn
2694 3790 2953 3843 continuo
2999 3788 3389 3858 permansisse.
3441 3789 3643 3846 Eadem

2062 3889 2385 3950 tempestate
2424 3896 2538 3950 pra:
2568 3883 2785 3935 czcteris
2811 3881 3065 3935 omnibus
3097 3877 3329 3934 ﬂorebat
3356 3877 3645 3945 Justinus,

2060 3971 2161 4025 sub
2207 3972 2393 4025 habitu
2438 3972 2747 4042 philosophi
2801 3973 3028 4027 verbum
3073 3970 3167 4025 Dei
3202 3972 3539 4042 prmtlicans,
3591 3982 3649 4027 et

2061 4063 2283 4131 scriptis
2329 4062 2699 4117 voluminibus
2742 4077 2845 4133 pro
2889 4061 2994 4115 ﬁde
3042 4070 3228 4115 nostra
3274 4076 3645 4132 propugnans.

2062 4155 2164 4222 Qui
2195 4158 2248 4211 in
2278 4158 2418 4213 libro
2450 4156 2701 4212 adversus
2727 4156 3056 4212 Marciorum
3087 4170 3212 4211 eum
3243 4158 3423 4212 adhuc
3453 4171 3647 4227 super-

2142 4278 2257 4348 (5‘2)
2305 4278 2697 4333 Εὐτονώτατα
2752 4274 3123 4348 διαπλῴσας.
3194 4274 3642 4348 Nicephorusin

2070 4346 2164 4404 lib.
2206 4366 2282 4411 Iv,
2318 4366 2438 4417 cap.
2468 4351 2523 4415 5,
2556 4350 2719 4403 habet
2741 4346 3091 4417 διαπλεύσας,
3124 4347 3264 4417 quod
3308 4362 3411 4417 non
3448 4346 3641 4417 probo.

2072 4386 2164 4404 ην.
2206 4386 2250 4404 ι.
2318 4386 2377 4402 ι..
2424 4389 2438 4403 .
2468 4386 2501 4402 υ
2556 4386 3040 4403 μωωηωηηςυυ...
3308 4386 3410 4397 ..νη

1991 4392 2035 4445 D
2065 4420 2194 4474 Scio
2218 4386 2433 4486 quitleiit
2476 4390 2711 4486 a.p0elis
2754 4386 3091 4480 Stanlo'maz’
3115 4386 3222 4469 d'ici
3260 4429 3356 4481 pro
3389 4386 3647 4471 διᾶπλεύ-

2053 4505 2185 4554 σαςο
2216 4491 2310 4543 sed
2344 4491 2431 4543 hic
2471 4505 2579 4543 non
2637 4490 2849 4542 videtur
2898 4486 3213 4541 convenire.
3249 4486 3429 4550 Quare
3479 4489 3645 4543 malui

2054 4570 2267 4614 vertere
2302 4563 2403 4613 hoc
2448 4560 2571 4613 loco
2599 4559 2886 4625 explicare.
2919 4572 2985 4611 eo
3024 4570 3185 4625 sensu
3231 4570 3339 4624 quo
3370 4554 3647 4625 Eusebius

2056 4630 2108 4682 in
2166 4630 2566 4698 posterioribus
2616 4623 2781 4700 libris,
2825 4627 2985 4692 dicit,
3048 4623 3270 4697 ἦπλωτο
3325 4623 3394 4678 τὰ
3455 4626 3644 4700 γράμ-

2055 4716 2221 4769 ματα,
2250 4701 2525 4771 proposita
2557 4708 2677 4751 sunt
2698 4699 2895 4750 edicta.

2123 4790 2236 4863 (35)
2281 4790 2438 4863 Πρὸς
2484 4789 2550 4844 τὸ
2588 4786 2834 4863 μᾶλλον
2876 4783 3400 4863 καταπλήξασθαι.
3460 4785 3643 4863 Nostri

2052 4855 2277 4918 codices
2306 4855 2469 4923 Mar...
2495 4878 2557 4912 ac
2591 4855 2730 4913 Med.
2765 4874 2889 4913 cum
2924 4855 3063 4911 Fuk.
3086 4867 3140 4910 et
3167 4858 3342 4910 Savil.
3375 4858 3642 4927 scriptum

2054 4935 2258 4987 habent
2294 4929 2659 5002 καταπλῆξαι.
2692 4930 2867 4996 Atque
2909 4929 2994 5002 ita
3013 4927 3211 5002 legisse
3226 4929 3463 5002 _videtur
3486 4939 3645 5002 vetus

2054 5004 2323 5070 interpres
2400 4996 2589 5056 lreniei
2656 5002 2709 5053 in
2747 5069 2750 5070 ν
2788 5006 2910 5066 cap.
2973 4996 3239 5070 18‘libri
3301 4997 3487 5066 primi.
3553 4997 3647 5070 Sic.

2051 5067 2210 5126 enim
2226 5072 2414 5135 vertit,
2449 5082 2503 5126 ut
2550 5069 2754 5139 stupori
2798 5070 2904 5122 sint
2944 5067 3020 5121 rei
3065 5076 3393 5137 perterreant
3424 5084 3516 5122 eos
3552 5069 3644 5137 qui

2051 5150 2362 5197 cacrantur.

2124 5232 2238 5305 (34)
2271 5232 2434 5287 Μετὰ
2469 5229 2756 5305 τέταρτον
2790 5229 2929 5305 τῆςὲ
2952 5224 3298 5305 ἐπισκοπῇς
3332 5225 3493 5305 ἔτος.
3526 5224 3643 5278 Ru-

2055 5298 2196 5359 ﬁnus
2218 5298 2428 5372 legisse
2454 5298 2671 5355 videtur
2699 5300 2841 5355 κατὰ
2874 5299 3160 5372 τέταρτον.
3212 5298 3306 5350 Sic
3343 5298 3488 5350 enim
3517 5307 3643 5372 ver-

2056 5377 2117 5428 tit
2149 5391 2163 5427 :
2196 5366 2401 5443 Quarto
2456 5380 2635 5424 autem
2667 5366 3022 5443 episcopatu:—
3069 5369 3335 5443 s_ui_anno
3378 5366 3642 5443 cudee-

2052 5434 2292 5497 cessisset
2340 5441 2606 5511 Hyginus,
2657 5434 2914 5494 Romanae
2954 5436 3231 5511 ﬁcetum!
3284 5434 3642 5511 sacerdotium

2054 5512 2192 5567 Pius
2221 5500 2472 5579 suscepit.
2505 5500 2679 5565 Porro
2712 5525 2929 5579 nomen
2954 5507 3036 5561 Pii
3084 5508 3176 5579 qui
3208 5503 3493 5579 successit
3534 5500 3646 5570 Hy-

2053 5587 2200 5653 gino,
2235 5584 2287 5653 in
2323 5568 2609 5636 codicibus
2630 5580 2857 5653 nostris
2888 5578 3054 5653 Mam,
3087 5568 3243 5653 .Mcd.
3271 5582 3327 5653 et
3360 5568 3496 5653 fuit:
3519 5568 3645 5653 ,τιρῃ

2054 5638 2523 5719 circumﬂectitur,
2545 5651 2643 5708 sed
2679 5650 2892 5705 acuitur
2928 5650 2981 5704 in
3016 5638 3191 5715 prima
3215 5642 3446 5712 syllaba.
3476 5638 3643 5701 quue

2055 5723 2264 5783 rectius
2288 5732 2440 5793 puto.

3259 5892 3328 5951 11
