4192 6442
480 380 584 414 δυο

1191 358 1460 414 EUSEBII
1499 358 1983 416 CxESAlllENSlS
2020 358 2170 415 ΟΡΡ.
2212 356 2392 411 PARS
2431 355 2470 410 l.
2513 385 2585 398 —
2621 351 3018 408 IllSTORlCA.

3644 350 3751 402 356

482 482 655 531 teant.
712 471 882 527 Multo
927 473 1069 527 enim
1119 477 1293 543 magis
1328 475 1433 528 illis
1463 476 1720 529 convenit
1746 475 1937 543 punire
1967 488 2058 527 eos

2179 469 2321 537 Ἐγὼ
2358 470 2458 540 μὲν
2486 465 2604 521 οἶδα
2633 467 2715 520 ὃτι
2749 467 2843 520 καί
2883 468 2996 528 τοῖς
3032 462 3173 525 θεοῖς
3214 459 3473 531 ἐπιμελές
3501 461 3638 522 ἐστι,
3676 460 3752 532 μὴ

479 566 572 636 qui
599 564 781 620 colere
813 566 957 635 ipsos
985 575 1277 628 recusant,
1310 580 1473 633 quam
1503 566 1679 619 vobis.
1711 566 1815 630 Qui
1847 580 2060 624 eorum,

483 659 749 712 adversus
783 670 917 725 quos
946 655 1387 720 tumultuamini,
1421 656 1747 709 sententiam
1773 670 1835 707 ac
1867 668 2066 722 propo-

482 750 649 805 situm
678 747 909 815 amplius
940 746 1285 800 conﬁrmatis
1307 786 1323 811 ,
1356 747 1481 800 dum
1513 761 1608 800 eos
1637 746 1909 798 accusatis
1947 756 2066 797 tan-

479 855 643 909 quam
678 839 889 906 impios.
946 836 1055 891 Illis
1103 844 1285 891 autem
1336 836 1501 903 longe
1533 835 1821 904 optabilius
1864 835 2060 904 luerit,

480 938 541 982 ut
568 929 618 983 in
640 932 731 997 jus
759 926 935 981 vocali
971 936 1201 981 mortem
1229 937 1488 996 oppetere
1513 929 1801 982 videantur
1830 944 1927 998 pro
1951 928 2062 984 Deo

480 1036 615 1086 suo,
669 1036 830 1090 quam
866 1029 924 1073 ut
956 1019 1259 1074 incolumes
1303 1030 1646 1073 remaneant.
1701 1019 1780 1074 ita
1829 1023 2063 1076 victores

479 1115 757 1179 evadunt,
811 1114 1025 1167 anitnas
1068 1126 1197 1166 suas
1238 1112 1419 1179 potius
1469 1111 1849 1179 projicientes,
1898 1128 2060 1181 quam

479 1214 539 1259 ut
566 1220 628 1260 ea
665 1203 851 1258 facere
881 1218 1001 1272 qua:
1025 1217 1123 1256 vos
1149 1202 1392 1269 jubetis,
1431 1202 1485 1255 in
1516 1202 1756 1256 animum
1791 1217 1946 1256 suum
1977 1202 2063 1259 in-

478 1299 702 1353 ducant.
759 1297 1029 1351 Czeteruin
1078 1296 1144 1349 de
1205 1295 1602 1349 terraeinotilius
1652 1297 1745 1365 qui
1791 1295 1876 1350 vel
1931 1294 2058 1349 facti

472 1399 604 1446 sunt
653 1389 737 1444 vel
770 1391 1070 1443 etiamnum
1122 1387 1292 1454 ﬁunt,
1356 1404 1464 1442 non
1506 1387 1801 1442 absurdum
1847 1388 2062 1442 videtur

477 1497 576 1539 vos
628 1494 1009 1544 cominonere,
1070 1481 1160 1549 qui
1207 1490 1262 1535 et
1301 1482 1511 1535 animos
1565 1480 1802 1546 abjicitis
1847 1480 2059 1549 quoties

479 1573 790 1645 bujusmodi
822 1587 983 1627 casus
1011 1573 1369 1641 contingunt,
1402 1583 1453 1627 et
1480 1583 1655 1626 vestra
1682 1588 1803 1625 cuni
1839 1572 2058 1627 illorum

481 1664 748 1722 institutis
780 1664 1133 1730 comparatis.
1193 1665 1355 1734 Atqui
1410 1664 1483 1717 illi
1530 1665 1751 1732 quidem
1797 1666 2055 1732 majorem

480 1767 612 1813 tunc
644 1756 897 1809 ﬁduciam
933 1757 984 1810 in
1019 1757 1130 1810 Deo
1160 1756 1445 1810 collocant.
1487 1756 1595 1811 Vos
1622 1772 1750 1810 vero
1776 1772 1875 1827 per
1897 1772 2057 1811 omne

2164 561 2446 615 λανθάνειν
2487 559 2613 622 τοὺς
2645 556 2940 619 τοιούτους.
2991 553 3133 606 Πολὺ
3176 551 3282 622 γὰρ
3321 551 3521 622 μᾶλλον
3555 552 3754 604 ἐκεῖνοι

2165 656 2453 710 κολάσαιεν
2497 653 2562 707 ἂν
2607 652 2735 715 τοὺς
2777 650 2853 723 μὴ
2893 650 3249 720 βουλομένους
3286 649 3482 712 αὐτοῦς
3512 664 3757 717 προσκυ-

2165 746 2295 801 νεῖν.
2326 743 2359 815 ἢ
2392 745 2569 813 ὑμεῖς.
2600 741 2708 805 Οὓς
2744 743 2823 803 εἰς
2849 739 3092 811 ταραχὴν
3126 738 3455 809 ἐμϐάλλετε,
3486 737 3759 809 βεϐαιοῦν·

2163 852 2255 898 τες
2278 836 2377 905 τὴν
2401 833 2628 904 γνώμην
2653 834 2832 886 αὐτῶν
2861 833 3041 903 ἥνπερ
3072 832 3286 901 ἔχουσιν
3318 830 3452 901 (45),
3476 830 3551 894 ὼς
3577 830 3756 884 ἀθέων

2162 928 2621 1000 κατηγοροῦντες.
2660 928 2757 999 Εῖη
2801 929 2847 982 δ’
2882 928 2949 981 ἂν
2993 928 3267 991 κάκείνοις
3296 927 3510 993 αἱρετὸν
3544 927 3657 995 (ιιι)
3694 926 3756 980 τὸ

2161 1017 2337 1073 δοκεῖν
2373 1019 2880 1090 κατηγορουμένους
2905 1017 3017 1086 (47)
3042 1016 3295 1071 τεθνάναι
3324 1016 3545 1088 μᾶλλον,
3574 1017 3605 1087 ἢ
3632 1016 3754 1088 ζῇν,

2161 1110 2303 1182 ὑπὲρ
2321 1111 2415 1165 τοῦ
2438 1111 2640 1165 οἰκείου
2673 1110 2831 1165 Θεοῦ.
2892 1111 3055 1164 Ὅθεν
3083 1112 3177 1162 κα)⁵
3204 1110 3417 1171 νικῶσι,
3443 1110 3756 1181 προιέμενοι

2159 1201 2259 1266 τάς
2319 1203 2528 1256 ἑαυτῶν
2589 1202 2786 1272 ψυχάς,
2831 1203 2977 1274 ἥπερ
3029 1201 3344 1271 πειθόμενοι
3394 1196 3476 1263 οἷς
3534 1199 3753 1266 ἀξιοῦτε

2162 1296 2425 1366 πράττειν
2469 1294 2686 1358 αὐτούς.
2719 1296 2857 1366 Περὶ
2888 1294 2944 1347 δὲ
2974 1293 3081 1346 τῶν
3123 1292 3366 1362 σεισμῶν
3397 1293 3507 1345 τῶν
3541 1293 3756 1361 γεγονό-

2157 1402 2267 1440 των
2306 1388 2402 1440 καὶ
2451 1387 2755 1457 γινομένων
2804 1387 2906 1439 οὐκ
2962 1387 3162 1440 ἄτοπον
3218 1386 3362 1455 ὑμᾶς
3417 1385 3752 1453 ὑπομνῆσαι,

2158 1476 2501 1548 ἀθυμοῦντας
2534 1479 2629 1548 μὲν
2652 1480 2781 1532 ὅταν
2812 1495 2917 1550 περ
2947 1472 3071 1540 ὦσι,
3103 1476 3552 1549 παραϐάλλοντας
3581 1475 3638 1528 δὲ
3686 1477 3755 1531 τὰ

2159 1572 2404 1642 ἡμέτερα
2437 1570 2548 1641 (48)
2595 1571 2732 1642 πρὸς
2768 1571 2837 1623 τά
2873 1571 3117 1624 ἐκείνων.
3168 1572 3231 1625 Oi
3278 1571 3377 1641 μὲν
3409 1567 3502 1625 οὖν
3551 1571 3755 1643 εύπαρ-

2160 1665 2573 1737 ρησιαστύτεροι
2635 1665 2878 1732 γίνονται
2937 1664 3075 1736 πρὸς
3110 1665 3202 1717 τὸν
3256 1663 3428 1718 Θεόνο
3486 1664 3646 1734 ὑμεῖς
3697 1662 3755 1716 δὲ

2158 1757 2310 1829 παρὰ
2337 1758 2516 1811 πάντα
2544 1758 2635 1810 τὸν
2668 1758 2860 1827 χρόνον
2897 1758 3019 1810 καθ’
3048 1757 3108 1809 ὃν
3142 1758 3355 1825 ἀγνοεῖν
3383 1756 3612 1819 δοκεῖτε,
3645 1756 3754 1809 τῶν

481 1850 615 1904 illud
645 1858 857 1917 tempus
885 1863 988 1917 quo
1021 1862 1132 1917 prie
1166 1848 1437 1917 imperitia
1469 1848 1575 1901 labi
1612 1849 1741 1901 mihi
1770 1849 2056 1914 videmini,

2165 1866 2225 1901 τε
2253 1848 2392 1901 θεῶν
2419 1850 2514 1903 καὶ
2547 1849 2654 1901 τῶν
2689 1848 2865 1902 ἄλλων
2905 1848 3179 1918 ἀμελεῖτε,
3210 1849 3300 1901 καὶ
3330 1848 3426 1916 τῆς
3456 1847 3755 1919 θρησκείας

479 1942 611 1994 deos
665 1940 978 2009 ni-gligitis:
1028 1948 1083 1993 et
1131 1948 1245 1993 tum
1282 1940 1421 1994 alias
1454 1940 1810 1994 caeremonias
1842 1940 2061 2009 insuper

483 2032 734 2096 habetis,
784 2040 893 2083 tuin
945 2032 1152 2085 cultum
1202 2031 1528 2086 immortalis
1575 2032 1718 2086 illius
1753 2068 1767 2090 .
1806 2041 1859 2085 et
1903 2032 2061 2086 Cliri-

481 2125 687 2177 stianos
713 2122 803 2189 qui
837 2122 984 2175 illum
1012 2135 1341 2178 venerantur
1361 2164 1377 2189 ,
1408 2124 1710 2192 expellitis,
1738 2134 1791 2179 et
1820 2127 1884 2178 ad
1911 2140 2060 2178 mor-

481 2225 590 2269 tem
623 2230 793 2283 usque
822 2214 1079 2268 infestius
1109 2217 1433 2285 perurgetis.
1473 2214 1640 2268 Porro
1668 2216 1736 2270 de
1768 2216 1853 2270 bis
1887 2217 2062 2269 homi-

481 2307 640 2360 nibus
665 2306 878 2375 plurimi
908 2307 1063 2377 127
1098 2307 1500 2375 provinciarum
1520 2316 1762 2361 rectores
1785 2307 1906 2359 divo
1921 2307 2061 2377 patri

482 2408 673 2452 nostro
693 2407 850 2451 antea
872 2402 1231 2465 scripserunt.
1253 2395 1465 2462 Quibus
1492 2397 1580 2450 ille
1599 2398 1899 2467 rescripsit,
1918 2398 2062 2465 ejus-

485 2490 630 2541 modi
661 2490 909 2543 homines
943 2488 1087 2541 nulla
1119 2489 1364 2543 molestia
1398 2488 1717 2543 alliciendos
1745 2504 1868 2543 esse
1888 2529 1904 2554 ,
1951 2489 2059 2543 nisi

483 2579 626 2636 forte
651 2590 841 2634 contra
892 2589 1093 2635 statum
1132 2581 1345 2650 imperii
1382 2581 1612 2635 Romani
1645 2580 1851 2651 aliquid
1882 2579 2059 2634 moliri

478 2673 817 2727 viderentur.
840 2669 946 2726 Sed
961 2681 1016 2726 et
1039 2670 1191 2726 multi
1210 2673 1276 2725 ad
1297 2686 1381 2726 me
1399 2673 1463 2726 de
1481 2672 1586 2727 illis
1601 2673 1899 2727 retulerunt
1918 2690 1931 2724 :
1949 2673 2064 2743 qui-

483 2768 585 2820 bus
606 2782 707 2836 ego
735 2766 907 2835 patris
935 2765 1038 2818 mei
1062 2763 1514 2818 constitutionem
1542 2775 1760 2819 secutus
1785 2767 2061 2835 respondi.

480 2860 636 2926 Quod
670 2860 713 2913 si
761 2858 883 2927 quis
916 2858 1092 2912 adhuc
1139 2858 1315 2927 pergit
1346 2858 1604 2926 cuiquam
1650 2857 1863 2911 illorum
1898 2873 2063 2926 nego-

484 2947 616 3001 tTum
650 2946 921 3001 facessere
950 2962 1016 3001 ex
1058 2961 1123 3001 eo
1151 2947 1296 3017 quod
1329 2947 1672 3002 Christianus
1715 2949 1816 3012 sit,
1850 2949 2061 3006 delatus

480 3041 698 3107 quidem
747 3040 975 3093 crimine
1025 3039 1377 3105 absolvatur,
1434 3039 1651 3093 tametsi
1703 3048 1913 3094 constet
1937 3055 2060 3093 eum

480 3132 655 3199 reipsa
688 3130 1067 3185 Christianum
1096 3144 1241 3185 esse.
1276 3130 1492 3184 Delator
1516 3140 1697 3185 autem
1728 3132 1845 3200 ipse
1874 3142 2061 3201 pinnas

2165 1943 2264 2010 τῆς
2298 1942 2427 2010 περὶ
2457 1941 2546 1992 τὸν
2570 1940 2858 2001 ἀθάνατον,
2885 1939 2944 1991 ὃν
2970 1939 3033 2010 δὴ
3063 1942 3190 2002 τοὺς
3214 1941 3572 2011 Χριστιανοὺς
3627 1938 3757 2009 θρη-

2168 2032 2460 2095 σκεύοντας
2486 2032 2734 2087 ἐλαύνετε
2763 2034 2857 2085 καὶ
2895 2031 3119 2085 διώκετε
3155 2032 3259 2094 ἕως
3293 2031 3544 2085 θανάτου.
3582 2032 3756 2102 Ὑπὲρ

2164 2124 2221 2178 δὲ
2274 2123 2382 2177 τῶν
2434 2123 2712 2187 τοιούτων,
2770 2123 2869 2194 ἤδη
2923 2123 3017 2176 καὶ
3073 2122 3258 2174 πολλοὶ
3315 2122 3425 2175 τῶν
3472 2123 3600 2192 περὶ
3657 2123 3755 2184 τὰς

2166 2215 2433 2286 ἐπαρχίας
2460 2216 2744 2285 ἡγεμόνων
2785 2215 2879 2267 καὶ
2909 2214 2986 2285 τῷ
3026 2214 3287 2284 θειοτάτῳ
3318 2217 3351 2284 ἡ
3363 2214 3479 2283 μῶν
3510 2213 3754 2286 ἔγραψαν

2168 2306 2335 2378 πατρί
2380 2306 2520 2374 (49)’
2571 2301 2652 2368 οἷς
2685 2308 2779 2359 καὶ
2813 2306 3120 2378 ἀντέγραψε
3158 2306 3324 2376 μηδὲν
3360 2306 3595 2377 ἐνοχλεῖν
3639 2307 3754 2367 τοῖς

2168 2398 2456 2461 τοιούτοις,
2504 2400 2552 2451 εἰ
2605 2398 2680 2468 μὴ
2730 2397 3003 2466 φαίνοιντο
3048 2415 3101 2450 τι
3147 2398 3275 2468 περὶ
3317 2397 3415 2467 τὴν
3468 2396 3756 2466 Ῥωμαίων

2167 2490 2462 2561 ἡγεμονίαν
2491 2490 2886 2562 ἐγχειροῦντες.
2917 2492 3028 2544 Καὶ
3059 2491 3182 2559 ἐμοὶ
3210 2490 3267 2542 δὲ
3293 2489 3423 2560 περὶ
3453 2488 3562 2541 τῶν
3588 2487 3757 2540 τοιού-

2165 2598 2273 2636 των
2302 2582 2482 2635 πολλοὶ
2507 2584 2810 2654 ὲσήμαναν,
2841 2577 2922 2645 οἷς
2951 2583 3015 2651 δὴ
3037 2584 3131 2635 καὶ
3153 2581 3493 2652 ἀντέγραψα,
3519 2595 3758 2634 κατακο-

2166 2670 2371 2724 λουθῶν
2398 2674 2463 2741 τῇ
2489 2670 2580 2723 τοῦ
2610 2672 2817 2744 πατρὸς
2841 2670 3055 2744 γνώμῃ.
3084 2672 3146 2724 Εἰ
3169 2672 3226 2724 δέ
3253 2689 3337 2735 τις
3364 2670 3613 2739 ἐπιμένοι
3635 2668 3757 2723 τινά

2165 2764 2272 2819 τῶν
2302 2764 2559 2818 τοιούτων
2602 2766 2681 2827 εἰς
2716 2765 3019 2836 πράγματα
3059 2763 3241 2834 φέρων
3277 2762 3354 2826 ὡς
3395 2762 3460 2832 δὴ
3490 2761 3756 2822 τοιοῦτον.

2167 2860 2371 2939 ἐκεῖνος
2412 2860 2441 2910 ὁ
2472 2857 2918 2928 καταφερόμενος
2961 2854 3315 2911 ἀπολελύσθω
3347 2855 3443 2908 τοῦ
3487 2854 3761 2926 ἐγκλήμα-

2166 2969 2276 3015 τος,
2309 2952 2404 3003 καὶ
2434 2949 2528 3002 ἐὰν
2559 2949 2817 3021 φαίνηται
2845 2949 3085 3013 τοιοῦτος
3121 2948 3223 3001 ὧν·
3257 2949 3285 3000 ὁ
3314 2949 3370 3002 δὲ
3409 2949 3756 3020 καταφέρων,

2169 3040 2352 3111 ἔνοχος
2385 3040 2538 3093 ἔσται
2561 3041 2736 3110 δίκης.
2771 3040 3046 3113 Προετέθη
3078 3042 3135 3093 ὲν
3186 3041 3397 3109 Ἐφέσῳ
3426 3039 3540 3109 (50)
3582 3041 3641 3091 ὲν
3681 3039 3758 3108 τῷ

2170 3134 2333 3205 κοινῴ
2375 3135 2475 3204 τῆς
2523 3134 2708 3197 Ἀσίας
2757 3133 2892 3204 (51).
2933 3151 2951 3184 ι
2994 3131 3220 3195 Τούτοις
3257 3130 3402 3184 οὕτω
3444 3131 3757 3202 χωρήσασιν

479 3287 534 3339 in
597 3301 652 3338 tv
684 3287 835 3342 Orat.
900 3300 1201 3340 sacrarum.
1248 3285 1313 3341 Et
1361 3286 1631 3341 Aristides
1681 3286 1897 3353 quidem
1955 3287 2065 3342 illic
2092 3296 2135 3352 (Γ.
2169 3303 2389 3344 sensum
2427 3289 2572 3341 bunc
2602 3287 2895 3341 admittere
2925 3302 3032 3339 non
3067 3295 3319 3354 possunt.
3350 3284 3565 3354 Optime
3610 3282 3753 3337 Lan-

478 3356 690 3421 scribit,
740 3356 841 3409 hoc
883 3358 1172 3411 concilium
1213 3356 1266 3409 in
1310 3357 1592 3425 superiore
1643 3355 1876 3425 Phrygia
1932 3373 2060 3412 con-

478 3426 709 3489 venisse,
745 3427 795 3478 id
821 3437 924 3489 est,
967 3428 1221 3495 Apamea:
1260 3426 1343 3479 vel
1376 3427 1669 3493 Synnadis.
1728 3428 1951 3480 Videtur
1984 3438 2059 3481 ta-

480 3511 602 3549 men
636 3498 800 3549 etiam
830 3497 881 3549 in
923 3497 1043 3549 aliis
1069 3497 1388 3550 civitatibus
1426 3506 1811 3563 congregatum
1861 3497 2052 3552 fuisse.

478 3566 649 3619 Erant
676 3577 732 3619 et
757 3567 810 3618 in
841 3566 962 3619 aliis
989 3568 1286 3633 provinciis
1319 3565 1502 3636 populi
1533 3566 1691 3619 Rom.
1731 3566 2048 3634 huiusmodi

480 3637 735 3699 concilia,
760 3646 819 3687 ut
852 3637 1141 3690 concilium
1169 3640 1467 3702 provincia:
1504 3636 1719 3699 Alricw,
1753 3638 2050 3692 concilium

480 3705 921 3775 Byzacenoruni,
1006 3707 1301 3759 concilium
1403 3704 1898 3772 Tripolitanorum;
1984 3709 2055 3762 de

480 3776 916 3899 grébigsunotavi
968 3776 1034 3828 ad
1093 3777 1188 3829 lib.
1244 3789 1414 3829 xxvnt
1480 3777 1661 3829 Anim.
1711 3776 2055 3843 Marcellini,

517 3860 603 3897 ια.
631 3860 666 3897 0
686 3860 756 3897 νο.

480 3859 666 3982 μῗὶέῗ
685 3859 1093 3979 ,ἓεὸαιοῦντες
1144 3911 1261 3981 τὴν
1319 3913 1561 3984 γνώμην
1608 3914 1807 3969 αὐτῶν
1870 3914 2064 3984 ἥνπερ

478 3984 751 4058 ἔχουσιζ.
799 3984 1136 4058 Nicephorius
1180 3994 1301 4052 post
1351 3989 1463 4058 base
1505 3989 1692 4058 verba
1732 3986 1883 4058 addit
1933 3987 2064 4058 περὶ

483 4051 661 4126 ἡμῶν.
694 4051 871 4126 _Qn_am
903 4051 1233 4126 scripturam
1265 4056 1550 4107 conllrmat
1583 4055 1758 4109 Ruﬁni
1791 4051 2062 4124 interpre-

486 4123 641 4177 latio.
681 4123 789 4178 Sed
820 4139 931 4186 vos,
966 4124 1169 4191 inquit,
1203 4126 1527 4192 conﬁrmatis
1568 4141 1749 4177 eorum
1783 4141 1913 4193 quos
1943 4123 2064 4194 per-

480 4195 758 4262 :equimini
794 4196 1104 4246 sententiam
1130 4208 1291 4262 quam
1326 4195 1391 4247 de
1420 4194 1558 4248 vobis
1588 4195 1800 4260 habent,
1834 4198 2064 4249 dicentes

479 4279 567 4319 ws
603 4266 788 4332 impios
818 4279 945 4316 esse.

551 4334 666 4405 (Mi)
710 4333 820 4401 Εἵη
850 4333 901 4386 δ’
926 4332 1004 4405 ἂν
1041 4334 1345 4398 κάκείνοις
1376 4334 1633 4405 αἰρετόν.
1666 4332 1719 4386 In
1751 4334 1935 4405 tribus,
1959 4350 2061 4388 no-

480 4403 613 4459 stris
642 4405 924 4458 codicibus
959 4404 1120 4467 Maz.,
1152 4406 1288 4457 Med.
1316 4414 1370 4457 et
1398 4403 1532 4457 Fiik.
1564 4405 1763 4471 legitur
1805 4405 1889 4474 εἴη
1920 4404 1965 4457 δ’
1996 4406 2062 4460 ἂν

478 4474 709 4536 ἐκείνοις
732 4474 966 4539 αιρετόν,
993 4490 1154 4542 quam
1194 4474 1518 4542 scripturam
1553 4474 1723 4542 magis
1758 4481 1947 4543 probo.

2168 3375 2289 3427 gus.
2340 3362 2533 3411 doctus
2590 3357 2878 3427 Nii-epburi
2932 3358 3223 3423 interpres,
3277 3357 3623 3427 bnnclociini
3677 3355 3748 3406 ita

2162 3426 2367 3481 vi-rtit:
2417 3427 2490 3481 De
2538 3439 2689 3480 terra:
2727 3426 2951 3479 motibus
3004 3436 3179 3479 autem
3218 3427 3310 3492 qui
3362 3426 3439 3479 re!
3490 3426 3635 3492 {uere
3676 3426 3755 3477 vel

2160 3497 2297 3567 ﬁunt
2345 3500 2552 3558 adhuc,
2596 3513 2697 3549 non
2729 3497 3089 3561 importunum
3124 3499 3283 3565 fuerit
3328 3512 3415 3548 vos
3460 3498 3552 3563 qui
3587 3498 3756 3567 capide

2160 3566 2323 3621 tonui
2386 3570 2625 3619 animum
2679 3567 3053 3631 despondistis,
3131 3570 3435 3628 admonere,
3468 3575 3521 3616 ut
3553 3566 3757 3617 srilicct

2163 3654 2244 3690 res
2296 3649 2495 3690 vestras
2549 3653 2667 3689 cum
2714 3636 2870 3689 rebus
2939 3636 3157 3689 illarum
3213 3635 3520 3703 conferatis.
3582 3634 3754 3699 Igitur

2158 3705 2376 3767 iniigus
2426 3707 2571 3761 hunc
2623 3707 2797 3758 locum
2865 3706 2935 3758 ita
2983 3707 3160 3773 legit:
3193 3706 3310 3774 Οὐκ
3358 3706 3560 3758 ἄτοπον
3611 3705 3757 3774 ὑμᾶς

2166 3777 2509 3848 ὑπομνῆσαι,
2558 3774 2903 3846 ἀθυμοῦντας
2952 3771 3082 3848 ὃταν
3117 3793 3241 3848 ,περ
3279 3771 3415 3848 ὦσιο
3463 3771 3754 3848 παραϐάλ-

2165 3845 2452 3910 λονταςτά
2485 3845 2726 3918 ὑμέτερα
2752 3848 2889 3917 πρὸς
2915 3845 2983 3897 τὰ
3010 3845 3252 3918 ἐκείνων.
3281 3847 3750 3913 Quemadmodum

2167 3918 2362 3986 legitur
2398 3920 2467 3971 ad
2514 3916 2718 3971 calcem
2755 3916 3076 3984 Apologetici
3108 3916 3326 3971 Justini.
3360 3918 3492 3982 Quae
3529 3918 3751 3984 quidem

2167 3990 2436 4053 scriptura
2471 3988 2600 4039 milii
2633 3987 2980 4039 vehementer
3016 3987 3208 4055 placet.

2239 4058 2351 4127 (49)
2397 4055 2481 4121 Τῷ
2510 4054 2788 4122 θειοτάτῳ
2826 4054 3025 4122 πατρίέ
3052 4060 3226 4123 Supra
3273 4057 3601 4117 monuimus,
3633 4070 3754 4127 gra-

2167 4125 2310 4181 viter
2347 4129 2672 4180 liallucinari
2710 4127 3001 4179 Eusebium
3026 4141 3114 4194 qui
3150 4127 3290 4179 hanc
3319 4127 3607 4193 epistolam
3641 4125 3753 4180 An-

2167 4196 2357 4249 tonino
2404 4196 2501 4250 l’io
2554 4197 2892 4263 ascripserit.
2949 4195 3147 4249 Verum
3200 4198 3324 4249 licet
3377 4198 3602 4264 cpistola
3658 4198 3750 4251 illa

2167 4282 2273 4319 non
2306 4269 2374 4319 sit
2413 4266 2671 4319 Antooini
2709 4265 2813 4331 Pii,
2853 4276 3153 4334 opportune
3191 4277 3370 4319 tamen
3399 4278 3453 4319 et
3480 4282 3580 4319 suo
3631 4266 3753 4319 loro

2168 4336 2253 4388 liic
2308 4337 2616 4390 adducitur.
2665 4334 2722 4388 In
2768 4351 2832 4388 ea
2885 4338 3085 4403 quippe
3136 4336 3195 4388 lit
3254 4338 3458 4389 mentio
3506 4338 3752 4404 epistola:

2165 4405 2308 4459 illius
2338 4422 2498 4475 quam
2525 4407 2835 4460 Antoninus
2865 4405 2991 4459 Pius
3021 4409 3378 4472 rescripsvrat
3409 4409 3476 4459 ad
3503 4422 3749 4460 reeiores

2166 4478 2604 4542 provinciarum,
2658 4475 2939 4529 consultus
2989 4478 3055 4526 ab
3112 4478 3176 4528 iis
3229 4477 3361 4543 quid
3415 4476 3751 4531 Cliri-tiatiis

549 4546 663 4614 (47)
690 4532 805 4597 ’Τὸ
826 4532 1030 4598 donet?
1082 4532 1671 4612 κατηγορουμένουςῖ
1701 4532 1810 4615 Ilii“
1838 4547 2054 4612 quidem

2164 4532 2431 4615 agendum
2480 4532 2642 4600 esset.
2697 4546 2867 4612 llujus
2908 4546 3155 4611 epistola:
3210 4532 3317 4598 divi
3369 4545 3448 4599 Pii
3503 4547 3753 4599 meminit

479 4612 652 4670 codex
694 4617 914 4683 lie-gius,
947 4617 1031 4668 cui
1072 4625 1347 4667 coiisieiitit
1380 4615 1738 4681 Necpliorus.
1770 4612 1964 4668 Verum
2000 4618 2051 4669 in

480 4692 667 4757 codice
710 4686 985 4738 Miizaritio
1021 4697 1077 4757 et
1104 4684 1405 4757 Fuketiatio
1441 4686 1704 4751 scriptum
1761 4686 1938 4757 inveni
1978 4685 2056 4757 τῷ

476 4756 653 4808 δοκεῖν
699 4754 1216 4825 κατηγορουμένοις.
1271 4754 1452 4807 Codex
1516 4767 1696 4806 autem
1771 4754 2056 4811 Meilicmns

479 4835 741 4895 scriptum
789 4826 949 4879 liabet
985 4826 1045 4877 τὸ
1069 4826 1245 4877 δοκεῖν
1270 4826 1785 4895 κατηγορουμένοις.
1820 4826 1973 4890 Quod
2009 4830 2054 4880 si

477 4895 539 4947 τὸ
601 4893 779 4946 δοκεῖν
838 4897 1114 4963 li-gaiiiiis,
1167 4893 1505 4947 referenuniii
1566 4893 1670 4948 erit
1718 4899 1785 4948 ad
1834 4897 2054 4949 verbum

476 4963 952 5036 τεθνάναινβὶυιιι
1001 4963 1519 5036 ιἰςμιμίιΑΜιιειιιιΙιιε.
1567 4966 1623 5018 Si
1677 4981 1804 5018 vero
1849 4965 1926 5036 τῷ
1966 4966 2056 5019 δο-

478 5038 597 5087 κεῖν
622 5051 743 5086 ιλιιιιι
780 5034 915 5089 Mal.
954 5047 1005 5085 et
1037 5033 1173 5089 Fuk.
1207 5033 1304 5101 legi
1338 5035 1531 5097 placet.
1559 5047 1670 5087 tum
1707 5033 2052 5089 referendum

479 5117 585 5159 erit
616 5108 682 5177 ad
708 5109 929 5177 verbum
963 5104 1467 5177 κατηγορουμένους
1501 5116 1662 5173 prout
1692 5107 1875 5158 retulit
1915 5105 2056 5159 Lan-

479 5193 601 5245 gns.
650 5173 740 5226 Sit:
781 5176 927 5228 enim
971 5173 1132 5227 vertit
1173 5173 1187 5227 Ξ
1225 5176 1430 5239 Quibus
1473 5178 1829 5244 prwstabilins
1860 5179 2052 5240 etiam,

476 5250 605 5298 dum
645 5247 885 5297 accusari
920 5248 1172 5314 arguique
1208 5250 1467 5310 videntur,
1507 5262 1602 5315 pro
1644 5246 1755 5299 Deo
1790 5262 1884 5299 suo
1922 5247 2056 5301 mori

477 5330 677 5384 potius,
701 5331 856 5382 qnam
889 5316 941 5366 in
972 5318 1069 5367 vim
1110 5332 1338 5368 manere.

548 5384 658 5456 (ᾌὸ)
699 5383 1206 5452 Ιιαραϐάὶλοντας
1230 5384 1297 5437 δὲ
1320 5384 1393 5439 τὰ
1437 5383 1714 5455 ἡμέτερα.
1745 5383 2053 5455 Legendum

476 5457 693 5510 videtur
720 5458 787 5509 τὰ
814 5456 1083 5528 ὑμέτερα,
1124 5471 1179 5509 ιιι
1213 5459 1476 5509 scribitur
1506 5464 1649 5525 apud
1695 5455 1967 5510 Jiisuiiuni
2000 5457 2052 5509 in

478 5531 628 5580 calce
674 5528 1019 5594 Apcbogeiict.
1072 5528 1243 5593 Quam
1318 5528 1643 5593 scripturam
1700 5540 1917 5581 secutus
1973 5538 2056 5579 est

477 5600 637 5650 Clirts
662 5600 1024 5664 opliui'souus.
1056 5603 1147 5650 διο
1181 5597 1325 5648 enim
1359 5600 1520 5647 vertit
1554 5597 1698 5651 hunc
1730 5601 1904 5650 locum
1934 5610 1949 5648 :
1984 5595 2053 5650 Et

478 5668 710 5735 infelices
742 5669 894 5719 vestri
926 5670 1162 5720 omnium
1193 5683 1348 5717 rasus
1381 5682 1433 5718 ιη
1465 5666 1761 5735 religionem
1804 5678 2055 5736 tanquam

478 5739 776 5789 earumdem
801 5753 1020 5789 causam
1049 5735 1666 5806 transfertistEuiudem
1693 5735 1916 5806 quoque
1938 5755 2057 5791 seu-

479 5822 597 5859 suin
642 5809 912 5875 expressit
944 5807 1194 5862 Ruﬁnus.
1231 5808 1338 5860 bed
1366 5804 1556 5862 Graeca
1584 5804 1844 5862 Antonini
1883 5811 2047 5863 verba

2158 4615 2341 4669 Melito
2372 4617 2512 4669 infra
2551 4632 2671 4684 cap.
2697 4617 2789 4673 26.
2824 4630 2928 4681 qua
2981 4618 3202 4686 vetitum
3244 4630 3364 4668 esse
3397 4617 3530 4668 dicit
3578 4615 3749 4686 μηδὲν

2157 4686 2494 4756 νεωτερίζειν
2519 4674 2647 4758 περῖ
2693 4674 3072 4756 Χριστιανούς.
3117 4686 3214 4739 Hic
3261 4700 3389 4758 vero
3431 4687 3489 4758 iii
3521 4674 3749 4758 episiola

2160 4758 2265 4828 divi
2315 4759 2477 4809 Mai-ei
2512 4756 2711 4809 dicitur
2756 4766 2974 4807 cautum
3020 4772 3143 4809 esse
3190 4772 3220 4808 a
3269 4756 3394 4809 divo
3434 4756 3532 4809 Pio
3582 4756 3749 4828 μηδὲν

2158 4825 2358 4895 ὀχλεῖν,
2385 4829 2527 4894 quoii
2564 4827 2701 4895 idem
2733 4836 2836 4878 est.

2231 4900 2343 4964 (50)
2386 4893 2681 4963 Προετέυη
2746 4895 2816 4947 ὲν
2873 4893 3119 4962 Ἐρέσῳ.
3177 4894 3231 4947 ld
3297 4903 3418 4964 est,
3477 4898 3749 4962 preposila

2158 4963 2373 5034 Ephesi.
2424 4977 2515 5019 hic
2548 4970 2600 5034 in
2650 4965 2855 5032 aliquot
2890 4971 3099 5034 legibus
3135 4966 3342 5017 codicis
3373 4963 3745 5019 Theodosiatti

2158 5033 2409 5090 additur:
2447 5037 2511 5087 Ρ.
2540 5033 2832 5089 Ρηιίοιιιω
2853 5033 3315 5104 ειιιιίίέιιινιΙιιιςιιιε.
3350 5037 3479 5100 Quae
3512 5046 3636 5087 nota
3671 5051 3746 5087 si-

2158 5109 2379 5173 gnilicat
2409 5107 2553 5159 illam
2587 5107 2927 5170 imperatoris
2960 5107 3128 5173 legem
3165 5107 3377 5174 publice
3410 5118 3747 5172 propositam

2158 5177 2364 5229 essein
2416 5190 2478 5227 ea
2529 5177 2772 5228 civitate.
2822 5177 3082 5228 Soli-bant
3131 5185 3313 5227 autem
3364 5176 3744 5242 imperatores,

2158 5250 2375 5313 quoties
2426 5246 2662 5312 aliquam
2700 5247 3141 5298 constituiiouein
3194 5248 3259 5296 ad
3310 5260 3567 5313 omnium
3597 5246 3749 5294 noti-

2160 5312 2288 5369 tiain
2310 5324 2589 5384 pervenire
2622 5316 2839 5377 vellent,
2878 5332 2971 5366 sua
3008 5331 3169 5367 manu
3199 5318 3512 5384 ascribere:
3547 5312 3749 5384 Propof

2158 5383 2341 5448 natur,
2372 5397 2429 5438 ut
2461 5389 2720 5438 discini'us
2763 5402 2828 5437 ex
2860 5384 3100 5438 Novellis
3134 5385 3342 5452 aliquot
3376 5383 3747 5437 Valentiniani

2157 5467 2211 5508 et
2240 5457 2544 5524 Maioriani,
2578 5466 2631 5509 et
2675 5471 2741 5508 ex
2771 5457 2992 5522 epistola
3024 5458 3088 5510 51
3125 5455 3326 5507 Juliaiii
3358 5458 3495 5519 Aug.
3523 5455 3589 5504 ad
3605 5455 3751 5524 _Ale-

2160 5521 2477 5589 xaiidrinos,
2506 5528 2557 5578 iii
2588 5527 2743 5595 cujus
2776 5521 2926 5579 calce
2966 5537 3231 5594 scriptum
3267 5535 3349 5578 est
3377 5542 3390 5577 :
3418 5521 3749 5595 Προτεθήτω

2155 5599 2268 5659 τοῖς
2292 5596 2579 5667 ἡμετέροις
2606 5597 2852 5667 πολίταις
2892 5595 3316 5667 Ἀλεξανδρεῦσι.

2227 5663 2344 5737 (51)
2391 5663 2487 5718 ἐκ
2529 5668 2610 5733 τῷ
2666 5666 2844 5732 κοινῷ
2895 5666 3006 5733 τῆς
3057 5663 3274 5731 Ἁοίίιις.
3304 5665 3477 5718 Aliter
3520 5663 3609 5737 hic
3650 5677 3750 5737 su-

2158 5733 2328 5790 mitur
2367 5753 2658 5791 commune
2694 5741 2859 5800 Asne,
2904 5742 3065 5790 aliter
3098 5740 3150 5789 in
3188 5738 3545 5804 inscriptione
3581 5733 3746 5803 hujus

2157 5807 2417 5878 epistula.
2469 5808 2602 5862 Nam
2654 5808 2707 5861 in
2764 5810 3127 5874 inscriptione
3174 5808 3395 5877 quidem
3447 5807 3602 5877 ipsa,
3650 5804 3746 5858 ubi
