4192 6454
444 314 551 371 345

1161 314 1435 375 EUSEBII
1472 311 1954 372 CASSARIENSIS
1992 311 2147 367 OPP.
2188 308 2369 364 PARS
2404 308 2447 363 1.
2487 338 2558 352 -
2597 304 2990 363 llISTORlCA.

3604 305 3709 360 ΞΗ

441 436 567 493 dam
601 439 967 509 persecutioni
1000 440 1165 497 linem
1193 441 1479 513 imposult.
1507 456 1526 489 ι
1555 436 1687 496 Post
1714 439 1830 495 haec
1868 446 2011 492 ante-

2128 432 2351 496 Τούτοις
2387 429 2513 502 ἑξῆς
2557 430 2663 501 πρὸ
2692 429 2791 499 τῆς
2824 428 2967 498 ἀμφὶ
3008 425 3102 479 τοῦ
3132 423 3490 497 Πολυκάρπου
3521 424 3712 496 διηγή-

441 548 606 599 quam
637 533 920 605 Polycarpi
952 534 1274 605 martyrium
1321 547 1554 590 narrare
1586 531 1977 603 aggrediantur
2004 568 2021 593 ,

441 637 506 677 ea
552 623 707 690 prius
746 631 1177 679 commemorant
1207 637 1329 692 quas
1373 623 1440 677 ad
1471 622 1717 690 reliquos
1750 630 2025 687 martyres

442 715 794 783 spectabant,
826 725 882 771 et
912 724 1175 784 quamam
1205 715 1371 771 animi
1396 714 1760 770 constantiam
1790 712 1842 766 in
1871 711 2019 765 dolo-

442 805 593 858 ribus
627 806 966 873 perferendis
997 806 1343 861 ostenderint
1371 846 1386 870 ,
1421 805 1790 875 perscribunt.
1818 801 2023 859 Obstu-

440 897 750 963 pescebant,
786 897 958 962 aiunt,
986 913 1181 954 omnes
1225 898 1317 966 qui
1360 899 1589 951 aderant
1619 911 1743 951 cum
1781 895 1903 950 illos
1942 896 2023 949 vi—

438 991 628 1043 derent
650 991 848 1059 partim
878 989 1064 1060 flagris
1090 992 1157 1043 ad
1188 991 1410 1043 intimas
1432 1003 1603 1058 usque
1648 1004 1817 1044 venas
1846 999 1897 1042 et
1929 1004 2021 1042 ar-

439 1083 606 1136 terias
639 1080 877 1137 lilllialos
904 1099 919 1147 ;
949 1084 1088 1138 adeo
1127 1094 1187 1137 ut
1222 1081 1470 1150 corporis
1521 1083 1762 1135 membra
1808 1080 2022 1148 penitus

439 1172 738 1233 recondita.
783 1183 838 1228 et
861 1175 1072 1229 viscera
1103 1176 1217 1241 ipsa
1250 1173 1563 1242 conspectui
1591 1182 1873 1241 paterent:
1898 1187 2022 1240 par-

435 1262 532 1316 tim
552 1265 884 1319 concharum
912 1280 1034 1333 quae
1071 1266 1303 1320 buccina
1330 1266 1586 1321 dicuntur
1604 1266 1778 1331 testis,
1803 1274 1856 1317 et
1883 1279 2022 1331 prte-

436 1353 612 1406 acutis
636 1353 964 1422 quibusdam
1001 1354 1226 1422 spiculis
1256 1355 1404 1409 humi
1437 1355 1728 1410 constratis
1759 1367 2021 1421 superpo-

436 1442 592 1507 sitos,
621 1452 675 1495 et
705 1443 851 1498 omni
885 1443 1275 1512 suppliciorum
1300 1459 1365 1498 ac
1394 1454 1787 1499 tormentorum
1816 1457 2019 1512 genere

433 1533 782 1589 excruciatos
814 1550 829 1588 :
858 1534 1052 1589 bestiis
1110 1533 1368 1604 denique,
1414 1542 1476 1587 ut
1506 1534 1575 1588 ab
1611 1532 1802 1588 iisdem
1843 1532 2017 1586 lania-

434 1714 545 1770 rias
596 1723 959 1782 spectaretur,
1008 1714 1362 1768 nihilominus
1417 1714 1795 1768 sustinuerunt
1828 1750 1845 1778 ,
1886 1712 2017 1767 adeo

434 1792 493 1837 ut
522 1799 712 1837 omnes
755 1784 847 1851 qui
896 1784 1149 1848 aderant,
1204 1784 1553 1838 miseratione
1597 1784 1736 1849 capti
1790 1783 2017 1852 ingemi-

434 1862 673 1915 scerent,
717 1853 815 1921 ipsi
848 1869 978 1909 vero
1015 1864 1161 1907 tanta
1197 1852 1519 1908 fortitudine
1552 1853 1760 1923 prmditi
1806 1862 2011 1915 essent,

433 1931 493 1993 ut
534 1937 695 1978 nemo
727 1924 939 1977 illorum
986 1925 1279 1993 suspirium
1323 1932 1418 1977 aut
1464 1924 1729 1992 gemitum
1764 1923 2012 1977 ediderit.

433 1992 806 2048 Ostendebant
859 1995 1066 2049 scilicet
1111 1995 1266 2048 nobis
1316 2006 1587 2062 martyres
1625 1993 1850 2058 Christi,
1892 2007 1950 2047 se
1982 2009 2013 2046 a

435 2062 671 2133 propriis
704 2066 1026 2132 corporibus
1067 2065 1218 2132 quasi
1263 2064 1639 2133 peregrinatos
1677 2062 1845 2117 fuisse
1888 2064 2014 2117 dum

436 2143 838 2201 torquerentur.
874 2136 965 2187 aut
1021 2136 1199 2203 potius
1263 2134 1538 2188 Christum
1589 2134 1725 2203 ipsis
1772 2133 2014 2188 astitisse

432 2212 488 2256 et
540 2203 883 2257 familiariter
931 2219 1052 2257 cuin
1106 2204 1238 2273 ipsis
1288 2218 1410 2257 esse
1461 2216 1758 2257 versatum.
1808 2204 2014 2259 Christi

435 2273 596 2337 igitur
629 2275 801 2344 gratia
837 2274 953 2327 fulti
982 2289 1047 2329 ac
1081 2274 1702 2335 sustentati,'honiinuni
1745 2283 2013 2327 tormenta

432 2348 793 2413 spernebant,
836 2346 996 2398 unius
1027 2346 1174 2399 hora:
1214 2345 1392 2412 spatio
1435 2359 1495 2398 se
1526 2345 1593 2398 ab
1627 2344 1845 2398 aeternis
1892 2357 2017 2397 cru-

433 2412 666 2467 ciatibus
715 2414 1067 2467 redimentes.
1114 2414 1369 2481 Frigidus
1415 2413 1549 2481 ipsis
1592 2415 1878 2467 videbatur
1910 2413 2013 2465 im-

436 2483 673 2536 manium
736 2483 1248 2554 carnilicumﬂignis
1283 2521 1298 2544 ,
1336 2484 1534 2554 quippe
1576 2484 1666 2551 qui
1722 2483 1775 2537 in
1829 2484 2016 2535 animo

434 2554 719 2615 haberent,
744 2564 1006 2607 mteruum
1041 2553 1187 2607 illtiiii
1223 2568 1324 2609 nec
1355 2553 1466 2607 ullo
1498 2569 1735 2620 unquam
1774 2563 2016 2620 tempore

432 2623 886 2692 exstinguendum
922 2624 1097 2692 ignem
1127 2624 1350 2688 evitare,
1391 2632 1446 2677 et
1476 2624 1670 2676 mentis
1704 2624 1889 2677 oculos
1922 2625 2015 2677 de-

436 2696 570 2744 tixos
604 2695 863 2747 haberent
916 2694 970 2746 iii
1024 2695 1263 2762 praemia,
1313 2709 1432 2762 qua:
1481 2695 1630 2747 viros
1667 2692 1836 2747 fortes
1889 2702 2011 2761 post

434 2762 697 2831 malorum
750 2762 1091 2816 tolerantiam
1140 2775 1390 2831 manent,
1439 2779 1561 2831 qua!
1594 2779 1694 2817 nec
1737 2764 1885 2817 auris
1917 2778 2015 2816 au-

431 2830 568 2885 divit
602 2848 700 2884 nec
729 2834 918 2887 oculus
943 2836 1095 2896 vidit,
1134 2849 1233 2887 nec
1276 2830 1552 2887 hominum
1587 2849 1779 2888 sensus
1809 2843 1900 2885 aut
1932 2834 2015 2886 in-

436 2902 731 2970 telligentia
784 2903 1217 2973 comprehendit,
1250 2904 1380 2971 ipsis
1424 2918 1554 2956 vero
1600 2914 1723 2956 tunc
1754 2903 2015 2957 ostende-

435 2974 634 3025 liantur
666 2988 692 3024 ιι
734 2973 980 3035 Domino,
1014 2984 1199 3040 utpote
1226 2977 1315 3042 qui
1346 2989 1452 3027 non
1490 2974 1734 3026 homines
1758 2975 2011 3041 amplius,

433 3043 529 3095 sed
578 3043 752 3110 angeli
806 3053 1012 3098 essent.
1064 3046 1170 3098 Sed
1212 3055 1267 3097 et
1306 3044 1357 3097 hi
1390 3045 1479 3112 qui
1516 3045 1581 3095 ad
1616 3044 1818 3097 bestias
1856 3055 2013 3097 erant

2128 541 2285 589 σεως,
2314 524 2383 579 τὰ
2430 523 2572 577 κατὰ
2598 525 2723 585 τοὺς
2759 520 2979 582 λοιποὺς
3024 516 3365 588 ἀνιστοροῦσι
3404 516 3709 588 μάρτυρας,

2124 618 2241 681 οἵας
2278 616 2558 680 ἐνστάσεις
2588 614 2724 686 πρὸς
2749 612 2848 676 τὰς
2892 611 3191 682 ἀλγηδόνας
3214 610 3565 675 ἐνεδείξαντο,
3589 610 3708 663 δια-

2124 710 2446 780 γράφοντες.
2476 706 2833 778 Καταπλῆξαι
2858 706 2967 775 γάρ
2994 722 3127 773 φασι
3154 704 3279 768 τοὺς
3312 705 3371 755 ἐν
3404 702 3589 774 κύκλῳ
3614 720 3711 757 πε-

2126 800 2419 873 ριεστῶτας
2463 800 2768 870 Θεωμὲνους
2795 798 2929 867 (61),
2970 797 3090 850 τοτὲ
3136 796 3232 866 μὲν
3283 794 3500 865 μάστιξι
3547 794 3708 864 μέχρι

2123 893 2346 948 καὶτῶν
2382 893 2647 946 ἐνδοτάτω
2677 891 2889 961 φλεϐῶν
2936 891 3032 944 καὶ
3071 887 3351 959 ἀρτηριῶν
3386 886 3709 951 καταξαινοο

2126 988 2338 1057 μένους,
2372 985 2447 1047 ὡς
2491 984 2591 1056 ήδη
2617 984 2711 1036 καὶ
2737 982 2805 1037 τὰ
2836 985 2894 1036 ἐν
2929 985 3117 1053 μυχοῖς
3158 979 3445 1050 ἀπόρρητα
3475 977 3568 1029 τοῦ
3605 977 3710 1029 σὼ-

2125 1095 2293 1149 ματος
2318 1076 2600 1146 σπλάγχνα
2628 1093 2685 1128 τε
2715 1075 2895 1129 αὐτῶν
2934 1075 3028 1128 καὶ
3068 1073 3203 1143 μέλη
3237 1069 3665 1124 κατοπτεύεσθαι
3686 1082 3705 1104 ο

2119 1170 2242 1222 τοτὲ
2265 1169 2321 1222 δὲ
2358 1170 2485 1231 τοὺς
2518 1166 2626 1222 ἀπὸ
2670 1167 2937 1237 Θαλάττης
2979 1166 3227 1236 κήρυκας
3255 1164 3387 1233 (62),
3432 1162 3523 1215 καί
3554 1178 3706 1225 τινας

2118 1260 2262 1325 ὀξεῖς
2285 1261 2597 1324 ὀϐελίσκους
2641 1258 3223 1330 ὑποστρωννυμένους,
3256 1256 3351 1309 καὶ
3386 1254 3474 1307 διὰ
3506 1253 3706 1317 παντὸς

2119 1354 2291 1416 εἴδους
2326 1352 2600 1407 κολάσεων
2636 1353 2730 1406 καὶ
2764 1352 3013 1422 βασάνων
3054 1349 3341 1421 προϊόντας
3362 1388 3375 1411 ,
3422 1346 3515 1400 καὶ
3552 1344 3706 1408 τέλος

2119 1445 2314 1515 θηρσὶν
2342 1447 2423 1508 εἰς
2469 1444 2630 1514 βορὰν
2667 1442 3140 1514 παραδιδομένους.
3185 1441 3433 1495 Μάλιστα
3465 1438 3523 1491 δὲ
3564 1439 3706 1490 ἱστο-

2121 1534 2306 1606 ροῦσιν
2334 1536 2629 1608 διαπρέψαι
2648 1536 2738 1589 τὸν
2757 1535 3134 1605 γενναιότατον
3157 1530 3512 1603 Γερμανικὸν,
3535 1530 3703 1599 ὑπορ-

2118 1663 2267 1710 suos,
2299 1650 2614 1717 prophetico
2641 1651 2835 1717 spiritu
2867 1649 3043 1703 dixit':
3076 1667 3094 1699 ι
3121 1647 3310 1700 Vivum
3352 1662 3439 1698 me
3464 1643 3699 1717 cremari

2118 1715 2350 1789 oportet.
2366 1739 2384 1771 ι
2405 1715 2584 1773 i’orro
2605 1715 2729 1775 cum
2752 1722 3019 1773 instarent
3034 1719 3125 1788 qui
3158 1718 3305 1771 illum
3326 1715 3699 1783 requirebant,

2048 1784 2090 1838 Β
2122 1784 2373 1857 migravit
2429 1792 2481 1842 iii
2527 1791 2687 1844 aliam
2736 1789 2915 1842 villam
2960 1827 2974 1850 ,
3016 1784 3311 1855 statimque
3363 1788 3698 1838 advenerunt

2119 1860 2194 1911 illi
2246 1862 2338 1928 qui
2378 1861 2549 1927 ipsum
2596 1861 2947 1924 indagabaiit.
3002 1860 3220 1913 Etcum
3268 1858 3414 1911 illum
3462 1871 3566 1928 non
3612 1869 3702 1908 re-

2116 1924 2409 2002 perissent,
2433 1931 2570 2002 duos
2600 1932 2845 2002 servulos
2873 1928 3426 2002 comprehenderunt:
3451 1924 3693 2002 Quorum

2117 1996 2256 2051 alter
2292 2001 2577 2054 tormentis
2624 2000 2903 2062 subditus,
2951 2000 3216 2052 latebram
3252 2000 3370 2061 ejus
3414 1996 3692 2047 imlicavit.

2117 2066 2279 2123 Certe
2313 2069 2480 2123 latere
2522 2086 2625 2123 non
2654 2079 2892 2136 poterat,
2937 2065 3385 2136 quandoquidem
3410 2063 3695 2117 domestici

2117 2138 2235 2206 ejus
2281 2152 2436 2193 erant
2476 2140 2566 2207 qui
2618 2132 2791 2208 ipsum
2840 2132 3211 2205 prodideruni.
3259 2136 3321 2190 Et
3369 2132 3701 2208 Irenarchus

2115 2204 2206 2277 qui
2243 2218 2297 2262 et
2326 2204 2681 2263 Cleronomus
2710 2204 3013 2270 dicebatur,
3042 2216 3398 2277 cognomento
3426 2204 3694 2277 llerodes,

2115 2273 2263 2333 omni
2313 2294 2417 2348 Ope
2462 2280 2848 2344 contendebat,
2885 2291 2942 2332 ιιι
2992 2273 3163 2345 ipsum
3208 2280 3274 2329 ad
3322 2276 3555 2348 stadium
3599 2273 3697 2325 ad-

2117 2346 2376 2413 duceret,
2432 2364 2540 2418 quo
2604 2350 2811 2403 scilicet
2864 2349 3194 2419 Polycarpus
3250 2346 3504 2419 _quide_tn_
3558 2356 3691 2411 pro-

2119 2419 2291 2486 priam
2349 2412 2548 2473 sortem
2625 2420 2904 2485 impleret,
2945 2412 3168 2472 consors
3235 2412 3434 2486 Christi
3480 2412 3693 2486 factus,

2118 2482 2428 2558 proditores
2467 2500 2648 2543 autem
2684 2482 2826 2542 illitis
2860 2491 3047 2543 iisdem
3084 2488 3282 2554 quibus
3314 2484 3481 2539 ludas
3521 2482 3698 2549 ιιαηιὶε

2117 2556 2484 2613 adicerentur.
2525 2560 2693 2629 Igitur
2740 2560 3012 2629 diogmitae
3047 2568 3101 2611 et
3128 2559 3369 2622 equites,
3416 2561 3691 2629 assumptt

2117 2643 2302 2682 secutn
2335 2646 2505 2698 puero
2552 2625 2759 2695 Egressi
2806 2625 2931 2681 sunt
2976 2627 3112 2681 feria
3154 2637 3306 2681 sexta
3352 2625 3695 2698 subhoram

2116 2713 2309 2761 caelite,
2337 2695 2510 2753 armis
2525 2698 2799 2752 consuetis
2832 2700 3108 2761 instructi,
3138 2709 3394 2763 tanquam
3429 2695 3692 2745 adversus

2119 2768 2391 2821 latronem
2445 2779 2746 2822 currentes.
2803 2769 2867 2820 Et
2914 2773 3016 2821 sub
3065 2762 3342 2833 Vesper-am
3396 2764 3556 2817 simul
3613 2762 3696 2833 in—

2116 2840 2311 2906 gressi,
2341 2840 2513 2906 ipsum
2544 2839 2759 2903 quidem
2791 2849 3107 2906 repererunt
3139 2831 3192 2889 iii
3223 2835 3455 2904 quodam
3487 2831 3693 2906 solario

2111 2904 2403 2977 iacentem.
2438 2906 2589 2962 Unde
2622 2924 2743 2961 cum
2780 2911 2829 2961 in
2853 2904 3022 2961 alium
3053 2909 3227 2960 locum
3269 2906 3426 2957 facile
3459 2904 3697 2977 migrare

2138 2989 2317 3041 iosset,
2347 2979 2397 3031 id
2430 2990 2608 3032 tanien
2633 2991 2893 3046 pra‘stare
2914 2980 3105 3042 noluit,
3138 2979 3363 3029 dicens:
3399 2991 3419 3024 ι
3459 2972 3692 3046 Fiatvo-

2138 2997 2317 3041 iosset,
2347 2997 2397 3031 iu
2430 2997 3105 3046 13111611νΓξνειΉἹξηοιιιιι,
3138 2997 3363 3029 urceus:
3399 2997 3418 3024 ι
3460 2997 3485 3026 r
3506 2997 3692 3025 ianu-

2118 2997 2296 3102 inulas
2320 3048 2554 3100 Domini.
2584 3067 2604 3099 ι
2640 3049 2773 3101 Cum
2806 3064 2937 3117 ergo
2961 3050 3214 3101 introisse
3258 3047 3374 3099 illos
3404 3043 3694 3117 cognovis-

432 3112 800 3174 condemnati,
835 3130 958 3168 cuni
1010 3114 1315 3168 diutissime
1345 3116 1398 3167 in
1438 3128 1660 3167 carcere
1700 3114 2012 3167 delinel‘cu-
2038 3117 2080 3175 C
2115 3129 2219 3179 set,
2253 3119 2588 3173 descendite
2618 3112 2959 3171 cenaculo'et
2997 3119 3295 3170 collocutus
3320 3126 3401 3167 est
3428 3131 3550 3168 cum
3585 3114 3687 3164 eis.

436 3190 542 3241 tur,
574 3184 930 3250 gravissimos
961 3185 1236 3238 cruciatus
1272 3184 1631 3252 pertulerunt,
1669 3184 1868 3252 partim
1904 3200 2014 3236 inu-

434 3252 637 3323 ricibus
690 3254 929 3323 ipsorum
1001 3256 1214 3322 corpori
1270 3254 1593 3315 substratis,
1649 3253 1845 3323 partim
1890 3253 2014 3310 aliis

430 3322 885 3392 cuiusquemodi
959 3326 1243 3393 suppliciis
1294 3324 1634 3385 excruciati,
1684 3334 1739 3375 ut
1797 3322 1841 3375 si
1895 3324 2009 3376 lieri

434 3403 649 3458 posset,
706 3403 1098 3449 tormentorum
1145 3396 1468 3450 assiduitate
1498 3409 1592 3446 eos
1639 3405 1900 3463 tyrannus
1942 3396 2009 3446 ad

430 3468 729 3530 negandani
758 3465 965 3519 Christi
1006 3465 1167 3520 fidem
1197 3466 1507 3519 adduceret.
1544 3464 1706 3517 Multa
1739 3464 2009 3529 siquidem

431 3533 694 3605 adversus
746 3535 865 3587 illos
916 3538 1246 3605 excogitavit
1298 3535 1567 3589 diabolus.
1621 3536 1726 3587 Sed
1782 3534 2010 3605 juvante

429 3601 628 3672 Qhristi
672 3607 846 3671 gratia
881 3606 1013 3659 nihil
1049 3601 1237 3659 contra
1261 3614 1485 3659 cunctos
1515 3606 1781 3672 prolicere
1814 3604 2005 3658 valuit.

432 3670 567 3726 Nam
613 3670 948 3728 fortissimus
990 3675 1351 3729 Gertiianicus
1400 3670 1698 3728 tolerantia:
1742 3689 1853 3727 sute
1890 3690 2007 3727 ma-

429 3742 713 3810 gnitudine
748 3756 1067 3798 cancrorum
1105 3745 1530 3800 imbecillitatem
1571 3744 1882 3811 roborabat,
1914 3746 2006 3813 qui

430 3814 648 3879 quidem
700 3813 895 3882 illustri
946 3819 1244 3868 certamine
1292 3815 1552 3868 adversus
1594 3815 1796 3869 bestias
1840 3816 2007 3882 depu-

430 3883 639 3953 gnavit.
686 3881 820 3935 Nam
873 3898 998 3937 cum
1052 3884 1337 3953 proconsul
1389 3885 1568 3938 verbis
1619 3899 1743 3937 eum
1789 3882 2007 3938 ﬂectere

433 3952 627 4020 vellet,
671 3963 1028 4022 monerctque
1054 3952 1125 4007 ’ut
1156 3969 1309 4008 suam
1358 3954 1472 4022 ipse
1511 3965 1725 4008 aetatem
1780 3955 2007 4008 misere-

438 4033 604 4087 retur,
637 4023 727 4076 ille
756 4023 983 4077 bestiam
1013 4025 1158 4077 ultro
1183 4026 1248 4077 ad
1281 4037 1341 4077 se
1367 4026 1610 4091 attraxit,
1637 4038 1835 4094 cogens
1862 4024 2006 4078 illam

433 4108 498 4147 ac
528 4108 853 4161 provocans,
894 4109 1004 4164 quo
1037 4094 1244 4148 scilicet
1285 4108 1351 4147 ex
1384 4095 1485 4147 hoc
1520 4095 1687 4162 impio
1732 4105 1892 4160 atque
1925 4097 2006 4147 iii-

422 4166 573 4233 justo
611 4164 810 4218 saaculo
847 4163 1085 4220 velocius
1139 4166 1454 4235 etnigraret.
1496 4163 1701 4217 Exinde
1752 4164 2003 4218 universa

432 4234 611 4305 populi
670 4236 989 4302 multitudo,
1046 4234 1417 4288 fortitudinem
1478 4236 1581 4304 pia:
1627 4249 1690 4288 ac
1741 4235 2005 4303 religiosa:

428 4305 866 4375 Christianorum
910 4307 1087 4375 gentis
1135 4319 1460 4374 magnopere
1504 4306 1790 4369 admirata,
1823 4308 2002 4375 accla-

431 4375 594 4446 uiavit
623 4396 636 4430 :
674 4393 694 4426 ι
715 4374 866 4429 Tolle
890 4373 1101 4446 impios,
1121 4373 1453 4446 Polycarpus
1473 4377 1796 4443 requiratur.
1824 4392 1843 4424 ι
1877 4374 2004 4441 Qui-

428 4445 552 4498 dam
594 4460 724 4499 vero
750 4445 1014 4502 oriundos
1037 4463 1068 4502 e
1097 4445 1356 4517 Phrygia,
1378 4445 1607 4510 Quintus
1642 4446 1881 4517 nomine,
1914 4449 2001 4513 qui

430 4530 604 4585 nuper
628 4532 691 4569 ex
724 4522 895 4585 patria
937 4519 1041 4572 huc
1083 4515 1398 4581 advenerat,
1436 4530 1557 4568 cum
1603 4515 1802 4569 bestias
1832 4517 1993 4569 vidis-

429 4599 534 4651 set,
566 4601 768 4654 pavore
802 4604 1099 4643 concussus
1131 4600 1237 4645 est.
1259 4586 1358 4642 Hic
1394 4602 1556 4657 porro
1586 4596 1705 4640 erat
1730 4587 1820 4654 qui
1860 4587 1995 4642 alios

429 4658 761 4725 perpulerat,
789 4668 852 4712 ut
882 4661 1023 4714 ultro
1054 4676 1237 4715 secum
1277 4662 1345 4712 ad
1388 4656 1622 4711 tribunal
1646 4656 1844 4726 judicis
1883 4674 2004 4726 pcr-

429 4741 644 4795 gercnt.
701 4726 854 4782 lluuc
923 4730 1213 4798 proconsul
1258 4728 1494 4784 'blandis
1561 4728 2004 4797 persuasionibus

432 4797 691 4870 illectum
710 4814 775 4851 eo
803 4797 1051 4865 adduxit,
1088 4810 1147 4854 ut
1172 4801 1381 4870 juraret
1410 4813 1475 4850 ac
1513 4799 1867 4870 sacriﬁcaret.
1894 4798 2002 4852 Nos

429 4880 632 4942 itaque,
666 4868 887 4932 fratres,
917 4885 1022 4942 non
1055 4867 1350 4942 probamus
1388 4884 1483 4923 eos
1527 4869 1618 4937 qui
1650 4867 1801 4942 ultro
1848 4883 2003 4942 acce-

428 4941 565 5010 dunt
624 4952 690 5010 ac
730 4938 1073 5010 semetipsos
1131 4942 1393 5010 produnt,
1439 4954 1563 4993 cuni
1613 4938 1770 5010 aliter
1814 4939 2005 5006 praeci-

429 5009 612 5077 piatur
638 5008 690 5060 iit
726 5007 1036 5078 Evangelio.
1069 5007 1418 5065 Adinirabilis
1464 5021 1643 5062 autem
1674 5007 2003 5078 l’olycarpus

429 5080 665 5146 primum
694 5081 912 5147 quidem
951 5082 1253 5136 nullatenus
1290 5092 1592 5137 commotus
1618 5089 1701 5133 cst
1732 5092 1854 5131 cum
1901 5081 2002 5133 ista

433 5149 549 5221 geri
595 5156 839 5215 audiret,
887 5155 981 5205 sel
1033 5153 1086 5205 iu
1129 5157 1259 5206 urbe
1308 5164 1628 5221 permanere
1666 5152 2000 5203 decreverat.

430 5217 619 5273 Plures
650 5229 831 5273 tamen
858 5225 905 5275 ei
940 5217 1329 5290 pcrsuascruni
1357 5231 1414 5275 ut
1442 5222 1736 5274 secederet.
1768 5222 2003 5273 Secessit

427 5302 558 5356 ergo
601 5291 654 5343 in
699 5291 931 5361 agellum
967 5294 1251 5360 quemdam
1292 5293 1433 5346 baud
1476 5292 1661 5360 procul
1701 5304 1729 5341 a
1762 5290 1997 5344 civitate.

426 5361 540 5414 llltc
575 5376 695 5415 cum
730 5364 920 5430 paucis
964 5367 1251 5418 comitibus
1300 5362 1636 5421 morabatur,
1673 5361 1762 5412 diu
1814 5372 2003 5414 noctu-

427 5446 533 5499 que
568 5434 910 5487 orationibus
964 5434 1225 5500 iiiteiittis,
1257 5447 1392 5502 quas
1434 5446 1529 5501 pro
1574 5431 1780 5484 cunctis
1814 5431 2003 5502 _|ionii-

430 5502 587 5574 nibus
616 5511 669 5556 et
702 5519 800 5574 pro
833 5506 1103 5558 unchrsis
1145 5499 1241 5573 per
1275 5499 2001 5574 brbennterraruurEcCIC-

426 5573 545 5634 siis,
578 5581 635 5625 ut
681 5570 849 5627 moris
886 5577 933 5628 ci
979 5576 1108 5637 fuit,
1146 5570 1228 5626 ad
1273 5574 1439 5626 Deum
1479 5570 1755 5624 fundebat.
1799 5570 2003 5625 Triduo

431 5656 558 5714 vero
605 5655 896 5713 antequam
932 5646 1507 5714 comprehenderetur,
1556 5643 1697 5695 inter
1735 5644 2003 5714 orandum

425 5713 603 5765 oblata
642 5724 725 5767 est
753 5711 803 5769 ei
847 5711 1074 5770 ctelitus'
1105 5717 1262 5770 visio.
1300 5713 1528 5767 Videbat
1577 5727 1721 5766 enim
1769 5711 2002 5768 cervical

427 5797 584 5836 suum
617 5783 738 5852 igne
770 5785 1042 5845 consumi.
1073 5786 1138 5841 Et
1180 5800 1305 5843 mox
1333 5796 1629 5841 conversus
1661 5783 1728 5837 ad
1767 5783 1997 5837 comites

2113 3189 2248 3243 Cum
2315 3200 2495 3242 autem
2549 3188 2952 3242 admirarentur
3018 3201 3209 3241 omnes
3259 3196 3476 3239 aetatem
3548 3183 3689 3234 illius

2112 3269 2273 3326 atque
2312 3259 2707 3321 constantiam,
2752 3260 2972 3324 quidam
2996 3273 3060 3310 ex
3111 3259 3175 3310 iis
3200 3255 3491 3308 dicebant:
3535 3252 3693 3304 «(Zur

2115 3337 2319 3381 tantum
2392 3329 2681 3381 adhibetur
2739 3329 2975 3380 studium
3040 3330 3107 3378 tit'
3162 3326 3469 3394 liujnsmodi
3523 3335 3691 3375 senex

2111 3398 2680 3465 comprehendatur?)
2717 3399 2787 3449 At
2819 3398 2906 3449 ille
2927 3398 3214 3451 confestim
3236 3395 3386 3449 cibos
3405 3410 3529 3465 cum
3562 3404 3690 3465 potu

2110 3470 2190 3522 eis
2231 3461 2427 3535 apponi
2460 3467 2653 3532 jussit,
2700 3481 2962 3536 quantum
3005 3468 3101 3535 ipsi
3139 3467 3459 3519 voluissent.
3502 3461 3690 3536 Pettit-

2108 3555 2213 3607 qite
2241 3534 2313 3590 ab
2338 3541 2418 3591 eis
2447 3539 2595 3592 hora:
2623 3534 2879 3607 spolium,
2912 3534 3031 3606 quo?
3058 3538 3226 3589 libere
3266 3546 3321 3589 et
3348 3538 3555 3601 alisque
3587 3534 3692 3584 im-

2106 3609 2419 3678 pedimento
2460 3620 2665 3661 oraret.
2708 3609 2861 3673 Quod
2911 3624 3035 3661 cuni
3088 3607 3191 3673 ipsi
3244 3611 3686 3678 concessissent,

2109 3675 2261 3732 'staus
2294 3678 2383 3731 ille
2431 3679 2608 3732 oravit
2653 3678 2843 3745 plenus
2892 3679 3066 3746 gratia
3103 3678 3236 3731 Dei:
3280 3678 3417 3730 adeo
3465 3686 3523 3727 ut
3573 3675 3691 3741 ipse

2106 3750 2323 3817 quidem
2357 3751 2584 3803 duarum
2617 3748 2875 3801 horarum
2917 3750 3095 3815 spatio
3136 3747 3298 3801 silere
3340 3762 3446 3800 non
3480 3753 3684 3813 posset,

2109 3820 2386 3873 auditores
2422 3834 2553 3873 vero
2593 3820 2956 3871 admiratione
3000 3817 3293 3883 stupefacti
3346 3824 3687 3875 tenerentur,

2110 3888 2418 3957 multosque
2469 3904 2656 3943 eorum
2717 3898 3009 3954 pmutterct
3066 3891 3210 3956 quod
3261 3888 3418 3939 talem
3472 3897 3693 3953 tantque

2107 3959 2345 4011 divinum
2368 3975 2551 4012 senem
2587 3960 2795 4025 capturi
2840 3958 3132 4011 venissent.
3159 3957 3336 4011 Finita
3365 3958 3636 4020 oratione,
3662 3970 3685 4005 ι

2105 4040 2161 4080 et
2196 4041 2417 4090 caetera,
2445 4039 2501 4079 ut
2542 4029 2810 4080 habentur
2838 4028 3000 4079 infra.

2179 4095 2289 4168 (lii)
2322 4097 2467 4163 Τοὺς
2491 4098 2560 4150 ὲν
2590 4098 2794 4163 κύκλῳ
2826 4095 3224 4168 περιεστῶτας
3254 4095 3605 4165 θεωμένους.
3631 4090 3689 4168 l_n

2106 4165 2338 4236 quatuor
2366 4170 2647 4221 codicihus
2679 4170 2842 4230 Μαι,
2874 4169 3037 4233 Med.,
3069 4167 3200 4222 l'uk.
3240 4179 3292 4221 et
3316 4168 3483 4220 Sami.
3520 4165 3692 4236 parti-

2108 4233 2228 4290 ciilii
2283 4238 2624 4304 coniunctiva
2698 4241 2915 4289 il-itilllll’
2978 4239 3079 4291 hoc
3132 4241 3287 4291 modo
3343 4233 3689 4304 καταπλῆξαι

2106 4308 2214 4379 γάρ
2262 4324 2392 4379 (post
2437 4310 2561 4371 τοὺς
2603 4309 2660 4362 ὲν
2705 4306 2890 4379 κύκλῳ
2933 4308 3302 4379 περιεστῶτας
3352 4309 3445 4360 καὶ
3483 4304 3690 4375 θεωμέ-

2105 4377 2779 4465 νονςλὶνιιΙίξειιιιιιιιιίιηιιιςιι
2816 4377 3099 4463 lectionem
3136 4381 3305 4465 magis
3329 4380 3523 4465 probo.

2184 4449 2291 4519 (ϋῖ)
2324 4445 2469 4514 Τοὺς
2485 4448 2602 4502 ἀπὸ
2627 4446 2927 4515 θαλάττης
2955 4445 3247 4516 κήρυκαςξ
3265 4449 3494 4502 llnliuus
3518 4445 3687 4519 muri-

2108 4518 2200 4571 ces
2222 4522 2402 4573 vertit.
2439 4521 2622 4573 Gentis
2664 4530 2749 4572 est
2794 4524 3017 4574 marina:
3050 4526 3289 4573 cochleae
3319 4535 3410 4572 seu
3444 4518 3686 4579 conchae,

2108 4594 2261 4656 cujus
2293 4592 2495 4644 mentio
2520 4590 2574 4643 lit
2601 4590 2651 4642 iii
2687 4591 2853 4643 veteri
2884 4591 3275 4657 epigrammate
3307 4589 3543 4643 nonduin
3570 4586 3689 4657 edif-

2110 4655 2182 4712 ιο
2221 4661 2405 4725 Quinti
2456 4661 2758 4729 cujusdam,
2798 4662 2883 4713 ubi
2918 4655 3121 4714 Darnis
3172 4664 3407 4728 piscator
3451 4655 3689 4727 Apollini

2106 4730 2308 4784 Acrita:
2333 4730 2640 4799 huiusmodi
2666 4731 2927 4783 concham
2953 4730 3165 4783 dedicat
3195 4748 3209 4783 :

2106 4801 2334 4867 Ἀκρίτα
2372 4797 2578 4865 φοίὸῳ,
2610 4799 2922 4865 Βιθυνίδος
2946 4799 3015 4865 ὃς
3044 4799 3178 4852 τόδε
3205 4797 3400 4868 χώρης

2176 4869 2536 4938 Κράσπεδον
2563 4870 2854 4938 αἰγιαλοῖς
2886 4868 3293 4939 γειτονέουσιν
3320 4872 3507 4939 ἔχεις-

2106 4937 2285 5009 Δᾶμις
2310 4945 2342 4994 ό
2369 4937 2715 5009 κυρτευτὴς,
2751 4937 2970 5009 ψάμμῳ
2996 4940 3173 5007 κέρας
3201 4940 3331 4993 αἰὲν
3350 4937 3623 5007 ἐρείδων,

2176 5013 2514 5079 ippoquth
2537 5012 2742 5079 κήρυκ’
2772 5012 3055 5079 αὐτοφυεὶ
3089 5012 3344 5064 σκόλοπι

2107 5076 2286 5149 elisis,
2318 5076 2494 5150 ᾆ-ἐρας
2513 5076 2686 5136 litor
2706 5082 2843 5150 μὲν,
2866 5076 2958 5134 ἐπὶ*
2983 5083 3228 5148 εὐσεϐίῃ
3250 5082 3300 5133 δ’
3325 5086 3356 5135 ό
3382 5076 3614 5149 γεραιὸς

2175 5152 2521 5274 ἧὺχόμενος
2556 5153 2799 5205 νούσων
2831 5150 3003 5219 ἐκτὸς
3030 5151 3178 5205 ἰδεῖν
3198 5152 3397 5219 ἀίδην.

2257 5236 2363 5274 est.

2204 5226 2233 5275 d
2257 5236 2363 5287 est,

2106 5292 2303 5345 Attrita:
2330 5290 2581 5360 Apollini,
2610 5291 2701 5360 qui
2731 5291 2867 5344 hanc
2892 5307 3040 5346 oram
3060 5291 3323 5361 Bithynia:

2178 5361 2465 5415 Littoribus
2499 5364 2719 5415 vicinam
2744 5373 2884 5415 tenes
2913 5381 2934 5418 :

2108 5431 2291 5486 Darnis
2339 5434 2590 5502 piscator,
2635 5434 2724 5502 qui
2764 5447 2966 5501 semper
3002 5441 3111 5485 rete
3153 5446 3365 5484 arenam
3399 5427 3688 5569 tltsqtlt‘e’dc-

3429 5514 3497 5551 mi
3548 5514 3611 5564 t,

3429 5501 3611 5564 mittit,

2180 5571 2439 5626 Μυήσιοι
2468 5571 2642 5625 nativo
2674 5572 2811 5625 vallo
2841 5572 3101 5625 munitum

2108 5641 2317 5696 Dicavit
2346 5657 2503 5697 senex
2536 5658 2552 5696 :
2583 5643 2687 5696 leve
2715 5642 2925 5710 quidem
2966 5645 3181 5709 donum,
3230 5643 3323 5783 sled
3357 5651 3539 5722 tamen
3572 5637 3688 5703 pie-

3273 5723 3395 5763 tam
3417 5723 3609 5771 cuum;

3273 5723 3395 5763 talis
3417 5723 3609 5771 cuum;

2184 5780 2439 5840 Precatua
2467 5793 2524 5838 ut
2544 5782 2736 5852 absque
2772 5780 2966 5837 morbis
3000 5783 3067 5837 ad
3094 5780 3271 5836 manci
3294 5780 3597 5836 descendat.
