4192 6398
301 328 408 386 5ιό

1296 327 1646 385 ΗΙδΤΟΒΙᾹΞ
1688 327 2252 385 ECCLESIASTICIE
2291 327 2420 386 LIB.
2461 326 2551 384 Π.

3461 329 3567 385 5ιὸ

304 444 581 518 ρωννύντα
608 447 704 500 σὺν
732 445 854 517 θείᾳ
883 447 1069 518 χάριτι
1101 446 1201 517 τὴν
1238 448 1479 519 ἔμφυτον
1505 448 1614 520 (65)
1646 450 1775 521 περὶ⁹
1799 449 1874 503 τὺι

1993 460 2205 519 rentur,
2231 452 2499 520 objectos.
2526 448 2802 518 Praecipue
2822 461 2951 502 vero
2971 445 3233 502 enituisse
3260 445 3447 500 dicunt
3473 463 3567 517 ge-

300 540 529 596 θάνατον
555 541 648 595 τοῦ
677 542 929 613 σώματος
952 543 1172 600 δειλίαν.
1217 544 1551 615 Βουλομένου
1575 547 1641 615 γέ
1671 563 1752 600 τοι
1790 545 1885 599 τοῦ

296 631 605 690 ἀνθυπάτου
633 632 838 685 πείθειν
869 634 1051 698 αὐτὸν,
1086 635 1525 705 προϐαλλομένου
1550 652 1609 690 τε
1646 635 1745 707 τὴν
1768 636 1886 707 ἡλι-

297 726 420 779 κίαν
444 726 536 778 καὶ
562 724 968 787 ἀντιϐολοῦντος
996 727 1192 797 κομιδῆ
1219 727 1337 780 νέον
1368 727 1496 781 ὄντα
1519 729 1613 782 καὶ
1628 729 1882 797 ἀκμαῖον,

293 812 473 871 οἶκτον
501 817 697 870 ἑαυτοῦ
721 817 928 881 λαϐεῖν,
956 818 1030 889 μὴ
1060 817 1342 888 μελλῆσαι,
1371 820 1666 892 προθύμως
1696 821 1752 874 δὲ
1774 821 1887 874 ἐπι-

299 908 610 963 σπάσασθαι
641 911 723 973 εἰς
764 911 953 964 ἑαυτὸν
985 910 1046 964 τὸ
1067 910 1275 982 θηρίον,
1307 915 1588 984 μονονουχὶ
1619 913 1883 985 βιασάμε-

297 1014 387 1052 νον
420 1002 513 1054 καὶ
540 1000 919 1072 παροξύναντα
938 1043 953 1067 ,
986 1003 1060 1065 ὡς
1097 1003 1164 1057 ἂν
1197 1004 1385 1074 τάχιον
1431 1004 1525 1059 τοῦ
1558 1007 1744 1060 ἀδίκου
1789 1007 1884 1060 καὶ

297 1089 500 1159 ἀνόμου
527 1090 641 1157 βίου
663 1090 841 1144 αὐτῶν
862 1092 1198 1164 ἀπαλλαγείη
1230 1094 1361 1165 (64).
1391 1095 1592 1149 Τούτου
1615 1097 1670 1150 δὲ
1695 1098 1786 1150 ἐπὶ
1806 1096 1884 1168 τῷ

295 1179 591 1250 διαπρεπεῖ
623 1181 837 1254 θανάτῳ
870 1183 931 1235 τὸ
970 1185 1078 1237 πᾶν
1123 1185 1328 1257 πλῆθος
1361 1187 1757 1259 ἀποθαυμάσαν
1782 1189 1883 1259 τῆς

295 1272 550 1342 ἀνδρείας
578 1274 667 1327 τὸν
699 1274 915 1346 θεοφιλῆ
944 1275 1219 1347 μάρτυρα,
1250 1277 1345 1330 καὶ
1384 1263 1484 1349 τὴν
1529 1278 1759 1332 καθόλου
1788 1280 1882 1333 τοῦ

296 1362 489 1431 γένους
515 1364 620 1435 (65)
648 1364 757 1419 τῶν
783 1366 1127 1437 Χριστιανῶν
1154 1368 1375 1439 ἀρετὴν,
1415 1368 1626 1440 ἁθρόως
1658 1370 1882 1442 ὲπιϐοᾷν

295 1454 581 1527 ἄρξασθαι·
617 1454 775 1528 «Αἶρε
799 1459 928 1521 τοὺς
950 1457 1162 1522 ἀθέους
1183 1459 1451 1529 ζητείσθω
1466 1459 1875 1530 Πολύκαρπος.»

293 1549 406 1602 Καὶ
438 1549 501 1622 δὴ
535 1548 792 1621 πλείστης
824 1551 916 1604 ἐπὶ
946 1553 1067 1614 ταῖς
1096 1550 1247 1621 βοαῖς
1285 1554 1585 1624 γενομένης
1610 1553 1879 1625 ταραχῆς,

292 1642 480 1713 Φρύγα
508 1644 627 1698 τινὰ
659 1644 721 1698 τὸ
749 1645 906 1714 γένος
938 1646 1166 1701 Κόϊντον
1188 1645 1445 1716 τούνομα,
1471 1648 1667 1701 νεωστὶ
1692 1648 1757 1700 ἐκ
1782 1647 1882 1717 τῆς

290 1734 527 1805 Φρυγίας
566 1738 884 1802 ἐπιστάντα,
917 1739 1094 1793 ἰδόντα
1123 1742 1253 1802 τοὺς
1283 1740 1477 1812 θῆρας,
1504 1742 1599 1795 καὶ
1642 1740 1740 1806 τὰς
1787 1741 1882 1794 ἐπὶ

287 1824 499 1889 τούτοις
514 1827 767 1892 ἀπειλάς,
785 1829 1129 1901 καταπτῆξαι
1144 1831 1244 1902 τὴν
1259 1830 1437 1903 ψυχὴν
1455 1830 1880 1902 μαλακισθέντα,

287 1915 381 1969 καὶ
404 1917 554 1981 τέλος
581 1919 682 1990 τῆς
704 1921 978 1992 σωτηρίας
1002 1921 1241 1977 ἐνδοῦναι
1263 1922 1395 1994 (66).
1424 1923 1644 1994 Ἐδήλου
1672 1924 1730 1976 δὲ
1754 1922 1881 1976 τοῦ-

284 2024 377 2060 τον
403 2010 433 2062 ὁ
452 2010 554 2079 τῆς
574 2014 983 2085 προειρημένης
1006 2016 1222 2087 γραφῆς
1243 2015 1400 2084 λόγος
1424 2016 1879 2087 προπετέστερον,

285 2099 401 2153 ἀλλ’
450 2102 512 2154 οὐ
546 2103 667 2156 κατ’
713 2104 1000 2159 εὐλάϐειαν
1046 2107 1379 2179 ἐπιπηδῆσαι
1423 2108 1501 2179 τῷ
1546 2107 1882 2180 δικαστηρίῳ

288 2192 387 2244 σὺν
414 2192 644 2264 ἑτέροις,
686 2196 880 2251 ἁλόντα
917 2198 963 2251 δ’
989 2194 1082 2252 οὖν
1116 2200 1286 2270 ὅμως,
1319 2201 1632 2269 καταφανὲς
1664 2201 1881 2253 ὑπόδει-

287 2300 407 2354 γμα
440 2288 553 2348 τοῖς
594 2288 730 2340 πᾶσι
758 2292 1084 2359 παρασχεῖν,
1111 2291 1193 2343 ὅτι
1229 2291 1302 2362 μὴ
1336 2291 1446 2344 δέοι
1476 2294 1590 2353 τοῖς
1621 2291 1883 2354 τοιούτοις

293 2375 680 2446 ῥιψοκινδύνως
699 2382 793 2433 καὶ
808 2381 1120 2446 ἀνευλαϐῶς
1137 2383 1506 2455 κατατολμᾷν.
1533 2384 1695 2436 Ἀλλά
1708 2383 1881 2456 ταύτῃ

294 2469 392 2538 μὲν
420 2466 531 2539 εἶχε
559 2470 735 2542 πέρας
761 2472 831 2527 τὰ
860 2473 1003 2527 κατὰ
1032 2474 1276 2538 τούτους.
1309 2475 1414 2528 Τόν
1440 2492 1503 2544 γε
1530 2475 1635 2546 μὴν
1668 2475 1880 2546 θαυμα-

291 2559 555 2614 σιώτατον
591 2563 976 2633 Πολύκαρπον,
1010 2565 1078 2619 τὰ
1112 2567 1211 2637 μὲν
1262 2567 1455 2637 πρῶτα
1481 2566 1687 2620 τούτων
1719 2567 1880 2621 ἀκού-

291 2669 483 2716 σαντα,
515 2653 787 2726 ἀτάραχον
808 2656 1102 2727 διαμεῖναι,
1126 2658 1389 2722 εὐσταθὲς
1411 2659 1473 2712 τὸ
1493 2654 1624 2729 ἦθος
1647 2660 1739 2713 κα)⁵
1767 2660 1882 2713 ἀκί-

289 2761 449 2814 νητον
480 2744 811 2813 φυλάξαντα,
841 2745 1124 2817 βούλεσθαί
1152 2765 1212 2801 τε
1236 2749 1401 2802 αὐτοῦ
1427 2749 1568 2803 κατὰ
1595 2750 1694 2821 τὴν
1726 2749 1878 2804 πόλιν

289 2836 606 2907 περιμένειν
632 2854 644 2866 ·
683 2837 975 2891 πεισθέντα
997 2857 1058 2908 γε
1095 2840 1200 2911 μὴν
1231 2839 1571 2894 ἁντιϐολοῢσι
1600 2843 1712 2904 τοῖς
1741 2842 1877 2911 ἀμφ’

288 2929 474 2992 αὐτὸν,
507 2931 602 2983 καὶ
632 2930 707 2995 ὡς
739 2929 805 2983 ἂν
835 2930 1113 2996 ὑπεξέλθοι
1148 2933 1555 3005 παρακαλοῦσι,
1593 2932 1877 3006 προελθεῖν

288 3021 369 3084 είς
393 3020 453 3074 οὐ
482 3020 669 3094 πόρρω
705 3022 968 3076 διεστῶτα
1010 3024 1112 3093 τῆς
1139 3024 1347 3090 πόλεως
1380 3025 1550 3097 ἀγρὸν
1580 3024 1876 3097 διατρίϐειν

1989 541 2407 598 nerosissituum
2436 539 2845 603 Germanicum,
2875 538 2968 607 qui
2998 538 3179 591 divina
3202 538 3419 608 adjutus
3441 552 3565 605 gra-

1988 635 2086 700 tia,
2128 633 2320 687 mortis
2360 641 2565 686 metum
2596 631 2814 700 corpori
2849 645 2878 683 a
2916 640 3111 683 natura
3147 630 3371 683 insitum
3403 644 3565 696 supe—

1988 728 2156 783 ravit.
2178 726 2311 780 Nam
2336 739 2459 778 cum
2485 723 2771 791 proconsul
2787 723 2969 778 verbis
2995 738 3117 777 eum
3135 721 3351 777 ﬂectere
3382 722 3564 782 vellet,

1987 820 2396 885 admonensque
2423 816 2573 869 illum
2607 815 2815 881 aetatis,
2850 823 3033 868 oraret
3061 824 3121 869 ut
3147 828 3356 869 memor
3385 814 3568 869 adole-

1986 910 2211 965 scentiae
2232 923 2347 962 sua:
2373 905 2476 961 sibi
2510 907 2624 976 ipse
2652 916 2921 975 parceret,
2953 906 3043 959 ille
3071 906 3203 960 nihil
3256 907 3564 970 cunctatus,

1987 1002 2127 1057 ultro
2158 1002 2212 1056 in
2239 1015 2298 1056 se
2326 990 2623 1055 attrasisse
2653 999 2877 1053 bestiam
2912 998 3133 1063 dicitur,
3168 1000 3558 1068 propemodum

1983 1110 2103 1151 eam
2132 1097 2356 1165 adigens
2383 1108 2447 1148 ac
2470 1093 2777 1159 stimulans,
2804 1107 2911 1162 quo
2927 1094 2994 1146 ah
3013 1093 3110 1145 hoc
3131 1092 3294 1160 impio
3324 1091 3556 1159 injusta-

1986 1197 2091 1251 que
2125 1181 2325 1237 saeculo
2379 1180 2620 1234 velocius
2679 1179 3018 1233 abscederet.
3054 1177 3222 1232 Porro
3252 1188 3370 1245 post
3430 1178 3555 1232 illu-

1985 1284 2157 1330 strem
2192 1273 2351 1341 hujus
2378 1272 2684 1337 interitum,
2712 1270 2969 1324 universa
3003 1269 3306 1332 multitudo,
3349 1279 3457 1323 tum
3482 1269 3566 1323 di-

1984 1366 2097 1421 vini
2135 1363 2825 1434 martyrisfortitudinem,
2864 1371 2977 1414 tum
3014 1361 3181 1414 latius
3227 1360 3566 1415 Christiano-

1987 1475 2108 1513 rum
2142 1458 2359 1529 generis
2383 1458 2637 1510 virtutem
2675 1468 3008 1524 magnopere
3029 1452 3320 1515 admirata,
3342 1459 3566 1519 repente

1983 1550 2290 1605 acclamare
2321 1549 2486 1617 cmpit
2513 1566 2527 1602 :
2554 1568 2572 1601 (
2599 1547 2750 1601 Tolle
2773 1547 2965 1614 impios
2992 1543 3365 1615 :‘Polycarpus
3387 1542 3567 1611 requi-

1985 1656 2156 1699 ratur.
2184 1661 2203 1695 ι
2232 1642 2430 1696 Secuto
2461 1641 2655 1695 dehinc
2673 1647 2794 1707 post
2815 1636 3118 1708 hujusmodi
3143 1634 3566 1689 acclamationes

1988 1734 2315 1805 gravissimo
2338 1741 2513 1797 motu,
2539 1730 2772 1796 Quintus
2798 1729 3044 1797 quidam,
3096 1725 3321 1780 natione
3341 1723 3521 1793 Phryx
3546 1761 3565 1787 ,

1986 1831 2078 1901 qui
2114 1842 2287 1898 nuper
2318 1840 2380 1879 ex
2417 1823 2652 1894 Phrygia
2681 1824 3002 1882 advenerat,
3036 1833 3160 1873 cum
3194 1817 3337 1871 feras
3365 1824 3422 1870 et
3448 1828 3568 1883 quae

1986 1929 2246 1992 praeterea
2302 1916 2714 1971 intentabantur
2768 1920 3040 1964 tormenta
3088 1908 3353 1970 vidisset,
3391 1905 3567 1958 fracto

1987 2014 2172 2070 animo
2202 2009 2443 2080 expavit,
2497 2006 2827 2072 tandemque
2878 2004 3002 2056 vita:
3054 2000 3352 2054 retinendae
3385 1995 3567 2052 studio

1986 2104 2171 2161 cessit.
2200 2102 2301 2156 Hic
2330 2114 2494 2170 porro
2520 2095 2752 2163 Quintus
2788 2103 2845 2148 ut
2875 2094 2926 2146 in
2968 2091 3154 2145 eadem
3186 2088 3411 2157 epistola
3465 2087 3567 2141 do-

1985 2204 2165 2260 cetur,
2196 2191 2510 2247 temeritate
2544 2188 2781 2258 quadam
2838 2199 2906 2238 ac
2939 2183 3169 2237 levitate
3202 2183 3425 2245 ductus,
3458 2194 3565 2234 non

1985 2303 2110 2344 cum
2145 2286 2238 2350 pio
2274 2299 2338 2338 ac
2369 2281 2625 2349 religioso
2680 2287 2849 2343 metu,
2886 2291 2991 2330 una
3026 2290 3150 2329 cum
3191 2274 3399 2343 aliquot
3446 2272 3568 2326 aliis

1986 2381 2053 2434 ad
2072 2375 2307 2432 tribunal
2333 2372 2680 2443 prosiluerat.
2700 2371 2805 2423 Sed
2827 2368 3085 2422 continuo
3116 2375 3325 2434 captus,
3358 2364 3569 2417 illustre

1984 2476 2369 2530 documentum
2407 2468 2662 2521 omnibus
2697 2464 2946 2535 przebuit,
2997 2476 3062 2515 ne
3083 2459 3347 2530 praecipiti
3402 2455 3570 2510 auda-

1983 2567 2066 2622 cia
2105 2565 2224 2620 sine
2253 2562 2364 2616 ullo
2390 2559 2725 2614 infirmitatis
2754 2572 2866 2611 sua:
2902 2562 3154 2624 respectu
3190 2549 3350 2618 13o
3375 2546 3566 2614 hujus-

1982 2658 2128 2713 modi
2169 2654 2425 2727 periculis
2470 2668 2590 2707 sese
2643 2651 2965 2718 objicerent.
3016 2647 3083 2700 Et
3111 2645 3179 2699 de
3208 2645 3291 2698 his
3345 2640 3566 2711 quidem

1981 2751 2268 2807 hactenus.
2313 2746 2684 2802 Admirandus
2733 2754 2915 2798 autem
2950 2741 3041 2795 ille
3069 2738 3421 2809 Polycarpus,
3455 2732 3570 2802 pri-

1981 2860 2129 2900 mum
2160 2843 2376 2912 quidem
2410 2857 2533 2896 cum
2565 2840 2684 2894 haec
2718 2835 3047 2904 accepisset,
3079 2831 3387 2885 nullatenus
3411 2839 3567 2880 com-

1980 2946 2161 2992 motus
2199 2945 2310 3001 est,
2357 2936 2452 2989 sed
2485 2929 2785 3001 tranquillo
2815 2940 3120 2994 serenoque
3148 2924 3333 2977 animo
3368 2919 3568 2989 persti-

1983 3030 2064 3085 tit.
2089 3030 2477 3095 Statueratque
2520 3024 2720 3079 ibidem
2752 3022 2804 3075 in
2855 3019 2989 3074 urbe
3025 3029 3329 3070 remanere.
3368 3011 3565 3067 Verum

287 3126 346 3163 τε
375 3110 470 3162 σὺν
492 3110 692 3179 ὀλίγοις
717 3112 970 3178 ἐνταῦθα,
993 3114 1210 3186 νύκτωρ
1240 3117 1335 3169 καὶ
1365 3118 1482 3187 μεθ’
1514 3116 1728 3187 ἡμέραν
1747 3113 1807 3169 οὕ
1824 3134 1874 3168 τι

1978 3119 2394 3177 obsecrantibus
2415 3114 2801 3178 familiaribus,
2820 3108 3277 3175 hortantihusque
3292 3112 3350 3157 ut
3366 3116 3424 3156 se
3442 3100 3567 3155 inde

284 3202 470 3282 ἕτερον
496 3202 825 3271 πράττοντα,
850 3206 882 3277 ἢ
909 3210 1030 3270 ταῖς
1054 3209 1192 3278 πρὸς
1224 3209 1315 3262 τὸν
1354 3208 1559 3279 Κύριον
1586 3208 1876 3279 διακαρτε-

286 3292 482 3365 ροῦντα
512 3295 718 3365 εὐχαῖς,
749 3295 815 3349 δι’
864 3290 938 3350 ὧν
970 3297 1175 3350 δεῖσθαι
1205 3298 1301 3350 καὶ
1334 3296 1619 3362 ἱκετεύειν,
1649 3298 1874 3369 εἰρήνην

283 3384 663 3456 ἐξαιτούμενον
688 3390 808 3451 ταῖς
842 3387 947 3441 ἀνὰ
969 3390 1149 3443 πᾶσαν
1172 3389 1273 3460 τὴν
1298 3389 1625 3459 οἰκουμένην
1649 3388 1878 3460 Ἐκκλη-

284 3478 430 3542 σίαις
456 3494 469 3508 ·
502 3478 661 3530 τοῦτο
688 3477 799 3548 γὰρ
846 3479 940 3531 καὶ
973 3474 1112 3530 εἶναι
1138 3480 1202 3532 ὲκ
1229 3479 1325 3531 τοῦ
1358 3479 1556 3542 παντὸς
1579 3479 1727 3549 αὐτῷ
1753 3479 1877 3532 σύν-

280 3568 436 3640 ηθες.
464 3568 576 3621 Καὶ
616 3568 681 3639 δὴ
711 3568 1026 3639 εὐχόμενον,
1058 3571 1116 3622 ὲν
1146 3570 1383 3641 ὀπτασίᾳ
1410 3570 1579 3641 τριῶν
1609 3572 1877 3644 πρότερον

282 3656 507 3728 ἡμερῶν
530 3656 628 3727 τῆς
657 3655 1221 3728 συλλήψεως,νύκτωρ
1253 3657 1379 3712 ἰδεῖν
1411 3657 1473 3710 τὸ
1498 3659 1603 3711 ὑπὸ
1633 3660 1876 3731 κεφαλῆς

280 3748 449 3803 αὐτοῦ
480 3748 706 3819 στρῶμα
745 3748 958 3817 ἀθρόως
990 3748 1161 3813 οὕτως
1194 3748 1299 3802 ὑπὸ
1326 3749 1497 3820 πυρὸς
1538 3749 1765 3820 φλεχθὲν
1793 3752 1878 3804 δε-

284 3840 650 3910 δαπανῆσθαι,
678 3839 904 3904 ἐξυπνον
936 3840 993 3893 δὲ
1022 3841 1129 3927 1ἐπὶ
1167 3841 1342 3912 τούτῳ
1375 3842 1685 3913 γενόμενον,
1715 3845 1877 3909 εὐθὺς

289 3930 701 4004 ὑφερμηνεῦσαι
747 3934 859 3996 τοῖς
889 3929 1126 4003 παροῦσι
1165 3932 1226 3984 τὸ
1258 3932 1448 4001 φανὲν,
1488 3937 1770 4006 μονονουχὶ
1815 3936 1876 3990 τὸ

287 4025 479 4096 μέλλον
506 4024 970 4096 προθεσπίσαντα,
993 4025 1179 4093 σαφῶς
1201 4042 1260 4077 τε
1285 4025 1577 4080 ἀνειπόντα
1603 4030 1715 4090 τοῖς
1735 4028 1874 4099 ἀμφ’

281 4115 555 4178 αὐτὸν,ὄτι
578 4115 687 4169 δέοι
717 4114 880 4169 αὐτόν
904 4114 993 4169 διὰ
1018 4114 1252 4187 Χριστὸν
1284 4117 1417 4187 πυρὶ
1440 4115 1539 4187 τὴν
1571 4115 1714 4189 ζωὴν
1743 4136 1873 4190 μετ-

282 4207 527 4273 αλλάξαι.
555 4206 952 4279 Ἐπικειμένων
980 4207 1045 4278 δὴ
1069 4204 1163 4262 οὖν
1207 4208 1304 4261 σὺν
1357 4209 1505 4283 πάσῃ
1532 4207 1735 4280 σπουδῇ
1764 4211 1874 4265 τῶν

282 4300 691 4370 ἀναζητούντων
738 4299 902 4354 αὐτὸν
925 4341 941 4367 ,
966 4295 1131 4363 αὖθις
1178 4299 1283 4353 ὑπὸ
1330 4299 1430 4370 τῆς
1470 4299 1579 4353 τῶν
1629 4299 1873 4370 ἀδελφῶν

279 4391 572 4456 διαθέσεως
614 4393 709 4446 καὶ
753 4391 992 4464 στοργῆς
1050 4391 1474 4462 ἐκϐεϐιασμένον
1498 4431 1515 4457 ,
1567 4392 1872 4465 μεταϐῆναί

1981 3212 2338 3274 subduceret,
2362 3208 2416 3261 in
2455 3220 2645 3261 eorum
2680 3201 3006 3257 sententiam
3033 3197 3203 3251 ﬂexus
3226 3236 3242 3261 ,
3276 3194 3343 3248 ad
3375 3206 3564 3262 agrum

1979 3302 2268 3371 quemdam
2299 3299 2505 3353 civitati
2531 3295 2838 3367 proximum
2866 3290 3117 3347 secessit.
3164 3287 3241 3341 lbi
3280 3299 3403 3339 cum
3432 3298 3564 3352 pau-

1979 3394 2058 3448 cis
2083 3390 2371 3447 comitibus
2421 3390 2626 3459 degens
2651 3431 2666 3455 ,
2703 3388 2791 3441 die
2824 3393 3098 3450 noctuque
3130 3378 3405 3433 continuis
3433 3389 3564 3428 ora-

1981 3483 2245 3545 tionibus,
2278 3495 2380 3534 nec
2404 3479 2493 3532 alii
2527 3487 2793 3548 praaterea
2830 3476 3074 3528 intentus
3119 3471 3271 3541 operi
3309 3481 3564 3539 perseve-

1976 3574 2174 3628 rabat:
2209 3581 2336 3625 vota
2371 3582 2670 3639 precesque
2718 3567 2781 3621 ad
2809 3567 2979 3622 Deum
3035 3562 3241 3616 faciens
3276 3574 3374 3631 pro
3426 3574 3563 3630 pace

1979 3680 2045 3720 ac
2077 3662 2475 3730 tranquillitate
2497 3660 2738 3714 omnium
2764 3673 2883 3726 qua:
2907 3656 3108 3724 ubique
3140 3662 3409 3707 terrarum
3436 3657 3566 3705 sunt.

1978 3753 2375 3810 Ecelesiarum.
2418 3751 2474 3805 Id
2509 3750 2658 3804 enim
2702 3748 2791 3802 ille
2824 3756 2986 3799 antea
3040 3757 3258 3812 semper
3307 3741 3564 3794 factitare

1978 3854 2354 3901 consueverat.
2382 3841 2649 3898 Caeterum
2681 3839 2860 3893 triduo
2892 3846 3179 3906 antequam
3202 3832 3564 3903 comprehen-

1978 3938 2221 4001 deretur,
2255 3947 2419 3991 noetu
2447 3936 2591 3989 inter
2611 3934 2879 3988 orandum
2921 3930 3130 3985 solutus
3182 3929 3234 3982 in
3263 3939 3512 3982 somnum
3537 3963 3559 3991 ,

1977 4030 2164 4084 videre
2195 4028 2298 4082 sibi
2334 4029 2485 4083 visus
2516 4035 2598 4081 est
2629 4010 2869 4080 cervical
2914 4039 3022 4093 quo
3045 4031 3209 4089 caput
3236 4018 3558 4083 reclinahat,

1977 4129 2152 4176 totum
2190 4128 2408 4188 repente
2434 4117 2654 4173 flamma
2680 4124 3090 4185 consumptum.
3134 4112 3307 4179 Quam
3336 4112 3405 4165 ob
3428 4124 3559 4163 cau-

1974 4228 2090 4269 sam
2123 4227 2154 4266 e
2184 4226 2376 4268 somno
2411 4213 2707 4276 excitatus,
2737 4211 2920 4266 statim
2954 4208 3127 4262 visum
3160 4222 3316 4258 suum
3367 4210 3558 4256 astan-

1977 4306 2121 4360 tibus
2175 4304 2469 4374 exposuit;
2529 4304 2694 4374 idque
2752 4302 2897 4372 quod
2932 4300 3036 4354 sibi
3076 4306 3397 4352 eventurum
3435 4300 3558 4350 erat

1976 4397 2374 4466 prtenuntians,
2423 4394 2788 4450 familiaribus
2825 4393 2940 4448 suis
2974 4401 3159 4460 aperte
3192 4386 3443 4457 praedixit
3496 4400 3557 4440 se

280 4502 444 4554 φασιν
486 4488 566 4550 είς
589 4485 775 4558 ἓτερον
819 4485 1016 4556 ἀγρὸν,
1054 4482 1180 4537 ἔνθα
1211 4485 1327 4556 μετ’
1357 4484 1433 4537 οὐ
1465 4484 1715 4539 πλεῖστον
1744 4486 1872 4550 τοὺς

1978 4502 2072 4557 pro
2125 4485 2343 4542 Christo
2385 4484 2620 4541 ﬂammis
2671 4487 3021 4554 absumptum
3074 4480 3166 4534 iri.
3218 4479 3387 4533 Porro
3428 4491 3555 4530 cum

281 4577 701 4641 συνελαύνοντας
729 4577 995 4640 ἐπελθεῖν,
1024 4576 1117 4630 δύο
1138 4594 1199 4630 τε
1222 4575 1333 4630 τῶν
1361 4575 1551 4630 αὐτόθι
1583 4577 1866 4631 συλλαϐεῖν

281 4667 508 4732 παίδων,
537 4661 612 4721 ὧν
640 4668 865 4740 θάτερον
910 4669 1319 4740 αἰκισαμένους,
1345 4669 1639 4739 ἐπιστῆναι
1673 4668 1740 4722 δι’
1766 4671 1866 4723 αύ-

280 4758 376 4815 τοῦ
403 4762 468 4832 τῇ
493 4759 586 4814 τοῦ
612 4760 971 4834 Πολυκάρπου
992 4764 1311 4833 καταγωγῇ.
1348 4759 1477 4831 Ὀψὲ
1500 4761 1558 4814 δὲ
1586 4760 1689 4833 τῆς
1716 4760 1867 4834 ὥρας

354 4959 464 5032 (63)
501 4961 999 5030 ’Υπορῤωννύντα
1026 4961 1149 5016 σὺν
1176 4964 1306 5030 θείᾳ
1327 4960 1519 5031 χάριτι
1544 4961 1660 5031 τὴν
1677 4962 1862 5031 ἐμφυ-

280 5048 406 5097 tor,
436 5043 544 5089 ete.
577 5032 748 5103 Verba
797 5033 970 5103 ipsius
1006 5034 1246 5102 epistolae
1277 5049 1441 5103 quam
1474 5034 1726 5103 superius
1759 5049 1861 5086 ex-

280 5104 624 5172 scripsimus,
672 5102 832 5171 longe
871 5101 1049 5155 alium
1081 5101 1305 5158 sensum
1337 5101 1619 5157 exhibent.
1671 5101 1859 5171 Neque

278 5175 423 5227 enim
458 5174 717 5239 seipsum,
756 5173 850 5224 sed
877 5174 1149 5226 sociorum
1198 5174 1408 5227 animos
1462 5172 1707 5240 exemplo
1756 5187 1856 5226 suo

280 5248 632 5297 conlirmasse
662 5243 863 5314 dicitur
895 5244 1273 5314 Germanicus.
1403 5242 1513 5314 γὰρ
1541 5243 1856 5314 γενναιόταγ

281 5329 372 5386 τος
424 5311 762 5386 Γερμανικὸς
798 5311 1174 5386 ὲπεῤῥῲννυεν
1212 5311 1517 5386 αὐτῶνητὴν
1538 5313 1740 5386 δειλίαν
1769 5311 1859 5365 διὰ

280 5383 379 5464 τῆς
403 5386 459 5464 ὲν
478 5382 626 5454 αύτῷ
645 5382 950 5455 ὑπομονῆςζ
976 5383 1080 5450 Qui
1107 5397 1301 5437 sensus
1330 5382 1711 5453 mihiquidem
1736 5400 1855 5436 ma-

320 5455 362 5508 is
391 5455 583 5508 placet.

281 5468 746 5605 8'3((§ll.|)lc’fl;dyov
765 5524 920 5605 ,ϐίου-
946 5522 1142 5579 αὐτῶν
1159 5521 1558 5605 ἀπαλέαγείη.
1593 5521 1704 5605 llpc
1734 5522 1857 5579 loco

282 5591 466 5650 vocem
503 5591 682 5649 αὐτῶν
711 5597 1067 5658 restituimus,
1097 5609 1219 5663 quae
1246 5596 1299 5646 in
1339 5591 1508 5661 Regio
1523 5593 1741 5663 quidem
1764 5608 1858 5647 co—

281 5665 402 5719 dice
445 5666 651 5729 deerat,
687 5667 783 5720 sed
811 5668 863 5720 in
906 5662 1077 5720 tribus
1116 5661 1328 5719 nostris
1376 5663 1652 5732 codicibus
1692 5661 1857 5732 Maz.,

280 5733 421 5792 Med.
439 5744 493 5791 et
511 5733 645 5790 Fuk.
678 5747 733 5793 et
770 5737 824 5793 in
855 5735 1146 5808 exemplari
1186 5735 1352 5805 ipsius
1381 5731 1623 5804 epistolae
1637 5731 1856 5804 legitur.

1974 4579 2122 4634 omni
2157 4578 2336 4634 studio
2361 4593 2426 4635 ac
2455 4578 2734 4648 diligentia
2760 4573 3135 4630 incumberent
3158 4570 3247 4640 qui
3276 4583 3401 4623 eum
3430 4583 3555 4637 per-

1975 4668 2363 4739 vestigabant,
2418 4681 2610 4721 rursus
2658 4665 2889 4719 fratrum
2944 4660 3140 4716 aﬂ'ectu
3178 4670 3234 4714 et
3286 4658 3556 4715 charitate

1973 4758 2311 4830 compulsus,
2344 4768 2403 4812 ut
2430 4758 2608 4825 aiunt,
2644 4756 2713 4810 ad
2740 4756 2900 4810 aliam
2932 4753 3115 4808 villam
3153 4752 3552 4822 commigravit.

2042 4961 2161 5033 (65),
2199 4962 2320 5030 Τὴν
2357 4960 2621 5033 καθόλου
2652 4956 3043 5033 ’τοῦ-τέγους.
3080 4956 3152 5033 _l_n
3184 4957 3372 5011 codice
3408 4954 3552 5010 Maz.

1967 5027 2371 5087 et'hnketiano
2420 5029 2646 5083 καθόλου
2696 5029 2957 5082 scribitur
3003 5027 3220 5095 quidem
3262 5042 3364 5081 una
3395 5042 3552 5092 voce,

1966 5104 2159 5174 aspero
2204 5112 2381 5174 tamen
2414 5099 2805 5174 spiritumedia
2830 5098 3032 5174 syllaba
3070 5106 3423 5174 praenotatur.

2036 5166 2146 5243 '(66)
2159 5171 2271 5241 Τῆς
2287 5166 2584 5243 σωτηρίας
2602 5166 3139 5243 ἐνδοῦναὶλὶιιίῇιιιιδ
3156 5168 3551 5243 vertitsalulem

1962 5237 2185 5312 segnitia
2214 5237 2451 5310 perdere.
2488 5239 2764 5294 Masculus
2783 5255 2912 5312 vero
2944 5237 3166 5291 salutem
3181 5253 3333 5312 suam
3360 5239 3548 5312 prudea

1963 5305 2040 5368 re:
2068 5315 2139 5366 At
2166 5305 2694 5378 Christophorsonus
2742 5310 2963 5363 uberius
3013 5319 3077 5378 ut
3112 5309 3253 5360 solet
3289 5317 3342 5360 et
3379 5305 3549 5378 proli-

1963 5386 2088 5438 xius
2121 5376 2514 5450 interpretatus
2539 5390 2622 5435 est
2657 5380 2757 5431 hoc
2788 5379 2950 5450 modo
2977 5395 2992 5433 :
3036 5377 3102 5450 [ξι
3136 5379 3344 5450 tandem
3367 5376 3547 5450 salute

1963 5455 2176 5524 prodita
2202 5443 2387 5506 manus
2416 5467 2526 5524 prce
2563 5451 2773 5519 ignavia
2797 5449 3021 5524 dedisse.
3047 5448 3190 5524 sane
3215 5443 3547 5524 aliquid_ltic

1964 5509 2180 5577 'videtur
2215 5509 2427 5575 deesse.
2462 5509 2649 5589 Neque
2683 5524 2828 5572 enim
2860 5518 3049 5589 Graece
3072 5518 3271 5589 dicitur
3301 5509 3545 5589 ἓνδούναι

1959 5593 2063 5664 τῆς
2096 5591 2392 5664 σωτηρίας,
2439 5592 2543 5664 nisi
2564 5581 2728 5643 "forte
2758 5588 3052 5664 subaudias
3089 5585 3270 5664 ἕνεκα.
3304 5581 3543 5664 Nec'im-

1963 5647 2158 5718 nie'rito
2195 5647 2317 5730 quis
2350 5647 2665 5730 suspicetur
2696 5658 3044 5717 scribendum
3080 5670 3201 5711 esse
3240 5647 3541 5704 ἐκπεσόντα

1961 5734 2063 5805 τῆς
2093 5729 2388 5805 σωτηρίας,
2416 5729 2677 5785 ἐνδοῦναι.
