4198 6420
663 291 760 348 551

1369 286 1639 345 EUSEBII
1670 282 2156 345 CESABIENSIS
2191 281 2344 339 OPP.
2391 282 2579 339 PARS
2614 283 2658 341 l.
2697 314 2767 325 —
2806 282 3196 341 HISTORICA.

3822 295 3927 351 352

706 410 888 467 Fortis
903 406 1361 481 esto,Polycarpe,
1378 418 1433 465 et
1454 410 1686 464 viriliter
1699 425 1820 480 age.
1835 428 1854 460 ι
1877 409 1942 463 Et
1958 409 2005 462 is
2030 407 2228 478 quiden

2352 405 2632 479 προσώπῳ
2671 408 2753 471 εἰς
2776 408 2951 462 πάντα
2970 407 3061 461 τὸν
3096 406 3252 477 δχλον
3278 407 3370 461 τὸν
3400 410 3459 466 ὲν
3480 409 3559 483 τῷ
3589 414 3790 486 σταδίῳ
3824 419 3922 487 ἒμ-

664 503 750 572 qui
776 503 916 559 hanc
940 517 1129 558 vocem
1167 502 1432 568 ediderat,
1470 517 1500 555 a
1527 503 1745 556 nemine
1783 511 1867 555 est
1918 502 2090 565 visus,
2122 499 2239 568 ipsa

661 606 789 646 vero
817 605 920 645 vox
952 606 981 644 a
1009 590 1284 659 plerisque
1306 599 1620 645 nostrorum
1653 591 1909 645 exaudita
1941 600 2048 646 est.
2076 589 2242 645 Cum-

658 699 764 754 que
787 685 854 738 ad
885 682 1118 738 tribunal
1157 682 1419 737 adductus
1441 691 1607 749 esset,
1638 682 1831 752 ingens
1857 684 2099 737 omnium
2130 683 2242 736 cla-

659 790 780 828 mor
812 774 1086 829 excitatus
1116 782 1221 839 est,
1250 773 1588 826 audientium
1635 773 2091 841 comprehensum
2116 784 2241 826 esse

656 864 1037 936 Polycarpnm.
1074 863 1253 919 Porro
1306 865 1657 918 accedentem
1718 864 2073 932 interrogavit
2115 878 2242 932 pro-

656 958 864 1019 consul,
903 957 1085 1027 ipspne
1116 963 1261 1009 esset
1290 953 1642 1025 Polycarpus.
1677 954 1809 1008 Cum
1840 955 1926 1007 ille
1959 955 2236 1021 fateretur,

655 1043 885 1097 suadere
914 1044 1082 1112 coepit
1096 1043 1389 1110 proconsul
1421 1052 1480 1095 ut
1503 1042 1779 1097 Christum
1804 1054 2023 1113 negaret
2051 1062 2065 1096 :
2091 1062 2109 1094 ι
2136 1043 2238 1098 Re-

654 1150 863 1199 verere,
894 1136 1164 1205 inquiens,
1200 1144 1416 1189 tetatem
1451 1143 1620 1201 tuam,
1651 1154 1668 1185 ι
1698 1136 1909 1202 aliaque
1939 1136 2020 1189 bis
2041 1135 2236 1189 similia

657 1227 921 1296 adjiciens
973 1243 1094 1295 quae
1118 1228 1192 1280 illi
1239 1242 1547 1297 proponere
1570 1235 1977 1282 consueverunt
2012 1245 2025 1280 :
2064 1245 2082 1278 ι
2106 1225 2235 1281 Jura

653 1336 749 1391 per
777 1321 994 1391 genium
1017 1319 1246 1374 Caesaris
1272 1336 1287 1385 ;
1325 1320 1619 1387 resipisce;
1647 1321 1734 1374 dic
1759 1343 1770 1375 :
1799 1318 1952 1375 Tolle
1985 1319 2232 1389 impios.»

652 1412 790 1467 Tum
816 1411 1150 1481 Pulycarpus
1174 1412 1321 1481 gravi
1366 1426 1430 1466 ac
1458 1426 1648 1466 severo
1680 1412 1830 1465 vultu
1858 1412 2068 1468 turbam
2120 1427 2239 1466 om-

651 1519 799 1564 nem,
827 1518 947 1572 qua:
974 1502 1028 1556 in
1083 1502 1263 1556 stadio
1318 1512 1438 1556 erat
1468 1512 1752 1568 contuens,
1806 1518 2136 1575 manumque
2181 1504 2236 1559 in

651 1611 747 1649 eos
775 1594 1083 1656 intendens,
1109 1608 1213 1646 non
1258 1593 1376 1647 sine
1411 1595 1612 1661 gemitu
1648 1594 1878 1650 sublatis
1930 1595 1985 1649 in
2037 1595 2235 1651 malum

650 1686 827 1740 oculis
845 1686 1013 1738 dixit:
1039 1704 1058 1736 ι
1081 1683 1233 1739 Tolle
1255 1684 1469 1753 impios.
1485 1703 1503 1735 ι
1525 1684 1658 1739 Cum
1679 1685 1903 1740 instaret
1924 1682 2234 1756 proconsul,

2342 497 2569 568 ϐλέψας,
2605 500 2886 563 ὲπισείσας
2908 501 3090 565 αὐτοῖς
3119 499 3217 571 τὴν
3248 502 3427 572 χεῖρα.
3459 504 3717 571 στενάξας
3742 524 3800 560 τε
3831 509 3924 563 καὶ

2340 594 2652 664 ἀναόλέψας
2668 597 2748 659 είς
2760 595 3110 666 τὺνζούρανδν,
3141 589 3313 647 εἷπεψ
3342 592 3502 666 «Αἶρε
3526 598 3651 663 τοὺς
3668 599 3882 666 ἀθέους,
3896 623 3917 656 ι

2354 687 2704 756 Ἑγκειμένου
2736 686 2793 739 δὲ
2817 686 2907 739 τοῦ
2940 686 3265 757 ἡγουμένου,
3293 687 3387 740 καὶ
3408 687 3674 756 λέγοντος·
3705 710 3724 743 t
3757 693 3924 761 Ὅμο-

2342 795 2435 832 σον
2466 779 2562 832 καὶ
2599 779 2854 833 ἀπολύσω
2887 796 2966 843 σε,
3012 778 3322 851 λοιδόρησον
3347 780 3438 833 τὸν
3468 781 3723 851 Χριστὸν,
3760 803 3779 836 ι
3819 785 3921 856 ἔφη

2340 870 2369 922 6
2417 869 2793 940 Πολύκαρτυος⁸
2834 888 2854 921 ι
2900 869 3260 939 Ὀγδοήκοντα
3305 870 3399 922 καὶ
3446 861 3507 934 ἒξ
3542 868 3635 941 ἔτη
3685 871 3923 927 δουλεύω

2340 960 2511 1031 αύτῷ,
2538 961 2630 1015 καὶ
2662 960 2812 1014 οὐδέν
2841 977 2908 1031 με
2939 960 3186 1031 ἠδίκησε.
3214 961 3325 1015 Καὶ
3350 960 3466 1025 πῶς
3489 962 3724 1033 δύναμαι
3759 963 3922 1033 βλασ-

2341 1052 2594 1123 φημῆσαι
2616 1052 2707 1107 τὸν
2730 1052 2964 1106 Βασιλέα
3000 1070 3124 1123 μου,
3156 1052 3246 1107 τὸν
3272 1052 3522 1107 σώσαντά
3548 1070 3648 1123 με;
3694 1073 3713 1105 ι
3764 1054 3922 1108 Ἐπι-

2341 1143 2592 1214 μένοντος
2637 1143 2696 1198 δὲ
2744 1144 2905 1197 πάλιν
2950 1145 3115 1198 αὐτοῦ
3161 1145 3256 1197 καὶ
3300 1143 3576 1211 λέγοντοςο
3618 1162 3637 1195 ι
3686 1145 3920 1214 Ὀμοσον

2337 1234 2435 1306 τὴν
2468 1234 2745 1306 Καίσαρος
2787 1234 2977 1308 τύχην,
3016 1254 3035 1287 ι
3072 1238 3101 1289 6
3129 1233 3507 1305 Πολύκαρπος,
3542 1254 3561 1284 ι
3593 1235 3657 1288 Et
3707 1236 3918 1288 κενοδο-

2339 1327 2469 1392 ξεῖς,
2497 1330 2679 1397 φησὶν,
2710 1329 2796 1382 ἵνα
2816 1328 3000 1399 ὀμόσω
3021 1327 3119 1398 τὴν
3135 1328 3412 1399 Καίσαρος
3437 1326 3709 1399 τύχην,ὡς
3720 1321 3921 1392 λέγεις.

2338 1420 2804 1491 προσποιούμενος
2825 1422 3040 1489 ἀγνοεῖν
3076 1420 3225 1483 ὅστις
3252 1420 3398 1490 εἰμὶ,
3438 1421 3576 1489 μετά
3604 1419 3917 1490 παρρησίας

2336 1513 2518 1567 ἀκουε·
2539 1512 2862 1583 Χριστιανός
2889 1514 3024 1582 εἰμι.
3051 1512 3114 1564 El
3141 1511 3198 1565 δὲ
3224 1512 3398 1577 Θέλεις
3427 1513 3519 1566 τὸν
3541 1511 3637 1565 τοῦ
3663 1513 3918 1583 Χριστια-

2336 1604 2531 1675 νισμοῦ
2565 1603 2753 1673 μαθεῖν
2779 1602 2957 1669 λόγον,
2987 1601 3305 1673 δδςήμέραν
3332 1603 3424 1656 καὶ
3453 1601 3702 1655 ἄκουσον.
3729 1619 3748 1652 ι
3770 1601 3917 1670 Ἔφη

2336 1697 2365 1748 6
2396 1694 2722 1757 ἀνθύπατος
2758 1713 2776 1743 ι
2801 1693 2993 1745 Πεῖσον
3021 1692 3110 1746 τὸν
3139 1693 3328 1763 δῆμον.
3362 1712 3380 1745 ι
3403 1692 3765 1764 Πολύκαρπος
3784 1691 3910 1763 ἔφη·

651 1777 965 1845 diceretque
1001 1793 1017 1831 :
1061 1797 1080 1829 ι
1104 1776 1253 1840 Jura,
1278 1788 1332 1830 et
1369 1777 1525 1848 132
1559 1778 1805 1847 protinus
1835 1787 1885 1832 te
1916 1778 2184 1831 dimittam
2214 1794 2228 1832 :

2345 1805 2364 1838 ι
2403 1787 2471 1840 Σὲ
2507 1788 2605 1857 μὲν
2638 1787 2732 1840 καὶ
2751 1785 2907 1852 λόγου
2932 1784 3157 1855 ἠξίωσα.
3190 1759 3557 1855 λεδιδάγμεθα
3585 1759 3694 1855 γάρ
3718 1759 3916 1854 ἀρχαῖς

652 1870 739 1924 dic
756 1869 997 1924 convicia
1010 1874 1273 1928 adversus
1290 1872 1567 1927 Christum
1594 1887 1640 1936 ;ι
1668 1869 1861 1941 Polyca
1872 1885 2000 1939 rpus
2015 1883 2237 1938 respon-

651 1965 730 2019 dit
764 1980 779 2018 :
819 1982 837 2015 ι
864 1963 972 2017 Sex
1003 1975 1057 2018 et
1084 1966 1359 2034 octoginta
1387 1966 1678 2019 continuos
1699 1976 1867 2016 annos
1889 1962 1937 2017 ei
1959 1963 2236 2016 ministra-

648 2057 725 2120 vi,
764 2072 864 2111 nec
894 2056 999 2108 ulla
1031 2071 1115 2111 me
1144 2072 1382 2127 unquam
1407 2055 1589 2109 aﬂ‘ecit
1621 2055 1855 2124 injuria:
1879 2063 1936 2108 et
1963 2054 2235 2124 quomodo

648 2163 868 2217 possum
899 2148 1061 2216 impie
1093 2147 1236 2218 loqui
1283 2148 1543 2203 adversus
1594 2147 1799 2216 Regem
1833 2163 2014 2201 meum
2042 2156 2233 2201 aucto-

646 2256 869 2310 remque
898 2241 1093 2295 salntis
1125 2240 1304 2295 mete?
1330 2260 1347 2291 ι
1384 2240 1627 2309 Urgente
1658 2255 1847 2294 rursus
1878 2228 2231 2308 proconsule,

645 2346 709 2387 ac
736 2332 949 2386 dicente
974 2348 987 2384 :
1010 2349 1028 2381 ι
1050 2328 1177 2385 Jura
1200 2346 1299 2400 per
1315 2331 1530 2400 genium
1548 2329 1815 2394 Caesaris;
1851 2349 1870 2382 ι
1903 2328 2232 2401 Polycarpns

643 2423 820 2478 dixit:
854 2443 871 2474 ι
908 2424 964 2479 Si
998 2424 1241 2492 quidem,
1282 2422 1477 2491 inquit,
1524 2421 1810 2477 ambitiose
1838 2422 2143 2485 contendis,
2174 2430 2231 2475 ut

645 2530 748 2581 ego
781 2530 877 2583 per
913 2515 1133 2582 genium
1162 2530 1322 2583 quem
1354 2529 1517 2568 vocas
1546 2512 1778 2568 Caesaris
1821 2512 2024 2582 jurem,
2060 2515 2230 2568 simu-

646 2608 764 2660 lans
793 2614 845 2659 te
876 2605 1132 2673 ignorare
1160 2606 1283 2675 quis
1306 2606 1432 2669 sim.
1464 2605 1588 2659 audi
1623 2605 1794 2659 libere
1832 2606 2176 2673 proﬁtentem
2211 2625 2227 2661 :

645 2698 990 2753 Christianus
1010 2712 1145 2751 sum.
1183 2696 1334 2766 Quod
1361 2698 1406 2751 si
1441 2697 1737 2752 Christiani
1761 2697 1943 2753 cultus
1965 2698 2229 2753 rationem

644 2789 796 2857 cupis
816 2804 1136 2859 agnoscere,
1180 2790 1249 2842 da
1281 2789 1411 2843 mihi
1453 2790 1561 2844 diei
1597 2789 1856 2858 spatium,
1891 2798 1943 2843 el
1971 2790 2177 2844 audies.
2203 2808 2224 2842 ι

644 2886 707 2936 At
726 2882 1049 2953 proconsul:
1075 2901 1093 2934 ι
1110 2882 1400 2945 Persuade,
1420 2882 1615 2951 inquit,
1630 2883 1845 2952 populo.
1859 2900 1879 2935 ι
1897 2883 2229 2955 Polycarpus

644 2978 810 3032 dixit:
833 2997 851 3028 ι
880 2976 999 3031 Tibi
1026 2975 1242 3046 quidem
1266 2976 1530 3029 rationem
1550 2978 1778 3031 reddere
1810 2993 1913 3032 non
1943 2992 2027 3029 me
2043 2978 2224 3047 piget:

642 3078 968 3137 praeceptum
997 3068 1142 3120 enim
1167 3067 1324 3121 nobis
1364 3076 1449 3120 est
1507 3075 1565 3120 ut
1613 3067 2027 3137 magistratibus
2051 3076 2107 3121 et
2133 3081 2229 3136 po-

645 3162 935 3214 testatibus
972 3174 998 3213 a
1036 3160 1148 3214 Deo
1178 3160 1493 3214 constitutis
1514 3160 1776 3213 honorem
1800 3159 2042 3215 debitum
2073 3160 2228 3214 exhi-

642 3253 888 3317 beamns,
938 3252 1031 3323 qui
1074 3253 1236 3307 nobis
1294 3252 1427 3321 ipsis
1483 3251 1617 3306 nihil
1681 3261 1895 3307 noceat.
1933 3253 2059 3307 lllos
2095 3268 2226 3307 vero

643 3361 830 3415 parum
862 3346 1055 3416 dignos
1081 3360 1280 3400 censeo
1303 3345 1502 3413 quibus
1539 3344 1665 3399 ﬁdei
1709 3355 1913 3399 nostra:
1958 3345 2225 3399 rationeut

643 3440 883 3495 reddam.
907 3457 925 3489 ι
962 3436 1115 3491 Tunc
1145 3436 1436 3507 proconsul
1474 3453 1488 3490 :
1519 3454 1539 3487 ι
1579 3435 1790 3490 Ριαιειο
1823 3444 1974 3501 sunt,
2026 3436 2221 3505 inquit,

641 3530 849 3593 bestiae,
876 3528 1074 3597 quibus
1119 3537 1172 3582 te
1203 3526 1524 3597 ohjecturus
1565 3542 1708 3587 sum.
1739 3527 1837 3605 nisi
1893 3526 2223 3580 sententiam

641 3622 993 3677 mutaveris.»
1022 3619 1355 3690 Polycarpus
1384 3619 1519 3673 dixit
1548 3633 1564 3673 :
1599 3636 1620 3671 ι
1645 3610 2022 3683 Αοοετεεέιιε,
2051 3633 2227 3687 neque

642 3714 787 3768 enim
844 3713 1000 3766 nobis
1053 3726 1082 3765 a
1137 3711 1455 3766 melioribus
1508 3711 1573 3765 ad
1616 3710 1889 3765 deteriora
1948 3711 2226 3766 mutabilis

641 3819 798 3858 tuens
820 3812 920 3859 est.
957 3803 1249 3859 Pulchrum
1293 3804 1509 3873 quidem
1546 3813 1710 3873 atque
1746 3803 2033 3859 honestum
2067 3806 2224 3860 duci-

644 3911 764 3949 mus
808 3910 837 3949 a
889 3895 1033 3951 vitiis
1089 3897 1156 3950 ad
1194 3896 1451 3950 virtutem
1488 3907 1884 3950 transcurrere.
1912 3915 1931 3948 ι
1987 3896 2070 3951 Ad
2108 3898 2221 3952 haec

641 3988 935 4058 proconsul
969 4006 983 4042 :
1024 4006 1046 4040 ι
1081 3988 1325 4055 Quando,
1349 3988 1545 4057 inquit,
1569 3987 1775 4043 bestias
1827 3990 2063 4057 spernis,
2095 3989 2223 4045 faxo

641 4089 702 4133 ut
728 4079 979 4134 incendio
992 4079 1247 4143 domeris,
1269 4080 1368 4135 nisi
1389 4082 1717 4135 sententiam
1739 4091 1934 4135 mutes.
1952 4108 2021 4119 ——
2037 4078 2221 4151 Ignem

640 4170 884 4238 minaris,
914 4171 991 4225 ait
1014 4171 1371 4242 Polycarpus,
1393 4171 1484 4239 qui
1508 4173 1573 4224 ad
1603 4172 1749 4227 hora:
1780 4172 2014 4241 spatium
2040 4174 2216 4239 ardet,

640 4264 935 4335 statimque
968 4265 1350 4336 exstinguitur.
1375 4264 1596 4335 Ignoras
1620 4265 1834 4321 scilicet
1877 4266 2026 4320 illum
2048 4264 2216 4321 futuri

636 4355 825 4427 judicii
857 4367 1183 4429 aeternaeque
1217 4357 1582 4414 damnationis
1625 4357 1829 4429 ignem,
1867 4358 1959 4429 qui
2017 4358 2218 4428 impio-

2336 1880 2431 1932 καὶ
2458 1879 2728 1945 ἐξουσίαις
2763 1881 2867 1933 ὑπὸ
2908 1880 3042 1934 Θεοῦ
3080 1879 3440 1949 τεταγμέναις
3480 1877 3646 1949 τιμὴν
3686 1876 3827 1930 κατά
3855 1876 3917 1930 τὸ

2338 1972 2612 2042 προσῆκον
2640 1971 2739 2042 τὴν
2772 1972 2844 2043 μὴ
2872 1973 3217 2043 βλάπτουσαν
3249 1974 3397 2043 ἡμᾶς
3417 1971 3711 2041 ἀπονέμειν
3731 1986 3744 1998 ·
3770 1968 3915 2022 ἐκεί-υ

2335 2078 2459 2124 νους
2478 2061 2534 2114 δὲ
2559 2063 2658 2115 οὐκ
2678 2061 2860 2128 ἀξίους
2883 2062 3122 2134 ἡγοῦμαι
3155 2062 3247 2116 τοῦ
3269 2059 3653 2128 ἀπολογεῖσθαι
3675 2058 3908 2120 αὑτοῖς.ι

2347 2156 2405 2208 'O
2430 2154 2485 2208 δὲ
2512 2154 2818 2218 ἀνθύπατος
2851 2150 2972 2208 εἷπε
2999 2154 3113 2223 (72)
3131 2171 3143 2183 ·
3184 2171 3203 2205 ι
3241 2152 3419 2223 Θηρία
3447 2150 3574 2221 ἔχω.
3599 2148 3821 2210 Τούτοις
3852 2162 3912 2199 σε

2335 2241 2637 2314 παραϐαλῶ
2661 2241 2754 2295 ὲάν
2781 2243 2854 2313 μὴ
2896 2244 3253 2314 μετανοήσῃς.
3288 2260 3307 2292 ι
3358 2241 3416 2293 Ὁ
3446 2240 3502 2293 δε
3534 2235 3705 2292 εἶπενο
3743 2257 3762 2288 ι
3800 2238 3914 2290 Κά-

2333 2334 2433 2397 λει,
2462 2335 2793 2405 ἀμετάθετος
2822 2334 2929 2406 γὰρ
2961 2337 3093 2405 ἡμῖν
3129 2336 3155 2403 ἡ
3190 2333 3296 2386 ἀπὸ
3323 2332 3432 2385 τῶν
3462 2331 3788 2403 κρειττόνων
3821 2328 3913 2381 ἐπὶ

2330 2425 2400 2479 τὰ
2435 2427 2604 2497 χείρω
2638 2426 2892 2496 μετάνοια
2922 2426 3059 2497 (7⁸5).
3098 2424 3279 2478 Καλὸν
3302 2425 3360 2477 δὲ
3399 2421 3779 2492 μετατίθεσθαι
3805 2418 3912 2473 ἀπὺ

2329 2518 2438 2571 τῶν
2468 2517 2721 2588 χαλεπῶν
2760 2519 2852 2571 ἐπὶ
2896 2518 2965 2571 τὰ
2994 2517 3196 2570 δίκαια.
3236 2535 3255 2568 ι
3292 2517 3351 2570 '0
3375 2514 3431 2569 δὲ
3465 2514 3625 2568 πάλιν
3651 2513 3787 2584 πρὸς
3812 2512 3911 2564 αὐ-

2331 2611 2440 2664 τόν·
2482 2629 2501 2662 ι
2532 2611 2673 2682 Πυρί
2711 2627 2770 2663 σε
2801 2612 3011 2682 ποιήσω
3048 2609 3412 2679 δαμασθῆναι,
3450 2606 3546 2661 ὲάν
3572 2605 3679 2658 τῶν
3708 2603 3910 2675 θηρίων

2331 2707 2700 2776 καταφρονῇς,
2732 2704 2827 2757 ἐάν
2856 2702 2929 2774 μὴ
2966 2703 3323 2773 μετανοήσῃς.
3347 2719 3365 2752 ι
3384 2697 3739 2769 Πολύκαρπος
3767 2691 3906 2748 εἶπε·

2337 2816 2356 2849 t
2388 2797 2505 2869 Πῦρ
2541 2797 2786 2859 ἀπειλεῖς
2814 2795 2948 2867 πρὸς
2968 2795 3116 2866 ὥραν
3147 2793 3460 2863 καιόμενον,
3496 2791 3594 2843 καὶ
3630 2786 3912 2858 μετολίγον

2333 2889 2708 2960 σϐεννύμενον.
2738 2890 2974 2956 Ἀγνοεῖς
2995 2886 3103 2958 γὰρ
3128 2885 3189 2938 τὸ
3221 2886 3319 2954 τῆς
3349 2883 3646 2954 μελλούσης
3678 2882 3912 2952 κρίσεως

2333 2982 2424 3035 καὶ
2462 2981 2681 3034 αἰωνίου
2711 2979 2985 3043 κολάσεως
3014 2981 3126 3041 τοῖς
3152 2976 3375 3030 ἀσεϐέσι
3408 2974 3741 3046 τηρούμενον
3772 2972 3908 3043 πῦρ.

2344 3072 2503 3125 Ἀλλά
2516 3072 2566 3124 τί
2584 3070 2865 3142 βραδύνεις
2886 3087 2902 3136 ;
2939 3070 3073 3140 Φέρε
3090 3068 3118 3121 δ
3141 3067 3320 3137 βούλει
3339 3065 3571 3137 (74ρ75).
3599 3084 3617 3115 ι
3638 3062 3824 3117 Ταῦτα
3854 3061 3910 3118 δὲ

2329 3166 2424 3220 καὶ
2451 3165 2613 3236 ἕτερα
2635 3164 2855 3216 πλείονα
2878 3161 3074 3230 λέγων,
3100 3161 3337 3232 θάρσους
3368 3161 3464 3214 καὶ
3487 3160 3663 3229 χαρᾶς
3683 3158 3909 3226 ἐνεπίμ-

2327 3256 2520 3322 πλατο,
2557 3258 2651 3310 καὶ
2687 3256 2749 3308 τὸ
2792 3256 3083 3326 πρόσωπον
3120 3252 3285 3306 αὐτοῦ
3319 3253 3540 3325 χάριτος
3570 3249 3905 3321 ἐπληροῦτο,

2327 3348 2469 3403 ὥστε
2503 3348 2578 3420 μὴ
2616 3348 2774 3419 μόνον
2811 3348 2886 3419 μὴ
2935 3347 3233 3416 συμπεσεῖν
3264 3343 3603 3415 ταραχθέντα
3644 3341 3748 3394 ὑπὸ
3799 3339 3908 3395 τῶν

2326 3439 2633 3509 λεγομένων
2669 3436 2806 3509 πρὸς
2835 3435 3017 3499 αὑτὸν,
3057 3432 3194 3487 ἀλλά
3217 3431 3528 3486 τούναντίον
3552 3430 3642 3482 τὸν
3670 3426 3911 3481 ἀνθύπα-

2327 3549 2419 3585 τον
2445 3531 2720 3601 ἐκστῆναι,
2750 3528 2962 3600 πέμψαι
2983 3544 3043 3579 τε
3073 3525 3164 3579 τὸν
3195 3526 3415 3596 κήρυκα
3444 3522 3539 3575 καὶ
3564 3522 3621 3573 εν
3654 3521 3802 3591 μέσῳ
3831 3516 3908 3588 τῷ

2333 3624 2531 3693 σταδίῳ
2560 3620 2793 3693 κηρύξαι
2823 3620 2961 3692 τρίς·
2992 3617 3382 3687 «Πολύκαρπος
3408 3613 3758 3684 ὡμολόγησεν
3784 3612 3912 3664 ἑαυ-

2327 3715 2420 3769 τὸν
2441 3712 2761 3785 Χριστιανὸν
2787 3708 2946 3766 εἶναι.
2977 3730 2994 3762 ι
3035 3708 3239 3762 Τούτου
3260 3707 3539 3778 λεχθέντος
3566 3702 3777 3758 ὑπὸτοῦ
3812 3702 3911 3773 κή-

2335 3823 2529 3878 ρυκος,
2579 3806 2686 3857 πᾶν
2716 3804 2777 3857 τὸ
2821 3801 3026 3872 πλῆθος
3063 3799 3232 3853 ὲθνῶν
3262 3815 3324 3851 τε
3363 3798 3457 3851 καὶ
3495 3795 3767 3849 Ἰουδαίων
3797 3792 3909 3845 τῶν

2329 3897 2426 3968 τὴν
2460 3895 2711 3967 Σμύρναν
2751 3891 3170 3956 κατοικούντων,
3220 3888 3579 3959 ἀκατασχέτῳ
3609 3885 3765 3957 θυμῷ
3812 3883 3909 3938 καὶ⁵

2332 3988 2541 4061 μεγάλῃ
2556 3990 2704 4058 φωνῇ
2724 3986 2871 4040 ὲ66α⁶
2899 4002 2917 4034 t
2942 3977 3112 4047 Οὗτός
3129 3985 3277 4037 ἐστιν
3297 3983 3325 4034 6
3344 3981 3443 4051 τῆς
3460 3979 3643 4042 Ἀσίας
3662 3978 3909 4032 διδάσκα-

2327 4082 2438 4147 λος,
2466 4083 2496 4135 6
2528 4078 2709 4150 πατὴρ
2734 4076 2843 4131 τῶν
2873 4075 3237 4148 Χριστιανῶν,
3269 4077 3299 4129 6
3329 4074 3438 4128 τῶν
3465 4072 3748 4143 ἡμετέρων
3769 4068 3909 4122 θεῶν

2326 4171 2675 4244 καθαιρέτης,
2701 4172 2729 4223 6
2756 4168 2983 4232 πολλοὺς
3011 4167 3277 4221 διδάσκων
3309 4165 3383 4237 μὴ
3412 4164 3561 4217 θύειν
3590 4161 3724 4233 μηδὲ
3746 4175 3911 4231 προσ-

2325 4267 2526 4321 κυνεῖν.
2550 4283 2569 4315 ι
2592 4261 2779 4317 Ταῦτα
2806 4261 3057 4329 λέγοντες
3077 4300 3093 4327 ,
3128 4258 3369 4313 ἐπεϐόων
3402 4257 3497 4313 καὶ
3536 4256 3763 4327 ἠρώτων
3814 4252 3907 4306 τὸν

2336 4357 2629 4430 Ἀσιάρχην
2662 4354 2775 4428 (76)
2804 4353 3088 4417 Φίλιππον,
3109 4346 3210 4405 ’ἵνα
3240 4351 3424 4421 ἐπαφῇ
3458 4348 3537 4418 τῷ
3564 4345 3909 4417 Πολυκάρπῳ

715 4540 830 4613 (72)
868 4541 937 4613 γὈ
973 4541 1042 4596 δὲ
1067 4542 1411 4613 ἀνθύπατος
1450 4539 1600 4598 εἷπε.
1631 4544 1685 4597 In
1713 4544 1992 4598 codicibus
2018 4545 2221 4601 nostris

2332 4544 2511 4599 δίκαιά
2534 4561 2594 4599 τε
2627 4542 2722 4598 καὶ
2743 4522 2885 4595 ὅσια.
2921 4539 3087 4608 Quasi
3124 4538 3331 4592 diceret
3373 4551 3387 4589 :
3419 4533 3541 4613 Noli
3580 4546 3843 4613 sperare,
3871 4545 3906 4584 o

644 4600 972 4688 νέηται.
1012 4624 1067 4688 et
1084 4612 1231 4688 ,Fuk.
1262 4600 1525 4682 scriptum
1561 4624 1665 4680 est,
1704 4615 1764 4667 '0
1813 4613 1873 4667 δὲ
1914 4600 2219 4679 ἀνθύπατος
2252 4600 2293 4610 ﬁ
2321 4617 2508 4686 jndex,
2540 4617 2654 4688 lleri
2692 4628 2850 4683 posse
2870 4600 3036 4688 ut'me
3064 4623 3300 4688 unquam
3331 4607 3613 4687 paeniteat.
3636 4600 3743 4655 Nos
3758 4603 3903 4688 enim

642 4683 799 4769 ἔφη-ζ
812 4681 992 4769 βηρία
1020 4681 1149 4769 ἔχιν,
1182 4694 1288 4737 etc.

714 4754 824 4821 (75)
858 4751 1228 4821 Ἀμετάθετος
1251 4752 1364 4822 γὰρ
1385 4753 1530 4821 ἡμῖν
1545 4755 1584 4822 ἡ
1604 4753 1723 4808 ἀπὸ
1739 4751 1855 4807 τῶν
1868 4756 2223 4822 κρειττόνων

640 4825 745 4880 ἐπι
768 4822 840 4875 τὰ
864 4824 1040 4892 χείρω
1059 4822 1365 4891 μετάνοια.
1397 4824 1595 4878 Ultima
1625 4840 1729 4879 vox
1757 4839 1861 4877 non
1892 4826 2102 4879 videtur
2132 4827 2221 4880 hic

641 4899 957 4964 convenire.
990 4897 1069 4947 Ac
1111 4896 1346 4949 libenter
1369 4909 1463 4961 pro
1492 4908 1623 4947 voce
1659 4893 1916 4964 μετάνοια
1949 4896 2219 4951 rescribe-

645 4981 757 5019 rem
787 4960 1015 5024 διάνοια,
1045 4978 1205 5031 quem
1232 4960 1452 5017 sensum
1491 4965 1544 5017 in
1598 4960 2047 5033 interpretatioae
2095 4980 2214 5019 mea

642 5050 761 5087 sum
799 5045 1042 5088 secutus.
1080 5034 1223 5087 Idem
1256 5048 1474 5102 quoque
1517 5033 1713 5088 Ruﬁno
1743 5036 2008 5102 placuisse
2034 5035 2214 5088 video.

645 5104 738 5158 Sic
766 5104 910 5165 enim
942 5104 1031 5156 ille
1067 5104 1397 5158 vertithunc
1417 5103 1595 5157 locum
1631 5119 1645 5155 :
1685 5103 1980 5159 Proconsul
2030 5105 2214 5160 dixit:

642 5173 1044 5256 Bestius-.ltabfo
1079 5176 1269 5256 quibus
1331 5173 1589 5256 iubigeris
1623 5177 1721 5245 (ita
1752 5178 1965 5255 correxi
2020 5177 2214 5256 partim

640 5262 704 5298 ιιι(
752 5245 940 5298 codice
974 5243 1298 5299 l’urisieusis
1331 5243 1858 5312 Ecclesiapartim
1914 5261 1979 5298 ex
2024 5243 2214 5314 llegin)

641 5316 745 5369 nisi
775 5317 880 5367 cito
901 5316 1229 5380 paenituerit.
1264 5314 1329 5367 At
1364 5315 1453 5367 ille
1482 5316 1744 5381 respondit
1776 5330 1794 5368 :
1827 5316 2215 5369 Adhibeantur.

642 5384 811 5439 Nobis
861 5387 996 5438 enim
1037 5385 1320 5438 immobilis
1342 5393 1443 5436 stat
1475 5386 1737 5437 sententia
1765 5399 1785 5438 :
1820 5401 1912 5437 nec
1937 5401 2217 5452 possumus

640 5460 703 5509 de
729 5457 866 5509 bono
897 5458 965 5508 ad
996 5454 1196 5508 malum
1231 5470 1325 5522 per
1352 5454 1729 5521 paenitudinem
1751 5457 2090 5508 commutari.
2128 5455 2218 5507 Ni-

643 5528 912 5595 cephorus
940 5541 1181 5594 quoque,
1217 5537 1275 5578 ut
1306 5525 1465 5595 hujus
1489 5522 1592 5595 loci
1621 5538 1840 5577 sensum
1861 5525 2219 5593 exprimeret,

643 5591 1133 5679 circutulocutioiie
1158 5610 1300 5679 .usus
1334 5602 1418 5679 est
1444 5591 1752 5679 hu’jnsqui
1792 5610 1805 5645 :
1840 5591 2059 5679 Ούγὰρ
2099 5595 2225 5679 ἐμοςι

645 5666 902 5735 μετάνοια
933 5664 1123 5734 σαφῶς
1149 5662 1415 5735 ὁρισθείῃ,
1447 5664 1480 5735 ἡ
1502 5663 1611 5735 ἀπὸ
1636 5663 1747 5735 τῶν
1772 5662 2093 5735 κρειττόνων
2130 5662 2224 5718 ἐπὶ

640 5732 709 5791 τὰ
738 5736 906 5806 χείρω
955 5732 1266 5799 μετάθεσις,
1300 5732 1414 5789 ἀλλ’
1438 5734 1472 5802 ἡ
1498 5733 1561 5785 ἐκ
1590 5733 1696 5786 τῶν
1727 5732 1978 5805 χαλεπῶν
2019 5736 2112 5788 ἐπὶ
2158 5735 2226 5788 τὰ

2329 4676 2788 4739 unatn'duuta'xat
2837 4676 3215 4751 pmuitcntiatu
3267 4676 3636 4751 agnoscimus,
3668 4687 3815 4751 _c'ur_n
3871 4686 3901 4723 a

2328 4755 2476 4810 vitiis
2500 4758 2566 4808 ad
2592 4741 2873 4815 virtutem',
2901 4761 2954 4804 et
2985 4750 3054 4803 ab
3096 4763 3281 4802 errore
3305 4741 3586 4800 transitur
3616 4741 3681 4815 ad
3716 4742 3896 4793 iidem.

2329 4826 2373 4879 Δ
2403 4823 2717 4878 melioribus
2758 4812 2887 4875 vero
2913 4821 2978 4876 ad
3006 4819 3276 4875 deteriora
3316 4817 3572 4884 migrare.
3613 4812 3667 4868 id
3696 4825 3904 4880 nequa-

2330 4910 2492 4965 quam
2518 4894 2850 4965 resipiscere
2878 4900 2981 4965 est.

2392 4963 2606 5032 (74-75)
2642 4951 2843 5030 ὢέρενὸ
2859 4960 3098 5032 βούλει,
3122 4957 3303 5032 Codex
3338 4951 3745 5032 blaz.‘acAhle‘d.,
3772 4962 3901 5032 cum

2326 5017 2482 5090 Ριῖιιί
2502 5042 2557 5088 et
2587 5017 2739 5095 Savf,
2773 5017 3032 5099 scriptum
3088 5027 3455 5101 habeuttpépa
3483 5026 3518 5080 ά
3558 5017 3904 5101 βούλειτ.βιις

2322 5107 2466 5158 huius
2512 5104 2671 5156 vertit
2708 5090 2961 5157 {Adhibe
3000 5111 3178 5156 utrum
3224 5090 3404 5163 voles,
3445 5090 3623 5167 ignem
3687 5090 3903 5146 scilicet

2321 5186 2414 5230 aut
2442 5174 2662 5228 hestias.

2393 5227 2506 5314 (76)
2548 5242 2677 5314 Τὸνί
2702 5239 3051 5309 Ἀσιάρχην.
3073 5237 3301 5293 Ruﬁnus
3331 5227 3896 5314 munerarit‘tmjertit,

2322 5303 2770 5383 quod'cquidetn
2829 5303 3060 5380 probare
3112 5325 3218 5362 non
3280 5322 3523 5383 possunt.
3590 5303 3702 5358 Etsi
3753 5303 3898 5383 enim

2322 5379 2582 5438 asiarchte
2630 5379 2852 5437 munera
2879 5383 3133 5443 edebant,
3164 5395 3267 5432 non
3313 5379 3418 5431 hoc
3448 5387 3625 5448 tamen
3655 5379 3771 5448 erat
3800 5383 3897 5448 pe:

2324 5455 2529 5507 culiare
2552 5468 2740 5507 eorum
2770 5451 3027 5505 cilicium.
3057 5439 3426 5521 Multiqnippe
3444 5445 3539 5521 alii
3584 5439 3897 5521 huiusmodi

2326 5524 2640 5592 Spectacula
2687 5522 3014 5592 exhibebant
3046 5519 3262 5592 :_verbi
3318 5518 3491 5592 gratia
3527 5518 3895 5592 magistratus

2328 5577 2682 5661 tt'tuuicipalcs
2731 5607 2827 5647 seu
2874 5589 3169 5661 duumviri,
3198 5599 3268 5661 ut
3305 5577 3471 5661 εει-ιιι
3527 5585 3642 5652 lege
3688 5577 3894 5661 [ϐοά.

2328 5651 2550 5717 Τιιυοᾱί
2574 5663 2647 5717 De
2672 5660 3016 5732 spectaculis._
3036 5658 3365 5732 Vertendum
3400 5657 3568 5725 igitur
3592 5651 3676 5707 est
3713 5651 3900 5726 Asiar—

2329 5733 2501 5788 clunn.
2536 5727 2709 5788 Erant"
2733 5740 2913 5787 autem
2941 5727 3205 5786 asiarcba:
3247 5732 3559 5783 sacerdotes
3589 5732 3899 5778 communis
