4198 6402
272 352 384 409 35⁸1

1272 345 1625 404 1⁵115ΤοῙῖίῶ
1660 346 2221 406 ECCLESIASTICIE
2262 351 2382 406 LIB.
2433 350 2524 409 IV.

3428 357 3536 415 358

271 468 645 538 ἀνεπίληπτον
672 463 838 519 αὐτοῦ
872 463 1166 527 πολιτείαν,
1220 465 1665 536 ἐστεφανωμένον
1693 484 1754 520 τε
1782 466 1861 538 τῷ

1964 470 2200 537 speciem
2249 472 2519 539 pra-benti.
2549 479 2809 542 tanquam
2838 472 3018 528 velum
3048 474 3200 529 navis
3247 483 3534 531 ventorum

272 563 380 631 τῆς
410 557 719 630 ἀφθαρσίας
757 555 1006 625 στεφάνῳ
1039 555 1137 609 καὶ
1173 554 1425 626 βραὸεῖον
1467 556 1861 629 ἀναντίρρητον

272 651 742 725 ἀπενηνεγμένον,
786 648 1146 719 ἐπετήδευσεν
1186 647 1262 711 ὼς
1311 649 1445 719 μηδὲ
1485 648 1546 702 τὸ
1588 650 1862 720 σωμάτιον

274 746 443 801 αὐτοῦ
475 744 548 812 ὑφ
599 742 755 813 ήμῶν
783 740 1036 812 ληφθείη,
1061 739 1261 811 καίπερ
1293 739 1502 793 πολλῶν
1535 740 1863 812 ἐπιθυμούν-

274 854 386 890 των
410 834 569 891 τοῦτ)
612 833 858 903 ποιῆσαι,
895 832 988 884 καὶ
1024 834 1349 902 κοινωνῆσαι
1392 831 1469 902 τῷ
1510 832 1653 903 ἁγίῳ
1696 832 1860 886 αὐτοῦ

277 928 489 1000 σαρκίῳ
524 926 659 998 (84).
699 923 998 977 ’Υπέὸαλον
1032 922 1163 991 γοῦν
1199 941 1341 986 τινες
1368 924 1611 994 Νικήτην
1639 925 1731 979 τὸν
1766 925 1861 979 τοῦ

288 1019 532 1089 Ἡρώδου
573 1017 787 1087 πατέρα
807 1056 821 1080 ,
866 1016 1094 1083 ἀδελφὸν
1121 1015 1178 1068 δὲ
1213 1014 1426 1085 Δάλκης
1454 1015 1588 1087 (85),
1618 1018 1860 1088 ἐντυχεῖν

274 1108 358 1179 τῷ
405 1109 653 1179 ἡγεμόνι,
694 1106 833 1159 ὥστε
885 1106 958 1175 μὴ
1002 1103 1182 1156 δοῦναι
1223 1103 1387 1156 αὐτοῦ
1429 1104 1490 1157 τὸ
1532 1107 1712 1175 σῶμα,
1762 1105 1859 1177 μὴ,

278 1217 470 1271 φησιν,
494 1200 727 1267 ἀφιέντες
757 1197 847 1249 τὸν
892 1195 1325 1268 ἐσταυρωμένον,
1371 1197 1561 1250 τοῦτον
1592 1197 1861 1268 ἄρξωνται

280 1293 481 1347 σέϐειν.
515 1293 624 1346 Καὶ
642 1276 837 1344 θεαῦτα
880 1285 1031 1342 εἷπον
1052 1329 1067 1353 ,
1115 1288 1493 1342 ὑποϐαλόντων
1527 1291 1621 1343 καὶ
1649 1290 1862 1360 ἐνισχυ-

281 1386 495 1439 σάντων
538 1383 646 1436 τῶν
681 1381 971 1444 Ἰουδαίων,
1017 1380 1067 1434 οἳ
1106 1381 1200 1433 καὶ
1240 1383 1513 1453 ἐτήρησαν
1560 1381 1860 1452 μελλόντων

275 1476 440 1548 ήμῶν
468 1477 531 1529 ἐκ
552 1473 646 1528 τοῦ
680 1475 851 1544 πυρὸς
877 1473 1039 1527 αὑτὸν
1066 1471 1393 1543 λαμϐάνειν,
1426 1472 1748 1541 ἀγνοοῦντες
1778 1475 1861 1528 ὅτι

276 1569 404 1623 οὔτε
440 1568 532 1621 τὸν
570 1567 802 1640 Χριστόν
838 1583 967 1619 ποτε
1006 1566 1326 1619 καταλιπεῖν
1357 1566 1720 1637 δυνησόμεθα,
1765 1566 1858 1620 τὸν

277 1662 422 1732 ὑπὲρ
448 1661 546 1732 τῆς
574 1659 669 1713 τοῦ
711 1657 912 1720 παντὸς
955 1657 1161 1728 κόσμου
1194 1656 1302 1710 τῶν
1336 1657 1656 1728 σωζομένων
1687 1675 1863 1730 σωτη-

278 1752 406 1825 ρίας
447 1749 709 1814 παθόντα,
752 1747 873 1801 οὔτε
914 1746 1101 1818 ἕτερόν
1130 1763 1255 1801 τινα
1281 1746 1479 1800 σέϐειν.
1526 1746 1727 1800 Τοῦτον
1761 1747 1859 1818 μὲν

275 1842 389 1915 γὰρ
413 1841 543 1897 Υίδν
578 1841 709 1894 ὄντα
734 1837 829 1893 τοῦ
859 1838 1015 1894 Θεοῦ.
1035 1837 1467 1909 προσκυνοῦμεν,
1493 1839 1620 1902 τοὺς
1645 1839 1702 1893 δὲ
1728 1840 1861 1911 μάρ-

276 1951 469 2006 τυρας,
503 1933 579 1997 ὡς
613 1931 861 2003 μαθητὰς
875 1930 967 1983 τοῦ
997 1929 1200 2002 Κυρίου
1225 1931 1320 1984 καὶ
1349 1932 1608 2002 μιμητάς,
1632 1932 1859 2001 ἀγαπῶ-

280 2043 380 2097 μεν
407 2023 593 2089 ἀξίως,
640 2023 803 2076 ἓνεκα
843 2021 1056 2085 εὐνοίας
1100 2021 1510 2094 ἀνυπερϐλήτου
1536 2024 1635 2095 τῆς
1667 2026 1745 2089 είς
1770 2025 1860 2078 τὸν

278 2116 412 2170 ἴδιον
456 2115 680 2186 βασιλέα
717 2114 812 2168 καὶ
845 2112 1199 2168 διδάσκαλον
1238 2107 1313 2166 ὢν
1345 2116 1553 2184 γένοιτο
1585 2116 1679 2170 καὶ
1713 2118 1859 2188 ἡμᾶς

280 2207 679 2273 συγκοινωνούς
724 2221 783 2256 τε
819 2204 915 2256 καὶ
951 2202 1198 2274 μαθητὰς
1246 2203 1355 2274 (86)
1394 2205 1665 2272 γενέσθαι.
1715 2205 1858 2261 Ἰδὼν

276 2291 374 2350 οὖν
425 2297 454 2349 6
492 2295 898 2367 ’ἑκατοντάρχης
936 2297 1035 2367 τὴν
1086 2295 1196 2348 τῶν
1253 2297 1518 2352 Ἰουδαίων
1559 2300 1859 2373 γενομένην

281 2386 640 2456 φιλονεικίαν,
690 2385 802 2449 θεὶς
853 2384 1018 2438 αὐτδν
1054 2386 1112 2439 ἐν
1161 2384 1330 2458 μέσῳ,
1377 2389 1453 2452 ὡς
1494 2388 1614 2454 ἔθος
1653 2391 1856 2455 αὐτοῖς,

280 2477 537 2532 ἔκαυσεν.
569 2478 753 2541 Οῦτως
797 2494 857 2530 τε
884 2480 1044 2548 ἡμεῖς
1077 2477 1303 2552 ὕστερον
1332 2480 1642 2552 ἀνελόμενοι
1671 2482 1741 2537 τά
1780 2499 1860 2536 τι-

286 2568 533 2640 μιώτερα
557 2566 721 2620 λίθων
753 2566 1167 2623 πολυτελῶν.καὶ
1196 2569 1460 2642 δοκιμώτε
1471 2591 1537 2644 ρα
1567 2574 1708 2645 ὑπὲρ
1737 2592 1861 2646 χρυ-

281 2660 401 2715 σίον
427 2661 562 2716 ὀστᾶ
592 2661 780 2727 αὑτοῦ,
818 2664 1130 2737 ἀπεθέμεθα
1156 2666 1288 2719 ὅπου
1322 2665 1416 2717 καὶ
1449 2664 1738 2719 ἀκόλουθον
1767 2662 1857 2739 ἦν.

285 2754 459 2807 Ἔνθα
490 2755 567 2817 ὡς
611 2755 832 2808 δυνατὸν
863 2757 992 2826 ἡμῖν
1027 2755 1413 2826 συναγομένοις
1443 2758 1501 2809 ἐν
1541 2757 1859 2825 ἀγαλλιάσει

281 2847 379 2899 καὶ
412 2847 583 2917 χαρᾷ,
622 2847 844 2917 παρέξει
869 2850 898 2901 ὁ
922 2847 1125 2922 Κύριος
1157 2847 1425 2901 ἐπιτελεῖν
1454 2849 1555 2918 τὴν
1590 2848 1683 2901 τοῦ
1717 2867 1859 2921 μαρ-

281 2939 469 3010 τυρίου
501 2938 666 2992 αὐτοῦ
690 2939 901 3010 ἡμέραν
934 2940 1227 3007 γενέθλιον,
1258 2942 1337 3005 εἷς
1360 2956 1419 2992 τε
1452 2940 1561 2992 τῶν
1587 2939 1862 3012 προηθλη-

280 3029 452 3084 κότων
497 3030 738 3102 μνήμην,
784 3031 879 3084 καὶ
910 3031 1017 3085 τῶν
1064 3031 1360 3102 μελλόντων
1388 3032 1621 3102 ἀσκησίν
1661 3049 1720 3085 τε
1765 3032 1860 3086 καὶ

278 3123 618 3192 ἐτοιμασίαν.
643 3123 881 3215 Τοιαῦτα
1007 3125 1148 3179 κατά
1175 3126 1266 3215 τίν
1292 3125 1561 3197 μακάριον
1581 3124 1861 3198 Πολῦκαρ-
1888 3158 1930 3215 C

277 3228 380 3264 πον
402 3215 496 3266 σὺν
515 3216 627 3277 τοῖς
645 3214 753 3267 ἀπὸ
766 3213 1154 3284 Φιλαδελφείας
1178 3214 1385 3269 δώδεκα
1406 3218 1519 3279 τοῖς
1550 3216 1608 3268 ἐν
1636 3217 1859 3290 Σμύρνῃ

276 3307 692 3378 μαρτυρήσασι-
732 3305 793 3369 ὃς
828 3306 988 3377 μόνος
1018 3306 1124 3360 ὑπὸ
1165 3308 1385 3362 πάντων
1414 3307 1616 3378 μᾶλλον
1653 3326 1861 3381 μνημοο

349 3485 466 3555 (ει)
483 3481 855 3550 Κοινωήσαι
877 3483 1115 3555 cibario)
1129 3487 1316 3542 αὐτοῦ
1333 3489 1578 3556 σαρκίφ.
1597 3486 1695 3541 llic
1708 3487 1862 3543 locus

274 3556 530 3624 inprimis
553 3556 805 3608 notabilis
820 3564 922 3615 est,
937 3559 1234 3623 quippeqni
1254 3560 1682 3610 vetustissimam
1702 3559 1863 3611 Chri-

271 3628 588 3682 stianorum
636 3627 1111 3695 con~ttettidiiieni.
1154 3641 1216 3679 ac
1274 3641 1538 3695 praeterea
1593 3629 1858 3681 rationein

274 3695 401 3763 ejus
447 3695 613 3767 nohis
630 3694 870 3746 ostendit
916 3693 1207 3767 ldeoenim
1256 3693 1513 3764 reliquias
1554 3706 1854 3767 martyrum

276 3768 494 3832 aliquas
527 3765 730 3817 habere
763 3774 910 3816 tanto
953 3764 1130 3818 studio
1163 3769 1448 3834 optabant,
1486 3776 1543 3820 ιιι
1587 3764 1712 3821 cuin
1761 3766 1857 3818 iis-

274 3835 403 3890 dem
445 3835 609 3886 etiam
646 3835 875 3887 mortuis
919 3836 1412 3888 communicarent.
1451 3834 1561 3891 Nec
1613 3834 1855 3889 contenti

274 3918 345 3960 ea
380 3903 765 3958 communione
795 3914 1110 3956 sanctorum
1142 3919 1303 3971 quam
1336 3906 1602 3959 catholica
1635 3904 1854 3973 proﬁte-

280 3985 372 4028 tur
414 3973 674 4038 Ecclesia,
725 3987 820 4040 per
862 3975 1019 4028 tidem
1066 3975 1297 4036 scilicet,
1332 3989 1478 4041 spem
1514 3991 1578 4029 ac
1619 3976 1855 4029 cliarita-

278 4055 426 4101 tem;
459 4057 555 4114 per
593 4058 778 4095 sacras
809 4043 972 4114 etiam
1009 4058 1195 4114 eorum
1233 4043 1489 4114 reliquias
1517 4056 1570 4098 et
1605 4046 1850 4113 pignora,

280 4127 407 4184 cum
458 4112 588 4184 ipsis
624 4112 1029 4184 conuuunicare
1079 4112 1388 4180 cupiebam.
1439 4112 1621 4184 Itaque
1667 4129 1856 4166 eorum

281 4183 545 4250 reliquias
575 4183 628 4235 in
649 4183 981 4236 co-ineteriis
1003 4182 1299 4237 honoriﬁce
1326 4182 1652 4245 condebant,
1679 4185 1858 4250 ibique

280 4254 577 4318 quotannis
638 4253 1049 4317 convenientes,
1106 4256 1541 4306 anniversarium
1602 4252 1851 4320 martyrii

280 4321 429 4374 diem
463 4321 846 4386 celebrabant,
888 4323 988 4377 hac
1026 4322 1238 4376 ratione
1270 4337 1390 4375 cum
1423 4320 1678 4375 defuncto
1710 4336 1856 4375 mar-

278 4397 406 4473 tyre
433 4403 691 4473 perpetuo
713 4392 1207 4473 continunica'mes,
1231 4399 1545 4473 tit-testatur
1597 4394 1711 4446 hinc
1739 4391 1855 4460 epi-
1886 4417 1931 4472 υ
1962 4408 2064 4473 nec
2093 4392 2366 4473 Latinum,
2400 4392 2582 4473 malini
2611 4394 3110 4473 sequi-editionem
3156 4390 3532 4473 Usserianam,
3614 4398 3631 4409 ⁸

282 4459 425 4515 stola
459 4461 622 4530 paulo
653 4459 1016 4530 inira.Atqu_e
1061 4463 1110 4514 id
1154 4459 1430 4530 faciebant
1473 4476 1544 4515 ex.
1587 4459 1854 4530 praecepto

282 4527 513 4596 apostoli
561 4528 736 4593 Pauli,
768 4530 861 4598 qui
895 4527 945 4582 in
978 4528 1219 4599 Epistula
1258 4535 1325 4583 ad
1358 4527 1547 4591 Rom.,
1587 4527 1720 4597 cap.
1752 4527 1852 4594 iiii,

281 4600 688 4653 communicare
718 4615 815 4654 nos
838 4609 1147 4653 sanctorum
1179 4601 1458 4652 memoriis
1484 4600 1660 4665 jubet.
1693 4600 1854 4653 Certe

280 4667 516 4738 Optatos
566 4669 621 4722 in
669 4669 806 4721 libro
844 4683 903 4727 ιι.
944 4670 1107 4722 verba
1157 4669 1247 4721 illa
1277 4668 1545 4737 Apostoli,
1587 4670 1853 4722 memoriis

278 4749 585 4793 sanctorum
606 4739 1070 4806 communicantes,
1098 4742 1168 4793 ita
1198 4738 1602 4806 interpretatur.
1630 4748 1689 4792 ut
1711 4738 1854 4791 idem

282 4809 608 4877 signiﬁcent,
638 4808 779 4878 quod
806 4805 1003 4878 oli'erre
1029 4809 1095 4878 ad
1118 4805 1367 4875 sepulcra
1397 4819 1718 4878 nia_rlyrum.
1747 4807 1856 4861 Nec

281 4875 444 4931 aliter
488 4877 655 4931 sumit
699 4876 940 4930 ililarius
979 4877 1032 4930 iii
1067 4876 1208 4930 libro
1249 4890 1434 4933 contra
1460 4875 1852 4942 Constantiam,

282 4952 385 5001 sub
414 4949 596 5000 linem.
646 4948 719 4998 De
752 4948 852 5000 hac
884 4949 1266 5001 ι·οιιιιιιιι.ιιυιιθ
1301 4949 1545 5015 loquitur
1587 4947 1856 5000 Marcelli-

283 5032 387 5070 nus
418 5020 703 5087 piesbyter
744 5019 794 5067 in
835 5016 1014 5069 libello
1047 5033 1270 5084 precum
1303 5021 1369 5069 ad
1415 5016 1852 5087 ﬁdenttnianmﬂ

281 5087 440 5152 imp.,
473 5088 559 5140 tibi
585 5085 659 5140 Vde
686 5087 1070 5157 Oxyrynchitis
1101 5087 1192 5155 qui
1226 5088 1399 5140 sancti
1430 5085 1581 5139 P-ittli
1615 5087 1852 5157 ipsorum

279 5159 557 5224 quondam
594 5156 856 5210 antistitis
888 5159 1200 5208 memoriam
1227 5157 1577 5210 ilevotissime
1605 5156 1849 5209 celebra-

283 5225 416 5278 bant
450 5240 465 5276 :
507 5224 795 5291 Habentes,
844 5227 1042 5295 inquit,
1069 5242 1243 5278 secum
1271 5229 1603 5295 presbyteros
1648 5236 1696 5277 et
1731 5228 1854 5289 dia-

280 5311 440 5347 conos
475 5296 620 5346 illius
659 5298 877 5347 illibatir
906 5294 1056 5361 ﬁdei,
1100 5312 1188 5359 per
1216 5312 1347 5363 quos
1378 5294 1690 5362 fruebantur
1717 5296 1855 5347 divi-

281 5366 364 5416 πίε
392 5376 758 5425 sacramentis,
791 5382 896 5417 una
932 5380 1048 5416 cum
1080 5377 1521 5430 supermemoruto
1553 5370 1852 5418 beatissimo

284 5431 484 5485 Paulo.
513 5436 575 5486 Et
604 5442 715 5486 hiet:
744 5444 963 5500 quo-lein
994 5441 1057 5485 de
1083 5437 1295 5500 ptiblwo
1322 5438 1467 5485 cultu
1502 5437 1850 5498 reliquiarum

282 5518 402 5569 qun-
450 5520 499 5555 ιιι
551 5506 880 5556 ινωιιιιειιξιὴιπ
930 5510 1385 5557 re.0iitlebiiiittti'.
1439 5503 1559 5555 Fuit
1610 5519 1662 5557 ei
1716 5506 1877 5555 alitis

281 5589 401 5623 tuos
437 5580 638 5627 Secutis
687 5577 1042 5640 temporibus,
1103 5587 1159 5627 ut
1207 5576 1404 5640 singuli
1456 5574 1694 5625 Iideltuin
1726 5577 1854 5626 reli-

280 5655 441 5710 qtizas
496 5654 794 5713 martyrum
839 5658 1195 5711 quascunque
1247 5644 1488 5695 nancisci
1537 5656 1851 5709 potuerant,

283 5713 427 5763 domi
463 5712 758 5765 htiiiorilice
798 5723 1104 5768 Sci'Varenl.
1134 5712 1208 5766 De
1243 5730 1349 5780 quo
1385 5728 1534 5765 inore
1566 5713 1688 5764 audi
1722 5713 1851 5778 quid

282 5783 518 5837 senserit
545 5784 808 5839 Eusebius
831 5794 1016 5838 noster
1047 5785 1104 5841 in
1150 5797 1402 5840 sermone
1433 5786 1472 5835 2
1508 5785 1573 5836 ile
1617 5795 1853 5835 resurre-

1961 560 2093 615 llaiu
2124 562 2398 615 sinuatum
2425 563 2626 615 circum
2659 578 2857 632 corpus
2893 565 3150 637 martyris
3179 569 3346 622 stetit.
3379 566 3536 632 Quod

1961 653 2179 723 quidem
2204 651 2256 705 in
2286 653 2464 705 medio
2494 654 2748 719 positum,
2782 669 2884 707 non
2921 666 2977 708 ut
3008 673 3135 710 caro
3170 673 3289 711 assa
3319 659 3536 713 videba-

1965 752 2076 806 tur,
2102 744 2194 796 sed
2228 743 2373 795 velut
2402 758 2593 796 aurum
2636 755 2727 797 aut
2757 760 3041 816 argentum
3064 749 3282 815 quodin
3314 749 3535 805 fornace

1962 837 2307 902 excoquitur.
2337 834 2542 904 Quippe
2570 837 2788 891 odorem
2818 841 3195 895 suavissimum
3225 842 3378 908 quasi
3410 840 3534 895 thu-

1964 927 2040 983 ris
2086 929 2378 981 alteriusve
2434 929 2655 995 pretiosi
2714 933 2994 996 aromatis,
3063 932 3285 986 natibus
3335 932 3535 987 nostris

1965 1018 2294 1072 inhalantem
2329 1018 2730 1071 hauriebamus.
2769 1017 3049 1072 Postremo
3075 1031 3357 1075 cernentes
3385 1021 3532 1090 impii

1964 1123 2029 1163 ac
2097 1108 2306 1176 profani
2376 1108 2623 1162 homines
2691 1124 2886 1177 corpus
2935 1108 3165 1166 llainmis
3215 1128 3317 1164 non
3380 1126 3535 1180 pos~e

1965 1198 2234 1257 consumi.
2268 1196 2633 1251 conici-torem
2666 1199 2884 1265 propius
2933 1205 3197 1252 accedere
3242 1214 3535 1270 ensemque

1963 1290 2072 1345 alte
2101 1291 2152 1343 iu
2180 1306 2379 1359 corpus
2400 1291 2929 1361 adigerejussernnt.
2951 1292 3067 1357 Quo
3100 1292 3241 1344 fat-to
3276 1304 3423 1346 tanta
3454 1295 3537 1349 vis

1963 1381 2244 1449 Sanguinis
2270 1380 2496 1445 eﬂlttxit,
2533 1392 2587 1435 tit
2629 1384 2770 1451 ignis
2826 1398 3049 1451 prorsus
3077 1385 3533 1453 entingueretnr,

1964 1472 2224 1542 plelisque
2255 1474 2504 1527 universa
2540 1475 2833 1526 miraretur
2863 1486 3067 1527 tantum
3097 1489 3218 1529 esse
3245 1477 3536 1532 discrimen

1964 1564 2108 1618 inter
2134 1563 2377 1618 inﬁdeles
2404 1575 2569 1632 atquc.
2619 1566 2844 1620 electos.
2898 1566 3135 1632 Quorum
3181 1581 3246 1620 ex
3311 1582 3540 1624 numero

1962 1655 2054 1710 hic
2116 1665 2265 1710 certe
2296 1670 2436 1709 unus
2495 1654 2594 1709 fuit
2650 1669 2831 1710 nostra
2879 1667 3059 1717 aetate.
3103 1660 3434 1724 apostolicus
3482 1667 3540 1716 et

1965 1748 2312 1816 propheticus
2368 1747 2578 1814 doctor,
2649 1749 2929 1803 catholicae
2978 1748 3388 1820 Smyrucnsium
3439 1752 3541 1807 Ec-

1892 1820 1936 1880 B
1966 1841 2145 1897 clesiae
2163 1841 2470 1907 episconus.
2488 1839 2757 1909 Quidquid
2778 1840 2921 1894 enim
2947 1841 3036 1895 ille
3061 1859 3157 1896 ore
3179 1858 3277 1897 suo
3299 1858 3536 1913 unquam

1960 1933 2201 2003 protulit.
2235 1943 2321 1986 aut
2363 1933 2638 2002 impletum
2658 1931 2770 2001 jam
2799 1933 3052 1996 vidimus,
3077 1946 3171 1988 aut
3200 1938 3402 1990 scimus
3436 1939 3541 1991 im-

1958 2026 2233 2094 plendmn.
2276 2023 2470 2078 Verum
2502 2024 2715 2077 invidus
2745 2025 2834 2078 ille
2874 2035 3036 2094 atque
3062 2026 3312 2091 tumulus,
3345 2036 3397 2083 et
3448 2028 3539 2098 ju-

1960 2125 2166 2169 storttin
2193 2116 2374 2187 generi
2405 2131 2619 2185 semper
2648 2116 2877 2171 infestus
2902 2119 3269 2186 nequissimus
3298 2119 3535 2187 daemon,

1960 2223 2079 2264 cum
2107 2209 2316 2278 insigne
2345 2209 2488 2262 illius
2513 2210 2853 2279 martyrium,
2886 2211 3164 2280 vitamque
3197 2214 3266 2264 ah
3314 2212 3539 2268 ineunte

1960 2301 2320 2356 adolescentia
2383 2302 2501 2357 sine
2561 2302 2669 2355 ulla
2725 2304 3162 2371 reprehensionis
3200 2304 3322 2359 labe
3353 2316 3536 2360 trans-

1962 2403 2137 2445 actam
2216 2392 2561 2461 intelligeret,
2618 2405 2779 2463 atque
2837 2393 3042 2448 idcirco
3108 2395 3539 2452 immortalitatis

1961 2500 2163 2539 corona
2205 2485 2379 2553 ipsum
2421 2501 2543 2542 esse
2587 2487 2936 2548 redimitum,
2971 2496 3028 2541 et
3066 2489 3345 2557 pra-mium
3401 2489 3539 2557 glo-

1960 2575 2091 2630 riosi
2117 2578 2432 2632 certaminis
2458 2579 2575 2632 sine
2597 2579 2966 2633 controversia
2996 2579 3247 2632 retulisse
3268 2588 3537 2644 eerneret,

1910 2716 1915 2723 .
1960 2681 2178 2736 Operam
2214 2668 2363 2722 dedit
2396 2684 2463 2723 ne
2485 2684 2682 2736 corpus
2713 2669 2855 2723 illius
2880 2685 2908 2722 a
2944 2670 3149 2723 nostris
3181 2672 3486 2725 auferretur
3519 2688 3537 2737 ;

1962 2761 2179 2815 tametsi
2205 2760 2358 2813 inulti
2390 2760 2532 2814 inter
2562 2777 2660 2815 nos
2688 2771 2889 2822 essent,
2928 2762 3019 2830 qui
3052 2761 3104 2814 id
3130 2775 3287 2828 agere
3328 2776 3546 2831 magno-

1962 2866 2093 2922 pere
2122 2853 2428 2920 cnpiebant,
2467 2863 2522 2907 et
2550 2867 2707 2907 sacro
2740 2853 2884 2907 illius
2924 2852 3179 2907 cadaveri
3231 2854 3540 2908 communi-

1962 2958 2112 2998 care.
2143 2944 2375 3011 Quidam
2412 2945 2575 3015 igittir
2613 2926 3007 3014 sitggessei-unt
3062 2946 3265 3000 Niceiae
3315 2946 3542 3001 Herodis

1963 3037 2124 3104 patri,
2159 3036 2314 3090 fratri
2379 3048 2561 3090 autem
2596 3037 2808 3101 Dalces,
2847 3047 2904 3090 ut
2941 3037 3318 3104 proconsulem
3366 3039 3543 3093 adiret

1966 3136 2320 3194 inoneretque
2350 3140 2415 3178 ne
2438 3128 2671 3180 cadaver
2700 3128 2842 3181 illius
2877 3129 3128 3192 donaret,
3186 3145 3253 3182 tie
3288 3128 3445 3195 lbi-te,
3480 3136 3542 3183 ιιι

1967 3217 2207 3279 aiebant,
2230 3217 2420 3271 relicto
2459 3216 2756 3283 Crttcilixo,
2786 3223 2925 3271 hunc
2950 3218 3206 3287 deinceps
3240 3218 3540 3273 Christiani

1967 3309 2146 3363 colere
2199 3308 2521 3378 inciperent.
2577 3307 2645 3362 Et
2694 3310 2783 3363 isti
2823 3310 3042 3378 quidem
3100 3310 3215 3365 haec
3263 3310 3539 3375 dicebant,

1966 3491 2182 3544 ctione:
2216 3489 2339 3543 Non
2376 3489 2516 3542 enim
2558 3487 2778 3555 profecit
2806 3503 2964 3556 quam
3008 3488 3212 3548 incidit.
3263 3488 3355 3542 sed
3395 3489 3539 3541 acci-

1965 3560 2113 3627 piens
2156 3575 2271 3611 enni
2307 3572 2360 3611 ut
2394 3560 2716 3612 medii-nmen
2765 3565 2831 3610 ad
2864 3559 3147 3612 sanitatem
3181 3557 3328 3612 illius
3358 3559 3539 3613 delicti

1964 3628 2105 3697 quod
2140 3630 2424 3681 nthniserut
2472 3628 2801 3693 iibnegnndo,
2834 3628 2978 3680 danti
3010 3629 3243 3682 recondit
3271 3644 3289 3681 :
3322 3639 3375 3680 ut
3410 3645 3543 3681 con-

1960 3708 2177 3751 suerunt
2214 3697 2554 3757 inﬁrmiores.
2587 3697 2770 3766 ﬁdeles
2816 3710 3011 3760 tamen,
3041 3700 3301 3751 honorare
3329 3700 3374 3751 si
3411 3697 3538 3767 quid

1959 3782 1992 3819 a
2019 3767 2340 3822 marini-ibus
2367 3768 2701 3830 sumpserint.
2747 3767 2860 3820 H-ie.
2904 3768 3069 3821 etiam
3117 3769 3430 3820 relerendtis
3458 3775 3543 3823 est

1961 3852 2079 3889 tuos
2100 3834 2626 3907 Egypiiornm,uni
2677 3851 2974 3907 martyrum
3008 3852 3237 3904 corpora
3295 3853 3396 3890 non
3438 3838 3542 3890 liii-

1960 3905 2216 3964 mabant,
2247 3908 2342 3958 sed
2383 3906 2526 3958 domi
2581 3906 2633 3959 iii
2691 3905 2902 3960 lectulis
2943 3908 3176 3970 reposita
3220 3910 3536 3970 servabant,

1959 3986 2018 4028 ut
2051 3974 2216 4028 refert
2245 3975 2576 4026 Athanasius
2604 3976 2655 4027 in
2699 3973 2814 4028 Vim
2846 3974 2907 4028 Β.
2940 3975 3180 4030 Antonii.

2031 4044 2144 4115 (85)
2189 4042 2477 4113 Ἀδελερὸν
2498 4042 2567 4096 δὲ
2588 4042 2846 4112 Δάλκης.
2883 4044 2994 4098 Hoc
3020 4062 3214 4099 nomen
3240 4045 3390 4101 varie
3417 4061 3541 4100 cor-

1964 4125 2178 4181 ruptum
2227 4117 2281 4167 in
2323 4115 2599 4168 codicibus
2630 4128 2832 4169 nostiis
2867 4116 3067 4168 iuveni.
3100 4116 3277 4169 Codex
3315 4117 3537 4182 quidem

1964 4183 2048 4254 Me
2071 4185 2253 4237 timetis
2275 4182 2488 4254 Δάλὸης
2513 4185 2772 4252 scriptum
2800 4186 2980 4239 habet.
3001 4184 3338 4253 Nicephorus
3354 4197 3536 4240 autem

1962 4253 2200 4324 Δάρκης.
2233 4254 2426 4324 Caeteri
2452 4255 2668 4308 lodices
2693 4255 2965 4323 vulgatam
2992 4255 3278 4324 lectionem
3300 4255 3536 4307 retinent

1961 4323 2084 4377 cuin
2118 4324 2331 4378 ltutino.
2368 4323 2474 4376 Sed
2509 4339 2632 4376 cum
2665 4324 2769 4378 hoc
2805 4340 3002 4377 nomen
3052 4340 3149 4377 nec
3180 4323 3430 4376 Graecum
3463 4324 3537 4378 sit

1960 4463 2145 4533 inqua
2173 4462 2367 4533 legitur
2391 4460 2618 4529 ἀδελφὸν
2658 4462 2715 4516 δὲ
2748 4461 2977 4533 ’Δλκης.
3012 4462 3145 4515 Nam
3180 4461 3313 4516 Alce
3340 4476 3535 4533 nomen

1958 4530 2076 4585 fuit
2108 4531 2363 4585 usitatum
2413 4534 2465 4584 iii
2499 4534 2732 4595 Griecia,
2768 4544 2824 4601 et
2856 4530 3126 4601 prmcipue
3171 4536 3309 4599 apud
3339 4532 3536 4601 Smyr-

1956 4616 2126 4682 naaos,
2154 4612 2212 4653 ut
2242 4602 2399 4681 docet
2433 4601 2625 4671 lgnatii
2660 4606 2725 4684 ait
2753 4600 3061 4684 Siiiyriiiifos
3092 4600 3335 4684 epistola.
3363 4600 3537 4682 lisse-

1958 4671 2074 4724 rius
2101 4684 2318 4739 quoque
2342 4671 2801 4740 in_iiianuscripio
2829 4670 3018 4740 Suilii
3047 4670 3239 4724 codice
3268 4671 3537 4740 scriptum

1956 4754 2078 4793 esse
2109 4734 2342 4793 testatur
2399 4734 2627 4809 ἀδελφὸν
2656 4734 2724 4792 δ”
2745 4740 2969 4809 Ἀλκης.
2999 4739 3173 4806 Quam
3226 4734 3407 4793 tamen
3458 4739 3536 4794 le-

1957 4811 2194 4863 ctionem
2226 4809 2470 4862 Savilins
2513 4814 2579 4862 ad
2614 4824 2765 4863 oram
2809 4812 2934 4865 libri
2971 4811 3052 4864 sui
3083 4811 3176 4878 qui
3222 4824 3390 4878 penes
3438 4825 3540 4864 nos

1954 4888 2058 4940 est,
2097 4879 2318 4930 minime
2354 4880 2650 4933 adnotavit.

2027 4949 2140 5019 (86)
2176 4949 2627 5019 ξυγκοινξῳνούς
2656 4965 2720 5002 τε
2757 4948 2855 5002 καὶ
2886 4946 3178 5019 μαθητάς.
3223 4946 3536 5019 Rectiusin

1954 5016 2140 5089 codice
2171 5017 2310 5072 Maz.
2339 5030 2393 5072 et
2424 5017 2680 5073 Medii-aco
2716 5016 2973 5074 scribitur
3004 5020 3100 5076 καὶ
3142 5016 3534 5089 συμμαθητάς,

1954 5088 2012 5157 In
2066 5089 2274 5157 integro
2325 5099 2507 5140 autem
2553 5089 2851 5157 exemplari
2903 5089 3063 5155 hujus
3106 5088 3536 5157 t-pisitii:e_ip.otl

1953 5156 2070 5211 lic.
2108 5150 2364 5212 lissi-rius
2398 5159 2589 5216 edidit,
2628 5160 2700 5209 ita
2716 5150 2935 5226 'scrtptit
2964 5150 2990 5207 εἶ
3030 5150 3261 5212 habetur
3294 5172 3309 5209 :
3340 5150 3419 5211 ὧν
3442 5156 3537 5226 γέ-

1953 5244 2097 5280 νοιτο
2138 5226 2234 5279 καὶ
2258 5226 2403 5296 ἡμᾶς
2435 5226 2724 5291 κοινωνούς
2754 5244 2813 5282 τε
2844 5224 2940 5282 καὶ
2975 5226 3338 5298 συμμαθητάς
3382 5224 3536 5294 γενέ-

1957 5297 2102 5350 σθαι.
2136 5301 2311 5361 Quam
2342 5298 2627 5348 lectionem
2658 5310 2811 5351 vetus
2837 5313 2954 5360 epis
2985 5297 3227 5362 cp’is’iola‘
3258 5310 3531 5363 interpres

1956 5377 2175 5420 sei-titus
2205 5381 2310 5419 est.
2342 5366 2433 5418 Sic.
2460 5370 2602 5417 enini
2636 5369 2816 5429 vertit,
2845 5379 2903 5419 ut
2937 5384 3026 5419 nos
3057 5370 3191 5419 socii
3220 5368 3450 5429 ipsorum
3483 5372 3534 5415 et

1955 5437 2298 5500 condiscmnli
2339 5451 2449 5487 esse
2493 5451 2813 5490 mereamur.
2863 5439 3097 5503 Uptiine.
3136 5453 3256 5488 meo
3309 5434 3532 5503 quidem

1950 5499 2195 5574 judicio.
2249 5507 2449 5569 Upis-nt
2501 5524 2643 5576 enim
2718 5499 3111 5576 Siiiyriiciiscs.-
3150 5517 3226 5576 Ant
3286 5499 3536 5566 discipuli

1954 5572 2182 5637 Christi,
2212 5588 2265 5625 et
2298 5572 2699 5630 cotiiuiiltloiies
2735 5572 3180 5641 ac'ioiidiSi-ipuli
3233 5581 3534 5636 tiiarlyi‘dm

1955 5661 2077 5699 eSSe
2106 5654 2436 5697 mereantur.
2476 5642 2759 5699 Valesiani
2799 5643 3089 5698 ieCliUIIt‘ltl
3121 5644 3316 5692 retinet
3341 5649 3540 5695 auctor

1956 5713 2206 5770 Chronici
2245 5686 2616 5779 Alexandrini,
2646 5719 2735 5770 ubi
2776 5726 2887 5783 agit
2913 5715 2980 5768 tle
3002 5712 3318 5779 l’olycarpo.
