  <div class='ocr_page' id='page_1' title='image "/cluster/home/n/w/nwhite01/storage/ocr_20150623/20:no.2/coo.31924054873009/190.png"; bbox 0 0 4198 6402; ppageno 0'>
   <div class='ocr_carea' id='block_1_1' title="bbox 428 256 530 312">
    <p class='ocr_par' dir='ltr' id='par_1_1' title="bbox 428 256 530 312">
     <span class='ocr_line' id='line_1_1' title="bbox 428 256 530 312; baseline -0.02 0"><span class='ocrx_word' id='word_1_1' title='bbox 428 256 530 312; x_wconf 76' lang='lat'><strong>&#39;56!</strong></span> 
     </span>
    </p>
   </div>
   <div class='ocr_carea' id='block_1_2' title="bbox 1419 242 2668 303">
    <p class='ocr_par' dir='ltr' id='par_1_2' title="bbox 1419 242 2668 303">
     <span class='ocr_line' id='line_1_2' title="bbox 1419 242 2668 303; baseline -0.001 0"><span class='ocrx_word' id='word_1_2' title='bbox 1419 245 1768 303; x_wconf 58' lang='lat' dir='ltr'><strong>HISTORIA?</strong></span> <span class='ocrx_word' id='word_1_3' title='bbox 1807 244 2364 303; x_wconf 63' lang='lat' dir='ltr'><strong>ECCLESIASTICAB</strong></span> <span class='ocrx_word' id='word_1_4' title='bbox 2403 244 2533 300; x_wconf 85' lang='lat' dir='ltr'><strong>LIB.</strong></span> <span class='ocrx_word' id='word_1_5' title='bbox 2574 242 2668 302; x_wconf 86' lang='lat' dir='ltr'><strong>1V.</strong></span> 
     </span>
    </p>
   </div>
   <div class='ocr_carea' id='block_1_3' title="bbox 3560 238 3668 296">
    <p class='ocr_par' dir='ltr' id='par_1_3' title="bbox 3560 238 3668 296">
     <span class='ocr_line' id='line_1_3' title="bbox 3560 238 3668 296; baseline -0.037 0"><span class='ocrx_word' id='word_1_6' title='bbox 3560 238 3668 296; x_wconf 60' lang='lat'><strong>56$.</strong></span> 
     </span>
    </p>
   </div>
   <div class='ocr_carea' id='block_1_4' title="bbox 426 346 2008 437">
    <p class='ocr_par' dir='ltr' id='par_1_4' title="bbox 426 361 2001 437">
     <span class='ocr_line' id='line_1_4' title="bbox 426 361 2001 437; baseline -0.005 -16"><span class='ocrx_word' id='word_1_7' title='bbox 426 366 563 421; x_wconf 74' lang='grc' dir='ltr'>ἄλλα</span> <span class='ocrx_word' id='word_1_8' title='bbox 596 364 871 437; x_wconf 85' lang='grc' dir='ltr'>μαρτύρια</span> <span class='ocrx_word' id='word_1_9' title='bbox 899 362 1139 434; x_wconf 80' lang='grc' dir='ltr'><strong>συνῆπτο</strong></span> <span class='ocrx_word' id='word_1_10' title='bbox 1161 361 1270 433; x_wconf 89' lang='grc'>(88)</span> <span class='ocrx_word' id='word_1_11' title='bbox 1304 362 1446 415; x_wconf 81' lang='grc' dir='ltr'>κατὰ</span> <span class='ocrx_word' id='word_1_12' title='bbox 1477 362 1575 435; x_wconf 85' lang='grc' dir='ltr'><strong>τὴν</strong></span> <span class='ocrx_word' id='word_1_13' title='bbox 1607 362 1776 434; x_wconf 76' lang='grc' dir='ltr'>αὐτὴν</span> <span class='ocrx_word' id='word_1_14' title='bbox 1819 361 2001 432; x_wconf 86' lang='grc' dir='ltr'>Σμύρ-</span> 
     </span>
    </p>
   </div>
   <div class='ocr_carea' id='block_1_5' title="bbox 2082 346 3672 437">
    <p class='ocr_par' dir='ltr' id='par_1_5' title="bbox 2106 346 3672 429">
     <span class='ocr_line' id='line_1_5' title="bbox 2106 346 3672 429; baseline -0.006 -15"><span class='ocrx_word' id='word_1_15' title='bbox 2106 376 2233 417; x_wconf 89' lang='lat' dir='ltr'><strong>vero</strong></span> <span class='ocrx_word' id='word_1_16' title='bbox 2249 369 2501 429; x_wconf 98' lang='lat' dir='ltr'><strong>tanquam</strong></span> <span class='ocrx_word' id='word_1_17' title='bbox 2520 358 2810 427; x_wconf 80' lang='lat' dir='ltr'><strong>discipulos</strong></span> <span class='ocrx_word' id='word_1_18' title='bbox 2824 366 2879 413; x_wconf 92' lang='lat' dir='ltr'><strong>et</strong></span> <span class='ocrx_word' id='word_1_19' title='bbox 2894 355 3192 412; x_wconf 75' lang='lat' dir='ltr'><strong>imitatores</strong></span> <span class='ocrx_word' id='word_1_20' title='bbox 3222 346 3454 418; x_wconf 80' lang='lat' dir='ltr'><strong>Domini,</strong></span> <span class='ocrx_word' id='word_1_21' title='bbox 3478 355 3672 410; x_wconf 84' lang='lat' dir='ltr'><strong>merito</strong></span> 
     </span>
    </p>
   </div>
   <div class='ocr_carea' id='block_1_6' title="bbox 426 452 2051 527">
    <p class='ocr_par' dir='ltr' id='par_1_6' title="bbox 426 452 2051 527">
     <span class='ocr_line' id='line_1_6' title="bbox 426 452 2051 527; baseline -0.004 -16"><span class='ocrx_word' id='word_1_22' title='bbox 426 475 524 511; x_wconf 85' lang='grc' dir='ltr'><strong>ναν</strong></span> <span class='ocrx_word' id='word_1_23' title='bbox 552 455 919 527; x_wconf 82' lang='grc' dir='ltr'>πεπραγμένα</span> <span class='ocrx_word' id='word_1_24' title='bbox 951 455 1057 508; x_wconf 82' lang='grc' dir='ltr'><strong>ὑπὸ</strong></span> <span class='ocrx_word' id='word_1_25' title='bbox 1085 453 1182 525; x_wconf 83' lang='grc' dir='ltr'>τὴν</span> <span class='ocrx_word' id='word_1_26' title='bbox 1213 452 1381 525; x_wconf 81' lang='grc' dir='ltr'>αὐτὴν</span> <span class='ocrx_word' id='word_1_27' title='bbox 1413 453 1659 526; x_wconf 79' lang='grc' dir='ltr'>περίοδον</span> <span class='ocrx_word' id='word_1_28' title='bbox 1689 452 1783 507; x_wconf 84' lang='grc' dir='ltr'>τοῦ</span> <span class='ocrx_word' id='word_1_29' title='bbox 1811 452 2003 525; x_wconf 86' lang='grc' dir='ltr'>χρόνου</span> <span class='ocrx_word' id='word_1_30' title='bbox 2044 475 2051 479; x_wconf 61' lang='grc' dir='ltr'><em>υ</em></span> 
     </span>
    </p>
   </div>
   <div class='ocr_carea' id='block_1_7' title="bbox 425 538 2008 619">
    <p class='ocr_par' dir='ltr' id='par_1_7' title="bbox 425 538 2008 619">
     <span class='ocr_line' id='line_1_7' title="bbox 425 538 2008 619; baseline -0.012 -15"><span class='ocrx_word' id='word_1_31' title='bbox 425 549 525 619; x_wconf 77' lang='grc' dir='ltr'>τῆς</span> <span class='ocrx_word' id='word_1_32' title='bbox 548 550 643 603; x_wconf 82' lang='grc' dir='ltr'>τοῦ</span> <span class='ocrx_word' id='word_1_33' title='bbox 669 547 1030 618; x_wconf 85' lang='grc' dir='ltr'>Πολυκάρπου</span> <span class='ocrx_word' id='word_1_34' title='bbox 1064 545 1382 618; x_wconf 82' lang='grc' dir='ltr'><strong>μαρτυρίας·</strong></span> <span class='ocrx_word' id='word_1_35' title='bbox 1419 545 1538 616; x_wconf 82' lang='grc' dir='ltr'>μεθ’</span> <span class='ocrx_word' id='word_1_36' title='bbox 1570 538 1645 597; x_wconf 83' lang='grc' dir='ltr'>ὧν</span> <span class='ocrx_word' id='word_1_37' title='bbox 1673 544 1766 597; x_wconf 71' lang='grc' dir='ltr'><strong>καὶ</strong></span> <span class='ocrx_word' id='word_1_38' title='bbox 1791 543 2008 616; x_wconf 79' lang='grc' dir='ltr'>Μητρό-</span> 
     </span>
    </p>
   </div>
   <div class='ocr_carea' id='block_1_8' title="bbox 427 634 2004 713">
    <p class='ocr_par' dir='ltr' id='par_1_8' title="bbox 427 634 2004 713">
     <span class='ocr_line' id='line_1_8' title="bbox 427 634 2004 713; baseline -0.004 -18"><span class='ocrx_word' id='word_1_39' title='bbox 427 641 599 713; x_wconf 85' lang='grc' dir='ltr'>δωρος</span> <span class='ocrx_word' id='word_1_40' title='bbox 623 641 723 709; x_wconf 82' lang='grc' dir='ltr'>τῆς</span> <span class='ocrx_word' id='word_1_41' title='bbox 755 640 896 694; x_wconf 79' lang='grc' dir='ltr'>κατὰ</span> <span class='ocrx_word' id='word_1_42' title='bbox 931 639 1232 710; x_wconf 73' lang='grc' dir='ltr'>Μαρκίωνα</span> <span class='ocrx_word' id='word_1_43' title='bbox 1278 639 1485 708; x_wconf 84' lang='grc' dir='ltr'>πλάνης</span> <span class='ocrx_word' id='word_1_44' title='bbox 1529 635 1904 707; x_wconf 78' lang='grc' dir='ltr'>πρεσϐύτερος</span> <span class='ocrx_word' id='word_1_45' title='bbox 1938 634 2004 707; x_wconf 84' lang='grc' dir='ltr'>δὴ</span> 
     </span>
    </p>
   </div>
   <div class='ocr_carea' id='block_1_9' title="bbox 428 725 2005 803">
    <p class='ocr_par' dir='ltr' id='par_1_9' title="bbox 428 725 2005 803">
     <span class='ocr_line' id='line_1_9' title="bbox 428 725 2005 803; baseline -0.005 -17"><span class='ocrx_word' id='word_1_46' title='bbox 428 728 566 786; x_wconf 87' lang='grc' dir='ltr'>εἷναι</span> <span class='ocrx_word' id='word_1_47' title='bbox 602 732 795 796; x_wconf 87' lang='grc' dir='ltr'>δοκῶν,</span> <span class='ocrx_word' id='word_1_48' title='bbox 826 731 960 803; x_wconf 80' lang='grc' dir='ltr'>πυρὶ</span> <span class='ocrx_word' id='word_1_49' title='bbox 980 729 1304 800; x_wconf 70' lang='grc' dir='ltr'>παραδοθεὶς</span> <span class='ocrx_word' id='word_1_50' title='bbox 1330 728 1614 800; x_wconf 78' lang='grc' dir='ltr'><strong>ἀνῄρηται.</strong></span> <span class='ocrx_word' id='word_1_51' title='bbox 1650 726 1770 780; x_wconf 89' lang='grc' dir='ltr'><strong>Τῶν</strong></span> <span class='ocrx_word' id='word_1_52' title='bbox 1798 743 1862 795; x_wconf 92' lang='grc' dir='ltr'><strong>γε</strong></span> <span class='ocrx_word' id='word_1_53' title='bbox 1898 725 2005 797; x_wconf 83' lang='grc' dir='ltr'>μὴν</span> 
     </span>
    </p>
   </div>
   <div class='ocr_carea' id='block_1_10' title="bbox 428 815 2000 894">
    <p class='ocr_par' dir='ltr' id='par_1_10' title="bbox 428 815 2000 894">
     <span class='ocr_line' id='line_1_10' title="bbox 428 815 2000 894; baseline -0.006 -17"><span class='ocrx_word' id='word_1_54' title='bbox 428 826 551 879; x_wconf 90' lang='grc' dir='ltr'>τότε</span> <span class='ocrx_word' id='word_1_55' title='bbox 583 823 907 894; x_wconf 76' lang='grc' dir='ltr'>περιϐόητος</span> <span class='ocrx_word' id='word_1_56' title='bbox 933 821 1141 893; x_wconf 83' lang='grc' dir='ltr'>μάρτυς</span> <span class='ocrx_word' id='word_1_57' title='bbox 1177 815 1257 883; x_wconf 75' lang='grc' dir='ltr'>εἷς</span> <span class='ocrx_word' id='word_1_58' title='bbox 1287 837 1370 883; x_wconf 87' lang='grc' dir='ltr'><strong>τις</strong></span> <span class='ocrx_word' id='word_1_59' title='bbox 1398 817 1724 890; x_wconf 80' lang='grc' dir='ltr'>ὲγνωρίζετο</span> <span class='ocrx_word' id='word_1_60' title='bbox 1759 816 2000 883; x_wconf 88' lang='grc' dir='ltr'>Πιόνιος,</span> 
     </span>
    </p>
   </div>
   <div class='ocr_carea' id='block_1_11' title="bbox 429 907 2002 984">
    <p class='ocr_par' dir='ltr' id='par_1_11' title="bbox 429 907 2002 984">
     <span class='ocr_line' id='line_1_11' title="bbox 429 907 2002 984; baseline -0.007 -16"><span class='ocrx_word' id='word_1_61' title='bbox 429 910 490 970; x_wconf 77' lang='grc' dir='ltr'><strong>οὗ</strong></span> <span class='ocrx_word' id='word_1_62' title='bbox 524 914 623 977; x_wconf 76' lang='grc' dir='ltr'>τὰς</span> <span class='ocrx_word' id='word_1_63' title='bbox 652 912 794 967; x_wconf 82' lang='grc' dir='ltr'>κατὰ</span> <span class='ocrx_word' id='word_1_64' title='bbox 825 913 988 984; x_wconf 80' lang='grc' dir='ltr'>μέρος</span> <span class='ocrx_word' id='word_1_65' title='bbox 1017 911 1325 983; x_wconf 84' lang='grc' dir='ltr'>ὁμολογίας,</span> <span class='ocrx_word' id='word_1_66' title='bbox 1348 911 1444 981; x_wconf 85' lang='grc' dir='ltr'>τήν</span> <span class='ocrx_word' id='word_1_67' title='bbox 1472 926 1533 963; x_wconf 90' lang='grc' dir='ltr'><strong>τε</strong></span> <span class='ocrx_word' id='word_1_68' title='bbox 1565 907 1659 961; x_wconf 83' lang='grc' dir='ltr'>τοῦ</span> <span class='ocrx_word' id='word_1_69' title='bbox 1687 907 1845 975; x_wconf 80' lang='grc' dir='ltr'>λόγου</span> <span class='ocrx_word' id='word_1_70' title='bbox 1868 908 2002 977; x_wconf 78' lang='grc' dir='ltr'>παρ-</span> 
     </span>
    </p>
   </div>
   <div class='ocr_carea' id='block_1_12' title="bbox 435 998 2001 1079">
    <p class='ocr_par' dir='ltr' id='par_1_12' title="bbox 435 998 2001 1079">
     <span class='ocr_line' id='line_1_12' title="bbox 435 998 2001 1079; baseline -0.005 -20"><span class='ocrx_word' id='word_1_71' title='bbox 435 1007 647 1079; x_wconf 78' lang='grc' dir='ltr'>ρησίαν,</span> <span class='ocrx_word' id='word_1_72' title='bbox 690 1007 783 1060; x_wconf 76' lang='grc' dir='ltr'><strong>καὶ</strong></span> <span class='ocrx_word' id='word_1_73' title='bbox 816 1005 915 1069; x_wconf 82' lang='grc' dir='ltr'>τὰς</span> <span class='ocrx_word' id='word_1_74' title='bbox 947 1005 1088 1076; x_wconf 80' lang='grc' dir='ltr'>ὑπὲρ</span> <span class='ocrx_word' id='word_1_75' title='bbox 1115 1005 1212 1075; x_wconf 84' lang='grc' dir='ltr'><strong>τῆς</strong></span> <span class='ocrx_word' id='word_1_76' title='bbox 1230 1004 1465 1065; x_wconf 83' lang='grc' dir='ltr'>πίστεως</span> <span class='ocrx_word' id='word_1_77' title='bbox 1489 1001 1580 1053; x_wconf 74' lang='grc' dir='ltr'><strong>ἐπὶ</strong></span> <span class='ocrx_word' id='word_1_78' title='bbox 1598 998 1693 1052; x_wconf 78' lang='grc' dir='ltr'>τοῦ</span> <span class='ocrx_word' id='word_1_79' title='bbox 1716 999 1885 1070; x_wconf 87' lang='grc' dir='ltr'>δήμου</span> <span class='ocrx_word' id='word_1_80' title='bbox 1908 998 2001 1051; x_wconf 72' lang='grc' dir='ltr'>καὶ</span> 
     </span>
    </p>
   </div>
   <div class='ocr_carea' id='block_1_13' title="bbox 431 1085 2006 1168">
    <p class='ocr_par' dir='ltr' id='par_1_13' title="bbox 431 1085 2006 1168">
     <span class='ocr_line' id='line_1_13' title="bbox 431 1085 2006 1168; baseline -0.01 -18"><span class='ocrx_word' id='word_1_81' title='bbox 431 1096 540 1151; x_wconf 84' lang='grc' dir='ltr'><strong>τῶν</strong></span> <span class='ocrx_word' id='word_1_82' title='bbox 574 1097 847 1168; x_wconf 83' lang='grc' dir='ltr'>ἀρχόντων</span> <span class='ocrx_word' id='word_1_83' title='bbox 878 1094 1191 1162; x_wconf 71' lang='grc' dir='ltr'>ἀπολογίας,</span> <span class='ocrx_word' id='word_1_84' title='bbox 1238 1088 1619 1151; x_wconf 57' lang='grc' dir='ltr'>διδασκαλικός</span> <span class='ocrx_word' id='word_1_85' title='bbox 1655 1103 1717 1139; x_wconf 86' lang='grc' dir='ltr'><strong>τε</strong></span> <span class='ocrx_word' id='word_1_86' title='bbox 1762 1085 2006 1157; x_wconf 83' lang='grc' dir='ltr'>δημηγο-</span> 
     </span>
    </p>
   </div>
   <div class='ocr_carea' id='block_1_14' title="bbox 436 1177 2004 1260">
    <p class='ocr_par' dir='ltr' id='par_1_14' title="bbox 436 1177 2004 1260">
     <span class='ocr_line' id='line_1_14' title="bbox 436 1177 2004 1260; baseline -0.006 -20"><span class='ocrx_word' id='word_1_87' title='bbox 436 1188 576 1260; x_wconf 90' lang='grc' dir='ltr'>ρίας,</span> <span class='ocrx_word' id='word_1_88' title='bbox 607 1190 700 1242; x_wconf 74' lang='grc' dir='ltr'><strong>καὶ</strong></span> <span class='ocrx_word' id='word_1_89' title='bbox 727 1187 805 1241; x_wconf 77' lang='grc' dir='ltr'><strong>ἔτι</strong></span> <span class='ocrx_word' id='word_1_90' title='bbox 826 1186 924 1250; x_wconf 78' lang='grc' dir='ltr'>τὰς</span> <span class='ocrx_word' id='word_1_91' title='bbox 943 1186 1078 1257; x_wconf 76' lang='grc' dir='ltr'>πρὸς</span> <span class='ocrx_word' id='word_1_92' title='bbox 1108 1186 1232 1249; x_wconf 80' lang='grc' dir='ltr'>τοὺς</span> <span class='ocrx_word' id='word_1_93' title='bbox 1254 1180 1717 1243; x_wconf 80' lang='grc' dir='ltr'>ὑποπεπτωκότας</span> <span class='ocrx_word' id='word_1_94' title='bbox 1747 1179 1824 1250; x_wconf 80' lang='grc' dir='ltr'>τῷ</span> <span class='ocrx_word' id='word_1_95' title='bbox 1863 1177 2004 1231; x_wconf 75' lang='grc' dir='ltr'>κατὰ</span> 
     </span>
    </p>
   </div>
   <div class='ocr_carea' id='block_1_15' title="bbox 432 1270 2006 1348">
    <p class='ocr_par' dir='ltr' id='par_1_15' title="bbox 432 1270 2006 1348">
     <span class='ocr_line' id='line_1_15' title="bbox 432 1270 2006 1348; baseline -0.003 -18"><span class='ocrx_word' id='word_1_96' title='bbox 432 1278 522 1331; x_wconf 74' lang='grc' dir='ltr'>τὸν</span> <span class='ocrx_word' id='word_1_97' title='bbox 548 1277 781 1348; x_wconf 70' lang='grc' dir='ltr'>διωγμὸν</span> <span class='ocrx_word' id='word_1_98' title='bbox 816 1275 1102 1348; x_wconf 79' lang='grc' dir='ltr'>πειρασμῷ</span> <span class='ocrx_word' id='word_1_99' title='bbox 1138 1274 1431 1342; x_wconf 79' lang='grc' dir='ltr'>δεξιώσεις,</span> <span class='ocrx_word' id='word_1_100' title='bbox 1470 1273 1823 1346; x_wconf 81' lang='grc' dir='ltr'>παραμυθίας</span> <span class='ocrx_word' id='word_1_101' title='bbox 1846 1290 1907 1325; x_wconf 85' lang='grc' dir='ltr'><strong>τε</strong></span> <span class='ocrx_word' id='word_1_102' title='bbox 1938 1270 2006 1335; x_wconf 79' lang='grc' dir='ltr'>ἃς</span> 
     </span>
    </p>
   </div>
   <div class='ocr_carea' id='block_1_16' title="bbox 433 1365 2005 1441">
    <p class='ocr_par' dir='ltr' id='par_1_16' title="bbox 433 1365 2005 1441">
     <span class='ocr_line' id='line_1_16' title="bbox 433 1365 2005 1441; baseline -0.004 -18"><span class='ocrx_word' id='word_1_103' title='bbox 433 1371 524 1424; x_wconf 78' lang='grc' dir='ltr'>ἐπὶ</span> <span class='ocrx_word' id='word_1_104' title='bbox 565 1370 662 1440; x_wconf 84' lang='grc' dir='ltr'>τῆς</span> <span class='ocrx_word' id='word_1_105' title='bbox 704 1370 922 1441; x_wconf 74' lang='grc' dir='ltr'>εἱρκτῆς</span> <span class='ocrx_word' id='word_1_106' title='bbox 962 1372 1074 1433; x_wconf 85' lang='grc' dir='ltr'>τοῖς</span> <span class='ocrx_word' id='word_1_107' title='bbox 1117 1369 1249 1441; x_wconf 72' lang='grc' dir='ltr'>παρ’</span> <span class='ocrx_word' id='word_1_108' title='bbox 1287 1368 1450 1421; x_wconf 83' lang='grc' dir='ltr'>αὑτὸν</span> <span class='ocrx_word' id='word_1_109' title='bbox 1499 1365 2005 1436; x_wconf 75' lang='grc' dir='ltr'>είσαφικνουμένοις</span> 
     </span>
    </p>
   </div>
   <div class='ocr_carea' id='block_1_17' title="bbox 431 1457 2006 1535">
    <p class='ocr_par' dir='ltr' id='par_1_17' title="bbox 431 1457 2006 1535">
     <span class='ocr_line' id='line_1_17' title="bbox 431 1457 2006 1535; baseline -0.004 -20"><span class='ocrx_word' id='word_1_110' title='bbox 431 1462 677 1532; x_wconf 79' lang='grc' dir='ltr'>ἀδελφοῖς</span> <span class='ocrx_word' id='word_1_111' title='bbox 708 1463 1051 1535; x_wconf 77' lang='grc' dir='ltr'>παρετίθετο,</span> <span class='ocrx_word' id='word_1_112' title='bbox 1077 1462 1141 1526; x_wconf 78' lang='grc' dir='ltr'>ἃς</span> <span class='ocrx_word' id='word_1_113' title='bbox 1164 1479 1223 1514; x_wconf 87' lang='grc' dir='ltr'><strong>τε</strong></span> <span class='ocrx_word' id='word_1_114' title='bbox 1253 1461 1346 1514; x_wconf 73' lang='grc' dir='ltr'>ἐπὶ</span> <span class='ocrx_word' id='word_1_115' title='bbox 1376 1460 1586 1523; x_wconf 76' lang='grc' dir='ltr'>τούτοις</span> <span class='ocrx_word' id='word_1_116' title='bbox 1613 1459 1873 1527; x_wconf 79' lang='grc' dir='ltr'>ὑπέμεινε</span> <span class='ocrx_word' id='word_1_117' title='bbox 1907 1457 2006 1528; x_wconf 83' lang='grc' dir='ltr'><strong>βα-</strong></span> 
     </span>
    </p>
   </div>
   <div class='ocr_carea' id='block_1_18' title="bbox 432 1547 2003 1622">
    <p class='ocr_par' dir='ltr' id='par_1_18' title="bbox 432 1547 2003 1622">
     <span class='ocr_line' id='line_1_18' title="bbox 432 1547 2003 1622; baseline -0.004 -16"><span class='ocrx_word' id='word_1_118' title='bbox 432 1554 643 1617; x_wconf 83' lang='grc' dir='ltr'>σάνους,</span> <span class='ocrx_word' id='word_1_119' title='bbox 675 1554 886 1618; x_wconf 76' lang='grc' dir='ltr'>καὶτὰς</span> <span class='ocrx_word' id='word_1_120' title='bbox 910 1554 1003 1608; x_wconf 73' lang='grc' dir='ltr'><strong>ἐπὶ</strong></span> <span class='ocrx_word' id='word_1_121' title='bbox 1030 1553 1256 1617; x_wconf 82' lang='grc' dir='ltr'>ταύταις</span> <span class='ocrx_word' id='word_1_122' title='bbox 1281 1551 1575 1622; x_wconf 81' lang='grc' dir='ltr'>ἀλγηδόνας</span> <span class='ocrx_word' id='word_1_123' title='bbox 1596 1590 1611 1614; x_wconf 97' lang='grc'><strong>,</strong></span> <span class='ocrx_word' id='word_1_124' title='bbox 1662 1547 2003 1619; x_wconf 85' lang='grc' dir='ltr'>καθηλώσεις</span> 
     </span>
    </p>
   </div>
   <div class='ocr_carea' id='block_1_19' title="bbox 426 1641 2002 1719">
    <p class='ocr_par' dir='ltr' id='par_1_19' title="bbox 426 1641 2002 1719">
     <span class='ocr_line' id='line_1_19' title="bbox 426 1641 2002 1719; baseline -0.003 -21"><span class='ocrx_word' id='word_1_125' title='bbox 426 1662 508 1709; x_wconf 89' lang='grc' dir='ltr'><strong>τε,</strong></span> <span class='ocrx_word' id='word_1_126' title='bbox 536 1647 630 1699; x_wconf 81' lang='grc' dir='ltr'>καὶ</span> <span class='ocrx_word' id='word_1_127' title='bbox 659 1646 755 1719; x_wconf 83' lang='grc' dir='ltr'>τὴν</span> <span class='ocrx_word' id='word_1_128' title='bbox 804 1647 897 1701; x_wconf 73' lang='grc' dir='ltr'><strong>ἐπὶ</strong></span> <span class='ocrx_word' id='word_1_129' title='bbox 940 1648 1038 1718; x_wconf 79' lang='grc' dir='ltr'>τῆς</span> <span class='ocrx_word' id='word_1_130' title='bbox 1081 1648 1260 1717; x_wconf 80' lang='grc' dir='ltr'>πυρᾶς</span> <span class='ocrx_word' id='word_1_131' title='bbox 1307 1643 1636 1716; x_wconf 87' lang='grc' dir='ltr'>καρτερίαν,</span> <span class='ocrx_word' id='word_1_132' title='bbox 1683 1646 1782 1714; x_wconf 82' lang='grc' dir='ltr'>τήν</span> <span class='ocrx_word' id='word_1_133' title='bbox 1808 1659 1869 1694; x_wconf 89' lang='grc' dir='ltr'><strong>τε</strong></span> <span class='ocrx_word' id='word_1_134' title='bbox 1918 1641 2002 1710; x_wconf 75' lang='grc' dir='ltr'><strong>ἐφ’</strong></span> 
     </span>
    </p>
   </div>
   <div class='ocr_carea' id='block_1_20' title="bbox 2109 443 3681 521">
    <p class='ocr_par' dir='ltr' id='par_1_20' title="bbox 2109 443 3681 521">
     <span class='ocr_line' id='line_1_20' title="bbox 2109 443 3681 521; baseline -0.006 -17"><span class='ocrx_word' id='word_1_135' title='bbox 2109 467 2293 508; x_wconf 89' lang='lat' dir='ltr'><strong>amore</strong></span> <span class='ocrx_word' id='word_1_136' title='bbox 2315 450 2716 521; x_wconf 85' lang='lat' dir='ltr'><strong>prosequimur,</strong></span> <span class='ocrx_word' id='word_1_137' title='bbox 2746 449 2815 504; x_wconf 91' lang='lat' dir='ltr'><strong>ob</strong></span> <span class='ocrx_word' id='word_1_138' title='bbox 2838 448 3091 504; x_wconf 83' lang='lat' dir='ltr'><strong>eximiam</strong></span> <span class='ocrx_word' id='word_1_139' title='bbox 3110 446 3347 516; x_wconf 80' lang='lat' dir='ltr'><strong>ipsorum</strong></span> <span class='ocrx_word' id='word_1_140' title='bbox 3367 443 3681 500; x_wconf 84' lang='lat' dir='ltr'><strong>benevolen-</strong></span> 
     </span>
    </p>
   </div>
   <div class='ocr_carea' id='block_1_21' title="bbox 2111 536 3674 611">
    <p class='ocr_par' dir='ltr' id='par_1_21' title="bbox 2111 536 3674 611">
     <span class='ocr_line' id='line_1_21' title="bbox 2111 536 3674 611; baseline -0.005 -14"><span class='ocrx_word' id='word_1_141' title='bbox 2111 544 2264 609; x_wconf 88' lang='lat' dir='ltr'><strong>tiam,</strong></span> <span class='ocrx_word' id='word_1_142' title='bbox 2287 558 2446 611; x_wconf 90' lang='lat' dir='ltr'><strong>qnam</strong></span> <span class='ocrx_word' id='word_1_143' title='bbox 2477 556 2604 610; x_wconf 80' lang='lat' dir='ltr'><strong>erga</strong></span> <span class='ocrx_word' id='word_1_144' title='bbox 2623 541 2822 611; x_wconf 80' lang='lat' dir='ltr'><strong>Regem</strong></span> <span class='ocrx_word' id='word_1_145' title='bbox 2838 555 2900 594; x_wconf 87' lang='lat' dir='ltr'><strong>ac</strong></span> <span class='ocrx_word' id='word_1_146' title='bbox 2917 540 3233 610; x_wconf 76' lang='lat' dir='ltr'><strong>Magistrum</strong></span> <span class='ocrx_word' id='word_1_147' title='bbox 3253 552 3409 593; x_wconf 90' lang='lat' dir='ltr'><strong>suum</strong></span> <span class='ocrx_word' id='word_1_148' title='bbox 3435 536 3674 592; x_wconf 87' lang='lat' dir='ltr'><strong>declara-</strong></span> 
     </span>
    </p>
   </div>
   <div class='ocr_carea' id='block_1_22' title="bbox 2105 627 3678 703">
    <p class='ocr_par' dir='ltr' id='par_1_22' title="bbox 2105 627 3678 703">
     <span class='ocr_line' id='line_1_22' title="bbox 2105 627 3678 703; baseline -0.006 -13"><span class='ocrx_word' id='word_1_149' title='bbox 2105 645 2254 690; x_wconf 88' lang='lat' dir='ltr'><strong>runt.</strong></span> <span class='ocrx_word' id='word_1_150' title='bbox 2278 634 2517 701; x_wconf 91' lang='lat' dir='ltr'><strong>Quorum</strong></span> <span class='ocrx_word' id='word_1_151' title='bbox 2544 648 2644 688; x_wconf 90' lang='lat' dir='ltr'><strong>nos</strong></span> <span class='ocrx_word' id='word_1_152' title='bbox 2659 648 2872 703; x_wconf 89' lang='lat' dir='ltr'><strong>quoque</strong></span> <span class='ocrx_word' id='word_1_153' title='bbox 2888 640 3169 687; x_wconf 88' lang='lat' dir='ltr'><strong>consortes</strong></span> <span class='ocrx_word' id='word_1_154' title='bbox 3194 645 3258 685; x_wconf 90' lang='lat' dir='ltr'><strong>ac</strong></span> <span class='ocrx_word' id='word_1_155' title='bbox 3282 627 3678 698; x_wconf 85' lang='lat' dir='ltr'><strong>condiscipulos</strong></span> 
     </span>
    </p>
   </div>
   <div class='ocr_carea' id='block_1_23' title="bbox 2107 721 3679 794">
    <p class='ocr_par' dir='ltr' id='par_1_23' title="bbox 2107 721 3679 794">
     <span class='ocr_line' id='line_1_23' title="bbox 2107 721 3679 794; baseline -0.004 -12"><span class='ocrx_word' id='word_1_156' title='bbox 2107 726 2222 782; x_wconf 80' lang='lat' dir='ltr'><strong>ﬁeri</strong></span> <span class='ocrx_word' id='word_1_157' title='bbox 2239 726 2486 781; x_wconf 91' lang='lat' dir='ltr'><strong>omnibus</strong></span> <span class='ocrx_word' id='word_1_158' title='bbox 2501 724 2676 780; x_wconf 94' lang='lat' dir='ltr'><strong>modis</strong></span> <span class='ocrx_word' id='word_1_159' title='bbox 2688 734 2954 794; x_wconf 86' lang='lat' dir='ltr'><strong>optamus.</strong></span> <span class='ocrx_word' id='word_1_160' title='bbox 2971 724 3138 779; x_wconf 86' lang='lat' dir='ltr'><strong>Porro</strong></span> <span class='ocrx_word' id='word_1_161' title='bbox 3154 738 3276 777; x_wconf 91' lang='lat' dir='ltr'><strong>cum</strong></span> <span class='ocrx_word' id='word_1_162' title='bbox 3295 721 3536 777; x_wconf 91' lang='lat' dir='ltr'><strong>centurio</strong></span> <span class='ocrx_word' id='word_1_163' title='bbox 3558 735 3679 791; x_wconf 89' lang='lat' dir='ltr'><strong>per-</strong></span> 
     </span>
    </p>
   </div>
   <div class='ocr_carea' id='block_1_24' title="bbox 2109 812 3681 885">
    <p class='ocr_par' dir='ltr' id='par_1_24' title="bbox 2109 812 3681 885">
     <span class='ocr_line' id='line_1_24' title="bbox 2109 812 3681 885; baseline -0.004 -13"><span class='ocrx_word' id='word_1_164' title='bbox 2109 817 2365 873; x_wconf 91' lang='lat' dir='ltr'><strong>tinaciam</strong></span> <span class='ocrx_word' id='word_1_165' title='bbox 2382 816 2690 872; x_wconf 70' lang='lat' dir='ltr'><strong>Iudaeorum</strong></span> <span class='ocrx_word' id='word_1_166' title='bbox 2719 814 3194 877; x_wconf 87' lang='lat' dir='ltr'><strong>animadverteret,</strong></span> <span class='ocrx_word' id='word_1_167' title='bbox 3210 829 3406 885; x_wconf 89' lang='lat' dir='ltr'><strong>corpus</strong></span> <span class='ocrx_word' id='word_1_168' title='bbox 3429 814 3483 871; x_wconf 89' lang='lat' dir='ltr'><strong>in</strong></span> <span class='ocrx_word' id='word_1_169' title='bbox 3501 812 3681 868; x_wconf 88' lang='lat' dir='ltr'><strong>medio</strong></span> 
     </span>
    </p>
   </div>
   <div class='ocr_carea' id='block_1_25' title="bbox 2108 904 3680 975">
    <p class='ocr_par' dir='ltr' id='par_1_25' title="bbox 2108 904 3680 975">
     <span class='ocr_line' id='line_1_25' title="bbox 2108 904 3680 975; baseline -0.004 -12"><span class='ocrx_word' id='word_1_170' title='bbox 2108 908 2455 974; x_wconf 87' lang='lat' dir='ltr'><strong>collocatum,</strong></span> <span class='ocrx_word' id='word_1_171' title='bbox 2492 915 2553 961; x_wconf 89' lang='lat' dir='ltr'><strong>ut</strong></span> <span class='ocrx_word' id='word_1_172' title='bbox 2576 906 2747 962; x_wconf 92' lang='lat' dir='ltr'><strong>moris</strong></span> <span class='ocrx_word' id='word_1_173' title='bbox 2775 915 2858 959; x_wconf 90' lang='lat' dir='ltr'><strong>est</strong></span> <span class='ocrx_word' id='word_1_174' title='bbox 2884 906 3035 975; x_wconf 90' lang='lat' dir='ltr'><strong>ipsis,</strong></span> <span class='ocrx_word' id='word_1_175' title='bbox 3069 904 3463 960; x_wconf 85' lang='lat' dir='ltr'><strong>concremavit.</strong></span> <span class='ocrx_word' id='word_1_176' title='bbox 3504 905 3680 972; x_wconf 87' lang='lat' dir='ltr'><strong>Atque</strong></span> 
     </span>
    </p>
   </div>
   <div class='ocr_carea' id='block_1_26' title="bbox 2108 996 3683 1067">
    <p class='ocr_par' dir='ltr' id='par_1_26' title="bbox 2108 996 3683 1067">
     <span class='ocr_line' id='line_1_26' title="bbox 2108 996 3683 1067; baseline -0.004 -12"><span class='ocrx_word' id='word_1_177' title='bbox 2108 1002 2180 1055; x_wconf 85' lang='lat' dir='ltr'><strong>ita</strong></span> <span class='ocrx_word' id='word_1_178' title='bbox 2213 1016 2310 1055; x_wconf 93' lang='lat' dir='ltr'><strong>nos</strong></span> <span class='ocrx_word' id='word_1_179' title='bbox 2349 1000 2562 1055; x_wconf 87' lang='lat' dir='ltr'><strong>demum</strong></span> <span class='ocrx_word' id='word_1_180' title='bbox 2618 1010 2748 1054; x_wconf 82' lang='lat' dir='ltr'><strong>ossa</strong></span> <span class='ocrx_word' id='word_1_181' title='bbox 2799 997 2943 1052; x_wconf 90' lang='lat' dir='ltr'><strong>illius</strong></span> <span class='ocrx_word' id='word_1_182' title='bbox 2998 1000 3225 1067; x_wconf 75' lang='lat' dir='ltr'><strong>ge’mmis</strong></span> <span class='ocrx_word' id='word_1_183' title='bbox 3273 996 3683 1066; x_wconf 80' lang='lat' dir='ltr'><strong>pretiosissimis</strong></span> 
     </span>
    </p>
   </div>
   <div class='ocr_carea' id='block_1_27' title="bbox 2108 1080 3682 1160">
    <p class='ocr_par' dir='ltr' id='par_1_27' title="bbox 2108 1080 3682 1160">
     <span class='ocr_line' id='line_1_27' title="bbox 2108 1080 3682 1160; baseline -0.004 -13"><span class='ocrx_word' id='word_1_184' title='bbox 2108 1092 2383 1156; x_wconf 88' lang='lat' dir='ltr'><strong>chariora,</strong></span> <span class='ocrx_word' id='word_1_185' title='bbox 2414 1101 2470 1146; x_wconf 91' lang='lat' dir='ltr'><strong>et</strong></span> <span class='ocrx_word' id='word_1_186' title='bbox 2497 1091 2691 1160; x_wconf 89' lang='lat' dir='ltr'><strong>quovis</strong></span> <span class='ocrx_word' id='word_1_187' title='bbox 2737 1105 2871 1144; x_wconf 91' lang='lat' dir='ltr'><strong>auro</strong></span> <span class='ocrx_word' id='word_1_188' title='bbox 2915 1090 3136 1160; x_wconf 64' lang='lat' dir='ltr'><strong>puriora</strong></span> <span class='ocrx_word' id='word_1_189' title='bbox 3182 1080 3532 1157; x_wconf 81' lang='lat' dir='ltr'><strong>colligentes,</strong></span> <span class='ocrx_word' id='word_1_190' title='bbox 3591 1086 3682 1143; x_wconf 85' lang='lat' dir='ltr'><strong>ubi</strong></span> 
     </span>
    </p>
   </div>
   <div class='ocr_carea' id='block_1_28' title="bbox 2109 1178 3683 1245">
    <p class='ocr_par' dir='ltr' id='par_1_28' title="bbox 2109 1178 3683 1245">
     <span class='ocr_line' id='line_1_28' title="bbox 2109 1178 3683 1245; baseline -0.003 -7"><span class='ocrx_word' id='word_1_191' title='bbox 2109 1182 2335 1238; x_wconf 81' lang='lat' dir='ltr'><strong>decebat</strong></span> <span class='ocrx_word' id='word_1_192' title='bbox 2364 1182 2722 1236; x_wconf 81' lang='lat' dir='ltr'><strong>condidimus.</strong></span> <span class='ocrx_word' id='word_1_193' title='bbox 2770 1180 2887 1245; x_wconf 88' lang='lat' dir='ltr'><strong>Quo</strong></span> <span class='ocrx_word' id='word_1_194' title='bbox 2931 1180 3097 1233; x_wconf 88' lang='lat' dir='ltr'><strong>etiam</strong></span> <span class='ocrx_word' id='word_1_195' title='bbox 3147 1178 3201 1233; x_wconf 91' lang='lat' dir='ltr'><strong>in</strong></span> <span class='ocrx_word' id='word_1_196' title='bbox 3243 1178 3362 1234; x_wconf 90' lang='lat' dir='ltr'><strong>loco</strong></span> <span class='ocrx_word' id='word_1_197' title='bbox 3405 1179 3586 1245; x_wconf 90' lang='lat' dir='ltr'><strong>nobis,</strong></span> <span class='ocrx_word' id='word_1_198' title='bbox 3635 1178 3683 1234; x_wconf 87' lang='lat' dir='ltr'><strong>si</strong></span> 
     </span>
    </p>
   </div>
   <div class='ocr_carea' id='block_1_29' title="bbox 2108 1267 3678 1345">
    <p class='ocr_par' dir='ltr' id='par_1_29' title="bbox 2108 1267 3678 1345">
     <span class='ocr_line' id='line_1_29' title="bbox 2108 1267 3678 1345; baseline -0.006 -16"><span class='ocrx_word' id='word_1_199' title='bbox 2108 1274 2226 1329; x_wconf 90' lang='lat' dir='ltr'><strong>ﬁcri</strong></span> <span class='ocrx_word' id='word_1_200' title='bbox 2252 1275 2475 1345; x_wconf 85' lang='lat' dir='ltr'><strong>poterit,</strong></span> <span class='ocrx_word' id='word_1_201' title='bbox 2511 1273 2960 1329; x_wconf 89' lang='lat' dir='ltr'><strong>convenientibus</strong></span> <span class='ocrx_word' id='word_1_202' title='bbox 2988 1271 3245 1327; x_wconf 88' lang='lat' dir='ltr'><strong>concedet</strong></span> <span class='ocrx_word' id='word_1_203' title='bbox 3273 1269 3416 1324; x_wconf 90' lang='lat' dir='ltr'><strong>Deus</strong></span> <span class='ocrx_word' id='word_1_204' title='bbox 3438 1267 3678 1325; x_wconf 79' lang='lat' dir='ltr'><strong>natalem</strong></span> 
     </span>
    </p>
   </div>
   <div class='ocr_carea' id='block_1_30' title="bbox 2108 1359 3683 1434">
    <p class='ocr_par' dir='ltr' id='par_1_30' title="bbox 2108 1359 3683 1434">
     <span class='ocr_line' id='line_1_30' title="bbox 2108 1359 3683 1434; baseline -0.004 -15"><span class='ocrx_word' id='word_1_205' title='bbox 2108 1364 2224 1434; x_wconf 86' lang='lat' dir='ltr'><strong>ejus</strong></span> <span class='ocrx_word' id='word_1_206' title='bbox 2255 1364 2505 1434; x_wconf 86' lang='lat' dir='ltr'><strong>martyrii</strong></span> <span class='ocrx_word' id='word_1_207' title='bbox 2535 1363 2677 1418; x_wconf 91' lang='lat' dir='ltr'><strong>diem</strong></span> <span class='ocrx_word' id='word_1_208' title='bbox 2728 1378 2850 1419; x_wconf 88' lang='lat' dir='ltr'><strong>cmn</strong></span> <span class='ocrx_word' id='word_1_209' title='bbox 2898 1362 3175 1416; x_wconf 85' lang='lat' dir='ltr'><strong>hilaritate</strong></span> <span class='ocrx_word' id='word_1_210' title='bbox 3209 1369 3264 1415; x_wconf 92' lang='lat' dir='ltr'><strong>et</strong></span> <span class='ocrx_word' id='word_1_211' title='bbox 3303 1360 3500 1430; x_wconf 84' lang='lat' dir='ltr'><strong>gaudio</strong></span> <span class='ocrx_word' id='word_1_212' title='bbox 3540 1359 3683 1415; x_wconf 65' lang='lat' dir='ltr'><strong>celeo</strong></span> 
     </span>
    </p>
   </div>
   <div class='ocr_carea' id='block_1_31' title="bbox 2106 1452 3684 1523">
    <p class='ocr_par' dir='ltr' id='par_1_31' title="bbox 2106 1452 3684 1523">
     <span class='ocr_line' id='line_1_31' title="bbox 2106 1452 3684 1523; baseline -0.004 -12"><span class='ocrx_word' id='word_1_213' title='bbox 2106 1456 2288 1522; x_wconf 90' lang='lat' dir='ltr'><strong>brare,</strong></span> <span class='ocrx_word' id='word_1_214' title='bbox 2321 1464 2433 1509; x_wconf 91' lang='lat' dir='ltr'><strong>tum</strong></span> <span class='ocrx_word' id='word_1_215' title='bbox 2467 1456 2522 1510; x_wconf 92' lang='lat' dir='ltr'><strong>in</strong></span> <span class='ocrx_word' id='word_1_216' title='bbox 2553 1454 2873 1510; x_wconf 86' lang='lat' dir='ltr'><strong>memoriam</strong></span> <span class='ocrx_word' id='word_1_217' title='bbox 2904 1468 3089 1509; x_wconf 78' lang='lat' dir='ltr'><strong>eorum</strong></span> <span class='ocrx_word' id='word_1_218' title='bbox 3116 1452 3208 1523; x_wconf 89' lang='lat' dir='ltr'><strong>qui</strong></span> <span class='ocrx_word' id='word_1_219' title='bbox 3240 1452 3476 1523; x_wconf 81' lang='lat' dir='ltr'><strong>glorioso</strong></span> <span class='ocrx_word' id='word_1_220' title='bbox 3507 1462 3684 1508; x_wconf 78' lang='lat' dir='ltr'><strong>certa-</strong></span> 
     </span>
    </p>
   </div>
   <div class='ocr_carea' id='block_1_32' title="bbox 2109 1544 3684 1621">
    <p class='ocr_par' dir='ltr' id='par_1_32' title="bbox 2109 1544 3684 1621">
     <span class='ocr_line' id='line_1_32' title="bbox 2109 1544 3684 1621; baseline -0.004 -15"><span class='ocrx_word' id='word_1_221' title='bbox 2109 1549 2550 1621; x_wconf 80' lang='lat' dir='ltr'><strong>mine-perfuncti</strong></span> <span class='ocrx_word' id='word_1_222' title='bbox 2595 1557 2756 1615; x_wconf 90' lang='lat' dir='ltr'><strong>sunt,</strong></span> <span class='ocrx_word' id='word_1_223' title='bbox 2795 1556 2906 1602; x_wconf 89' lang='lat' dir='ltr'><strong>tum</strong></span> <span class='ocrx_word' id='word_1_224' title='bbox 2955 1547 3022 1601; x_wconf 88' lang='lat' dir='ltr'><strong>ad</strong></span> <span class='ocrx_word' id='word_1_225' title='bbox 3071 1555 3318 1615; x_wconf 85' lang='lat' dir='ltr'><strong>posteros</strong></span> <span class='ocrx_word' id='word_1_226' title='bbox 3373 1544 3684 1613; x_wconf 87' lang='lat' dir='ltr'><strong>hujusmodi</strong></span> 
     </span>
    </p>
   </div>
   <div class='ocr_carea' id='block_1_33' title="bbox 2128 1635 3684 1711">
    <p class='ocr_par' dir='ltr' id='par_1_33' title="bbox 2128 1635 3684 1711">
     <span class='ocr_line' id='line_1_33' title="bbox 2128 1635 3684 1711; baseline -0.008 -12"><span class='ocrx_word' id='word_1_227' title='bbox 2128 1642 2375 1711; x_wconf 78' lang='lat' dir='ltr'><strong>exemplo</strong></span> <span class='ocrx_word' id='word_1_228' title='bbox 2432 1641 2757 1696; x_wconf 90' lang='lat' dir='ltr'><strong>erudiendos</strong></span> <span class='ocrx_word' id='word_1_229' title='bbox 2809 1648 2867 1695; x_wconf 92' lang='lat' dir='ltr'><strong>et</strong></span> <span class='ocrx_word' id='word_1_230' title='bbox 2920 1637 3388 1694; x_wconf 69' lang='lat' dir='ltr'><strong>conﬁrmandos.)</strong></span> <span class='ocrx_word' id='word_1_231' title='bbox 3439 1635 3567 1691; x_wconf 65' lang='lat' dir='ltr'><strong>Haec</strong></span> <span class='ocrx_word' id='word_1_232' title='bbox 3618 1636 3684 1688; x_wconf 86' lang='lat' dir='ltr'><strong>dc</strong></span> 
     </span>
    </p>
   </div>
   <div class='ocr_carea' id='block_1_34' title="bbox 428 1708 2008 1809">
    <p class='ocr_par' dir='ltr' id='par_1_34' title="bbox 428 1732 2008 1809">
     <span class='ocr_line' id='line_1_34' title="bbox 428 1732 2008 1809; baseline -0.003 -21"><span class='ocrx_word' id='word_1_233' title='bbox 428 1735 600 1789; x_wconf 79' lang='grc' dir='ltr'>ἅπασι</span> <span class='ocrx_word' id='word_1_234' title='bbox 615 1739 725 1801; x_wconf 84' lang='grc' dir='ltr'>τοῖς</span> <span class='ocrx_word' id='word_1_235' title='bbox 742 1736 1060 1809; x_wconf 83' lang='grc' dir='ltr'>παραδόξοις</span> <span class='ocrx_word' id='word_1_236' title='bbox 1081 1736 1245 1791; x_wconf 82' lang='grc' dir='ltr'>αὐτοῦ</span> <span class='ocrx_word' id='word_1_237' title='bbox 1258 1735 1531 1806; x_wconf 81' lang='grc' dir='ltr'>τελευτὴν,</span> <span class='ocrx_word' id='word_1_238' title='bbox 1547 1734 1653 1806; x_wconf 85' lang='grc' dir='ltr'><strong>πλη</strong></span> <span class='ocrx_word' id='word_1_239' title='bbox 1663 1734 1897 1805; x_wconf 82' lang='grc' dir='ltr'>ρέστατα</span> <span class='ocrx_word' id='word_1_240' title='bbox 1914 1732 2008 1802; x_wconf 77' lang='grc' dir='ltr'>τῆς</span> 
     </span>
    </p>
   </div>
   <div class='ocr_carea' id='block_1_35' title="bbox 2082 1708 3686 1809">
    <p class='ocr_par' dir='ltr' id='par_1_35' title="bbox 2082 1708 3686 1804">
     <span class='ocr_line' id='line_1_35' title="bbox 2082 1708 3686 1804; baseline -0.009 -9"><span class='ocrx_word' id='word_1_241' title='bbox 2082 1717 2087 1758; x_wconf 52' lang='grc' dir='ltr'><strong>ί</strong></span> <span class='ocrx_word' id='word_1_242' title='bbox 2117 1708 2625 1804; x_wconf 30' lang='lat' dir='ltr'><strong>beatovl’olycarpo,</strong></span> <span class='ocrx_word' id='word_1_243' title='bbox 2662 1732 2753 1802; x_wconf 89' lang='lat' dir='ltr'><strong>qui</strong></span> <span class='ocrx_word' id='word_1_244' title='bbox 2787 1746 2908 1787; x_wconf 89' lang='lat' dir='ltr'><strong>cum</strong></span> <span class='ocrx_word' id='word_1_245' title='bbox 2954 1730 3073 1785; x_wconf 90' lang='lat' dir='ltr'><strong>aliis</strong></span> <span class='ocrx_word' id='word_1_246' title='bbox 3099 1730 3382 1784; x_wconf 89' lang='lat' dir='ltr'><strong>duodecim</strong></span> <span class='ocrx_word' id='word_1_247' title='bbox 3412 1727 3686 1783; x_wconf 85' lang='lat' dir='ltr'><strong>Philadel-</strong></span> 
     </span>
    </p>
   </div>
   <div class='ocr_carea' id='block_1_36' title="bbox 427 1821 2002 1900">
    <p class='ocr_par' dir='ltr' id='par_1_36' title="bbox 427 1821 2002 1900">
     <span class='ocr_line' id='line_1_36' title="bbox 427 1821 2002 1900; baseline -0.003 -21"><span class='ocrx_word' id='word_1_248' title='bbox 427 1828 555 1899; x_wconf 79' lang='grc' dir='ltr'>περὶ</span> <span class='ocrx_word' id='word_1_249' title='bbox 588 1829 748 1882; x_wconf 75' lang='grc' dir='ltr'>αὑτοῦ</span> <span class='ocrx_word' id='word_1_250' title='bbox 783 1829 999 1900; x_wconf 79' lang='grc' dir='ltr'>γραφῆς</span> <span class='ocrx_word' id='word_1_251' title='bbox 1030 1828 1409 1900; x_wconf 85' lang='grc' dir='ltr'>περιεχούσης,</span> <span class='ocrx_word' id='word_1_252' title='bbox 1439 1827 1566 1890; x_wconf 72' lang='grc' dir='ltr'>τοὺς</span> <span class='ocrx_word' id='word_1_253' title='bbox 1593 1821 1676 1890; x_wconf 76' lang='grc' dir='ltr'>οἷς</span> <span class='ocrx_word' id='word_1_254' title='bbox 1705 1825 1878 1896; x_wconf 77' lang='grc' dir='ltr'>φίλον,</span> <span class='ocrx_word' id='word_1_255' title='bbox 1909 1822 2002 1876; x_wconf 77' lang='grc' dir='ltr'><strong>ἐπὶ</strong></span> 
     </span>
    </p>
   </div>
   <div class='ocr_carea' id='block_1_37' title="bbox 426 1916 1999 1994">
    <p class='ocr_par' dir='ltr' id='par_1_37' title="bbox 426 1916 1999 1994">
     <span class='ocr_line' id='line_1_37' title="bbox 426 1916 1999 1994; baseline -0.005 -20"><span class='ocrx_word' id='word_1_256' title='bbox 426 1923 628 1991; x_wconf 88' lang='grc' dir='ltr'>ταύτην</span> <span class='ocrx_word' id='word_1_257' title='bbox 643 1921 1057 1994; x_wconf 78' lang='grc' dir='ltr'>ἀναπέμψομεν,</span> <span class='ocrx_word' id='word_1_258' title='bbox 1087 1925 1199 1986; x_wconf 85' lang='grc' dir='ltr'>τοῖς</span> <span class='ocrx_word' id='word_1_259' title='bbox 1221 1920 1330 1975; x_wconf 88' lang='grc' dir='ltr'><strong>τῶν</strong></span> <span class='ocrx_word' id='word_1_260' title='bbox 1370 1918 1614 1992; x_wconf 87' lang='grc' dir='ltr'>ἀρχαίων</span> <span class='ocrx_word' id='word_1_261' title='bbox 1658 1916 1999 1987; x_wconf 85' lang='grc' dir='ltr'>συναχθεῖσιν</span> 
     </span>
    </p>
   </div>
   <div class='ocr_carea' id='block_1_38' title="bbox 426 2006 2003 2086">
    <p class='ocr_par' dir='ltr' id='par_1_38' title="bbox 426 2006 2003 2086">
     <span class='ocr_line' id='line_1_38' title="bbox 426 2006 2003 2086; baseline -0.005 -19"><span class='ocrx_word' id='word_1_262' title='bbox 426 2014 558 2085; x_wconf 80' lang='grc' dir='ltr'>ἡμῖν</span> <span class='ocrx_word' id='word_1_263' title='bbox 574 2014 889 2086; x_wconf 84' lang='grc' dir='ltr'>μαρτυρίοις</span> <span class='ocrx_word' id='word_1_264' title='bbox 906 2012 1295 2084; x_wconf 80' lang='grc' dir='ltr'>ὲντεταγμένην</span> <span class='ocrx_word' id='word_1_265' title='bbox 1311 2011 1464 2084; x_wconf 81' lang='lat'>(88&#39;).</span> <span class='ocrx_word' id='word_1_266' title='bbox 1480 2009 1640 2080; x_wconf 78' lang='grc' dir='ltr'>Ἑξῆς</span> <span class='ocrx_word' id='word_1_267' title='bbox 1653 2008 1709 2062; x_wconf 79' lang='grc' dir='ltr'><strong>δὲ</strong></span> <span class='ocrx_word' id='word_1_268' title='bbox 1722 2007 1815 2060; x_wconf 74' lang='grc' dir='ltr'><strong>καὶ</strong></span> <span class='ocrx_word' id='word_1_269' title='bbox 1830 2006 2003 2061; x_wconf 80' lang='grc' dir='ltr'>ἄλλων</span> 
     </span>
    </p>
   </div>
   <div class='ocr_carea' id='block_1_39' title="bbox 427 2102 2002 2180">
    <p class='ocr_par' dir='ltr' id='par_1_39' title="bbox 427 2102 2002 2180">
     <span class='ocr_line' id='line_1_39' title="bbox 427 2102 2002 2180; baseline -0.005 -19"><span class='ocrx_word' id='word_1_270' title='bbox 427 2107 486 2161; x_wconf 80' lang='grc' dir='ltr'>ὲν</span> <span class='ocrx_word' id='word_1_271' title='bbox 520 2107 798 2180; x_wconf 84' lang='grc' dir='ltr'>Περγάμῳ</span> <span class='ocrx_word' id='word_1_272' title='bbox 830 2108 939 2180; x_wconf 82' lang='grc'><strong>(89)</strong></span> <span class='ocrx_word' id='word_1_273' title='bbox 974 2106 1126 2161; x_wconf 89' lang='grc' dir='ltr'>πόλει</span> <span class='ocrx_word' id='word_1_274' title='bbox 1157 2106 1259 2177; x_wconf 84' lang='grc' dir='ltr'>τῆς</span> <span class='ocrx_word' id='word_1_275' title='bbox 1289 2104 1471 2168; x_wconf 85' lang='grc' dir='ltr'>Ἀσίας</span> <span class='ocrx_word' id='word_1_276' title='bbox 1508 2102 1877 2173; x_wconf 81' lang='grc' dir='ltr'>ὑπομνήματα</span> <span class='ocrx_word' id='word_1_277' title='bbox 1907 2116 2002 2171; x_wconf 90' lang='grc' dir='ltr'>με-</span> 
     </span>
    </p>
   </div>
   <div class='ocr_carea' id='block_1_40' title="bbox 429 2220 1999 2296">
    <p class='ocr_par' dir='ltr' id='par_1_40' title="bbox 429 2220 1999 2296">
     <span class='ocr_line' id='line_1_40' title="bbox 429 2220 1999 2296; baseline -0.003 -20"><span class='ocrx_word' id='word_1_278' title='bbox 429 2224 695 2296; x_wconf 67' lang='lat' dir='ltr'><strong>Smyrnmi</strong></span> <span class='ocrx_word' id='word_1_279' title='bbox 726 2224 992 2296; x_wconf 61' lang='lat' dir='ltr'><strong>exemplg</strong></span> <span class='ocrx_word' id='word_1_280' title='bbox 1040 2222 1269 2296; x_wconf 79' lang='lat' dir='ltr'><strong>apostoli</strong></span> <span class='ocrx_word' id='word_1_281' title='bbox 1322 2221 1495 2296; x_wconf 73' lang='lat' dir='ltr'><strong>Pauli,</strong></span> <span class='ocrx_word' id='word_1_282' title='bbox 1531 2221 1623 2290; x_wconf 89' lang='lat' dir='ltr'><strong>qui</strong></span> <span class='ocrx_word' id='word_1_283' title='bbox 1672 2221 1726 2274; x_wconf 90' lang='lat' dir='ltr'><strong>in</strong></span> <span class='ocrx_word' id='word_1_284' title='bbox 1780 2221 1893 2296; x_wconf 73' lang='lat' dir='ltr'><strong>suis</strong></span> <span class='ocrx_word' id='word_1_285' title='bbox 1931 2220 1999 2296; x_wconf 75' lang='lat' dir='ltr'><strong>ad</strong></span> 
     </span>
    </p>
   </div>
   <div class='ocr_carea' id='block_1_41' title="bbox 427 2289 2001 2362">
    <p class='ocr_par' dir='ltr' id='par_1_41' title="bbox 427 2289 2001 2362">
     <span class='ocr_line' id='line_1_41' title="bbox 427 2289 2001 2362; baseline -0.004 -13"><span class='ocrx_word' id='word_1_286' title='bbox 427 2289 703 2349; x_wconf 72' lang='lat' dir='ltr'><strong>Roriranos</strong></span> <span class='ocrx_word' id='word_1_287' title='bbox 726 2289 927 2347; x_wconf 85' lang='lat' dir='ltr'><strong>litteris</strong></span> <span class='ocrx_word' id='word_1_288' title='bbox 950 2289 1118 2346; x_wconf 86' lang='lat' dir='ltr'><strong>Tcrtii</strong></span> <span class='ocrx_word' id='word_1_289' title='bbox 1147 2307 1363 2362; x_wconf 91' lang='lat' dir='ltr'><strong>quoque</strong></span> <span class='ocrx_word' id='word_1_290' title='bbox 1389 2289 1692 2345; x_wconf 87' lang='lat' dir='ltr'><strong>litterarum</strong></span> <span class='ocrx_word' id='word_1_291' title='bbox 1716 2289 2001 2362; x_wconf 68' lang='lat' dir='ltr'><strong>scriptoris</strong></span> 
     </span>
    </p>
   </div>
   <div class='ocr_carea' id='block_1_42' title="bbox 431 2358 2002 2431">
    <p class='ocr_par' dir='ltr' id='par_1_42' title="bbox 431 2358 2002 2431">
     <span class='ocr_line' id='line_1_42' title="bbox 431 2358 2002 2431; baseline -0.004 -13"><span class='ocrx_word' id='word_1_292' title='bbox 431 2378 629 2418; x_wconf 88' lang='lat' dir='ltr'><strong>nomen</strong></span> <span class='ocrx_word' id='word_1_293' title='bbox 657 2364 922 2431; x_wconf 85' lang='lat' dir='ltr'><strong>apposuit.</strong></span> <span class='ocrx_word' id='word_1_294' title='bbox 964 2358 1247 2417; x_wconf 78' lang='lat' dir='ltr'><strong>Postremo</strong></span> <span class='ocrx_word' id='word_1_295' title='bbox 1272 2358 1567 2416; x_wconf 83' lang='lat' dir='ltr'><strong>notandum</strong></span> <span class='ocrx_word' id='word_1_296' title='bbox 1592 2369 1697 2431; x_wconf 69' lang='lat' dir='ltr'><strong>est,</strong></span> <span class='ocrx_word' id='word_1_297' title='bbox 1726 2359 1868 2428; x_wconf 90' lang='lat' dir='ltr'><strong>quod</strong></span> <span class='ocrx_word' id='word_1_298' title='bbox 1899 2358 2002 2431; x_wconf 86' lang='lat' dir='ltr'><strong>Po-</strong></span> 
     </span>
    </p>
   </div>
   <div class='ocr_carea' id='block_1_43' title="bbox 433 2430 1995 2500">
    <p class='ocr_par' dir='ltr' id='par_1_43' title="bbox 433 2430 1995 2500">
     <span class='ocr_line' id='line_1_43' title="bbox 433 2430 1995 2500; baseline -0.001 -16"><span class='ocrx_word' id='word_1_299' title='bbox 433 2430 703 2500; x_wconf 38' lang='lat' dir='ltr'><strong>charpus’</strong></span> <span class='ocrx_word' id='word_1_300' title='bbox 727 2430 919 2500; x_wconf 85' lang='lat' dir='ltr'><strong>passus</strong></span> <span class='ocrx_word' id='word_1_301' title='bbox 954 2445 1074 2486; x_wconf 90' lang='lat' dir='ltr'><strong>esse</strong></span> <span class='ocrx_word' id='word_1_302' title='bbox 1114 2432 1311 2485; x_wconf 88' lang='lat' dir='ltr'><strong>dicitur</strong></span> <span class='ocrx_word' id='word_1_303' title='bbox 1352 2431 1439 2484; x_wconf 90' lang='lat' dir='ltr'><strong>die</strong></span> <span class='ocrx_word' id='word_1_304' title='bbox 1469 2430 1727 2500; x_wconf 80' lang='lat' dir='ltr'><strong>secundo</strong></span> <span class='ocrx_word' id='word_1_305' title='bbox 1762 2430 1995 2500; x_wconf 30' lang='lat' dir='ltr'><strong>“mensis</strong></span> 
     </span>
    </p>
   </div>
   <div class='ocr_carea' id='block_1_44' title="bbox 432 2494 1998 2563">
    <p class='ocr_par' dir='ltr' id='par_1_44' title="bbox 432 2494 1998 2563">
     <span class='ocr_line' id='line_1_44' title="bbox 432 2494 1998 2563; baseline -0.001 -6"><span class='ocrx_word' id='word_1_306' title='bbox 432 2494 810 2563; x_wconf 47' lang='lat' dir='ltr'><strong>Xanthicifid</strong></span> <span class='ocrx_word' id='word_1_307' title='bbox 849 2510 954 2562; x_wconf 89' lang='lat' dir='ltr'><strong>est,</strong></span> <span class='ocrx_word' id='word_1_308' title='bbox 996 2511 1122 2555; x_wconf 87' lang='lat' dir='ltr'><strong>ante</strong></span> <span class='ocrx_word' id='word_1_309' title='bbox 1160 2502 1304 2555; x_wconf 90' lang='lat' dir='ltr'><strong>diem</strong></span> <span class='ocrx_word' id='word_1_310' title='bbox 1346 2513 1420 2554; x_wconf 86' lang='lat' dir='ltr'><strong>vtt</strong></span> <span class='ocrx_word' id='word_1_311' title='bbox 1458 2498 1726 2553; x_wconf 77' lang='lat' dir='ltr'><strong>Kalendas</strong></span> <span class='ocrx_word' id='word_1_312' title='bbox 1757 2498 1998 2555; x_wconf 88' lang='lat' dir='ltr'><strong>Martias.</strong></span> 
     </span>
    </p>
   </div>
   <div class='ocr_carea' id='block_1_45' title="bbox 437 2566 1999 2640">
    <p class='ocr_par' dir='ltr' id='par_1_45' title="bbox 437 2566 1999 2640">
     <span class='ocr_line' id='line_1_45' title="bbox 437 2566 1999 2640; baseline -0.003 -13"><span class='ocrx_word' id='word_1_313' title='bbox 437 2571 690 2626; x_wconf 83' lang='lat' dir='ltr'><strong>llsserius</strong></span> <span class='ocrx_word' id='word_1_314' title='bbox 717 2569 935 2639; x_wconf 87' lang='lat' dir='ltr'><strong>quidem</strong></span> <span class='ocrx_word' id='word_1_315' title='bbox 976 2580 1086 2623; x_wconf 89' lang='lat' dir='ltr'><strong>tum</strong></span> <span class='ocrx_word' id='word_1_316' title='bbox 1123 2571 1183 2640; x_wconf 88' lang='lat' dir='ltr'><strong>in_</strong></span> <span class='ocrx_word' id='word_1_317' title='bbox 1220 2571 1361 2625; x_wconf 90' lang='lat' dir='ltr'><strong>notis</strong></span> <span class='ocrx_word' id='word_1_318' title='bbox 1392 2571 1457 2623; x_wconf 93' lang='lat' dir='ltr'><strong>ad</strong></span> <span class='ocrx_word' id='word_1_319' title='bbox 1493 2568 1776 2640; x_wconf 79' lang='lat' dir='ltr'><strong>epistolam</strong></span> <span class='ocrx_word' id='word_1_320' title='bbox 1804 2566 1999 2640; x_wconf 86' lang='lat' dir='ltr'><strong>Smyr-</strong></span> 
     </span>
    </p>
   </div>
   <div class='ocr_carea' id='block_1_46' title="bbox 434 2637 1995 2703">
    <p class='ocr_par' dir='ltr' id='par_1_46' title="bbox 434 2637 1995 2703">
     <span class='ocr_line' id='line_1_46' title="bbox 434 2637 1995 2703; baseline -0.003 -8"><span class='ocrx_word' id='word_1_321' title='bbox 434 2656 697 2703; x_wconf 64' lang='lat' dir='ltr'><strong>na&#39;orum,</strong></span> <span class='ocrx_word' id='word_1_322' title='bbox 733 2637 844 2693; x_wconf 72' lang='lat' dir='ltr'><strong>tum</strong></span> <span class='ocrx_word' id='word_1_323' title='bbox 894 2641 947 2693; x_wconf 91' lang='lat' dir='ltr'><strong>in</strong></span> <span class='ocrx_word' id='word_1_324' title='bbox 987 2641 1125 2693; x_wconf 89' lang='lat' dir='ltr'><strong>libro</strong></span> <span class='ocrx_word' id='word_1_325' title='bbox 1158 2638 1232 2693; x_wconf 85' lang='lat' dir='ltr'><strong>De</strong></span> <span class='ocrx_word' id='word_1_326' title='bbox 1263 2654 1405 2693; x_wconf 91' lang='lat' dir='ltr'><strong>anno</strong></span> <span class='ocrx_word' id='word_1_327' title='bbox 1435 2640 1600 2694; x_wconf 88' lang='lat' dir='ltr'><strong>solari</strong></span> <span class='ocrx_word' id='word_1_328' title='bbox 1635 2637 1995 2693; x_wconf 83' lang='lat' dir='ltr'><strong>Macedonum</strong></span> 
     </span>
    </p>
   </div>
   <div class='ocr_carea' id='block_1_47' title="bbox 432 2707 1994 2779">
    <p class='ocr_par' dir='ltr' id='par_1_47' title="bbox 432 2707 1994 2779">
     <span class='ocr_line' id='line_1_47' title="bbox 432 2707 1994 2779; baseline -0.004 -12"><span class='ocrx_word' id='word_1_329' title='bbox 432 2720 489 2767; x_wconf 90' lang='lat' dir='ltr'><strong>et</strong></span> <span class='ocrx_word' id='word_1_330' title='bbox 537 2711 887 2779; x_wconf 80' lang='lat' dir='ltr'><strong>Asianorum,</strong></span> <span class='ocrx_word' id='word_1_331' title='bbox 937 2724 1058 2777; x_wconf 91' lang='lat' dir='ltr'><strong>cap.</strong></span> <span class='ocrx_word' id='word_1_332' title='bbox 1093 2711 1145 2773; x_wconf 80' lang='lat' dir='ltr'><strong>l,</strong></span> <span class='ocrx_word' id='word_1_333' title='bbox 1175 2707 1403 2762; x_wconf 85' lang='lat' dir='ltr'><strong>allirmat</strong></span> <span class='ocrx_word' id='word_1_334' title='bbox 1450 2709 1761 2779; x_wconf 80' lang='lat' dir='ltr'><strong>Smyrnaeos</strong></span> <span class='ocrx_word' id='word_1_335' title='bbox 1796 2718 1994 2779; x_wconf 59' lang='lat' dir='ltr'><strong>prmter</strong></span> 
     </span>
    </p>
   </div>
   <div class='ocr_carea' id='block_1_48' title="bbox 434 2777 1995 2847">
    <p class='ocr_par' dir='ltr' id='par_1_48' title="bbox 434 2777 1995 2847">
     <span class='ocr_line' id='line_1_48' title="bbox 434 2777 1995 2847; baseline -0.002 -13"><span class='ocrx_word' id='word_1_336' title='bbox 434 2796 637 2834; x_wconf 79' lang='lat' dir='ltr'><strong>morem</strong></span> <span class='ocrx_word' id='word_1_337' title='bbox 676 2778 1008 2847; x_wconf 84' lang='lat' dir='ltr'><strong>reliquarum</strong></span> <span class='ocrx_word' id='word_1_338' title='bbox 1044 2780 1187 2833; x_wconf 62' lang='lat' dir='ltr'><strong>Asiae</strong></span> <span class='ocrx_word' id='word_1_339' title='bbox 1217 2779 1524 2843; x_wconf 84' lang='lat' dir='ltr'><strong>civitatum,</strong></span> <span class='ocrx_word' id='word_1_340' title='bbox 1551 2777 1811 2833; x_wconf 42' lang='lat' dir='ltr'><strong>‘menseni</strong></span> <span class='ocrx_word' id='word_1_341' title='bbox 1843 2777 1995 2831; x_wconf 63' lang='lat' dir='ltr'><strong>Xan.</strong></span> 
     </span>
    </p>
   </div>
   <div class='ocr_carea' id='block_1_49' title="bbox 435 2847 1993 2904">
    <p class='ocr_par' dir='ltr' id='par_1_49' title="bbox 435 2847 1993 2904">
     <span class='ocr_line' id='line_1_49' title="bbox 435 2847 1993 2904; baseline -0.003 -1"><span class='ocrx_word' id='word_1_342' title='bbox 435 2851 636 2904; x_wconf 89' lang='lat' dir='ltr'><strong>thicum</strong></span> <span class='ocrx_word' id='word_1_343' title='bbox 674 2864 898 2902; x_wconf 82' lang='lat' dir='ltr'><strong>exorsos</strong></span> <span class='ocrx_word' id='word_1_344' title='bbox 925 2848 1091 2904; x_wconf 79' lang='lat' dir='ltr'><strong>fuisse</strong></span> <span class='ocrx_word' id='word_1_345' title='bbox 1123 2866 1152 2904; x_wconf 89' lang='lat' dir='ltr'><strong>a</strong></span> <span class='ocrx_word' id='word_1_346' title='bbox 1201 2849 1288 2903; x_wconf 86' lang='lat' dir='ltr'><strong>die</strong></span> <span class='ocrx_word' id='word_1_347' title='bbox 1314 2848 1383 2902; x_wconf 76' lang='grc'><strong>25</strong></span> <span class='ocrx_word' id='word_1_348' title='bbox 1415 2849 1618 2903; x_wconf 87' lang='lat' dir='ltr'><strong>mensis</strong></span> <span class='ocrx_word' id='word_1_349' title='bbox 1649 2847 1847 2902; x_wconf 81' lang='lat' dir='ltr'><strong>Martii.</strong></span> <span class='ocrx_word' id='word_1_350' title='bbox 1887 2847 1993 2903; x_wconf 86' lang='lat' dir='ltr'><strong>Sed</strong></span> 
     </span>
    </p>
   </div>
   <div class='ocr_carea' id='block_1_50' title="bbox 434 2916 1994 2986">
    <p class='ocr_par' dir='ltr' id='par_1_50' title="bbox 434 2916 1994 2986">
     <span class='ocr_line' id='line_1_50' title="bbox 434 2916 1994 2986; baseline -0.002 -13"><span class='ocrx_word' id='word_1_351' title='bbox 434 2936 554 2974; x_wconf 90' lang='lat' dir='ltr'><strong>cum</strong></span> <span class='ocrx_word' id='word_1_352' title='bbox 580 2919 645 2972; x_wconf 89' lang='lat' dir='ltr'><strong>ad</strong></span> <span class='ocrx_word' id='word_1_353' title='bbox 682 2919 732 2971; x_wconf 89' lang='lat' dir='ltr'><strong>id</strong></span> <span class='ocrx_word' id='word_1_354' title='bbox 768 2919 1102 2986; x_wconf 88' lang='lat' dir='ltr'><strong>probandum</strong></span> <span class='ocrx_word' id='word_1_355' title='bbox 1144 2919 1353 2973; x_wconf 90' lang='lat' dir='ltr'><strong>nullam</strong></span> <span class='ocrx_word' id='word_1_356' title='bbox 1396 2921 1662 2972; x_wconf 88' lang='lat' dir='ltr'><strong>rationem</strong></span> <span class='ocrx_word' id='word_1_357' title='bbox 1694 2916 1906 2984; x_wconf 74' lang='lat' dir='ltr'><strong>afferat,</strong></span> <span class='ocrx_word' id='word_1_358' title='bbox 1942 2919 1994 2970; x_wconf 90' lang='lat' dir='ltr'><strong>in</strong></span> 
     </span>
    </p>
   </div>
   <div class='ocr_carea' id='block_1_51' title="bbox 430 2987 1994 3057">
    <p class='ocr_par' dir='ltr' id='par_1_51' title="bbox 430 2987 1994 3057">
     <span class='ocr_line' id='line_1_51' title="bbox 430 2987 1994 3057; baseline -0.001 -15"><span class='ocrx_word' id='word_1_359' title='bbox 430 3004 495 3042; x_wconf 88' lang='lat' dir='ltr'><strong>eo</strong></span> <span class='ocrx_word' id='word_1_360' title='bbox 541 3004 645 3042; x_wconf 91' lang='lat' dir='ltr'><strong>non</strong></span> <span class='ocrx_word' id='word_1_361' title='bbox 688 3004 905 3057; x_wconf 86' lang='lat' dir='ltr'><strong>possum</strong></span> <span class='ocrx_word' id='word_1_362' title='bbox 954 2989 1030 3043; x_wconf 90' lang='lat' dir='ltr'><strong>illi</strong></span> <span class='ocrx_word' id='word_1_363' title='bbox 1083 2989 1357 3043; x_wconf 86' lang='lat' dir='ltr'><strong>assentiri.</strong></span> <span class='ocrx_word' id='word_1_364' title='bbox 1403 2987 1539 3055; x_wconf 84' lang='lat' dir='ltr'><strong>Quis</strong></span> <span class='ocrx_word' id='word_1_365' title='bbox 1590 2988 1737 3042; x_wconf 88' lang='lat' dir='ltr'><strong>enim</strong></span> <span class='ocrx_word' id='word_1_366' title='bbox 1785 2988 1994 3054; x_wconf 89' lang='lat' dir='ltr'><strong>credat,</strong></span> 
     </span>
    </p>
   </div>
   <div class='ocr_carea' id='block_1_52' title="bbox 434 3056 1994 3128">
    <p class='ocr_par' dir='ltr' id='par_1_52' title="bbox 434 3056 1994 3128">
     <span class='ocr_line' id='line_1_52' title="bbox 434 3056 1994 3128; baseline -0.002 -16"><span class='ocrx_word' id='word_1_367' title='bbox 434 3056 742 3128; x_wconf 71' lang='lat' dir='ltr'><strong>Smyrnaeos</strong></span> <span class='ocrx_word' id='word_1_368' title='bbox 772 3059 823 3111; x_wconf 93' lang='lat' dir='ltr'><strong>in</strong></span> <span class='ocrx_word' id='word_1_369' title='bbox 846 3061 1109 3114; x_wconf 87' lang='lat' dir='ltr'><strong>mensium</strong></span> <span class='ocrx_word' id='word_1_370' title='bbox 1135 3059 1610 3128; x_wconf 83' lang='lat' dir='ltr'><strong>Macedonicorum</strong></span> <span class='ocrx_word' id='word_1_371' title='bbox 1635 3056 1994 3128; x_wconf 72' lang='lat' dir='ltr'><strong>dispositione</strong></span> 
     </span>
    </p>
   </div>
   <div class='ocr_carea' id='block_1_53' title="bbox 435 3126 1989 3195">
    <p class='ocr_par' dir='ltr' id='par_1_53' title="bbox 435 3126 1989 3195">
     <span class='ocr_line' id='line_1_53' title="bbox 435 3126 1989 3195; baseline -0.001 -15"><span class='ocrx_word' id='word_1_372' title='bbox 435 3144 463 3180; x_wconf 89' lang='lat' dir='ltr'><strong>a</strong></span> <span class='ocrx_word' id='word_1_373' title='bbox 495 3126 712 3195; x_wconf 82' lang='lat' dir='ltr'><strong>reliquis</strong></span> <span class='ocrx_word' id='word_1_374' title='bbox 740 3129 883 3183; x_wconf 75' lang='lat' dir='ltr'><strong>Asia:</strong></span> <span class='ocrx_word' id='word_1_375' title='bbox 914 3130 1227 3184; x_wconf 83' lang='lat' dir='ltr'><strong>civitatibus</strong></span> <span class='ocrx_word' id='word_1_376' title='bbox 1252 3127 1612 3183; x_wconf 88' lang='lat' dir='ltr'><strong>dissensisse?</strong></span> <span class='ocrx_word' id='word_1_377' title='bbox 1641 3126 1800 3181; x_wconf 87' lang='lat' dir='ltr'><strong>Certe</strong></span> <span class='ocrx_word' id='word_1_378' title='bbox 1837 3128 1882 3180; x_wconf 88' lang='lat' dir='ltr'><strong>si</strong></span> <span class='ocrx_word' id='word_1_379' title='bbox 1917 3129 1989 3180; x_wconf 90' lang='lat' dir='ltr'><strong>ita</strong></span> 
     </span>
    </p>
   </div>
   <div class='ocr_carea' id='block_1_54' title="bbox 432 3196 1988 3268">
    <p class='ocr_par' dir='ltr' id='par_1_54' title="bbox 432 3196 1988 3268">
     <span class='ocr_line' id='line_1_54' title="bbox 432 3196 1988 3268; baseline 0.001 -18"><span class='ocrx_word' id='word_1_380' title='bbox 432 3199 642 3261; x_wconf 80' lang='lat' dir='ltr'><strong>fuisset,</strong></span> <span class='ocrx_word' id='word_1_381' title='bbox 680 3198 943 3268; x_wconf 77' lang='lat' dir='ltr'><strong>Smyrnaei</strong></span> <span class='ocrx_word' id='word_1_382' title='bbox 974 3200 1116 3253; x_wconf 92' lang='lat' dir='ltr'><strong>diem</strong></span> <span class='ocrx_word' id='word_1_383' title='bbox 1145 3214 1254 3268; x_wconf 92' lang='lat' dir='ltr'><strong>quo</strong></span> <span class='ocrx_word' id='word_1_384' title='bbox 1297 3212 1488 3266; x_wconf 90' lang='lat' dir='ltr'><strong>passus</strong></span> <span class='ocrx_word' id='word_1_385' title='bbox 1512 3206 1596 3253; x_wconf 88' lang='lat' dir='ltr'><strong>est</strong></span> <span class='ocrx_word' id='word_1_386' title='bbox 1632 3196 1988 3268; x_wconf 83' lang='lat' dir='ltr'><strong>Polycarpus,</strong></span> 
     </span>
    </p>
   </div>
   <div class='ocr_carea' id='block_1_55' title="bbox 429 3266 1986 3335">
    <p class='ocr_par' dir='ltr' id='par_1_55' title="bbox 429 3266 1986 3335">
     <span class='ocr_line' id='line_1_55' title="bbox 429 3266 1986 3335; baseline -0.001 -14"><span class='ocrx_word' id='word_1_387' title='bbox 429 3284 539 3321; x_wconf 91' lang='lat' dir='ltr'><strong>non</strong></span> <span class='ocrx_word' id='word_1_388' title='bbox 579 3268 655 3321; x_wconf 90' lang='lat' dir='ltr'><strong>ita</strong></span> <span class='ocrx_word' id='word_1_389' title='bbox 707 3266 1104 3333; x_wconf 75' lang='lat' dir='ltr'><strong>designassent,</strong></span> <span class='ocrx_word' id='word_1_390' title='bbox 1146 3266 1209 3322; x_wconf 86' lang='lat' dir='ltr'><strong>tit</strong></span> <span class='ocrx_word' id='word_1_391' title='bbox 1241 3268 1437 3335; x_wconf 78' lang='lat' dir='ltr'><strong>legitur</strong></span> <span class='ocrx_word' id='word_1_392' title='bbox 1487 3269 1539 3321; x_wconf 89' lang='lat' dir='ltr'><strong>in</strong></span> <span class='ocrx_word' id='word_1_393' title='bbox 1587 3268 1687 3320; x_wconf 89' lang='lat' dir='ltr'><strong>hac</strong></span> <span class='ocrx_word' id='word_1_394' title='bbox 1725 3266 1986 3334; x_wconf 89' lang='lat' dir='ltr'><strong>epistola:</strong></span> 
     </span>
    </p>
   </div>
   <div class='ocr_carea' id='block_1_56' title="bbox 431 3335 1991 3409">
    <p class='ocr_par' dir='ltr' id='par_1_56' title="bbox 431 3335 1991 3409">
     <span class='ocr_line' id='line_1_56' title="bbox 431 3335 1991 3409; baseline -0.001 -18"><span class='ocrx_word' id='word_1_395' title='bbox 431 3339 698 3409; x_wconf 62' lang='grc' dir='ltr'>μαρτυρεῖ</span> <span class='ocrx_word' id='word_1_396' title='bbox 742 3337 800 3409; x_wconf 83' lang='grc' dir='ltr'><strong>δὲ</strong></span> <span class='ocrx_word' id='word_1_397' title='bbox 836 3340 865 3390; x_wconf 85' lang='grc' dir='ltr'>ὁ</span> <span class='ocrx_word' id='word_1_398' title='bbox 892 3338 1246 3409; x_wconf 86' lang='grc' dir='ltr'>Πολύκαρπος</span> <span class='ocrx_word' id='word_1_399' title='bbox 1283 3335 1545 3409; x_wconf 82' lang='grc' dir='ltr'>Ξανθικοῦ</span> <span class='ocrx_word' id='word_1_400' title='bbox 1578 3336 1808 3409; x_wconf 59' lang='grc' dir='ltr'>δευτέρα</span> <span class='ocrx_word' id='word_1_401' title='bbox 1842 3337 1991 3389; x_wconf 78' lang='grc' dir='ltr'>ἱσταο</span> 
     </span>
    </p>
   </div>
   <div class='ocr_carea' id='block_1_57' title="bbox 429 3407 1986 3481">
    <p class='ocr_par' dir='ltr' id='par_1_57' title="bbox 429 3407 1986 3481">
     <span class='ocr_line' id='line_1_57' title="bbox 429 3407 1986 3481; baseline -0.002 -21"><span class='ocrx_word' id='word_1_402' title='bbox 429 3407 626 3481; x_wconf 54' lang='grc' dir='ltr'>μένου(</span> <span class='ocrx_word' id='word_1_403' title='bbox 656 3407 761 3481; x_wconf 50' lang='lat' dir='ltr'><strong>ﬁed</strong></span> <span class='ocrx_word' id='word_1_404' title='bbox 794 3409 860 3481; x_wconf 74' lang='lat' dir='ltr'><strong>ad</strong></span> <span class='ocrx_word' id='word_1_405' title='bbox 888 3407 1162 3481; x_wconf 59' lang='lat' dir='ltr'><strong>vitandam</strong></span> <span class='ocrx_word' id='word_1_406' title='bbox 1178 3408 1625 3481; x_wconf 40' lang='lat' dir='ltr'><strong>ambiguitatem,</strong></span> <span class='ocrx_word' id='word_1_407' title='bbox 1641 3407 1986 3481; x_wconf 83' lang='lat' dir='ltr'><strong>adjecissent,</strong></span> 
     </span>
    </p>
   </div>
   <div class='ocr_carea' id='block_1_58' title="bbox 429 3475 1987 3547">
    <p class='ocr_par' dir='ltr' id='par_1_58' title="bbox 429 3475 1987 3547">
     <span class='ocr_line' id='line_1_58' title="bbox 429 3475 1987 3547; baseline -0.002 -15"><span class='ocrx_word' id='word_1_408' title='bbox 429 3475 548 3532; x_wconf 62' lang='grc' dir='ltr'>καθ’</span> <span class='ocrx_word' id='word_1_409' title='bbox 576 3478 722 3547; x_wconf 79' lang='grc' dir='ltr'>ἡμᾶς</span> <span class='ocrx_word' id='word_1_410' title='bbox 752 3477 878 3539; x_wconf 81' lang='grc' dir='ltr'>τοὺς</span> <span class='ocrx_word' id='word_1_411' title='bbox 914 3477 1268 3547; x_wconf 85' lang='grc' dir='ltr'>Σμυρναίους.</span> <span class='ocrx_word' id='word_1_412' title='bbox 1299 3477 1563 3530; x_wconf 65' lang='lat' dir='ltr'><strong>Caeterum</strong></span> <span class='ocrx_word' id='word_1_413' title='bbox 1592 3475 1899 3545; x_wconf 68' lang='lat' dir='ltr'><strong>Smyrnazos</strong></span> <span class='ocrx_word' id='word_1_414' title='bbox 1935 3478 1987 3529; x_wconf 90' lang='lat' dir='ltr'><strong>in</strong></span> 
     </span>
    </p>
   </div>
   <div class='ocr_carea' id='block_1_59' title="bbox 429 3547 1986 3613">
    <p class='ocr_par' dir='ltr' id='par_1_59' title="bbox 429 3547 1986 3613">
     <span class='ocr_line' id='line_1_59' title="bbox 429 3547 1986 3613; baseline -0.001 -13"><span class='ocrx_word' id='word_1_415' title='bbox 429 3550 556 3601; x_wconf 87' lang='lat' dir='ltr'><strong>anni</strong></span> <span class='ocrx_word' id='word_1_416' title='bbox 581 3561 649 3600; x_wconf 83' lang='lat' dir='ltr'><strong>ac</strong></span> <span class='ocrx_word' id='word_1_417' title='bbox 678 3547 947 3599; x_wconf 86' lang='lat' dir='ltr'><strong>mensium</strong></span> <span class='ocrx_word' id='word_1_418' title='bbox 979 3562 1201 3600; x_wconf 89' lang='lat' dir='ltr'><strong>suorum</strong></span> <span class='ocrx_word' id='word_1_419' title='bbox 1234 3547 1586 3612; x_wconf 82' lang='lat' dir='ltr'><strong>dispositione</strong></span> <span class='ocrx_word' id='word_1_420' title='bbox 1612 3560 1833 3613; x_wconf 87' lang='lat' dir='ltr'><strong>prorsus</strong></span> <span class='ocrx_word' id='word_1_421' title='bbox 1866 3560 1986 3598; x_wconf 91' lang='lat' dir='ltr'><strong>cum</strong></span> 
     </span>
    </p>
   </div>
   <div class='ocr_carea' id='block_1_60' title="bbox 426 3613 1988 3685">
    <p class='ocr_par' dir='ltr' id='par_1_60' title="bbox 426 3613 1988 3685">
     <span class='ocr_line' id='line_1_60' title="bbox 426 3613 1988 3685; baseline -0.001 -15"><span class='ocrx_word' id='word_1_422' title='bbox 426 3616 646 3670; x_wconf 83' lang='lat' dir='ltr'><strong>Asianis</strong></span> <span class='ocrx_word' id='word_1_423' title='bbox 694 3617 1059 3679; x_wconf 81' lang='lat' dir='ltr'><strong>consensisse,</strong></span> <span class='ocrx_word' id='word_1_424' title='bbox 1112 3617 1308 3669; x_wconf 89' lang='lat' dir='ltr'><strong>docent</strong></span> <span class='ocrx_word' id='word_1_425' title='bbox 1347 3617 1481 3668; x_wconf 84' lang='lat' dir='ltr'><strong>Acta</strong></span> <span class='ocrx_word' id='word_1_426' title='bbox 1521 3613 1692 3669; x_wconf 86' lang='lat' dir='ltr'><strong>Pionii</strong></span> <span class='ocrx_word' id='word_1_427' title='bbox 1734 3616 1988 3685; x_wconf 83' lang='lat' dir='ltr'><strong>martyris</strong></span> 
     </span>
    </p>
   </div>
   <div class='ocr_carea' id='block_1_61' title="bbox 429 3685 1984 3755">
    <p class='ocr_par' dir='ltr' id='par_1_61' title="bbox 429 3685 1984 3755">
     <span class='ocr_line' id='line_1_61' title="bbox 429 3685 1984 3755; baseline 0.001 -18"><span class='ocrx_word' id='word_1_428' title='bbox 429 3686 521 3753; x_wconf 89' lang='lat' dir='ltr'><strong>qui</strong></span> <span class='ocrx_word' id='word_1_429' title='bbox 551 3700 742 3751; x_wconf 82' lang='lat' dir='ltr'><strong>passus</strong></span> <span class='ocrx_word' id='word_1_430' title='bbox 763 3695 846 3740; x_wconf 87' lang='lat' dir='ltr'><strong>est</strong></span> <span class='ocrx_word' id='word_1_431' title='bbox 887 3686 1207 3755; x_wconf 18' lang='lat' dir='ltr'><strong>Smyrnmiin</strong></span> <span class='ocrx_word' id='word_1_432' title='bbox 1245 3686 1618 3755; x_wconf 74' lang='lat' dir='ltr'><strong>persecutione</strong></span> <span class='ocrx_word' id='word_1_433' title='bbox 1651 3685 1902 3755; x_wconf 86' lang='lat' dir='ltr'><strong>Deciana,</strong></span> <span class='ocrx_word' id='word_1_434' title='bbox 1933 3685 1984 3738; x_wconf 93' lang='lat' dir='ltr'><strong>in</strong></span> 
     </span>
    </p>
   </div>
   <div class='ocr_carea' id='block_1_62' title="bbox 427 3751 1987 3825">
    <p class='ocr_par' dir='ltr' id='par_1_62' title="bbox 427 3751 1987 3825">
     <span class='ocr_line' id='line_1_62' title="bbox 427 3751 1987 3825; baseline -0.001 -17"><span class='ocrx_word' id='word_1_435' title='bbox 427 3751 624 3825; x_wconf 79' lang='lat' dir='ltr'><strong>quibus</strong></span> <span class='ocrx_word' id='word_1_436' title='bbox 653 3758 727 3808; x_wconf 89' lang='lat' dir='ltr'><strong>ita</strong></span> <span class='ocrx_word' id='word_1_437' title='bbox 767 3751 1072 3825; x_wconf 73' lang='lat' dir='ltr'><strong>scribitur;</strong></span> <span class='ocrx_word' id='word_1_438' title='bbox 1108 3751 1388 3808; x_wconf 75' lang='lat' dir='ltr'><strong>ﬂwcacta</strong></span> <span class='ocrx_word' id='word_1_439' title='bbox 1419 3765 1538 3825; x_wconf 69' lang='lat' dir='ltr'><strong>synt</strong></span> <span class='ocrx_word' id='word_1_440' title='bbox 1577 3751 1727 3807; x_wconf 78' lang='lat' dir='ltr'><strong>Julia</strong></span> <span class='ocrx_word' id='word_1_441' title='bbox 1765 3768 1987 3815; x_wconf 81' lang='lat' dir='ltr'><strong>procon-</strong></span> 
     </span>
    </p>
   </div>
   <div class='ocr_carea' id='block_1_63' title="bbox 425 3822 1985 3889">
    <p class='ocr_par' dir='ltr' id='par_1_63' title="bbox 425 3822 1985 3889">
     <span class='ocr_line' id='line_1_63' title="bbox 425 3822 1985 3889; baseline -0.001 -10"><span class='ocrx_word' id='word_1_442' title='bbox 425 3822 562 3888; x_wconf 73' lang='lat' dir='ltr'><strong>sule,</strong></span> <span class='ocrx_word' id='word_1_443' title='bbox 600 3835 721 3878; x_wconf 81' lang='lat' dir='ltr'><strong>ante</strong></span> <span class='ocrx_word' id='word_1_444' title='bbox 765 3840 818 3879; x_wconf 82' lang='lat' dir='ltr'><strong>tv</strong></span> <span class='ocrx_word' id='word_1_445' title='bbox 852 3824 983 3878; x_wconf 79' lang='lat' dir='ltr'><strong>ldus</strong></span> <span class='ocrx_word' id='word_1_446' title='bbox 1011 3824 1232 3878; x_wconf 79' lang='lat' dir='ltr'><strong>Martias</strong></span> <span class='ocrx_word' id='word_1_447' title='bbox 1266 3841 1407 3878; x_wconf 84' lang='lat' dir='ltr'><strong>more</strong></span> <span class='ocrx_word' id='word_1_448' title='bbox 1435 3822 1811 3889; x_wconf 81' lang='lat' dir='ltr'><strong>Romanorum,</strong></span> <span class='ocrx_word' id='word_1_449' title='bbox 1845 3825 1985 3878; x_wconf 79' lang='lat' dir='ltr'><strong>Asia:</strong></span> 
     </span>
    </p>
   </div>
   <div class='ocr_carea' id='block_1_64' title="bbox 426 3891 1982 3960">
    <p class='ocr_par' dir='ltr' id='par_1_64' title="bbox 426 3891 1982 3960">
     <span class='ocr_line' id='line_1_64' title="bbox 426 3891 1982 3960; baseline -0.001 -11"><span class='ocrx_word' id='word_1_450' title='bbox 426 3896 600 3949; x_wconf 67' lang='lat' dir='ltr'><strong>autem</strong></span> <span class='ocrx_word' id='word_1_451' title='bbox 644 3911 806 3958; x_wconf 84' lang='lat' dir='ltr'><strong>more,</strong></span> <span class='ocrx_word' id='word_1_452' title='bbox 852 3895 1060 3960; x_wconf 78' lang='lat' dir='ltr'><strong>septimi</strong></span> <span class='ocrx_word' id='word_1_453' title='bbox 1090 3896 1279 3947; x_wconf 85' lang='lat' dir='ltr'><strong>mensis</strong></span> <span class='ocrx_word' id='word_1_454' title='bbox 1325 3894 1618 3947; x_wconf 81' lang='lat' dir='ltr'><strong>undecimo.</strong></span> <span class='ocrx_word' id='word_1_455' title='bbox 1662 3891 1885 3947; x_wconf 83' lang='lat' dir='ltr'><strong>Rectius</strong></span> <span class='ocrx_word' id='word_1_456' title='bbox 1929 3895 1982 3947; x_wconf 88' lang='lat' dir='ltr'><strong>in</strong></span> 
     </span>
    </p>
   </div>
   <div class='ocr_carea' id='block_1_65' title="bbox 426 3961 1982 4033">
    <p class='ocr_par' dir='ltr' id='par_1_65' title="bbox 426 3961 1982 4033">
     <span class='ocr_line' id='line_1_65' title="bbox 426 3961 1982 4033; baseline -0.003 -12"><span class='ocrx_word' id='word_1_457' title='bbox 426 3963 685 4021; x_wconf 77' lang='lat' dir='ltr'><strong>Chronico</strong></span> <span class='ocrx_word' id='word_1_458' title='bbox 718 3964 1078 4019; x_wconf 72' lang='lat' dir='ltr'><strong>Alexandrino</strong></span> <span class='ocrx_word' id='word_1_459' title='bbox 1103 3964 1299 4033; x_wconf 82' lang='lat' dir='ltr'><strong>legitur</strong></span> <span class='ocrx_word' id='word_1_460' title='bbox 1330 3982 1344 4018; x_wconf 90' lang='lat'><strong>:</strong></span> <span class='ocrx_word' id='word_1_461' title='bbox 1382 3964 1410 4017; x_wconf 86' lang='grc' dir='ltr'>ὃ</span> <span class='ocrx_word' id='word_1_462' title='bbox 1434 3965 1553 4016; x_wconf 75' lang='grc' dir='ltr'>ἐστι</span> <span class='ocrx_word' id='word_1_463' title='bbox 1606 3961 1747 4016; x_wconf 85' lang='grc' dir='ltr'>κατά</span> <span class='ocrx_word' id='word_1_464' title='bbox 1798 3963 1982 4017; x_wconf 57' lang='grc' dir='ltr'>Ἀσιαι</span> 
     </span>
    </p>
   </div>
   <div class='ocr_carea' id='block_1_66' title="bbox 425 4034 1982 4107">
    <p class='ocr_par' dir='ltr' id='par_1_66' title="bbox 425 4034 1982 4107">
     <span class='ocr_line' id='line_1_66' title="bbox 425 4034 1982 4107; baseline 0 -19"><span class='ocrx_word' id='word_1_465' title='bbox 425 4037 548 4098; x_wconf 79' lang='grc' dir='ltr'>νοὺς</span> <span class='ocrx_word' id='word_1_466' title='bbox 573 4036 703 4107; x_wconf 75' lang='grc' dir='ltr'>μηνὶ</span> <span class='ocrx_word' id='word_1_467' title='bbox 731 4035 874 4104; x_wconf 70' lang='grc' dir='ltr'>ἕκτῳ</span> <span class='ocrx_word' id='word_1_468' title='bbox 906 4034 992 4105; x_wconf 77' lang='grc' dir='ltr'><strong>ιβ’.</strong></span> <span class='ocrx_word' id='word_1_469' title='bbox 1027 4034 1160 4107; x_wconf 79' lang='lat' dir='ltr'><strong>Cum</strong></span> <span class='ocrx_word' id='word_1_470' title='bbox 1193 4035 1357 4104; x_wconf 79' lang='lat' dir='ltr'><strong>igitur</strong></span> <span class='ocrx_word' id='word_1_471' title='bbox 1389 4034 1651 4107; x_wconf 77' lang='lat' dir='ltr'><strong>Smyrnaei</strong></span> <span class='ocrx_word' id='word_1_472' title='bbox 1680 4049 1792 4107; x_wconf 79' lang='lat' dir='ltr'><strong>non</strong></span> <span class='ocrx_word' id='word_1_473' title='bbox 1825 4035 1982 4107; x_wconf 80' lang='lat' dir='ltr'><strong>aliter</strong></span> 
     </span>
    </p>
   </div>
   <div class='ocr_carea' id='block_1_67' title="bbox 427 4103 1982 4173">
    <p class='ocr_par' dir='ltr' id='par_1_67' title="bbox 427 4103 1982 4173">
     <span class='ocr_line' id='line_1_67' title="bbox 427 4103 1982 4173; baseline 0.001 -16"><span class='ocrx_word' id='word_1_474' title='bbox 427 4103 645 4160; x_wconf 78' lang='lat' dir='ltr'><strong>menses</strong></span> <span class='ocrx_word' id='word_1_475' title='bbox 660 4120 787 4160; x_wconf 90' lang='lat' dir='ltr'><strong>suos</strong></span> <span class='ocrx_word' id='word_1_476' title='bbox 811 4103 1185 4173; x_wconf 79' lang='lat' dir='ltr'><strong>ordinaverint</strong></span> <span class='ocrx_word' id='word_1_477' title='bbox 1205 4103 1368 4173; x_wconf 86' lang='lat' dir='ltr'><strong>quam</strong></span> <span class='ocrx_word' id='word_1_478' title='bbox 1397 4104 1576 4158; x_wconf 79' lang='lat' dir='ltr'><strong>czeteri</strong></span> <span class='ocrx_word' id='word_1_479' title='bbox 1601 4103 1811 4168; x_wconf 89' lang='lat' dir='ltr'><strong>Asiani,</strong></span> <span class='ocrx_word' id='word_1_480' title='bbox 1838 4105 1982 4171; x_wconf 87' lang='lat' dir='ltr'><strong>apud</strong></span> 
     </span>
    </p>
   </div>
   <div class='ocr_carea' id='block_1_68' title="bbox 422 4172 1978 4231">
    <p class='ocr_par' dir='ltr' id='par_1_68' title="bbox 422 4172 1978 4231">
     <span class='ocr_line' id='line_1_68' title="bbox 422 4172 1978 4231; baseline -0.002 -2"><span class='ocrx_word' id='word_1_481' title='bbox 422 4176 653 4230; x_wconf 83' lang='lat' dir='ltr'><strong>Asianos</strong></span> <span class='ocrx_word' id='word_1_482' title='bbox 679 4190 806 4231; x_wconf 84' lang='lat' dir='ltr'><strong>vero</strong></span> <span class='ocrx_word' id='word_1_483' title='bbox 835 4177 1038 4229; x_wconf 90' lang='lat' dir='ltr'><strong>mensis</strong></span> <span class='ocrx_word' id='word_1_484' title='bbox 1062 4172 1315 4229; x_wconf 83' lang='lat' dir='ltr'><strong>Xanthici</strong></span> <span class='ocrx_word' id='word_1_485' title='bbox 1343 4175 1554 4227; x_wconf 79' lang='lat' dir='ltr'><strong>initium</strong></span> <span class='ocrx_word' id='word_1_486' title='bbox 1580 4173 1633 4226; x_wconf 91' lang='lat' dir='ltr'><strong>in</strong></span> <span class='ocrx_word' id='word_1_487' title='bbox 1660 4173 1978 4227; x_wconf 86' lang='lat' dir='ltr'><strong>vicesimum</strong></span> 
     </span>
    </p>
   </div>
   <div class='ocr_carea' id='block_1_69' title="bbox 426 4243 1980 4313">
    <p class='ocr_par' dir='ltr' id='par_1_69' title="bbox 426 4243 1980 4313">
     <span class='ocr_line' id='line_1_69' title="bbox 426 4243 1980 4313; baseline -0.001 -14"><span class='ocrx_word' id='word_1_488' title='bbox 426 4246 722 4308; x_wconf 87' lang='lat' dir='ltr'><strong>secundum</strong></span> <span class='ocrx_word' id='word_1_489' title='bbox 757 4246 1038 4300; x_wconf 87' lang='lat' dir='ltr'><strong>Februarii</strong></span> <span class='ocrx_word' id='word_1_490' title='bbox 1080 4245 1225 4298; x_wconf 89' lang='lat' dir='ltr'><strong>diem</strong></span> <span class='ocrx_word' id='word_1_491' title='bbox 1268 4244 1538 4307; x_wconf 88' lang='lat' dir='ltr'><strong>inciderit,</strong></span> <span class='ocrx_word' id='word_1_492' title='bbox 1583 4243 1724 4298; x_wconf 90' lang='lat' dir='ltr'><strong>idem</strong></span> <span class='ocrx_word' id='word_1_493' title='bbox 1766 4258 1980 4313; x_wconf 89' lang='lat' dir='ltr'><strong>quoque</strong></span> 
     </span>
    </p>
   </div>
   <div class='ocr_carea' id='block_1_70' title="bbox 426 4312 1977 4386">
    <p class='ocr_par' dir='ltr' id='par_1_70' title="bbox 426 4312 1977 4386">
     <span class='ocr_line' id='line_1_70' title="bbox 426 4312 1977 4386; baseline 0 -19"><span class='ocrx_word' id='word_1_494' title='bbox 426 4330 457 4367; x_wconf 90' lang='lat' dir='ltr'><strong>a</strong></span> <span class='ocrx_word' id='word_1_495' title='bbox 489 4316 781 4386; x_wconf 60' lang='lat' dir='ltr'><strong>Smyrnaeis</strong></span> <span class='ocrx_word' id='word_1_496' title='bbox 827 4317 1178 4370; x_wconf 83' lang='lat' dir='ltr'><strong>observatum</strong></span> <span class='ocrx_word' id='word_1_497' title='bbox 1221 4316 1294 4369; x_wconf 90' lang='lat' dir='ltr'><strong>sit</strong></span> <span class='ocrx_word' id='word_1_498' title='bbox 1326 4327 1547 4386; x_wconf 67' lang='lat' dir='ltr'><strong>necesse</strong></span> <span class='ocrx_word' id='word_1_499' title='bbox 1577 4323 1678 4386; x_wconf 76' lang='lat' dir='ltr'><strong>est.</strong></span> <span class='ocrx_word' id='word_1_500' title='bbox 1709 4312 1889 4378; x_wconf 78' lang='lat' dir='ltr'><strong>Quare</strong></span> <span class='ocrx_word' id='word_1_501' title='bbox 1921 4313 1977 4386; x_wconf 88' lang='lat' dir='ltr'><strong>in</strong></span> 
     </span>
    </p>
   </div>
   <div class='ocr_carea' id='block_1_71' title="bbox 424 4382 1973 4470">
    <p class='ocr_par' dir='ltr' id='par_1_71' title="bbox 424 4382 1973 4470">
     <span class='ocr_line' id='line_1_71' title="bbox 424 4382 1973 4470; baseline -0.001 -32"><span class='ocrx_word' id='word_1_502' title='bbox 424 4382 650 4470; x_wconf 72' lang='lat' dir='ltr'><strong>epistola</strong></span> <span class='ocrx_word' id='word_1_503' title='bbox 682 4383 1479 4470; x_wconf 44' lang='lat' dir='ltr'><strong>Smyr‘naeoru‘m&#39;de‘martyrio</strong></span> <span class='ocrx_word' id='word_1_504' title='bbox 1497 4382 1797 4470; x_wconf 73' lang='lat' dir='ltr'><strong>Polycarpi,</strong></span> <span class='ocrx_word' id='word_1_505' title='bbox 1832 4385 1973 4470; x_wconf 72' lang='lat' dir='ltr'><strong>scri-</strong></span> 
     </span>
    </p>
   </div>
   <div class='ocr_carea' id='block_1_72' title="bbox 2108 1820 3678 1897">
    <p class='ocr_par' dir='ltr' id='par_1_72' title="bbox 2108 1820 3678 1897">
     <span class='ocr_line' id='line_1_72' title="bbox 2108 1820 3678 1897; baseline -0.005 -15"><span class='ocrx_word' id='word_1_506' title='bbox 2108 1826 2406 1897; x_wconf 85' lang='lat' dir='ltr'><strong>phensibus</strong></span> <span class='ocrx_word' id='word_1_507' title='bbox 2431 1826 2573 1895; x_wconf 92' lang='lat' dir='ltr'><strong>apud</strong></span> <span class='ocrx_word' id='word_1_508' title='bbox 2604 1824 2896 1895; x_wconf 80' lang='lat' dir='ltr'><strong>Smyrnam</strong></span> <span class='ocrx_word' id='word_1_509' title='bbox 2943 1820 3207 1891; x_wconf 89' lang='lat' dir='ltr'><strong>martyrio</strong></span> <span class='ocrx_word' id='word_1_510' title='bbox 3240 1829 3325 1876; x_wconf 90' lang='lat' dir='ltr'><strong>est</strong></span> <span class='ocrx_word' id='word_1_511' title='bbox 3362 1828 3678 1875; x_wconf 88' lang='lat' dir='ltr'><strong>coronatus.</strong></span> 
     </span>
    </p>
   </div>
   <div class='ocr_carea' id='block_1_73' title="bbox 2113 1909 3682 1984">
    <p class='ocr_par' dir='ltr' id='par_1_73' title="bbox 2113 1909 3682 1984">
     <span class='ocr_line' id='line_1_73' title="bbox 2113 1909 3682 1984; baseline -0.004 -13"><span class='ocrx_word' id='word_1_512' title='bbox 2113 1916 2217 1984; x_wconf 85' lang='lat' dir='ltr'><strong>Qui</strong></span> <span class='ocrx_word' id='word_1_513' title='bbox 2261 1925 2438 1970; x_wconf 83' lang='lat' dir='ltr'><strong>tamen</strong></span> <span class='ocrx_word' id='word_1_514' title='bbox 2484 1915 2631 1971; x_wconf 91' lang='lat' dir='ltr'><strong>solus</strong></span> <span class='ocrx_word' id='word_1_515' title='bbox 2672 1913 2912 1969; x_wconf 90' lang='lat' dir='ltr'><strong>omnium</strong></span> <span class='ocrx_word' id='word_1_516' title='bbox 2961 1913 3240 1967; x_wconf 85' lang='lat' dir='ltr'><strong>hominum</strong></span> <span class='ocrx_word' id='word_1_517' title='bbox 3290 1909 3554 1971; x_wconf 81' lang='lat' dir='ltr'><strong>memoria</strong></span> <span class='ocrx_word' id='word_1_518' title='bbox 3617 1925 3682 1964; x_wconf 91' lang='lat' dir='ltr'><strong>ac</strong></span> 
     </span>
    </p>
   </div>
   <div class='ocr_carea' id='block_1_74' title="bbox 2111 2001 3763 2076">
    <p class='ocr_par' dir='ltr' id='par_1_74' title="bbox 2111 2001 3763 2076">
     <span class='ocr_line' id='line_1_74' title="bbox 2111 2001 3763 2076; baseline -0.001 -14"><span class='ocrx_word' id='word_1_519' title='bbox 2111 2006 2253 2062; x_wconf 72' lang='lat' dir='ltr'><strong>fama</strong></span> <span class='ocrx_word' id='word_1_520' title='bbox 2279 2005 2549 2076; x_wconf 69' lang='lat' dir='ltr'><strong>praecipue</strong></span> <span class='ocrx_word' id='word_1_521' title='bbox 2595 2003 2927 2068; x_wconf 87' lang='lat' dir='ltr'><strong>celebratur,</strong></span> <span class='ocrx_word' id='word_1_522' title='bbox 2988 2003 3123 2057; x_wconf 91' lang='lat' dir='ltr'><strong>adeo</strong></span> <span class='ocrx_word' id='word_1_523' title='bbox 3165 2010 3225 2056; x_wconf 92' lang='lat' dir='ltr'><strong>ut</strong></span> <span class='ocrx_word' id='word_1_524' title='bbox 3274 2016 3473 2058; x_wconf 90' lang='lat' dir='ltr'><strong>nomen</strong></span> <span class='ocrx_word' id='word_1_525' title='bbox 3513 2001 3684 2070; x_wconf 76' lang='lat' dir='ltr'><strong>ipsius</strong></span> <span class='ocrx_word' id='word_1_526' title='bbox 3760 2034 3763 2039; x_wconf 60' lang='grc' dir='ltr'><strong>ν</strong></span> 
     </span>
    </p>
   </div>
   <div class='ocr_carea' id='block_1_75' title="bbox 2107 2094 3680 2167">
    <p class='ocr_par' dir='ltr' id='par_1_75' title="bbox 2107 2094 3680 2167">
     <span class='ocr_line' id='line_1_75' title="bbox 2107 2094 3680 2167; baseline -0.004 -13"><span class='ocrx_word' id='word_1_527' title='bbox 2107 2100 2312 2167; x_wconf 75' lang='lat' dir='ltr'><strong>ubique</strong></span> <span class='ocrx_word' id='word_1_528' title='bbox 2341 2107 2607 2152; x_wconf 89' lang='lat' dir='ltr'><strong>terrarum</strong></span> <span class='ocrx_word' id='word_1_529' title='bbox 2635 2095 2798 2150; x_wconf 91' lang='lat' dir='ltr'><strong>etiam</strong></span> <span class='ocrx_word' id='word_1_530' title='bbox 2824 2108 2856 2150; x_wconf 91' lang='lat' dir='ltr'><strong>a</strong></span> <span class='ocrx_word' id='word_1_531' title='bbox 2882 2094 3171 2166; x_wconf 80' lang='lat' dir='ltr'><strong>gentilibus</strong></span> <span class='ocrx_word' id='word_1_532' title='bbox 3196 2106 3680 2150; x_wconf 86' lang='lat' dir='ltr'><strong>commemoretur.</strong></span> 
     </span>
    </p>
   </div>
   <div class='ocr_carea' id='block_1_76' title="bbox 2105 2208 3679 2283">
    <p class='ocr_par' dir='ltr' id='par_1_76' title="bbox 2105 2208 3679 2283">
     <span class='ocr_line' id='line_1_76' title="bbox 2105 2208 3679 2283; baseline -0.002 -12"><span class='ocrx_word' id='word_1_533' title='bbox 2105 2215 2382 2271; x_wconf 81' lang='lat' dir='ltr'><strong>Kalendas</strong></span> <span class='ocrx_word' id='word_1_534' title='bbox 2414 2213 2661 2278; x_wconf 82' lang='lat' dir='ltr'><strong>Martias,</strong></span> <span class='ocrx_word' id='word_1_535' title='bbox 2686 2220 2909 2283; x_wconf 85' lang='lat' dir='ltr'><strong>praestat</strong></span> <span class='ocrx_word' id='word_1_536' title='bbox 2938 2225 3057 2283; x_wconf 65' lang='lat' dir='ltr'><strong>meo</strong></span> <span class='ocrx_word' id='word_1_537' title='bbox 3086 2210 3310 2283; x_wconf 86' lang='lat' dir='ltr'><strong>quidem</strong></span> <span class='ocrx_word' id='word_1_538' title='bbox 3330 2208 3537 2283; x_wconf 68' lang='lat' dir='ltr'><strong>judicio</strong></span> <span class='ocrx_word' id='word_1_539' title='bbox 3557 2227 3679 2268; x_wconf 82' lang='lat' dir='ltr'><strong>eam</strong></span> 
     </span>
    </p>
   </div>
   <div class='ocr_carea' id='block_1_77' title="bbox 2106 2278 3679 2351">
    <p class='ocr_par' dir='ltr' id='par_1_77' title="bbox 2106 2278 3679 2351">
     <span class='ocr_line' id='line_1_77' title="bbox 2106 2278 3679 2351; baseline -0.002 -11"><span class='ocrx_word' id='word_1_540' title='bbox 2106 2286 2433 2341; x_wconf 89' lang='lat' dir='ltr'><strong>sententiam</strong></span> <span class='ocrx_word' id='word_1_541' title='bbox 2477 2284 2639 2347; x_wconf 91' lang='lat' dir='ltr'><strong>tueri,</strong></span> <span class='ocrx_word' id='word_1_542' title='bbox 2670 2278 2790 2350; x_wconf 72' lang='lat' dir='ltr'><strong>quae</strong></span> <span class='ocrx_word' id='word_1_543' title='bbox 2830 2292 2943 2336; x_wconf 93' lang='lat' dir='ltr'><strong>tum</strong></span> <span class='ocrx_word' id='word_1_544' title='bbox 2995 2278 3345 2351; x_wconf 72' lang='lat' dir='ltr'><strong>Smyrnensis</strong></span> <span class='ocrx_word' id='word_1_545' title='bbox 3396 2279 3679 2348; x_wconf 72' lang='lat' dir='ltr'><strong>Ecclesiae,</strong></span> 
     </span>
    </p>
   </div>
   <div class='ocr_carea' id='block_1_78' title="bbox 2105 2351 3677 2419">
    <p class='ocr_par' dir='ltr' id='par_1_78' title="bbox 2105 2351 3677 2419">
     <span class='ocr_line' id='line_1_78' title="bbox 2105 2351 3677 2419; baseline -0.003 -9"><span class='ocrx_word' id='word_1_546' title='bbox 2105 2364 2217 2410; x_wconf 92' lang='lat' dir='ltr'><strong>tum</strong></span> <span class='ocrx_word' id='word_1_547' title='bbox 2243 2356 2484 2410; x_wconf 91' lang='lat' dir='ltr'><strong>omnium</strong></span> <span class='ocrx_word' id='word_1_548' title='bbox 2513 2351 2869 2409; x_wconf 87' lang='lat' dir='ltr'><strong>Orientalium</strong></span> <span class='ocrx_word' id='word_1_549' title='bbox 2898 2351 3095 2407; x_wconf 88' lang='lat' dir='ltr'><strong>tabulis</strong></span> <span class='ocrx_word' id='word_1_550' title='bbox 3116 2351 3493 2414; x_wconf 83' lang='lat' dir='ltr'><strong>conﬁrmatur,</strong></span> <span class='ocrx_word' id='word_1_551' title='bbox 3514 2368 3677 2419; x_wconf 83' lang='lat' dir='ltr'><strong>quant</strong></span> 
     </span>
    </p>
   </div>
   <div class='ocr_carea' id='block_1_79' title="bbox 2104 2419 3678 2493">
    <p class='ocr_par' dir='ltr' id='par_1_79' title="bbox 2104 2419 3678 2493">
     <span class='ocr_line' id='line_1_79' title="bbox 2104 2419 3678 2493; baseline -0.003 -12"><span class='ocrx_word' id='word_1_552' title='bbox 2104 2426 2328 2481; x_wconf 86' lang='lat' dir='ltr'><strong>incertis</strong></span> <span class='ocrx_word' id='word_1_553' title='bbox 2351 2425 2419 2478; x_wconf 89' lang='lat' dir='ltr'><strong>de</strong></span> <span class='ocrx_word' id='word_1_554' title='bbox 2446 2438 2643 2493; x_wconf 80' lang='lat' dir='ltr'><strong>magno</strong></span> <span class='ocrx_word' id='word_1_555' title='bbox 2667 2422 2904 2493; x_wconf 86' lang='lat' dir='ltr'><strong>Sabbato</strong></span> <span class='ocrx_word' id='word_1_556' title='bbox 2923 2420 3253 2493; x_wconf 65' lang='lat' dir='ltr'><strong>coniecturis</strong></span> <span class='ocrx_word' id='word_1_557' title='bbox 3283 2419 3678 2493; x_wconf 64' lang='lat' dir='ltr'><strong>etJudaaorum</strong></span> 
     </span>
    </p>
   </div>
   <div class='ocr_carea' id='block_1_80' title="bbox 2107 2491 3673 2560">
    <p class='ocr_par' dir='ltr' id='par_1_80' title="bbox 2107 2491 3673 2560">
     <span class='ocr_line' id='line_1_80' title="bbox 2107 2491 3673 2560; baseline -0.002 -12"><span class='ocrx_word' id='word_1_558' title='bbox 2107 2495 2492 2550; x_wconf 79' lang='lat' dir='ltr'><strong>traditionibus</strong></span> <span class='ocrx_word' id='word_1_559' title='bbox 2546 2491 2738 2548; x_wconf 76' lang='lat' dir='ltr'><strong>inniti.</strong></span> <span class='ocrx_word' id='word_1_560' title='bbox 2789 2491 2973 2560; x_wconf 83' lang='lat' dir='ltr'><strong>Neque</strong></span> <span class='ocrx_word' id='word_1_561' title='bbox 3022 2492 3169 2546; x_wconf 89' lang='lat' dir='ltr'><strong>enim</strong></span> <span class='ocrx_word' id='word_1_562' title='bbox 3232 2491 3517 2558; x_wconf 89' lang='lat' dir='ltr'><strong>probabile</strong></span> <span class='ocrx_word' id='word_1_563' title='bbox 3566 2502 3673 2557; x_wconf 85' lang='lat' dir='ltr'><strong>est,</strong></span> 
     </span>
    </p>
   </div>
   <div class='ocr_carea' id='block_1_81' title="bbox 2105 2560 3680 2638">
    <p class='ocr_par' dir='ltr' id='par_1_81' title="bbox 2105 2560 3680 2638">
     <span class='ocr_line' id='line_1_81' title="bbox 2105 2560 3680 2638; baseline -0.004 -17"><span class='ocrx_word' id='word_1_564' title='bbox 2105 2565 2419 2638; x_wconf 75' lang='lat' dir='ltr'><strong>Smyrnzeos</strong></span> <span class='ocrx_word' id='word_1_565' title='bbox 2444 2564 2585 2638; x_wconf 84' lang='lat' dir='ltr'><strong>diem</strong></span> <span class='ocrx_word' id='word_1_566' title='bbox 2616 2578 2724 2633; x_wconf 92' lang='lat' dir='ltr'><strong>quo</strong></span> <span class='ocrx_word' id='word_1_567' title='bbox 2745 2577 2943 2638; x_wconf 80' lang='lat' dir='ltr'><strong>passus</strong></span> <span class='ocrx_word' id='word_1_568' title='bbox 2964 2562 3127 2638; x_wconf 84' lang='lat' dir='ltr'><strong>cst__B.</strong></span> <span class='ocrx_word' id='word_1_569' title='bbox 3152 2560 3489 2631; x_wconf 85' lang='lat' dir='ltr'><strong>Polycarpus</strong></span> <span class='ocrx_word' id='word_1_570' title='bbox 3530 2560 3680 2631; x_wconf 78' lang='lat' dir='ltr'><strong>igno-</strong></span> 
     </span>
    </p>
   </div>
   <div class='ocr_carea' id='block_1_82' title="bbox 2100 2633 3674 2700">
    <p class='ocr_par' dir='ltr' id='par_1_82' title="bbox 2100 2633 3674 2700">
     <span class='ocr_line' id='line_1_82' title="bbox 2100 2633 3674 2700; baseline -0.001 -12"><span class='ocrx_word' id='word_1_571' title='bbox 2100 2633 2286 2699; x_wconf 74' lang='lat' dir='ltr'><strong>rasse;</strong></span> <span class='ocrx_word' id='word_1_572' title='bbox 2313 2644 2405 2688; x_wconf 88' lang='lat' dir='ltr'><strong>aut</strong></span> <span class='ocrx_word' id='word_1_573' title='bbox 2438 2634 2676 2688; x_wconf 86' lang='lat' dir='ltr'><strong>natalem</strong></span> <span class='ocrx_word' id='word_1_574' title='bbox 2709 2634 2828 2700; x_wconf 86' lang='lat' dir='ltr'><strong>ejus</strong></span> <span class='ocrx_word' id='word_1_575' title='bbox 2867 2633 2976 2688; x_wconf 89' lang='lat' dir='ltr'><strong>alio</strong></span> <span class='ocrx_word' id='word_1_576' title='bbox 3021 2633 3111 2686; x_wconf 91' lang='lat' dir='ltr'><strong>die</strong></span> <span class='ocrx_word' id='word_1_577' title='bbox 3147 2646 3308 2700; x_wconf 86' lang='lat' dir='ltr'><strong>quam</strong></span> <span class='ocrx_word' id='word_1_578' title='bbox 3335 2645 3444 2699; x_wconf 88' lang='lat' dir='ltr'><strong>quo</strong></span> <span class='ocrx_word' id='word_1_579' title='bbox 3474 2646 3674 2700; x_wconf 89' lang='lat' dir='ltr'><strong>passus</strong></span> 
     </span>
    </p>
   </div>
   <div class='ocr_carea' id='block_1_83' title="bbox 2100 2701 3678 2772">
    <p class='ocr_par' dir='ltr' id='par_1_83' title="bbox 2100 2701 3678 2772">
     <span class='ocr_line' id='line_1_83' title="bbox 2100 2701 3678 2772; baseline -0.001 -13"><span class='ocrx_word' id='word_1_580' title='bbox 2100 2705 2297 2769; x_wconf 77' lang='lat' dir='ltr'><strong>fuerat,</strong></span> <span class='ocrx_word' id='word_1_581' title='bbox 2330 2704 2660 2768; x_wconf 80' lang='lat' dir='ltr'><strong>celebrasse,</strong></span> <span class='ocrx_word' id='word_1_582' title='bbox 2698 2703 2999 2771; x_wconf 70' lang='lat' dir='ltr'><strong>praesertim</strong></span> <span class='ocrx_word' id='word_1_583' title='bbox 3031 2718 3154 2757; x_wconf 82' lang='lat' dir='ltr'><strong>cura</strong></span> <span class='ocrx_word' id='word_1_584' title='bbox 3189 2701 3451 2772; x_wconf 60' lang='grc' dir='ltr'>διηγηιωί</span> <span class='ocrx_word' id='word_1_585' title='bbox 3493 2704 3544 2755; x_wconf 93' lang='lat' dir='ltr'><strong>in</strong></span> <span class='ocrx_word' id='word_1_586' title='bbox 3576 2703 3678 2758; x_wconf 88' lang='lat' dir='ltr'><strong>hac</strong></span> 
     </span>
    </p>
   </div>
   <div class='ocr_carea' id='block_1_84' title="bbox 2100 2771 3674 2844">
    <p class='ocr_par' dir='ltr' id='par_1_84' title="bbox 2100 2771 3674 2844">
     <span class='ocr_line' id='line_1_84' title="bbox 2100 2771 3674 2844; baseline -0.003 -14"><span class='ocrx_word' id='word_1_587' title='bbox 2100 2777 2216 2844; x_wconf 90' lang='lat' dir='ltr'><strong>ipsa</strong></span> <span class='ocrx_word' id='word_1_588' title='bbox 2239 2775 2305 2828; x_wconf 89' lang='lat' dir='ltr'><strong>ad</strong></span> <span class='ocrx_word' id='word_1_589' title='bbox 2334 2774 2785 2844; x_wconf 82' lang='lat' dir='ltr'><strong>Philomelienses</strong></span> <span class='ocrx_word' id='word_1_590' title='bbox 2807 2772 3037 2844; x_wconf 75' lang='lat' dir='ltr'><strong>epistola</strong></span> <span class='ocrx_word' id='word_1_591' title='bbox 3066 2773 3271 2844; x_wconf 76' lang='lat' dir='ltr'><strong>diserte</strong></span> <span class='ocrx_word' id='word_1_592' title='bbox 3290 2771 3674 2842; x_wconf 83' lang='lat' dir='ltr'><strong>polliceantur,</strong></span> 
     </span>
    </p>
   </div>
   <div class='ocr_carea' id='block_1_85' title="bbox 2099 2842 3675 2914">
    <p class='ocr_par' dir='ltr' id='par_1_85' title="bbox 2099 2842 3675 2914">
     <span class='ocr_line' id='line_1_85' title="bbox 2099 2842 3675 2914; baseline -0.003 -13"><span class='ocrx_word' id='word_1_593' title='bbox 2099 2842 2159 2902; x_wconf 82' lang='lat' dir='ltr'><strong>se</strong></span> <span class='ocrx_word' id='word_1_594' title='bbox 2189 2845 2481 2914; x_wconf 87' lang='lat' dir='ltr'><strong>quotannis</strong></span> <span class='ocrx_word' id='word_1_595' title='bbox 2518 2843 2660 2898; x_wconf 91' lang='lat' dir='ltr'><strong>diem</strong></span> <span class='ocrx_word' id='word_1_596' title='bbox 2697 2842 2818 2911; x_wconf 91' lang='lat' dir='ltr'><strong>ejus</strong></span> <span class='ocrx_word' id='word_1_597' title='bbox 2850 2842 3084 2914; x_wconf 82' lang='lat' dir='ltr'><strong>natalem</strong></span> <span class='ocrx_word' id='word_1_598' title='bbox 3116 2842 3204 2913; x_wconf 90' lang='lat' dir='ltr'><strong>pie</strong></span> <span class='ocrx_word' id='word_1_599' title='bbox 3230 2852 3527 2914; x_wconf 62' lang='lat' dir='ltr'><strong>sancteque</strong></span> <span class='ocrx_word' id='word_1_600' title='bbox 3554 2857 3675 2898; x_wconf 85' lang='lat' dir='ltr'><strong>esse</strong></span> 
     </span>
    </p>
   </div>
   <div class='ocr_carea' id='block_1_86' title="bbox 2100 2912 3675 2984">
    <p class='ocr_par' dir='ltr' id='par_1_86' title="bbox 2100 2912 3675 2984">
     <span class='ocr_line' id='line_1_86' title="bbox 2100 2912 3675 2984; baseline -0.003 -14"><span class='ocrx_word' id='word_1_601' title='bbox 2100 2912 2498 2970; x_wconf 79' lang='lat' dir='ltr'><strong>celebraturos.</strong></span> <span class='ocrx_word' id='word_1_602' title='bbox 2532 2914 2713 2979; x_wconf 90' lang='lat' dir='ltr'><strong>Quare</strong></span> <span class='ocrx_word' id='word_1_603' title='bbox 2757 2927 2878 2984; x_wconf 81' lang='lat' dir='ltr'><strong>cum</strong></span> <span class='ocrx_word' id='word_1_604' title='bbox 2912 2913 3073 2984; x_wconf 86' lang='lat' dir='ltr'><strong>paulo</strong></span> <span class='ocrx_word' id='word_1_605' title='bbox 3109 2922 3235 2984; x_wconf 85' lang='lat' dir='ltr'><strong>ante</strong></span> <span class='ocrx_word' id='word_1_606' title='bbox 3264 2912 3437 2966; x_wconf 86' lang='lat' dir='ltr'><strong>Pionii</strong></span> <span class='ocrx_word' id='word_1_607' title='bbox 3468 2924 3675 2984; x_wconf 86' lang='lat' dir='ltr'><strong>marty-</strong></span> 
     </span>
    </p>
   </div>
   <div class='ocr_carea' id='block_1_87' title="bbox 2100 2982 3671 3054">
    <p class='ocr_par' dir='ltr' id='par_1_87' title="bbox 2100 2982 3671 3054">
     <span class='ocr_line' id='line_1_87' title="bbox 2100 2982 3671 3054; baseline 0 -17"><span class='ocrx_word' id='word_1_608' title='bbox 2100 2987 2262 3051; x_wconf 89' lang='lat' dir='ltr'><strong>rium,</strong></span> <span class='ocrx_word' id='word_1_609' title='bbox 2305 2986 2611 3054; x_wconf 84' lang='lat' dir='ltr'><strong>principatu</strong></span> <span class='ocrx_word' id='word_1_610' title='bbox 2661 2982 2806 3037; x_wconf 90' lang='lat' dir='ltr'><strong>Decii</strong></span> <span class='ocrx_word' id='word_1_611' title='bbox 2840 2982 3101 3054; x_wconf 57' lang='lat' dir='ltr'><strong>Augusti,</strong></span> <span class='ocrx_word' id='word_1_612' title='bbox 3146 2983 3204 3054; x_wconf 81' lang='lat' dir='ltr'><strong>id</strong></span> <span class='ocrx_word' id='word_1_613' title='bbox 3243 2992 3348 3047; x_wconf 89' lang='lat' dir='ltr'><strong>est,</strong></span> <span class='ocrx_word' id='word_1_614' title='bbox 3392 2982 3671 3054; x_wconf 79' lang='lat' dir='ltr'><strong>octoginta</strong></span> 
     </span>
    </p>
   </div>
   <div class='ocr_carea' id='block_1_88' title="bbox 2096 3051 3675 3124">
    <p class='ocr_par' dir='ltr' id='par_1_88' title="bbox 2096 3051 3675 3124">
     <span class='ocr_line' id='line_1_88' title="bbox 2096 3051 3675 3124; baseline -0.001 -16"><span class='ocrx_word' id='word_1_615' title='bbox 2096 3051 2318 3110; x_wconf 76' lang='lat' dir='ltr'><strong>circiter</strong></span> <span class='ocrx_word' id='word_1_616' title='bbox 2338 3051 2496 3108; x_wconf 84' lang='lat' dir='ltr'><strong>annis</strong></span> <span class='ocrx_word' id='word_1_617' title='bbox 2517 3054 2816 3124; x_wconf 80' lang='lat' dir='ltr'><strong>a_passione</strong></span> <span class='ocrx_word' id='word_1_618' title='bbox 2839 3051 3229 3124; x_wconf 11' lang='lat' dir='ltr'><strong>B.‘Polycarpi,</strong></span> <span class='ocrx_word' id='word_1_619' title='bbox 3250 3059 3458 3124; x_wconf 70' lang='lat' dir='ltr'><strong>constet</strong></span> <span class='ocrx_word' id='word_1_620' title='bbox 3483 3051 3675 3124; x_wconf 83' lang='lat' dir='ltr'><strong>Smyr-</strong></span> 
     </span>
    </p>
   </div>
   <div class='ocr_carea' id='block_1_89' title="bbox 2020 3110 3670 3193">
    <p class='ocr_par' dir='ltr' id='par_1_89' title="bbox 2020 3110 3670 3193">
     <span class='ocr_line' id='line_1_89' title="bbox 2020 3110 3670 3193; baseline -0.001 -14"><span class='ocrx_word' id='word_1_621' title='bbox 2020 3110 2065 3172; x_wconf 72' lang='grc' dir='ltr'>Ο</span> <span class='ocrx_word' id='word_1_622' title='bbox 2097 3140 2242 3179; x_wconf 65' lang='lat' dir='ltr'><strong>nanos</strong></span> <span class='ocrx_word' id='word_1_623' title='bbox 2265 3124 2504 3193; x_wconf 84' lang='lat' dir='ltr'><strong>natalem</strong></span> <span class='ocrx_word' id='word_1_624' title='bbox 2539 3110 2601 3175; x_wconf 70' lang='grc' dir='ltr'><strong>Β.</strong></span> <span class='ocrx_word' id='word_1_625' title='bbox 2638 3122 2916 3193; x_wconf 85' lang='lat' dir='ltr'><strong>Polycarpi</strong></span> <span class='ocrx_word' id='word_1_626' title='bbox 2944 3110 3249 3193; x_wconf 61' lang='lat' dir='ltr'><strong>eelébra&#39;sse</strong></span> <span class='ocrx_word' id='word_1_627' title='bbox 3295 3137 3369 3175; x_wconf 82' lang='lat' dir='ltr'><strong>vn</strong></span> <span class='ocrx_word' id='word_1_628' title='bbox 3398 3110 3670 3177; x_wconf 74' lang='lat' dir='ltr'><strong>Kalendas</strong></span> 
     </span>
    </p>
   </div>
   <div class='ocr_carea' id='block_1_90' title="bbox 2088 3191 3675 3262">
    <p class='ocr_par' dir='ltr' id='par_1_90' title="bbox 2088 3191 3675 3262">
     <span class='ocr_line' id='line_1_90' title="bbox 2088 3191 3675 3262; baseline -0.001 -15"><span class='ocrx_word' id='word_1_629' title='bbox 2088 3194 2336 3255; x_wconf 82' lang='lat' dir='ltr'><strong>Martias,</strong></span> <span class='ocrx_word' id='word_1_630' title='bbox 2362 3192 2512 3247; x_wconf 83' lang='lat' dir='ltr'><strong>nefas</strong></span> <span class='ocrx_word' id='word_1_631' title='bbox 2532 3191 2788 3262; x_wconf 80' lang='lat' dir='ltr'><strong>jam_esse</strong></span> <span class='ocrx_word' id='word_1_632' title='bbox 2810 3192 3066 3262; x_wconf 66' lang='lat' dir='ltr'><strong>existimo</strong></span> <span class='ocrx_word' id='word_1_633' title='bbox 3083 3195 3148 3244; x_wconf 80' lang='lat' dir='ltr'><strong>de</strong></span> <span class='ocrx_word' id='word_1_634' title='bbox 3160 3191 3248 3244; x_wconf 91' lang='lat' dir='ltr'><strong>die</strong></span> <span class='ocrx_word' id='word_1_635' title='bbox 3270 3192 3540 3262; x_wconf 87' lang='lat' dir='ltr'><strong>passionis</strong></span> <span class='ocrx_word' id='word_1_636' title='bbox 3556 3194 3675 3261; x_wconf 90' lang='lat' dir='ltr'><strong>ejns</strong></span> 
     </span>
    </p>
   </div>
   <div class='ocr_carea' id='block_1_91' title="bbox 2092 3258 3676 3333">
    <p class='ocr_par' dir='ltr' id='par_1_91' title="bbox 2092 3258 3676 3333">
     <span class='ocr_line' id='line_1_91' title="bbox 2092 3258 3676 3333; baseline -0.001 -17"><span class='ocrx_word' id='word_1_637' title='bbox 2092 3264 2325 3333; x_wconf 87' lang='lat' dir='ltr'><strong>amplius</strong></span> <span class='ocrx_word' id='word_1_638' title='bbox 2351 3258 2631 3333; x_wconf 78' lang='lat' dir='ltr'><strong>dubitare.</strong></span> <span class='ocrx_word' id='word_1_639' title='bbox 2642 3260 2953 3333; x_wconf 68' lang='lat' dir='ltr'><strong>Siculorum</strong></span> <span class='ocrx_word' id='word_1_640' title='bbox 2966 3258 3252 3333; x_wconf 63' lang='lat' dir='ltr'><strong>Fastorum</strong></span> <span class='ocrx_word' id='word_1_641' title='bbox 3269 3258 3482 3333; x_wconf 70' lang='lat' dir='ltr'><strong>auctor,</strong></span> <span class='ocrx_word' id='word_1_642' title='bbox 3498 3258 3676 3332; x_wconf 75' lang='lat' dir='ltr'><strong>inquit:</strong></span> 
     </span>
    </p>
   </div>
   <div class='ocr_carea' id='block_1_92' title="bbox 2095 3328 3670 3401">
    <p class='ocr_par' dir='ltr' id='par_1_92' title="bbox 2095 3328 3670 3401">
     <span class='ocr_line' id='line_1_92' title="bbox 2095 3328 3670 3401; baseline -0.001 -14"><span class='ocrx_word' id='word_1_643' title='bbox 2095 3328 2367 3397; x_wconf 72' lang='lat' dir='ltr'><strong>Usserius,</strong></span> <span class='ocrx_word' id='word_1_644' title='bbox 2400 3347 2496 3400; x_wconf 89' lang='lat' dir='ltr'><strong>pro</strong></span> <span class='ocrx_word' id='word_1_645' title='bbox 2523 3332 2717 3385; x_wconf 83' lang='grc' dir='ltr'>Μαῖων</span> <span class='ocrx_word' id='word_1_646' title='bbox 2747 3328 3259 3401; x_wconf 38' lang='grc' dir='ltr'>Ιεείι-ζΑπριλλίων.</span> <span class='ocrx_word' id='word_1_647' title='bbox 3298 3329 3490 3384; x_wconf 89' lang='lat' dir='ltr'><strong>Verum</strong></span> <span class='ocrx_word' id='word_1_648' title='bbox 3517 3328 3670 3385; x_wconf 79' lang='lat' dir='ltr'><strong>enim</strong></span> 
     </span>
    </p>
   </div>
   <div class='ocr_carea' id='block_1_93' title="bbox 2089 3398 3669 3473">
    <p class='ocr_par' dir='ltr' id='par_1_93' title="bbox 2089 3398 3669 3473">
     <span class='ocr_line' id='line_1_93' title="bbox 2089 3398 3669 3473; baseline 0 -17"><span class='ocrx_word' id='word_1_649' title='bbox 2089 3403 2374 3473; x_wconf 81' lang='lat' dir='ltr'><strong>Polycarpi</strong></span> <span class='ocrx_word' id='word_1_650' title='bbox 2402 3398 2651 3456; x_wconf 79' lang='lat' dir='ltr'><strong>natalem</strong></span> <span class='ocrx_word' id='word_1_651' title='bbox 2688 3402 2740 3454; x_wconf 91' lang='lat' dir='ltr'><strong>in</strong></span> <span class='ocrx_word' id='word_1_652' title='bbox 2777 3400 2847 3454; x_wconf 69' lang='lat'><strong>26</strong></span> <span class='ocrx_word' id='word_1_653' title='bbox 2882 3398 3069 3473; x_wconf 64' lang='lat' dir='ltr'><strong>Martii</strong></span> <span class='ocrx_word' id='word_1_654' title='bbox 3097 3414 3218 3473; x_wconf 81' lang='lat' dir='ltr'><strong>esse</strong></span> <span class='ocrx_word' id='word_1_655' title='bbox 3235 3401 3669 3473; x_wconf 4' lang='lat' dir='ltr'><strong>statuendumpet</strong></span> 
     </span>
    </p>
   </div>
   <div class='ocr_carea' id='block_1_94' title="bbox 2089 3469 3670 3538">
    <p class='ocr_par' dir='ltr' id='par_1_94' title="bbox 2089 3469 3670 3538">
     <span class='ocr_line' id='line_1_94' title="bbox 2089 3469 3670 3538; baseline -0.003 -11"><span class='ocrx_word' id='word_1_656' title='bbox 2089 3469 2279 3527; x_wconf 77' lang='lat' dir='ltr'><strong>Asiani</strong></span> <span class='ocrx_word' id='word_1_657' title='bbox 2316 3469 2441 3526; x_wconf 81' lang='lat' dir='ltr'><strong>anni</strong></span> <span class='ocrx_word' id='word_1_658' title='bbox 2477 3473 2614 3525; x_wconf 89' lang='lat' dir='ltr'><strong>ratio</strong></span> <span class='ocrx_word' id='word_1_659' title='bbox 2639 3480 2694 3524; x_wconf 82' lang='lat' dir='ltr'><strong>et</strong></span> <span class='ocrx_word' id='word_1_660' title='bbox 2722 3470 2898 3538; x_wconf 79' lang='lat' dir='ltr'><strong>magni</strong></span> <span class='ocrx_word' id='word_1_661' title='bbox 2945 3469 3168 3523; x_wconf 86' lang='lat' dir='ltr'><strong>Sabbati</strong></span> <span class='ocrx_word' id='word_1_662' title='bbox 3200 3469 3488 3524; x_wconf 85' lang='lat' dir='ltr'><strong>character</strong></span> <span class='ocrx_word' id='word_1_663' title='bbox 3516 3471 3670 3524; x_wconf 86' lang='lat' dir='ltr'><strong>evin-</strong></span> 
     </span>
    </p>
   </div>
   <div class='ocr_carea' id='block_1_95' title="bbox 2088 3538 3670 3609">
    <p class='ocr_par' dir='ltr' id='par_1_95' title="bbox 2088 3538 3670 3609">
     <span class='ocr_line' id='line_1_95' title="bbox 2088 3538 3670 3609; baseline 0 -14"><span class='ocrx_word' id='word_1_664' title='bbox 2088 3544 2184 3604; x_wconf 89' lang='lat' dir='ltr'><strong>cit,</strong></span> <span class='ocrx_word' id='word_1_665' title='bbox 2217 3543 2343 3595; x_wconf 87' lang='lat' dir='ltr'><strong>Iicet</strong></span> <span class='ocrx_word' id='word_1_666' title='bbox 2401 3543 2544 3609; x_wconf 88' lang='lat' dir='ltr'><strong>apud</strong></span> <span class='ocrx_word' id='word_1_667' title='bbox 2608 3539 2834 3609; x_wconf 84' lang='lat' dir='ltr'><strong>Latinos</strong></span> <span class='ocrx_word' id='word_1_668' title='bbox 2900 3539 2971 3593; x_wconf 79' lang='grc'><strong>26</strong></span> <span class='ocrx_word' id='word_1_669' title='bbox 3020 3539 3199 3609; x_wconf 45' lang='lat' dir='ltr'><strong>Jan,</strong></span> <span class='ocrx_word' id='word_1_670' title='bbox 3234 3539 3393 3609; x_wconf 71' lang='lat' dir='ltr'><strong>apud</strong></span> <span class='ocrx_word' id='word_1_671' title='bbox 3448 3538 3670 3595; x_wconf 69' lang='lat' dir='ltr'><strong>Graecos</strong></span> 
     </span>
    </p>
   </div>
   <div class='ocr_carea' id='block_1_96' title="bbox 2085 3608 3668 3679">
    <p class='ocr_par' dir='ltr' id='par_1_96' title="bbox 2085 3608 3668 3679">
     <span class='ocr_line' id='line_1_96' title="bbox 2085 3608 3668 3679; baseline 0 -14"><span class='ocrx_word' id='word_1_672' title='bbox 2085 3613 2157 3666; x_wconf 75' lang='lat'><strong>23</strong></span> <span class='ocrx_word' id='word_1_673' title='bbox 2193 3612 2354 3668; x_wconf 87' lang='lat' dir='ltr'><strong>Febr.</strong></span> <span class='ocrx_word' id='word_1_674' title='bbox 2387 3608 2720 3666; x_wconf 85' lang='lat' dir='ltr'><strong>celebretur.</strong></span> <span class='ocrx_word' id='word_1_675' title='bbox 2755 3608 2979 3665; x_wconf 86' lang='lat' dir='ltr'><strong>Usserio</strong></span> <span class='ocrx_word' id='word_1_676' title='bbox 3007 3608 3334 3679; x_wconf 83' lang='lat' dir='ltr'><strong>astipulatur</strong></span> <span class='ocrx_word' id='word_1_677' title='bbox 3370 3608 3573 3679; x_wconf 80' lang='lat' dir='ltr'><strong>Pagius</strong></span> <span class='ocrx_word' id='word_1_678' title='bbox 3600 3612 3668 3665; x_wconf 91' lang='lat' dir='ltr'><strong>ad</strong></span> 
     </span>
    </p>
   </div>
   <div class='ocr_carea' id='block_1_97' title="bbox 2087 3679 2787 3744">
    <p class='ocr_par' dir='ltr' id='par_1_97' title="bbox 2087 3679 2787 3744">
     <span class='ocr_line' id='line_1_97' title="bbox 2087 3679 2787 3744; baseline -0.003 -8"><span class='ocrx_word' id='word_1_679' title='bbox 2087 3698 2178 3736; x_wconf 81' lang='lat' dir='ltr'><strong>an.</strong></span> <span class='ocrx_word' id='word_1_680' title='bbox 2214 3681 2338 3744; x_wconf 81' lang='grc'><strong>167,</strong></span> <span class='ocrx_word' id='word_1_681' title='bbox 2376 3698 2428 3735; x_wconf 90' lang='lat' dir='ltr'><strong>n.</strong></span> <span class='ocrx_word' id='word_1_682' title='bbox 2454 3681 2509 3743; x_wconf 80' lang='grc'><strong>’5,</strong></span> <span class='ocrx_word' id='word_1_683' title='bbox 2536 3681 2590 3733; x_wconf 70' lang='grc'><strong>4.</strong></span> <span class='ocrx_word' id='word_1_684' title='bbox 2627 3679 2787 3734; x_wconf 80' lang='lat' dir='ltr'><strong>Enl&#39;r.</strong></span> 
     </span>
    </p>
   </div>
   <div class='ocr_carea' id='block_1_98' title="bbox 2156 3747 3673 3821">
    <p class='ocr_par' dir='ltr' id='par_1_98' title="bbox 2156 3747 3673 3821">
     <span class='ocr_line' id='line_1_98' title="bbox 2156 3747 3673 3821; baseline -0.001 -15"><span class='ocrx_word' id='word_1_685' title='bbox 2156 3752 2269 3821; x_wconf 80' lang='lat'>(88)</span> <span class='ocrx_word' id='word_1_686' title='bbox 2295 3751 2393 3804; x_wconf 84' lang='grc' dir='ltr'><strong>Ἑν</strong></span> <span class='ocrx_word' id='word_1_687' title='bbox 2417 3749 2496 3819; x_wconf 80' lang='grc' dir='ltr'>τῇ</span> <span class='ocrx_word' id='word_1_688' title='bbox 2530 3748 2684 3821; x_wconf 73' lang='grc' dir='ltr'><strong>αὐτῇ</strong></span> <span class='ocrx_word' id='word_1_689' title='bbox 2703 3749 2771 3821; x_wconf 78' lang='grc' dir='ltr'>δὲ</span> <span class='ocrx_word' id='word_1_690' title='bbox 2788 3749 2924 3821; x_wconf 65' lang='grc' dir='ltr'>περὶ</span> <span class='ocrx_word' id='word_1_691' title='bbox 2939 3748 3126 3804; x_wconf 84' lang='grc' dir='ltr'>αὐτοῦ</span> <span class='ocrx_word' id='word_1_692' title='bbox 3155 3747 3355 3819; x_wconf 75' lang='grc' dir='ltr'>γραφῇ</span> <span class='ocrx_word' id='word_1_693' title='bbox 3385 3751 3485 3804; x_wconf 80' lang='grc' dir='ltr'>καὶ</span> <span class='ocrx_word' id='word_1_694' title='bbox 3509 3749 3673 3805; x_wconf 66' lang='grc' dir='ltr'><strong>ἄλλα</strong></span> 
     </span>
    </p>
   </div>
   <div class='ocr_carea' id='block_1_99' title="bbox 2077 3819 3669 3891">
    <p class='ocr_par' dir='ltr' id='par_1_99' title="bbox 2077 3819 3669 3891">
     <span class='ocr_line' id='line_1_99' title="bbox 2077 3819 3669 3891; baseline 0 -15"><span class='ocrx_word' id='word_1_695' title='bbox 2077 3819 2374 3891; x_wconf 77' lang='grc' dir='ltr'>μαρτύρια</span> <span class='ocrx_word' id='word_1_696' title='bbox 2402 3820 2720 3891; x_wconf 72' lang='grc' dir='ltr'>συνῆπτο.</span> <span class='ocrx_word' id='word_1_697' title='bbox 2756 3819 2895 3891; x_wconf 74' lang='lat' dir='ltr'><strong>Male</strong></span> <span class='ocrx_word' id='word_1_698' title='bbox 2947 3822 3088 3873; x_wconf 89' lang='lat' dir='ltr'><strong>hunc</strong></span> <span class='ocrx_word' id='word_1_699' title='bbox 3134 3824 3310 3873; x_wconf 85' lang='lat' dir='ltr'><strong>locum</strong></span> <span class='ocrx_word' id='word_1_700' title='bbox 3343 3835 3669 3888; x_wconf 86' lang='lat' dir='ltr'><strong>acceperunt</strong></span> 
     </span>
    </p>
   </div>
   <div class='ocr_carea' id='block_1_100' title="bbox 2085 3890 3669 3960">
    <p class='ocr_par' dir='ltr' id='par_1_100' title="bbox 2085 3890 3669 3960">
     <span class='ocr_line' id='line_1_100' title="bbox 2085 3890 3669 3960; baseline 0.001 -15"><span class='ocrx_word' id='word_1_701' title='bbox 2085 3890 2336 3956; x_wconf 79' lang='lat' dir='ltr'><strong>Ruﬁnus,</strong></span> <span class='ocrx_word' id='word_1_702' title='bbox 2370 3890 2706 3960; x_wconf 85' lang='lat' dir='ltr'><strong>Nicephorus</strong></span> <span class='ocrx_word' id='word_1_703' title='bbox 2751 3899 2807 3945; x_wconf 88' lang='lat' dir='ltr'><strong>et</strong></span> <span class='ocrx_word' id='word_1_704' title='bbox 2860 3890 3408 3957; x_wconf 78' lang='lat' dir='ltr'><strong>Christophorsonus.</strong></span> <span class='ocrx_word' id='word_1_705' title='bbox 3462 3891 3669 3946; x_wconf 76' lang='lat' dir='ltr'><strong>Existi-</strong></span> 
     </span>
    </p>
   </div>
   <div class='ocr_carea' id='block_1_101' title="bbox 2082 3960 3667 4031">
    <p class='ocr_par' dir='ltr' id='par_1_101' title="bbox 2082 3960 3667 4031">
     <span class='ocr_line' id='line_1_101' title="bbox 2082 3960 3667 4031; baseline -0.001 -16"><span class='ocrx_word' id='word_1_706' title='bbox 2082 3960 2463 4017; x_wconf 87' lang='lat' dir='ltr'><strong>maruntenim</strong></span> <span class='ocrx_word' id='word_1_707' title='bbox 2510 3961 2563 4013; x_wconf 93' lang='lat' dir='ltr'><strong>in</strong></span> <span class='ocrx_word' id='word_1_708' title='bbox 2611 3961 2798 4014; x_wconf 88' lang='lat' dir='ltr'><strong>eadem</strong></span> <span class='ocrx_word' id='word_1_709' title='bbox 2836 3960 2925 4013; x_wconf 89' lang='lat' dir='ltr'><strong>illa</strong></span> <span class='ocrx_word' id='word_1_710' title='bbox 2970 3961 3038 4031; x_wconf 79' lang='lat' dir='ltr'><strong>dc</strong></span> <span class='ocrx_word' id='word_1_711' title='bbox 3068 3960 3371 4031; x_wconf 13' lang='lat' dir='ltr'><strong>Polycarpi‘</strong></span> <span class='ocrx_word' id='word_1_712' title='bbox 3403 3964 3667 4030; x_wconf 84' lang='lat' dir='ltr'><strong>martyrio</strong></span> 
     </span>
    </p>
   </div>
   <div class='ocr_carea' id='block_1_102' title="bbox 2081 4028 3666 4100">
    <p class='ocr_par' dir='ltr' id='par_1_102' title="bbox 2081 4028 3666 4100">
     <span class='ocr_line' id='line_1_102' title="bbox 2081 4028 3666 4100; baseline -0.001 -14"><span class='ocrx_word' id='word_1_713' title='bbox 2081 4031 2331 4100; x_wconf 87' lang='lat' dir='ltr'><strong>cpistola,</strong></span> <span class='ocrx_word' id='word_1_714' title='bbox 2379 4031 2550 4085; x_wconf 89' lang='lat' dir='ltr'><strong>Pionii</strong></span> <span class='ocrx_word' id='word_1_715' title='bbox 2607 4044 2822 4099; x_wconf 86' lang='lat' dir='ltr'><strong>quoque</strong></span> <span class='ocrx_word' id='word_1_716' title='bbox 2870 4039 2925 4083; x_wconf 90' lang='lat' dir='ltr'><strong>et</strong></span> <span class='ocrx_word' id='word_1_717' title='bbox 2978 4028 3666 4098; x_wconf 50' lang='lat' dir='ltr'><strong>Metrodorialiorumque</strong></span> 
     </span>
    </p>
   </div>
   <div class='ocr_carea' id='block_1_103' title="bbox 2081 4101 3663 4171">
    <p class='ocr_par' dir='ltr' id='par_1_103' title="bbox 2081 4101 3663 4171">
     <span class='ocr_line' id='line_1_103' title="bbox 2081 4101 3663 4171; baseline -0.001 -17"><span class='ocrx_word' id='word_1_718' title='bbox 2081 4102 2358 4171; x_wconf 86' lang='lat' dir='ltr'><strong>passiones</strong></span> <span class='ocrx_word' id='word_1_719' title='bbox 2386 4116 2419 4154; x_wconf 70' lang='grc' dir='ltr'><strong>ει</strong></span> <span class='ocrx_word' id='word_1_720' title='bbox 2461 4101 2758 4171; x_wconf 66' lang='lat' dir='ltr'><strong>Smyrnwis</strong></span> <span class='ocrx_word' id='word_1_721' title='bbox 2806 4111 3266 4154; x_wconf 84' lang='lat' dir='ltr'><strong>commemoratas</strong></span> <span class='ocrx_word' id='word_1_722' title='bbox 3309 4101 3500 4162; x_wconf 77' lang='lat' dir='ltr'><strong>fuisse,</strong></span> <span class='ocrx_word' id='word_1_723' title='bbox 3540 4116 3663 4154; x_wconf 90' lang='lat' dir='ltr'><strong>cum</strong></span> 
     </span>
    </p>
   </div>
   <div class='ocr_carea' id='block_1_104' title="bbox 2083 4170 3662 4233">
    <p class='ocr_par' dir='ltr' id='par_1_104' title="bbox 2083 4170 3662 4233">
     <span class='ocr_line' id='line_1_104' title="bbox 2083 4170 3662 4233; baseline -0.003 -8"><span class='ocrx_word' id='word_1_724' title='bbox 2083 4170 2261 4226; x_wconf 88' lang='lat' dir='ltr'><strong>tamen</strong></span> <span class='ocrx_word' id='word_1_725' title='bbox 2308 4171 2361 4225; x_wconf 87' lang='lat' dir='ltr'><strong>id</strong></span> <span class='ocrx_word' id='word_1_726' title='bbox 2394 4186 2499 4224; x_wconf 90' lang='lat' dir='ltr'><strong>non</strong></span> <span class='ocrx_word' id='word_1_727' title='bbox 2536 4174 2680 4225; x_wconf 88' lang='lat' dir='ltr'><strong>dicat</strong></span> <span class='ocrx_word' id='word_1_728' title='bbox 2706 4170 2990 4233; x_wconf 84' lang='lat' dir='ltr'><strong>Eusebius,</strong></span> <span class='ocrx_word' id='word_1_729' title='bbox 3018 4171 3110 4223; x_wconf 86' lang='lat' dir='ltr'><strong>sed</strong></span> <span class='ocrx_word' id='word_1_730' title='bbox 3154 4178 3361 4223; x_wconf 90' lang='lat' dir='ltr'><strong>tantum</strong></span> <span class='ocrx_word' id='word_1_731' title='bbox 3410 4170 3662 4230; x_wconf 84' lang='lat' dir='ltr'><strong>allirmet,</strong></span> 
     </span>
    </p>
   </div>
   <div class='ocr_carea' id='block_1_105' title="bbox 2078 4239 3663 4311">
    <p class='ocr_par' dir='ltr' id='par_1_105' title="bbox 2078 4239 3663 4311">
     <span class='ocr_line' id='line_1_105' title="bbox 2078 4239 3663 4311; baseline -0.004 -15"><span class='ocrx_word' id='word_1_732' title='bbox 2078 4241 2323 4310; x_wconf 86' lang='lat' dir='ltr'><strong>epistolae</strong></span> <span class='ocrx_word' id='word_1_733' title='bbox 2345 4240 2420 4294; x_wconf 90' lang='lat' dir='ltr'><strong>illi</strong></span> <span class='ocrx_word' id='word_1_734' title='bbox 2446 4241 2513 4311; x_wconf 87' lang='lat' dir='ltr'><strong>in</strong></span> <span class='ocrx_word' id='word_1_735' title='bbox 2537 4255 2645 4311; x_wconf 83' lang='lat' dir='ltr'><strong>qua</strong></span> <span class='ocrx_word' id='word_1_736' title='bbox 2677 4243 2743 4294; x_wconf 87' lang='lat' dir='ltr'><strong>de</strong></span> <span class='ocrx_word' id='word_1_737' title='bbox 2767 4239 3049 4311; x_wconf 85' lang='lat' dir='ltr'><strong>Polycarpi</strong></span> <span class='ocrx_word' id='word_1_738' title='bbox 3080 4241 3341 4310; x_wconf 85' lang='lat' dir='ltr'><strong>martyrio</strong></span> <span class='ocrx_word' id='word_1_739' title='bbox 3375 4244 3663 4310; x_wconf 79' lang='lat' dir='ltr'><strong>agebatur,</strong></span> 
     </span>
    </p>
   </div>
   <div class='ocr_carea' id='block_1_106' title="bbox 2079 4309 3661 4381">
    <p class='ocr_par' dir='ltr' id='par_1_106' title="bbox 2079 4309 3661 4381">
     <span class='ocr_line' id='line_1_106' title="bbox 2079 4309 3661 4381; baseline -0.001 -16"><span class='ocrx_word' id='word_1_740' title='bbox 2079 4309 2360 4378; x_wconf 81' lang='lat' dir='ltr'><strong>adjunctas</strong></span> <span class='ocrx_word' id='word_1_741' title='bbox 2380 4309 2566 4381; x_wconf 78' lang='lat' dir='ltr'><strong>fuisse</strong></span> <span class='ocrx_word' id='word_1_742' title='bbox 2584 4309 2812 4381; x_wconf 89' lang='lat' dir='ltr'><strong>aliorum</strong></span> <span class='ocrx_word' id='word_1_743' title='bbox 2833 4309 3130 4381; x_wconf 79' lang='lat' dir='ltr'><strong>martyrum</strong></span> <span class='ocrx_word' id='word_1_744' title='bbox 3164 4309 3463 4378; x_wconf 81' lang='lat' dir='ltr'><strong>passiones,</strong></span> <span class='ocrx_word' id='word_1_745' title='bbox 3488 4311 3661 4364; x_wconf 84' lang='lat' dir='ltr'><strong>Pionii</strong></span> 
     </span>
    </p>
   </div>
   <div class='ocr_carea' id='block_1_107' title="bbox 2080 4379 3659 4449">
    <p class='ocr_par' dir='ltr' id='par_1_107' title="bbox 2080 4379 3659 4449">
     <span class='ocr_line' id='line_1_107' title="bbox 2080 4379 3659 4449; baseline -0.004 -15"><span class='ocrx_word' id='word_1_746' title='bbox 2080 4384 2289 4436; x_wconf 83' lang='lat' dir='ltr'><strong>scilicet</strong></span> <span class='ocrx_word' id='word_1_747' title='bbox 2334 4395 2399 4436; x_wconf 86' lang='lat' dir='ltr'><strong>ac</strong></span> <span class='ocrx_word' id='word_1_748' title='bbox 2447 4379 2764 4435; x_wconf 86' lang='lat' dir='ltr'><strong>Metrodori.</strong></span> <span class='ocrx_word' id='word_1_749' title='bbox 2816 4379 2988 4435; x_wconf 83' lang='lat' dir='ltr'><strong>Certe</strong></span> <span class='ocrx_word' id='word_1_750' title='bbox 3028 4380 3291 4433; x_wconf 80' lang='lat' dir='ltr'><strong>Eusebius</strong></span> <span class='ocrx_word' id='word_1_751' title='bbox 3321 4380 3479 4447; x_wconf 90' lang='lat' dir='ltr'><strong>paulo</strong></span> <span class='ocrx_word' id='word_1_752' title='bbox 3517 4388 3659 4449; x_wconf 71' lang='lat' dir='ltr'><strong>pust,</strong></span> 
     </span>
    </p>
   </div>
   <div class='ocr_carea' id='block_1_108' title="bbox 422 4449 2008 4527">
    <p class='ocr_par' dir='ltr' id='par_1_108' title="bbox 422 4449 2008 4527">
     <span class='ocr_line' id='line_1_108' title="bbox 422 4449 2008 4527; baseline -0.001 -19"><span class='ocrx_word' id='word_1_753' title='bbox 422 4449 655 4509; x_wconf 75' lang='lat' dir='ltr'><strong>bendum</strong></span> <span class='ocrx_word' id='word_1_754' title='bbox 687 4472 703 4509; x_wconf 88' lang='lat'><strong>:</strong></span> <span class='ocrx_word' id='word_1_755' title='bbox 763 4449 869 4527; x_wconf 80' lang='grc' dir='ltr'><strong>πρὸ</strong></span> <span class='ocrx_word' id='word_1_756' title='bbox 910 4454 1053 4527; x_wconf 77' lang='grc' dir='ltr'>ἑπτὰ</span> <span class='ocrx_word' id='word_1_757' title='bbox 1090 4449 1384 4507; x_wconf 74' lang='grc' dir='ltr'>Καλανδῶν</span> <span class='ocrx_word' id='word_1_758' title='bbox 1424 4449 1704 4527; x_wconf 66' lang='grc' dir='ltr'>Μαρτίων,</span> <span class='ocrx_word' id='word_1_759' title='bbox 1726 4449 2008 4527; x_wconf 56' lang='lat' dir='ltr'><strong>&#39;_ut_l_egitl</strong></span> 
     </span>
    </p>
   </div>
   <div class='ocr_carea' id='block_1_109' title="bbox 2082 4449 3661 4527">
    <p class='ocr_par' dir='ltr' id='par_1_109' title="bbox 2082 4449 3661 4527">
     <span class='ocr_line' id='line_1_109' title="bbox 2082 4449 3661 4527; baseline -0.001 -22"><span class='ocrx_word' id='word_1_760' title='bbox 2082 4450 2358 4527; x_wconf 80' lang='lat' dir='ltr'><strong>epistolam</strong></span> <span class='ocrx_word' id='word_1_761' title='bbox 2402 4450 2469 4504; x_wconf 89' lang='lat' dir='ltr'><strong>de</strong></span> <span class='ocrx_word' id='word_1_762' title='bbox 2515 4449 2688 4527; x_wconf 80' lang='lat' dir='ltr'><strong>Pionii</strong></span> <span class='ocrx_word' id='word_1_763' title='bbox 2726 4450 2988 4527; x_wconf 61' lang='lat' dir='ltr'><strong>martyrio</strong></span> <span class='ocrx_word' id='word_1_764' title='bbox 3016 4449 3301 4527; x_wconf 78' lang='lat' dir='ltr'><strong>distinguit</strong></span> <span class='ocrx_word' id='word_1_765' title='bbox 3329 4452 3401 4527; x_wconf 76' lang='lat' dir='ltr'><strong>ab</strong></span> <span class='ocrx_word' id='word_1_766' title='bbox 3433 4449 3661 4527; x_wconf 45' lang='lat' dir='ltr'><strong>epistola</strong></span> 
     </span>
    </p>
   </div>
   <div class='ocr_carea' id='block_1_110' title="bbox 421 4522 1969 4594">
    <p class='ocr_par' dir='ltr' id='par_1_110' title="bbox 421 4522 1969 4594">
     <span class='ocr_line' id='line_1_110' title="bbox 421 4522 1969 4594; baseline -0.001 -17"><span class='ocrx_word' id='word_1_767' title='bbox 421 4536 580 4579; x_wconf 80' lang='lat' dir='ltr'><strong>vetus</strong></span> <span class='ocrx_word' id='word_1_768' title='bbox 628 4522 913 4594; x_wconf 76' lang='lat' dir='ltr'><strong>interpres.</strong></span> <span class='ocrx_word' id='word_1_769' title='bbox 959 4526 1090 4579; x_wconf 74' lang='lat' dir='ltr'><strong>Nam</strong></span> <span class='ocrx_word' id='word_1_770' title='bbox 1131 4527 1403 4580; x_wconf 86' lang='lat' dir='ltr'><strong>secundus</strong></span> <span class='ocrx_word' id='word_1_771' title='bbox 1433 4522 1549 4577; x_wconf 77' lang='lat' dir='ltr'><strong>dies</strong></span> <span class='ocrx_word' id='word_1_772' title='bbox 1582 4522 1969 4594; x_wconf 74' lang='lat' dir='ltr'><strong>mensisXan-</strong></span> 
     </span>
    </p>
   </div>
   <div class='ocr_carea' id='block_1_111' title="bbox 422 4593 1968 4664">
    <p class='ocr_par' dir='ltr' id='par_1_111' title="bbox 422 4593 1968 4664">
     <span class='ocr_line' id='line_1_111' title="bbox 422 4593 1968 4664; baseline 0 -18"><span class='ocrx_word' id='word_1_773' title='bbox 422 4596 557 4649; x_wconf 89' lang='lat' dir='ltr'><strong>thici</strong></span> <span class='ocrx_word' id='word_1_774' title='bbox 608 4593 1108 4664; x_wconf 21' lang='lat' dir='ltr'><strong>apudemyrnzeos</strong></span> <span class='ocrx_word' id='word_1_775' title='bbox 1151 4606 1205 4649; x_wconf 87' lang='lat' dir='ltr'><strong>et</strong></span> <span class='ocrx_word' id='word_1_776' title='bbox 1248 4595 1479 4664; x_wconf 79' lang='lat' dir='ltr'><strong>Asianos</strong></span> <span class='ocrx_word' id='word_1_777' title='bbox 1521 4594 1768 4664; x_wconf 84' lang='lat' dir='ltr'><strong>cadebat_</strong></span> <span class='ocrx_word' id='word_1_778' title='bbox 1796 4593 1849 4646; x_wconf 92' lang='lat' dir='ltr'><strong>in</strong></span> <span class='ocrx_word' id='word_1_779' title='bbox 1893 4607 1968 4647; x_wconf 80' lang='lat' dir='ltr'><strong>vn</strong></span> 
     </span>
    </p>
   </div>
   <div class='ocr_carea' id='block_1_112' title="bbox 421 4660 1969 4725">
    <p class='ocr_par' dir='ltr' id='par_1_112' title="bbox 421 4660 1969 4725">
     <span class='ocr_line' id='line_1_112' title="bbox 421 4660 1969 4725; baseline -0.001 -8"><span class='ocrx_word' id='word_1_780' title='bbox 421 4660 687 4718; x_wconf 70' lang='lat' dir='ltr'><strong>Kalendas</strong></span> <span class='ocrx_word' id='word_1_781' title='bbox 716 4660 957 4718; x_wconf 76' lang='lat' dir='ltr'><strong>Martias.</strong></span> <span class='ocrx_word' id='word_1_782' title='bbox 990 4664 1149 4719; x_wconf 84' lang='lat' dir='ltr'><strong>Certe</strong></span> <span class='ocrx_word' id='word_1_783' title='bbox 1175 4678 1239 4719; x_wconf 84' lang='lat' dir='ltr'><strong>eo</strong></span> <span class='ocrx_word' id='word_1_784' title='bbox 1269 4664 1373 4725; x_wconf 90' lang='lat' dir='ltr'><strong>die,</strong></span> <span class='ocrx_word' id='word_1_785' title='bbox 1397 4662 1469 4717; x_wconf 71' lang='grc'><strong>25</strong></span> <span class='ocrx_word' id='word_1_786' title='bbox 1497 4663 1704 4717; x_wconf 81' lang='lat' dir='ltr'><strong>scilicet</strong></span> <span class='ocrx_word' id='word_1_787' title='bbox 1728 4660 1969 4716; x_wconf 85' lang='lat' dir='ltr'><strong>Februa-</strong></span> 
     </span>
    </p>
   </div>
   <div class='ocr_carea' id='block_1_113' title="bbox 422 4732 1964 4801">
    <p class='ocr_par' dir='ltr' id='par_1_113' title="bbox 422 4732 1964 4801">
     <span class='ocr_line' id='line_1_113' title="bbox 422 4732 1964 4801; baseline -0.001 -14"><span class='ocrx_word' id='word_1_788' title='bbox 422 4736 510 4798; x_wconf 80' lang='lat' dir='ltr'><strong>rii,</strong></span> <span class='ocrx_word' id='word_1_789' title='bbox 539 4742 593 4787; x_wconf 94' lang='lat' dir='ltr'><strong>et</strong></span> <span class='ocrx_word' id='word_1_790' title='bbox 623 4732 885 4801; x_wconf 72' lang='lat' dir='ltr'><strong>Smyrnaei</strong></span> <span class='ocrx_word' id='word_1_791' title='bbox 926 4743 981 4788; x_wconf 83' lang='lat' dir='ltr'><strong>et</strong></span> <span class='ocrx_word' id='word_1_792' title='bbox 1007 4750 1196 4789; x_wconf 86' lang='lat' dir='ltr'><strong>omnes</strong></span> <span class='ocrx_word' id='word_1_793' title='bbox 1225 4733 1399 4787; x_wconf 69' lang='grc' dir='ltr'><strong>(Ξτωεὶ</strong></span> <span class='ocrx_word' id='word_1_794' title='bbox 1435 4733 1750 4786; x_wconf 86' lang='lat' dir='ltr'><strong>memoriam</strong></span> <span class='ocrx_word' id='word_1_795' title='bbox 1794 4736 1964 4786; x_wconf 82' lang='lat' dir='ltr'><strong>sancti</strong></span> 
     </span>
    </p>
   </div>
   <div class='ocr_carea' id='block_1_114' title="bbox 420 4803 1968 4874">
    <p class='ocr_par' dir='ltr' id='par_1_114' title="bbox 420 4803 1968 4874">
     <span class='ocr_line' id='line_1_114' title="bbox 420 4803 1968 4874; baseline -0.001 -17"><span class='ocrx_word' id='word_1_796' title='bbox 420 4803 700 4874; x_wconf 75' lang='lat' dir='ltr'><strong>Polycarpi</strong></span> <span class='ocrx_word' id='word_1_797' title='bbox 741 4818 954 4872; x_wconf 89' lang='lat' dir='ltr'><strong>semper</strong></span> <span class='ocrx_word' id='word_1_798' title='bbox 986 4804 1346 4863; x_wconf 87' lang='lat' dir='ltr'><strong>celebrarunt,</strong></span> <span class='ocrx_word' id='word_1_799' title='bbox 1390 4811 1448 4874; x_wconf 76' lang='lat' dir='ltr'><strong>ut</strong></span> <span class='ocrx_word' id='word_1_800' title='bbox 1484 4813 1694 4874; x_wconf 71' lang='lat' dir='ltr'><strong>constat</strong></span> <span class='ocrx_word' id='word_1_801' title='bbox 1737 4813 1849 4855; x_wconf 92' lang='lat' dir='ltr'><strong>tum</strong></span> <span class='ocrx_word' id='word_1_802' title='bbox 1899 4819 1968 4856; x_wconf 78' lang='lat' dir='ltr'><strong>ex</strong></span> 
     </span>
    </p>
   </div>
   <div class='ocr_carea' id='block_1_115' title="bbox 418 4870 1963 4944">
    <p class='ocr_par' dir='ltr' id='par_1_115' title="bbox 418 4870 1963 4944">
     <span class='ocr_line' id='line_1_115' title="bbox 418 4870 1963 4944; baseline -0.001 -17"><span class='ocrx_word' id='word_1_803' title='bbox 418 4870 564 4944; x_wconf 76' lang='lat' dir='ltr'><strong>Actis</strong></span> <span class='ocrx_word' id='word_1_804' title='bbox 593 4873 766 4927; x_wconf 88' lang='lat' dir='ltr'><strong>Pionii</strong></span> <span class='ocrx_word' id='word_1_805' title='bbox 806 4870 1081 4944; x_wconf 76' lang='lat' dir='ltr'><strong>martyris,</strong></span> <span class='ocrx_word' id='word_1_806' title='bbox 1113 4885 1224 4928; x_wconf 92' lang='lat' dir='ltr'><strong>tum</strong></span> <span class='ocrx_word' id='word_1_807' title='bbox 1269 4889 1338 4927; x_wconf 75' lang='lat' dir='ltr'><strong>ex</strong></span> <span class='ocrx_word' id='word_1_808' title='bbox 1380 4872 1593 4944; x_wconf 66' lang='lat' dir='ltr'><strong>Menaeis</strong></span> <span class='ocrx_word' id='word_1_809' title='bbox 1632 4870 1963 4926; x_wconf 66' lang='lat' dir='ltr'><strong>Graecorum.</strong></span> 
     </span>
    </p>
   </div>
   <div class='ocr_carea' id='block_1_116' title="bbox 421 4941 1966 5013">
    <p class='ocr_par' dir='ltr' id='par_1_116' title="bbox 421 4941 1966 5013">
     <span class='ocr_line' id='line_1_116' title="bbox 421 4941 1966 5013; baseline -0.003 -14"><span class='ocrx_word' id='word_1_810' title='bbox 421 4943 574 5011; x_wconf 84' lang='lat' dir='ltr'><strong>Quod</strong></span> <span class='ocrx_word' id='word_1_811' title='bbox 610 4946 653 4997; x_wconf 90' lang='lat' dir='ltr'><strong>si</strong></span> <span class='ocrx_word' id='word_1_812' title='bbox 681 4944 803 5013; x_wconf 88' lang='lat' dir='ltr'><strong>quis</strong></span> <span class='ocrx_word' id='word_1_813' title='bbox 835 4941 961 4997; x_wconf 78' lang='lat' dir='ltr'><strong>cuni</strong></span> <span class='ocrx_word' id='word_1_814' title='bbox 990 4943 1210 4999; x_wconf 88' lang='lat' dir='ltr'><strong>Usserio</strong></span> <span class='ocrx_word' id='word_1_815' title='bbox 1236 4944 1392 4997; x_wconf 90' lang='lat' dir='ltr'><strong>nobis</strong></span> <span class='ocrx_word' id='word_1_816' title='bbox 1413 4941 1654 5013; x_wconf 86' lang='lat' dir='ltr'><strong>objiciat,</strong></span> <span class='ocrx_word' id='word_1_817' title='bbox 1680 4944 1822 4996; x_wconf 89' lang='lat' dir='ltr'><strong>diem</strong></span> <span class='ocrx_word' id='word_1_818' title='bbox 1849 4958 1966 4995; x_wconf 87' lang='lat' dir='ltr'><strong>ma-</strong></span> 
     </span>
    </p>
   </div>
   <div class='ocr_carea' id='block_1_117' title="bbox 419 5012 1967 5085">
    <p class='ocr_par' dir='ltr' id='par_1_117' title="bbox 419 5012 1967 5085">
     <span class='ocr_line' id='line_1_117' title="bbox 419 5012 1967 5085; baseline -0.002 -18"><span class='ocrx_word' id='word_1_819' title='bbox 419 5017 507 5083; x_wconf 76' lang='lat' dir='ltr'><strong>gni</strong></span> <span class='ocrx_word' id='word_1_820' title='bbox 564 5012 806 5078; x_wconf 83' lang='lat' dir='ltr'><strong>Sabbati,</strong></span> <span class='ocrx_word' id='word_1_821' title='bbox 842 5028 948 5079; x_wconf 87' lang='lat' dir='ltr'><strong>quo</strong></span> <span class='ocrx_word' id='word_1_822' title='bbox 998 5030 1185 5085; x_wconf 84' lang='lat' dir='ltr'><strong>passus</strong></span> <span class='ocrx_word' id='word_1_823' title='bbox 1218 5015 1389 5085; x_wconf 38' lang='grc' dir='ltr'>ρει-Β,</span> <span class='ocrx_word' id='word_1_824' title='bbox 1434 5012 1783 5085; x_wconf 63' lang='lat' dir='ltr'><strong>Polycarpus,</strong></span> <span class='ocrx_word' id='word_1_825' title='bbox 1832 5028 1967 5065; x_wconf 87' lang='lat' dir='ltr'><strong>nun-</strong></span> 
     </span>
    </p>
   </div>
   <div class='ocr_carea' id='block_1_118' title="bbox 419 5080 1966 5154">
    <p class='ocr_par' dir='ltr' id='par_1_118' title="bbox 419 5080 1966 5154">
     <span class='ocr_line' id='line_1_118' title="bbox 419 5080 1966 5154; baseline 0 -18"><span class='ocrx_word' id='word_1_826' title='bbox 419 5080 580 5154; x_wconf 72' lang='lat' dir='ltr'><strong>quam</strong></span> <span class='ocrx_word' id='word_1_827' title='bbox 619 5099 776 5153; x_wconf 85' lang='lat' dir='ltr'><strong>posse</strong></span> <span class='ocrx_word' id='word_1_828' title='bbox 813 5080 1012 5154; x_wconf 76' lang='lat' dir='ltr'><strong>cadere</strong></span> <span class='ocrx_word' id='word_1_829' title='bbox 1063 5087 1116 5137; x_wconf 88' lang='lat' dir='ltr'><strong>in</strong></span> <span class='ocrx_word' id='word_1_830' title='bbox 1158 5080 1553 5154; x_wconf 9' lang='lat' dir='ltr'><strong>vurKalendas</strong></span> <span class='ocrx_word' id='word_1_831' title='bbox 1592 5080 1833 5154; x_wconf 69' lang='lat' dir='ltr'><strong>martias,</strong></span> <span class='ocrx_word' id='word_1_832' title='bbox 1881 5097 1966 5136; x_wconf 82' lang='lat' dir='ltr'><strong>re-</strong></span> 
     </span>
    </p>
   </div>
   <div class='ocr_carea' id='block_1_119' title="bbox 418 5152 1967 5226">
    <p class='ocr_par' dir='ltr' id='par_1_119' title="bbox 418 5152 1967 5226">
     <span class='ocr_line' id='line_1_119' title="bbox 418 5152 1967 5226; baseline -0.003 -18"><span class='ocrx_word' id='word_1_833' title='bbox 418 5152 799 5226; x_wconf 57' lang='lat' dir='ltr'><strong>s&#39;poudebimus</strong></span> <span class='ocrx_word' id='word_1_834' title='bbox 819 5153 1109 5226; x_wconf 80' lang='lat' dir='ltr'><strong>obscurum</strong></span> <span class='ocrx_word' id='word_1_835' title='bbox 1134 5153 1292 5208; x_wconf 91' lang='lat' dir='ltr'><strong>nobis</strong></span> <span class='ocrx_word' id='word_1_836' title='bbox 1318 5166 1441 5207; x_wconf 62' lang='lat' dir='ltr'><strong>esse</strong></span> <span class='ocrx_word' id='word_1_837' title='bbox 1463 5163 1630 5226; x_wconf 75' lang='lat' dir='ltr'><strong>atque</strong></span> <span class='ocrx_word' id='word_1_838' title='bbox 1645 5152 1967 5226; x_wconf 60' lang='lat' dir='ltr'><strong>incomper-</strong></span> 
     </span>
    </p>
   </div>
   <div class='ocr_carea' id='block_1_120' title="bbox 419 5220 1960 5295">
    <p class='ocr_par' dir='ltr' id='par_1_120' title="bbox 419 5220 1960 5295">
     <span class='ocr_line' id='line_1_120' title="bbox 419 5220 1960 5295; baseline -0.003 -18"><span class='ocrx_word' id='word_1_839' title='bbox 419 5220 553 5287; x_wconf 78' lang='lat' dir='ltr'><strong>tum,</strong></span> <span class='ocrx_word' id='word_1_840' title='bbox 610 5220 907 5295; x_wconf 12' lang='lat' dir='ltr'><strong>quodnam,</strong></span> <span class='ocrx_word' id='word_1_841' title='bbox 937 5224 1102 5295; x_wconf 80' lang='lat' dir='ltr'><strong>fuerit</strong></span> <span class='ocrx_word' id='word_1_842' title='bbox 1154 5237 1418 5295; x_wconf 78' lang='lat' dir='ltr'><strong>magnum</strong></span> <span class='ocrx_word' id='word_1_843' title='bbox 1461 5223 1592 5276; x_wconf 85' lang='lat' dir='ltr'><strong>illud</strong></span> <span class='ocrx_word' id='word_1_844' title='bbox 1642 5220 1960 5295; x_wconf 78' lang='lat' dir='ltr'><strong>Sabbatum,</strong></span> 
     </span>
    </p>
   </div>
   <div class='ocr_carea' id='block_1_121' title="bbox 417 5292 1964 5363">
    <p class='ocr_par' dir='ltr' id='par_1_121' title="bbox 417 5292 1964 5363">
     <span class='ocr_line' id='line_1_121' title="bbox 417 5292 1964 5363; baseline -0.002 -15"><span class='ocrx_word' id='word_1_845' title='bbox 417 5296 569 5363; x_wconf 83' lang='lat' dir='ltr'><strong>cujus</strong></span> <span class='ocrx_word' id='word_1_846' title='bbox 595 5292 942 5363; x_wconf 61' lang='lat' dir='ltr'><strong>a&#39;Stityrnaeis</strong></span> <span class='ocrx_word' id='word_1_847' title='bbox 971 5294 1115 5349; x_wconf 83' lang='lat' dir='ltr'><strong>facta</strong></span> <span class='ocrx_word' id='word_1_848' title='bbox 1145 5303 1230 5347; x_wconf 88' lang='lat' dir='ltr'><strong>est</strong></span> <span class='ocrx_word' id='word_1_849' title='bbox 1256 5294 1480 5354; x_wconf 87' lang='lat' dir='ltr'><strong>mentio,</strong></span> <span class='ocrx_word' id='word_1_850' title='bbox 1515 5302 1626 5363; x_wconf 88' lang='lat' dir='ltr'><strong>tum</strong></span> <span class='ocrx_word' id='word_1_851' title='bbox 1661 5293 1713 5344; x_wconf 89' lang='lat' dir='ltr'><strong>in</strong></span> <span class='ocrx_word' id='word_1_852' title='bbox 1738 5292 1964 5363; x_wconf 83' lang='lat' dir='ltr'><strong>epistola</strong></span> 
     </span>
    </p>
   </div>
   <div class='ocr_carea' id='block_1_122' title="bbox 414 5362 1963 5432">
    <p class='ocr_par' dir='ltr' id='par_1_122' title="bbox 414 5362 1963 5432">
     <span class='ocr_line' id='line_1_122' title="bbox 414 5362 1963 5432; baseline 0 -17"><span class='ocrx_word' id='word_1_853' title='bbox 414 5362 489 5418; x_wconf 86' lang='lat' dir='ltr'><strong>ad</strong></span> <span class='ocrx_word' id='word_1_854' title='bbox 528 5365 967 5420; x_wconf 77' lang='lat' dir='ltr'><strong>Philomelienses</strong></span> <span class='ocrx_word' id='word_1_855' title='bbox 1023 5368 1089 5419; x_wconf 85' lang='lat' dir='ltr'><strong>de</strong></span> <span class='ocrx_word' id='word_1_856' title='bbox 1128 5366 1389 5432; x_wconf 86' lang='lat' dir='ltr'><strong>martyrio</strong></span> <span class='ocrx_word' id='word_1_857' title='bbox 1438 5362 1741 5430; x_wconf 82' lang='lat' dir='ltr'><strong>Polycarpi,</strong></span> <span class='ocrx_word' id='word_1_858' title='bbox 1771 5375 1881 5414; x_wconf 84' lang='lat' dir='ltr'><strong>tum</strong></span> <span class='ocrx_word' id='word_1_859' title='bbox 1909 5362 1963 5416; x_wconf 88' lang='lat' dir='ltr'><strong>in</strong></span> 
     </span>
    </p>
   </div>
   <div class='ocr_carea' id='block_1_123' title="bbox 415 5432 1962 5503">
    <p class='ocr_par' dir='ltr' id='par_1_123' title="bbox 415 5432 1962 5503">
     <span class='ocr_line' id='line_1_123' title="bbox 415 5432 1962 5503; baseline 0 -18"><span class='ocrx_word' id='word_1_860' title='bbox 415 5435 561 5487; x_wconf 82' lang='lat' dir='ltr'><strong>Actis</strong></span> <span class='ocrx_word' id='word_1_861' title='bbox 611 5435 803 5489; x_wconf 79' lang='lat' dir='ltr'><strong>Pionii.</strong></span> <span class='ocrx_word' id='word_1_862' title='bbox 831 5435 1082 5503; x_wconf 78' lang='lat' dir='ltr'><strong>Capellus</strong></span> <span class='ocrx_word' id='word_1_863' title='bbox 1123 5434 1340 5502; x_wconf 88' lang='lat' dir='ltr'><strong>quidem</strong></span> <span class='ocrx_word' id='word_1_864' title='bbox 1384 5434 1616 5503; x_wconf 82' lang='lat' dir='ltr'><strong>primum</strong></span> <span class='ocrx_word' id='word_1_865' title='bbox 1651 5432 1962 5503; x_wconf 73' lang='lat' dir='ltr'><strong>_b‘abbatnm</strong></span> 
     </span>
    </p>
   </div>
   <div class='ocr_carea' id='block_1_124' title="bbox 414 5500 1964 5577">
    <p class='ocr_par' dir='ltr' id='par_1_124' title="bbox 414 5500 1964 5577">
     <span class='ocr_line' id='line_1_124' title="bbox 414 5500 1964 5577; baseline -0.003 -22"><span class='ocrx_word' id='word_1_866' title='bbox 414 5500 946 5577; x_wconf 72' lang='lat' dir='ltr'><strong>Quadragesimzeita</strong></span> <span class='ocrx_word' id='word_1_867' title='bbox 965 5500 1155 5559; x_wconf 65' lang='lat' dir='ltr'><strong>vocari</strong></span> <span class='ocrx_word' id='word_1_868' title='bbox 1175 5500 1528 5577; x_wconf 63' lang='lat' dir='ltr'><strong>existimavit.</strong></span> <span class='ocrx_word' id='word_1_869' title='bbox 1569 5500 1735 5577; x_wconf 82' lang='lat' dir='ltr'><strong>Cujus</strong></span> <span class='ocrx_word' id='word_1_870' title='bbox 1786 5501 1964 5577; x_wconf 77' lang='lat' dir='ltr'><strong>conje-</strong></span> 
     </span>
    </p>
   </div>
   <div class='ocr_carea' id='block_1_125' title="bbox 415 5570 1961 5644">
    <p class='ocr_par' dir='ltr' id='par_1_125' title="bbox 415 5570 1961 5644">
     <span class='ocr_line' id='line_1_125' title="bbox 415 5570 1961 5644; baseline -0.001 -20"><span class='ocrx_word' id='word_1_871' title='bbox 415 5570 921 5644; x_wconf 55' lang='lat' dir='ltr'><strong>cturam&#39;scquetur</strong></span> <span class='ocrx_word' id='word_1_872' title='bbox 960 5578 1051 5643; x_wconf 88' lang='lat' dir='ltr'><strong>qui</strong></span> <span class='ocrx_word' id='word_1_873' title='bbox 1102 5575 1264 5628; x_wconf 87' lang='lat' dir='ltr'><strong>volet.</strong></span> <span class='ocrx_word' id='word_1_874' title='bbox 1288 5571 1395 5626; x_wconf 88' lang='lat' dir='ltr'><strong>Sed</strong></span> <span class='ocrx_word' id='word_1_875' title='bbox 1438 5586 1560 5625; x_wconf 89' lang='lat' dir='ltr'><strong>cum</strong></span> <span class='ocrx_word' id='word_1_876' title='bbox 1598 5573 1737 5644; x_wconf 80' lang='lat' dir='ltr'><strong>diem</strong></span> <span class='ocrx_word' id='word_1_877' title='bbox 1787 5570 1961 5644; x_wconf 81' lang='lat' dir='ltr'><strong>ipsum</strong></span> 
     </span>
    </p>
   </div>
   <div class='ocr_carea' id='block_1_126' title="bbox 413 5640 1960 5715">
    <p class='ocr_par' dir='ltr' id='par_1_126' title="bbox 413 5640 1960 5715">
     <span class='ocr_line' id='line_1_126' title="bbox 413 5640 1960 5715; baseline -0.005 -17"><span class='ocrx_word' id='word_1_878' title='bbox 413 5657 519 5710; x_wconf 80' lang='lat' dir='ltr'><strong>quo</strong></span> <span class='ocrx_word' id='word_1_879' title='bbox 544 5640 856 5712; x_wconf 54' lang='lat' dir='ltr'><strong>passus&#39;cst</strong></span> <span class='ocrx_word' id='word_1_880' title='bbox 889 5644 950 5699; x_wconf 90' lang='grc' dir='ltr'><strong>Β.</strong></span> <span class='ocrx_word' id='word_1_881' title='bbox 977 5640 1341 5715; x_wconf 76' lang='lat' dir='ltr'><strong>Polycarpus,</strong></span> <span class='ocrx_word' id='word_1_882' title='bbox 1373 5651 1455 5696; x_wconf 90' lang='lat' dir='ltr'><strong>tot</strong></span> <span class='ocrx_word' id='word_1_883' title='bbox 1487 5641 1759 5715; x_wconf 75' lang='lat' dir='ltr'><strong>tantisque</strong></span> <span class='ocrx_word' id='word_1_884' title='bbox 1805 5640 1960 5715; x_wconf 80' lang='lat' dir='ltr'><strong>testi-</strong></span> 
     </span>
    </p>
   </div>
   <div class='ocr_carea' id='block_1_127' title="bbox 411 5711 1962 5784">
    <p class='ocr_par' dir='ltr' id='par_1_127' title="bbox 411 5711 1962 5784">
     <span class='ocr_line' id='line_1_127' title="bbox 411 5711 1962 5784; baseline -0.001 -19"><span class='ocrx_word' id='word_1_885' title='bbox 411 5711 603 5771; x_wconf 78' lang='lat' dir='ltr'><strong>moniis</strong></span> <span class='ocrx_word' id='word_1_886' title='bbox 651 5716 991 5784; x_wconf 77' lang='lat' dir='ltr'><strong>designatum</strong></span> <span class='ocrx_word' id='word_1_887' title='bbox 1047 5711 1366 5780; x_wconf 75' lang='lat' dir='ltr'><strong>habeamus,</strong></span> <span class='ocrx_word' id='word_1_888' title='bbox 1415 5712 1703 5781; x_wconf 85' lang='lat' dir='ltr'><strong>septimum</strong></span> <span class='ocrx_word' id='word_1_889' title='bbox 1754 5711 1962 5766; x_wconf 88' lang='lat' dir='ltr'><strong>scilicet</strong></span> 
     </span>
    </p>
   </div>
   <div class='ocr_carea' id='block_1_128' title="bbox 687 5810 1286 5875">
    <p class='ocr_par' dir='ltr' id='par_1_128' title="bbox 687 5810 1286 5875">
     <span class='ocr_line' id='line_1_128' title="bbox 687 5810 1286 5875; baseline 0 -1"><span class='ocrx_word' id='word_1_890' title='bbox 687 5815 954 5874; x_wconf 73' lang='lat' dir='ltr'><strong>PATnOL.</strong></span> <span class='ocrx_word' id='word_1_891' title='bbox 989 5814 1106 5875; x_wconf 75' lang='lat' dir='ltr'><strong>Gn.</strong></span> <span class='ocrx_word' id='word_1_892' title='bbox 1139 5810 1286 5874; x_wconf 84' lang='grc' dir='ltr'><strong>ΧΧ.</strong></span> 
     </span>
    </p>
   </div>
   <div class='ocr_carea' id='block_1_129' title="bbox 2073 4519 3663 4590">
    <p class='ocr_par' dir='ltr' id='par_1_129' title="bbox 2073 4519 3663 4590">
     <span class='ocr_line' id='line_1_129' title="bbox 2073 4519 3663 4590; baseline -0.003 -15"><span class='ocrx_word' id='word_1_893' title='bbox 2073 4519 2163 4576; x_wconf 76' lang='lat' dir='ltr'><strong>illa</strong></span> <span class='ocrx_word' id='word_1_894' title='bbox 2202 4523 2253 4575; x_wconf 92' lang='lat' dir='ltr'><strong>in</strong></span> <span class='ocrx_word' id='word_1_895' title='bbox 2292 4536 2397 4590; x_wconf 87' lang='lat' dir='ltr'><strong>qua</strong></span> <span class='ocrx_word' id='word_1_896' title='bbox 2433 4521 2761 4590; x_wconf 74' lang='lat' dir='ltr'><strong>martyrium</strong></span> <span class='ocrx_word' id='word_1_897' title='bbox 2789 4520 3068 4590; x_wconf 75' lang='lat' dir='ltr'><strong>Polycarpi</strong></span> <span class='ocrx_word' id='word_1_898' title='bbox 3108 4520 3469 4590; x_wconf 82' lang='lat' dir='ltr'><strong>describitur:</strong></span> <span class='ocrx_word' id='word_1_899' title='bbox 3512 4519 3663 4590; x_wconf 70' lang='grc' dir='ltr'>Πλη-</span> 
     </span>
    </p>
   </div>
   <div class='ocr_carea' id='block_1_130' title="bbox 2073 4586 3658 4663">
    <p class='ocr_par' dir='ltr' id='par_1_130' title="bbox 2073 4586 3658 4663">
     <span class='ocr_line' id='line_1_130' title="bbox 2073 4586 3658 4663; baseline 0.001 -20"><span class='ocrx_word' id='word_1_900' title='bbox 2073 4586 2431 4663; x_wconf 53' lang='grc' dir='ltr'>ρέτσταταττῆς</span> <span class='ocrx_word' id='word_1_901' title='bbox 2450 4586 2764 4663; x_wconf 78' lang='grc' dir='ltr'>περὶάὺτοῦ</span> <span class='ocrx_word' id='word_1_902' title='bbox 2791 4586 3008 4663; x_wconf 68' lang='grc' dir='ltr'>γραςρῆς</span> <span class='ocrx_word' id='word_1_903' title='bbox 3031 4587 3409 4663; x_wconf 50' lang='grc' dir='ltr'>περιεχούσης,</span> <span class='ocrx_word' id='word_1_904' title='bbox 3429 4591 3553 4654; x_wconf 87' lang='grc' dir='ltr'>τοὺς</span> <span class='ocrx_word' id='word_1_905' title='bbox 3574 4586 3658 4655; x_wconf 80' lang='grc' dir='ltr'>οἷς</span> 
     </span>
    </p>
   </div>
   <div class='ocr_carea' id='block_1_131' title="bbox 2070 4656 3654 4732">
    <p class='ocr_par' dir='ltr' id='par_1_131' title="bbox 2070 4656 3654 4732">
     <span class='ocr_line' id='line_1_131' title="bbox 2070 4656 3654 4732; baseline 0.001 -19"><span class='ocrx_word' id='word_1_906' title='bbox 2070 4656 2221 4732; x_wconf 78' lang='grc' dir='ltr'>ξρίλον</span> <span class='ocrx_word' id='word_1_907' title='bbox 2271 4656 2619 4730; x_wconf 73' lang='grc' dir='ltr'>ἐπὶ’ταύτην</span> <span class='ocrx_word' id='word_1_908' title='bbox 2666 4656 3266 4732; x_wconf 62' lang='grc' dir='ltr'>ἀναπέμψομεν.Ἐιιη</span> <span class='ocrx_word' id='word_1_909' title='bbox 3305 4656 3408 4714; x_wconf 79' lang='lat' dir='ltr'><strong>hoc</strong></span> <span class='ocrx_word' id='word_1_910' title='bbox 3434 4663 3654 4730; x_wconf 83' lang='lat' dir='ltr'><strong>quidem</strong></span> 
     </span>
    </p>
   </div>
   <div class='ocr_carea' id='block_1_132' title="bbox 2072 4726 3654 4801">
    <p class='ocr_par' dir='ltr' id='par_1_132' title="bbox 2072 4726 3654 4801">
     <span class='ocr_line' id='line_1_132' title="bbox 2072 4726 3654 4801; baseline 0.001 -17"><span class='ocrx_word' id='word_1_911' title='bbox 2072 4726 2302 4786; x_wconf 65' lang='lat' dir='ltr'><strong>fortasse</strong></span> <span class='ocrx_word' id='word_1_912' title='bbox 2327 4726 2586 4787; x_wconf 71' lang='lat' dir='ltr'><strong>excusari</strong></span> <span class='ocrx_word' id='word_1_913' title='bbox 2617 4740 2796 4799; x_wconf 90' lang='lat' dir='ltr'><strong>potest</strong></span> <span class='ocrx_word' id='word_1_914' title='bbox 2822 4726 3120 4801; x_wconf 54' lang='lat' dir='ltr'><strong>Eusebius.</strong></span> <span class='ocrx_word' id='word_1_915' title='bbox 3160 4726 3217 4781; x_wconf 88' lang='lat' dir='ltr'><strong>In</strong></span> <span class='ocrx_word' id='word_1_916' title='bbox 3239 4743 3309 4801; x_wconf 77' lang='lat' dir='ltr'><strong>eo</strong></span> <span class='ocrx_word' id='word_1_917' title='bbox 3340 4726 3471 4784; x_wconf 67' lang='lat' dir='ltr'><strong>vero</strong></span> <span class='ocrx_word' id='word_1_918' title='bbox 3509 4738 3654 4801; x_wconf 84' lang='lat' dir='ltr'><strong>quod</strong></span> 
     </span>
    </p>
   </div>
   <div class='ocr_carea' id='block_1_133' title="bbox 2068 4799 3652 4870">
    <p class='ocr_par' dir='ltr' id='par_1_133' title="bbox 2068 4799 3652 4870">
     <span class='ocr_line' id='line_1_133' title="bbox 2068 4799 3652 4870; baseline 0 -15"><span class='ocrx_word' id='word_1_919' title='bbox 2068 4802 2340 4865; x_wconf 86' lang='lat' dir='ltr'><strong>Pionium,</strong></span> <span class='ocrx_word' id='word_1_920' title='bbox 2374 4800 2765 4862; x_wconf 85' lang='lat' dir='ltr'><strong>Metrodorum,</strong></span> <span class='ocrx_word' id='word_1_921' title='bbox 2808 4799 3060 4870; x_wconf 5' lang='lat' dir='ltr'><strong>Carpumj</strong></span> <span class='ocrx_word' id='word_1_922' title='bbox 3085 4809 3143 4870; x_wconf 87' lang='lat' dir='ltr'><strong>et</strong></span> <span class='ocrx_word' id='word_1_923' title='bbox 3174 4799 3413 4868; x_wconf 89' lang='lat' dir='ltr'><strong>reliquos</strong></span> <span class='ocrx_word' id='word_1_924' title='bbox 3456 4799 3652 4870; x_wconf 60' lang='lat' dir='ltr'><strong>paSsus</strong></span> 
     </span>
    </p>
   </div>
   <div class='ocr_carea' id='block_1_134' title="bbox 2068 4866 3651 4938">
    <p class='ocr_par' dir='ltr' id='par_1_134' title="bbox 2068 4866 3651 4938">
     <span class='ocr_line' id='line_1_134' title="bbox 2068 4866 3651 4938; baseline 0 -12"><span class='ocrx_word' id='word_1_925' title='bbox 2068 4887 2188 4926; x_wconf 87' lang='lat' dir='ltr'><strong>esse</strong></span> <span class='ocrx_word' id='word_1_926' title='bbox 2230 4871 2509 4925; x_wconf 77' lang='lat' dir='ltr'><strong>existimat</strong></span> <span class='ocrx_word' id='word_1_927' title='bbox 2553 4870 2854 4938; x_wconf 87' lang='lat' dir='ltr'><strong>principatu</strong></span> <span class='ocrx_word' id='word_1_928' title='bbox 2896 4866 3090 4938; x_wconf 13' lang='lat' dir='ltr'><strong>Marci,</strong></span> <span class='ocrx_word' id='word_1_929' title='bbox 3121 4866 3401 4933; x_wconf 76' lang='lat' dir='ltr'><strong>Antonini,</strong></span> <span class='ocrx_word' id='word_1_930' title='bbox 3459 4866 3651 4926; x_wconf 81' lang='lat' dir='ltr'><strong>iisdem</strong></span> 
     </span>
    </p>
   </div>
   <div class='ocr_carea' id='block_1_135' title="bbox 2072 4937 3650 5009">
    <p class='ocr_par' dir='ltr' id='par_1_135' title="bbox 2072 4937 3650 5009">
     <span class='ocr_line' id='line_1_135' title="bbox 2072 4937 3650 5009; baseline 0.001 -15"><span class='ocrx_word' id='word_1_931' title='bbox 2072 4942 2403 5009; x_wconf 89' lang='lat' dir='ltr'><strong>temporibus</strong></span> <span class='ocrx_word' id='word_1_932' title='bbox 2437 4937 2633 5009; x_wconf 88' lang='lat' dir='ltr'><strong>quibus</strong></span> <span class='ocrx_word' id='word_1_933' title='bbox 2668 4952 2858 5007; x_wconf 86' lang='lat' dir='ltr'><strong>passus</strong></span> <span class='ocrx_word' id='word_1_934' title='bbox 2888 4947 2971 4992; x_wconf 88' lang='lat' dir='ltr'><strong>est</strong></span> <span class='ocrx_word' id='word_1_935' title='bbox 3002 4937 3353 5009; x_wconf 61' lang='lat' dir='ltr'><strong>[{olycarpus,</strong></span> <span class='ocrx_word' id='word_1_936' title='bbox 3392 4956 3552 4994; x_wconf 90' lang='lat' dir='ltr'><strong>nemo</strong></span> <span class='ocrx_word' id='word_1_937' title='bbox 3584 4942 3650 4995; x_wconf 88' lang='lat' dir='ltr'><strong>il-</strong></span> 
     </span>
    </p>
   </div>
   <div class='ocr_carea' id='block_1_136' title="bbox 2068 5007 3650 5077">
    <p class='ocr_par' dir='ltr' id='par_1_136' title="bbox 2068 5007 3650 5077">
     <span class='ocr_line' id='line_1_136' title="bbox 2068 5007 3650 5077; baseline 0 -13"><span class='ocrx_word' id='word_1_938' title='bbox 2068 5007 2473 5065; x_wconf 47' lang='lat' dir='ltr'><strong>lum—excusare</strong></span> <span class='ocrx_word' id='word_1_939' title='bbox 2517 5024 2755 5077; x_wconf 82' lang='lat' dir='ltr'><strong>unquam</strong></span> <span class='ocrx_word' id='word_1_940' title='bbox 2790 5018 2987 5075; x_wconf 86' lang='lat' dir='ltr'><strong>potest.</strong></span> <span class='ocrx_word' id='word_1_941' title='bbox 3021 5007 3323 5077; x_wconf 46' lang='lat' dir='ltr'><strong>Quippe—ex</strong></span> <span class='ocrx_word' id='word_1_942' title='bbox 3345 5009 3494 5063; x_wconf 85' lang='lat' dir='ltr'><strong>Actis</strong></span> <span class='ocrx_word' id='word_1_943' title='bbox 3527 5012 3650 5064; x_wconf 78' lang='lat' dir='ltr'><strong>Pio-</strong></span> 
     </span>
    </p>
   </div>
   <div class='ocr_carea' id='block_1_137' title="bbox 2069 5077 3648 5147">
    <p class='ocr_par' dir='ltr' id='par_1_137' title="bbox 2069 5077 3648 5147">
     <span class='ocr_line' id='line_1_137' title="bbox 2069 5077 3648 5147; baseline 0.001 -13"><span class='ocrx_word' id='word_1_944' title='bbox 2069 5083 2166 5143; x_wconf 87' lang='lat' dir='ltr'><strong>nii,</strong></span> <span class='ocrx_word' id='word_1_945' title='bbox 2196 5089 2252 5133; x_wconf 89' lang='lat' dir='ltr'><strong>et</strong></span> <span class='ocrx_word' id='word_1_946' title='bbox 2292 5096 2359 5132; x_wconf 81' lang='lat' dir='ltr'><strong>ex</strong></span> <span class='ocrx_word' id='word_1_947' title='bbox 2390 5080 2534 5131; x_wconf 81' lang='lat' dir='ltr'><strong>Actis</strong></span> <span class='ocrx_word' id='word_1_948' title='bbox 2567 5078 2729 5147; x_wconf 86' lang='lat' dir='ltr'><strong>Carpi</strong></span> <span class='ocrx_word' id='word_1_949' title='bbox 2777 5090 2832 5133; x_wconf 90' lang='lat' dir='ltr'><strong>et</strong></span> <span class='ocrx_word' id='word_1_950' title='bbox 2876 5077 3086 5147; x_wconf 85' lang='lat' dir='ltr'><strong>Papuli,</strong></span> <span class='ocrx_word' id='word_1_951' title='bbox 3135 5089 3354 5134; x_wconf 87' lang='lat' dir='ltr'><strong>constat</strong></span> <span class='ocrx_word' id='word_1_952' title='bbox 3386 5082 3505 5135; x_wconf 89' lang='lat' dir='ltr'><strong>illos</strong></span> <span class='ocrx_word' id='word_1_953' title='bbox 3556 5096 3648 5135; x_wconf 89' lang='lat' dir='ltr'><strong>re-</strong></span> 
     </span>
    </p>
   </div>
   <div class='ocr_carea' id='block_1_138' title="bbox 2067 5149 3647 5219">
    <p class='ocr_par' dir='ltr' id='par_1_138' title="bbox 2067 5149 3647 5219">
     <span class='ocr_line' id='line_1_138' title="bbox 2067 5149 3647 5219; baseline -0.001 -16"><span class='ocrx_word' id='word_1_954' title='bbox 2067 5161 2267 5219; x_wconf 80' lang='lat' dir='ltr'><strong>gnante</strong></span> <span class='ocrx_word' id='word_1_955' title='bbox 2283 5149 2442 5203; x_wconf 91' lang='lat' dir='ltr'><strong>Decio</strong></span> <span class='ocrx_word' id='word_1_956' title='bbox 2458 5149 2689 5202; x_wconf 86' lang='lat' dir='ltr'><strong>subiisse</strong></span> <span class='ocrx_word' id='word_1_957' title='bbox 2705 5150 3039 5219; x_wconf 87' lang='lat' dir='ltr'><strong>martyrium.</strong></span> <span class='ocrx_word' id='word_1_958' title='bbox 3059 5150 3290 5203; x_wconf 86' lang='lat' dir='ltr'><strong>Causam</strong></span> <span class='ocrx_word' id='word_1_959' title='bbox 3309 5152 3514 5205; x_wconf 87' lang='lat' dir='ltr'><strong>erroris</strong></span> <span class='ocrx_word' id='word_1_960' title='bbox 3537 5150 3614 5204; x_wconf 86' lang='lat' dir='ltr'><strong>Eu</strong></span> <span class='ocrx_word' id='word_1_961' title='bbox 3626 5180 3647 5191; x_wconf 86' lang='lat'><strong>-</strong></span> 
     </span>
    </p>
   </div>
   <div class='ocr_carea' id='block_1_139' title="bbox 2067 5218 3645 5289">
    <p class='ocr_par' dir='ltr' id='par_1_139' title="bbox 2067 5218 3645 5289">
     <span class='ocr_line' id='line_1_139' title="bbox 2067 5218 3645 5289; baseline 0.001 -16"><span class='ocrx_word' id='word_1_962' title='bbox 2067 5218 2218 5275; x_wconf 75' lang='lat' dir='ltr'><strong>Sebio</strong></span> <span class='ocrx_word' id='word_1_963' title='bbox 2259 5219 2507 5285; x_wconf 67' lang='lat' dir='ltr'><strong>praebuit,</strong></span> <span class='ocrx_word' id='word_1_964' title='bbox 2549 5219 2695 5287; x_wconf 91' lang='lat' dir='ltr'><strong>quod</strong></span> <span class='ocrx_word' id='word_1_965' title='bbox 2719 5219 2848 5271; x_wconf 84' lang='lat' dir='ltr'><strong>Acta</strong></span> <span class='ocrx_word' id='word_1_966' title='bbox 2884 5218 2971 5289; x_wconf 75' lang='lat' dir='ltr'><strong>illa</strong></span> <span class='ocrx_word' id='word_1_967' title='bbox 3003 5219 3173 5273; x_wconf 85' lang='lat' dir='ltr'><strong>Pionii</strong></span> <span class='ocrx_word' id='word_1_968' title='bbox 3204 5230 3258 5274; x_wconf 84' lang='lat' dir='ltr'><strong>et</strong></span> <span class='ocrx_word' id='word_1_969' title='bbox 3294 5220 3455 5289; x_wconf 87' lang='lat' dir='ltr'><strong>Carpi</strong></span> <span class='ocrx_word' id='word_1_970' title='bbox 3482 5221 3645 5274; x_wconf 89' lang='lat' dir='ltr'><strong>simul</strong></span> 
     </span>
    </p>
   </div>
   <div class='ocr_carea' id='block_1_140' title="bbox 2067 5287 3645 5358">
    <p class='ocr_par' dir='ltr' id='par_1_140' title="bbox 2067 5287 3645 5358">
     <span class='ocr_line' id='line_1_140' title="bbox 2067 5287 3645 5358; baseline 0.001 -15"><span class='ocrx_word' id='word_1_971' title='bbox 2067 5303 2188 5344; x_wconf 91' lang='lat' dir='ltr'><strong>cum</strong></span> <span class='ocrx_word' id='word_1_972' title='bbox 2217 5289 2361 5343; x_wconf 81' lang='lat' dir='ltr'><strong>Actis</strong></span> <span class='ocrx_word' id='word_1_973' title='bbox 2385 5289 2665 5358; x_wconf 85' lang='lat' dir='ltr'><strong>passionis</strong></span> <span class='ocrx_word' id='word_1_974' title='bbox 2696 5289 2869 5358; x_wconf 83' lang='lat' dir='ltr'><strong>sancti</strong></span> <span class='ocrx_word' id='word_1_975' title='bbox 2898 5287 3179 5358; x_wconf 83' lang='lat' dir='ltr'><strong>Polycarpi</strong></span> <span class='ocrx_word' id='word_1_976' title='bbox 3213 5291 3266 5342; x_wconf 94' lang='lat' dir='ltr'><strong>in</strong></span> <span class='ocrx_word' id='word_1_977' title='bbox 3315 5287 3422 5345; x_wconf 80' lang='lat' dir='ltr'><strong>uno</strong></span> <span class='ocrx_word' id='word_1_978' title='bbox 3456 5293 3645 5344; x_wconf 83' lang='lat' dir='ltr'><strong>codice</strong></span> 
     </span>
    </p>
   </div>
   <div class='ocr_carea' id='block_1_141' title="bbox 2065 5357 3645 5428">
    <p class='ocr_par' dir='ltr' id='par_1_141' title="bbox 2065 5357 3645 5428">
     <span class='ocr_line' id='line_1_141' title="bbox 2065 5357 3645 5428; baseline 0 -15"><span class='ocrx_word' id='word_1_979' title='bbox 2065 5371 2343 5428; x_wconf 89' lang='lat' dir='ltr'><strong>compacta</strong></span> <span class='ocrx_word' id='word_1_980' title='bbox 2383 5357 2718 5426; x_wconf 85' lang='lat' dir='ltr'><strong>legebantur.</strong></span> <span class='ocrx_word' id='word_1_981' title='bbox 2749 5357 2838 5426; x_wconf 68' lang='grc' dir='ltr'><strong>ιΕχ</strong></span> <span class='ocrx_word' id='word_1_982' title='bbox 2878 5357 3331 5428; x_wconf 70' lang='grc' dir='ltr'>ιμιοειιερὶεειιιιε</span> <span class='ocrx_word' id='word_1_983' title='bbox 3365 5369 3450 5413; x_wconf 80' lang='grc' dir='ltr'><strong>εει</strong></span> <span class='ocrx_word' id='word_1_984' title='bbox 3478 5360 3645 5413; x_wconf 82' lang='lat' dir='ltr'><strong>Euse-</strong></span> 
     </span>
    </p>
   </div>
   <div class='ocr_carea' id='block_1_142' title="bbox 2068 5428 3473 5497">
    <p class='ocr_par' dir='ltr' id='par_1_142' title="bbox 2068 5428 3473 5497">
     <span class='ocr_line' id='line_1_142' title="bbox 2068 5428 3473 5497; baseline 0 -14"><span class='ocrx_word' id='word_1_985' title='bbox 2068 5431 2188 5483; x_wconf 89' lang='lat' dir='ltr'><strong>bius</strong></span> <span class='ocrx_word' id='word_1_986' title='bbox 2209 5429 2327 5483; x_wconf 90' lang='lat' dir='ltr'><strong>illos</strong></span> <span class='ocrx_word' id='word_1_987' title='bbox 2361 5444 2467 5481; x_wconf 89' lang='lat' dir='ltr'><strong>uno</strong></span> <span class='ocrx_word' id='word_1_988' title='bbox 2487 5428 2787 5496; x_wconf 85' lang='lat' dir='ltr'><strong>eodemque</strong></span> <span class='ocrx_word' id='word_1_989' title='bbox 2811 5439 3053 5496; x_wconf 91' lang='lat' dir='ltr'><strong>tempore</strong></span> <span class='ocrx_word' id='word_1_990' title='bbox 3077 5444 3264 5497; x_wconf 86' lang='lat' dir='ltr'><strong>passos</strong></span> <span class='ocrx_word' id='word_1_991' title='bbox 3287 5431 3473 5489; x_wconf 79' lang='lat' dir='ltr'><strong>fuisse.</strong></span> 
     </span>
    </p>
   </div>
   <div class='ocr_carea' id='block_1_143' title="bbox 2137 5496 3644 5570">
    <p class='ocr_par' dir='ltr' id='par_1_143' title="bbox 2137 5496 3644 5570">
     <span class='ocr_line' id='line_1_143' title="bbox 2137 5496 3644 5570; baseline -0.001 -17"><span class='ocrx_word' id='word_1_992' title='bbox 2137 5497 2273 5570; x_wconf 87' lang='lat'>(88‘)</span> <span class='ocrx_word' id='word_1_993' title='bbox 2323 5497 2811 5570; x_wconf 66' lang='grc' dir='ltr'>Ἐντεταγμένην.</span> <span class='ocrx_word' id='word_1_994' title='bbox 2878 5496 3201 5570; x_wconf 86' lang='lat' dir='ltr'><strong>Al._impr.,</strong></span> <span class='ocrx_word' id='word_1_995' title='bbox 3243 5496 3644 5569; x_wconf 81' lang='grc' dir='ltr'>ὲντεταγμὲνη,</span> 
     </span>
    </p>
   </div>
   <div class='ocr_carea' id='block_1_144' title="bbox 2068 5567 3129 5645">
    <p class='ocr_par' dir='ltr' id='par_1_144' title="bbox 2068 5567 3129 5645">
     <span class='ocr_line' id='line_1_144' title="bbox 2068 5567 3129 5645; baseline -0.003 -21"><span class='ocrx_word' id='word_1_996' title='bbox 2068 5567 2687 5645; x_wconf 50' lang='grc' dir='ltr'>ηἱρἰειιφ-ιέροειξίῳιιε</span> <span class='ocrx_word' id='word_1_997' title='bbox 2717 5582 2929 5645; x_wconf 64' lang='lat' dir='ltr'><strong>errore.</strong></span> <span class='ocrx_word' id='word_1_998' title='bbox 2965 5567 3129 5645; x_wconf 81' lang='lat' dir='ltr'><strong>_Eor_r.</strong></span> 
     </span>
    </p>
   </div>
   <div class='ocr_carea' id='block_1_145' title="bbox 2136 5634 3646 5721">
    <p class='ocr_par' dir='ltr' id='par_1_145' title="bbox 2136 5634 3646 5721">
     <span class='ocr_line' id='line_1_145' title="bbox 2136 5634 3646 5721; baseline -0.003 -28"><span class='ocrx_word' id='word_1_999' title='bbox 2136 5639 2258 5721; x_wconf 69' lang='grc' dir='ltr'><strong>(89)Δ</strong></span> <span class='ocrx_word' id='word_1_1000' title='bbox 2291 5634 2473 5704; x_wconf 78' lang='grc' dir='ltr'><strong>Ἑξῆς</strong></span> <span class='ocrx_word' id='word_1_1001' title='bbox 2497 5634 2701 5721; x_wconf 40' lang='lat' dir='ltr'><strong>lictis-al.</strong></span> <span class='ocrx_word' id='word_1_1002' title='bbox 2721 5634 2927 5721; x_wconf 45' lang='lat' dir='ltr'><strong>(LM-am</strong></span> <span class='ocrx_word' id='word_1_1003' title='bbox 2953 5637 3020 5690; x_wconf 77' lang='grc' dir='ltr'><strong>ὲν</strong></span> <span class='ocrx_word' id='word_1_1004' title='bbox 3040 5635 3534 5721; x_wconf 47' lang='grc' dir='ltr'>Περγάμῳ..Ηοηο</span> <span class='ocrx_word' id='word_1_1005' title='bbox 3571 5637 3646 5689; x_wconf 81' lang='lat' dir='ltr'><strong>lu-</strong></span> 
     </span>
    </p>
   </div>
   <div class='ocr_carea' id='block_1_146' title="bbox 2064 5706 3655 5779">
    <p class='ocr_par' dir='ltr' id='par_1_146' title="bbox 2064 5706 3655 5779">
     <span class='ocr_line' id='line_1_146' title="bbox 2064 5706 3655 5779; baseline -0.006 -11"><span class='ocrx_word' id='word_1_1006' title='bbox 2064 5706 2187 5768; x_wconf 82' lang='lat' dir='ltr'><strong>cum</strong></span> <span class='ocrx_word' id='word_1_1007' title='bbox 2224 5706 2300 5766; x_wconf 82' lang='lat' dir='ltr'><strong>ita</strong></span> <span class='ocrx_word' id='word_1_1008' title='bbox 2323 5706 3128 5779; x_wconf 81' lang='lat' dir='ltr'><strong>accepit_Cbristophorsonus,</strong></span> <span class='ocrx_word' id='word_1_1009' title='bbox 3153 5706 3307 5776; x_wconf 72' lang='lat' dir='ltr'><strong>quasi</strong></span> <span class='ocrx_word' id='word_1_1010' title='bbox 3338 5709 3474 5759; x_wconf 80' lang='lat' dir='ltr'><strong>Acta</strong></span> <span class='ocrx_word' id='word_1_1011' title='bbox 3503 5723 3655 5760; x_wconf 84' lang='lat' dir='ltr'><strong>mar-</strong></span> 
     </span>
    </p>
   </div>
   <div class='ocr_carea' id='block_1_147' title="bbox 3343 5805 3420 5862">
    <p class='ocr_par' dir='ltr' id='par_1_147' title="bbox 3343 5805 3420 5862">
     <span class='ocr_line' id='line_1_147' title="bbox 3343 5805 3420 5862; baseline 0.013 -1"><span class='ocrx_word' id='word_1_1012' title='bbox 3343 5805 3420 5862; x_wconf 80' lang='grc'><strong>12</strong></span> 
     </span>
    </p>
   </div>
  </div>
