4198 6408
512 275 614 331 ἷυίὶδ
1027 318 1039 331 .
1226 270 1495 329 EUSEBlf
1530 266 2012 326 ωςεΑιιιΕΝεισ
2051 266 2203 324 OPP.
2238 265 2421 324 PARS
2458 264 2500 322 l.
2536 297 2607 310 -
2642 265 3039 326 HISTORICA.
3667 263 3774 320 564

504 394 693 461 Atque
721 390 813 446 hic
835 388 1017 446 exitus
1049 385 1348 443 admirandi
1377 384 1522 439 illius
1564 393 1617 437 et
1658 381 1937 453 apostolici
1983 380 2082 436 Po-

2195 379 2622 452 μαρτυρηκότων
2658 380 2907 454 φέρεται,
2949 381 3183 452 Κάρπου
3224 377 3317 433 καὶ
3349 377 3628 443 Παπύλου,
3674 377 3775 433 καὶ

501 487 619 557 lyea
636 487 718 557 rpi
754 503 768 539 :
805 482 961 554 cujus
985 480 1234 539 ordinem
1252 493 1317 534 ac
1338 475 1534 532 seriem
1568 474 1763 530 fratres
1789 473 2082 546 Smyrnen-

2195 471 2453 541 γυναικὸς
2487 471 2863 545 Ἀγαθονίκης,
2893 473 3029 544 μετὰ
3051 472 3309 535 πλείστας
3332 473 3423 526 καὶ
3453 470 3776 543 διαπρεπεῖς

501 576 577 631 sis
616 576 892 639 Ecclesiae,
927 574 978 627 in
1008 586 1070 626 ea
1096 585 1257 641 quam
1296 568 1531 624 diximus
1555 563 1782 635 epistola
1812 567 2082 620 memorim

2194 565 2484 635 ὁμολογίας
2505 566 2767 633 ἐπιδόξως
2791 564 3244 636 τετελειωμένων.

501 668 882 736 prodiderunt.
917 663 1021 719 Seu
1052 671 1110 717 et
1132 661 1234 716 alia
1261 659 1521 730 martyris
1552 659 1654 713 sub
1700 657 1842 713 idem
1874 666 2087 728 tempus

499 772 606 828 quo
641 759 974 830 Polycarpus
1014 769 1207 827 passus
1245 760 1345 817 εει,
1400 752 1539 821 apud
1584 751 1882 823 Smyrnam
1934 748 2102 814 facta,
2146 750 2199 804 in
2262 751 2451 804 eadem
2519 747 2747 817 epistola
2778 749 3110 819 coniunctim
3159 747 3432 817 leguntur.
3477 744 3535 799 In
3579 743 3776 814 quibus

497 861 548 903 et
580 851 924 907 Metrodorus
956 848 1198 919 quidam,
1228 845 1322 916 qui
1384 841 1679 899 Marcionis
1737 851 1899 898 sectae
1937 840 2228 913 presbyter
2292 842 2598 905 dicebatur,
2646 839 2877 895 ﬂammis
2922 848 3284 909 consumptus
3337 837 3563 891 interiit.
3618 835 3777 889 Cele-

508 948 780 1005 berrimus
806 959 1025 1018 quoque
1057 944 1204 998 inter
1236 941 1480 1009 reliquos
1537 937 1653 1008 ejus
1720 938 1978 1008 temporis
2005 947 2273 1009 martyres
2312 936 2414 991 fuit
2444 935 2691 991 Pionius.
2757 933 2924 1004 Cujus
2979 934 3226 1003 singulas
3257 931 3631 987 confessiones
3654 971 3669 994 ,
3698 945 3763 985 ac

509 1045 811 1101 libertatem
838 1043 892 1097 in
929 1040 1178 1105 dicendo,
1205 1046 1373 1107 utque
1438 1049 1626 1091 coram
1690 1033 1906 1103 populis
1936 1048 2001 1087 ac
2061 1033 2380 1103 przesidibns
2447 1046 2547 1102 pro
2604 1030 2727 1085 fidei
2789 1041 2993 1085 nostra:
3038 1028 3354 1085 defensione
3388 1025 3724 1099 peroraverit
3756 1067 3772 1092 ,

506 1132 802 1191 conciones
859 1132 987 1186 item
1047 1128 1115 1183 de
1185 1125 1524 1181 institutione
1591 1121 1740 1189 fidei,
1812 1133 2075 1192 praeterea
2115 1122 2549 1185 cohortationes,
2620 1130 2783 1191 atque
2836 1121 3184 1175 invitationes
3244 1123 3310 1174 ad
3341 1134 3437 1175 eos
3463 1119 3556 1189 qui
3591 1133 3779 1189 perse-

508 1228 745 1287 cutionis
785 1234 1037 1294 tempore
1095 1220 1232 1291 lapsi
1268 1218 1483 1275 fuerant
1520 1236 1534 1273 :
1605 1216 1965 1272 allocutiones
1989 1217 2153 1271 etiam
2196 1227 2247 1271 et
2272 1216 2675 1271 consolationes
2713 1229 2852 1284 quas
2902 1214 2954 1268 in
3005 1228 3232 1268 carcere
3278 1213 3486 1283 positus
3523 1210 3775 1266 adeunti-

510 1329 609 1381 bus
633 1325 815 1390 ipsum
878 1318 1143 1375 fratribus
1206 1314 1498 1379 adhibuit;
1543 1329 1665 1384 qua:
1699 1328 1865 1383 super
1904 1314 1995 1367 his
2038 1322 2347 1373 tormenta.
2391 1322 2737 1382 quantosque
2776 1310 2994 1366 dolores
3037 1309 3360 1364 sustinuerit
3419 1323 3435 1362 :
3498 1306 3775 1361 clavorum

507 1412 732 1479 insuper
764 1407 1125 1469 conﬁxiones,
1164 1411 1220 1460 et
1257 1403 1563 1458 mirabilem
1611 1403 1665 1457 in
1723 1403 1907 1458 medio
1947 1415 2080 1470 rogo
2117 1401 2485 1455 constantiam
2553 1420 2567 1455 :
2634 1406 2866 1454 mortem
2909 1397 3144 1465 denique
3189 1397 3361 1467 ipsam
3406 1411 3527 1467 qua:
3573 1404 3770 1451 cuncta

509 1505 600 1562 illa
629 1500 895 1559 miracula
932 1500 1224 1555 subsecuta
1283 1508 1388 1565 est,
1414 1497 1462 1553 si
1521 1497 1615 1567 qui
1645 1495 1830 1551 volent
1889 1509 2248 1567 cognoscere,
2288 1508 2383 1550 eos
2420 1494 2488 1549 ad
2533 1492 2815 1564 epistolam
2882 1490 2949 1546 de
2980 1489 3124 1545 illius
3177 1488 3444 1559 martyrio
3501 1488 3770 1542 uberrime

508 1595 875 1664 conscriptam
932 1591 1311 1659 amandamus,
1355 1604 1518 1660 quam
1578 1602 1679 1645 nos
1730 1588 1784 1643 in
1844 1602 2011 1659 opere
2062 1589 2129 1643 de
2169 1585 2364 1658 priscis
2415 1584 2746 1658 martyribus
2797 1597 3032 1653 quorum
3101 1581 3386 1653 passiones
3434 1580 3773 1651 collegimus.

516 1687 677 1759 136
697 1684 891 1759 ordine
952 1697 1053 1739 suo
1087 1682 1435 1738 inseruimus.
1490 1681 1739 1735 Aliorum
1774 1692 2039 1751 praeterea
2069 1679 2161 1749 qui
2202 1679 2256 1733 in
2294 1678 2427 1733 urbe
2459 1678 2602 1733 Asia:
2631 1676 2899 1747 Pergamo
2942 1670 3044 1731 sub
3087 1675 3141 1728 id
3192 1683 3401 1742 tempus
3451 1673 3774 1745 martyrium

509 1779 655 1850 passi
690 1785 837 1842 sunt,
866 1777 1002 1831 Acta
1038 1775 1337 1832 etiamnum
1389 1771 1871 1839 circumferuntur,
1918 1772 2084 1841 Carpi
2121 1772 2392 1834 videlicet,
2463 1767 2689 1837 Papuli,
2752 1777 2809 1823 et
2850 1765 3098 1822 mulieris
3146 1763 3429 1833 cujusdam
3474 1764 3769 1836 Agathoni-

508 1887 587 1929 απ
617 1889 632 1924 :
663 1871 757 1942 qui
799 1881 919 1941 post
955 1868 1156 1925 multas
1189 1877 1352 1937 atque
1409 1866 1651 1923 illustres
1693 1865 1819 1921 fidei
1879 1874 2080 1920 nostrae
2116 1864 2491 1920 confessiones
2531 1862 2769 1933 glorioso
2801 1862 2953 1914 exitu
2985 1860 3350 1917 consummati
3379 1866 3525 1915 sunt.

1076 2045 1308 2105 CAPUT
1357 2044 1499 2103 XVI.

508 2167 783 2237 Quomodo
840 2165 1093 2237 Justinus
1137 2161 1506 2237 philosophus_
1534 2159 1838 2237 religionem
1885 2157 2088 2214 Christi

712 2236 889 2292 Roma
929 2234 1229 2304 pradicans
1283 2230 1602 2301 martyrium
1652 2231 1870 2284 meruit.

573 2418 770 2474 Iisdem
798 2413 1138 2485 temporibus
1158 2421 1213 2467 et
1232 2410 1509 2474 Justinus,
1550 2408 1710 2480 cujus
1735 2425 1901 2479 supra
1934 2424 2090 2464 men-

503 2512 704 2567 tionem
724 2509 973 2574 fecimus,
996 2522 1122 2563 eum
1146 2508 1377 2562 alterum
1395 2505 1593 2561 librum
1614 2518 1714 2577 pro
1737 2504 1863 2560 fidei
1886 2513 2089 2559 nostra:

503 2601 823 2659 defensione
856 2596 1279 2670 imperatoribus
1301 2595 1557 2666 superius
1589 2594 1911 2651 memoratis
1927 2594 2087 2649 obtu-

503 2694 685 2758 lisset,
719 2706 879 2748 sacro
909 2690 1175 2762 martyrio
1201 2695 1498 2745 exornatus
1523 2694 1608 2742 est
1639 2686 1835 2742 fraude
1868 2700 1935 2742 ac
1972 2699 2088 2740 ma-

504 2783 912 2841 chinationibus
948 2781 1260 2838 Crescentis
1301 2779 1655 2850 philosophi,
1710 2777 1806 2848 qui
1860 2777 2087 2833 vivendi

503 2877 772 2932 rationem
813 2887 1039 2945 prorsus
1090 2870 1505 2929 convenientem
1545 2884 1610 2926 ac
1662 2869 2085 2941 respondentem

501 2966 724 3039 Cynica:
781 2964 1125 3036 appellationi
1177 2962 1558 3019 aemulabatur.
1598 2961 1771 3029 Quem
1814 2976 1938 3017 cum
1991 2957 2087 3018 ille

502 3060 790 3130 disputans
814 3057 1169 3114 audientibus
1194 3054 1445 3127 plurimis
1469 3054 1824 3120 eonvicisset,
1863 3053 2086 3109 tandem

505 3150 756 3207 veritatis
789 3149 934 3205 illius
960 3164 1125 3221 quam
1154 3149 1571 3221 praedicaverat,
1607 3146 1896 3217 praemium
1939 3159 2087 3199 mar-

501 3240 645 3311 tyrio
691 3248 1019 3296 consecutus
1073 3248 1175 3297 est.
1238 3239 1394 3295 llunc
1442 3246 1628 3293 autem
1684 3237 1893 3292 exitum
1936 3237 2084 3302 vitae,

499 3329 641 3385 idem
680 3330 770 3385 ille
813 3344 961 3385 verae
997 3332 1280 3401 sapientiae
1323 3329 1760 3387 studiosissimus
1814 3338 2080 3394 sectator,

2706 2022 3101 2076 ΚΕΦΔΛΑΙΟΝ
3132 2023 3251 2089 ις’.

2195 2136 2385 2209 Ὅπως
2413 2137 2744 2209 -Ὶοινστῖνθς
2790 2140 2824 2209 d
2877 2139 3212 2206 φιλόσοφος
3241 2137 3349 2191 τὸν
3394 2139 3652 2209 Χριστοῦ
3678 2140 3777 2195 1-5-

2189 2223 2301 2277 γον
2328 2206 2428 2260 ἐπὶ
2453 2207 2563 2276 τῆς
2603 2208 2914 2282 ΔῬωμαίῳνῄ
2949 2212 3184 2282 adiice»;
3223 2206 3571 2282 πρεσϐεύων
3599 2212 3776 2282 ἐμαρ-

2546 2277 2972 2348 τύρησενωίσ.
3008 2278 3081 2335 Η.
3108 2278 3178 2334 E.
3257 2294 3343 2347 III,
3374 2280 3487 2351 52).

2261 2412 2419 2467 Κατὰ
2444 2411 2666 2477 τούτους
2694 2412 2750 2466 δὲ
2779 2411 2874 2465 καὶ
2897 2411 2926 2465 ὁ
2957 2409 3140 2483 μικρῷ
3176 2411 3411 2483 πρόσθεν
3434 2414 3573 2484 ,ἡμῖν
3605 2412 3775 2484 δηλω-

2190 2502 2302 2568 θεὶς
2340 2504 2645 2568 Ἰουστῖνος,
2677 2502 2929 2573 δεύτερον
2954 2502 3097 2574 ὑπὲρ
3122 2501 3231 2555 τῶν
3259 2501 3382 2555 καθ’
3411 2505 3560 2573 ἡμᾶς
3579 2504 3775 2573 δογμά-

2174 2580 2295 2649 ’των
2327 2594 2531 2666 βιϐλίον
2552 2594 2781 2658 ἀναδοὺς
2811 2593 2921 2665 (90)
2957 2597 3070 2659 τοῖς
3102 2592 3493 2667 δεδηλωμένοις
3526 2595 3773 2667 ἄρχουσι,

2190 2687 2320 2759 θείῳ
2349 2688 2782 2757 κατακοσμεῖται
2818 2686 3103 2758 μαρτυρίῳ
3123 2729 3137 2752 ,
3180 2686 3471 2757 φιλοσόφου
3505 2686 3776 2758 Κρίσκεν-

2186 2797 2280 2844 τος
2333 2780 2446 2852 (τὸν
2491 2777 2812 2851 φερώνυμον
2842 2779 2898 2832 δὲ
2918 2774 3074 2842 οὗτος
3100 2782 3166 2849 τῇ
3193 2780 3403 2850 Κυνικῇ
3437 2780 3775 2853 προσηγορίᾳ

2188 2869 2304 2940 βίον
2332 2886 2391 2923 τε
2407 2869 2502 2923 καὶ
2514 2869 2715 2943 τρόπον
2739 2867 2968 2942 ἐζήλου)
2998 2869 3095 2941 τὴν
3128 2868 3421 2941 ἐπιϐουλὴν
3461 2871 3609 2943 αὐτῷ
3640 2887 3774 2925 κατ-

2186 2960 2544 3035 αρτύσαντος,
2573 2961 2808 3034 ἐπείπερ
2840 2960 3127 3026 πλεονάκις
3180 2962 3238 3015 ἐν
3275 2960 3541 3031 διαλόγοις
3576 2962 3776 3035 ἀκροα-

2186 3053 2295 3108 τῶν
2318 3053 2603 3126 παρόντων
2633 3054 2743 3125 (91)
2771 3053 2997 3117 εὐθύνας
3030 3052 3192 3107 αὑτὸν
3214 3093 3228 3117 ,
3256 3051 3327 3106 τὰ
3366 3055 3658 3127 νικητήρια
3689 3072 3777 3108 τε·

2186 3146 2391 3203 λευτῶν
2418 3148 2559 3221 ὑπὲρ
2595 3144 2665 3223 ἧς
2692 3147 3025 3219 ἐπρέσὸευεν
3051 3146 3305 3219 ἀληθείας
3328 3187 3343 3212 ,
3371 3146 3462 3201 διὰ
3503 3147 3599 3201 τοῦ
3630 3166 3772 3220 μαρ-

2184 3240 2371 3313 τυρίου
2393 3239 2486 3294 τοῦ
2515 3241 2633 3294 κατ’
2668 3240 2830 3294 αὐτὸν
2860 3240 3177 3312 ἀνεδήσατο.
3221 3239 3392 3293 Τοῦτο
3433 3239 3491 3293 δέ
3539 3240 3633 3294 καὶ
3676 3241 3775 3295 αὐ-

2184 3330 2276 3396 τὸς
2299 3334 2460 3396 όταῖς
2485 3331 2767 3403 ἀληθείαις
2793 3331 3250 3402 φιλοσοφώτατος,
3282 3333 3340 3385 ἐν
3368 3334 3434 3404 τῇ
3464 3332 3772 3405 δεδηλωμέ-

498 3423 557 3479 in
600 3425 915 3493 supradicto
963 3425 1298 3497 Apotogetico
1352 3433 1539 3493 aperte
1587 3432 1752 3495 prout
1811 3431 1934 3478 erat
1978 3422 2082 3494 ipsi

2187 3441 2253 3495 νῃ
2299 3423 2620 3495 Ἀπολογίᾳ
2644 3424 2832 3494 σαφῶς
2854 3424 3027 3488 οὕτως
3045 3462 3060 3489 ,
3090 3423 3278 3496 ὥσπερ
3306 3420 3401 3479 οὖν
3428 3425 3522 3479 καὶ
3552 3422 3773 3495 ἔμελλεν

498 3529 670 3585 prope
708 3515 853 3571 diem
888 3528 1208 3583 eventurus,
1243 3516 1491 3585 praedicit
1534 3515 1623 3572 bis
1649 3514 1835 3571 verbis
1866 3532 1880 3569 :
1923 3531 1943 3566 ι
1967 3513 2082 3586 Ego

2189 3517 2314 3571 ὅσον
2339 3514 2489 3571 οὔπω
2522 3516 2651 3589 περὶ
2676 3515 2838 3570 αὐτὸν
2880 3514 3256 3587 συμϐήσεσθαι
3276 3556 3291 3579 ,
3319 3514 3608 3588 προλαόὼν
3637 3516 3772 3569 ἀπο-

499 3605 666 3661 etiam
704 3616 967 3677 exspecto
990 3618 1052 3663 ut
1078 3608 1145 3664 ab
1183 3609 1369 3679 aliquo
1408 3623 1603 3665 eorum
1640 3610 1731 3679 qui
1768 3607 2082 3678 philosophi

502 3699 864 3770 appellantur,
897 3701 1112 3761 insidiis
1140 3711 1384 3772 appetar,
1436 3708 1494 3755 et
1539 3700 1592 3756 in
1643 3714 1874 3756 nervum
1920 3714 2078 3755 com-

499 3909 692 3974 tyrnmg
720 3899 966 3974 Carpi‘et
991 3900 1200 3969 Papuli,
1234 3900 1291 3974 i_n
1328 3902 1518 3974 eadem
1542 3901 1632 3956 illa
1669 3900 2078 3974 Smyrnmorum

500 3970 727 4042 epistola
758 3970 1189 4026 continerentur.
1226 3970 1383 4037 Quod
1409 3981 1589 4042 tamen
1623 3970 1810 4027 verum
1839 3987 1947 4025 non
1984 3988 2087 4039 pu-

501 4040 578 4098 to.
606 4040 793 4113 Neque
831 4042 975 4113 enim
1017 4043 1311 4095 verisimile
1333 4050 1446 4113 est,
1476 4040 1786 4113 Smyrnaos
1826 4047 2085 4113 martyris

541 4127 623 4167 um
666 4111 914 4181 Pergami
938 4121 1088 4181 gesta
1127 4120 1304 4175 erant,
1331 4111 1383 4163 in
1421 4110 1649 4181 epistOla
1683 4126 1779 4166 sua
1811 4110 2083 4167 retulisse.

548 4180 840 4253 robabilius
860 4180 962 4245 est;
982 4183 1111 4235 Acta
1143 4183 1258 4253 haec
1290 4190 1588 4253 martyrum
1628 4180 2085 4253 Pergamenorum

499 4269 529 4307 a
559 4252 857 4323 Smyrnaeis
905 4254 989 4307 vel
1024 4268 1055 4306 a
1106 4250 1461 4323 quibusdant'_
1477 4250 1626 4323 aliis,
1659 4250 1757 4323 ob‘
1780 4255 2086 4323 argumenti

497 4319 907 4379 similitudinem
943 4319 1138 4392 postea
1164 4321 1418 4393 adiuncta
1436 4319 1608 4375 fuisse
1634 4319 1878 4393 epistola:
1893 4320 2086 4393 Smyr-

500 4409 762 4460 naorum,
809 4401 863 4448 et
910 4391 966 4446 in
1000 4408 1167 4447 unum
1208 4391 1363 4461 quasi
1406 4405 1604 4461 corpus
1633 4391 1872 4445 redacta.
1907 4391 2084 4460 Atque

498 4465 571 4519 ita
614 4463 759 4518 hunc
796 4462 971 4518 locum
1019 4460 1239 4530 cepisse
1268 4460 1890 4529 videtur’Nicephorus.
1937 4463 2081 4518 Duas

500 4548 664 4604 porro
692 4533 949 4604 epistolas
979 4534 1390 4604 Smyrnzeorum
1426 4530 1592 4586 fuisse
1627 4532 1913 4604 existimo:
1945 4532 2078 4588 alte-

2192 3607 2444 3679 σημαίνει
2470 3606 2681 3673 τούτοις
2718 3609 2903 3671 αὐτοῖς
2948 3609 3061 3671 τοῖς
3111 3608 3355 3679 ῥήμασιο
3408 3626 3427 3660 ‹
3469 3607 3640 3677 Κάγὼ
3678 3602 3771 3662 οὖν

2191 3700 2474 3773 προσδοκῶ
2500 3702 2605 3755 ὑπό
2633 3718 2779 3766 τινος
2806 3700 2915 3756 τῶν
2946 3700 3351 3771 ὠνομασμένων
3384 3700 3769 3774 ἐπιϐουλευθῆο

2187 3900 2764 3974 Animadversiouibus
2794 3901 3138 3974 Eusebianis,
3175 3918 3300 3974 pag.
3343 3902 3469 3966 20!.
3510 3904 3586 3958 ait
3622 3903 3770 3959 hunc

2189 3975 2491 4027 secundum
2548 3971 2748 4042 Justini
2808 3971 3445 4042 Apologeticun‘tfcnjus
3494 3976 3596 4028 hoc
3647 3974 3768 4027 loco

2190 4043 2520 4096 mentionem
2552 4040 2683 4097 facit
2722 4040 3006 4105 Eusebius,
3056 4044 3218 4097 hodie
3262 4040 3368 4097 non
3412 4056 3652 4106 exstare,
3684 4044 3768 4097 id-

2187 4126 2293 4181 que
2318 4112 2496 4183 palam
2519 4127 2643 4167 esse
2678 4111 2929 4167 affirmat.
2976 4113 3035 4166 lu
3077 4128 3185 4181 quo
3219 4125 3396 4166 tamen
3438 4114 3594 4183 Iunge
3622 4114 3763 4165 falli-

2190 4191 2297 4252 tur.
2359 4182 2574 4237 Etenim
2629 4183 2915 4246 Eusebius,
2970 4193 3253 4252 postquam
3305 4184 3443 4237 dixit
3489 4182 3763 4238 Justinnm

2186 4251 2565 4375 p‘hilosophum
2612 4252 2904 4334 secundam
2942 4251 3053 4335 pro.
3085 4254 3413 4335 Christianis
3439 4255 3757 4323 Apologiam

2243 4362 2258 4375 .
2303 4321 2525 4375 Aurelio
2565 4323 2843 4375 Antonino
2885 4323 3167 4375 obtulisse.
3220 4333 3405 4375 statim
3450 4341 3516 4375 ex
3569 4324 3757 4375 eadem

2243 4362 2258 4376 .
2303 4321 2525 4377 Aurelio
2565 4323 2843 4379 Antonino
2885 4323 3167 4385 obtulisse,
3220 4323 3405 4377 statim
3450 4341 3516 4379 ex
3569 4321 3760 4378 eadem

2183 4395 2432 4448 oratione
2465 4391 2733 4463 insignem
2778 4392 2971 4463 locum
3012 4391 3190 4455 affert,
3241 4409 3349 4462 quo
3376 4390 3626 4449 Justinus
3664 4395 3763 4447 ad-

2182 4477 2371 4519 versus
2398 4461 2745 4534 Crescentem
2763 4461 3028 4534 Cynicum
3058 4461 3434 4534 philosophum
3467 4465 3760 4521 invehitur.

2185 4534 2286 4600 Qui
2318 4534 2535 4603 quidem
2586 4533 2736 4589 locus
2785 4532 2946 4603 hodie
2975 4542 3153 4603 exstat
3204 4534 3255 4603 in
3298 4532 3552 4602 Apologia
3583 4536 3756 4602 prima

500 4599 616 4658 ram
652 4599 772 4672 quia
800 4604 866 4658 de
898 4599 1204 4675 Polycar-pi,
1236 4602 1462 4675 alteram
1494 4615 1614 4671 quae
1635 4602 1699 4675 de
1732 4601 2081 4675 Pioniimar-
2113 4599 2157 4654 Ι)
2185 4599 2423 4675 ejusdem
2444 4602 2663 4675 Justini,
2688 4619 2809 4674 pag.
2826 4602 2899 4675 46
2922 4602 3175 4675 editionis
3199 4599 3522 4675 Parisiensis
3553 4599 3763 4659 (irasco-

501 4676 642 4745 tyrio
683 4689 925 4745 seorsum
974 4672 1488 4745 commemoraverit
1520 4692 1533 4727 :
1568 4672 1789 4745 quibus
1837 4672 2082 4745 subjecta

499 4741 657 4799 erant
685 4742 816 4798 Acta
839 4745 1109 4813 passionis
1142 4743 1305 4812 Carpi
1332 4750 1388 4797 et
1418 4741 1626 4813 Papuli.
1660 4741 1825 4798 Certe
1862 4742 2082 4798 Pionius

502 4815 741 4883 itemque
770 4813 978 4882 Carpus
1007 4824 1061 4869 et
1095 4814 1350 4885 Papulns,
1389 4814 1551 4885 Decio
1577 4814 1899 4881 imperante,
1934 4828 2081 4866 mar-

503 4886 705 4956 tyrium
738 4886 882 4952 passi
911 4894 1149 4956 sunttut
1175 4882 1372 4956 eorum
1398 4882 1532 4936 Acta
1569 4884 2077 4956 hodiequetestan-

500 4953 614 5009 tur.
641 4954 820 5020 Quare
840 4956 1022 5022 passio
1042 4953 1258 5009 illorum
1286 4953 1477 5009 referri
1508 4970 1613 5009 non
1646 4954 1820 5023 potuit
1849 4955 1901 5008 in
1929 4953 2075 5009 dicta

502 5027 906 5095 Smyrnaeorum
938 5025 1187 5093 epistola,
1217 5040 1339 5092 qua
1385 5024 1455 5079 de
1484 5023 1787 5095 Polycarpi_
1812 5025 2075 5095 martyrio

499 5093 678 5151 adhuc
700 5094 913 5164 recenti
954 5095 1154 5164 scripta
1188 5104 1274 5149 est
1307 5097 1375 5150 ad
1401 5093 1713 5164 ,Ecclesiam
1763 5093 2071 5149 Philomelii

502 5163 837 5235 temporibus
865 5162 1029 5235 Marci
1057 5162 1342 5221 Antonini.
1374 5163 1519 5235 Vide
1542 5165 1841 5235 Baronium
1871 5165 1945 5235 ad;
1970 5179 2074 5235 an-

500 5233 631 5290 nuni
673 5235 880 5306 Christi
935 5233 1059 5306 £69,
1103 5250 1224 5306 cap.
1268 5235 1360 5303 22,
1407 5244 1463 5306 et
1511 5234 1785 5291 Usserium
1820 5235 1874 5288 in
1935 5233 2073 5306 libro

501 5306 577 5360 De
603 5321 743 5359 anno
775 5305 940 5359 solari
967 5304 1311 5359 Macedonum
1334 5314 1385 5359 et
1421 5304 1760 5370 Asianorum,
1791 5319 1910 5371 cap.
1942 5304 1996 5358 5.

570 5375 683 5447 (90)
723 5375 1009 5447 Δεύτερον
1046 5374 1219 5447 ὑπὲρ
1243 5373 1362 5430 τῶν
1391 5376 1521 5431 καθ’
1561 5372 1718 5444 ἡμᾶς
1765 5373 2074 5444 δογμάτων

493 5447 741 5514 ,ϐιϐλίον
763 5446 1046 5512 ἀναδούς.
1068 5446 1332 5515 Eusebius
1355 5448 1493 5500 infra
1512 5460 1629 5515 cap.
1646 5448 1710 5500 ΓΙ
1747 5447 2075 5515 mentionem

498 5506 693 5574 iterum
743 5520 870 5573 facit
925 5506 1084 5585 huj'us
1123 5506 1345 5571 secundi
1390 5506 1736 5585 Apolog'ctici,
1778 5529 1938 5585 quem
1982 5514 2076 5569 Ju-

497 5591 676 5644 stinus
725 5590 854 5659 imp.
900 5588 973 5642 M.
1000 5584 1246 5659 'Aurelio
1288 5584 2073 5659 Antonino:pro‘Christianis

497 5655 1068 5728 dicaveratflijusdem
1101 5656 1224 5712 libri
1251 5656 1499 5728 meminit
1520 5657 1682 5728 etiam
1714 5655 2075 5728 Hieronymus

501 5729 739 5799 irrupere
789 5725 868 5787 De
906 5730 1248 5800 scriptoribus
1298 5725 1680 5783 ecclesiasticis.
1719 5725 1964 5795 Scaliger
2017 5728 2070 5782 iu

2185 4673 2410 4728 Latina.
2441 4674 2639 4729 Verum
2676 4672 2729 4727 in
2766 4672 3001 4742 vulgatis
3028 4672 3227 4728 Justini
3253 4673 3605 4737 editionibus,
3639 4690 3762 4727 ora-

2187 4746 2362 4800 tiones
2385 4744 2531 4799 illius
2563 4743 2908 4812 apologeticze
2949 4754 3278 4811 praepostero
3302 4745 3501 4800 ordine
3522 4743 3759 4799 colloca-

2185 4823 2250 4870 tae
2266 4823 2412 4870 sunt.
2438 4813 2570 4868 Nam
2598 4828 2716 4884 qua:
2739 4812 2973 4884 secunda
2993 4817 3210 4884 ponitur
3240 4814 3293 4867 in
3334 4815 3550 4869 excusis
3571 4829 3756 4868 exem-

2181 4886 2450 4955 plaribus,
2480 4899 2544 4939 ea
2593 4882 2776 4954 priore
2815 4882 2936 4937 loco
2964 4884 3089 4951 puni
3124 4882 3331 4955 debuit.
3361 4883 3493 4949 Qum
3538 4898 3668 4955 vero
3698 4884 3755 4937 in

2178 4952 2507 5009 editi‘onibus
2542 4952 2714 5024 prima
2745 4962 3080 5024 recensetur,
3107 4964 3161 5008 et
3198 4954 3265 5007 ad
3288 4964 3530 5024 senatum
3559 4952 3758 5009 Roma-

2180 5040 2308 5078 num
2335 5023 2593 5092 inscripta
2606 5034 2791 5093 est,ea
2823 5023 3122 5093 posteriore
3149 5024 3269 5079 loco
3283 5023 3538 5079 collocari
3570 5026 3752 5088 debet,

2181 5104 2240 5149 ut
2268 5095 2510 5162 pluribus
2539 5092 2680 5162 infra
2711 5092 2906 5149 dicturi
2939 5108 3152 5148 sumus.

2252 5161 2362 5239 (91)
2398 5161 2730 5239 Ἀκροατῷν
2759 5163 3112 5239 ,παρόν-των.
3144 5162 3231 5239 ita
3270 5162 3486 5239 quidem
3525 5161 3752 5239 Regius.

2182 5233 2291 5291 Sed
2317 5233 2549 5304 quotum
2582 5235 2793 5304 reliqui,
2835 5234 3039 5290 Maaar.
3079 5233 3303 5290 scilicet
3318 5250 3385 5289 ac
3416 5233 3580 5294 Med..
3626 5248 3752 5304 cum

2182 5302 2399 5360 Fnkfet
2443 5302 2739 5371 Saviliano,
2790 5306 3051 5373 scriptum
3104 5307 3326 5368 habent,
3353 5305 3437 5357 ἐπ’
3466 5302 3754 5374 aspecti};

2179 5376 2407 5439 εὐθύνας
2444 5376 2628 5442 αὐτόν,
2657 5377 2798 5445 quod
2842 5376 3058 5444 quidem
3110 5376 3239 5430 mihi
3270 5378 3484 5428 videtur
3529 5376 3753 5445 eli-gan-

2178 5451 2302 5505 lius.
2342 5448 2511 5501 Porro
2543 5449 2661 5501 haec
2676 5442 2941 5517 periodus
2968 5459 3091 5517 cum
3122 5447 3174 5517 in
3207 5445 3397 5517 Graeco
3428 5442 3651 5498 confusa
3681 5446 3754 5497 sit

2175 5532 2237 5571 ac
2269 5518 2603 5588 perturbata,
2632 5515 2846 5571 induas
2869 5530 2899 5568 a
2931 5515 3086 5569 nobis
3112 5515 3284 5569 divisa
3314 5524 3419 5581 est,
3461 5525 3523 5568 ut
3559 5528 3752 5588 sensus

2174 5584 2412 5711 ῗὶῃιῖςιὶοτ
2445 5589 2779 5645 redderetur.
2825 5587 2992 5655 quue
3023 5594 3188 5643 etiam
3222 5593 3349 5641 ante
3374 5601 3474 5642 nos
3502 5584 3756 5655 praestitit

2225 5676 2254 5711 u
2279 5674 2423 5711 "IIIS.

2225 5661 2423 5715 ulinus.
