4198 6396
465 313 570 368 365

1457 305 1804 363 HISTORUE
1847 306 2408 364 ECCLESIASTlC/E
2450 307 2576 363 LIB.
2621 306 2710 364 IV.

3613 313 3722 368 566

465 441 576 486 ναι,
617 421 712 476 καὶ
750 421 892 491 ξύλῳ
935 417 1274 489 ὲντιναγῆναι
1310 417 1445 488 (92),
1475 419 1508 490 ἢ
1537 421 1630 472 καὶ
1655 419 1760 472 ὑπὸ
1783 420 2036 492 Κρίσκεν-

2118 474 2122 481 _
2151 421 2348 490 pingar
2380 439 2393 473 :
2428 421 2498 474 ab
2533 423 2646 490 ipso
2679 419 2906 476 forsitan
2956 419 3270 488 Crescente,
3304 438 3452 480 verte
3482 428 3722 496 philoso-

465 532 556 579 τος
582 513 678 568 τοῦ
708 510 1033 581 ἀφιλοσόφου
1069 510 1163 562 καὶ
1188 509 1544 580 φιλοκόμπου.
1581 510 1655 562 Ub
1684 510 1791 582 γὰρ
1835 512 2046 580 φιλόσο-

466 624 564 677 φον
590 606 767 663 εἰπεῖν
793 601 941 667 ἄξιον
976 601 1068 654 τὸν
1096 600 1262 671 ἄνδρα
1284 639 1298 664 ,
1332 601 1392 664 ὃς
1418 619 1482 670 γε
1515 602 1644 672 περὶ
1689 595 1764 654 ὧν
1812 601 1886 674 μὴ
1928 603 2046 655 ἐπί-

465 717 656 754 σταται
686 696 924 769 δημοσίᾳ
968 696 1414 767 καταμαρτυρεῖ,
1454 695 1530 758 ὡς
1570 695 1743 748 ἀθέων
1783 696 1876 749 καὶ
1920 695 2046 748 ἀσε-

464 793 574 847 ϐῶν
607 788 950 864 Χριστιανῶν
990 787 1187 851 ὄντων,
1223 787 1360 858 πρὸς
1389 787 1547 859 χάριν
1579 789 1672 840 καὶ
1702 787 1892 859 ἡδονὴν
1935 787 2044 840 τῶν

463 885 709 946 πολλῶν,
747 880 1179 952 πεπλανημένως
1224 879 1382 932 τοῦτο
1422 879 1675 950 πράττων
1724 880 1854 951 (95).
1891 880 1961 934 Εἴ
1984 899 2043 934 τε

461 977 571 1048 γὰρ
603 976 677 1048 μὴ
716 973 952 1044 ἐντυχὼν
985 975 1096 1036 τοῖς
1125 971 1220 1026 τοῦ
1264 971 1499 1043 Χριστοῦ
1541 971 1830 1043 διδάγμασι
1872 991 2066 1052 κατα-¹

461 1068 642 1139 τρέχει
675 1069 707 1137 ἡ
719 1065 834 1137 μῶν
855 1105 869 1129 ,
905 1063 1264 1134 παμπόνηρός
1313 1066 1430 1116 ἐστι
1479 1063 1574 1117 καὶ
1609 1063 1832 1117 ἰδιωτῶν
1862 1064 2043 1136 πολλῷ

461 1157 678 1228 χείρων,
698 1158 747 1209 οἳ
771 1155 1127 1225 φυλάττονται
1151 1154 1407 1218 πολλάκις
1427 1173 1493 1207 πε
1501 1156 1556 1227 pl.
1579 1148 1652 1213 ὧν
1672 1156 1772 1208 οὐκ
1791 1157 2044 1210 ἐπίσταν-

460 1266 550 1303 ται
605 1246 941 1318 διαλέγεσθαι
967 1248 1060 1300 καὶ
1085 1246 1572 1320 ψευδομαρτυρεῖν.
1604 1249 1714 1302 Καὶ
1735 1250 1782 1301 εἰ
1806 1248 2042 1319 ἐντυχὼν

460 1339 534 1411 μὴ
565 1339 762 1409 συνῆκε
804 1338 863 1391 τὸ
896 1340 953 1390 ὲν
999 1338 1182 1401 αὐτοῖς
1221 1337 1506 1407 μεγαλεῖον
1531 1378 1546 1402 ,
1581 1339 1614 1408 ἢ
1662 1340 1877 1403 συνεὶς,
1904 1340 2043 1412 πρὸς

454 1431 516 1485 τὸ
549 1433 622 1502 μὴ
652 1429 1055 1500 ὑποπευθῆναι
1087 1429 1326 1494 τοιοῦτος
1349 1431 1520 1485 ταῦτα
1549 1433 1712 1496 ποιεῖ,
1742 1432 1876 1486 πολὺ
1909 1433 2042 1503 μᾶλ-

453 1521 545 1574 λον
573 1521 804 1592 ἀγεννὴς
845 1521 939 1573 καὶ
970 1521 1358 1592 παμπόνηρος,
1397 1522 1672 1593 ἰδιωτικῆς
1721 1524 1816 1577 καὶ
1845 1524 2040 1593 ἀλόγου

451 1614 612 1684 δόξης
637 1613 730 1666 καὶ
779 1611 944 1681 φόϐου
975 1612 1211 1666 ἐλάττων
1256 1613 1352 1667 ῶν.
1389 1615 1499 1668 Καὶ
1530 1615 1638 1686 γὰρ
1670 1614 1943 1687 προθέντα
1973 1632 2040 1686 με

452 1705 548 1759 καὶ
570 1705 925 1776 ἐρωτήσαντα
945 1704 1106 1758 αὑτὸν
1137 1705 1437 1776 ἐρωτήσεις
1459 1706 1611 1770 τινὰς
1636 1705 1908 1771 τοιαύτας,
1938 1725 2041 1777 μα-

2151 514 2288 580 ριιῑω
2314 517 2525 584 ignaro,
2547 525 2598 568 et
2631 517 2888 570 vanitatis
2920 517 3097 584 potius
3114 532 3276 586 quam
3297 519 3542 574 veritatis
3573 535 3721 574 ama-

2147 614 2286 658 tore.
2322 604 2506 673 Neque
2542 607 2684 659 enim
2727 607 3034 676 philosophi
3089 607 3410 663 vocabulum
3459 619 3720 677 meretur,

2146 699 2238 765 qui
2271 699 2336 749 de
2373 698 2539 752 rebus
2569 714 2703 765 quas
2745 715 2976 766 prorsus
3019 699 3258 769 ignorat,
3287 704 3502 771 publice
3549 704 3719 774 loqui,

2145 789 2578 844 ethristianos
2618 791 2813 860 impios
2871 808 2932 845 ac
2980 794 3237 858 profanos
3290 793 3564 850 aﬂirmare
3610 813 3718 851 non

2145 880 2398 945 dubitat,
2460 896 2565 950 quo
2632 883 2862 950 gratiam
2923 895 3106 952 captet
3151 885 3444 954 plebeculac
3477 905 3490 938 :
3526 902 3720 941 errans

2143 971 2385 1025 omnino.
2425 969 2481 1024 Si
2512 972 2657 1025 enim
2686 987 2812 1026 cum
2856 973 3159 1028 doctrinam
3194 975 3399 1030 Christi
3441 993 3716 1044 nunquam

2143 1056 2360 1127 legerit,
2389 1073 2508 1114 eam
2541 1068 2721 1114 tamen
2751 1063 3008 1130 suggillat
3028 1105 3043 1129 ,
3074 1065 3320 1133 profecto
3353 1067 3720 1135 nequissimus

2119 1145 2250 1211 'est,
2281 1160 2334 1203 et
2361 1149 2505 1220 vulgi
2533 1151 2845 1208 hominibus
2884 1154 3054 1208 multo
3081 1158 3338 1218 deterior.
3363 1159 3453 1226 qui
3482 1160 3718 1228 plerum-

2141 1255 2248 1308 que
2281 1257 2478 1298 cavere
2506 1242 2682 1298 solent
2721 1260 2789 1299 ne
2835 1245 2902 1299 de
2943 1246 3012 1300 iis
3053 1248 3214 1302 rebus
3261 1249 3549 1318 loquantur
3579 1265 3719 1319 quas

2143 1333 2416 1400 ignorant.
2462 1347 2599 1390 neve
2644 1334 2837 1389 falsum
2901 1339 3272 1393 testimonium
3299 1341 3604 1410 proferant.
3657 1343 3715 1398 Si

2140 1439 2272 1479 vero
2303 1440 2424 1479 cum
2451 1441 2570 1480 eam
2597 1429 2906 1483 doctrinam
2937 1430 3132 1500 legerit
3156 1473 3172 1498 ,
3200 1433 3537 1501 maiestatem
3571 1435 3716 1490 illius

2141 1517 2370 1572 minime
2411 1518 2714 1583 intellexit;
2761 1529 2850 1573 aut
2877 1522 2922 1575 si
2955 1523 3222 1576 intellexit
3257 1525 3498 1592 quidem,
3529 1543 3713 1580 verum

2141 1609 2216 1663 ita
2254 1619 2314 1662 ut
2344 1611 2456 1665 dixi
2488 1627 2547 1664 se
2576 1612 2739 1682 gerit,
2775 1628 2844 1668 ne
2871 1613 3011 1668 forte
3039 1629 3160 1669 eum
3190 1615 3562 1671 Christianum
3594 1633 3716 1673 esse

2141 1699 2387 1757 homines
2422 1704 2790 1772 suspicentur,
2830 1704 2989 1776 longe
3036 1707 3218 1763 adhuc
3260 1709 3507 1778 ignavior
3536 1709 3716 1779 pejor-

453 1796 565 1850 θεῖν
598 1798 692 1849 καὶ
717 1795 933 1864 ἐλέγξαι
959 1798 1040 1850 ὅτι
1063 1796 1280 1868 ἀληθῶς
1305 1799 1470 1868 μηδὲν
1498 1799 1806 1862 ἐπίσταται,
1835 1798 2033 1852 εἰδέναι

2141 1807 2246 1861 que
2264 1792 2596 1862 judicandus
2637 1803 2753 1857 est,
2789 1797 2989 1866 quippe
3015 1798 3107 1865 qui
3145 1777 3497 1867 popularibus
3537 1777 3714 1869 atque

461 1889 604 1959 ὑμᾶς
638 1886 916 1959 βούλομαι.
953 1889 1062 1942 Καὶ
1094 1889 1176 1943 ὅτι
1205 1889 1381 1960 ἀληθῆ
1407 1889 1549 1960 λέγω
1579 1891 1712 1962 (94),
1740 1892 1789 1943 εἰ
1832 1891 1906 1962 μὴ
1949 1890 2034 1943 ἀν-

459 1977 769 2049 ηνέχθησαν
795 1979 924 2049 ὑμῖν
953 1980 1010 2031 αἱ
1039 1977 1311 2032 κοινωνίαι
1343 1978 1449 2032 τῶν
1470 1978 1662 2047 λόγων,
1697 1979 1910 2050 ἕτοιμος
1941 1978 2036 2032 καὶ

450 2069 540 2137 ἐφ’
570 2068 723 2139 ὑμῶν
767 2071 1042 2121 κοινωνεῖν
1089 2067 1198 2120 τῶν
1229 2068 1550 2139 ἐρωτήσεων
1597 2067 1760 2122 πάλιν
1780 2086 1792 2099 '
1823 2067 2032 2138 βασιλι-

452 2161 547 2216 κὸν
573 2161 617 2214 δ’
643 2160 710 2214 ἂν
735 2161 828 2214 καὶ
855 2159 1013 2213 τοῦτο
1045 2159 1203 2230 ἔργον
1230 2159 1335 2231 εἴη.
1371 2161 1435 2213 Ei
1465 2161 1522 2214 δὲ
1555 2161 1649 2214 καὶ
1683 2158 2032 2229 ἐγνώσθησαν

449 2252 577 2322 ύμῖν
607 2253 660 2305 αἱ
693 2252 989 2323 ἐρωτήσεις
1040 2268 1142 2322 μου
1176 2251 1267 2304 καὶ
1307 2253 1365 2304 αἱ
1419 2251 1627 2305 ἐκείνου
1681 2250 2023 2322 ἀποκρίσεις,

451 2345 684 2415 φανερὸν
707 2346 833 2414 ὑμῖν
861 2336 1006 2397 ἐστιν
1026 2383 1040 2408 ,
1074 2345 1155 2397 ὅτι
1179 2344 1327 2399 οὐδὲν
1355 2344 1462 2398 τῶν
1489 2344 1774 2416 ἡμετέρων
1804 2343 2029 2396 ἐπίστα-

452 2451 544 2487 ται
566 2451 580 2464 ⁸
613 2435 646 2504 ἢ
681 2435 730 2487 εἰ
753 2435 1062 2498 ἐπίσταται,
1089 2435 1177 2489 διὰ
1207 2437 1333 2500 τοὺς
1359 2434 1657 2499 ἀκούοντας
1686 2435 1744 2488 δὲ
1767 2434 1827 2487 οὐ
1857 2433 2034 2506 τολμᾷ

455 2525 652 2592 λέγειν,
684 2525 758 2588 ὼς
783 2525 1040 2596 πρότερον
1075 2525 1246 2598 ἔφην,
1272 2527 1333 2581 οὐ
1367 2526 1653 2597 φιλόσοφος
1671 2565 1685 2588 ,
1717 2525 1852 2579 ἀλλὰ
1881 2525 2033 2594 φιλό-

456 2615 606 2679 δοξος
653 2617 790 2687 ἀνὴρ
833 2616 1138 2679 δείκνυται,
1192 2613 1252 2680 ὅς
1303 2635 1368 2687 γε
1417 2618 1551 2688 μηδὲ
1594 2617 1653 2670 τὸ
1683 2617 2029 2688 Σωκρατικὸν

456 2704 771 2778 ἀξιέραστον
804 2705 866 2760 ὂν
892 2709 1024 2778 τιμᾷ
1049 2707 1180 2779 (95).
1218 2727 1238 2762 ι
1275 2708 1460 2762 Ταῦτα
1490 2706 1591 2778 μὲν
1628 2703 1720 2760 οὖν
1743 2709 1772 2762 ό
1809 2708 2057 2762 Ἰουστῖ-.

523 2869 633 2941 (92)
674 2866 781 2922 Kal
801 2866 983 2941 ﬁndor
997 2865 1394 2941 ἐπιταγῆναι.
1433 2865 1531 2941 lta_
1550 2864 1948 2941 codex_Regius
1968 2875 2022 2922 et

451 2935 782 3008 Nicephorus
800 2939 942 2992 hunc
957 2935 1359 3008 Justinilowm
1389 2937 1670 3008 exhibent.
1706 2936 1810 3008 Sed
1844 2937 1894 3008 in
1918 2953 2016 3008 ve-

450 3006 747 3065 tustissimo
769 3009 956 3061 codice
978 3006 1250 3060 Mazarino
1287 3008 1543 3071 scriptum
1575 3007 1774 3066 inveni,
1804 3007 1906 3059 κάν
1927 3006 2018 3073 ξύ-

447 3081 523 3152 λῳ
546 3077 910 3152 ἐντιναγῆναι.
933 3078 986 3152 In
1008 3076 1183 3152 __Fuk.,
1200 3078 1293 3130 καὶ
1312 3078 1368 3152 έν
1400 3076 1542 3152 ξύλω
1567 3076 1934 3152 ἐντιναγῆναι.
1961 3081 2016 3152 ιιι

448 3146 720 3214 M'edicaao,
744 3146 847 3200 καὶ
875 3149 934 3198 ἐν
960 3146 1100 3216 ξύλῳ
1145 3147 1455 3217 ὲνταγῆναι.
1493 3147 1678 3217 llodie
1703 3146 1756 3217 in
1791 3149 2023 3217 vulgatis

445 3219 641 3274 Justini
690 3219 1022 3288 editionibus
1057 3214 1489 3288 exeusutucst.
1529 3219 1623 3270 καὶ
1663 3214 1803 3286 ξύλῳ
1837 3214 2013 3288 ἐμπα-

445 3289 639 3359 γῆναι,
665 3287 933 3359 quomodo
954 3286 1122 3359 etiam
1139 3287 1191 3339 in
1223 3287 1412 3359 codice
1440 3285 1705 3359 Medich
1717 3285 2019 3359 prius'scri-

445 3355 595 3428 ptum
619 3355 820 3428 fuerat.
849 3357 1396 3428 Eamquelectionem
1429 3365 1646 3428 secutus
1677 3355 1937 3428 Scaliger,
1962 3358 2014 3410 in

446 3424 1027 3481 Animadversionibus
1063 3426 1378 3479 Eusebianis
1405 3425 1565 3479 vertit
1593 3424 2012 3495 patibulo’a/ﬁgi.

451 3502 518 3550 At
537 3496 1064 3562 ChristOphorsonus
1091 3505 1145 3548 et
1171 3502 1296 3547 ante
1326 3495 1471 3546 illum
1498 3495 1728 3558 Langus,
1759 3494 2018 3562 Nicepho-

449 3567 493 3618 ri
541 3569 828 3631 interpres,
874 3572 1154 3616 verterunt
1214 3563 1534 3632 fustuarium
1583 3566 1714 3632 pati,
1760 3566 2014 3631 pessime,

449 3651 568 3688 meo
590 3634 809 3702 quidem
841 3632 1068 3702 judicio.
1097 3633 1342 3694 Ruﬁnus,
1374 3633 1560 3686 baculo
1591 3646 1637 3686 et
1663 3635 1812 3686 clava
1844 3635 2014 3702 feriri,

445 3701 869 3772 quasi’Justinus
891 3701 1098 3755 clavam
1124 3715 1179 3756 et
1210 3703 1456 3755 baculum
1485 3703 1792 3757 Crescentis
1828 3701 2013 3772 Cynici

446 3773 839 3828 formidaverit.
876 3773 987 3841 Ego
1019 3787 1147 3827 vero
1177 3772 1351 3836 ξύλον,
1377 3789 1590 3826 nervum
1629 3773 2016 3840 interpretatus

447 3860 588 3897 sum.
631 3843 708 3898 Ita
749 3846 892 3896 enim
929 3842 1160 3896 sumitur
1188 3860 1249 3894 ea
1287 3858 1388 3896 vox
1427 3843 1624 3909 passim
1671 3845 1810 3912 apud
1851 3842 2016 3912 Euse-

445 3915 629 3975 bium,
681 3914 833 3966 verbi
869 3913 1064 3981 gratia,
1099 3915 1149 3966 in
1189 3915 1326 3964 libro
1357 3914 1569 3980 quinto,
1599 3911 1772 3977 initio,
1806 3911 1907 3976 τὰς
1957 3914 2016 3966 ὲν

443 3983 520 4054 τῷ
551 3984 693 4054 ξύλῳ
721 3983 993 4054 διατάσεις
1019 3983 1126 4035 τῶν
1169 3981 1365 4036 ποδῶν.
1389 3983 1740 4054 Τιιειιιίειίιιε,
1771 3985 2016 4054 oratione

443 4052 588 4110 9&0!
620 4052 677 4107 δὲ
704 4057 768 4107 ὲκ
799 4053 907 4106 τῶν
947 4054 1256 4123 σκιμπόδιον
1282 4055 1361 4115 εἰς
1382 4052 1730 4123 δεσμωτήρια.
1749 4053 2019 4123 συνηρπά-

447 4127 616 4190 ςοντοο
641 4127 754 4188 τοῖς
779 4126 835 4178 δὲ
864 4126 913 4177 οἱ
949 4121 1245 4194 σκίμποδες
1289 4123 1537 4194 ἐγίνοντο
1555 4121 1673 4175 ἀντὶ
1716 4121 1907 4194 ξύλων.
1930 4123 2014 4194 Ad

440 4212 601 4262 quem
627 4197 801 4250 locum
829 4203 972 4248 recte
994 4192 1340 4248 doctissimus
1358 4193 1611 4246 Petavius
1632 4193 1907 4246 adnotavit
1923 4192 2016 4258 ξύ-

440 4263 531 4318 λον
559 4282 679 4319 esse
711 4268 853 4334 quod
886 4265 1058 4317 Latini
1093 4265 1280 4317 dicunt
1312 4277 1546 4334 nervum,
1579 4273 1637 4334 ut
1662 4273 1745 4314 est
1777 4265 1832 4316 in
1867 4276 2016 4334 vetej-

441 4337 593 4390 ribus
615 4333 840 4398 Glossis,
893 4350 1064 4403 eoque
1094 4348 1257 4388 sensu
1303 4335 1442 4402 apud
1485 4333 1838 4387 Prudentium
1874 4333 2013 4387 sumi

439 4405 669 4475 lignum,
694 4421 816 4459 cum
853 4406 929 4458 ait
957 4427 970 4459 :

586 4497 850 4566 Lignoque
871 4497 1077 4562 plantas
1100 4496 1306 4562 inserit,

589 4567 902 4620 Divaricutis
929 4566 1196 4620 cruribus.

444 4659 652 4726 Quippe
708 4657 1014 4724 hujusmodi
1061 4655 1355 4726 compedes
1385 4663 1541 4709 erant
1587 4668 1618 4709 e
1649 4653 1816 4726 ligno.
1869 4655 2013 4709 Idem

441 4728 770 4782 Themistius
796 4730 848 4780 in
877 4728 1124 4796 oratione
1156 4725 1392 4780 nondum
1429 4726 1593 4788 edita,
1618 4741 1738 4796 quze
1762 4725 2018 4780 inscribi-

445 4807 532 4850 tur
563 4797 901 4850 Constantius
926 4812 1020 4865 seu
1057 4795 1132 4849 De
1159 4796 1506 4857 humanitate,
1546 4796 1614 4850 de
1641 4795 1880 4865 tyranno
1931 4796 2011 4848 lov

441 4881 614 4952 quens
643 4888 654 4922 :
678 4867 942 4952 Καθάπερ
969 4863 1520 4952 οἶμαιὶδεσμωτηρίου
1547 4863 1850 4952 egestas,
1869 4865 2016 4952 stolo-

439 4937 564 5000 λοὺς
589 4936 726 5008 ἔχων
759 4935 1149 5008 δεσμώταζύφ’
1183 4935 1394 5008 ἑαυτρν,
1419 4936 1696 5008 ἀγαπᾷ-τε
1720 4935 1813 4987 καὶ
1839 4935 2011 5008 γέγη-

440 5009 552 5070 θεν,
587 5004 668 5061 ὅτι
697 5004 1082 5077 εὐτυχέστερός
1114 5009 1230 5059 ἐστι
1258 5005 1366 5058 τῶν
1387 5008 1444 5058 ἐν
1473 5004 1594 5069 τοῖς
1613 5004 1806 5070 ξύλοις.
1837 5004 2012 5058 Lucas

440 5093 654 5146 quoque
697 5079 750 5130 in
794 5079 1014 5130 Actibus
1049 5078 1436 5144 apostolorum.
1489 5091 1608 5143 cap.
1644 5090 1755 5146 va,
1789 5077 2014 5143 loquens

439 5145 507 5202 de
536 5147 702 5202 Paulo
723 5154 777 5202 et
799 5147 907 5198 Sila
944 5161 1080 5214 quos
1107 5145 1528 5213 Philippensium
1557 5145 1928 5214 magistratus,
1957 5146 2011 5199 in

438 5233 709 5272 carcerem
741 5213 1108 5285 conjecerant,
1152 5215 1421 5285 ﬁtilovita
1471 5225 1732 5282 usurpat:
1781 5213 2011 5268 Ἔϐαλεν

438 5287 635 5370 αύτούς
666 5289 756 5370 ,εἰς
782 5283 882 5370 civ
927 5285 1198 5370 ἐσωτέραν
1215 5283 1515 5370 ἐρρλακῂν,
1560 5286 1654 5367 καῖ
1679 5285 1806 5370 τοὺς
1844 5285 2012 5370 πόδας

437 5357 618 5412 αὐτῶν
659 5354 994 5425 ἠσφαλίσατο
1018 5354 1188 5419 εἰς’τὸ
1212 5354 1388 5422 ξύλον.
1423 5354 1587 5409 Vetus
1636 5355 1902 5424 interpres
1934 5356 2010 5407 ita

438 5430 639 5482 vertit:
667 5425 813 5481 Misit
846 5445 932 5481 eos
954 5429 1010 5480 in
1049 5429 1353 5480 interiorem
1382 5439 1643 5477 carcerem
1668 5436 1714 5478 et
1739 5425 1890 5493 pedes
1919 5440 2011 5476 eo-

439 5513 558 5568 rum
582 5499 794 5551 strinxit
834 5500 996 5568 ligno.
1021 5498 1221 5552 Arator
1243 5507 1372 5546 vero
1410 5495 1462 5548 in
1490 5494 1585 5547 lib.
1623 5508 1660 5546 ll
1686 5494 2008 5568 _Ap_o_stolicaz

439 5566 718 5631 llistoriaz,
748 5565 992 5624 eamdem
1031 5583 1143 5622 rem
1187 5577 1419 5621 narrans
1458 5565 1728 5632 expressit
1770 5565 1854 5620 his
1879 5576 2008 5618 ver-

437 5639 586 5691 sibus
601 5654 618 5689 :

438 5704 781 5770 Conveniunt,
812 5709 899 5762 ubi
932 5723 1112 5761 carcer
1140 5713 1252 5759 erat
1280 5720 1297 5757 :
1322 5719 1476 5772 quem
1499 5702 1707 5756 sedibus
1745 5703 1866 5758 imis

436 5773 721 5831 Includunt
749 5781 1030 5832 comitante
1055 5777 1169 5834 Sila
1187 5790 1207 5829 :
1232 5774 1442 5843 vestigia
1470 5788 1691 5843 quorum

2139 1884 2348 1940 insanis
2395 1886 2764 1955 opinionibus,
2821 1899 3082 1960 metuque
3133 1891 3449 1945 inferiorem
3493 1907 3554 1947 se
3587 1907 3712 1950 esse

2139 1975 2399 2029 fateatur.
2433 1976 2617 2046 Neque
2646 1991 2773 2032 vero
2800 1977 2931 2031 illud
2959 1980 3209 2049 ignorare
3234 1995 3331 2036 vos
3361 1983 3521 2036 velim
3547 2022 3563 2046 ,
3610 1998 3711 2037 au-

2137 2067 2443 2136 gustissimi
2475 2067 2858 2136 imperatores,
2889 2084 2976 2124 me
3010 2087 3132 2124 cum
3165 2071 3359 2130 multas
3399 2073 3710 2144 lmjusmodi

2139 2159 2595 2229 interrogationes
2623 2160 2672 2214 ei
2719 2163 3149 2230 proposuissem,
3213 2163 3370 2234 137
3409 2165 3712 2233 deprehen-

2135 2249 2279 2303 disse
2310 2249 2460 2303 illum
2490 2265 2678 2303 revera
2703 2251 2834 2304 nihil
2861 2252 3023 2304 scire.
3057 2254 3232 2322 Atque
3263 2267 3322 2308 ut
3349 2256 3535 2310 sciatis
3561 2272 3590 2310 a
3622 2273 3709 2312 me

2136 2355 2324 2394 verum
2343 2340 2471 2404 dici,
2501 2351 2728 2408 paratus
2747 2357 2887 2406 sum,
2919 2343 2963 2397 si
2999 2343 3139 2398 forte
3172 2345 3572 2413 disputationes
3604 2347 3708 2402 illa:

2134 2435 2200 2487 ad
2240 2441 2479 2486 vestram
2519 2433 2766 2487 notitiam
2793 2449 2896 2488 non
2923 2447 3309 2502 pervenerunt,
3341 2453 3522 2492 coram
3554 2440 3708 2493 vobis

2133 2527 2594 2594 interrogationes
2640 2527 2836 2579 iterum
2889 2542 3217 2596 proponere.
3281 2528 3468 2598 Neque
3519 2532 3572 2585 id
3637 2534 3708 2588 ab

2133 2617 2482 2684 imperatoria
2518 2617 2811 2685 majestate
2845 2617 3081 2672 alienum
3115 2619 3296 2673 fuerit.
3341 2618 3398 2674 Si
3431 2635 3560 2676 vero
3582 2635 3706 2677 cum

2131 2705 2582 2775 interrogationes
2627 2722 2779 2772 mem,
2835 2716 2946 2759 tum
2995 2707 3140 2762 illius
3201 2711 3588 2778 responsiones
3638 2713 3705 2764 ad

2134 2867 2292 2937 Ligno
2328 2886 2498 2925 mersa
2527 2885 2656 2924 cavo
2684 2871 2870 2924 vinclis
2893 2879 3100 2924 tenuere
3129 2871 3312 2927 beatis.

2128 2983 2184 3037 lu
2217 2981 2795 3044 Memnoni-iecorum,
2847 2983 2934 3036 die
2972 2984 3046 3037 9.5
3082 2983 3437 3051 Septembris,
3470 2985 3537 3038 de
3598 2985 3702 3039 SS.

2127 3053 2292 3127 Paulo
2321 3065 2393 3127 et
2436 3053 2589 3106 Tatta
2619 3069 2634 3106 :
2665 3053 3063 3127 ᾼιαὸληθέντες
3083 3053 3168 3127 λψς
3195 3055 3518 3127 Χριστιανοὶ(
3561 3055 3704 3127 ξύλῳ

2050 3137 2096 3202 c
2127 3121 2563 3202 ἠσφαλίσθησαν,
2595 3123 2688 3177 καὶ⁹
2716 3120 2977 3202 άλύσεσιιν
3009 3120 3286 3192 ἐδέθησαν.
3308 3124 3481 3202 Latini
3508 3120 3611 3180 hoc
3639 3120 3698 3178 li-

2126 3189 2287 3262 gnum
2302 3193 2406 3246 etia
2418 3189 2465 3245 in
2481 3196 2684 3259 cippum
2699 3189 3116 3262 dixereLClossat
3129 3189 3338 3247 veteres
3355 3212 3367 3246 :
3383 3195 3601 3262 (lippus,
3615 3211 3707 3248 πο-

2124 3260 2363 3332 δοκάκη.
2397 3265 2486 3318 Sic
2513 3265 2564 3316 in
2596 3262 2852 3314 Passione
2879 3260 3173 3331 Chrysanti
3214 3271 3268 3316 et
3305 3260 3477 3317 Dariae
3508 3280 3522 3316 :
3557 3265 3703 3318 Tunc

2125 3333 2249 3384 irati
2272 3331 2486 3393 milites,
2513 3332 2723 3382 mittunt
2757 3346 2874 3383 eum
2903 3332 2956 3383 in
2988 3334 3138 3399 cippo
3177 3348 3306 3384 novo
3333 3343 3380 3384 et
3416 3334 3703 3388 nodosissi-

2126 3419 2232 3464 mo,
2278 3405 2354 3454 ita
2379 3411 2434 3453 ut
2478 3404 2530 3452 in
2573 3402 2726 3453 tertio
2758 3411 2946 3472 puncto
2977 3402 3130 3472 tibias
3152 3411 3496 3472 coarctarent.
3526 3402 3705 3472 Igitur

2125 3488 2244 3524 cum
2275 3478 2470 3543 starent
2514 3480 2632 3522 ante
2670 3485 2789 3543 eum
2823 3480 2878 3543 et
2908 3469 3220 3543 insultarent
3248 3473 3318 3543 ei,
3356 3471 3427 3524 ita
3463 3469 3701 3543 putrefa—

2125 3549 2266 3592 ctum
2299 3551 2374 3593 est
2403 3539 2603 3606 lignum
2640 3541 2803 3592 totius
2831 3541 2986 3606 cippi,
3035 3550 3088 3590 ut
3125 3540 3180 3591 in
3213 3541 3438 3593 cinerem
3487 3539 3701 3596 conver-

2124 3619 2339 3663 teretur.
2385 3609 2478 3662 Sic
2515 3609 2716 3680 legitur
2748 3609 2798 3660 in
2833 3610 3019 3662 codice
3041 3623 3157 3680 gms.
3189 3610 3260 3662 At
3307 3609 3700 3680 Metaphrastes

2125 3681 2314 3752 eadem
2337 3677 2807 3752 A_eta_descriliens
2854 3681 2932 3752 sic
2967 3679 3129 3752 habet
3150 3693 3217 3734 ex
3256 3677 3503 3734 versione
3531 3681 3698 3752 Lipo-

2127 3751 2269 3802 mani
2314 3767 2327 3801 :
2364 3749 2560 3821 Milites
2599 3749 2876 3821 indignati
2897 3764 3013 3800 eum
3043 3749 3114 3821 in
3158 3764 3420 3802 carcerem
3458 3749 3700 3821 confece-

2124 3829 2269 3878 runt.
2319 3829 2366 3871 et
2410 3818 2608 3884 triplici
2663 3818 2906 3888 compede
2957 3819 3213 3872 strinxere
3243 3834 3262 3872 :
3314 3835 3432 3888 quae
3487 3818 3696 3888 quidem

2123 3905 2241 3941 cttm
2273 3888 2373 3958 ipsi
2415 3897 2648 3942 astarent
2677 3897 2727 3942 et
2759 3887 3059 3952 illuderent,
3107 3890 3164 3940 in
3191 3887 3451 3955 pulverem
3488 3887 3701 3946 redacta

2123 3969 2220 4011 est.

2196 4028 2304 4093 (93')
2332 4029 2487 4094 Πρὸς
2526 4029 2702 4099 χάριν
2749 4029 2849 4082 καὶ
2885 4028 3116 4099 ἡδονὴν
3164 4028 3282 4082 τῶν
3309 4028 3573 4095 πολλῶν,
3603 4048 3702 4084 πε-

2121 4098 2533 4172 πλανημένως
2562 4099 2746 4172 τοῦτοΔ
2793 4098 3084 4172 πρίῖιςτῳν.
3138 4099 3283 4172 βιιιιί
3317 4110 3502 4172 antea.
3555 4102 3696 4172 πρὸς

2123 4169 2281 4240 χάριν
2312 4170 2407 4240 καὶ
2457 4168 2650 4240 ἡδονὴν
2678 4169 2804 4240 τῶν
2831 4169 3040 4222 πολλῶν
3093 4170 3202 4221 τῶν
3243 4168 3694 4240 πεπλανημένων.

2168 4255 2305 4296 onee
2339 4239 2639 4310 elegantior
2677 4251 2760 4310 est
2794 4239 2954 4310 lectio
2980 4255 3141 4310 quam
3176 4255 3240 4291 ex
3280 4241 3452 4293 tribus
3479 4239 3697 4294 nostris

2122 4307 2449 4368 codicmus,‘
2476 4309 2637 4372 Maz.,
2691 4308 2828 4362 Med.
2863 4318 2916 4360 et
2978 4307 3133 4372 Fnk.,
3181 4311 3523 4362 exhibemus.
3565 4311 3696 4376 Quae

2121 4379 2426 4431 emendatio
2470 4381 2607 4432 adeo
2650 4378 2952 4432 necessaria
2977 4388 3079 4436 est.
3113 4387 3172 4430 ut
3209 4380 3309 4432 nisi
3358 4378 3430 4431 ita
3458 4379 3694 4446 scripse-

2125 4449 2222 4509 ris,
2251 4464 2371 4516 quae
2408 4458 2710 4516 sequuntur
2741 4446 2938 4502 Justini
2974 4449 3137 4500 verba
3169 4463 3290 4502 cum
3339 4449 3693 4514 prascedenti-

2041 4499 2095 4558 D
2123 4499 2222 4570 διιὲ
2258 4499 2573 4571 iiultaiéiius
2587 4499 3694 4586 estsi-etne*posuissetut“unus-

2118 4590 2292 4641 stinus
2332 4587 2676 4641 Crescentem
2723 4589 2998 4657 indignum
3045 4601 3168 4640 esse
3200 4586 3501 4654 philosophi
3536 4603 3697 4642 voca-

2115 4657 2263 4722 bulo,
2295 4667 2577 4725 pr0pterea
2608 4659 2750 4726 quod
2784 4659 2851 4728 de
2885 4659 3044 4728 rel)us
3075 4657 3389 4728 loqueretur
3421 4673 3558 4725 tilias
3595 4673 3690 4728 pe-

2116 4729 2259 4779 nitus
2290 4729 2592 4796 ignorabat,
2642 4737 2695 4780 et
2729 4727 3066 4781 Christianos
3108 4727 3302 4792 impios
3325 4727 3603 4790 vocabat,’
3634 4738 3694 4781 nt

2113 4798 2345 4860 gratiam
2419 4805 2665 4864 captaret
2719 4797 2982 4864 imperitae
3058 4797 3477 4849 multitudinis:
3543 4797 3693 4850 addit

2114 4867 2329 4936 deinde,
2357 4865 2501 4936 illum
2531 4867 2583 4919 in
2603 4882 2689 4936 ieo
2733 4867 2969 4935 graviter
2994 4881 3228 4923 errasse.
3261 4865 3692 4936 πεπλανημένως

2112 4935 2268 5008 τοῦτο
2301 4935 2573 5008 πράττων.
2601 4935 2889 4989 Rationem
2932 4937 3052 4989 inde
3083 4935 3382 5008 subjungit,
3415 4935 3470 4988 εἴ
3489 4935 3548 4990 τε
3580 4938 3689 5008 γὰρ

2116 5007 2189 5076 μὴ
2226 5005 2482 5078 ἐντυχών,
2508 5014 2640 5078 etc.,
2664 5007 2946 5078 eleganter
2969 5008 3206 5078 omnino.
3243 5005 3428 5074 Itaque
3451 5022 3554 5059 non
3588 5005 3691 5060 iml-

2117 5078 2309 5130 merito
2354 5075 2418 5130 in
2449 5077 2638 5130 codice
2671 5075 2837 5141 [legio
2883 5076 2950 5128 ad
3001 5076 3142 5130 latus
3173 5077 3365 5129 horum
3399 5081 3686 5131 verborum

2113 5149 2356 5214 apposita
2395 5154 2497 5218 est;
2519 5155 2643 5198 nota
2696 5146 2808 5218 Ωρ.
2829 5154 3083 5218 etsupra
3102 5155 3358 5218 accentus
3380 5145 3682 5218 circumﬂe-

2111 5231 2233 5275 xus,
2273 5226 2327 5268 et
2355 5233 2434 5270 ον.
2463 5214 2594 5286 Quae
2617 5214 3278 5286 nota'signillcatdipaiov,
3310 5217 3363 5269 id
3400 5225 3483 5270 est
3507 5215 3684 5269 locum

2111 5297 2395 5338 venusmtn
2417 5297 2469 5337 et
2498 5285 2818 5352 elegantem.

2183 5355 2296 5422 (94)
2322 5356 2430 5410 Καὶ
2460 5354 2549 5408 ὅτι
2584 5355 2781 5424 ἁληθῆ
2813 5354 2990 5424 λέγω.
3025 5353 3178 5408 Hanc
3212 5352 3467 5410 louuendi
3495 5353 3604 5406 vim
3629 5361 3682 5406 et

2113 5425 2499 5492 proprietatem
2520 5439 2623 5478 non
2650 5425 2913 5479 intellexit
2935 5427 3480 5492 Christophorsonns.
3499 5425 3556 5475 ln
3578 5425 3682 5492 hu-

2102 5490 2339 5616 Ῑιέἓριοόί
2379 5505 2558 5550 autem
2601 5496 2872 5550 locutione
2916 5490 3232 5549 subauditur
3277 5496 3552 5562 eleganter
3597 5490 3682 5544 ἵνα

2109 5579 2137 5616 ε
2193 5580 2313 5616 me.

2109 5579 2313 5632 ειοητε.

2174 5643 2265 5716 (95
2297 5641 2376 5716 Τὸ-
2395 5642 2774 5716 Σωκρατικὸν
2800 5642 3166 5716 ἀξιέραστονζ
3197 5638 3271 5692 ὃν
3291 5635 3453 5706 τιμᾷ.
3481 5637 3689 5716 Ιηῑοιιῑτ

2136 5711 2468 5783 ἰι’θςςιιθείειιιι
2494 5715 2641 5768 illam
2668 5714 2910 5768 Socratis
2935 5711 3258 5783 septentiam
3286 5717 3520 5783 quieest
3545 5712 3689 5783 apud

2138 5729 2178 5768 ιι
2200 5729 2468 5783 egregiam
2494 5729 2641 5768 Illam
2668 5729 2910 5768 socratis
2935 5729 3258 5767 sententiam
3286 5729 3409 5776 qua:
3435 5729 3520 5764 BSt
3545 5729 3687 5776 aput!

2098 5729 2382 5844 f’latonem
2409 5801 2422 5838 :
2451 5799 2615 5853 quam
2644 5785 2864 5855 quidem
2895 5783 2964 5837 ab
2988 5779 3223 5836 Eusebio
3257 5787 3352 5832 aut
3379 5777 3451 5832 ab
3476 5779 3687 5834 exscri-
