  <div class='ocr_page' id='page_1' title='image "/cluster/home/n/w/nwhite01/storage/ocr_20150623/20:no.2/coo.31924054873009/195.png"; bbox 0 0 4198 6398; ppageno 0'>
   <div class='ocr_carea' id='block_1_1' title="bbox 476 369 575 426">
    <p class='ocr_par' dir='ltr' id='par_1_1' title="bbox 476 369 575 426">
     <span class='ocr_line' id='line_1_1' title="bbox 476 369 575 426; baseline 0 0"><span class='ocrx_word' id='word_1_1' title='bbox 476 369 575 426; x_wconf 75' lang='grc'><strong>571</strong></span> 
     </span>
    </p>
   </div>
   <div class='ocr_carea' id='block_1_2' title="bbox 1189 363 2997 426">
    <p class='ocr_par' dir='ltr' id='par_1_2' title="bbox 1189 363 2997 426">
     <span class='ocr_line' id='line_1_2' title="bbox 1189 363 2997 426; baseline 0 -2"><span class='ocrx_word' id='word_1_2' title='bbox 1189 369 1456 426; x_wconf 73' lang='lat' dir='ltr'><strong>EL&#39;SEBll</strong></span> <span class='ocrx_word' id='word_1_3' title='bbox 1494 367 1969 425; x_wconf 64' lang='lat' dir='ltr'><strong>CESARIENSIS</strong></span> <span class='ocrx_word' id='word_1_4' title='bbox 2004 366 2156 424; x_wconf 84' lang='lat' dir='ltr'><strong>OPP.</strong></span> <span class='ocrx_word' id='word_1_5' title='bbox 2197 363 2378 420; x_wconf 77' lang='lat' dir='ltr'><strong>PARS</strong></span> <span class='ocrx_word' id='word_1_6' title='bbox 2415 364 2460 422; x_wconf 86' lang='grc' dir='ltr'>Ι.</span> <span class='ocrx_word' id='word_1_7' title='bbox 2499 398 2570 410; x_wconf 72' lang='grc' dir='ltr'><strong>κ·</strong></span> <span class='ocrx_word' id='word_1_8' title='bbox 2605 368 2997 426; x_wconf 80' lang='lat' dir='ltr'><strong>HISTORICA.</strong></span> 
     </span>
    </p>
   </div>
   <div class='ocr_carea' id='block_1_3' title="bbox 3622 379 3730 434">
    <p class='ocr_par' dir='ltr' id='par_1_3' title="bbox 3622 379 3730 434">
     <span class='ocr_line' id='line_1_3' title="bbox 3622 379 3730 434; baseline 0.019 -2"><span class='ocrx_word' id='word_1_9' title='bbox 3622 379 3730 434; x_wconf 67' lang='grc'><strong>373</strong></span> 
     </span>
    </p>
   </div>
   <div class='ocr_carea' id='block_1_4' title="bbox 475 486 2052 567">
    <p class='ocr_par' dir='ltr' id='par_1_4' title="bbox 475 491 2042 567">
     <span class='ocr_line' id='line_1_4' title="bbox 475 491 2042 567; baseline -0.003 -14"><span class='ocrx_word' id='word_1_10' title='bbox 475 510 646 567; x_wconf 79' lang='lat' dir='ltr'><strong>atque</strong></span> <span class='ocrx_word' id='word_1_11' title='bbox 686 508 850 550; x_wconf 83' lang='lat' dir='ltr'><strong>omne</strong></span> <span class='ocrx_word' id='word_1_12' title='bbox 885 495 1139 546; x_wconf 87' lang='lat' dir='ltr'><strong>vitiorum</strong></span> <span class='ocrx_word' id='word_1_13' title='bbox 1177 507 1346 559; x_wconf 74' lang='lat' dir='ltr'><strong>genus</strong></span> <span class='ocrx_word' id='word_1_14' title='bbox 1390 491 1557 548; x_wconf 86' lang='lat' dir='ltr'><strong>effusa</strong></span> <span class='ocrx_word' id='word_1_15' title='bbox 1595 494 1824 551; x_wconf 75' lang='lat' dir='ltr'><strong>licenter</strong></span> <span class='ocrx_word' id='word_1_16' title='bbox 1854 508 2042 565; x_wconf 83' lang='lat' dir='ltr'><strong>perpe-</strong></span> 
     </span>
    </p>
   </div>
   <div class='ocr_carea' id='block_1_5' title="bbox 2135 486 3730 567">
    <p class='ocr_par' dir='ltr' id='par_1_5' title="bbox 2147 486 3730 565">
     <span class='ocr_line' id='line_1_5' title="bbox 2147 486 3730 565; baseline 0.001 -18"><span class='ocrx_word' id='word_1_17' title='bbox 2147 493 2326 562; x_wconf 77' lang='grc' dir='ltr'>λέγων</span> <span class='ocrx_word' id='word_1_18' title='bbox 2351 493 2524 565; x_wconf 77' lang='grc' dir='ltr'>αὐτὴν</span> <span class='ocrx_word' id='word_1_19' title='bbox 2558 490 2888 563; x_wconf 76' lang='grc' dir='ltr'>Χριστιανην</span> <span class='ocrx_word' id='word_1_20' title='bbox 2921 486 3079 544; x_wconf 80' lang='grc' dir='ltr'>εἶναι.</span> <span class='ocrx_word' id='word_1_21' title='bbox 3116 491 3226 544; x_wconf 72' lang='grc' dir='ltr'><strong>Καὶ</strong></span> <span class='ocrx_word' id='word_1_22' title='bbox 3260 491 3292 562; x_wconf 79' lang='grc' dir='ltr'><strong>ἡ</strong></span> <span class='ocrx_word' id='word_1_23' title='bbox 3336 492 3434 562; x_wconf 83' lang='grc' dir='ltr'>μὲν</span> <span class='ocrx_word' id='word_1_24' title='bbox 3477 492 3730 562; x_wconf 74' lang='grc' dir='ltr'>βιϐλίδιόν</span> 
     </span>
    </p>
   </div>
   <div class='ocr_carea' id='block_1_6' title="bbox 470 582 2057 652">
    <p class='ocr_par' dir='ltr' id='par_1_6' title="bbox 470 582 2057 652">
     <span class='ocr_line' id='line_1_6' title="bbox 470 582 2057 652; baseline -0.002 -14"><span class='ocrx_word' id='word_1_25' title='bbox 470 589 621 638; x_wconf 87' lang='lat' dir='ltr'><strong>trare</strong></span> <span class='ocrx_word' id='word_1_26' title='bbox 643 591 1004 639; x_wconf 75' lang='lat' dir='ltr'><strong>consueverat</strong></span> <span class='ocrx_word' id='word_1_27' title='bbox 1027 597 1125 638; x_wconf 91' lang='lat' dir='ltr'><strong>nec</strong></span> <span class='ocrx_word' id='word_1_28' title='bbox 1145 583 1322 638; x_wconf 89' lang='lat' dir='ltr'><strong>solum</strong></span> <span class='ocrx_word' id='word_1_29' title='bbox 1350 582 1486 636; x_wconf 86' lang='lat' dir='ltr'><strong>nihil</strong></span> <span class='ocrx_word' id='word_1_30' title='bbox 1508 596 1699 637; x_wconf 87' lang='lat' dir='ltr'><strong>eorum</strong></span> <span class='ocrx_word' id='word_1_31' title='bbox 1724 593 1928 652; x_wconf 92' lang='lat' dir='ltr'><strong>ageret,</strong></span> <span class='ocrx_word' id='word_1_32' title='bbox 1961 596 2057 635; x_wconf 86' lang='lat' dir='ltr'><strong>ve-</strong></span> 
     </span>
    </p>
   </div>
   <div class='ocr_carea' id='block_1_7' title="bbox 469 673 2058 744">
    <p class='ocr_par' dir='ltr' id='par_1_7' title="bbox 469 673 2058 744">
     <span class='ocr_line' id='line_1_7' title="bbox 469 673 2058 744; baseline 0.001 -18"><span class='ocrx_word' id='word_1_33' title='bbox 469 689 593 726; x_wconf 91' lang='lat' dir='ltr'><strong>rum</strong></span> <span class='ocrx_word' id='word_1_34' title='bbox 625 674 791 729; x_wconf 89' lang='lat' dir='ltr'><strong>etiam</strong></span> <span class='ocrx_word' id='word_1_35' title='bbox 836 675 1088 728; x_wconf 89' lang='lat' dir='ltr'><strong>maritum</strong></span> <span class='ocrx_word' id='word_1_36' title='bbox 1135 676 1202 728; x_wconf 89' lang='lat' dir='ltr'><strong>ab</strong></span> <span class='ocrx_word' id='word_1_37' title='bbox 1235 674 1506 744; x_wconf 86' lang='lat' dir='ltr'><strong>ejusmodi</strong></span> <span class='ocrx_word' id='word_1_38' title='bbox 1545 674 1764 744; x_wconf 85' lang='lat' dir='ltr'><strong>ﬂagitiis</strong></span> <span class='ocrx_word' id='word_1_39' title='bbox 1790 673 2058 728; x_wconf 88' lang='lat' dir='ltr'><strong>abducere</strong></span> 
     </span>
    </p>
   </div>
   <div class='ocr_carea' id='block_1_8' title="bbox 469 767 2054 839">
    <p class='ocr_par' dir='ltr' id='par_1_8' title="bbox 469 767 2054 839">
     <span class='ocr_line' id='line_1_8' title="bbox 469 767 2054 839; baseline -0.003 -15"><span class='ocrx_word' id='word_1_40' title='bbox 469 769 740 830; x_wconf 77' lang='lat' dir='ltr'><strong>studeret,</strong></span> <span class='ocrx_word' id='word_1_41' title='bbox 789 769 1070 823; x_wconf 87' lang='lat' dir='ltr'><strong>mulierem</strong></span> <span class='ocrx_word' id='word_1_42' title='bbox 1101 785 1222 839; x_wconf 71' lang='lat' dir='ltr'><strong>qua:</strong></span> <span class='ocrx_word' id='word_1_43' title='bbox 1257 769 1326 823; x_wconf 89' lang='lat' dir='ltr'><strong>ab</strong></span> <span class='ocrx_word' id='word_1_44' title='bbox 1359 784 1425 823; x_wconf 93' lang='lat' dir='ltr'><strong>eo</strong></span> <span class='ocrx_word' id='word_1_45' title='bbox 1471 767 1676 822; x_wconf 91' lang='lat' dir='ltr'><strong>idcirco</strong></span> <span class='ocrx_word' id='word_1_46' title='bbox 1713 769 2054 832; x_wconf 85' lang='lat' dir='ltr'><strong>discesserat,</strong></span> 
     </span>
    </p>
   </div>
   <div class='ocr_carea' id='block_1_9' title="bbox 468 859 2060 931">
    <p class='ocr_par' dir='ltr' id='par_1_9' title="bbox 468 859 2060 931">
     <span class='ocr_line' id='line_1_9' title="bbox 468 859 2060 931; baseline 0 -17"><span class='ocrx_word' id='word_1_47' title='bbox 468 859 617 930; x_wconf 92' lang='lat' dir='ltr'><strong>quod</strong></span> <span class='ocrx_word' id='word_1_48' title='bbox 641 869 788 915; x_wconf 87' lang='lat' dir='ltr'><strong>recta</strong></span> <span class='ocrx_word' id='word_1_49' title='bbox 811 861 1060 916; x_wconf 85' lang='lat' dir='ltr'><strong>suadenti</strong></span> <span class='ocrx_word' id='word_1_50' title='bbox 1091 861 1204 931; x_wconf 91' lang='lat' dir='ltr'><strong>ipse</strong></span> <span class='ocrx_word' id='word_1_51' title='bbox 1231 861 1607 927; x_wconf 90' lang='lat' dir='ltr'><strong>obtemperare</strong></span> <span class='ocrx_word' id='word_1_52' title='bbox 1636 861 1823 925; x_wconf 88' lang='lat' dir='ltr'><strong>nollet,</strong></span> <span class='ocrx_word' id='word_1_53' title='bbox 1847 875 2060 915; x_wconf 80' lang='lat' dir='ltr'><strong>accusa-</strong></span> 
     </span>
    </p>
   </div>
   <div class='ocr_carea' id='block_1_10' title="bbox 469 952 2059 1022">
    <p class='ocr_par' dir='ltr' id='par_1_10' title="bbox 469 952 2059 1022">
     <span class='ocr_line' id='line_1_10' title="bbox 469 952 2059 1022; baseline 0.002 -17"><span class='ocrx_word' id='word_1_54' title='bbox 469 952 550 1006; x_wconf 86' lang='lat' dir='ltr'><strong>vit</strong></span> <span class='ocrx_word' id='word_1_55' title='bbox 579 963 630 1007; x_wconf 91' lang='lat' dir='ltr'><strong>et</strong></span> <span class='ocrx_word' id='word_1_56' title='bbox 652 953 1021 1008; x_wconf 77' lang='lat' dir='ltr'><strong>Christianam</strong></span> <span class='ocrx_word' id='word_1_57' title='bbox 1048 968 1171 1008; x_wconf 89' lang='lat' dir='ltr'><strong>esse</strong></span> <span class='ocrx_word' id='word_1_58' title='bbox 1190 953 1402 1008; x_wconf 87' lang='lat' dir='ltr'><strong>detulit.</strong></span> <span class='ocrx_word' id='word_1_59' title='bbox 1428 953 1494 1007; x_wconf 83' lang='lat' dir='ltr'><strong>Et</strong></span> <span class='ocrx_word' id='word_1_60' title='bbox 1526 953 1615 1007; x_wconf 89' lang='lat' dir='ltr'><strong>illa</strong></span> <span class='ocrx_word' id='word_1_61' title='bbox 1639 953 1857 1022; x_wconf 88' lang='lat' dir='ltr'><strong>quidem</strong></span> <span class='ocrx_word' id='word_1_62' title='bbox 1881 954 2059 1008; x_wconf 91' lang='lat' dir='ltr'><strong>libello</strong></span> 
     </span>
    </p>
   </div>
   <div class='ocr_carea' id='block_1_11' title="bbox 469 1041 2057 1112">
    <p class='ocr_par' dir='ltr' id='par_1_11' title="bbox 469 1041 2057 1112">
     <span class='ocr_line' id='line_1_11' title="bbox 469 1041 2057 1112; baseline 0.001 -16"><span class='ocrx_word' id='word_1_63' title='bbox 469 1041 568 1096; x_wconf 87' lang='lat' dir='ltr'><strong>tibi</strong></span> <span class='ocrx_word' id='word_1_64' title='bbox 613 1041 830 1104; x_wconf 89' lang='lat' dir='ltr'><strong>oblato,</strong></span> <span class='ocrx_word' id='word_1_65' title='bbox 877 1041 1250 1096; x_wconf 81' lang='lat' dir='ltr'><strong>sacratissime</strong></span> <span class='ocrx_word' id='word_1_66' title='bbox 1299 1043 1627 1112; x_wconf 90' lang='lat' dir='ltr'><strong>imperator,</strong></span> <span class='ocrx_word' id='word_1_67' title='bbox 1662 1043 1956 1112; x_wconf 83' lang='lat' dir='ltr'><strong>postulavit</strong></span> <span class='ocrx_word' id='word_1_68' title='bbox 1997 1052 2057 1098; x_wconf 90' lang='lat' dir='ltr'><strong>ut</strong></span> 
     </span>
    </p>
   </div>
   <div class='ocr_carea' id='block_1_12' title="bbox 470 1130 2057 1202">
    <p class='ocr_par' dir='ltr' id='par_1_12' title="bbox 470 1130 2057 1202">
     <span class='ocr_line' id='line_1_12' title="bbox 470 1130 2057 1202; baseline -0.001 -17"><span class='ocrx_word' id='word_1_69' title='bbox 470 1131 624 1202; x_wconf 90' lang='lat' dir='ltr'><strong>prius</strong></span> <span class='ocrx_word' id='word_1_70' title='bbox 648 1132 724 1186; x_wconf 87' lang='lat' dir='ltr'><strong>rei</strong></span> <span class='ocrx_word' id='word_1_71' title='bbox 749 1130 1038 1186; x_wconf 83' lang='lat' dir='ltr'><strong>familiaris</strong></span> <span class='ocrx_word' id='word_1_72' title='bbox 1059 1131 1415 1200; x_wconf 78' lang='lat' dir='ltr'><strong>procuranda:</strong></span> <span class='ocrx_word' id='word_1_73' title='bbox 1435 1141 1597 1200; x_wconf 89' lang='lat' dir='ltr'><strong>atque</strong></span> <span class='ocrx_word' id='word_1_74' title='bbox 1618 1131 2057 1185; x_wconf 69' lang='lat' dir='ltr'><strong>administranda:</strong></span> 
     </span>
    </p>
   </div>
   <div class='ocr_carea' id='block_1_13' title="bbox 473 1223 2051 1284">
    <p class='ocr_par' dir='ltr' id='par_1_13' title="bbox 473 1223 2051 1284">
     <span class='ocr_line' id='line_1_13' title="bbox 473 1223 2051 1284; baseline -0.001 -5"><span class='ocrx_word' id='word_1_75' title='bbox 473 1224 576 1279; x_wconf 84' lang='lat' dir='ltr'><strong>sibi</strong></span> <span class='ocrx_word' id='word_1_76' title='bbox 602 1223 835 1279; x_wconf 82' lang='lat' dir='ltr'><strong>facultas</strong></span> <span class='ocrx_word' id='word_1_77' title='bbox 856 1223 1098 1284; x_wconf 87' lang='lat' dir='ltr'><strong>daretur,</strong></span> <span class='ocrx_word' id='word_1_78' title='bbox 1124 1238 1190 1276; x_wconf 90' lang='lat' dir='ltr'><strong>ac</strong></span> <span class='ocrx_word' id='word_1_79' title='bbox 1210 1223 1406 1277; x_wconf 86' lang='lat' dir='ltr'><strong>deinde</strong></span> <span class='ocrx_word' id='word_1_80' title='bbox 1435 1223 1598 1277; x_wconf 86' lang='lat' dir='ltr'><strong>rebus</strong></span> <span class='ocrx_word' id='word_1_81' title='bbox 1623 1223 1940 1278; x_wconf 78' lang='lat' dir='ltr'><strong>domesticis-</strong></span> <span class='ocrx_word' id='word_1_82' title='bbox 1969 1241 2051 1278; x_wconf 86' lang='lat' dir='ltr'><strong>re-</strong></span> 
     </span>
    </p>
   </div>
   <div class='ocr_carea' id='block_1_14' title="bbox 473 1314 2056 1386">
    <p class='ocr_par' dir='ltr' id='par_1_14' title="bbox 473 1314 2056 1386">
     <span class='ocr_line' id='line_1_14' title="bbox 473 1314 2056 1386; baseline 0 -15"><span class='ocrx_word' id='word_1_83' title='bbox 473 1324 560 1371; x_wconf 92' lang='lat' dir='ltr'><strong>cte</strong></span> <span class='ocrx_word' id='word_1_84' title='bbox 589 1314 922 1378; x_wconf 90' lang='lat' dir='ltr'><strong>constitutis,</strong></span> <span class='ocrx_word' id='word_1_85' title='bbox 954 1314 1292 1369; x_wconf 85' lang='lat' dir='ltr'><strong>accusationi</strong></span> <span class='ocrx_word' id='word_1_86' title='bbox 1324 1329 1678 1385; x_wconf 87' lang='lat' dir='ltr'><strong>reponsuram</strong></span> <span class='ocrx_word' id='word_1_87' title='bbox 1710 1330 1769 1370; x_wconf 90' lang='lat' dir='ltr'><strong>se</strong></span> <span class='ocrx_word' id='word_1_88' title='bbox 1798 1332 1918 1370; x_wconf 90' lang='lat' dir='ltr'><strong>esse</strong></span> <span class='ocrx_word' id='word_1_89' title='bbox 1942 1318 2056 1386; x_wconf 29' lang='lat' dir='ltr'><strong>pol;</strong></span> 
     </span>
    </p>
   </div>
   <div class='ocr_carea' id='block_1_15' title="bbox 477 1407 2050 1476">
    <p class='ocr_par' dir='ltr' id='par_1_15' title="bbox 477 1407 2050 1476">
     <span class='ocr_line' id='line_1_15' title="bbox 477 1407 2050 1476; baseline 0.001 -14"><span class='ocrx_word' id='word_1_90' title='bbox 477 1407 626 1462; x_wconf 88' lang='lat' dir='ltr'><strong>licita</strong></span> <span class='ocrx_word' id='word_1_91' title='bbox 655 1417 758 1462; x_wconf 92' lang='lat' dir='ltr'><strong>est.</strong></span> <span class='ocrx_word' id='word_1_92' title='bbox 784 1407 952 1476; x_wconf 87' lang='lat' dir='ltr'><strong>quue</strong></span> <span class='ocrx_word' id='word_1_93' title='bbox 988 1417 1045 1460; x_wconf 90' lang='lat' dir='ltr'><strong>tu</strong></span> <span class='ocrx_word' id='word_1_94' title='bbox 1088 1407 1302 1461; x_wconf 89' lang='lat' dir='ltr'><strong>mulieri</strong></span> <span class='ocrx_word' id='word_1_95' title='bbox 1349 1408 1666 1476; x_wconf 87' lang='lat' dir='ltr'><strong>permisisti.</strong></span> <span class='ocrx_word' id='word_1_96' title='bbox 1701 1409 1770 1462; x_wconf 84' lang='lat' dir='ltr'><strong>At</strong></span> <span class='ocrx_word' id='word_1_97' title='bbox 1801 1410 2050 1475; x_wconf 89' lang='lat' dir='ltr'><strong>maritus,</strong></span> 
     </span>
    </p>
   </div>
   <div class='ocr_carea' id='block_1_16' title="bbox 475 1500 2051 1572">
    <p class='ocr_par' dir='ltr' id='par_1_16' title="bbox 475 1500 2051 1572">
     <span class='ocr_line' id='line_1_16' title="bbox 475 1500 2051 1572; baseline 0 -18"><span class='ocrx_word' id='word_1_98' title='bbox 475 1500 570 1570; x_wconf 91' lang='lat' dir='ltr'><strong>qui</strong></span> <span class='ocrx_word' id='word_1_99' title='bbox 597 1509 712 1554; x_wconf 89' lang='lat' dir='ltr'><strong>tum</strong></span> <span class='ocrx_word' id='word_1_100' title='bbox 739 1500 959 1569; x_wconf 89' lang='lat' dir='ltr'><strong>quidem</strong></span> <span class='ocrx_word' id='word_1_101' title='bbox 989 1500 1124 1554; x_wconf 86' lang='lat' dir='ltr'><strong>nihil</strong></span> <span class='ocrx_word' id='word_1_102' title='bbox 1148 1501 1408 1556; x_wconf 83' lang='lat' dir='ltr'><strong>adversus</strong></span> <span class='ocrx_word' id='word_1_103' title='bbox 1439 1501 1585 1554; x_wconf 88' lang='lat' dir='ltr'><strong>illam</strong></span> <span class='ocrx_word' id='word_1_104' title='bbox 1615 1501 1794 1556; x_wconf 86' lang='lat' dir='ltr'><strong>dicere</strong></span> <span class='ocrx_word' id='word_1_105' title='bbox 1822 1511 2051 1572; x_wconf 83' lang='lat' dir='ltr'><strong>poterat,</strong></span> 
     </span>
    </p>
   </div>
   <div class='ocr_carea' id='block_1_17' title="bbox 472 1589 2053 1661">
    <p class='ocr_par' dir='ltr' id='par_1_17' title="bbox 472 1589 2053 1661">
     <span class='ocr_line' id='line_1_17' title="bbox 472 1589 2053 1661; baseline -0.001 -15"><span class='ocrx_word' id='word_1_106' title='bbox 472 1592 527 1646; x_wconf 90' lang='lat' dir='ltr'><strong>in</strong></span> <span class='ocrx_word' id='word_1_107' title='bbox 562 1589 917 1645; x_wconf 64' lang='lat' dir='ltr'><strong>Ptolemaeum</strong></span> <span class='ocrx_word' id='word_1_108' title='bbox 947 1592 1256 1661; x_wconf 84' lang='lat' dir='ltr'><strong>quemdam,</strong></span> <span class='ocrx_word' id='word_1_109' title='bbox 1289 1591 1382 1661; x_wconf 88' lang='lat' dir='ltr'><strong>qui</strong></span> <span class='ocrx_word' id='word_1_110' title='bbox 1421 1593 1703 1646; x_wconf 83' lang='lat' dir='ltr'><strong>mulierem</strong></span> <span class='ocrx_word' id='word_1_111' title='bbox 1731 1591 2053 1646; x_wconf 69' lang='lat' dir='ltr'><strong>Christianae</strong></span> 
     </span>
    </p>
   </div>
   <div class='ocr_carea' id='block_1_18' title="bbox 473 1681 2052 1754">
    <p class='ocr_par' dir='ltr' id='par_1_18' title="bbox 473 1681 2052 1754">
     <span class='ocr_line' id='line_1_18' title="bbox 473 1681 2052 1754; baseline 0.001 -16"><span class='ocrx_word' id='word_1_112' title='bbox 473 1681 756 1752; x_wconf 82' lang='lat' dir='ltr'><strong>religionis</strong></span> <span class='ocrx_word' id='word_1_113' title='bbox 787 1685 1072 1753; x_wconf 64' lang='lat' dir='ltr'><strong>praeceptis</strong></span> <span class='ocrx_word' id='word_1_114' title='bbox 1099 1683 1388 1747; x_wconf 87' lang='lat' dir='ltr'><strong>imbuerat,</strong></span> <span class='ocrx_word' id='word_1_115' title='bbox 1419 1682 1705 1754; x_wconf 80' lang='lat' dir='ltr'><strong>fueratque</strong></span> <span class='ocrx_word' id='word_1_116' title='bbox 1732 1684 1800 1738; x_wconf 93' lang='lat' dir='ltr'><strong>ab</strong></span> <span class='ocrx_word' id='word_1_117' title='bbox 1832 1682 2052 1739; x_wconf 89' lang='lat' dir='ltr'><strong>Urbicio</strong></span> 
     </span>
    </p>
   </div>
   <div class='ocr_carea' id='block_1_19' title="bbox 473 1774 2047 1844">
    <p class='ocr_par' dir='ltr' id='par_1_19' title="bbox 473 1774 2047 1844">
     <span class='ocr_line' id='line_1_19' title="bbox 473 1774 2047 1844; baseline 0 -14"><span class='ocrx_word' id='word_1_118' title='bbox 473 1774 740 1844; x_wconf 86' lang='lat' dir='ltr'><strong>supplicio</strong></span> <span class='ocrx_word' id='word_1_119' title='bbox 760 1774 1007 1838; x_wconf 73' lang='lat' dir='ltr'><strong>affectus,</strong></span> <span class='ocrx_word' id='word_1_120' title='bbox 1036 1776 1298 1844; x_wconf 89' lang='lat' dir='ltr'><strong>impetum</strong></span> <span class='ocrx_word' id='word_1_121' title='bbox 1325 1791 1487 1830; x_wconf 91' lang='lat' dir='ltr'><strong>suum</strong></span> <span class='ocrx_word' id='word_1_122' title='bbox 1523 1777 1680 1830; x_wconf 72' lang='lat' dir='ltr'><strong>vertit</strong></span> <span class='ocrx_word' id='word_1_123' title='bbox 1711 1777 1811 1831; x_wconf 89' lang='lat' dir='ltr'><strong>hoc</strong></span> <span class='ocrx_word' id='word_1_124' title='bbox 1838 1777 2001 1830; x_wconf 92' lang='lat' dir='ltr'><strong>modo</strong></span> <span class='ocrx_word' id='word_1_125' title='bbox 2032 1793 2047 1830; x_wconf 91' lang='lat'><strong>:</strong></span> 
     </span>
    </p>
   </div>
   <div class='ocr_carea' id='block_1_20' title="bbox 2152 582 3730 656">
    <p class='ocr_par' dir='ltr' id='par_1_20' title="bbox 2152 582 3730 656">
     <span class='ocr_line' id='line_1_20' title="bbox 2152 582 3730 656; baseline 0.001 -18"><span class='ocrx_word' id='word_1_126' title='bbox 2152 603 2236 638; x_wconf 89' lang='grc' dir='ltr'><strong>σοι</strong></span> <span class='ocrx_word' id='word_1_127' title='bbox 2269 584 2346 654; x_wconf 85' lang='grc' dir='ltr'>τῷ</span> <span class='ocrx_word' id='word_1_128' title='bbox 2377 585 2744 655; x_wconf 82' lang='grc' dir='ltr'><strong>αὐτοκράτορι</strong></span> <span class='ocrx_word' id='word_1_129' title='bbox 2769 584 2842 653; x_wconf 87' lang='lat' dir='ltr'><strong>(l)</strong></span> <span class='ocrx_word' id='word_1_130' title='bbox 2871 582 3194 646; x_wconf 78' lang='grc' dir='ltr'>ἁναδέδωκε,</span> <span class='ocrx_word' id='word_1_131' title='bbox 3227 583 3490 655; x_wconf 67' lang='grc' dir='ltr'>πρότερον</span> <span class='ocrx_word' id='word_1_132' title='bbox 3518 602 3730 656; x_wconf 79' lang='grc' dir='ltr'>συγχω-</span> 
     </span>
    </p>
   </div>
   <div class='ocr_carea' id='block_1_21' title="bbox 2149 674 3728 748">
    <p class='ocr_par' dir='ltr' id='par_1_21' title="bbox 2149 674 3728 748">
     <span class='ocr_line' id='line_1_21' title="bbox 2149 674 3728 748; baseline 0 -19"><span class='ocrx_word' id='word_1_133' title='bbox 2149 677 2383 748; x_wconf 81' lang='grc' dir='ltr'>ρηθῆναι</span> <span class='ocrx_word' id='word_1_134' title='bbox 2412 677 2548 746; x_wconf 77' lang='grc' dir='ltr'>αὐτῇ</span> <span class='ocrx_word' id='word_1_135' title='bbox 2573 674 3034 746; x_wconf 78' lang='grc' dir='ltr'>διοικήσασθαιτὰ</span> <span class='ocrx_word' id='word_1_136' title='bbox 3051 675 3247 744; x_wconf 80' lang='grc' dir='ltr'>ἑαυτῆς</span> <span class='ocrx_word' id='word_1_137' title='bbox 3273 674 3518 739; x_wconf 80' lang='grc' dir='ltr'>ἀξιοῦσα,</span> <span class='ocrx_word' id='word_1_138' title='bbox 3538 677 3728 730; x_wconf 76' lang='grc' dir='ltr'>ἔπειτα</span> 
     </span>
    </p>
   </div>
   <div class='ocr_carea' id='block_1_22' title="bbox 2146 764 3728 838">
    <p class='ocr_par' dir='ltr' id='par_1_22' title="bbox 2146 764 3728 838">
     <span class='ocr_line' id='line_1_22' title="bbox 2146 764 3728 838; baseline -0.001 -18"><span class='ocrx_word' id='word_1_139' title='bbox 2146 766 2587 837; x_wconf 75' lang='grc' dir='ltr'>ἀπολογήσασθαι</span> <span class='ocrx_word' id='word_1_140' title='bbox 2630 767 2759 833; x_wconf 81' lang='grc' dir='ltr'>περὶ</span> <span class='ocrx_word' id='word_1_141' title='bbox 2805 764 2895 817; x_wconf 76' lang='grc' dir='ltr'>τοῦ</span> <span class='ocrx_word' id='word_1_142' title='bbox 2945 768 3396 836; x_wconf 77' lang='grc' dir='ltr'><strong>κατηγορήματος</strong></span> <span class='ocrx_word' id='word_1_143' title='bbox 3450 768 3588 837; x_wconf 84' lang='grc' dir='ltr'>μετὰ</span> <span class='ocrx_word' id='word_1_144' title='bbox 3629 768 3728 838; x_wconf 76' lang='grc' dir='ltr'><strong>τὴν</strong></span> 
     </span>
    </p>
   </div>
   <div class='ocr_carea' id='block_1_23' title="bbox 2144 855 3728 930">
    <p class='ocr_par' dir='ltr' id='par_1_23' title="bbox 2144 855 3728 930">
     <span class='ocr_line' id='line_1_23' title="bbox 2144 855 3728 930; baseline 0.001 -19"><span class='ocrx_word' id='word_1_145' title='bbox 2144 858 2256 912; x_wconf 83' lang='grc' dir='ltr'><strong>τῶν</strong></span> <span class='ocrx_word' id='word_1_146' title='bbox 2286 860 2624 930; x_wconf 80' lang='grc' dir='ltr'><strong>πραγμάτων</strong></span> <span class='ocrx_word' id='word_1_147' title='bbox 2656 857 2826 927; x_wconf 75' lang='grc' dir='ltr'>αὐτῆς</span> <span class='ocrx_word' id='word_1_148' title='bbox 2863 855 3127 926; x_wconf 85' lang='grc' dir='ltr'>διοίκησιν</span> <span class='ocrx_word' id='word_1_149' title='bbox 3160 858 3424 927; x_wconf 81' lang='grc' dir='ltr'>ὑπέσχετο</span> <span class='ocrx_word' id='word_1_150' title='bbox 3468 859 3566 927; x_wconf 74' lang='lat'><strong>(‘2).</strong></span> <span class='ocrx_word' id='word_1_151' title='bbox 3617 860 3728 912; x_wconf 76' lang='grc' dir='ltr'><strong>Καὶ</strong></span> 
     </span>
    </p>
   </div>
   <div class='ocr_carea' id='block_1_24' title="bbox 2149 947 3728 1021">
    <p class='ocr_par' dir='ltr' id='par_1_24' title="bbox 2149 947 3728 1021">
     <span class='ocr_line' id='line_1_24' title="bbox 2149 947 3728 1021; baseline 0 -19"><span class='ocrx_word' id='word_1_152' title='bbox 2149 949 2536 1020; x_wconf 83' lang='grc' dir='ltr'>συνεχώρησας</span> <span class='ocrx_word' id='word_1_153' title='bbox 2587 950 2762 1002; x_wconf 81' lang='grc' dir='ltr'>τοῦτο.</span> <span class='ocrx_word' id='word_1_154' title='bbox 2818 949 2876 1000; x_wconf 90' lang='lat'><strong>&#39;0</strong></span> <span class='ocrx_word' id='word_1_155' title='bbox 2907 947 2964 1000; x_wconf 82' lang='grc' dir='ltr'>δὲ</span> <span class='ocrx_word' id='word_1_156' title='bbox 3009 948 3210 1015; x_wconf 77' lang='grc' dir='ltr'>ταύτης</span> <span class='ocrx_word' id='word_1_157' title='bbox 3254 950 3381 1002; x_wconf 81' lang='grc' dir='ltr'>ποτὲ</span> <span class='ocrx_word' id='word_1_158' title='bbox 3418 949 3556 1021; x_wconf 74' lang='grc' dir='ltr'>ἀνὴρ</span> <span class='ocrx_word' id='word_1_159' title='bbox 3591 950 3728 1021; x_wconf 81' lang='grc' dir='ltr'>πρὸς</span> 
     </span>
    </p>
   </div>
   <div class='ocr_carea' id='block_1_25' title="bbox 2147 1041 3728 1113">
    <p class='ocr_par' dir='ltr' id='par_1_25' title="bbox 2147 1041 3728 1113">
     <span class='ocr_line' id='line_1_25' title="bbox 2147 1041 3728 1113; baseline 0.001 -19"><span class='ocrx_word' id='word_1_160' title='bbox 2147 1043 2360 1113; x_wconf 84' lang='grc' dir='ltr'>ἐκείνην</span> <span class='ocrx_word' id='word_1_161' title='bbox 2393 1043 2488 1112; x_wconf 88' lang='grc' dir='ltr'><strong>μέν</strong></span> <span class='ocrx_word' id='word_1_162' title='bbox 2519 1041 2593 1112; x_wconf 84' lang='grc' dir='ltr'>μὴ</span> <span class='ocrx_word' id='word_1_163' title='bbox 2622 1041 2913 1112; x_wconf 85' lang='grc' dir='ltr'>δυνάμενος</span> <span class='ocrx_word' id='word_1_164' title='bbox 2939 1041 3106 1093; x_wconf 76' lang='grc' dir='ltr'>τανῦν</span> <span class='ocrx_word' id='word_1_165' title='bbox 3137 1041 3215 1094; x_wconf 75' lang='grc' dir='ltr'>ἔτι</span> <span class='ocrx_word' id='word_1_166' title='bbox 3240 1041 3417 1108; x_wconf 81' lang='grc' dir='ltr'>λέγειν</span> <span class='ocrx_word' id='word_1_167' title='bbox 3447 1043 3556 1111; x_wconf 79' lang='lat'><strong>(3),</strong></span> <span class='ocrx_word' id='word_1_168' title='bbox 3589 1043 3728 1113; x_wconf 84' lang='grc' dir='ltr'>πρὸς</span> 
     </span>
    </p>
   </div>
   <div class='ocr_carea' id='block_1_26' title="bbox 2146 1133 3730 1204">
    <p class='ocr_par' dir='ltr' id='par_1_26' title="bbox 2146 1133 3730 1204">
     <span class='ocr_line' id='line_1_26' title="bbox 2146 1133 3730 1204; baseline 0 -17"><span class='ocrx_word' id='word_1_169' title='bbox 2146 1134 2476 1204; x_wconf 84' lang='grc' dir='ltr'>Πτολεμαῖόν</span> <span class='ocrx_word' id='word_1_170' title='bbox 2504 1151 2653 1197; x_wconf 89' lang='grc' dir='ltr'>τινα,</span> <span class='ocrx_word' id='word_1_171' title='bbox 2703 1134 2761 1186; x_wconf 84' lang='grc' dir='ltr'>ὃν</span> <span class='ocrx_word' id='word_1_172' title='bbox 2794 1134 3079 1204; x_wconf 74' lang='grc' dir='ltr'>Οὐρϐίκιος</span> <span class='ocrx_word' id='word_1_173' title='bbox 3117 1133 3411 1186; x_wconf 79' lang='grc' dir='ltr'>ἐκολάσατο</span> <span class='ocrx_word' id='word_1_174' title='bbox 3433 1173 3446 1196; x_wconf 96' lang='grc'><strong>,</strong></span> <span class='ocrx_word' id='word_1_175' title='bbox 3477 1133 3730 1187; x_wconf 80' lang='grc' dir='ltr'>διδάσκα-</span> 
     </span>
    </p>
   </div>
   <div class='ocr_carea' id='block_1_27' title="bbox 2143 1225 3724 1296">
    <p class='ocr_par' dir='ltr' id='par_1_27' title="bbox 2143 1225 3724 1296">
     <span class='ocr_line' id='line_1_27' title="bbox 2143 1225 3724 1296; baseline 0 -18"><span class='ocrx_word' id='word_1_176' title='bbox 2143 1227 2233 1280; x_wconf 91' lang='grc' dir='ltr'><strong>λον</strong></span> <span class='ocrx_word' id='word_1_177' title='bbox 2264 1226 2478 1296; x_wconf 84' lang='grc' dir='ltr'><strong>ἐκείνης</strong></span> <span class='ocrx_word' id='word_1_178' title='bbox 2510 1225 2618 1276; x_wconf 83' lang='grc' dir='ltr'><strong>τῶν</strong></span> <span class='ocrx_word' id='word_1_179' title='bbox 2663 1225 3001 1296; x_wconf 75' lang='grc' dir='ltr'><strong>Χριστιανῶν</strong></span> <span class='ocrx_word' id='word_1_180' title='bbox 3048 1225 3383 1295; x_wconf 81' lang='grc' dir='ltr'><strong>μαθημάτων</strong></span> <span class='ocrx_word' id='word_1_181' title='bbox 3414 1225 3724 1295; x_wconf 89' lang='grc' dir='ltr'>γενόμενον,</span> 
     </span>
    </p>
   </div>
   <div class='ocr_carea' id='block_1_28' title="bbox 2144 1316 3726 1390">
    <p class='ocr_par' dir='ltr' id='par_1_28' title="bbox 2144 1316 3726 1390">
     <span class='ocr_line' id='line_1_28' title="bbox 2144 1316 3726 1390; baseline -0.001 -20"><span class='ocrx_word' id='word_1_182' title='bbox 2144 1316 2543 1390; x_wconf 59' lang='grc' dir='ltr'>ἐτράπετοβιὰ</span> <span class='ocrx_word' id='word_1_183' title='bbox 2591 1317 2745 1370; x_wconf 79' lang='grc' dir='ltr'>τοῦδε</span> <span class='ocrx_word' id='word_1_184' title='bbox 2791 1317 2886 1371; x_wconf 78' lang='grc' dir='ltr'>τοῦ</span> <span class='ocrx_word' id='word_1_185' title='bbox 2921 1318 3146 1389; x_wconf 75' lang='grc' dir='ltr'>τρόπον.</span> <span class='ocrx_word' id='word_1_186' title='bbox 3191 1318 3614 1387; x_wconf 82' lang='grc' dir='ltr'>Ἐκατόνταρχον</span> <span class='ocrx_word' id='word_1_187' title='bbox 3644 1319 3726 1383; x_wconf 84' lang='grc' dir='ltr'><strong>είς</strong></span> 
     </span>
    </p>
   </div>
   <div class='ocr_carea' id='block_1_29' title="bbox 2141 1408 3726 1480">
    <p class='ocr_par' dir='ltr' id='par_1_29' title="bbox 2141 1408 3726 1480">
     <span class='ocr_line' id='line_1_29' title="bbox 2141 1408 3726 1480; baseline 0.002 -20"><span class='ocrx_word' id='word_1_188' title='bbox 2141 1408 2317 1478; x_wconf 79' lang='grc' dir='ltr'>δεσμὰ</span> <span class='ocrx_word' id='word_1_189' title='bbox 2345 1408 2650 1478; x_wconf 81' lang='grc' dir='ltr'>ἐμϐαλόντα</span> <span class='ocrx_word' id='word_1_190' title='bbox 2679 1408 2771 1460; x_wconf 80' lang='grc' dir='ltr'><strong>τὸν</strong></span> <span class='ocrx_word' id='word_1_191' title='bbox 2802 1409 3165 1478; x_wconf 86' lang='grc' dir='ltr'>Πτολεμαῖον,</span> <span class='ocrx_word' id='word_1_192' title='bbox 3194 1409 3346 1476; x_wconf 77' lang='grc' dir='ltr'>φίλον</span> <span class='ocrx_word' id='word_1_193' title='bbox 3378 1409 3527 1478; x_wconf 84' lang='grc' dir='ltr'>αὑτῷ</span> <span class='ocrx_word' id='word_1_194' title='bbox 3559 1411 3726 1480; x_wconf 82' lang='grc' dir='ltr'>ὑπάρ-</span> 
     </span>
    </p>
   </div>
   <div class='ocr_carea' id='block_1_30' title="bbox 2142 1499 3724 1573">
    <p class='ocr_par' dir='ltr' id='par_1_30' title="bbox 2142 1499 3724 1573">
     <span class='ocr_line' id='line_1_30' title="bbox 2142 1499 3724 1573; baseline 0.001 -21"><span class='ocrx_word' id='word_1_195' title='bbox 2142 1517 2328 1570; x_wconf 83' lang='grc' dir='ltr'>χοντα,</span> <span class='ocrx_word' id='word_1_196' title='bbox 2357 1500 2542 1551; x_wconf 77' lang='grc' dir='ltr'>ἔπεισε</span> <span class='ocrx_word' id='word_1_197' title='bbox 2565 1499 2823 1553; x_wconf 73' lang='grc' dir='ltr'>λαϐέσθαι</span> <span class='ocrx_word' id='word_1_198' title='bbox 2865 1499 2958 1552; x_wconf 73' lang='grc' dir='ltr'>τοῦ</span> <span class='ocrx_word' id='word_1_199' title='bbox 2999 1501 3333 1570; x_wconf 80' lang='grc' dir='ltr'>Πτολεμαίου</span> <span class='ocrx_word' id='word_1_200' title='bbox 3376 1503 3470 1554; x_wconf 79' lang='grc' dir='ltr'>καὶ</span> <span class='ocrx_word' id='word_1_201' title='bbox 3514 1504 3724 1573; x_wconf 82' lang='grc' dir='ltr'>ἀνερω-</span> 
     </span>
    </p>
   </div>
   <div class='ocr_carea' id='block_1_31' title="bbox 2139 1590 3720 1662">
    <p class='ocr_par' dir='ltr' id='par_1_31' title="bbox 2139 1590 3720 1662">
     <span class='ocr_line' id='line_1_31' title="bbox 2139 1590 3720 1662; baseline 0.003 -19"><span class='ocrx_word' id='word_1_202' title='bbox 2139 1591 2321 1659; x_wconf 79' lang='grc' dir='ltr'>τῆσαι,</span> <span class='ocrx_word' id='word_1_203' title='bbox 2345 1591 2393 1642; x_wconf 83' lang='grc' dir='ltr'>εἰ</span> <span class='ocrx_word' id='word_1_204' title='bbox 2428 1590 2558 1643; x_wconf 75' lang='grc' dir='ltr'>αὐτὸ</span> <span class='ocrx_word' id='word_1_205' title='bbox 2580 1591 2738 1643; x_wconf 77' lang='grc' dir='ltr'>τοῦτο</span> <span class='ocrx_word' id='word_1_206' title='bbox 2769 1591 2930 1661; x_wconf 83' lang='grc' dir='ltr'>μόνον</span> <span class='ocrx_word' id='word_1_207' title='bbox 2959 1592 3282 1662; x_wconf 86' lang='grc' dir='ltr'>Χριστιανός</span> <span class='ocrx_word' id='word_1_208' title='bbox 3308 1597 3443 1647; x_wconf 87' lang='grc' dir='ltr'>ἐστι.</span> <span class='ocrx_word' id='word_1_209' title='bbox 3489 1597 3597 1648; x_wconf 75' lang='grc' dir='ltr'><strong>Καὶ</strong></span> <span class='ocrx_word' id='word_1_210' title='bbox 3628 1596 3720 1648; x_wconf 78' lang='grc' dir='ltr'><strong>τὸν</strong></span> 
     </span>
    </p>
   </div>
   <div class='ocr_carea' id='block_1_32' title="bbox 2142 1681 3719 1756">
    <p class='ocr_par' dir='ltr' id='par_1_32' title="bbox 2142 1681 3719 1756">
     <span class='ocr_line' id='line_1_32' title="bbox 2142 1681 3719 1756; baseline 0.004 -23"><span class='ocrx_word' id='word_1_211' title='bbox 2142 1682 2472 1752; x_wconf 83' lang='grc' dir='ltr'>Πτολεμαῖον</span> <span class='ocrx_word' id='word_1_212' title='bbox 2516 1681 2806 1752; x_wconf 78' lang='grc' dir='ltr'><strong>φιλαλήθη,</strong></span> <span class='ocrx_word' id='word_1_213' title='bbox 2828 1683 2942 1735; x_wconf 81' lang='grc' dir='ltr'>ἀλλ’</span> <span class='ocrx_word' id='word_1_214' title='bbox 2975 1684 3074 1736; x_wconf 84' lang='grc' dir='ltr'><strong>οὐκ</strong></span> <span class='ocrx_word' id='word_1_215' title='bbox 3114 1685 3392 1753; x_wconf 72' lang='grc' dir='ltr'>ἀπατηλὸν</span> <span class='ocrx_word' id='word_1_216' title='bbox 3436 1687 3556 1739; x_wconf 81' lang='grc' dir='ltr'>οὐδὲ</span> <span class='ocrx_word' id='word_1_217' title='bbox 3588 1687 3719 1756; x_wconf 74' lang='grc' dir='ltr'>ψευ-</span> 
     </span>
    </p>
   </div>
   <div class='ocr_carea' id='block_1_33' title="bbox 2139 1771 3721 1844">
    <p class='ocr_par' dir='ltr' id='par_1_33' title="bbox 2139 1771 3721 1844">
     <span class='ocr_line' id='line_1_33' title="bbox 2139 1771 3721 1844; baseline 0.006 -21"><span class='ocrx_word' id='word_1_218' title='bbox 2139 1771 2354 1840; x_wconf 82' lang='grc' dir='ltr'>δολόγον</span> <span class='ocrx_word' id='word_1_219' title='bbox 2374 1773 2473 1842; x_wconf 83' lang='grc' dir='ltr'><strong>τὴν</strong></span> <span class='ocrx_word' id='word_1_220' title='bbox 2504 1773 2726 1843; x_wconf 84' lang='grc' dir='ltr'>γνώμην</span> <span class='ocrx_word' id='word_1_221' title='bbox 2758 1773 2887 1826; x_wconf 72' lang='grc' dir='ltr'>ὄντα</span> <span class='ocrx_word' id='word_1_222' title='bbox 2909 1814 2923 1836; x_wconf 97' lang='grc'><strong>,</strong></span> <span class='ocrx_word' id='word_1_223' title='bbox 2971 1775 3380 1844; x_wconf 73' lang='grc' dir='ltr'>ὁμολογήσαντα</span> <span class='ocrx_word' id='word_1_224' title='bbox 3420 1779 3609 1831; x_wconf 81' lang='grc' dir='ltr'>ἑαυτὸν</span> <span class='ocrx_word' id='word_1_225' title='bbox 3646 1777 3721 1832; x_wconf 75' lang='grc' dir='ltr'><strong>εἶ-</strong></span> 
     </span>
    </p>
   </div>
   <div class='ocr_carea' id='block_1_34' title="bbox 469 1861 2052 1940">
    <p class='ocr_par' dir='ltr' id='par_1_34' title="bbox 469 1867 2052 1938">
     <span class='ocr_line' id='line_1_34' title="bbox 469 1867 2052 1938; baseline 0.001 -15"><span class='ocrx_word' id='word_1_226' title='bbox 469 1867 781 1924; x_wconf 88' lang='lat' dir='ltr'><strong>centurioni</strong></span> <span class='ocrx_word' id='word_1_227' title='bbox 821 1867 1036 1923; x_wconf 88' lang='lat' dir='ltr'><strong>cuidam</strong></span> <span class='ocrx_word' id='word_1_228' title='bbox 1076 1869 1254 1923; x_wconf 88' lang='lat' dir='ltr'><strong>amico</strong></span> <span class='ocrx_word' id='word_1_229' title='bbox 1293 1885 1394 1923; x_wconf 90' lang='lat' dir='ltr'><strong>suo</strong></span> <span class='ocrx_word' id='word_1_230' title='bbox 1433 1870 1725 1938; x_wconf 83' lang='lat' dir='ltr'><strong>persuasit,</strong></span> <span class='ocrx_word' id='word_1_231' title='bbox 1770 1879 1828 1922; x_wconf 94' lang='lat' dir='ltr'><strong>ut</strong></span> <span class='ocrx_word' id='word_1_232' title='bbox 1863 1868 2052 1926; x_wconf 88' lang='lat' dir='ltr'><strong>Ptole-.</strong></span> 
     </span>
    </p>
   </div>
   <div class='ocr_carea' id='block_1_35' title="bbox 2135 1861 3719 1940">
    <p class='ocr_par' dir='ltr' id='par_1_35' title="bbox 2140 1864 3719 1940">
     <span class='ocr_line' id='line_1_35' title="bbox 2140 1864 3719 1940; baseline 0.006 -26"><span class='ocrx_word' id='word_1_233' title='bbox 2140 1881 2227 1916; x_wconf 85' lang='grc' dir='ltr'><strong>ναι</strong></span> <span class='ocrx_word' id='word_1_234' title='bbox 2253 1865 2609 1932; x_wconf 78' lang='grc' dir='ltr'>Χριστιανὸν,</span> <span class='ocrx_word' id='word_1_235' title='bbox 2645 1867 2702 1917; x_wconf 83' lang='grc' dir='ltr'><strong>ἐν</strong></span> <span class='ocrx_word' id='word_1_236' title='bbox 2735 1864 2952 1935; x_wconf 80' lang='grc' dir='ltr'>δεσμοῖς</span> <span class='ocrx_word' id='word_1_237' title='bbox 2981 1867 3232 1933; x_wconf 81' lang='grc' dir='ltr'>γενέσθαι</span> <span class='ocrx_word' id='word_1_238' title='bbox 3262 1871 3290 1921; x_wconf 86' lang='grc' dir='ltr'><strong>ό</strong></span> <span class='ocrx_word' id='word_1_239' title='bbox 3327 1870 3719 1940; x_wconf 81' lang='grc' dir='ltr'>ἑκατόνταρχος</span> 
     </span>
    </p>
   </div>
   <div class='ocr_carea' id='block_1_36' title="bbox 467 1961 2049 2032">
    <p class='ocr_par' dir='ltr' id='par_1_36' title="bbox 467 1961 2049 2032">
     <span class='ocr_line' id='line_1_36' title="bbox 467 1961 2049 2032; baseline 0.001 -17"><span class='ocrx_word' id='word_1_240' title='bbox 467 1976 669 2015; x_wconf 71' lang='lat' dir='ltr'><strong>maaum</strong></span> <span class='ocrx_word' id='word_1_241' title='bbox 703 1961 1204 2030; x_wconf 89' lang='lat' dir='ltr'><strong>comprehenderet,</strong></span> <span class='ocrx_word' id='word_1_242' title='bbox 1247 1977 1484 2030; x_wconf 81' lang='lat' dir='ltr'><strong>eumque</strong></span> <span class='ocrx_word' id='word_1_243' title='bbox 1526 1962 1578 2015; x_wconf 94' lang='lat' dir='ltr'><strong>in</strong></span> <span class='ocrx_word' id='word_1_244' title='bbox 1615 1963 1829 2017; x_wconf 89' lang='lat' dir='ltr'><strong>vincula</strong></span> <span class='ocrx_word' id='word_1_245' title='bbox 1874 1963 2049 2032; x_wconf 92' lang='lat' dir='ltr'><strong>conji-</strong></span> 
     </span>
    </p>
   </div>
   <div class='ocr_carea' id='block_1_37' title="bbox 465 2051 2047 2122">
    <p class='ocr_par' dir='ltr' id='par_1_37' title="bbox 465 2051 2047 2122">
     <span class='ocr_line' id='line_1_37' title="bbox 465 2051 2047 2122; baseline 0.001 -15"><span class='ocrx_word' id='word_1_246' title='bbox 465 2052 641 2117; x_wconf 90' lang='lat' dir='ltr'><strong>ciens,</strong></span> <span class='ocrx_word' id='word_1_247' title='bbox 674 2051 776 2106; x_wconf 91' lang='lat' dir='ltr'><strong>hoc</strong></span> <span class='ocrx_word' id='word_1_248' title='bbox 806 2068 975 2106; x_wconf 89' lang='lat' dir='ltr'><strong>unum</strong></span> <span class='ocrx_word' id='word_1_249' title='bbox 1019 2053 1410 2122; x_wconf 85' lang='lat' dir='ltr'><strong>interregaret,</strong></span> <span class='ocrx_word' id='word_1_250' title='bbox 1443 2064 1658 2108; x_wconf 87' lang='lat' dir='ltr'><strong>essetne</strong></span> <span class='ocrx_word' id='word_1_251' title='bbox 1683 2054 2047 2110; x_wconf 84' lang='lat' dir='ltr'><strong>Christianus.</strong></span> 
     </span>
    </p>
   </div>
   <div class='ocr_carea' id='block_1_38' title="bbox 465 2143 2052 2214">
    <p class='ocr_par' dir='ltr' id='par_1_38' title="bbox 465 2143 2052 2214">
     <span class='ocr_line' id='line_1_38' title="bbox 465 2143 2052 2214; baseline 0.003 -16"><span class='ocrx_word' id='word_1_252' title='bbox 465 2143 713 2213; x_wconf 85' lang='lat' dir='ltr'><strong>Cumque</strong></span> <span class='ocrx_word' id='word_1_253' title='bbox 751 2143 1108 2211; x_wconf 68' lang='lat' dir='ltr'><strong>Ptolemaeus,</strong></span> <span class='ocrx_word' id='word_1_254' title='bbox 1157 2153 1343 2214; x_wconf 89' lang='lat' dir='ltr'><strong>utpote</strong></span> <span class='ocrx_word' id='word_1_255' title='bbox 1386 2146 1799 2201; x_wconf 84' lang='lat' dir='ltr'><strong>amantissimus</strong></span> <span class='ocrx_word' id='word_1_256' title='bbox 1846 2148 1957 2201; x_wconf 87' lang='lat' dir='ltr'><strong>veri</strong></span> <span class='ocrx_word' id='word_1_257' title='bbox 1997 2155 2052 2202; x_wconf 92' lang='lat' dir='ltr'><strong>et</strong></span> 
     </span>
    </p>
   </div>
   <div class='ocr_carea' id='block_1_39' title="bbox 469 2234 2050 2303">
    <p class='ocr_par' dir='ltr' id='par_1_39' title="bbox 469 2234 2050 2303">
     <span class='ocr_line' id='line_1_39' title="bbox 469 2234 2050 2303; baseline 0.003 -16"><span class='ocrx_word' id='word_1_258' title='bbox 469 2235 539 2288; x_wconf 89' lang='lat' dir='ltr'><strong>ab</strong></span> <span class='ocrx_word' id='word_1_259' title='bbox 577 2235 726 2294; x_wconf 91' lang='lat' dir='ltr'><strong>omni</strong></span> <span class='ocrx_word' id='word_1_260' title='bbox 761 2234 952 2290; x_wconf 84' lang='lat' dir='ltr'><strong>fraude</strong></span> <span class='ocrx_word' id='word_1_261' title='bbox 983 2244 1038 2290; x_wconf 90' lang='lat' dir='ltr'><strong>et</strong></span> <span class='ocrx_word' id='word_1_262' title='bbox 1081 2237 1368 2291; x_wconf 88' lang='lat' dir='ltr'><strong>mendacio</strong></span> <span class='ocrx_word' id='word_1_263' title='bbox 1401 2237 1646 2303; x_wconf 91' lang='lat' dir='ltr'><strong>alienus,</strong></span> <span class='ocrx_word' id='word_1_264' title='bbox 1676 2237 2050 2292; x_wconf 89' lang='lat' dir='ltr'><strong>Christianum</strong></span> 
     </span>
    </p>
   </div>
   <div class='ocr_carea' id='block_1_40' title="bbox 464 2324 2050 2397">
    <p class='ocr_par' dir='ltr' id='par_1_40' title="bbox 464 2324 2050 2397">
     <span class='ocr_line' id='line_1_40' title="bbox 464 2324 2050 2397; baseline 0.002 -18"><span class='ocrx_word' id='word_1_265' title='bbox 464 2339 524 2378; x_wconf 86' lang='lat' dir='ltr'><strong>se</strong></span> <span class='ocrx_word' id='word_1_266' title='bbox 550 2324 833 2379; x_wconf 86' lang='lat' dir='ltr'><strong>confessus</strong></span> <span class='ocrx_word' id='word_1_267' title='bbox 863 2334 1026 2391; x_wconf 88' lang='lat' dir='ltr'><strong>esset,</strong></span> <span class='ocrx_word' id='word_1_268' title='bbox 1054 2340 1179 2380; x_wconf 92' lang='lat' dir='ltr'><strong>eum</strong></span> <span class='ocrx_word' id='word_1_269' title='bbox 1210 2327 1459 2381; x_wconf 89' lang='lat' dir='ltr'><strong>centurio</strong></span> <span class='ocrx_word' id='word_1_270' title='bbox 1479 2328 1742 2382; x_wconf 84' lang='lat' dir='ltr'><strong>custodiae</strong></span> <span class='ocrx_word' id='word_1_271' title='bbox 1775 2330 2050 2397; x_wconf 88' lang='lat' dir='ltr'><strong>mancipa-</strong></span> 
     </span>
    </p>
   </div>
   <div class='ocr_carea' id='block_1_41' title="bbox 465 2416 2049 2485">
    <p class='ocr_par' dir='ltr' id='par_1_41' title="bbox 465 2416 2049 2485">
     <span class='ocr_line' id='line_1_41' title="bbox 465 2416 2049 2485; baseline 0.003 -17"><span class='ocrx_word' id='word_1_272' title='bbox 465 2417 564 2482; x_wconf 89' lang='lat' dir='ltr'><strong>vit,</strong></span> <span class='ocrx_word' id='word_1_273' title='bbox 594 2416 798 2485; x_wconf 90' lang='lat' dir='ltr'><strong>diuque</strong></span> <span class='ocrx_word' id='word_1_274' title='bbox 843 2418 898 2470; x_wconf 91' lang='lat' dir='ltr'><strong>in</strong></span> <span class='ocrx_word' id='word_1_275' title='bbox 928 2431 1151 2472; x_wconf 90' lang='lat' dir='ltr'><strong>carcere</strong></span> <span class='ocrx_word' id='word_1_276' title='bbox 1183 2416 1390 2471; x_wconf 80' lang='lat' dir='ltr'><strong>afllixit.</strong></span> <span class='ocrx_word' id='word_1_277' title='bbox 1417 2416 1646 2472; x_wconf 90' lang='lat' dir='ltr'><strong>Oblatus</strong></span> <span class='ocrx_word' id='word_1_278' title='bbox 1677 2418 1898 2474; x_wconf 88' lang='lat' dir='ltr'><strong>tandem</strong></span> <span class='ocrx_word' id='word_1_279' title='bbox 1943 2419 2049 2473; x_wconf 88' lang='lat' dir='ltr'><strong>Ur—</strong></span> 
     </span>
    </p>
   </div>
   <div class='ocr_carea' id='block_1_42' title="bbox 465 2506 2050 2578">
    <p class='ocr_par' dir='ltr' id='par_1_42' title="bbox 465 2506 2050 2578">
     <span class='ocr_line' id='line_1_42' title="bbox 465 2506 2050 2578; baseline 0.004 -18"><span class='ocrx_word' id='word_1_280' title='bbox 465 2507 610 2562; x_wconf 89' lang='lat' dir='ltr'><strong>bieio</strong></span> <span class='ocrx_word' id='word_1_281' title='bbox 638 2507 810 2578; x_wconf 91' lang='lat' dir='ltr'><strong>judici</strong></span> <span class='ocrx_word' id='word_1_282' title='bbox 838 2506 1187 2574; x_wconf 67' lang='lat' dir='ltr'><strong>Ptolemazus,</strong></span> <span class='ocrx_word' id='word_1_283' title='bbox 1222 2509 1274 2561; x_wconf 92' lang='lat' dir='ltr'><strong>id</strong></span> <span class='ocrx_word' id='word_1_284' title='bbox 1309 2525 1480 2564; x_wconf 88' lang='lat' dir='ltr'><strong>unum</strong></span> <span class='ocrx_word' id='word_1_285' title='bbox 1531 2511 1783 2566; x_wconf 90' lang='lat' dir='ltr'><strong>similiter</strong></span> <span class='ocrx_word' id='word_1_286' title='bbox 1817 2514 2050 2567; x_wconf 86' lang='lat' dir='ltr'><strong>interro-</strong></span> 
     </span>
    </p>
   </div>
   <div class='ocr_carea' id='block_1_43' title="bbox 463 2598 2042 2673">
    <p class='ocr_par' dir='ltr' id='par_1_43' title="bbox 463 2598 2042 2673">
     <span class='ocr_line' id='line_1_43' title="bbox 463 2598 2042 2673; baseline 0.004 -22"><span class='ocrx_word' id='word_1_287' title='bbox 463 2607 624 2667; x_wconf 83' lang='lat' dir='ltr'><strong>gatus</strong></span> <span class='ocrx_word' id='word_1_288' title='bbox 663 2609 783 2660; x_wconf 90' lang='lat' dir='ltr'><strong>est,</strong></span> <span class='ocrx_word' id='word_1_289' title='bbox 827 2607 1014 2652; x_wconf 88' lang='lat' dir='ltr'><strong>utrum</strong></span> <span class='ocrx_word' id='word_1_290' title='bbox 1057 2607 1206 2654; x_wconf 89' lang='lat' dir='ltr'><strong>esset</strong></span> <span class='ocrx_word' id='word_1_291' title='bbox 1247 2598 1613 2655; x_wconf 85' lang='lat' dir='ltr'><strong>Christianus.</strong></span> <span class='ocrx_word' id='word_1_292' title='bbox 1657 2601 1750 2656; x_wconf 87' lang='lat' dir='ltr'><strong>Ille</strong></span> <span class='ocrx_word' id='word_1_293' title='bbox 1782 2617 1912 2656; x_wconf 86' lang='lat' dir='ltr'><strong>vero</strong></span> <span class='ocrx_word' id='word_1_294' title='bbox 1955 2603 2042 2673; x_wconf 92' lang='lat' dir='ltr'><strong>qui</strong></span> 
     </span>
    </p>
   </div>
   <div class='ocr_carea' id='block_1_44' title="bbox 461 2685 2044 2754">
    <p class='ocr_par' dir='ltr' id='par_1_44' title="bbox 461 2685 2044 2754">
     <span class='ocr_line' id='line_1_44' title="bbox 461 2685 2044 2754; baseline 0.005 -15"><span class='ocrx_word' id='word_1_295' title='bbox 461 2701 560 2754; x_wconf 87' lang='lat' dir='ltr'><strong>per</strong></span> <span class='ocrx_word' id='word_1_296' title='bbox 590 2685 796 2742; x_wconf 90' lang='lat' dir='ltr'><strong>Christi</strong></span> <span class='ocrx_word' id='word_1_297' title='bbox 835 2688 1140 2742; x_wconf 84' lang='lat' dir='ltr'><strong>doctrinam</strong></span> <span class='ocrx_word' id='word_1_298' title='bbox 1184 2697 1380 2744; x_wconf 90' lang='lat' dir='ltr'><strong>cuncta</strong></span> <span class='ocrx_word' id='word_1_299' title='bbox 1422 2706 1481 2743; x_wconf 90' lang='lat' dir='ltr'><strong>se</strong></span> <span class='ocrx_word' id='word_1_300' title='bbox 1515 2690 1657 2744; x_wconf 85' lang='lat' dir='ltr'><strong>bona</strong></span> <span class='ocrx_word' id='word_1_301' title='bbox 1685 2701 2044 2746; x_wconf 89' lang='lat' dir='ltr'><strong>consecutum</strong></span> 
     </span>
    </p>
   </div>
   <div class='ocr_carea' id='block_1_45' title="bbox 465 2777 2043 2849">
    <p class='ocr_par' dir='ltr' id='par_1_45' title="bbox 465 2777 2043 2849">
     <span class='ocr_line' id='line_1_45' title="bbox 465 2777 2043 2849; baseline 0.004 -18"><span class='ocrx_word' id='word_1_302' title='bbox 465 2777 630 2847; x_wconf 75' lang='lat'><strong>139</strong></span> <span class='ocrx_word' id='word_1_303' title='bbox 657 2792 778 2832; x_wconf 91' lang='lat' dir='ltr'><strong>esse</strong></span> <span class='ocrx_word' id='word_1_304' title='bbox 809 2779 1152 2849; x_wconf 83' lang='lat' dir='ltr'><strong>intelligeret,</strong></span> <span class='ocrx_word' id='word_1_305' title='bbox 1183 2780 1328 2834; x_wconf 90' lang='lat' dir='ltr'><strong>illam</strong></span> <span class='ocrx_word' id='word_1_306' title='bbox 1354 2781 1593 2836; x_wconf 77' lang='lat' dir='ltr'><strong>etelestis</strong></span> <span class='ocrx_word' id='word_1_307' title='bbox 1619 2798 1684 2837; x_wconf 88' lang='lat' dir='ltr'><strong>ac</strong></span> <span class='ocrx_word' id='word_1_308' title='bbox 1708 2783 1904 2837; x_wconf 65' lang='lat' dir='ltr'><strong>divina:</strong></span> <span class='ocrx_word' id='word_1_309' title='bbox 1932 2785 2043 2837; x_wconf 80' lang='lat' dir='ltr'><strong>vir-</strong></span> 
     </span>
    </p>
   </div>
   <div class='ocr_carea' id='block_1_46' title="bbox 460 2863 2028 2937">
    <p class='ocr_par' dir='ltr' id='par_1_46' title="bbox 460 2863 2028 2937">
     <span class='ocr_line' id='line_1_46' title="bbox 460 2863 2028 2937; baseline 0.007 -24"><span class='ocrx_word' id='word_1_310' title='bbox 460 2863 595 2915; x_wconf 82' lang='lat' dir='ltr'><strong>tutis</strong></span> <span class='ocrx_word' id='word_1_311' title='bbox 625 2864 1021 2920; x_wconf 85' lang='lat' dir='ltr'><strong>tnstitutioneiu</strong></span> <span class='ocrx_word' id='word_1_312' title='bbox 1075 2867 1271 2922; x_wconf 86' lang='lat' dir='ltr'><strong>iterum</strong></span> <span class='ocrx_word' id='word_1_313' title='bbox 1298 2871 1580 2924; x_wconf 84' lang='lat' dir='ltr'><strong>confessus</strong></span> <span class='ocrx_word' id='word_1_314' title='bbox 1611 2881 1711 2926; x_wconf 89' lang='lat' dir='ltr'><strong>est.</strong></span> <span class='ocrx_word' id='word_1_315' title='bbox 1757 2870 1859 2937; x_wconf 87' lang='lat' dir='ltr'><strong>Qui</strong></span> <span class='ocrx_word' id='word_1_316' title='bbox 1882 2871 2028 2924; x_wconf 78' lang='lat' dir='ltr'><strong>enim</strong></span> 
     </span>
    </p>
   </div>
   <div class='ocr_carea' id='block_1_47' title="bbox 409 2953 2030 3032">
    <p class='ocr_par' dir='ltr' id='par_1_47' title="bbox 409 2953 2030 3032">
     <span class='ocr_line' id='line_1_47' title="bbox 409 2953 2030 3032; baseline 0.006 -23"><span class='ocrx_word' id='word_1_317' title='bbox 409 2953 412 2956; x_wconf 83' lang='grc'><em>’</em></span> <span class='ocrx_word' id='word_1_318' title='bbox 458 2962 626 3024; x_wconf 84' lang='lat' dir='ltr'><strong>negat</strong></span> <span class='ocrx_word' id='word_1_319' title='bbox 653 2969 714 3009; x_wconf 86' lang='lat' dir='ltr'><strong>se</strong></span> <span class='ocrx_word' id='word_1_320' title='bbox 734 2970 855 3011; x_wconf 89' lang='lat' dir='ltr'><strong>esse</strong></span> <span class='ocrx_word' id='word_1_321' title='bbox 893 2957 1286 3028; x_wconf 88' lang='lat' dir='ltr'><strong>Christianum,</strong></span> <span class='ocrx_word' id='word_1_322' title='bbox 1336 2963 1414 3017; x_wconf 89' lang='lat' dir='ltr'><strong>vel</strong></span> <span class='ocrx_word' id='word_1_323' title='bbox 1464 2963 1665 3017; x_wconf 91' lang='lat' dir='ltr'><strong>idcirco</strong></span> <span class='ocrx_word' id='word_1_324' title='bbox 1697 2972 1856 3032; x_wconf 83' lang='lat' dir='ltr'><strong>negat</strong></span> <span class='ocrx_word' id='word_1_325' title='bbox 1887 2964 2030 3032; x_wconf 87' lang='lat' dir='ltr'><strong>quod</strong></span> 
     </span>
    </p>
   </div>
   <div class='ocr_carea' id='block_1_48' title="bbox 459 3044 2030 3124">
    <p class='ocr_par' dir='ltr' id='par_1_48' title="bbox 459 3044 2030 3124">
     <span class='ocr_line' id='line_1_48' title="bbox 459 3044 2030 3124; baseline 0.007 -27"><span class='ocrx_word' id='word_1_326' title='bbox 459 3044 776 3116; x_wconf 88' lang='lat' dir='ltr'><strong>religionem</strong></span> <span class='ocrx_word' id='word_1_327' title='bbox 802 3046 948 3101; x_wconf 87' lang='lat' dir='ltr'><strong>illam</strong></span> <span class='ocrx_word' id='word_1_328' title='bbox 982 3048 1270 3119; x_wconf 89' lang='lat' dir='ltr'><strong>improbet,</strong></span> <span class='ocrx_word' id='word_1_329' title='bbox 1295 3053 1377 3106; x_wconf 91' lang='lat' dir='ltr'><strong>vel</strong></span> <span class='ocrx_word' id='word_1_330' title='bbox 1407 3063 1556 3108; x_wconf 89' lang='lat' dir='ltr'><strong>certe</strong></span> <span class='ocrx_word' id='word_1_331' title='bbox 1589 3069 1654 3108; x_wconf 91' lang='lat' dir='ltr'><strong>eo</strong></span> <span class='ocrx_word' id='word_1_332' title='bbox 1681 3055 1825 3124; x_wconf 90' lang='lat' dir='ltr'><strong>quod</strong></span> <span class='ocrx_word' id='word_1_333' title='bbox 1857 3070 1916 3110; x_wconf 89' lang='lat' dir='ltr'><strong>se</strong></span> <span class='ocrx_word' id='word_1_334' title='bbox 1942 3055 2030 3109; x_wconf 84' lang='lat' dir='ltr'><strong>in-</strong></span> 
     </span>
    </p>
   </div>
   <div class='ocr_carea' id='block_1_49' title="bbox 457 3135 2025 3216">
    <p class='ocr_par' dir='ltr' id='par_1_49' title="bbox 457 3135 2025 3216">
     <span class='ocr_line' id='line_1_49' title="bbox 457 3135 2025 3216; baseline 0.008 -28"><span class='ocrx_word' id='word_1_335' title='bbox 457 3135 682 3206; x_wconf 83' lang='lat' dir='ltr'><strong>dignum</strong></span> <span class='ocrx_word' id='word_1_336' title='bbox 707 3145 763 3192; x_wconf 90' lang='lat' dir='ltr'><strong>et</strong></span> <span class='ocrx_word' id='word_1_337' title='bbox 791 3137 1026 3194; x_wconf 90' lang='lat' dir='ltr'><strong>alienum</strong></span> <span class='ocrx_word' id='word_1_338' title='bbox 1060 3143 1128 3198; x_wconf 91' lang='lat' dir='ltr'><strong>ab</strong></span> <span class='ocrx_word' id='word_1_339' title='bbox 1159 3143 1274 3213; x_wconf 85' lang='lat' dir='ltr'><strong>ejus</strong></span> <span class='ocrx_word' id='word_1_340' title='bbox 1305 3145 1551 3200; x_wconf 89' lang='lat' dir='ltr'><strong>instituto</strong></span> <span class='ocrx_word' id='word_1_341' title='bbox 1579 3160 1701 3201; x_wconf 85' lang='lat' dir='ltr'><strong>esse</strong></span> <span class='ocrx_word' id='word_1_342' title='bbox 1729 3147 2025 3216; x_wconf 85' lang='lat' dir='ltr'><strong>cognoscit.</strong></span> 
     </span>
    </p>
   </div>
   <div class='ocr_carea' id='block_1_50' title="bbox 2139 1954 3718 2032">
    <p class='ocr_par' dir='ltr' id='par_1_50' title="bbox 2139 1954 3718 2032">
     <span class='ocr_line' id='line_1_50' title="bbox 2139 1954 3718 2032; baseline 0.006 -26"><span class='ocrx_word' id='word_1_343' title='bbox 2139 1954 2428 2024; x_wconf 88' lang='grc' dir='ltr'>πεποίηκε,</span> <span class='ocrx_word' id='word_1_344' title='bbox 2453 1957 2547 2008; x_wconf 77' lang='grc' dir='ltr'><strong>καὶ</strong></span> <span class='ocrx_word' id='word_1_345' title='bbox 2593 1957 2684 2009; x_wconf 78' lang='grc' dir='ltr'>ἐπὶ</span> <span class='ocrx_word' id='word_1_346' title='bbox 2711 1957 2876 2010; x_wconf 70' lang='grc' dir='ltr'>πολὺν</span> <span class='ocrx_word' id='word_1_347' title='bbox 2918 1957 3106 2028; x_wconf 84' lang='grc' dir='ltr'>χρόνον</span> <span class='ocrx_word' id='word_1_348' title='bbox 3150 1959 3206 2010; x_wconf 89' lang='grc' dir='ltr'><strong>ἐν</strong></span> <span class='ocrx_word' id='word_1_349' title='bbox 3251 1959 3329 2028; x_wconf 84' lang='grc' dir='ltr'>τῷ</span> <span class='ocrx_word' id='word_1_350' title='bbox 3361 1960 3718 2032; x_wconf 84' lang='grc' dir='ltr'>δεσμωτηρίῳ</span> 
     </span>
    </p>
   </div>
   <div class='ocr_carea' id='block_1_51' title="bbox 2137 2046 3718 2123">
    <p class='ocr_par' dir='ltr' id='par_1_51' title="bbox 2137 2046 3718 2123">
     <span class='ocr_line' id='line_1_51' title="bbox 2137 2046 3718 2123; baseline 0.007 -26"><span class='ocrx_word' id='word_1_351' title='bbox 2137 2046 2453 2100; x_wconf 83' lang='grc' dir='ltr'>ἐκολάσατο.</span> <span class='ocrx_word' id='word_1_352' title='bbox 2482 2047 2804 2100; x_wconf 82' lang='grc' dir='ltr'>Τελευταῖον</span> <span class='ocrx_word' id='word_1_353' title='bbox 2853 2048 2930 2112; x_wconf 91' lang='grc' dir='ltr'><strong>δὲ,</strong></span> <span class='ocrx_word' id='word_1_354' title='bbox 2954 2049 3043 2100; x_wconf 80' lang='grc' dir='ltr'><strong>ὅτε</strong></span> <span class='ocrx_word' id='word_1_355' title='bbox 3089 2051 3182 2101; x_wconf 81' lang='grc' dir='ltr'>ἐπὶ</span> <span class='ocrx_word' id='word_1_356' title='bbox 3230 2051 3518 2121; x_wconf 76' lang='grc' dir='ltr'>Οὐρϐίκιον</span> <span class='ocrx_word' id='word_1_357' title='bbox 3555 2048 3718 2123; x_wconf 82' lang='grc' dir='ltr'>ἦλθεν</span> 
     </span>
    </p>
   </div>
   <div class='ocr_carea' id='block_1_52' title="bbox 2139 2137 3714 2218">
    <p class='ocr_par' dir='ltr' id='par_1_52' title="bbox 2139 2137 3714 2218">
     <span class='ocr_line' id='line_1_52' title="bbox 2139 2137 3714 2218; baseline 0.005 -28"><span class='ocrx_word' id='word_1_358' title='bbox 2139 2137 2213 2205; x_wconf 74' lang='grc'><strong>(4)</strong></span> <span class='ocrx_word' id='word_1_359' title='bbox 2246 2139 2275 2190; x_wconf 86' lang='grc' dir='ltr'>ὁ</span> <span class='ocrx_word' id='word_1_360' title='bbox 2317 2139 2622 2208; x_wconf 75' lang='grc' dir='ltr'>ἄνθρωπος,</span> <span class='ocrx_word' id='word_1_361' title='bbox 2655 2140 2854 2210; x_wconf 79' lang='grc' dir='ltr'>ὁμοίως</span> <span class='ocrx_word' id='word_1_362' title='bbox 2883 2141 3016 2192; x_wconf 77' lang='grc' dir='ltr'>αὐτὸ</span> <span class='ocrx_word' id='word_1_363' title='bbox 3047 2141 3205 2193; x_wconf 78' lang='grc' dir='ltr'>τοῦτο</span> <span class='ocrx_word' id='word_1_364' title='bbox 3234 2143 3392 2212; x_wconf 83' lang='grc' dir='ltr'>μόνον</span> <span class='ocrx_word' id='word_1_365' title='bbox 3419 2143 3714 2218; x_wconf 76' lang='grc' dir='ltr'>ἐξητάσθη,</span> 
     </span>
    </p>
   </div>
   <div class='ocr_carea' id='block_1_53' title="bbox 2136 2228 3717 2305">
    <p class='ocr_par' dir='ltr' id='par_1_53' title="bbox 2136 2228 3717 2305">
     <span class='ocr_line' id='line_1_53' title="bbox 2136 2228 3717 2305; baseline 0.006 -24"><span class='ocrx_word' id='word_1_366' title='bbox 2136 2231 2183 2281; x_wconf 85' lang='grc' dir='ltr'><strong>εί</strong></span> <span class='ocrx_word' id='word_1_367' title='bbox 2209 2231 2291 2300; x_wconf 76' lang='grc' dir='ltr'>εἴη</span> <span class='ocrx_word' id='word_1_368' title='bbox 2319 2228 2669 2301; x_wconf 83' lang='grc' dir='ltr'>Χριστιανός.</span> <span class='ocrx_word' id='word_1_369' title='bbox 2718 2231 2828 2283; x_wconf 73' lang='grc' dir='ltr'><strong>Καὶ</strong></span> <span class='ocrx_word' id='word_1_370' title='bbox 2860 2231 3022 2284; x_wconf 76' lang='grc' dir='ltr'>πάλιν</span> <span class='ocrx_word' id='word_1_371' title='bbox 3069 2233 3136 2284; x_wconf 79' lang='grc' dir='ltr'>τὰ</span> <span class='ocrx_word' id='word_1_372' title='bbox 3182 2233 3321 2287; x_wconf 77' lang='grc' dir='ltr'>καλὰ</span> <span class='ocrx_word' id='word_1_373' title='bbox 3372 2235 3548 2305; x_wconf 84' lang='grc' dir='ltr'>ἐαυτῷ</span> <span class='ocrx_word' id='word_1_374' title='bbox 3592 2254 3717 2290; x_wconf 85' lang='grc' dir='ltr'>συν-</span> 
     </span>
    </p>
   </div>
   <div class='ocr_carea' id='block_1_54' title="bbox 2135 2321 3716 2398">
    <p class='ocr_par' dir='ltr' id='par_1_54' title="bbox 2135 2321 3716 2398">
     <span class='ocr_line' id='line_1_54' title="bbox 2135 2321 3716 2398; baseline 0.006 -25"><span class='ocrx_word' id='word_1_375' title='bbox 2135 2322 2495 2391; x_wconf 81' lang='grc' dir='ltr'>επιστάμενος</span> <span class='ocrx_word' id='word_1_376' title='bbox 2522 2321 2610 2375; x_wconf 76' lang='grc' dir='ltr'>διὰ</span> <span class='ocrx_word' id='word_1_377' title='bbox 2642 2322 2738 2392; x_wconf 82' lang='grc' dir='ltr'>τὴν</span> <span class='ocrx_word' id='word_1_378' title='bbox 2768 2323 2875 2376; x_wconf 84' lang='grc' dir='ltr'>ἀπὸ</span> <span class='ocrx_word' id='word_1_379' title='bbox 2895 2323 2986 2376; x_wconf 77' lang='grc' dir='ltr'>τοῦ</span> <span class='ocrx_word' id='word_1_380' title='bbox 3009 2325 3245 2394; x_wconf 80' lang='grc' dir='ltr'>Χριστοῦ</span> <span class='ocrx_word' id='word_1_381' title='bbox 3275 2326 3515 2398; x_wconf 77' lang='grc' dir='ltr'>διδαχὴν,</span> <span class='ocrx_word' id='word_1_382' title='bbox 3545 2329 3606 2380; x_wconf 80' lang='grc' dir='ltr'><strong>τὸ</strong></span> <span class='ocrx_word' id='word_1_383' title='bbox 3638 2329 3716 2382; x_wconf 89' lang='grc' dir='ltr'>δι-</span> 
     </span>
    </p>
   </div>
   <div class='ocr_carea' id='block_1_55' title="bbox 2133 2413 3711 2490">
    <p class='ocr_par' dir='ltr' id='par_1_55' title="bbox 2133 2413 3711 2490">
     <span class='ocr_line' id='line_1_55' title="bbox 2133 2413 3711 2490; baseline 0.003 -24"><span class='ocrx_word' id='word_1_384' title='bbox 2133 2413 2418 2467; x_wconf 79' lang='grc' dir='ltr'>δασκάλων</span> <span class='ocrx_word' id='word_1_385' title='bbox 2463 2415 2561 2484; x_wconf 73' lang='grc' dir='ltr'>τῆς</span> <span class='ocrx_word' id='word_1_386' title='bbox 2599 2413 2750 2478; x_wconf 88' lang='grc' dir='ltr'>θείας</span> <span class='ocrx_word' id='word_1_387' title='bbox 2797 2415 2997 2485; x_wconf 82' lang='grc' dir='ltr'>ἀρετῆς</span> <span class='ocrx_word' id='word_1_388' title='bbox 3049 2415 3420 2487; x_wconf 83' lang='grc' dir='ltr'>ὡμολόγησεν.</span> <span class='ocrx_word' id='word_1_389' title='bbox 3489 2419 3545 2469; x_wconf 86' lang='grc' dir='ltr'>Ὁ</span> <span class='ocrx_word' id='word_1_390' title='bbox 3600 2419 3711 2490; x_wconf 79' lang='grc' dir='ltr'>γὰρ</span> 
     </span>
    </p>
   </div>
   <div class='ocr_carea' id='block_1_56' title="bbox 2131 2504 3716 2579">
    <p class='ocr_par' dir='ltr' id='par_1_56' title="bbox 2131 2504 3716 2579">
     <span class='ocr_line' id='line_1_56' title="bbox 2131 2504 3716 2579; baseline 0.003 -21"><span class='ocrx_word' id='word_1_391' title='bbox 2131 2504 2461 2574; x_wconf 79' lang='grc' dir='ltr'>ἀρνούμενος</span> <span class='ocrx_word' id='word_1_392' title='bbox 2493 2505 2574 2557; x_wconf 82' lang='grc' dir='ltr'><strong>ὅτι</strong></span> <span class='ocrx_word' id='word_1_393' title='bbox 2603 2506 2703 2557; x_wconf 81' lang='grc' dir='ltr'><strong>οὑκ</strong></span> <span class='ocrx_word' id='word_1_394' title='bbox 2735 2506 2842 2575; x_wconf 82' lang='grc' dir='ltr'>εἴη,</span> <span class='ocrx_word' id='word_1_395' title='bbox 2868 2505 2902 2576; x_wconf 80' lang='grc' dir='ltr'>ἢ</span> <span class='ocrx_word' id='word_1_396' title='bbox 2938 2505 3300 2574; x_wconf 85' lang='grc' dir='ltr'>κατεγνωκὼς</span> <span class='ocrx_word' id='word_1_397' title='bbox 3327 2507 3420 2560; x_wconf 83' lang='grc' dir='ltr'>τοῦ</span> <span class='ocrx_word' id='word_1_398' title='bbox 3460 2509 3716 2579; x_wconf 85' lang='grc' dir='ltr'>πράγμα-</span> 
     </span>
    </p>
   </div>
   <div class='ocr_carea' id='block_1_57' title="bbox 2131 2595 3714 2668">
    <p class='ocr_par' dir='ltr' id='par_1_57' title="bbox 2131 2595 3714 2668">
     <span class='ocr_line' id='line_1_57' title="bbox 2131 2595 3714 2668; baseline 0.002 -19"><span class='ocrx_word' id='word_1_399' title='bbox 2131 2613 2222 2659; x_wconf 88' lang='grc' dir='ltr'><strong>τος</strong></span> <span class='ocrx_word' id='word_1_400' title='bbox 2248 2595 2472 2665; x_wconf 74' lang='grc' dir='ltr'>ἔξαρνος</span> <span class='ocrx_word' id='word_1_401' title='bbox 2508 2595 2744 2664; x_wconf 87' lang='grc' dir='ltr'>γίνεται,</span> <span class='ocrx_word' id='word_1_402' title='bbox 2776 2598 2808 2666; x_wconf 79' lang='grc' dir='ltr'><strong>ἦ</strong></span> <span class='ocrx_word' id='word_1_403' title='bbox 2852 2597 3044 2650; x_wconf 72' lang='grc' dir='ltr'>ἐαυτὸν</span> <span class='ocrx_word' id='word_1_404' title='bbox 3082 2597 3300 2661; x_wconf 77' lang='grc' dir='ltr'>ἀνάξιον</span> <span class='ocrx_word' id='word_1_405' title='bbox 3349 2599 3714 2668; x_wconf 82' lang='grc' dir='ltr'>ἐπιστάμενος</span> 
     </span>
    </p>
   </div>
   <div class='ocr_carea' id='block_1_58' title="bbox 2132 2687 3705 2759">
    <p class='ocr_par' dir='ltr' id='par_1_58' title="bbox 2132 2687 3705 2759">
     <span class='ocr_line' id='line_1_58' title="bbox 2132 2687 3705 2759; baseline 0.002 -19"><span class='ocrx_word' id='word_1_406' title='bbox 2132 2687 2226 2740; x_wconf 79' lang='grc' dir='ltr'>καὶ</span> <span class='ocrx_word' id='word_1_407' title='bbox 2256 2687 2533 2757; x_wconf 80' lang='grc' dir='ltr'>ἀλλότριον</span> <span class='ocrx_word' id='word_1_408' title='bbox 2558 2687 2651 2739; x_wconf 76' lang='grc' dir='ltr'><strong>τοῦ</strong></span> <span class='ocrx_word' id='word_1_409' title='bbox 2686 2688 3029 2758; x_wconf 75' lang='grc' dir='ltr'>πράγματος,</span> <span class='ocrx_word' id='word_1_410' title='bbox 3050 2688 3148 2758; x_wconf 84' lang='grc' dir='ltr'>τὴν</span> <span class='ocrx_word' id='word_1_411' title='bbox 3177 2689 3466 2758; x_wconf 74' lang='grc' dir='ltr'>ὁμολογίαν</span> <span class='ocrx_word' id='word_1_412' title='bbox 3493 2691 3705 2759; x_wconf 75' lang='grc' dir='ltr'>φεύγει·</span> 
     </span>
    </p>
   </div>
   <div class='ocr_carea' id='block_1_59' title="bbox 2132 2772 3712 2851">
    <p class='ocr_par' dir='ltr' id='par_1_59' title="bbox 2132 2772 3712 2851">
     <span class='ocr_line' id='line_1_59' title="bbox 2132 2772 3712 2851; baseline 0.004 -21"><span class='ocrx_word' id='word_1_413' title='bbox 2132 2772 2206 2830; x_wconf 83' lang='grc' dir='ltr'>ὧν</span> <span class='ocrx_word' id='word_1_414' title='bbox 2237 2777 2386 2831; x_wconf 76' lang='grc' dir='ltr'>οὐδὲν</span> <span class='ocrx_word' id='word_1_415' title='bbox 2437 2778 2694 2849; x_wconf 83' lang='grc' dir='ltr'>πρόσεστι</span> <span class='ocrx_word' id='word_1_416' title='bbox 2734 2778 2811 2849; x_wconf 84' lang='grc' dir='ltr'>τῷ</span> <span class='ocrx_word' id='word_1_417' title='bbox 2844 2779 3080 2850; x_wconf 81' lang='grc' dir='ltr'>ἀληθινῷ</span> <span class='ocrx_word' id='word_1_418' title='bbox 3109 2781 3440 2851; x_wconf 87' lang='grc' dir='ltr'>Χριστιανῷ.</span> <span class='ocrx_word' id='word_1_419' title='bbox 3477 2783 3588 2834; x_wconf 78' lang='grc' dir='ltr'><strong>Καὶ</strong></span> <span class='ocrx_word' id='word_1_420' title='bbox 3616 2780 3712 2837; x_wconf 78' lang='grc' dir='ltr'>τοῦ</span> 
     </span>
    </p>
   </div>
   <div class='ocr_carea' id='block_1_60' title="bbox 2131 2870 3712 2942">
    <p class='ocr_par' dir='ltr' id='par_1_60' title="bbox 2131 2870 3712 2942">
     <span class='ocr_line' id='line_1_60' title="bbox 2131 2870 3712 2942; baseline 0.003 -20"><span class='ocrx_word' id='word_1_421' title='bbox 2131 2870 2425 2941; x_wconf 75' lang='grc' dir='ltr'>υὺρϐικίου</span> <span class='ocrx_word' id='word_1_422' title='bbox 2475 2871 2833 2935; x_wconf 82' lang='grc' dir='ltr'>κελεύσαντος</span> <span class='ocrx_word' id='word_1_423' title='bbox 2882 2874 3042 2926; x_wconf 77' lang='grc' dir='ltr'>αὑτὸν</span> <span class='ocrx_word' id='word_1_424' title='bbox 3091 2873 3440 2942; x_wconf 77' lang='grc' dir='ltr'>ἀπαχθῆναι,</span> <span class='ocrx_word' id='word_1_425' title='bbox 3481 2873 3712 2938; x_wconf 75' lang='grc' dir='ltr'>Λούκιός</span> 
     </span>
    </p>
   </div>
   <div class='ocr_carea' id='block_1_61' title="bbox 2130 2964 3712 3037">
    <p class='ocr_par' dir='ltr' id='par_1_61' title="bbox 2130 2964 3712 3037">
     <span class='ocr_line' id='line_1_61' title="bbox 2130 2964 3712 3037; baseline 0.003 -21"><span class='ocrx_word' id='word_1_426' title='bbox 2130 2980 2234 3027; x_wconf 84' lang='grc' dir='ltr'>τις,</span> <span class='ocrx_word' id='word_1_427' title='bbox 2268 2965 2366 3017; x_wconf 71' lang='grc' dir='ltr'>καὶ</span> <span class='ocrx_word' id='word_1_428' title='bbox 2408 2964 2656 3034; x_wconf 66' lang='grc' dir='ltr'>αὑτδςξῶν</span> <span class='ocrx_word' id='word_1_429' title='bbox 2694 2965 3046 3035; x_wconf 81' lang='grc' dir='ltr'>Χριστιανὸς,</span> <span class='ocrx_word' id='word_1_430' title='bbox 3073 2966 3215 3037; x_wconf 82' lang='grc' dir='ltr'>ὁρῶν</span> <span class='ocrx_word' id='word_1_431' title='bbox 3253 2967 3352 3036; x_wconf 83' lang='grc' dir='ltr'><strong>τὴν</strong></span> <span class='ocrx_word' id='word_1_432' title='bbox 3390 2966 3598 3034; x_wconf 83' lang='grc' dir='ltr'>ἀλόγως</span> <span class='ocrx_word' id='word_1_433' title='bbox 3621 2964 3712 3021; x_wconf 69' lang='grc' dir='ltr'><strong>οι-</strong></span> 
     </span>
    </p>
   </div>
   <div class='ocr_carea' id='block_1_62' title="bbox 2130 3053 3708 3126">
    <p class='ocr_par' dir='ltr' id='par_1_62' title="bbox 2130 3053 3708 3126">
     <span class='ocr_line' id='line_1_62' title="bbox 2130 3053 3708 3126; baseline 0.002 -21"><span class='ocrx_word' id='word_1_434' title='bbox 2130 3071 2238 3117; x_wconf 85' lang='grc' dir='ltr'><strong>τως</strong></span> <span class='ocrx_word' id='word_1_435' title='bbox 2276 3053 2351 3124; x_wconf 84' lang='lat'><strong>(5)</strong></span> <span class='ocrx_word' id='word_1_436' title='bbox 2374 3054 2670 3126; x_wconf 85' lang='grc' dir='ltr'>γενομένην</span> <span class='ocrx_word' id='word_1_437' title='bbox 2699 3055 2910 3126; x_wconf 86' lang='grc' dir='ltr'>κρίσιν,</span> <span class='ocrx_word' id='word_1_438' title='bbox 2953 3056 3088 3126; x_wconf 84' lang='grc' dir='ltr'>πρὸς</span> <span class='ocrx_word' id='word_1_439' title='bbox 3128 3055 3220 3107; x_wconf 85' lang='grc' dir='ltr'><strong>τὸν</strong></span> <span class='ocrx_word' id='word_1_440' title='bbox 3254 3055 3540 3126; x_wconf 76' lang='grc' dir='ltr'>Οὑρϐίκιον</span> <span class='ocrx_word' id='word_1_441' title='bbox 3571 3055 3708 3126; x_wconf 75' lang='grc' dir='ltr'>ἔφη’</span> 
     </span>
    </p>
   </div>
   <div class='ocr_carea' id='block_1_63' title="bbox 2131 3143 3709 3218">
    <p class='ocr_par' dir='ltr' id='par_1_63' title="bbox 2131 3143 3709 3218">
     <span class='ocr_line' id='line_1_63' title="bbox 2131 3143 3709 3218; baseline 0.002 -22"><span class='ocrx_word' id='word_1_442' title='bbox 2131 3143 2227 3207; x_wconf 85' lang='grc' dir='ltr'>Τίς</span> <span class='ocrx_word' id='word_1_443' title='bbox 2251 3143 2286 3215; x_wconf 80' lang='grc' dir='ltr'>ἠ</span> <span class='ocrx_word' id='word_1_444' title='bbox 2315 3144 2461 3198; x_wconf 76' lang='grc' dir='ltr'>αἰτία</span> <span class='ocrx_word' id='word_1_445' title='bbox 2485 3143 2578 3198; x_wconf 81' lang='grc' dir='ltr'>τοῦ</span> <span class='ocrx_word' id='word_1_446' title='bbox 2612 3147 2746 3216; x_wconf 88' lang='grc' dir='ltr'>μήτε</span> <span class='ocrx_word' id='word_1_447' title='bbox 2780 3145 2986 3215; x_wconf 84' lang='grc' dir='ltr'>μοιχὸν,</span> <span class='ocrx_word' id='word_1_448' title='bbox 3021 3147 3155 3216; x_wconf 81' lang='grc' dir='ltr'>μήτε</span> <span class='ocrx_word' id='word_1_449' title='bbox 3185 3146 3402 3218; x_wconf 81' lang='grc' dir='ltr'>πόρνον,</span> <span class='ocrx_word' id='word_1_450' title='bbox 3443 3146 3576 3217; x_wconf 76' lang='grc' dir='ltr'>μήτε</span> <span class='ocrx_word' id='word_1_451' title='bbox 3611 3146 3709 3199; x_wconf 82' lang='grc' dir='ltr'><strong>ἁν-</strong></span> 
     </span>
    </p>
   </div>
   <div class='ocr_carea' id='block_1_64' title="bbox 458 3217 2052 3309">
    <p class='ocr_par' dir='ltr' id='par_1_64' title="bbox 458 3227 2030 3309">
     <span class='ocr_line' id='line_1_64' title="bbox 458 3227 2030 3309; baseline 0.009 -28"><span class='ocrx_word' id='word_1_452' title='bbox 458 3227 700 3293; x_wconf 82' lang='lat' dir='ltr'><strong>Quorum</strong></span> <span class='ocrx_word' id='word_1_453' title='bbox 754 3242 1011 3288; x_wconf 89' lang='lat' dir='ltr'><strong>neutrum</strong></span> <span class='ocrx_word' id='word_1_454' title='bbox 1069 3237 1268 3290; x_wconf 90' lang='lat' dir='ltr'><strong>cadere</strong></span> <span class='ocrx_word' id='word_1_455' title='bbox 1295 3247 1472 3304; x_wconf 87' lang='lat' dir='ltr'><strong>potest</strong></span> <span class='ocrx_word' id='word_1_456' title='bbox 1514 3238 1567 3292; x_wconf 92' lang='lat' dir='ltr'><strong>in</strong></span> <span class='ocrx_word' id='word_1_457' title='bbox 1605 3255 1728 3294; x_wconf 90' lang='lat' dir='ltr'><strong>eum</strong></span> <span class='ocrx_word' id='word_1_458' title='bbox 1778 3241 1868 3309; x_wconf 91' lang='lat' dir='ltr'><strong>qui</strong></span> <span class='ocrx_word' id='word_1_459' title='bbox 1903 3255 2030 3295; x_wconf 85' lang='lat' dir='ltr'><strong>vere</strong></span> 
     </span>
    </p>
   </div>
   <div class='ocr_carea' id='block_1_65' title="bbox 2135 3217 3710 3309">
    <p class='ocr_par' dir='ltr' id='par_1_65' title="bbox 2135 3217 3710 3308">
     <span class='ocr_line' id='line_1_65' title="bbox 2135 3217 3710 3308; baseline 0.001 -20"><span class='ocrx_word' id='word_1_460' title='bbox 2135 3235 2426 3305; x_wconf 82' lang='grc' dir='ltr'>δροφόνον,</span> <span class='ocrx_word' id='word_1_461' title='bbox 2485 3238 2622 3306; x_wconf 83' lang='grc' dir='ltr'>μήτε</span> <span class='ocrx_word' id='word_1_462' title='bbox 2668 3236 3018 3307; x_wconf 80' lang='grc' dir='ltr'>λωποδύτην,</span> <span class='ocrx_word' id='word_1_463' title='bbox 3072 3239 3208 3308; x_wconf 87' lang='grc' dir='ltr'>μήτε</span> <span class='ocrx_word' id='word_1_464' title='bbox 3256 3217 3514 3308; x_wconf 63' lang='grc' dir='ltr'>ἅρπαγα,</span> <span class='ocrx_word' id='word_1_465' title='bbox 3571 3238 3710 3306; x_wconf 70' lang='grc' dir='ltr'>μήτε</span> 
     </span>
    </p>
   </div>
   <div class='ocr_carea' id='block_1_66' title="bbox 455 3318 2027 3384">
    <p class='ocr_par' dir='ltr' id='par_1_66' title="bbox 455 3318 2027 3384">
     <span class='ocr_line' id='line_1_66' title="bbox 455 3318 2027 3384; baseline 0.006 -11"><span class='ocrx_word' id='word_1_466' title='bbox 455 3318 796 3377; x_wconf 84' lang='lat' dir='ltr'><strong>Christianus</strong></span> <span class='ocrx_word' id='word_1_467' title='bbox 823 3322 916 3377; x_wconf 92' lang='lat' dir='ltr'><strong>sit.</strong></span> <span class='ocrx_word' id='word_1_468' title='bbox 948 3324 1084 3380; x_wconf 88' lang='lat' dir='ltr'><strong>Cum</strong></span> <span class='ocrx_word' id='word_1_469' title='bbox 1125 3341 1257 3381; x_wconf 85' lang='lat' dir='ltr'><strong>vero</strong></span> <span class='ocrx_word' id='word_1_470' title='bbox 1286 3327 1536 3383; x_wconf 87' lang='lat' dir='ltr'><strong>Urbicius</strong></span> <span class='ocrx_word' id='word_1_471' title='bbox 1573 3327 1923 3384; x_wconf 74' lang='lat' dir='ltr'><strong>Ptolemaeum</strong></span> <span class='ocrx_word' id='word_1_472' title='bbox 1959 3329 2027 3384; x_wconf 88' lang='lat' dir='ltr'><strong>ad</strong></span> 
     </span>
    </p>
   </div>
   <div class='ocr_carea' id='block_1_67' title="bbox 455 3413 2028 3493">
    <p class='ocr_par' dir='ltr' id='par_1_67' title="bbox 455 3413 2028 3493">
     <span class='ocr_line' id='line_1_67' title="bbox 455 3413 2028 3493; baseline 0.008 -28"><span class='ocrx_word' id='word_1_473' title='bbox 455 3413 777 3484; x_wconf 76' lang='lat' dir='ltr'><strong>supplicium</strong></span> <span class='ocrx_word' id='word_1_474' title='bbox 831 3417 957 3472; x_wconf 93' lang='lat' dir='ltr'><strong>duci</strong></span> <span class='ocrx_word' id='word_1_475' title='bbox 998 3418 1270 3488; x_wconf 87' lang='lat' dir='ltr'><strong>jussisset,</strong></span> <span class='ocrx_word' id='word_1_476' title='bbox 1335 3420 1536 3476; x_wconf 90' lang='lat' dir='ltr'><strong>Lucius</strong></span> <span class='ocrx_word' id='word_1_477' title='bbox 1577 3422 1800 3492; x_wconf 88' lang='lat' dir='ltr'><strong>quidam</strong></span> <span class='ocrx_word' id='word_1_478' title='bbox 1833 3423 1926 3493; x_wconf 85' lang='lat' dir='ltr'><strong>qui</strong></span> <span class='ocrx_word' id='word_1_479' title='bbox 1971 3431 2028 3478; x_wconf 93' lang='lat' dir='ltr'><strong>et</strong></span> 
     </span>
    </p>
   </div>
   <div class='ocr_carea' id='block_1_68' title="bbox 525 3636 2022 3714">
    <p class='ocr_par' dir='ltr' id='par_1_68' title="bbox 525 3636 2022 3714">
     <span class='ocr_line' id='line_1_68' title="bbox 525 3636 2022 3714; baseline 0.004 -21"><span class='ocrx_word' id='word_1_480' title='bbox 525 3636 602 3714; x_wconf 59' lang='lat' dir='ltr'><strong>fl)</strong></span> <span class='ocrx_word' id='word_1_481' title='bbox 633 3639 696 3693; x_wconf 85' lang='grc' dir='ltr'><em>Ἠ</em></span> <span class='ocrx_word' id='word_1_482' title='bbox 873 3640 1174 3714; x_wconf 51' lang='grc' dir='ltr'>,ϐιϐλίδιόῖ</span> <span class='ocrx_word' id='word_1_483' title='bbox 1203 3656 1303 3696; x_wconf 86' lang='grc' dir='ltr'><strong>σοι</strong></span> <span class='ocrx_word' id='word_1_484' title='bbox 1349 3642 1431 3710; x_wconf 86' lang='grc' dir='ltr'>τῷ</span> <span class='ocrx_word' id='word_1_485' title='bbox 1469 3644 1877 3714; x_wconf 82' lang='grc' dir='ltr'>αὐτοκράτορι.</span> <span class='ocrx_word' id='word_1_486' title='bbox 1927 3644 2022 3699; x_wconf 85' lang='lat' dir='ltr'><strong>Li-</strong></span> 
     </span>
    </p>
   </div>
   <div class='ocr_carea' id='block_1_69' title="bbox 455 3707 2019 3781">
    <p class='ocr_par' dir='ltr' id='par_1_69' title="bbox 455 3707 2019 3781">
     <span class='ocr_line' id='line_1_69' title="bbox 455 3707 2019 3781; baseline 0.004 -20"><span class='ocrx_word' id='word_1_487' title='bbox 455 3707 654 3781; x_wconf 77' lang='lat' dir='ltr'><strong>bellum</strong></span> <span class='ocrx_word' id='word_1_488' title='bbox 679 3707 971 3781; x_wconf 81' lang='lat' dir='ltr'><strong>supplicem</strong></span> <span class='ocrx_word' id='word_1_489' title='bbox 1009 3711 1269 3779; x_wconf 79' lang='lat' dir='ltr'><strong>intelligo,</strong></span> <span class='ocrx_word' id='word_1_490' title='bbox 1303 3707 1410 3781; x_wconf 84' lang='lat' dir='ltr'><strong>quo</strong></span> <span class='ocrx_word' id='word_1_491' title='bbox 1460 3707 1667 3770; x_wconf 57' lang='lat' dir='ltr'><strong>mulier&#39;</strong></span> <span class='ocrx_word' id='word_1_492' title='bbox 1707 3707 2019 3769; x_wconf 76' lang='lat' dir='ltr'><strong>dilationem</strong></span> 
     </span>
    </p>
   </div>
   <div class='ocr_carea' id='block_1_70' title="bbox 453 3777 2024 3849">
    <p class='ocr_par' dir='ltr' id='par_1_70' title="bbox 453 3777 2024 3849">
     <span class='ocr_line' id='line_1_70' title="bbox 453 3777 2024 3849; baseline 0.006 -19"><span class='ocrx_word' id='word_1_493' title='bbox 453 3777 637 3845; x_wconf 79' lang='lat' dir='ltr'><strong>iudicii</strong></span> <span class='ocrx_word' id='word_1_494' title='bbox 667 3778 1086 3849; x_wconf 87' lang='lat' dir='ltr'><strong>abimperatore</strong></span> <span class='ocrx_word' id='word_1_495' title='bbox 1126 3777 1507 3849; x_wconf 70' lang='lat' dir='ltr'><strong>poStulaverat.</strong></span> <span class='ocrx_word' id='word_1_496' title='bbox 1538 3785 1669 3839; x_wconf 84' lang='lat' dir='ltr'><strong>Nam</strong></span> <span class='ocrx_word' id='word_1_497' title='bbox 1697 3801 1817 3838; x_wconf 89' lang='lat' dir='ltr'><strong>cum</strong></span> <span class='ocrx_word' id='word_1_498' title='bbox 1843 3801 1873 3838; x_wconf 87' lang='lat' dir='ltr'><strong>a</strong></span> <span class='ocrx_word' id='word_1_499' title='bbox 1910 3787 2024 3840; x_wconf 78' lang='lat' dir='ltr'><strong>viro</strong></span> 
     </span>
    </p>
   </div>
   <div class='ocr_carea' id='block_1_71' title="bbox 454 3848 2020 3912">
    <p class='ocr_par' dir='ltr' id='par_1_71' title="bbox 454 3848 2020 3912">
     <span class='ocr_line' id='line_1_71' title="bbox 454 3848 2020 3912; baseline 0.004 -13"><span class='ocrx_word' id='word_1_500' title='bbox 454 3861 686 3911; x_wconf 82' lang='lat' dir='ltr'><strong>quocum</strong></span> <span class='ocrx_word' id='word_1_501' title='bbox 718 3848 1006 3902; x_wconf 84' lang='lat' dir='ltr'><strong>divortium</strong></span> <span class='ocrx_word' id='word_1_502' title='bbox 1065 3848 1268 3904; x_wconf 81' lang='lat' dir='ltr'><strong>fecerat</strong></span> <span class='ocrx_word' id='word_1_503' title='bbox 1296 3892 1311 3912; x_wconf 89' lang='lat'><strong><em>.</em></strong></span> <span class='ocrx_word' id='word_1_504' title='bbox 1365 3865 1617 3908; x_wconf 86' lang='lat' dir='ltr'><strong>accusata</strong></span> <span class='ocrx_word' id='word_1_505' title='bbox 1671 3854 1862 3909; x_wconf 87' lang='lat' dir='ltr'><strong>fuisset</strong></span> <span class='ocrx_word' id='word_1_506' title='bbox 1904 3864 2020 3906; x_wconf 86' lang='lat' dir='ltr'><strong>tan-</strong></span> 
     </span>
    </p>
   </div>
   <div class='ocr_carea' id='block_1_72' title="bbox 456 3917 2022 3989">
    <p class='ocr_par' dir='ltr' id='par_1_72' title="bbox 456 3917 2022 3989">
     <span class='ocr_line' id='line_1_72' title="bbox 456 3917 2022 3989; baseline 0.009 -25"><span class='ocrx_word' id='word_1_507' title='bbox 456 3931 619 3989; x_wconf 81' lang='lat' dir='ltr'><strong>quam</strong></span> <span class='ocrx_word' id='word_1_508' title='bbox 667 3917 996 3989; x_wconf 83' lang='lat' dir='ltr'><strong>Christiana,</strong></span> <span class='ocrx_word' id='word_1_509' title='bbox 1058 3920 1127 3972; x_wconf 90' lang='lat' dir='ltr'><strong>ab</strong></span> <span class='ocrx_word' id='word_1_510' title='bbox 1181 3921 1508 3989; x_wconf 85' lang='lat' dir='ltr'><strong>imperatore</strong></span> <span class='ocrx_word' id='word_1_511' title='bbox 1561 3925 1872 3979; x_wconf 85' lang='lat' dir='ltr'><strong>dilationem</strong></span> <span class='ocrx_word' id='word_1_512' title='bbox 1920 3925 2022 3978; x_wconf 89' lang='lat' dir='ltr'><strong>sibi</strong></span> 
     </span>
    </p>
   </div>
   <div class='ocr_carea' id='block_1_73' title="bbox 457 3986 2022 4058">
    <p class='ocr_par' dir='ltr' id='par_1_73' title="bbox 457 3986 2022 4058">
     <span class='ocr_line' id='line_1_73' title="bbox 457 3986 2022 4058; baseline 0.007 -23"><span class='ocrx_word' id='word_1_513' title='bbox 457 3987 572 4039; x_wconf 85' lang='lat' dir='ltr'><strong>dari</strong></span> <span class='ocrx_word' id='word_1_514' title='bbox 604 3986 778 4054; x_wconf 88' lang='lat' dir='ltr'><strong>petiit,</strong></span> <span class='ocrx_word' id='word_1_515' title='bbox 805 3996 999 4058; x_wconf 88' lang='lat' dir='ltr'><strong>utrem</strong></span> <span class='ocrx_word' id='word_1_516' title='bbox 1030 3986 1352 4042; x_wconf 77' lang='lat' dir='ltr'><strong>familiarem</strong></span> <span class='ocrx_word' id='word_1_517' title='bbox 1391 3995 1536 4058; x_wconf 91' lang='lat' dir='ltr'><strong>prius</strong></span> <span class='ocrx_word' id='word_1_518' title='bbox 1559 3995 1873 4058; x_wconf 84' lang='lat' dir='ltr'><strong>ordinaret,</strong></span> <span class='ocrx_word' id='word_1_519' title='bbox 1937 4010 2022 4046; x_wconf 90' lang='lat' dir='ltr'><strong>re-</strong></span> 
     </span>
    </p>
   </div>
   <div class='ocr_carea' id='block_1_74' title="bbox 455 4057 2024 4132">
    <p class='ocr_par' dir='ltr' id='par_1_74' title="bbox 455 4057 2024 4132">
     <span class='ocr_line' id='line_1_74' title="bbox 455 4057 2024 4132; baseline 0.006 -23"><span class='ocrx_word' id='word_1_520' title='bbox 455 4070 722 4132; x_wconf 72' lang='lat' dir='ltr'><strong>sponsura</strong></span> <span class='ocrx_word' id='word_1_521' title='bbox 739 4067 866 4132; x_wconf 71' lang='lat' dir='ltr'><strong>post</strong></span> <span class='ocrx_word' id='word_1_522' title='bbox 884 4057 995 4132; x_wconf 63' lang='lat' dir='ltr'><strong>haec</strong></span> <span class='ocrx_word' id='word_1_523' title='bbox 1020 4073 1213 4113; x_wconf 90' lang='lat' dir='ltr'><strong>accusa</strong></span> <span class='ocrx_word' id='word_1_524' title='bbox 1226 4060 1376 4132; x_wconf 86' lang='lat' dir='ltr'><strong>tioni.</strong></span> <span class='ocrx_word' id='word_1_525' title='bbox 1393 4057 1658 4115; x_wconf 80' lang='lat' dir='ltr'><strong>Solebant</strong></span> <span class='ocrx_word' id='word_1_526' title='bbox 1678 4066 1872 4132; x_wconf 81' lang='lat' dir='ltr'><strong>quippe</strong></span> <span class='ocrx_word' id='word_1_527' title='bbox 1885 4065 2024 4132; x_wconf 67' lang='lat' dir='ltr'><strong>apud</strong></span> 
     </span>
    </p>
   </div>
   <div class='ocr_carea' id='block_1_75' title="bbox 453 4126 2024 4199">
    <p class='ocr_par' dir='ltr' id='par_1_75' title="bbox 453 4126 2024 4199">
     <span class='ocr_line' id='line_1_75' title="bbox 453 4126 2024 4199; baseline 0.006 -22"><span class='ocrx_word' id='word_1_528' title='bbox 453 4127 734 4199; x_wconf 77' lang='lat' dir='ltr'><strong>llomauos</strong></span> <span class='ocrx_word' id='word_1_529' title='bbox 794 4126 1088 4182; x_wconf 83' lang='lat' dir='ltr'><strong>dilationes</strong></span> <span class='ocrx_word' id='word_1_530' title='bbox 1140 4130 1364 4184; x_wconf 90' lang='lat' dir='ltr'><strong>concedi</strong></span> <span class='ocrx_word' id='word_1_531' title='bbox 1421 4147 1583 4184; x_wconf 87' lang='lat' dir='ltr'><strong>causa</strong></span> <span class='ocrx_word' id='word_1_532' title='bbox 1624 4126 1871 4199; x_wconf 76' lang='lat' dir='ltr'><strong>cognita,</strong></span> <span class='ocrx_word' id='word_1_533' title='bbox 1918 4126 2024 4186; x_wconf 80' lang='lat' dir='ltr'><strong>tam</strong></span> 
     </span>
    </p>
   </div>
   <div class='ocr_carea' id='block_1_76' title="bbox 459 4197 2027 4269">
    <p class='ocr_par' dir='ltr' id='par_1_76' title="bbox 459 4197 2027 4269">
     <span class='ocr_line' id='line_1_76' title="bbox 459 4197 2027 4269; baseline 0.004 -22"><span class='ocrx_word' id='word_1_534' title='bbox 459 4197 565 4269; x_wconf 81' lang='lat' dir='ltr'><strong>reis</strong></span> <span class='ocrx_word' id='word_1_535' title='bbox 599 4211 780 4269; x_wconf 66' lang='lat' dir='ltr'><strong>quam</strong></span> <span class='ocrx_word' id='word_1_536' title='bbox 806 4200 1241 4269; x_wconf 85' lang='lat' dir='ltr'><strong>accusatoribus,</strong></span> <span class='ocrx_word' id='word_1_537' title='bbox 1290 4212 1346 4269; x_wconf 80' lang='lat' dir='ltr'><strong>ut</strong></span> <span class='ocrx_word' id='word_1_538' title='bbox 1405 4201 1600 4255; x_wconf 87' lang='lat' dir='ltr'><strong>docent</strong></span> <span class='ocrx_word' id='word_1_539' title='bbox 1639 4197 1783 4269; x_wconf 76' lang='lat' dir='ltr'><strong>leges</strong></span> <span class='ocrx_word' id='word_1_540' title='bbox 1824 4197 1874 4256; x_wconf 85' lang='lat' dir='ltr'><strong>in</strong></span> <span class='ocrx_word' id='word_1_541' title='bbox 1923 4205 2027 4254; x_wconf 78' lang='lat' dir='ltr'><strong>Co-</strong></span> 
     </span>
    </p>
   </div>
   <div class='ocr_carea' id='block_1_77' title="bbox 455 4213 2024 4341">
    <p class='ocr_par' dir='ltr' id='par_1_77' title="bbox 455 4213 2024 4341">
     <span class='ocr_line' id='line_1_77' title="bbox 459 4213 2024 4269; baseline 0.004 -22"><span class='ocrx_word' id='word_1_542' title='bbox 459 4213 565 4258; x_wconf 80' lang='lat' dir='ltr'><strong>rets</strong></span> <span class='ocrx_word' id='word_1_543' title='bbox 647 4213 768 4249; x_wconf 86' lang='lat' dir='ltr'><strong>uam</strong></span> <span class='ocrx_word' id='word_1_544' title='bbox 806 4213 1241 4259; x_wconf 82' lang='lat' dir='ltr'><strong>accusatoribus,</strong></span> <span class='ocrx_word' id='word_1_545' title='bbox 1290 4213 1346 4250; x_wconf 89' lang='lat' dir='ltr'><strong>ut</strong></span> <span class='ocrx_word' id='word_1_546' title='bbox 1405 4213 1600 4255; x_wconf 81' lang='lat' dir='ltr'><strong>docent</strong></span> <span class='ocrx_word' id='word_1_547' title='bbox 1639 4213 1783 4269; x_wconf 78' lang='lat' dir='ltr'><strong>leges</strong></span> <span class='ocrx_word' id='word_1_548' title='bbox 1824 4213 1874 4256; x_wconf 88' lang='lat' dir='ltr'><strong>in</strong></span> <span class='ocrx_word' id='word_1_549' title='bbox 1923 4213 2024 4254; x_wconf 75' lang='lat' dir='ltr'><strong>Cn-</strong></span> 
     </span>
     <span class='ocr_line' id='line_1_78' title="bbox 455 4213 2024 4341; baseline 0.006 -25"><span class='ocrx_word' id='word_1_550' title='bbox 455 4267 574 4341; x_wconf 78' lang='lat' dir='ltr'><strong>dice</strong></span> <span class='ocrx_word' id='word_1_551' title='bbox 599 4213 997 4341; x_wconf 49' lang='lat' dir='ltr'><strong>ilheodosiauo,</strong></span> <span class='ocrx_word' id='word_1_552' title='bbox 1021 4269 1173 4341; x_wconf 68' lang='lat' dir='ltr'><strong>titulo</strong></span> <span class='ocrx_word' id='word_1_553' title='bbox 1199 4269 1287 4331; x_wconf 83' lang='grc'><strong>56,</strong></span> <span class='ocrx_word' id='word_1_554' title='bbox 1324 4267 1390 4321; x_wconf 82' lang='lat' dir='ltr'><strong>Ut</strong></span> <span class='ocrx_word' id='word_1_555' title='bbox 1422 4270 1564 4341; x_wconf 67' lang='lat' dir='ltr'><strong>intra</strong></span> <span class='ocrx_word' id='word_1_556' title='bbox 1593 4289 1791 4324; x_wconf 85' lang='lat' dir='ltr'><strong>annum</strong></span> <span class='ocrx_word' id='word_1_557' title='bbox 1808 4275 2024 4341; x_wconf 56' lang='lat' dir='ltr'><strong>quant-tio</strong></span> 
     </span>
    </p>
   </div>
   <div class='ocr_carea' id='block_1_78' title="bbox 455 4335 2026 4407">
    <p class='ocr_par' dir='ltr' id='par_1_78' title="bbox 455 4335 2026 4407">
     <span class='ocr_line' id='line_1_79' title="bbox 455 4335 2026 4407; baseline 0.006 -22"><span class='ocrx_word' id='word_1_558' title='bbox 455 4335 748 4407; x_wconf 63' lang='lat' dir='ltr'><strong>rriminaft&#39;t</strong></span> <span class='ocrx_word' id='word_1_559' title='bbox 778 4339 1105 4392; x_wconf 85' lang='lat' dir='ltr'><strong>terminetur.</strong></span> <span class='ocrx_word' id='word_1_560' title='bbox 1140 4339 1244 4392; x_wconf 85' lang='lat' dir='ltr'><strong>Sed</strong></span> <span class='ocrx_word' id='word_1_561' title='bbox 1276 4340 1444 4407; x_wconf 67' lang='lat' dir='ltr'><strong>quaeri</strong></span> <span class='ocrx_word' id='word_1_562' title='bbox 1473 4352 1651 4407; x_wconf 87' lang='lat' dir='ltr'><strong>potest</strong></span> <span class='ocrx_word' id='word_1_563' title='bbox 1695 4358 1794 4395; x_wconf 91' lang='lat' dir='ltr'><strong>cur</strong></span> <span class='ocrx_word' id='word_1_564' title='bbox 1819 4335 2026 4396; x_wconf 51' lang='lat' dir='ltr'><strong>&#39;mulier</strong></span> 
     </span>
    </p>
   </div>
   <div class='ocr_carea' id='block_1_79' title="bbox 455 4405 2022 4475">
    <p class='ocr_par' dir='ltr' id='par_1_79' title="bbox 455 4405 2022 4475">
     <span class='ocr_line' id='line_1_80' title="bbox 455 4405 2022 4475; baseline 0.006 -19"><span class='ocrx_word' id='word_1_565' title='bbox 455 4405 836 4472; x_wconf 86' lang='lat' dir='ltr'><strong>imperatorem</strong></span> <span class='ocrx_word' id='word_1_566' title='bbox 860 4409 1077 4469; x_wconf 88' lang='lat' dir='ltr'><strong>adierit,</strong></span> <span class='ocrx_word' id='word_1_567' title='bbox 1119 4425 1240 4464; x_wconf 84' lang='lat' dir='ltr'><strong>eum</strong></span> <span class='ocrx_word' id='word_1_568' title='bbox 1270 4405 1591 4475; x_wconf 46' lang='lat' dir='ltr'><strong>a&#39;judicibus</strong></span> <span class='ocrx_word' id='word_1_569' title='bbox 1630 4413 1923 4467; x_wconf 82' lang='lat' dir='ltr'><strong>ordinariis</strong></span> <span class='ocrx_word' id='word_1_570' title='bbox 1956 4415 2022 4466; x_wconf 88' lang='lat' dir='ltr'><strong>ad</strong></span> 
     </span>
    </p>
   </div>
   <div class='ocr_carea' id='block_1_80' title="bbox 456 4476 2022 4554">
    <p class='ocr_par' dir='ltr' id='par_1_80' title="bbox 456 4476 2022 4554">
     <span class='ocr_line' id='line_1_81' title="bbox 456 4476 2022 4554; baseline 0.006 -29"><span class='ocrx_word' id='word_1_571' title='bbox 456 4490 594 4538; x_wconf 80' lang='lat' dir='ltr'><strong>quos</strong></span> <span class='ocrx_word' id='word_1_572' title='bbox 621 4476 797 4554; x_wconf 74' lang='lat' dir='ltr'><strong>delata</strong></span> <span class='ocrx_word' id='word_1_573' title='bbox 825 4489 985 4554; x_wconf 67' lang='lat' dir='ltr'><strong>erant</strong></span> <span class='ocrx_word' id='word_1_574' title='bbox 1015 4480 1271 4554; x_wconf 83' lang='lat' dir='ltr'><strong>crimina.</strong></span> <span class='ocrx_word' id='word_1_575' title='bbox 1310 4479 1612 4554; x_wconf 81' lang='lat' dir='ltr'><strong>liujusmodi</strong></span> <span class='ocrx_word' id='word_1_576' title='bbox 1664 4485 1893 4554; x_wconf 68' lang='lat' dir='ltr'><strong>inducim</strong></span> <span class='ocrx_word' id='word_1_577' title='bbox 1929 4502 2022 4554; x_wconf 84' lang='lat' dir='ltr'><strong>pe-</strong></span> 
     </span>
    </p>
   </div>
   <div class='ocr_carea' id='block_1_81' title="bbox 458 4541 2099 4618">
    <p class='ocr_par' dir='ltr' id='par_1_81' title="bbox 458 4541 2099 4618">
     <span class='ocr_line' id='line_1_82' title="bbox 458 4541 2099 4618; baseline 0.008 -24"><span class='ocrx_word' id='word_1_578' title='bbox 458 4554 719 4598; x_wconf 86' lang='lat' dir='ltr'><strong>terentur.</strong></span> <span class='ocrx_word' id='word_1_579' title='bbox 743 4547 824 4618; x_wconf 85' lang='lat' dir='ltr'><strong>A_tt</strong></span> <span class='ocrx_word' id='word_1_580' title='bbox 865 4547 1004 4603; x_wconf 79' lang='lat' dir='ltr'><strong>forte</strong></span> <span class='ocrx_word' id='word_1_581' title='bbox 1022 4551 1186 4618; x_wconf 84' lang='lat' dir='ltr'><strong>judcx</strong></span> <span class='ocrx_word' id='word_1_582' title='bbox 1212 4541 1451 4616; x_wconf 77' lang='lat' dir='ltr'><strong>poscenti</strong></span> <span class='ocrx_word' id='word_1_583' title='bbox 1479 4551 1686 4604; x_wconf 88' lang='lat' dir='ltr'><strong>tuulieri</strong></span> <span class='ocrx_word' id='word_1_584' title='bbox 1713 4541 2021 4609; x_wconf 54' lang='lat' dir='ltr'><strong>dilatiou&#39;em</strong></span> <span class='ocrx_word' id='word_1_585' title='bbox 2053 4541 2099 4598; x_wconf 85' lang='grc' dir='ltr'>Ῑ)</span> 
     </span>
    </p>
   </div>
   <div class='ocr_carea' id='block_1_82' title="bbox 456 4616 2024 4692">
    <p class='ocr_par' dir='ltr' id='par_1_82' title="bbox 456 4616 2024 4692">
     <span class='ocr_line' id='line_1_83' title="bbox 456 4616 2024 4692; baseline 0.008 -27"><span class='ocrx_word' id='word_1_586' title='bbox 456 4616 796 4692; x_wconf 60' lang='lat' dir='ltr'><strong>negaverat?</strong></span> <span class='ocrx_word' id='word_1_587' title='bbox 845 4617 985 4692; x_wconf 88' lang='lat' dir='ltr'><strong>ttu_de</strong></span> <span class='ocrx_word' id='word_1_588' title='bbox 1013 4616 1208 4692; x_wconf 76' lang='lat' dir='ltr'><strong>mulier</strong></span> <span class='ocrx_word' id='word_1_589' title='bbox 1239 4635 1466 4692; x_wconf 81' lang='lat' dir='ltr'><strong>necesse</strong></span> <span class='ocrx_word' id='word_1_590' title='bbox 1501 4622 1766 4675; x_wconf 85' lang='lat' dir='ltr'><strong>habuerat</strong></span> <span class='ocrx_word' id='word_1_591' title='bbox 1791 4625 2024 4692; x_wconf 87' lang='lat' dir='ltr'><strong>impera-</strong></span> 
     </span>
    </p>
   </div>
   <div class='ocr_carea' id='block_1_83' title="bbox 457 4685 2021 4762">
    <p class='ocr_par' dir='ltr' id='par_1_83' title="bbox 457 4685 2021 4762">
     <span class='ocr_line' id='line_1_84' title="bbox 457 4685 2021 4762; baseline 0.008 -27"><span class='ocrx_word' id='word_1_592' title='bbox 457 4686 591 4762; x_wconf 67' lang='lat' dir='ltr'><strong>toris</strong></span> <span class='ocrx_word' id='word_1_593' title='bbox 619 4685 878 4762; x_wconf 77' lang='lat' dir='ltr'><strong>auxilium</strong></span> <span class='ocrx_word' id='word_1_594' title='bbox 913 4687 1227 4757; x_wconf 87' lang='lat' dir='ltr'><strong>implorare.</strong></span> <span class='ocrx_word' id='word_1_595' title='bbox 1261 4689 1343 4741; x_wconf 87' lang='lat' dir='ltr'><strong>An</strong></span> <span class='ocrx_word' id='word_1_596' title='bbox 1368 4691 1515 4762; x_wconf 63' lang='lat' dir='ltr'><strong>forte</strong></span> <span class='ocrx_word' id='word_1_597' title='bbox 1540 4693 1605 4762; x_wconf 83' lang='lat' dir='ltr'><strong>ad</strong></span> <span class='ocrx_word' id='word_1_598' title='bbox 1637 4685 2021 4762; x_wconf 71' lang='lat' dir='ltr'><strong>imperatorem</strong></span> 
     </span>
    </p>
   </div>
   <div class='ocr_carea' id='block_1_84' title="bbox 453 4753 2024 4826">
    <p class='ocr_par' dir='ltr' id='par_1_84' title="bbox 453 4753 2024 4826">
     <span class='ocr_line' id='line_1_85' title="bbox 453 4753 2024 4826; baseline 0.008 -20"><span class='ocrx_word' id='word_1_599' title='bbox 453 4753 640 4826; x_wconf 72' lang='lat' dir='ltr'><strong>ipsum</strong></span> <span class='ocrx_word' id='word_1_600' title='bbox 655 4756 827 4808; x_wconf 88' lang='lat' dir='ltr'><strong>delata</strong></span> <span class='ocrx_word' id='word_1_601' title='bbox 858 4753 1144 4826; x_wconf 55' lang='lat' dir='ltr'><strong>erat&#39;quod</strong></span> <span class='ocrx_word' id='word_1_602' title='bbox 1179 4770 1322 4813; x_wconf 63' lang='lat' dir='ltr'><strong>esset</strong></span> <span class='ocrx_word' id='word_1_603' title='bbox 1357 4753 1788 4815; x_wconf 58' lang='lat' dir='ltr'><strong>Clirisliana?&#39;ut</strong></span> <span class='ocrx_word' id='word_1_604' title='bbox 1815 4765 2024 4819; x_wconf 88' lang='lat' dir='ltr'><strong>censuit</strong></span> 
     </span>
    </p>
   </div>
   <div class='ocr_carea' id='block_1_85' title="bbox 452 4822 2023 4902">
    <p class='ocr_par' dir='ltr' id='par_1_85' title="bbox 452 4822 2023 4902">
     <span class='ocr_line' id='line_1_86' title="bbox 452 4822 2023 4902; baseline 0.01 -28"><span class='ocrx_word' id='word_1_605' title='bbox 452 4822 794 4902; x_wconf 47' lang='lat' dir='ltr'><strong>l‘jicephorus</strong></span> <span class='ocrx_word' id='word_1_606' title='bbox 820 4839 884 4902; x_wconf 84' lang='lat' dir='ltr'><strong>_ac</strong></span> <span class='ocrx_word' id='word_1_607' title='bbox 906 4822 1447 4902; x_wconf 83' lang='lat' dir='ltr'><strong>Christophorsouus.</strong></span> <span class='ocrx_word' id='word_1_608' title='bbox 1483 4830 1678 4883; x_wconf 75' lang='lat' dir='ltr'><strong>Verum</strong></span> <span class='ocrx_word' id='word_1_609' title='bbox 1709 4832 1821 4887; x_wconf 69' lang='lat' dir='ltr'><strong>hiBC</strong></span> <span class='ocrx_word' id='word_1_610' title='bbox 1844 4846 2023 4902; x_wconf 88' lang='lat' dir='ltr'><strong>poste-</strong></span> 
     </span>
    </p>
   </div>
   <div class='ocr_carea' id='block_1_86' title="bbox 456 4896 2022 4966">
    <p class='ocr_par' dir='ltr' id='par_1_86' title="bbox 456 4896 2022 4966">
     <span class='ocr_line' id='line_1_87' title="bbox 456 4896 2022 4966; baseline 0.009 -22"><span class='ocrx_word' id='word_1_611' title='bbox 456 4896 568 4946; x_wconf 90' lang='lat' dir='ltr'><strong>rior</strong></span> <span class='ocrx_word' id='word_1_612' title='bbox 598 4897 864 4966; x_wconf 78' lang='lat' dir='ltr'><strong>sententia</strong></span> <span class='ocrx_word' id='word_1_613' title='bbox 900 4911 1089 4962; x_wconf 87' lang='lat' dir='ltr'><strong>parum</strong></span> <span class='ocrx_word' id='word_1_614' title='bbox 1123 4901 1412 4966; x_wconf 83' lang='lat' dir='ltr'><strong>probabilis</strong></span> <span class='ocrx_word' id='word_1_615' title='bbox 1451 4902 1580 4954; x_wconf 90' lang='lat' dir='ltr'><strong>mihi</strong></span> <span class='ocrx_word' id='word_1_616' title='bbox 1628 4896 1864 4958; x_wconf 52' lang='lat' dir='ltr'><strong>videtur.</strong></span> <span class='ocrx_word' id='word_1_617' title='bbox 1904 4905 2022 4958; x_wconf 88' lang='lat' dir='ltr'><strong>Pri-</strong></span> 
     </span>
    </p>
   </div>
   <div class='ocr_carea' id='block_1_87' title="bbox 454 4963 2022 5042">
    <p class='ocr_par' dir='ltr' id='par_1_87' title="bbox 454 4963 2022 5042">
     <span class='ocr_line' id='line_1_88' title="bbox 454 4963 2022 5042; baseline 0.011 -31"><span class='ocrx_word' id='word_1_618' title='bbox 454 4979 542 5015; x_wconf 87' lang='lat' dir='ltr'><strong>mo</strong></span> <span class='ocrx_word' id='word_1_619' title='bbox 569 4963 696 5031; x_wconf 90' lang='lat' dir='ltr'><strong>quia</strong></span> <span class='ocrx_word' id='word_1_620' title='bbox 724 4963 975 5042; x_wconf 83' lang='lat' dir='ltr'><strong>Justinus</strong></span> <span class='ocrx_word' id='word_1_621' title='bbox 1013 4963 1198 5042; x_wconf 22' lang='lat' dir='ltr'><strong>id‘non</strong></span> <span class='ocrx_word' id='word_1_622' title='bbox 1244 4970 1397 5033; x_wconf 88' lang='lat' dir='ltr'><strong>dicit,</strong></span> <span class='ocrx_word' id='word_1_623' title='bbox 1435 4973 1628 5025; x_wconf 90' lang='lat' dir='ltr'><strong>deinde</strong></span> <span class='ocrx_word' id='word_1_624' title='bbox 1680 4976 1804 5042; x_wconf 88' lang='lat' dir='ltr'><strong>quia</strong></span> <span class='ocrx_word' id='word_1_625' title='bbox 1853 4979 2022 5029; x_wconf 88' lang='lat' dir='ltr'><strong>moris</strong></span> 
     </span>
    </p>
   </div>
   <div class='ocr_carea' id='block_1_88' title="bbox 451 5036 2017 5112">
    <p class='ocr_par' dir='ltr' id='par_1_88' title="bbox 451 5036 2017 5112">
     <span class='ocr_line' id='line_1_89' title="bbox 451 5036 2017 5112; baseline 0.01 -28"><span class='ocrx_word' id='word_1_626' title='bbox 451 5047 558 5112; x_wconf 77' lang='lat' dir='ltr'><strong>non</strong></span> <span class='ocrx_word' id='word_1_627' title='bbox 583 5043 704 5088; x_wconf 89' lang='lat' dir='ltr'><strong>erat</strong></span> <span class='ocrx_word' id='word_1_628' title='bbox 729 5036 1104 5112; x_wconf 79' lang='lat' dir='ltr'><strong>uteriuiinafis</strong></span> <span class='ocrx_word' id='word_1_629' title='bbox 1135 5042 1363 5112; x_wconf 68' lang='lat' dir='ltr'><strong>quaestio</strong></span> <span class='ocrx_word' id='word_1_630' title='bbox 1394 5050 1534 5094; x_wconf 72' lang='lat' dir='ltr'><strong>recta</strong></span> <span class='ocrx_word' id='word_1_631' title='bbox 1591 5043 1656 5096; x_wconf 85' lang='lat' dir='ltr'><strong>ad</strong></span> <span class='ocrx_word' id='word_1_632' title='bbox 1694 5036 2017 5112; x_wconf 77' lang='lat' dir='ltr'><strong>principem,</strong></span> 
     </span>
    </p>
   </div>
   <div class='ocr_carea' id='block_1_89' title="bbox 450 5104 1589 5171">
    <p class='ocr_par' dir='ltr' id='par_1_89' title="bbox 450 5104 1589 5171">
     <span class='ocr_line' id='line_1_90' title="bbox 450 5104 1589 5171; baseline 0.007 -15"><span class='ocrx_word' id='word_1_633' title='bbox 450 5104 826 5171; x_wconf 78' lang='lat' dir='ltr'><strong>emisso,quod</strong></span> <span class='ocrx_word' id='word_1_634' title='bbox 863 5104 1237 5171; x_wconf 86' lang='lat' dir='ltr'><strong>aiunt.medio,</strong></span> <span class='ocrx_word' id='word_1_635' title='bbox 1267 5110 1589 5164; x_wconf 84' lang='lat' dir='ltr'><strong>deferretur.</strong></span> 
     </span>
    </p>
   </div>
   <div class='ocr_carea' id='block_1_90' title="bbox 520 5173 2019 5252">
    <p class='ocr_par' dir='ltr' id='par_1_90' title="bbox 520 5173 2019 5252">
     <span class='ocr_line' id='line_1_91' title="bbox 520 5173 2019 5252; baseline 0.01 -29"><span class='ocrx_word' id='word_1_636' title='bbox 520 5173 595 5252; x_wconf 63' lang='grc' dir='ltr'>(ξ’.)</span> <span class='ocrx_word' id='word_1_637' title='bbox 627 5173 789 5226; x_wconf 83' lang='grc' dir='ltr'>Μετὰ</span> <span class='ocrx_word' id='word_1_638' title='bbox 805 5174 928 5252; x_wconf 35' lang='grc' dir='ltr'><strong>’τὴν</strong></span> <span class='ocrx_word' id='word_1_639' title='bbox 961 5174 1077 5252; x_wconf 76' lang='grc' dir='ltr'><strong>τῷν</strong></span> <span class='ocrx_word' id='word_1_640' title='bbox 1100 5179 1456 5252; x_wconf 52' lang='grc' dir='ltr'>πραγμάτων</span> <span class='ocrx_word' id='word_1_641' title='bbox 1479 5180 1668 5250; x_wconf 77' lang='grc' dir='ltr'>αὐτῆς</span> <span class='ocrx_word' id='word_1_642' title='bbox 1721 5182 2019 5252; x_wconf 80' lang='grc' dir='ltr'>διοίκησιν</span> 
     </span>
    </p>
   </div>
   <div class='ocr_carea' id='block_1_91' title="bbox 448 5241 2019 5318">
    <p class='ocr_par' dir='ltr' id='par_1_91' title="bbox 448 5241 2019 5318">
     <span class='ocr_line' id='line_1_92' title="bbox 448 5241 2019 5318; baseline 0.009 -24"><span class='ocrx_word' id='word_1_643' title='bbox 448 5241 772 5318; x_wconf 63' lang='grc' dir='ltr'>ρπέσχετο.</span> <span class='ocrx_word' id='word_1_644' title='bbox 803 5241 1081 5300; x_wconf 66' lang='grc' dir='ltr'>Ιιιςυιιίοε</span> <span class='ocrx_word' id='word_1_645' title='bbox 1112 5241 1280 5318; x_wconf 72' lang='lat' dir='ltr'><strong>Hegio</strong></span> <span class='ocrx_word' id='word_1_646' title='bbox 1307 5263 1361 5302; x_wconf 92' lang='lat' dir='ltr'><strong>et</strong></span> <span class='ocrx_word' id='word_1_647' title='bbox 1391 5241 1672 5306; x_wconf 74' lang='lat' dir='ltr'><strong>Mazariuo</strong></span> <span class='ocrx_word' id='word_1_648' title='bbox 1700 5258 1851 5306; x_wconf 88' lang='lat' dir='ltr'><strong>deest</strong></span> <span class='ocrx_word' id='word_1_649' title='bbox 1897 5241 2019 5307; x_wconf 56' lang='grc' dir='ltr'><strong>νυν-</strong></span> 
     </span>
    </p>
   </div>
   <div class='ocr_carea' id='block_1_92' title="bbox 447 5313 2016 5392">
    <p class='ocr_par' dir='ltr' id='par_1_92' title="bbox 447 5313 2016 5392">
     <span class='ocr_line' id='line_1_93' title="bbox 447 5313 2016 5392; baseline 0.01 -27"><span class='ocrx_word' id='word_1_650' title='bbox 447 5315 575 5392; x_wconf 70' lang='lat' dir='ltr'><strong>lium</strong></span> <span class='ocrx_word' id='word_1_651' title='bbox 615 5313 900 5392; x_wconf 81' lang='grc' dir='ltr'>ὑπέσχετο,</span> <span class='ocrx_word' id='word_1_652' title='bbox 928 5319 1081 5392; x_wconf 71' lang='lat' dir='ltr'><strong>quod</strong></span> <span class='ocrx_word' id='word_1_653' title='bbox 1103 5313 1548 5392; x_wconf 15' lang='lat' dir='ltr'><strong>quidgmiabesse</strong></span> <span class='ocrx_word' id='word_1_654' title='bbox 1586 5334 1763 5392; x_wconf 87' lang='lat' dir='ltr'><strong>potest</strong></span> <span class='ocrx_word' id='word_1_655' title='bbox 1815 5326 2016 5389; x_wconf 86' lang='lat' dir='ltr'><strong>absque</strong></span> 
     </span>
    </p>
   </div>
   <div class='ocr_carea' id='block_1_93' title="bbox 448 5383 2012 5462">
    <p class='ocr_par' dir='ltr' id='par_1_93' title="bbox 448 5383 2012 5462">
     <span class='ocr_line' id='line_1_94' title="bbox 448 5383 2012 5462; baseline 0.01 -28"><span class='ocrx_word' id='word_1_656' title='bbox 448 5383 555 5462; x_wconf 51' lang='lat' dir='ltr'><strong>ullo</strong></span> <span class='ocrx_word' id='word_1_657' title='bbox 577 5383 1019 5462; x_wconf 68' lang='lat' dir='ltr'><strong>sensusdaiuuo.</strong></span> <span class='ocrx_word' id='word_1_658' title='bbox 1045 5383 1204 5462; x_wconf 74' lang='lat' dir='ltr'><strong>certe</strong></span> <span class='ocrx_word' id='word_1_659' title='bbox 1233 5389 1462 5445; x_wconf 81' lang='lat' dir='ltr'><strong>Rufinus</strong></span> <span class='ocrx_word' id='word_1_660' title='bbox 1484 5409 1547 5445; x_wconf 88' lang='lat' dir='ltr'><strong>ac</strong></span> <span class='ocrx_word' id='word_1_661' title='bbox 1586 5383 1942 5462; x_wconf 64' lang='lat' dir='ltr'><strong>Nic-ephorus</strong></span> <span class='ocrx_word' id='word_1_662' title='bbox 1962 5399 2012 5451; x_wconf 91' lang='lat' dir='ltr'><strong>iu</strong></span> 
     </span>
    </p>
   </div>
   <div class='ocr_carea' id='block_1_94' title="bbox 446 5451 2016 5529">
    <p class='ocr_par' dir='ltr' id='par_1_94' title="bbox 446 5451 2016 5529">
     <span class='ocr_line' id='line_1_95' title="bbox 446 5451 2016 5529; baseline 0.008 -23"><span class='ocrx_word' id='word_1_663' title='bbox 446 5451 769 5529; x_wconf 59' lang='lat' dir='ltr'><strong>Eusebiauis</strong></span> <span class='ocrx_word' id='word_1_664' title='bbox 803 5456 1000 5526; x_wconf 91' lang='lat' dir='ltr'><strong>quibus</strong></span> <span class='ocrx_word' id='word_1_665' title='bbox 1032 5460 1112 5512; x_wconf 89' lang='lat' dir='ltr'><strong>usi</strong></span> <span class='ocrx_word' id='word_1_666' title='bbox 1145 5473 1268 5514; x_wconf 87' lang='lat' dir='ltr'><strong>sunt</strong></span> <span class='ocrx_word' id='word_1_667' title='bbox 1307 5451 1840 5529; x_wconf 49' lang='lat' dir='ltr'><strong>exemplaribus&#39;hoc</strong></span> <span class='ocrx_word' id='word_1_668' title='bbox 1893 5481 2016 5518; x_wconf 85' lang='lat' dir='ltr'><strong>ver-</strong></span> 
     </span>
    </p>
   </div>
   <div class='ocr_carea' id='block_1_95' title="bbox 447 5525 2011 5605">
    <p class='ocr_par' dir='ltr' id='par_1_95' title="bbox 447 5525 2011 5605">
     <span class='ocr_line' id='line_1_96' title="bbox 447 5525 2011 5605; baseline 0.012 -33"><span class='ocrx_word' id='word_1_669' title='bbox 447 5525 574 5604; x_wconf 72' lang='lat' dir='ltr'><strong>bum</strong></span> <span class='ocrx_word' id='word_1_670' title='bbox 609 5542 712 5605; x_wconf 79' lang='lat' dir='ltr'><strong>non</strong></span> <span class='ocrx_word' id='word_1_671' title='bbox 745 5525 1004 5605; x_wconf 73' lang='lat' dir='ltr'><strong>videntur</strong></span> <span class='ocrx_word' id='word_1_672' title='bbox 1026 5532 1333 5605; x_wconf 73' lang='lat' dir='ltr'><strong>reperiissc.</strong></span> <span class='ocrx_word' id='word_1_673' title='bbox 1372 5525 1504 5605; x_wconf 76' lang='lat' dir='ltr'><strong>Nam</strong></span> <span class='ocrx_word' id='word_1_674' title='bbox 1536 5533 1764 5587; x_wconf 68' lang='lat' dir='ltr'><strong>Rufinus</strong></span> <span class='ocrx_word' id='word_1_675' title='bbox 1793 5536 2011 5605; x_wconf 85' lang='lat' dir='ltr'><strong>quidem</strong></span> 
     </span>
    </p>
   </div>
   <div class='ocr_carea' id='block_1_96' title="bbox 446 5594 2014 5672">
    <p class='ocr_par' dir='ltr' id='par_1_96' title="bbox 446 5594 2014 5672">
     <span class='ocr_line' id='line_1_97' title="bbox 446 5594 2014 5672; baseline 0.01 -29"><span class='ocrx_word' id='word_1_676' title='bbox 446 5594 517 5643; x_wconf 88' lang='lat' dir='ltr'><strong>ita</strong></span> <span class='ocrx_word' id='word_1_677' title='bbox 559 5598 719 5648; x_wconf 86' lang='lat' dir='ltr'><strong>vertit</strong></span> <span class='ocrx_word' id='word_1_678' title='bbox 745 5613 757 5648; x_wconf 92' lang='lat'><strong>:</strong></span> <span class='ocrx_word' id='word_1_679' title='bbox 787 5598 891 5650; x_wconf 79' lang='lat' dir='ltr'><strong>Illa</strong></span> <span class='ocrx_word' id='word_1_680' title='bbox 916 5594 1125 5666; x_wconf 75' lang='lat' dir='ltr'><strong>quidem</strong></span> <span class='ocrx_word' id='word_1_681' title='bbox 1170 5601 1402 5655; x_wconf 76' lang='lat' dir='ltr'><strong>libellum</strong></span> <span class='ocrx_word' id='word_1_682' title='bbox 1444 5604 1538 5655; x_wconf 81' lang='lat' dir='ltr'><strong>tibi</strong></span> <span class='ocrx_word' id='word_1_683' title='bbox 1591 5594 2014 5672; x_wconf 40' lang='lat' dir='ltr'><strong>obtulit-impe-</strong></span> 
     </span>
    </p>
   </div>
   <div class='ocr_carea' id='block_1_97' title="bbox 448 5672 2010 5739">
    <p class='ocr_par' dir='ltr' id='par_1_97' title="bbox 448 5672 2010 5739">
     <span class='ocr_line' id='line_1_98' title="bbox 448 5672 2010 5739; baseline 0.01 -27"><span class='ocrx_word' id='word_1_684' title='bbox 448 5674 627 5739; x_wconf 59' lang='lat' dir='ltr'><strong>rator,</strong></span> <span class='ocrx_word' id='word_1_685' title='bbox 648 5675 702 5739; x_wconf 73' lang='lat' dir='ltr'><strong>ut</strong></span> <span class='ocrx_word' id='word_1_686' title='bbox 732 5672 1116 5733; x_wconf 76' lang='lat' dir='ltr'><strong>permitteretur</strong></span> <span class='ocrx_word' id='word_1_687' title='bbox 1149 5674 1194 5722; x_wconf 80' lang='lat' dir='ltr'><strong>ei</strong></span> <span class='ocrx_word' id='word_1_688' title='bbox 1227 5690 1332 5725; x_wconf 80' lang='lat' dir='ltr'><strong>rem</strong></span> <span class='ocrx_word' id='word_1_689' title='bbox 1367 5675 1687 5739; x_wconf 68' lang='lat' dir='ltr'><strong>[mutitarent</strong></span> <span class='ocrx_word' id='word_1_690' title='bbox 1717 5677 1964 5728; x_wconf 80' lang='lat' dir='ltr'><strong>ordinare</strong></span> <span class='ocrx_word' id='word_1_691' title='bbox 1991 5691 2010 5727; x_wconf 87' lang='lat'><strong>.&#39;</strong></span> 
     </span>
    </p>
   </div>
   <div class='ocr_carea' id='block_1_98' title="bbox 451 5734 2012 5812">
    <p class='ocr_par' dir='ltr' id='par_1_98' title="bbox 451 5734 2012 5812">
     <span class='ocr_line' id='line_1_99' title="bbox 451 5734 2012 5812; baseline 0.01 -28"><span class='ocrx_word' id='word_1_692' title='bbox 451 5734 779 5812; x_wconf 48' lang='lat' dir='ltr'><strong>tit-indeinde</strong></span> <span class='ocrx_word' id='word_1_693' title='bbox 835 5742 1166 5812; x_wconf 74' lang='lat' dir='ltr'><strong>responderet</strong></span> <span class='ocrx_word' id='word_1_694' title='bbox 1213 5734 1446 5810; x_wconf 68' lang='lat' dir='ltr'><strong>objectis.</strong></span> <span class='ocrx_word' id='word_1_695' title='bbox 1512 5744 1848 5812; x_wconf 67' lang='lat' dir='ltr'><strong>bicephorus</strong></span> <span class='ocrx_word' id='word_1_696' title='bbox 1885 5761 2012 5799; x_wconf 87' lang='lat' dir='ltr'><strong>vero</strong></span> 
     </span>
    </p>
   </div>
   <div class='ocr_carea' id='block_1_99' title="bbox 447 5799 2010 5888">
    <p class='ocr_par' dir='ltr' id='par_1_99' title="bbox 447 5799 2010 5888">
     <span class='ocr_line' id='line_1_100' title="bbox 447 5799 2010 5888; baseline 0.02 -34"><span class='ocrx_word' id='word_1_697' title='bbox 447 5799 644 5858; x_wconf 68' lang='lat' dir='ltr'><strong>Juatiui</strong></span> <span class='ocrx_word' id='word_1_698' title='bbox 684 5806 860 5863; x_wconf 83' lang='lat' dir='ltr'><strong>locum</strong></span> <span class='ocrx_word' id='word_1_699' title='bbox 883 5799 954 5864; x_wconf 73' lang='lat' dir='ltr'><strong>ita</strong></span> <span class='ocrx_word' id='word_1_700' title='bbox 985 5799 1296 5879; x_wconf 36' lang='lat' dir='ltr'><strong>expressus</strong></span> <span class='ocrx_word' id='word_1_701' title='bbox 1331 5813 1543 5869; x_wconf 78' lang='grc' dir='ltr'>Βιϐλίον</span> <span class='ocrx_word' id='word_1_702' title='bbox 1571 5799 1859 5883; x_wconf 69' lang='grc' dir='ltr'>ἁνάδοῦσαι</span> <span class='ocrx_word' id='word_1_703' title='bbox 1893 5815 2010 5888; x_wconf 65' lang='grc' dir='ltr'>ᾔτει</span> 
     </span>
    </p>
   </div>
   <div class='ocr_carea' id='block_1_100' title="bbox 2133 3326 3711 3400">
    <p class='ocr_par' dir='ltr' id='par_1_100' title="bbox 2133 3326 3711 3400">
     <span class='ocr_line' id='line_1_101' title="bbox 2133 3326 3711 3400; baseline 0.001 -20"><span class='ocrx_word' id='word_1_704' title='bbox 2133 3326 2320 3390; x_wconf 82' lang='grc' dir='ltr'>ἁπλῶς</span> <span class='ocrx_word' id='word_1_705' title='bbox 2353 3327 2597 3398; x_wconf 86' lang='grc' dir='ltr'>ἀδίκημά</span> <span class='ocrx_word' id='word_1_706' title='bbox 2619 3345 2671 3380; x_wconf 87' lang='grc' dir='ltr'><strong>τι</strong></span> <span class='ocrx_word' id='word_1_707' title='bbox 2708 3329 2989 3399; x_wconf 79' lang='grc' dir='ltr'>πράξαντα</span> <span class='ocrx_word' id='word_1_708' title='bbox 3022 3329 3378 3400; x_wconf 82' lang='grc' dir='ltr'>ἐλεγχόμενον</span> <span class='ocrx_word' id='word_1_709' title='bbox 3399 3369 3413 3392; x_wconf 95' lang='grc'><strong>,</strong></span> <span class='ocrx_word' id='word_1_710' title='bbox 3443 3329 3711 3398; x_wconf 83' lang='grc' dir='ltr'>ὀνόματος</span> 
     </span>
    </p>
   </div>
   <div class='ocr_carea' id='block_1_101' title="bbox 2129 3419 3707 3492">
    <p class='ocr_par' dir='ltr' id='par_1_101' title="bbox 2129 3419 3707 3492">
     <span class='ocr_line' id='line_1_102' title="bbox 2129 3419 3707 3492; baseline -0.001 -18"><span class='ocrx_word' id='word_1_711' title='bbox 2129 3420 2188 3474; x_wconf 83' lang='grc' dir='ltr'><strong>δέ</strong></span> <span class='ocrx_word' id='word_1_712' title='bbox 2218 3419 2545 3490; x_wconf 86' lang='grc' dir='ltr'>Χριστιανοῦ</span> <span class='ocrx_word' id='word_1_713' title='bbox 2575 3420 2962 3491; x_wconf 76' lang='grc' dir='ltr'>προσωνυμίαν</span> <span class='ocrx_word' id='word_1_714' title='bbox 2986 3421 3350 3490; x_wconf 72' lang='grc' dir='ltr'>ὁμολογοῦντα</span> <span class='ocrx_word' id='word_1_715' title='bbox 3379 3421 3469 3473; x_wconf 81' lang='grc' dir='ltr'><strong>τὸν</strong></span> <span class='ocrx_word' id='word_1_716' title='bbox 3495 3419 3707 3492; x_wconf 78' lang='grc' dir='ltr'>ἂνθρω-</span> 
     </span>
    </p>
   </div>
   <div class='ocr_carea' id='block_1_102' title="bbox 2135 3638 3711 3762">
    <p class='ocr_par' dir='ltr' id='par_1_102' title="bbox 2135 3638 3711 3762">
     <span class='ocr_line' id='line_1_103' title="bbox 2135 3638 3711 3762; baseline 0.002 -70"><span class='ocrx_word' id='word_1_717' title='bbox 2135 3639 2400 3762; x_wconf 56' lang='grc' dir='ltr'>τὸρότερον</span> <span class='ocrx_word' id='word_1_718' title='bbox 2456 3638 2880 3711; x_wconf 78' lang='grc' dir='ltr'>συγχωρηθῆναι</span> <span class='ocrx_word' id='word_1_719' title='bbox 2939 3640 3006 3693; x_wconf 76' lang='grc' dir='ltr'>τὰ</span> <span class='ocrx_word' id='word_1_720' title='bbox 3056 3643 3177 3694; x_wconf 80' lang='grc' dir='ltr'>κατ’</span> <span class='ocrx_word' id='word_1_721' title='bbox 3214 3641 3385 3713; x_wconf 78' lang='grc' dir='ltr'>αὐτὴν</span> <span class='ocrx_word' id='word_1_722' title='bbox 3437 3641 3711 3714; x_wconf 76' lang='grc' dir='ltr'>διοικησα-</span> 
     </span>
     <span class='ocr_line' id='line_1_104' title="bbox 2135 3727 3310 3762; baseline 0 0"><span class='ocrx_word' id='word_1_723' title='bbox 2135 3727 2155 3762; x_wconf 72' lang='lat'><strong>3</strong></span> <span class='ocrx_word' id='word_1_724' title='bbox 2194 3727 2270 3762; x_wconf 82' lang='grc' dir='ltr'><strong>αι.</strong></span> <span class='ocrx_word' id='word_1_725' title='bbox 3307 3729 3310 3732; x_wconf 94' lang='grc'>·</span> 
     </span>
    </p>
   </div>
   <div class='ocr_carea' id='block_1_103' title="bbox 2126 3727 3310 3766">
    <p class='ocr_par' dir='ltr' id='par_1_103' title="bbox 2126 3727 3310 3766">
     <span class='ocr_line' id='line_1_105' title="bbox 2126 3727 3310 3766; baseline 0.008 -4"><span class='ocrx_word' id='word_1_726' title='bbox 2126 3727 2270 3766; x_wconf 81' lang='grc' dir='ltr'>συαι.</span> <span class='ocrx_word' id='word_1_727' title='bbox 3307 3729 3310 3732; x_wconf 65' lang='grc'><em>’</em></span> 
     </span>
    </p>
   </div>
   <div class='ocr_carea' id='block_1_104' title="bbox 2197 3777 3700 3851">
    <p class='ocr_par' dir='ltr' id='par_1_104' title="bbox 2197 3777 3700 3851">
     <span class='ocr_line' id='line_1_106' title="bbox 2197 3777 3700 3851; baseline 0.003 -19"><span class='ocrx_word' id='word_1_728' title='bbox 2197 3777 2502 3851; x_wconf 51' lang='grc' dir='ltr'><strong>(ὃλτᾳγῦγ</strong></span> <span class='ocrx_word' id='word_1_729' title='bbox 2529 3778 2618 3851; x_wconf 69' lang='grc' dir='ltr'>ἔτι</span> <span class='ocrx_word' id='word_1_730' title='bbox 2642 3779 2866 3851; x_wconf 58' lang='grc' dir='ltr'>ᾴέτειν.</span> <span class='ocrx_word' id='word_1_731' title='bbox 2891 3778 2945 3831; x_wconf 87' lang='lat' dir='ltr'><strong>Id</strong></span> <span class='ocrx_word' id='word_1_732' title='bbox 2972 3790 3054 3834; x_wconf 89' lang='lat' dir='ltr'><strong>est</strong></span> <span class='ocrx_word' id='word_1_733' title='bbox 3087 3795 3100 3831; x_wconf 90' lang='lat'>:</span> <span class='ocrx_word' id='word_1_734' title='bbox 3161 3780 3372 3834; x_wconf 91' lang='lat' dir='ltr'><strong>Interea</strong></span> <span class='ocrx_word' id='word_1_735' title='bbox 3416 3783 3700 3851; x_wconf 82' lang='lat' dir='ltr'><strong>temporis,</strong></span> 
     </span>
    </p>
   </div>
   <div class='ocr_carea' id='block_1_105' title="bbox 2126 3848 3700 3917">
    <p class='ocr_par' dir='ltr' id='par_1_105' title="bbox 2126 3848 3700 3917">
     <span class='ocr_line' id='line_1_107' title="bbox 2126 3848 3700 3917; baseline 0.004 -17"><span class='ocrx_word' id='word_1_736' title='bbox 2126 3848 2302 3916; x_wconf 81' lang='lat' dir='ltr'><strong>quead</strong></span> <span class='ocrx_word' id='word_1_737' title='bbox 2328 3848 2516 3903; x_wconf 88' lang='lat' dir='ltr'><strong>dilatio</strong></span> <span class='ocrx_word' id='word_1_738' title='bbox 2548 3849 2615 3900; x_wconf 87' lang='lat' dir='ltr'><strong>ab</strong></span> <span class='ocrx_word' id='word_1_739' title='bbox 2641 3848 2970 3917; x_wconf 89' lang='lat' dir='ltr'><strong>imperatore</strong></span> <span class='ocrx_word' id='word_1_740' title='bbox 3009 3866 3270 3905; x_wconf 72' lang='lat' dir='ltr'><strong>conceSSa</strong></span> <span class='ocrx_word' id='word_1_741' title='bbox 3323 3853 3486 3906; x_wconf 87' lang='lat' dir='ltr'><strong>finem</strong></span> <span class='ocrx_word' id='word_1_742' title='bbox 3530 3848 3700 3906; x_wconf 78' lang='lat' dir='ltr'><strong>acce-</strong></span> 
     </span>
    </p>
   </div>
   <div class='ocr_carea' id='block_1_106' title="bbox 2128 3917 3701 3989">
    <p class='ocr_par' dir='ltr' id='par_1_106' title="bbox 2128 3917 3701 3989">
     <span class='ocr_line' id='line_1_108' title="bbox 2128 3917 3701 3989; baseline 0.002 -19"><span class='ocrx_word' id='word_1_743' title='bbox 2128 3919 2320 3987; x_wconf 79' lang='lat' dir='ltr'><strong>pisset.</strong></span> <span class='ocrx_word' id='word_1_744' title='bbox 2349 3917 2540 3989; x_wconf 84' lang='lat' dir='ltr'><strong>Mulier</strong></span> <span class='ocrx_word' id='word_1_745' title='bbox 2564 3918 2706 3970; x_wconf 91' lang='lat' dir='ltr'><strong>enim</strong></span> <span class='ocrx_word' id='word_1_746' title='bbox 2739 3917 3054 3972; x_wconf 87' lang='lat' dir='ltr'><strong>dilationem</strong></span> <span class='ocrx_word' id='word_1_747' title='bbox 3085 3937 3113 3973; x_wconf 92' lang='lat' dir='ltr'><strong>a</strong></span> <span class='ocrx_word' id='word_1_748' title='bbox 3148 3922 3395 3989; x_wconf 83' lang='lat' dir='ltr'><strong>principe</strong></span> <span class='ocrx_word' id='word_1_749' title='bbox 3445 3923 3701 3989; x_wconf 89' lang='lat' dir='ltr'><strong>impetra-</strong></span> 
     </span>
    </p>
   </div>
   <div class='ocr_carea' id='block_1_107' title="bbox 2127 3987 3702 4056">
    <p class='ocr_par' dir='ltr' id='par_1_107' title="bbox 2127 3987 3702 4056">
     <span class='ocr_line' id='line_1_109' title="bbox 2127 3987 3702 4056; baseline 0.005 -18"><span class='ocrx_word' id='word_1_750' title='bbox 2127 3995 2298 4050; x_wconf 83' lang='lat' dir='ltr'><strong>verat,</strong></span> <span class='ocrx_word' id='word_1_751' title='bbox 2332 4001 2452 4040; x_wconf 91' lang='lat' dir='ltr'><strong>cum</strong></span> <span class='ocrx_word' id='word_1_752' title='bbox 2479 3987 2624 4056; x_wconf 89' lang='lat' dir='ltr'><strong>justa</strong></span> <span class='ocrx_word' id='word_1_753' title='bbox 2655 4000 2802 4056; x_wconf 82' lang='lat' dir='ltr'><strong>esset</strong></span> <span class='ocrx_word' id='word_1_754' title='bbox 2837 3989 2956 4054; x_wconf 90' lang='lat' dir='ltr'><strong>ejus</strong></span> <span class='ocrx_word' id='word_1_755' title='bbox 2995 3992 3185 4055; x_wconf 85' lang='lat' dir='ltr'><strong>petitio</strong></span> <span class='ocrx_word' id='word_1_756' title='bbox 3217 4008 3230 4044; x_wconf 92' lang='lat'>:</span> <span class='ocrx_word' id='word_1_757' title='bbox 3274 3987 3343 4045; x_wconf 83' lang='lat' dir='ltr'><strong>ne</strong></span> <span class='ocrx_word' id='word_1_758' title='bbox 3376 3987 3587 4044; x_wconf 86' lang='lat' dir='ltr'><strong>scilicet</strong></span> <span class='ocrx_word' id='word_1_759' title='bbox 3631 4005 3702 4046; x_wconf 82' lang='lat' dir='ltr'><strong>ex</strong></span> 
     </span>
    </p>
   </div>
   <div class='ocr_carea' id='block_1_108' title="bbox 2128 4055 3704 4130">
    <p class='ocr_par' dir='ltr' id='par_1_108' title="bbox 2128 4055 3704 4130">
     <span class='ocr_line' id='line_1_110' title="bbox 2128 4055 3704 4130; baseline 0.004 -21"><span class='ocrx_word' id='word_1_760' title='bbox 2128 4057 2397 4130; x_wconf 83' lang='lat' dir='ltr'><strong>calumnia</strong></span> <span class='ocrx_word' id='word_1_761' title='bbox 2433 4055 2532 4110; x_wconf 91' lang='lat' dir='ltr'><strong>viri</strong></span> <span class='ocrx_word' id='word_1_762' title='bbox 2563 4071 2592 4109; x_wconf 91' lang='lat' dir='ltr'><strong>a</strong></span> <span class='ocrx_word' id='word_1_763' title='bbox 2627 4055 2788 4130; x_wconf 72' lang='lat' dir='ltr'><strong>cujus</strong></span> <span class='ocrx_word' id='word_1_764' title='bbox 2815 4062 3091 4130; x_wconf 84' lang='lat' dir='ltr'><strong>consortio</strong></span> <span class='ocrx_word' id='word_1_765' title='bbox 3121 4061 3192 4114; x_wconf 93' lang='lat' dir='ltr'><strong>ob</strong></span> <span class='ocrx_word' id='word_1_766' title='bbox 3245 4059 3540 4130; x_wconf 89' lang='lat' dir='ltr'><strong>legitimam</strong></span> <span class='ocrx_word' id='word_1_767' title='bbox 3566 4075 3704 4115; x_wconf 90' lang='lat' dir='ltr'><strong>cau-</strong></span> 
     </span>
    </p>
   </div>
   <div class='ocr_carea' id='block_1_109' title="bbox 2129 4125 3703 4199">
    <p class='ocr_par' dir='ltr' id='par_1_109' title="bbox 2129 4125 3703 4199">
     <span class='ocr_line' id='line_1_111' title="bbox 2129 4125 3703 4199; baseline 0.005 -23"><span class='ocrx_word' id='word_1_768' title='bbox 2129 4142 2243 4178; x_wconf 85' lang='lat' dir='ltr'><strong>sam</strong></span> <span class='ocrx_word' id='word_1_769' title='bbox 2264 4125 2617 4199; x_wconf 67' lang='lat' dir='ltr'><strong>discesserat,</strong></span> <span class='ocrx_word' id='word_1_770' title='bbox 2655 4127 2730 4178; x_wconf 85' lang='lat' dir='ltr'><strong>rei</strong></span> <span class='ocrx_word' id='word_1_771' title='bbox 2765 4127 3049 4199; x_wconf 80' lang='lat' dir='ltr'><strong>familiaris</strong></span> <span class='ocrx_word' id='word_1_772' title='bbox 3097 4125 3436 4198; x_wconf 81' lang='lat' dir='ltr'><strong>dispendimu</strong></span> <span class='ocrx_word' id='word_1_773' title='bbox 3484 4142 3703 4199; x_wconf 87' lang='lat' dir='ltr'><strong>patere-</strong></span> 
     </span>
    </p>
   </div>
   <div class='ocr_carea' id='block_1_110' title="bbox 2132 4194 3703 4269">
    <p class='ocr_par' dir='ltr' id='par_1_110' title="bbox 2132 4194 3703 4269">
     <span class='ocr_line' id='line_1_112' title="bbox 2132 4194 3703 4269; baseline 0.005 -22"><span class='ocrx_word' id='word_1_774' title='bbox 2132 4205 2235 4247; x_wconf 90' lang='lat' dir='ltr'><strong>tur.</strong></span> <span class='ocrx_word' id='word_1_775' title='bbox 2263 4194 2385 4249; x_wconf 74' lang='lat' dir='ltr'><strong>llzec</strong></span> <span class='ocrx_word' id='word_1_776' title='bbox 2415 4197 2633 4250; x_wconf 89' lang='lat' dir='ltr'><strong>uberius</strong></span> <span class='ocrx_word' id='word_1_777' title='bbox 2666 4196 2987 4269; x_wconf 77' lang='lat' dir='ltr'><strong>explicanda</strong></span> <span class='ocrx_word' id='word_1_778' title='bbox 3016 4194 3203 4263; x_wconf 75' lang='lat' dir='ltr'><strong>erant,</strong></span> <span class='ocrx_word' id='word_1_779' title='bbox 3255 4205 3381 4268; x_wconf 86' lang='lat' dir='ltr'><strong>quia</strong></span> <span class='ocrx_word' id='word_1_780' title='bbox 3432 4194 3703 4269; x_wconf 66' lang='lat' dir='ltr'><strong>interpre-</strong></span> 
     </span>
    </p>
   </div>
   <div class='ocr_carea' id='block_1_111' title="bbox 2130 4266 3568 4333">
    <p class='ocr_par' dir='ltr' id='par_1_111' title="bbox 2130 4266 3568 4333">
     <span class='ocr_line' id='line_1_113' title="bbox 2130 4266 3568 4333; baseline 0.003 -17"><span class='ocrx_word' id='word_1_781' title='bbox 2130 4274 2210 4318; x_wconf 88' lang='lat' dir='ltr'><strong>tes</strong></span> <span class='ocrx_word' id='word_1_782' title='bbox 2235 4281 2421 4331; x_wconf 88' lang='lat' dir='ltr'><strong>parum</strong></span> <span class='ocrx_word' id='word_1_783' title='bbox 2459 4275 2551 4316; x_wconf 87' lang='lat' dir='ltr'><strong>aut</strong></span> <span class='ocrx_word' id='word_1_784' title='bbox 2582 4266 2759 4333; x_wconf 85' lang='lat' dir='ltr'><strong>potius</strong></span> <span class='ocrx_word' id='word_1_785' title='bbox 2782 4266 2911 4319; x_wconf 87' lang='lat' dir='ltr'><strong>nihil</strong></span> <span class='ocrx_word' id='word_1_786' title='bbox 2936 4269 3158 4322; x_wconf 89' lang='lat' dir='ltr'><strong>omnino</strong></span> <span class='ocrx_word' id='word_1_787' title='bbox 3187 4266 3568 4323; x_wconf 40' lang='lat' dir='ltr'><strong>hic—viderunt.</strong></span> 
     </span>
    </p>
   </div>
   <div class='ocr_carea' id='block_1_112' title="bbox 2199 4333 3702 4406">
    <p class='ocr_par' dir='ltr' id='par_1_112' title="bbox 2199 4333 3702 4406">
     <span class='ocr_line' id='line_1_114' title="bbox 2199 4333 3702 4406; baseline 0.005 -20"><span class='ocrx_word' id='word_1_788' title='bbox 2302 4335 2431 4406; x_wconf 60' lang='grc' dir='ltr'>’ξΟτε</span> <span class='ocrx_word' id='word_1_789' title='bbox 2451 4335 2549 4388; x_wconf 78' lang='grc' dir='ltr'>ἐπὶ</span> <span class='ocrx_word' id='word_1_790' title='bbox 2579 4336 2891 4400; x_wconf 57' lang='grc' dir='ltr'>Οιὶῃοϐίκιον</span> <span class='ocrx_word' id='word_1_791' title='bbox 2912 4333 3115 4406; x_wconf 73' lang='grc' dir='ltr'>ἦλθεν.</span> <span class='ocrx_word' id='word_1_792' title='bbox 3146 4339 3198 4392; x_wconf 92' lang='lat' dir='ltr'><strong>In</strong></span> <span class='ocrx_word' id='word_1_793' title='bbox 3233 4341 3417 4393; x_wconf 88' lang='lat' dir='ltr'><strong>codice</strong></span> <span class='ocrx_word' id='word_1_794' title='bbox 3450 4339 3702 4394; x_wconf 71' lang='lat' dir='ltr'><strong>Medicam</strong></span> 
     </span>
    </p>
   </div>
   <div class='ocr_carea' id='block_1_113' title="bbox 2126 4403 3699 4478">
    <p class='ocr_par' dir='ltr' id='par_1_113' title="bbox 2126 4403 3699 4478">
     <span class='ocr_line' id='line_1_115' title="bbox 2126 4403 3699 4478; baseline 0.002 -20"><span class='ocrx_word' id='word_1_795' title='bbox 2126 4413 2182 4459; x_wconf 89' lang='lat' dir='ltr'><strong>et</strong></span> <span class='ocrx_word' id='word_1_796' title='bbox 2228 4403 2836 4478; x_wconf 54' lang='lat' dir='ltr'><strong>Euketiauoscriptum</strong></span> <span class='ocrx_word' id='word_1_797' title='bbox 2877 4403 2995 4478; x_wconf 61' lang='lat' dir='ltr'><strong>est</strong></span> <span class='ocrx_word' id='word_1_798' title='bbox 3046 4409 3138 4459; x_wconf 73' lang='grc' dir='ltr'><strong>ἐπὶ</strong></span> <span class='ocrx_word' id='word_1_799' title='bbox 3193 4408 3484 4478; x_wconf 73' lang='grc' dir='ltr'>Οὐρϐίκιον</span> <span class='ocrx_word' id='word_1_800' title='bbox 3537 4408 3699 4478; x_wconf 72' lang='grc' dir='ltr'>ἤχθη,</span> 
     </span>
    </p>
   </div>
   <div class='ocr_carea' id='block_1_114' title="bbox 2127 4474 3701 4548">
    <p class='ocr_par' dir='ltr' id='par_1_114' title="bbox 2127 4474 3701 4548">
     <span class='ocr_line' id='line_1_116' title="bbox 2127 4474 3701 4548; baseline 0.003 -22"><span class='ocrx_word' id='word_1_801' title='bbox 2127 4475 2287 4548; x_wconf 78' lang='lat' dir='ltr'><strong>quod</strong></span> <span class='ocrx_word' id='word_1_802' title='bbox 2302 4478 2472 4548; x_wconf 68' lang='lat' dir='ltr'><strong>magis</strong></span> <span class='ocrx_word' id='word_1_803' title='bbox 2507 4474 2886 4548; x_wconf 31' lang='lat' dir='ltr'><strong>placettApud</strong></span> <span class='ocrx_word' id='word_1_804' title='bbox 2919 4474 3286 4548; x_wconf 74' lang='lat' dir='ltr'><strong>Nicephorum</strong></span> <span class='ocrx_word' id='word_1_805' title='bbox 3321 4495 3533 4548; x_wconf 77' lang='lat' dir='ltr'><strong>quoque</strong></span> <span class='ocrx_word' id='word_1_806' title='bbox 3560 4474 3701 4546; x_wconf 74' lang='lat' dir='ltr'><strong>legi-</strong></span> 
     </span>
    </p>
   </div>
   <div class='ocr_carea' id='block_1_115' title="bbox 2131 4543 3705 4620">
    <p class='ocr_par' dir='ltr' id='par_1_115' title="bbox 2131 4543 3705 4620">
     <span class='ocr_line' id='line_1_117' title="bbox 2131 4543 3705 4620; baseline 0.003 -24"><span class='ocrx_word' id='word_1_807' title='bbox 2131 4555 2233 4607; x_wconf 90' lang='lat' dir='ltr'><strong>tur,</strong></span> <span class='ocrx_word' id='word_1_808' title='bbox 2259 4543 2365 4620; x_wconf 67' lang='lat' dir='ltr'><strong>tb;_</strong></span> <span class='ocrx_word' id='word_1_809' title='bbox 2381 4543 2436 4596; x_wconf 85' lang='grc' dir='ltr'><strong>δέ</strong></span> <span class='ocrx_word' id='word_1_810' title='bbox 2478 4543 2788 4620; x_wconf 68' lang='grc' dir='ltr'>τελευταῖον</span> <span class='ocrx_word' id='word_1_811' title='bbox 2816 4543 3097 4620; x_wconf 58' lang='grc' dir='ltr'>Ὀύρὸικίιρ</span> <span class='ocrx_word' id='word_1_812' title='bbox 3149 4543 3461 4620; x_wconf 43' lang='grc' dir='ltr'>προσήχθη</span> <span class='ocrx_word' id='word_1_813' title='bbox 3493 4548 3570 4618; x_wconf 83' lang='grc' dir='ltr'>τῷ</span> <span class='ocrx_word' id='word_1_814' title='bbox 3591 4543 3705 4620; x_wconf 28' lang='grc' dir='ltr'><strong>’ἄρα</strong></span> 
     </span>
    </p>
   </div>
   <div class='ocr_carea' id='block_1_116' title="bbox 2128 4614 3701 4686">
    <p class='ocr_par' dir='ltr' id='par_1_116' title="bbox 2128 4614 3701 4686">
     <span class='ocr_line' id='line_1_118' title="bbox 2128 4614 3701 4686; baseline 0.005 -22"><span class='ocrx_word' id='word_1_815' title='bbox 2128 4630 2295 4682; x_wconf 80' lang='grc' dir='ltr'>χοντι.</span> <span class='ocrx_word' id='word_1_816' title='bbox 2332 4614 2505 4686; x_wconf 84' lang='lat' dir='ltr'><strong>Porro</strong></span> <span class='ocrx_word' id='word_1_817' title='bbox 2536 4617 2621 4667; x_wconf 86' lang='lat' dir='ltr'><strong>hic</strong></span> <span class='ocrx_word' id='word_1_818' title='bbox 2649 4614 3038 4686; x_wconf 27' lang='lat' dir='ltr'><strong>Urbicins’erat</strong></span> <span class='ocrx_word' id='word_1_819' title='bbox 3069 4614 3361 4686; x_wconf 65' lang='lat' dir='ltr'><strong>prmfectus</strong></span> <span class='ocrx_word' id='word_1_820' title='bbox 3388 4614 3552 4672; x_wconf 56' lang='lat' dir='ltr'><strong>u&#39;rbis&#39;</strong></span> <span class='ocrx_word' id='word_1_821' title='bbox 3590 4614 3701 4672; x_wconf 79' lang='lat' dir='ltr'><strong>llo-</strong></span> 
     </span>
    </p>
   </div>
   <div class='ocr_carea' id='block_1_117' title="bbox 2130 4684 3700 4753">
    <p class='ocr_par' dir='ltr' id='par_1_117' title="bbox 2130 4684 3700 4753">
     <span class='ocr_line' id='line_1_119' title="bbox 2130 4684 3700 4753; baseline 0.006 -21"><span class='ocrx_word' id='word_1_822' title='bbox 2130 4700 2266 4753; x_wconf 71' lang='lat' dir='ltr'><strong>nize,</strong></span> <span class='ocrx_word' id='word_1_823' title='bbox 2323 4684 2480 4753; x_wconf 90' lang='lat' dir='ltr'><strong>cujus</strong></span> <span class='ocrx_word' id='word_1_824' title='bbox 2527 4685 2795 4737; x_wconf 86' lang='lat' dir='ltr'><strong>sententia</strong></span> <span class='ocrx_word' id='word_1_825' title='bbox 2849 4686 2898 4738; x_wconf 93' lang='lat' dir='ltr'><strong>in</strong></span> <span class='ocrx_word' id='word_1_826' title='bbox 2963 4684 3310 4740; x_wconf 70' lang='lat' dir='ltr'><strong>Ptolerumum</strong></span> <span class='ocrx_word' id='word_1_827' title='bbox 3361 4699 3415 4743; x_wconf 89' lang='lat' dir='ltr'><strong>et</strong></span> <span class='ocrx_word' id='word_1_828' title='bbox 3472 4688 3700 4743; x_wconf 89' lang='lat' dir='ltr'><strong>Lucium</strong></span> 
     </span>
    </p>
   </div>
   <div class='ocr_carea' id='block_1_118' title="bbox 2126 4751 3698 4827">
    <p class='ocr_par' dir='ltr' id='par_1_118' title="bbox 2126 4751 3698 4827">
     <span class='ocr_line' id='line_1_120' title="bbox 2126 4751 3698 4827; baseline 0.003 -21"><span class='ocrx_word' id='word_1_829' title='bbox 2126 4751 2468 4827; x_wconf 72' lang='lat' dir='ltr'><strong>Christianos</strong></span> <span class='ocrx_word' id='word_1_830' title='bbox 2492 4755 2595 4806; x_wconf 85' lang='lat' dir='ltr'><strong>lata</strong></span> <span class='ocrx_word' id='word_1_831' title='bbox 2649 4756 2992 4810; x_wconf 85' lang='lat' dir='ltr'><strong>occasionem</strong></span> <span class='ocrx_word' id='word_1_832' title='bbox 3031 4758 3312 4812; x_wconf 89' lang='lat' dir='ltr'><strong>dedithuic</strong></span> <span class='ocrx_word' id='word_1_833' title='bbox 3331 4757 3524 4812; x_wconf 82' lang='lat' dir='ltr'><strong>Justini</strong></span> <span class='ocrx_word' id='word_1_834' title='bbox 3556 4763 3698 4827; x_wconf 79' lang='lat' dir='ltr'><strong>Apo-</strong></span> 
     </span>
    </p>
   </div>
   <div class='ocr_carea' id='block_1_119' title="bbox 2125 4822 3700 4892">
    <p class='ocr_par' dir='ltr' id='par_1_119' title="bbox 2125 4822 3700 4892">
     <span class='ocr_line' id='line_1_121' title="bbox 2125 4822 3700 4892; baseline 0.005 -18"><span class='ocrx_word' id='word_1_835' title='bbox 2125 4822 2370 4892; x_wconf 82' lang='lat' dir='ltr'><strong>lugetico.</strong></span> <span class='ocrx_word' id='word_1_836' title='bbox 2399 4825 2689 4878; x_wconf 84' lang='lat' dir='ltr'><strong>Dicebatur</strong></span> <span class='ocrx_word' id='word_1_837' title='bbox 2714 4834 2895 4877; x_wconf 88' lang='lat' dir='ltr'><strong>autem</strong></span> <span class='ocrx_word' id='word_1_838' title='bbox 2956 4827 3020 4892; x_wconf 78' lang='grc' dir='ltr'>ρ.</span> <span class='ocrx_word' id='word_1_839' title='bbox 3068 4828 3270 4881; x_wconf 85' lang='lat' dir='ltr'><strong>Lollius</strong></span> <span class='ocrx_word' id='word_1_840' title='bbox 3331 4822 3611 4892; x_wconf 53' lang='lat' dir='ltr'><strong>Urbicus,&#39;</strong></span> <span class='ocrx_word' id='word_1_841' title='bbox 3643 4837 3700 4882; x_wconf 90' lang='lat' dir='ltr'><strong>ut</strong></span> 
     </span>
    </p>
   </div>
   <div class='ocr_carea' id='block_1_120' title="bbox 2126 4893 3698 4966">
    <p class='ocr_par' dir='ltr' id='par_1_120' title="bbox 2126 4893 3698 4966">
     <span class='ocr_line' id='line_1_122' title="bbox 2126 4893 3698 4966; baseline 0.005 -23"><span class='ocrx_word' id='word_1_842' title='bbox 2126 4895 2287 4966; x_wconf 79' lang='lat' dir='ltr'><strong>docet</strong></span> <span class='ocrx_word' id='word_1_843' title='bbox 2319 4905 2472 4966; x_wconf 68' lang='lat' dir='ltr'><strong>vetus</strong></span> <span class='ocrx_word' id='word_1_844' title='bbox 2497 4894 2780 4966; x_wconf 80' lang='lat' dir='ltr'><strong>inscriptio</strong></span> <span class='ocrx_word' id='word_1_845' title='bbox 2809 4893 2994 4949; x_wconf 76' lang='lat' dir='ltr'><strong>Roma:</strong></span> <span class='ocrx_word' id='word_1_846' title='bbox 3021 4901 3194 4964; x_wconf 83' lang='lat' dir='ltr'><strong>posita</strong></span> <span class='ocrx_word' id='word_1_847' title='bbox 3219 4938 3236 4962; x_wconf 90' lang='lat'><strong>,</strong></span> <span class='ocrx_word' id='word_1_848' title='bbox 3264 4908 3318 4952; x_wconf 91' lang='lat' dir='ltr'><strong>et</strong></span> <span class='ocrx_word' id='word_1_849' title='bbox 3351 4901 3612 4966; x_wconf 82' lang='lat' dir='ltr'><strong>Apuleius</strong></span> <span class='ocrx_word' id='word_1_850' title='bbox 3645 4899 3698 4951; x_wconf 91' lang='lat' dir='ltr'><strong>in</strong></span> 
     </span>
    </p>
   </div>
   <div class='ocr_carea' id='block_1_121' title="bbox 2127 4961 3700 5036">
    <p class='ocr_par' dir='ltr' id='par_1_121' title="bbox 2127 4961 3700 5036">
     <span class='ocr_line' id='line_1_123' title="bbox 2127 4961 3700 5036; baseline 0.006 -24"><span class='ocrx_word' id='word_1_851' title='bbox 2127 4961 2440 5036; x_wconf 65' lang='lat' dir='ltr'><strong>Defensione</strong></span> <span class='ocrx_word' id='word_1_852' title='bbox 2471 4979 2592 5026; x_wconf 85' lang='lat' dir='ltr'><strong>sua,</strong></span> <span class='ocrx_word' id='word_1_853' title='bbox 2627 4965 2767 5016; x_wconf 84' lang='lat' dir='ltr'><strong>haud</strong></span> <span class='ocrx_word' id='word_1_854' title='bbox 2803 4967 2988 5032; x_wconf 82' lang='lat' dir='ltr'><strong>procul</strong></span> <span class='ocrx_word' id='word_1_855' title='bbox 3011 4961 3078 5021; x_wconf 75' lang='lat' dir='ltr'><strong>ab</strong></span> <span class='ocrx_word' id='word_1_856' title='bbox 3108 4961 3300 5033; x_wconf 81' lang='lat' dir='ltr'><strong>iuilit);</strong></span> <span class='ocrx_word' id='word_1_857' title='bbox 3359 4961 3447 5023; x_wconf 80' lang='lat' dir='ltr'><strong>ubi</strong></span> <span class='ocrx_word' id='word_1_858' title='bbox 3503 4968 3700 5036; x_wconf 49' lang='lat' dir='ltr'><strong>praefe-</strong></span> 
     </span>
    </p>
   </div>
   <div class='ocr_carea' id='block_1_122' title="bbox 2125 5031 3699 5107">
    <p class='ocr_par' dir='ltr' id='par_1_122' title="bbox 2125 5031 3699 5107">
     <span class='ocr_line' id='line_1_124' title="bbox 2125 5031 3699 5107; baseline 0.005 -25"><span class='ocrx_word' id='word_1_859' title='bbox 2125 5043 2296 5107; x_wconf 76' lang='lat' dir='ltr'><strong>cturae</strong></span> <span class='ocrx_word' id='word_1_860' title='bbox 2323 5031 2737 5107; x_wconf 75' lang='lat' dir='ltr'><strong>Ul’l)‘.ttt:t:_Qllallt</strong></span> <span class='ocrx_word' id='word_1_861' title='bbox 2765 5031 2903 5087; x_wconf 91' lang='lat' dir='ltr'><strong>idem</strong></span> <span class='ocrx_word' id='word_1_862' title='bbox 2925 5037 3151 5090; x_wconf 84' lang='lat' dir='ltr'><strong>Urbicus</strong></span> <span class='ocrx_word' id='word_1_863' title='bbox 3176 5031 3363 5107; x_wconf 83' lang='lat' dir='ltr'><strong>gessit,</strong></span> <span class='ocrx_word' id='word_1_864' title='bbox 3383 5056 3486 5093; x_wconf 91' lang='lat' dir='ltr'><strong>non</strong></span> <span class='ocrx_word' id='word_1_865' title='bbox 3504 5031 3699 5091; x_wconf 51' lang='lat' dir='ltr'><strong>&#39;obscu-</strong></span> 
     </span>
    </p>
   </div>
   <div class='ocr_carea' id='block_1_123' title="bbox 2125 5105 3694 5166">
    <p class='ocr_par' dir='ltr' id='par_1_123' title="bbox 2125 5105 3694 5166">
     <span class='ocr_line' id='line_1_125' title="bbox 2125 5105 3694 5166; baseline 0.005 -16"><span class='ocrx_word' id='word_1_866' title='bbox 2125 5117 2181 5151; x_wconf 86' lang='lat' dir='ltr'><strong>ra</strong></span> <span class='ocrx_word' id='word_1_867' title='bbox 2215 5105 2274 5154; x_wconf 92' lang='lat' dir='ltr'><strong>fit</strong></span> <span class='ocrx_word' id='word_1_868' title='bbox 2309 5107 2532 5156; x_wconf 88' lang='lat' dir='ltr'><strong>mentio.</strong></span> <span class='ocrx_word' id='word_1_869' title='bbox 2566 5105 2759 5156; x_wconf 79' lang='lat' dir='ltr'><strong>Mirum</strong></span> <span class='ocrx_word' id='word_1_870' title='bbox 2795 5115 2878 5156; x_wconf 86' lang='lat' dir='ltr'><strong>est</strong></span> <span class='ocrx_word' id='word_1_871' title='bbox 2914 5114 3090 5161; x_wconf 89' lang='lat' dir='ltr'><strong>tamen</strong></span> <span class='ocrx_word' id='word_1_872' title='bbox 3130 5105 3460 5162; x_wconf 60' lang='lat' dir='ltr'><strong>ill—Ullllllblls</strong></span> <span class='ocrx_word' id='word_1_873' title='bbox 3493 5110 3694 5166; x_wconf 78' lang='lat' dir='ltr'><strong>nostris</strong></span> 
     </span>
    </p>
   </div>
   <div class='ocr_carea' id='block_1_124' title="bbox 2123 5173 3692 5247">
    <p class='ocr_par' dir='ltr' id='par_1_124' title="bbox 2123 5173 3692 5247">
     <span class='ocr_line' id='line_1_126' title="bbox 2123 5173 3692 5247; baseline 0.004 -24"><span class='ocrx_word' id='word_1_874' title='bbox 2123 5173 2529 5247; x_wconf 65' lang='lat' dir='ltr'><strong>exemplaribus</strong></span> <span class='ocrx_word' id='word_1_875' title='bbox 2553 5190 2674 5227; x_wconf 90' lang='lat' dir='ltr'><strong>eum</strong></span> <span class='ocrx_word' id='word_1_876' title='bbox 2706 5185 3022 5247; x_wconf 73' lang='lat' dir='ltr'><strong>constanter</strong></span> <span class='ocrx_word' id='word_1_877' title='bbox 3083 5177 3363 5232; x_wconf 87' lang='lat' dir='ltr'><strong>Urbicium</strong></span> <span class='ocrx_word' id='word_1_878' title='bbox 3411 5179 3692 5247; x_wconf 86' lang='lat' dir='ltr'><strong>appellari.</strong></span> 
     </span>
    </p>
   </div>
   <div class='ocr_carea' id='block_1_125' title="bbox 2125 5239 3696 5314">
    <p class='ocr_par' dir='ltr' id='par_1_125' title="bbox 2125 5239 3696 5314">
     <span class='ocr_line' id='line_1_127' title="bbox 2125 5239 3696 5314; baseline 0.003 -21"><span class='ocrx_word' id='word_1_879' title='bbox 2125 5239 2306 5295; x_wconf 82' lang='lat' dir='ltr'><strong>Semel</strong></span> <span class='ocrx_word' id='word_1_880' title='bbox 2338 5253 2542 5295; x_wconf 86' lang='lat' dir='ltr'><strong>tantum</strong></span> <span class='ocrx_word' id='word_1_881' title='bbox 2569 5256 2730 5312; x_wconf 84' lang='lat' dir='ltr'><strong>atque</strong></span> <span class='ocrx_word' id='word_1_882' title='bbox 2764 5246 2958 5298; x_wconf 87' lang='lat' dir='ltr'><strong>iterum</strong></span> <span class='ocrx_word' id='word_1_883' title='bbox 2985 5251 3124 5314; x_wconf 82' lang='lat' dir='ltr'><strong>apud</strong></span> <span class='ocrx_word' id='word_1_884' title='bbox 3153 5249 3424 5301; x_wconf 84' lang='lat' dir='ltr'><strong>Justinum</strong></span> <span class='ocrx_word' id='word_1_885' title='bbox 3447 5239 3696 5302; x_wconf 53' lang='lat' dir='ltr'><strong>&#39;Ut&#39;bicus</strong></span> 
     </span>
    </p>
   </div>
   <div class='ocr_carea' id='block_1_126' title="bbox 2123 5314 3696 5388">
    <p class='ocr_par' dir='ltr' id='par_1_126' title="bbox 2123 5314 3696 5388">
     <span class='ocr_line' id='line_1_128' title="bbox 2123 5314 3696 5388; baseline 0.002 -23"><span class='ocrx_word' id='word_1_886' title='bbox 2123 5314 2518 5388; x_wconf 30' lang='lat' dir='ltr'><strong>recte‘dicitur,</strong></span> <span class='ocrx_word' id='word_1_887' title='bbox 2537 5315 2711 5388; x_wconf 73' lang='lat' dir='ltr'><strong>initio</strong></span> <span class='ocrx_word' id='word_1_888' title='bbox 2742 5314 2952 5388; x_wconf 72' lang='lat' dir='ltr'><strong>scilicet</strong></span> <span class='ocrx_word' id='word_1_889' title='bbox 2980 5318 3297 5388; x_wconf 50' lang='lat' dir='ltr'><strong>{lpologetict</strong></span> <span class='ocrx_word' id='word_1_890' title='bbox 3318 5335 3335 5371; x_wconf 90' lang='lat'><em>:</em></span> <span class='ocrx_word' id='word_1_891' title='bbox 3359 5318 3468 5370; x_wconf 69' lang='grc' dir='ltr'>Καὶ</span> <span class='ocrx_word' id='word_1_892' title='bbox 3482 5319 3548 5369; x_wconf 78' lang='grc' dir='ltr'>τὰ</span> <span class='ocrx_word' id='word_1_893' title='bbox 3569 5317 3696 5388; x_wconf 81' lang='grc' dir='ltr'>χθὲς</span> 
     </span>
    </p>
   </div>
   <div class='ocr_carea' id='block_1_127' title="bbox 2119 5380 3696 5459">
    <p class='ocr_par' dir='ltr' id='par_1_127' title="bbox 2119 5380 3696 5459">
     <span class='ocr_line' id='line_1_129' title="bbox 2119 5380 3696 5459; baseline 0.003 -27"><span class='ocrx_word' id='word_1_894' title='bbox 2119 5380 2175 5432; x_wconf 82' lang='grc' dir='ltr'><strong>δὲ</strong></span> <span class='ocrx_word' id='word_1_895' title='bbox 2203 5383 2295 5434; x_wconf 75' lang='grc' dir='ltr'><strong>καὶ</strong></span> <span class='ocrx_word' id='word_1_896' title='bbox 2320 5382 2511 5459; x_wconf 59' lang='grc' dir='ltr'>πρῴην</span> <span class='ocrx_word' id='word_1_897' title='bbox 2534 5386 2678 5459; x_wconf 42' lang='grc' dir='ltr'>ὲν-τῇ</span> <span class='ocrx_word' id='word_1_898' title='bbox 2710 5380 3044 5459; x_wconf 25' lang='grc' dir='ltr'>πόλειηὺμῶν</span> <span class='ocrx_word' id='word_1_899' title='bbox 3076 5380 3341 5459; x_wconf 66' lang='grc' dir='ltr'>γενόμενα</span> <span class='ocrx_word' id='word_1_900' title='bbox 3382 5389 3473 5439; x_wconf 77' lang='grc' dir='ltr'>ἐπὶ</span> <span class='ocrx_word' id='word_1_901' title='bbox 3499 5380 3696 5459; x_wconf 57' lang='grc' dir='ltr'><strong>Οὗρΰίς</strong></span> 
     </span>
    </p>
   </div>
   <div class='ocr_carea' id='block_1_128' title="bbox 2119 5455 3695 5528">
    <p class='ocr_par' dir='ltr' id='par_1_128' title="bbox 2119 5455 3695 5528">
     <span class='ocr_line' id='line_1_130' title="bbox 2119 5455 3695 5528; baseline 0.004 -27"><span class='ocrx_word' id='word_1_902' title='bbox 2119 5467 2238 5514; x_wconf 85' lang='grc' dir='ltr'>κου,</span> <span class='ocrx_word' id='word_1_903' title='bbox 2261 5462 2366 5528; x_wconf 76' lang='lat' dir='ltr'><strong>etc.</strong></span> <span class='ocrx_word' id='word_1_904' title='bbox 2402 5457 2464 5505; x_wconf 72' lang='lat' dir='ltr'><strong>Et</strong></span> <span class='ocrx_word' id='word_1_905' title='bbox 2492 5455 2651 5528; x_wconf 82' lang='lat' dir='ltr'><strong>paulo</strong></span> <span class='ocrx_word' id='word_1_906' title='bbox 2675 5457 3058 5528; x_wconf 37' lang='grc' dir='ltr'>νόθῳ-Ὅπως</span> <span class='ocrx_word' id='word_1_907' title='bbox 3087 5458 3143 5510; x_wconf 84' lang='grc' dir='ltr'>δὲ</span> <span class='ocrx_word' id='word_1_908' title='bbox 3196 5455 3289 5510; x_wconf 71' lang='grc' dir='ltr'>καὶ</span> <span class='ocrx_word' id='word_1_909' title='bbox 3331 5462 3363 5528; x_wconf 76' lang='grc' dir='ltr'>ὴ</span> <span class='ocrx_word' id='word_1_910' title='bbox 3400 5460 3550 5511; x_wconf 71' lang='grc' dir='ltr'>αἰτία</span> <span class='ocrx_word' id='word_1_911' title='bbox 3583 5455 3695 5508; x_wconf 43' lang='lat' dir='ltr'><strong>“tofi</strong></span> 
     </span>
    </p>
   </div>
   <div class='ocr_carea' id='block_1_129' title="bbox 2121 5522 3698 5602">
    <p class='ocr_par' dir='ltr' id='par_1_129' title="bbox 2121 5522 3698 5602">
     <span class='ocr_line' id='line_1_131' title="bbox 2121 5522 3698 5602; baseline 0.006 -30"><span class='ocrx_word' id='word_1_912' title='bbox 2121 5522 2320 5585; x_wconf 85' lang='grc' dir='ltr'>παντὸς</span> <span class='ocrx_word' id='word_1_913' title='bbox 2349 5525 2644 5594; x_wconf 83' lang='grc' dir='ltr'>γενομένου</span> <span class='ocrx_word' id='word_1_914' title='bbox 2671 5525 2763 5576; x_wconf 74' lang='grc' dir='ltr'>ἐπὶ</span> <span class='ocrx_word' id='word_1_915' title='bbox 2796 5525 3067 5596; x_wconf 78' lang='grc' dir='ltr'>Οὐρὸίκου</span> <span class='ocrx_word' id='word_1_916' title='bbox 3111 5532 3319 5602; x_wconf 72' lang='grc' dir='ltr'>φανερὰ</span> <span class='ocrx_word' id='word_1_917' title='bbox 3353 5522 3487 5599; x_wconf 70' lang='grc' dir='ltr'>’ὑμῖν</span> <span class='ocrx_word' id='word_1_918' title='bbox 3537 5530 3698 5598; x_wconf 82' lang='grc' dir='ltr'>γένη-</span> 
     </span>
    </p>
   </div>
   <div class='ocr_carea' id='block_1_130' title="bbox 2117 5602 2354 5651">
    <p class='ocr_par' dir='ltr' id='par_1_130' title="bbox 2117 5602 2354 5651">
     <span class='ocr_line' id='line_1_132' title="bbox 2117 5602 2354 5651; baseline 0.017 -9"><span class='ocrx_word' id='word_1_919' title='bbox 2117 5607 2226 5651; x_wconf 87' lang='grc' dir='ltr'>ται,</span> <span class='ocrx_word' id='word_1_920' title='bbox 2251 5602 2354 5646; x_wconf 71' lang='lat' dir='ltr'><strong>CIC.</strong></span> 
     </span>
    </p>
   </div>
   <div class='ocr_carea' id='block_1_131' title="bbox 2190 5663 3695 5732">
    <p class='ocr_par' dir='ltr' id='par_1_131' title="bbox 2190 5663 3695 5732">
     <span class='ocr_line' id='line_1_133' title="bbox 2190 5663 3695 5732; baseline 0.007 -18"><span class='ocrx_word' id='word_1_921' title='bbox 2190 5663 2265 5729; x_wconf 80' lang='grc'><strong>(5)</strong></span> <span class='ocrx_word' id='word_1_922' title='bbox 2320 5664 2568 5731; x_wconf 65' lang='grc' dir='ltr'>Ἅλόγως</span> <span class='ocrx_word' id='word_1_923' title='bbox 2609 5666 2818 5732; x_wconf 84' lang='grc' dir='ltr'>οὕτως.</span> <span class='ocrx_word' id='word_1_924' title='bbox 2867 5668 2922 5721; x_wconf 91' lang='lat' dir='ltr'><strong>In</strong></span> <span class='ocrx_word' id='word_1_925' title='bbox 2971 5669 3144 5724; x_wconf 85' lang='lat' dir='ltr'><strong>tribus</strong></span> <span class='ocrx_word' id='word_1_926' title='bbox 3192 5671 3468 5727; x_wconf 79' lang='lat' dir='ltr'><strong>codicibus</strong></span> <span class='ocrx_word' id='word_1_927' title='bbox 3519 5670 3695 5732; x_wconf 61' lang='grc' dir='ltr'>Μαι..</span> 
     </span>
    </p>
   </div>
   <div class='ocr_carea' id='block_1_132' title="bbox 2119 5729 3110 5807">
    <p class='ocr_par' dir='ltr' id='par_1_132' title="bbox 2119 5729 3110 5807">
     <span class='ocr_line' id='line_1_134' title="bbox 2119 5729 3110 5807; baseline 0.009 -24"><span class='ocrx_word' id='word_1_928' title='bbox 2119 5729 2256 5789; x_wconf 80' lang='lat' dir='ltr'><strong>Med.</strong></span> <span class='ocrx_word' id='word_1_929' title='bbox 2293 5748 2344 5790; x_wconf 87' lang='lat' dir='ltr'><strong>et</strong></span> <span class='ocrx_word' id='word_1_930' title='bbox 2373 5735 2512 5791; x_wconf 75' lang='lat' dir='ltr'><strong>Fuk.</strong></span> <span class='ocrx_word' id='word_1_931' title='bbox 2543 5729 2810 5807; x_wconf 63' lang='lat' dir='ltr'><strong>Scriptum</strong></span> <span class='ocrx_word' id='word_1_932' title='bbox 2837 5749 2916 5794; x_wconf 86' lang='lat' dir='ltr'><strong>est</strong></span> <span class='ocrx_word' id='word_1_933' title='bbox 2950 5738 3110 5792; x_wconf 75' lang='grc' dir='ltr'>οὕτω.</span> 
     </span>
    </p>
   </div>
  </div>
