4198 6406
402 418 509 472 573

1384 411 1735 468 HISTORIIE
1775 409 2333 469 ECCLESIAS’I‘ICE
2372 408 2503 466 LIB.
2540 404 2632 463 IV.

3536 396 3642 453 δτι

399 541 500 579 πον
523 522 714 581 τοῖτον
730 526 973 584 ἐκολὰσω
984 523 1187 601 (5’);οὗ
1211 524 1491 597 πρέποντα
1534 524 1766 578 Εὐσεϐεῖ
1810 526 1954 578 αὐτο·

2070 526 2189 594 ipse
2215 524 2559 581 Christianus
2586 528 2728 587 erat,
2788 515 2925 574 adeo
2970 512 3230 584 injustam
3258 511 3488 568 audiens
3517 525 3645 564 sen-

397 617 655 688 κράτορι,
706 615 825 670 οὐδὲ
857 615 1127 688 φιλοσόφῳ
1166 616 1446 690 Καίσαρος
1495 618 1648 671 παιδὶ
1694 618 1795 686 (6),
1847 618 1968 670 οὐδὲ

397 709 519 779 ἱερᾷ
567 706 852 779 συγκλήτῳ
881 708 1119 780 κρίνεις,
1163 703 1209 764 ὦ
1251 709 1531 781 υύρϐίκιε.
1579 709 1689 763 Καὶ
1719 710 1779 773 ὃς
1820 710 1971 763 οὐδὲν

393 798 523 852 ἄλλο
573 799 1043 870 ἀποκρινάμενος,
1091 799 1186 856 καὶ
1231 800 1369 872 πρὸς
1407 801 1500 854 τὸν
1547 800 1774 855 Λούκιον
1831 801 1965 873 ἐφη·

394 890 581 952 Δοκεῖς
624 905 717 960 μοι
760 888 856 942 καὶ
897 891 963 944 σὺ
994 885 1130 944 εἶναι
1160 889 1420 954 τοιοῦτος.
1461 890 1573 943 Καὶ
1598 890 1693 943 τοῦ
1733 890 1963 944 Λουκίου

394 982 687 1051 φήσαντος.
724 979 993 1044 Μάλιστα,
1029 981 1189 1036 πάλιν
1210 982 1303 1035 καὶ
1329 981 1493 1035 αὐτὸν
1519 980 1827 1052 ἀπαχθῆναι
1852 981 1966 1035 ἐκέ-

393 1070 602 1124 λευσεν.
657 1071 714 1125 Ὁ
736 1071 793 1124 δὲ
819 1071 979 1144 χάριν
1008 1072 1207 1127 ειδέναι
1234 1072 1501 1144 ὡμολόγει
1524 1088 1538 1102 ·
1575 1072 1830 1144 πονηρῶν
1855 1073 1965 1145 γὰρ

393 1161 666 1216 δεσποτῶν
716 1163 826 1216 τῶν
879 1163 1136 1218 τοιούτων
1198 1150 1539 1236 ἀπηλλάχθαι
1599 1166 1821 1229 ἐπεῖπε,
1871 1167 1967 1218 καὶ

393 1254 543 1326 παρά
582 1253 781 1322 ἀγαθὸν
808 1255 1028 1327 Πατέρα
1053 1258 1148 1310 καὶ
1175 1256 1407 1310 Βασιλέα
1447 1256 1539 1310 τὸν
1569 1256 1703 1311 Θεὸν
1742 1256 1969 1328 πορεύεο-

394 1346 537 1399 σθαι.
611 1346 718 1399 Καὶ
764 1346 923 1411 ἄλλος
968 1348 1026 1400 δὲ
1074 1348 1258 1420 τρίτος
1306 1348 1579 1416 ἐπελθὼν,
1634 1348 1963 1420 κολασθῆναι

391 1434 785 1507 προσετιμήθη.
840 1454 860 1489 ι
924 1437 1149 1502 Τούτοις
1195 1441 1224 1494 ὀ
1271 1441 1555 1505 ’1ουστῖνος
1597 1441 1820 1504 εἰκότως
1869 1440 1964 1493 καὶ

387 1526 692 1590 ἀκολούθως
712 1526 779 1590 ἃς
809 1530 1401 1602 προεμνημονεύσαμεν
1432 1532 1594 1586 αὐτοῦ
1623 1531 1806 1602 φωνὰς
1836 1530 1967 1585 ἐπά-

386 1631 473 1684 γει
520 1616 726 1685 λέγων’
778 1637 799 1670 ι
831 1619 1003 1689 Κάγὼ
1044 1617 1139 1677 οὖν
1184 1622 1466 1693 προσδοκῶ
1509 1624 1613 1678 ὑπό
1662 1640 1807 1687 τινος
1852 1622 1961 1677 τῶν

386 1706 788 1779 ὠνομασμένων
811 1710 1257 1783 ἐπιϐουλευθῆναι
1280 1755 1295 1778 ,
1340 1734 1360 1767 ο
1389 1716 1484 1769 καὶ
1508 1715 1579 1770 τὰ
1602 1714 1783 1770 λοιπά.

2073 619 2320 684 tentiam,
2365 616 2447 671 sic
2490 612 2771 670 Urbicium
2815 607 3082 665 allocutus
3108 612 3231 662 est:
3268 602 3411 671 Quid
3460 615 3643 657 causa:

2070 718 2176 775 est,
2210 708 2408 777 inquit,
2434 713 2494 760 ut
2515 704 2792 760 hominem
2809 712 2987 768 neque
3003 694 3278 761 adulterii,
3311 706 3491 763 neque
3523 700 3645 745 stu-

2072 802 2153 870 pri
2188 799 2523 863 convictum,
2581 808 2684 851 nec
2740 792 3088 854 homicidam,
3141 800 3242 843 nec
3297 783 3500 847 furem,
3540 795 3645 835 nec

2071 900 2362 961 raptorem,
2401 902 2504 944 nec
2525 886 2686 942 ullius
2720 882 2954 953 denique
2989 878 3218 937 sceleris
3262 889 3441 941 reum,
3467 872 3639 927 nomic

2068 983 2155 1037 nis
2177 981 2442 1037 duntaxat
2465 974 2762 1034 Christiani
2785 970 3111 1030 vocabulum
3134 967 3482 1025 confitentem
3505 978 3629 1017 con-

2069 1070 2451 1128 demnaveris?
2485 1065 2803 1137 Huiusmodi
2828 1063 3004 1118 forma
3022 1060 3212 1130 iudicii
3246 1075 3355 1115 non
3377 1053 3636 1114 convenit

2070 1162 2408 1233 temporibus
2427 1156 2774 1230 imperatoris
2803 1154 2910 1219 Pii,
2930 1169 3034 1210 nec
3057 1150 3372 1221 Philosophi
3405 1146 3642 1205 Caesaris

2072 1255 2187 1318 lilii,
2221 1267 2321 1308 nec
2353 1250 2565 1306 senatui
2586 1247 2852 1304 Romano.
2882 1243 3019 1298 Tum
3042 1240 3318 1305 Urbicius,
3341 1237 3488 1295 nullo
3532 1236 3642 1291 alio

2071 1355 2339 1412 responso
2395 1338 2674 1395 hominem
2723 1336 2998 1406 dignatus,
3046 1331 3126 1386 sic
3152 1343 3277 1384 eum
3301 1327 3635 1398 alloquitur:

2072 1436 2152 1489 Tu
2180 1446 2417 1502 quoque,
2472 1428 2670 1499 inquit,
2700 1425 3047 1483 Christianus
3089 1433 3213 1476 esse
3255 1418 3387 1473 mihi
3412 1417 3635 1472 videris.

2069 1524 2317 1592 Cumque
2370 1520 2570 1576 Lucius
2634 1518 2709 1572 ita
2753 1528 2874 1571 esse
2921 1509 3313 1583 respondisset,
3341 1507 3528 1579 jussus
3556 1516 3641 1561 est

2069 1615 2253 1669 itidem
2287 1610 2356 1666 ad
2411 1608 2733 1679 supplicium
2764 1605 2911 1661 duci.
2944 1600 3253 1671 Statimque
3300 1613 3551 1666 magnam
3580 1611 3640 1652 se

2065 1706 2296 1777 gratiam
2365 1700 2587 1756 Urbicio
2616 1699 2815 1753 debere
2859 1696 3145 1764 professus
3195 1701 3302 1757 est,
3327 1690 3527 1761 quippe
3546 1702 3640 1757 qui

388 1778 698 1869 huiusmodi
747 1802 906 1860 malis
945 1778 1179 1859 dominis
1241 1804 1529 1872 liberatus,
1564 1816 1625 1861 ut
1661 1806 1864 1871 aiebat,
1912 1802 1978 1855 ad
2009 1798 2275 1869 Optimum
2319 1792 2536 1848 Patrem
2578 1789 2891 1860 [legemque
2936 1794 3081 1841 esset
3124 1783 3475 1852 migraturus.
3531 1778 3642 1834 Sed

386 1902 444 1947 et
493 1895 687 1950 tertius
736 1898 955 1966 quidam
1006 1916 1134 1956 cum
1202 1901 1556 1963 accessisset,
1604 1899 1793 1955 eodem
1850 1894 2115 1963 supplicio
2162 1890 2559 1946 condemnatus
2611 1891 2716 1938 est.
2788 1900 2809 1934 ι
2871 1879 3076 1935 Deinde
3120 1875 3365 1933 Justinus
3419 1881 3542 1943 apte
3582 1881 3641 1927 et

387 1997 788 2057 consequenter
842 2006 909 2055 ea
944 1994 1105 2047 verba
1139 1993 1415 2065 subiungit
1449 2009 1574 2062 qum
1609 1991 1861 2060 superius
1912 1984 2331 2043 memoravimus
2365 1999 2380 2035 :
2417 1999 2437 2032 ι
2475 1980 2586 2048 Ego
2643 1979 2829 2044 etiam,
2864 1974 3062 2045 inquit,
3118 1978 3379 2042 exspecto
3411 1968 3539 2024 dum
3569 1966 3639 2021 ab

385 2076 567 2148 aliquo
587 2093 776 2135 eorum
831 2082 923 2152 qui
978 2084 1282 2153 philosophi
1337 2085 1696 2153 appellantur,
1737 2082 1947 2137 insidiis
1982 2086 2225 2149 appetar,
2257 2093 2277 2127 ι
2317 2082 2614 2128 ειοοειοτο.

894 2177 1289 2232 ΚΕΦΑΛΑΙΟΝ
1318 2181 1427 2233 lH'.

420 2261 585 2329 Τίνες
639 2263 728 2329 είς
777 2263 937 2335 ἡμᾶς
977 2262 1169 2336 ἦλθον
1202 2267 1320 2322 τῶν
1360 2267 1695 2323 Ἰουστίγου
1727 2266 1924 2336 λόγων

883 2335 1022 2406 (Nic.
1060 2335 1135 2390 Η.
1181 2338 1249 2392 Ε.
1276 2355 1350 2405 tv,
1383 2339 1461 2409 6).

469 2421 701 2478 Πλεῖστα
724 2422 781 2477 δὲ
819 2415 974 2489 οὗτος
1002 2426 1386 2482 καταλέλοιπεν
1434 2430 1564 2501 ἡμῖν
1604 2428 1963 2501 πεπαιδευμέο

396 2525 494 2581 νης
525 2511 756 2576 διανοίας
778 2512 852 2583 (7)
876 2514 972 2567 καὶ
1008 2515 1138 2586 περὶ
1164 2514 1235 2570 τὰ
1258 2517 1378 2571 θεῖα
1407 2518 1799 2584 ἐσπουδακυίας
1837 2520 1964 2573 ὐπο-

389 2602 671 2672 μνήματα,
700 2603 878 2675 πάσης
905 2603 1171 2675 ὠφελείας
1202 2607 1413 2678 ἔμπλεα
1432 2626 1445 2640 ·
1486 2612 1570 2680 ἐφ’
1598 2609 1635 2664 ἃ
1663 2610 1789 2675 τοὺς
1819 2610 1962 2680 epilo-

387 2690 575 2761 μαθεῖς
617 2693 1038 2766 ἀναπέμψομεν,
1083 2697 1153 2751 τά
1179 2699 1259 2762 είς
1293 2699 1570 2772 ἡμετέραν
1619 2698 1820 2768 γνῶσιν
1868 2700 1959 2754 ἐλ-

384 2785 545 2840 θόντα
563 2788 848 2859 χρησίμως
875 2792 1429 2863 παρασημηνάμενοι.
1464 2793 1524 2846 ‘0
1560 2793 1662 2865 μέν
1692 2794 1780 2857 τίς
1813 2795 1959 2848 ἐστιν

381 2875 528 2947 αὐτῷ
543 2881 735 2948 Λόγος
771 2879 924 2949 πρὸς
950 2882 1300 2938 Ἀντωνῖνον
1317 2882 1409 2937 τὸν
1440 2884 1659 2956 Εὐσεϐῆ
1693 2901 1960 2956 προσαγοο

384 2967 641 3039 ρευθέντα
665 2971 760 3025 καὶ
798 2972 923 3037 τοὺς
947 2972 1138 3027 τούτου
1171 2974 1368 3039 παῖδας
1415 2976 1515 3047 τήν
1556 2992 1617 3029 τε
1673 2974 1959 3045 Ῥωμαίων

382 3059 683 3134 σύγκλητον
730 3066 1217 3137 προσφωνητικὸς,
1279 3069 1419 3142 ὑπὲρ
1469 3068 1582 3122 τῶν
1645 3066 1767 3123 καθ’
1810 3068 1958 3138 ἡμᾶς

376 3151 662 3224 δογμάτων
690 3164 705 3178 ·
726 3155 755 3207 ὁ
777 3154 835 3208 δὲ
856 3155 1116 3231 δευτέραν
1143 3160 1409 3232 περιέχων
1455 3160 1596 3233 ὑπὲρ
1621 3161 1719 3230 τῆς
1759 3159 1960 3231 ἡμετέ-

380 3258 479 3311 ρας
502 3242 739 3308 πίστεως
761 3244 1076 3314 ἀπολογίαν,
1121 3248 1188 3320 ἢν
1217 3249 1509 3322 πεποίηται
1547 3250 1686 3322 πρὸς
1729 3250 1823 3304 τὸν
1859 3248 1957 3305 τοῦ

375 3330 749 3405 δεδηλωμένου
781 3336 1182 3410 αὐτοκράτορος
1217 3339 1457 3411 διάδοχόν
1496 3358 1558 3394 τε
1609 3342 1703 3395 καὶ
1741 3341 1954 3413 ὁμώνυ-

377 3440 479 3493 μον
517 3424 826 3479 ’Δντωνῖνον
869 3428 1110 3499 Οὐῆρον,
1157 3423 1218 3484 οὗ
1268 3428 1337 3483 τὰ
1374 3431 1516 3485 κατά
1564 3432 1691 3496 τοὺς
1730 3432 1954 3504 χρόνους

2620 2159 2851 2218 CAPUT
2882 2156 3068 2214 XVIII.

2230 2258 2464 2326 Quinam
2510 2258 2578 2311 ad
2607 2272 2699 2312 nos
2735 2254 3066 2323 pervenerint
3133 2249 3297 2305 ustini
3321 2248 3463 2304 libri.

3616 2274 3645 2293 "-

2136 2417 2234 2473 ilic
2258 2431 2423 2487 porro
2454 2415 2539 2470 vir
2565 2414 2797 2485 plurima
2825 2411 3026 2483 ingenii
3068 2410 3150 2467 sui
3180 2406 3554 2476 doctrinaeque
3580 2413 3637 2460 et

2062 2511 2254 2565 intenti
2280 2510 2334 2564 in
2365 2523 2452 2565 res
2472 2508 2687 2563 divinas
2707 2505 2871 2562 studii
2919 2510 3267 2559 monumenta
3319 2498 3476 2555 nobis
3509 2496 3639 2553 reli-

2060 2605 2197 2676 quit,
2231 2603 2388 2674 plena
2422 2601 2736 2672 multiplicis
2760 2599 3031 2655 utilitatis.
3077 2597 3159 2653 Ex
3184 2597 3383 2668 quibus
3410 2609 3474 2649 ea
3514 2607 3639 2664 quae

2061 2700 2129 2753 ad
2158 2696 2409 2751 notitiam
2440 2704 2684 2750 nostram
2715 2702 3105 2764 pervenerunt,
3131 2689 3303 2745 titulis
3348 2688 3464 2744 suis
3492 2686 3639 2743 desi-

2060 2803 2256 2861 gnasse
2279 2788 2545 2856 contenti,
2568 2784 2817 2841 discendi
2866 2784 3143 2841 studiosos
3173 2783 3240 2837 ad
3293 2780 3381 2835 illa
3422 2778 3636 2850 rejicie—

2061 2899 2200 2938 mus.
2222 2881 2461 2936 Primum
2491 2880 2657 2949 igitur
2691 2876 2870 2933 locum
2903 2877 3048 2932 inter
3078 2873 3198 2943 ejus
3237 2873 3409 2929 libros
3428 2869 3639 2926 obtinet

2065 2973 2248 3027 Oratio
2278 2971 2347 3024 ad
2369 2970 2720 3031 Antoninum,
2746 2976 3114 3037 cognomento
3137 2964 3319 3029 Pium,
3339 2971 3394 3018 et
3420 2962 3486 3016 ad
3519 2958 3636 3030 ejus

2059 3064 2260 3119 liberos
2292 3072 2653 3131 senatumque
2680 3059 2986 3115 Romanum
3016 3072 3118 3130 pro
3142 3055 3412 3125 religione
3448 3060 3636 3107 nostra

2059 3153 2389 3224 conscripta.
2449 3152 2634 3208 Altera
2697 3165 2830 3207 vero
2888 3151 3129 3222 ejusdem
3161 3147 3335 3203 oratio
3361 3144 3638 3202 defensio-

2060 3260 2183 3301 nem
2247 3244 2501 3299 similiter
2565 3241 2690 3297 ﬁdei
2742 3252 2946 3297 nostra:
2998 3239 3310 3303 continens,
3357 3237 3636 3293 Antonino

2059 3334 2204 3389 Vero
2231 3341 2538 3402 nuncupata
2562 3341 2667 3400 est,
2708 3330 3057 3402 imperatoris
3087 3328 3384 3398 supradicti
3418 3341 3635 3382 succes-

2059 3426 2168 3480 sori
2203 3435 2254 3480 et
2286 3422 2616 3495 cognomini,
2655 3420 2811 3490 cujus
2859 3420 3020 3494 140
3053 3429 3295 3488 tempora
3337 3419 3635 3487 inpraesen-

376 3512 471 3565 ἐπὶ
499 3512 593 3565 τοῦ
624 3514 889 3585 παρόντος
913 3516 1167 3589 διέξιμεν.
1185 3520 1296 3572 Καὶ
1317 3518 1473 3584 ἄλλος
1505 3521 1534 3573 ὁ
1555 3522 1710 3589 Πρὸς
1741 3523 1954 3590 Ἕλλη-

2059 3519 2254 3569 tiarum
2279 3514 2623 3583 exponimus.
2657 3512 2753 3568 Est
2794 3521 2850 3566 et
2882 3512 3023 3566 alius
3045 3510 3163 3578 ejus
3194 3507 3335 3562 liber
3362 3506 3630 3564 Adversus

379 3617 511 3667 νας,
544 3603 607 3656 ἐν
637 3597 682 3671 ᾧ
726 3607 935 3677 μακρὸν
963 3609 1092 3680 περὶ
1114 3608 1382 3664 πλείστων
1421 3613 1550 3683 παρ’
1578 3614 1711 3683 ἡμῖν
1752 3629 1812 3666 τε
1855 3615 1949 3666 καὶ

2054 3607 2293 3679 gentiles,
2323 3606 2375 3660 in
2397 3620 2506 3675 quo
2534 3621 2657 3660 cum
2694 3604 2761 3658 de
2783 3603 2906 3659 aliis
2938 3602 3189 3672 plurimis
3216 3599 3628 3670 quaestionibus,

373 3694 488 3756 τοῖς
553 3693 820 3769 Ἑλλήνων
866 3699 1173 3770 φιλοσόφοις
1227 3701 1573 3774 ζητουμένων
1622 3705 1946 3768 κατατείνας

2054 3716 2175 3771 qua:
2223 3709 2330 3754 tam
2373 3714 2403 3752 a
2450 3697 2656 3753 nostris
2687 3711 2851 3766 quam
2905 3711 2936 3749 a
2981 3697 3262 3768 gentilium
3292 3698 3630 3769 philosophis

372 3783 552 3854 λόγον,
586 3789 713 3861 περὶ
743 3790 842 3861 τῆς
876 3791 986 3848 τῶν
1012 3792 1279 3863 δαιμόνων
1301 3794 1654 3866 διαλαμϐάνει
1698 3796 1945 3867 φύσεωςο

373 3877 580 3934 ἀούδὲν
610 3879 679 3935 ἂν
722 3882 931 3953 ἐπείγοι
973 3885 1138 3940 τανῦν
1177 3886 1593 3958 παρατίθεσθαι.
1628 3889 1741 3944 Καὶ
1791 3888 1947 3958 αὖθις

373 3969 559 4042 ἕτερον
574 3972 731 4041 Πρὸς
756 3974 1057 4044 Ἕλληνας
1078 3978 1158 4042 εἰς
1173 3980 1318 4049 ἡμᾶς
1339 3977 1596 4050 ἐλήλυθεν
1612 3982 1779 4036 αὐτοῦ
1813 3983 1945 4054 σύγ⁴

373 4078 627 4134 γραμμα,
650 4064 680 4118 ὃ
699 4064 794 4119 καὶ
816 4066 1127 4140 ἐπέγραψεν
1166 4072 1481 4141 Ἔλεγχον.
1508 4075 1620 4128 Καὶ
1646 4075 1797 4146 παρά
1823 4078 1945 4130 τού-

370 4171 497 4218 τους
520 4154 649 4210 ἄλλο
692 4157 835 4227 Περὶ
877 4159 1024 4213 Θεοῦ
1063 4163 1428 4232 μοναρχίας,
1468 4164 1534 4236 ἢν
1589 4167 1651 4219 οὐ
1694 4168 1852 4240 μόνον
1879 4172 1943 4223 ἐκ

372 4246 481 4299 τῶν
508 4248 637 4319 παρ’
662 4250 795 4320 ¹ἡμῖν
833 4250 1063 4322 Γραφῶν
1085 4293 1101 4318 ,
1135 4253 1269 4309 ἀλλά
1312 4256 1405 4309 καὶ
1445 4257 1510 4309 ἐκ
1553 4258 1661 4312 τῶν
1702 4259 1944 4331 Ἐλληνι-

372 4334 483 4389 κῶν
519 4337 796 4409 συνίστησι
827 4338 1063 4410 βιϐλίων.
1127 4342 1247 4395 Ἐπὶ
1286 4342 1492 4406 τούτοις
1532 4345 1942 4418 ἐπιγεγραμμέ-

373 4443 462 4480 νον
494 4427 757 4497 Ψάλτης,
788 4431 881 4483 καὶ
916 4431 1044 4485 ἄλλο
1069 4433 1365 4501 Σχολικόν
1402 4434 1477 4507 (8)
1523 4437 1656 4505 περὶ
1708 4437 1938 4508 Ψυχῆςο

435 4530 794 4610 ($‘)_Vel_bic
841 4533 1122 4603 legendum
1164 4535 1410 4601 κολάσαι,
1459 4534 1542 4590 vel
1580 4551 1747 4608 supra
1791 4537 1873 4601 τίς
1907 4538 1941 4610 ὴ

367 4602 511 4657 αἰτία
536 4602 634 4655 ὅτι.
664 4601 822 4657 Εοιτ.

437 4673 510 4745 (εξ)
537 4673 687 4745 Οὐδέ
705 4674 1016 4743 φιλοσόφῳ
1040 4675 1337 4745 Κᾳίσαρος
1361 4674 1548 4729 παιδί.
1577 4674 1634 4731 In
1656 4676 1777 4730 cod.
1802 4674 1938 4730 Fuk.

366 4752 420 4797 et
460 4742 625 4816 Silvii.
662 4758 869 4816 necnon
897 4742 1038 4816 apud
1074 4742 1351 4801 Justinum
1387 4747 1584 4815 legitur
1622 4745 1936 4816 φιλοσόφου,

368 4813 526 4886 male.
660 4816 804 4886 enim
830 4811 1085 4886 Aurelius
1113 4817 1200 4886 hic
1227 4811 1563 4885 intelligi—tur,
1589 4811 1753 4886 quem
1777 4811 1944 4870 A'nto-

366 4883 529 4957 uinus
556 4880 691 4957 Pius
725 4883 884 4957 jussu
914 4884 1136 4957 Adriani
1183 4880 1535 4957 adoptaverat
1569 4880 1654 4941 vir
1695 4886 1940 4957 philoso-
1972 4890 2014 4945 ο

366 4953 507 5025 phiae
538 4952 771 5025 deditus.
804 4952 976 5018 Quam
1010 4955 1082 5009 ob
1108 4952 1328 5011 causam
1354 4955 1601 5011 Justinus
1628 4952 1945 5025 in'utroque

366 5021 522 5096 Apol.
583 5021 941 5096 pliilosOphiae
979 5039 1044 5079 ac
1094 5026 1308 5096 pictatis
1348 5026 1572 5081 nomina
1630 5021 1944 5096 frequenter

365 5094 582 5162 allegat,
626 5102 688 5146 ut
730 5092 1065 5147 Antoninum
1096 5092 1262 5148 Pium
1305 5104 1360 5150 et
1403 5096 1644 5152 Marcum
1690 5092 1942 5150 Philoso-

365 5164 534 5231 phum
588 5176 715 5235 erga
768 5163 1124 5235 pietatemet
1169 5167 1570 5235 philosophiam
1599 5167 1943 5222 Christiano-

365 5249 485 5306 rum
518 5232 784 5306 :equiores
806 5234 1014 5289 reddat.
1043 5232 1183 5306 Hinc
1207 5245 1289 5288 est
1315 5232 1462 5306 quod
1487 5239 1721 5306 priorem
1751 5235 1946 5305 Apoloo

363 5305 588 5376 pelicum
618 5301 696 5376 ita
720 5306 999 5376 exorditur
1028 5324 1040 5358 :
1083 5305 1270 5376 Ὑμεῖς
1298 5301 1395 5376 μὲν
1419 5301 1502 5359 ὅτι
1532 5306 1756 5375 λέγεσθε
1787 5301 1944 5359 εὐσε-

364 5373 478 5435 ϐεῖς
501 5372 596 5425 καὶ
622 5373 920 5441 φιλόσοφοι⁹
955 5372 1163 5429 γυνευέ
1209 5372 1524 5431 osteriorem
1548 5372 1944 5447 Apologeticum

366 5443 440 5494 ita
475 5443 795 5498 concludit:
826 5445 923 5499 Εῖη
950 5440 1045 5498 οὖν
1091 5392 1214 5499 καᾶ
1259 5446 1402 5499 ὑμᾶς
1445 5445 1611 5499 ἀξίως
1665 5445 1944 5499 εὐσεϐείας

366 5443 445 5516 ita
475 5443 795 5516 concludit:
824 5440 924 5514 Εῖη
950 5440 1045 5516 οὖν
1091 5440 1214 5499 καθ’
1259 5446 1402 5516 ὑμᾶς
1445 5440 1611 5512 ἀξίως
1665 5440 1946 5509 εὐσεϐείας

366 5512 481 5587 και,
505 5511 820 5587 φιλοσοφίας
860 5511 928 5567 τά
965 5515 1152 5587 δίκαια
1186 5511 1331 5587 ,ὑπὲρ
1388 5511 1597 5569 ἑαυτῶν
1639 5519 1842 5586 κρῖναι.
1868 5516 1945 5587 in

365 5583 552 5655 codice
583 5581 717 5636 Maz.
761 5584 916 5655 hunc
966 5585 1144 5640 locum
1180 5586 1254 5639 ita
1299 5581 1561 5655 scriptum
1589 5581 1794 5655 inveni,
1825 5585 1947 5637 οὐδὲ

364 5652 644 5726 Φιλοσόφῳ
690 5652 801 5726 καὶ-
816 5655 1094 5726 Καίσαρος
1138 5655 1307 5710 παιδί.
1348 5652 1428 5710 Ei
1459 5670 1569 5726 quo
1602 5654 1834 5726 conjicio
1866 5655 1950 5726 lo-

367 5738 490 5776 cum
522 5721 668 5795 hunc
700 5738 742 5795 a_
772 5721 1013 5779 Justino‘
1036 5728 1108 5779 ita
1156 5727 1419 5795 scriptum
1455 5721 1625 5780 fuisse
1657 5745 1670 5779 :
1703 5721 1789 5795 Οὐ
1808 5724 1946 5794 πρέ-

368 5808 538 5868 aegra
570 5792 798 5868 βύσεϐεῖ
820 5795 1199 5868 αὐτοκράτορι,
1233 5792 1356 5868 οὐδὲ
1385 5795 1656 5868 φιλοσόφῳ
1683 5792 1947 5865 Καίσαρι,

365 5863 484 5917 οὐδὲ
513 5862 800 5933 φιλοσόφου
834 5862 1109 5939 Καίσαρος
1126 5862 1308 5921 παιδί.

2053 3794 2249 3865 agitari
2283 3793 2479 3860 solent,
2524 3793 2803 3847 uberrime
2852 3790 3114 3860 disputat,
3146 3801 3261 3847 tum
3306 3794 3373 3848 de
3402 3792 3626 3863 ,ὀξυηιο-

2054 3901 2184 3942 num
2223 3896 2415 3939 natura
2451 3885 2777 3940 sententiam
2802 3898 2958 3938 suam
2990 3882 3252 3952 exponit:
3312 3898 3474 3954 quam
3506 3885 3633 3955 qui-

2051 3980 2175 4034 dem
2196 3978 2283 4034 hic
2313 3980 2557 4033 inserere
2608 3975 2742 4032 nihil
2789 3991 3014 4033 necesse
3045 3983 3148 4032 est.
3180 3976 3336 4032 Alius
3363 3989 3628 4049 praeterea

2049 4066 2292 4135 ejusdem
2340 4067 2479 4123 liber
2522 4068 2788 4123 Adversus
2825 4069 3041 4137 gentiles
3091 4067 3160 4123 ad
3213 4084 3311 4125 nos
3355 4071 3626 4140 pervenit,

2050 4177 2210 4229 quem
2246 4161 2337 4216 ille
2383 4160 2814 4231 Confutationem
2862 4161 3163 4230 inscripsit.
3196 4159 3401 4216 Praeter
3438 4162 3538 4218 hos
3563 4163 3629 4216 Ii-

2050 4254 2176 4309 bros
2206 4266 2287 4309 est
2323 4254 2490 4307 etiam
2519 4255 2658 4310 alius
2690 4254 2770 4309 De
2801 4256 3112 4310 manare/ria
3161 4254 3276 4321 Dei,
3316 4272 3478 4327 quam
3503 4260 3626 4327 qui-

2049 4347 2169 4401 dem
2196 4363 2300 4401 non
2359 4345 2534 4402 solum
2561 4347 2889 4402 auctoritate
2916 4362 3196 4404 sacrorum
3225 4351 3366 4418 apud
3398 4364 3497 4403 nos
3522 4364 3622 4402 vo-

2049 4440 2333 4507 luminum,
2367 4442 2459 4497 sed
2490 4441 2774 4511 gentilium
2817 4441 2984 4496 etiam
3015 4441 3338 4510 scriptorum
3378 4440 3623 4497 testimo-

2112 4554 2191 4627 (7)
2215 4556 2702 4629 Πεπαιδευμένης
2730 4556 3014 4625 διανοίας.
3042 4556 3098 4611 In
3126 4556 3313 4612 codice
3344 4556 3513 4629 Regio
3538 4560 3619 4618 le-

2041 4626 2188 4698 gitur
2228 4626 2670 4698 πεπαιδευμένης
2690 4628 2890 4698 ψυχῆς.

2116 4695 2536 4771 (8)_2_7zo.1md_v'-.
2600 4695 3170 4771 nptiml‘licepliorum
3224 4696 3429 4771 legitur
3496 4700 3622 4771 σχό-

2042 4765 2181 4819 λιον.
2210 4765 2627 4839 veteresGraeci
2662 4767 2849 4838 σχόλια
2895 4768 3161 4839 vocabant
3224 4765 3413 4839 breves
3456 4765 3621 4839 quiis-

2047 4836 2599 4908 d:nn_adno_tationes,
2623 4836 2744 4908 quae
2793 4841 2860 4891 ab
2890 4836 3236 4908 ἐξηγητικοῖς
3278 4836 3621 4907 distinguun-

2043 4916 2146 4978 tur.
2175 4903 2311 4958 Nam
2341 4904 2654 4978 ἐξηγητικοί
2687 4903 3143 4963 υὺοτίονοεείηιι
3173 4919 3228 4963 et
3259 4903 3487 4978 firmiores
3507 4949 3525 4974 ,
3562 4921 3621 4966 et

2045 4975 2360 5046 universum
2392 4975 2679 5043 scriptoris
2708 4992 2846 5046 opus
2877 4987 3174 5045 exponunt.
3217 4977 3436 5034 Scholia
3490 4995 3619 5036 vero

2039 5044 2474 5120 ad‘singulorum
2505 5044 2796 5120 verborum
2829 5056 2920 5120 aut
2947 5044 3108 5120 unius
3136 5048 3419 5104 sententia:
3452 5065 3619 5120 expo-

2039 5114 2692 5190 sitionemapponuntur.
2747 5117 2951 5171 Scribit
3000 5115 3367 5190 Hieronymus
3417 5114 3615 5190 triplex

2041 5183 2206 5256 fuisse
2235 5184 2483 5256 Origenis
2510 5200 2648 5254 Opus
2674 5187 2725 5240 in
2764 5202 2976 5242 sacram
3010 5183 3390 5256 Scripturam:
3448 5183 3614 5245 unum

2039 5253 2386 5324 ἐξηγητικόν,
2422 5253 2656 5308 alterum
2705 5256 3042 5327 ὀμιλητικόν,
3099 5253 3317 5312 tertium
3372 5275 3404 5311 σ
3521 5260 3584 5314 ιώ

2040 5340 2175 5383 σεις,
2209 5338 2328 5383 quae
2355 5335 2596 5383 excerpta
2649 5325 2842 5381 Latine
2870 5328 2974 5382 dici
3022 5342 3180 5383 nosse
3219 5330 3360 5381 idem
3405 5276 3582 5383 llier

2040 5340 2175 5386 σεις,
2209 5338 2328 5391 quae
2355 5335 2621 5397 escerplam
2649 5325 2974 5397 Latine‘dici
3022 5342 3180 5397 posse
3219 5330 3360 5381 idem
3419 5325 3613 5387 Iliero-

2039 5408 2234 5463 nymus
2261 5394 2473 5449 scribit.
2509 5394 2736 5450 Ilulinus
2776 5398 2879 5451 hoc
2904 5394 3453 5453 loco—subnotatiane:
3489 5415 3611 5452 ver-

2040 5466 2106 5515 tit
2133 5464 2265 5517 satis
2294 5467 2600 5519 commode.
2639 5466 2753 5530 Esl,
2785 5467 2984 5534 inquit,
3013 5479 3059 5520 et
3078 5469 3220 5522 alius
3245 5468 3377 5519 liber
3396 5469 3452 5520 in
3494 5471 3610 5522 sub-

2038 5539 2369 5585 nolalionum
2402 5534 2558 5586 modo
2587 5537 2651 5589 de
2676 5539 2876 5589 anima.
2905 5537 3110 5592 Praeter
3162 5540 3302 5590 hanc
3333 5537 3606 5602 vulgarem

2035 5602 2365 5673 scholiorum
2393 5603 2845 5672 signiﬁcationem
2878 5608 2984 5661 alia
3016 5617 3104 5662 est
3127 5607 3305 5659 minus
3327 5606 3604 5673 frequens.

2038 5671 2252 5744 Scholia
2290 5671 2740 5729 enim’interdum
2774 5678 3028 5730 dicuntur
3076 5678 3266 5729 breves
3309 5671 3606 5744 expositio-

2037 5757 2134 5817 nes
2158 5740 2539 5817 obscu_l'io_rum
2570 5758 2774 5817 vocum
2797 5761 2861 5799 ac
2894 5747 3333 5817 sententiarum).
3362 5740 3437 5817 Ita
3491 5748 3598 5817 Cy-

2037 5812 2137 5862 rilli
2166 5812 2366 5864 scholia
2398 5811 2470 5864 De
2503 5810 2875 5868 lncurnalione
2900 5813 3167 5881 Unigeniti
3214 5816 3371 5868 hodie
3406 5810 3593 5880 legun-

2044 5894 2147 5947 tur,
2177 5897 2296 5949 qua:
2338 5882 2466 5935 nihil
2526 5884 2669 5936 aliud
2712 5893 2839 5937 sunt
2872 5900 3031 5953 quam
3058 5918 3059 5921 η
3090 5886 3269 5939 brevis
3323 5887 3585 5957 expositio
