4198 6410
523 397 631 454 575

1250 399 1519 457 EUSEBll
1555 398 2038 458 CESABIENSIS
2072 399 2222 458 OPP.
2261 399 2445 456 PARS
2480 400 2524 456 1.
2561 400 2643 444 -’
2670 395 3058 459 HISTOBICA.

3671 402 3779 458 376

518 517 625 574 niis
662 518 882 574 asserit.
934 519 1032 575 Est
1079 528 1134 574 et
1178 519 1318 579 alius
1372 522 1518 579 liber
1572 525 1660 580 cui
1709 524 1927 581 titulum
1969 524 2093 580 fecit

2205 524 2266 576 ἐν
2305 515 2352 590 ᾧ
2424 522 2715 595 διαφόρους
2754 522 2977 586 πεύσεις
3013 520 3299 594 προτείνας
3340 521 3470 591 περὶ
3501 520 3595 575 τοῦ
3636 521 3779 576 κατὰ

518 606 758 664 Psaltes.
791 611 943 666 Alius
1000 613 1126 668 item
1178 624 1562 684 excerplorum
1592 616 1731 672 liber
1781 614 1857 670 De
1893 618 2095 681 anima,

522 701 578 755 in
608 715 718 771 quo
763 703 1058 771 propositis
1102 706 1272 760 variis
1324 707 1850 777 interrogationibus
1884 722 2004 777 quae
2028 708 2096 763 ad

2203 614 2302 687 τὴν
2330 614 2589 669 ὑπόθεσιν
2614 615 2994 688 προϐλήματος
3014 656 3028 679 ,
3069 615 3181 669 τῶν
3210 614 3339 687 παρ’
3380 615 3596 686 Ἕλλησι
3637 613 3780 682 φιλο-

2204 708 2388 776 σόφων
2420 707 2776 779 παρατίθεται
2827 708 2926 771 τάς
2973 706 3163 775 δόξας,
3214 702 3302 771 αἷς
3342 707 3436 760 καὶ
3484 706 3779 771 ἀντιλέξειν

518 805 898 863 argumentum
931 798 1062 853 illud
1111 800 1408 869 pertinent,
1442 801 1722 870 gentilium
1757 800 2093 871 philosopho-

2204 801 2566 870 ὑπισχνεῖται,
2588 802 2687 871 τήν
2708 817 2766 853 τε
2786 800 2945 864 αὐτὸς
2972 799 3137 853 αὑτοῦ
3156 799 3311 865 δόξαν
3338 800 3395 852 ἐν
3417 798 3587 871 ἐτέρῳ
3607 814 3780 870 παρα-

515 900 636 939 rum
687 884 845 941 aﬂert
898 892 1203 945 sententias
1233 908 1246 944 :
1275 892 1472 961 quibus
1515 892 1677 946 etiam
1729 907 1788 948 se
1817 895 2095 949 contradi-

512 986 753 1047 cturum,
783 995 1044 1051 suamque
1101 983 1167 1034 de
1213 983 1300 1037 his
1332 982 1660 1037 sententiam
1690 984 1743 1038 in
1791 983 1900 1039 alio
1931 1000 2096 1056 opere

516 1071 853 1138 prolaturum
877 1089 1000 1130 esse
1025 1075 1326 1143 pollicetur.
1351 1073 1673 1146 Composuit
1713 1078 1877 1131 etiam
1908 1075 2096 1130 Dialo-

514 1179 638 1231 σωκ
667 1165 916 1220 πείσει-ιω
941 1164 1183 1231 Ιαάιινω,
1217 1182 1375 1236 quem
1429 1169 1569 1235 apud
1605 1168 1873 1238 Ephesum
1905 1169 2096 1225 habuit

515 1269 640 1309 cum
668 1255 988 1326 Tryplnone,
1033 1259 1276 1312 omnium
1335 1268 1464 1312 tunc
1500 1261 1763 1328 temporis
1784 1259 2093 1316 Judazorum

514 1346 894 1404 celeberrimo.
943 1348 1064 1416 Quo
1111 1353 1166 1405 in
1193 1351 1333 1407 libro
1359 1353 1589 1422 ingenue
1617 1361 1867 1419 testatur,
1902 1367 2094 1422 quem-

515 1437 806 1494 admodum
840 1455 937 1510 per
969 1441 1207 1497 divinam
1229 1444 1458 1513 gratiam
1487 1444 1554 1498 ad
1601 1459 1744 1498 vera:
1818 1442 1942 1498 ﬁdei
1993 1445 2094 1499 do-

512 1529 747 1585 etrinam
772 1531 1036 1602 impulsus
1068 1533 1175 1595 sit:
1204 1544 1437 1605 etquam
1464 1546 1727 1592 contento
1742 1537 1889 1608 prius
1914 1538 2094 1592 studio

515 1620 570 1675 in
601 1621 1000 1694 philos0phiam
1048 1626 1399 1694 incubuisset,
1458 1639 1768 1698 quantoque
1804 1629 1971 1683 animi
1996 1645 2093 1683 ar-

516 1713 651 1766 dore
677 1712 730 1767 in
759 1715 988 1771 veritate
1022 1718 1443 1787 pervestiganda
1500 1718 1875 1774 laboravisset.
1903 1719 2095 1775 Refert

516 1802 681 1856 etiam
731 1801 945 1860 Iudaeos
998 1805 1260 1861 adversus
1312 1807 1516 1863 Christi
1571 1809 1879 1864 doctrinam
1919 1811 2089 1867 multa

514 1893 776 1949 insidiose
836 1909 901 1949 ac
954 1897 1331 1953 fraudulenter
1378 1899 1723 1956 machinatus
1759 1900 1950 1968 fuisse,
1984 1903 2090 1957 hu-

511 1982 750 2052 iusmodi
813 1990 880 2043 ad
931 1989 1279 2061 Tryphonem
1338 1996 1523 2051 verbis
1566 2006 1725 2052 utens
1762 2015 1776 2050 :
1807 2015 1825 2048 ι
1854 1996 2090 2053 Tantum

514 2076 696 2141 abest,
748 2078 945 2149 inquit,
983 2090 1043 2137 ut
1065 2097 1158 2138 vos
1185 2098 1376 2140 eorum
1426 2100 1547 2154 qua:
1588 2087 1753 2159 impie
1798 2090 2092 2158 gesseratis

512 2172 849 2239 paenituerit.
876 2173 1016 2240 Quin
1047 2177 1158 2230 imo
1187 2178 1454 2247 quosdam
1489 2179 1556 2233 ad
1581 2180 1633 2234 id
1650 2179 1819 2234 lectos
1844 2180 2093 2237 homines

509 2260 566 2315 in
611 2277 800 2320 omnes
852 2266 1001 2321 orbis
1051 2276 1230 2336 partes
1281 2269 1561 2333 emisistis,
1601 2271 1693 2341 qui
1738 2272 2095 2328 dicerentse-

470 2337 653 2409 *τίσω
678 2356 965 2426 impiorum
994 2357 1425 2415 Christianorum
1467 2372 1711 2418 exortam
1748 2379 1891 2431 esse,
1920 2379 2092 2434 eaque

512 2446 769 2504 adversus
820 2464 918 2503 nos
950 2450 1152 2519 probra
1179 2452 1540 2522 divulgarent,
1603 2470 1725 2525 qua:
1756 2456 2091 2512 eﬂ'utireso-

510 2537 682 2592 lentii
714 2541 804 2609 qui
835 2555 922 2596 res
948 2551 1165 2596 nostras
1198 2544 1420 2612 penitus
1445 2546 1718 2614 ignorant.
1773 2548 1927 2601 Adeo
1979 2563 2087 2601 non

509 2629 686 2683 solum
718 2630 870 2684 vobis
896 2631 1047 2699 ipsis,
1071 2632 1166 2687 sed
1199 2634 1435 2699 cunctis,
1465 2644 1524 2689 ut
1552 2636 1623 2690 ita
1670 2637 1870 2704 dicam,
1907 2638 2087 2695 homi-

511 2719 670 2775 nibus
699 2721 907 2775 erroris
951 2733 1118 2791 atque
1147 2723 1425 2792 iniustitia:
1457 2742 1684 2783 causam
1743 2732 2021 2798 praebetis.
2061 2752 2080 2785 ι

2200 890 2464 961 θήσεσθαι
2484 892 2894 963 συγγράμματι.
2922 891 3033 944 Καὶ
3052 890 3339 960 Διάλογον
3365 890 3421 943 δὲ
3454 890 3604 957 πρὸς
3634 889 3779 944 ’Iov-

2201 982 2411 1049 δαίους
2443 983 2751 1050 συνέταξεν,
2772 983 2830 1037 ὃν
2853 984 2945 1037 ἐπὶ
2964 983 3061 1052 τῆς
3102 984 3365 1052 Ἐφεσίων
3393 982 3600 1045 πόλεως
3637 983 3775 1053 πρὸς

2206 1074 2477 1147 Τρύφωνα
2501 1076 2610 1129 τῶν
2650 1076 2771 1129 τότε
2809 1075 3075 1147 Ἐϐραίων
3116 1075 3510 1146 ἐπισημότατον
3547 1075 3777 1145 πεποίη-

2194 1185 2286 1221 ται
2310 1186 2324 1199 ’
2355 1170 2412 1221 ἐν
2447 1161 2492 1236 ᾧ
2521 1170 2645 1223 τίνα
2675 1170 2875 1238 τρόπον
2902 1170 2936 1239 ἠ
2977 1168 3095 1221 θεία
3140 1169 3301 1240 χάρις
3345 1167 3505 1220 αὑτὸν
3546 1168 3640 1220 ἐπὶ
3681 1168 3775 1220 τὸν

2198 1262 2296 1328 τῆς
2357 1261 2595 1324 πίστεως
2648 1261 2988 1333 παρώρμησε
3042 1259 3200 1328 λόγον
3243 1259 3430 1330 δηλοῖ,
3472 1258 3663 1312 ὁποίαν
3709 1275 3772 1313 τε

2196 1354 2460 1426 πρότερον
2488 1354 2615 1425 περὶ
2656 1353 2725 1407 τά
2754 1354 3017 1423 φιλόσοφα
3078 1353 3373 1425 μαθήματα
3404 1351 3636 1423 σπουδὴν
3663 1353 3777 1405 ela—

2199 1445 2505 1508 ενήνεκται,
2536 1444 2630 1498 καὶ
2656 1444 2787 1513 ὂσην
2813 1444 3103 1515 ἐποιήσατο
3136 1443 3237 1513 τῆς
3264 1442 3519 1511 ἀληθείας
3543 1440 3776 1511 ἐκθυμο-

2200 1536 2374 1607 τάτην
2407 1535 2655 1607 ζήτησιν.
2701 1537 2927 1605 Ἱστορεῖ
2953 1535 2998 1589 δ’
3023 1537 3081 1589 ἐν
3111 1533 3293 1604 ταύτῷ
3316 1535 3443 1604 περὶ
3483 1532 3770 1598 Ἰουδαίων,

2193 1631 2273 1697 ὡς
2317 1630 2459 1684 κατά
2509 1630 2610 1699 τῆς
2655 1627 2749 1682 τοῦ
2809 1626 3047 1700 Χριστοῦ
3095 1624 3439 1688 διδασκαλίας
3487 1624 3772 1683 ἐπιϐουλὴν

2198 1720 2726 1790 συσκευασαμένων,
2776 1718 2916 1771 αὐτὰ
2967 1717 3136 1771 ταῦτα
3180 1716 3318 1789 πρὸς
3368 1716 3460 1770 τὸν
3501 1716 3773 1785 Τρύφωνα

2195 1813 2647 1882 ἀποτεινόμενοςο
2699 1828 2718 1862 ι
2753 1812 2827 1863 Οὐ
2877 1810 3034 1881 μόνον
3072 1810 3128 1865 δέ
3176 1813 3236 1865 οὐ
3285 1813 3647 1883 μετενοήσατε
3685 1812 3770 1882 ἐφ’

2193 1902 2274 1968 οἷς
2304 1904 2575 1977 ἐπράξατε
2594 1903 2779 1967 κακῶς
2808 1904 2906 1974 (9),
2931 1902 3067 1957 ἀλλά
3087 1903 3285 1975 ἄνδρας
3304 1905 3593 1969 ἐκλεκτοὺς
3619 1904 3773 1958 ἐκλεο

2199 1997 2420 2068 ξάμενοι
2458 1997 2580 2049 τότε
2616 1995 2725 2049 ἀπὸ
2762 1995 3142 2068 Ἰερουσαλὴμ,
3184 1996 3526 2067 ἐξεπέμψατε
3558 1999 3638 2060 είς
3666 1997 3773 2050 πᾶ-

2194 2104 2296 2141 σαν
2325 2088 2424 2160 τὴν
2449 2087 2551 2157 γῆν
2570 2086 2820 2153 λέγοντες
2836 2126 2851 2149 ,
2885 2087 3094 2157 αἵρεσιν
3121 2086 3278 2139 ἄθεον
3303 2086 3641 2158 Χριστιανῶν
3681 2103 3777 2140 πε-

2195 2178 2425 2248 φάνθαι,
2478 2176 2873 2245 καταλέγοντες
2909 2193 2970 2229 τε
3015 2176 3185 2230 ταῦτα
3208 2217 3223 2242 ,
3256 2177 3400 2249 ἅπερ
3436 2177 3560 2231 καθ’
3613 2177 3771 2248 ἡμῶν

2196 2274 2244 2325 οἱ
2279 2271 2597 2340 ἀγνοοῦντες
2621 2271 2770 2341 ἡμᾶς
2792 2268 3033 2331 ἅπαντες
3056 2268 3327 2337 λέγουσιν,
3356 2269 3496 2321 ὥστε
3520 2270 3581 2322 οὐ
3610 2269 3770 2340 μόνον

2192 2366 2405 2429 ἑαυτοῖς
2431 2364 2643 2427 ἀδικίας
2670 2362 2830 2416 αἴτιοι
2853 2363 3146 2434 ύπάρχετε,
3181 2361 3316 2416 ἀλλά
3340 2363 3433 2415 καὶ
3454 2366 3565 2426 τοῖς
3589 2362 3772 2426 ἄλλοις

2191 2456 2395 2511 ἅπασιν
2440 2456 2626 2520 ἁπλῶς
2667 2454 2993 2526 ἀνθρώποις.
3038 2473 3057 2506 ι
3095 2454 3302 2528 Γράφει
3340 2455 3398 2509 δὲ
3437 2455 3531 2509 καὶ
3580 2455 3657 2520 ὡς
3687 2455 3771 2511 ὅτι

2190 2549 2301 2620 (10)
2328 2548 2487 2619 μέχρι
2521 2548 2615 2601 καὶ
2654 2546 2819 2600 αὑτοῦ
2849 2547 3159 2618 χαρίσματα
3197 2548 3509 2619 προφητικά
3550 2547 3771 2619 διέλαμ-

2190 2659 2290 2695 πεν
2321 2643 2414 2694 ἐπὶ
2436 2642 2534 2711 τῆς
2567 2639 2911 2711 Ἐκκλησίας.
2948 2638 3239 2711 Μέμνηται
3266 2639 3321 2693 δὲ
3349 2641 3441 2694 καὶ
3461 2640 3562 2711 τῆς
3592 2642 3773 2695 Ἰωάν-

2189 2750 2281 2788 νου
2311 2731 2747 2801 Ἀποκαλύψεως,
2784 2731 2971 2801 σαφῶς
2993 2731 3085 2785 τοῦ
3107 2732 3403 2786 ἀποστόλου
3433 2733 3603 2804 αὐτὴν
3631 2727 3771 2787 εἶναι

511 2811 623 2867 Sed
647 2823 701 2868 et
735 2813 788 2867 in
814 2813 1007 2867 eodem
1042 2815 1202 2883 libro,
1227 2819 1523 2888 prophetiae
1574 2826 1713 2878 dona
1748 2822 1926 2877 adhuc
1984 2838 2084 2879 sua

2194 2824 2380 2893 λέγων.
2416 2823 2523 2877 Καὶ
2547 2823 2726 2893 ῥητῶν
2752 2823 2809 2876 δέ
2838 2840 2998 2876 τινων
3024 2822 3375 2894 προφητικῶν
3414 2821 3766 2893 μνημονεύει,

508 2916 674 2963 aetate
705 2909 758 2963 in
800 2906 1046 2964 Ecclesia
1089 2913 1323 2979 viguisse
1365 2912 1575 2968 scribit.
1615 2912 1841 2971 Joannis
1862 2931 2085 2986 quoque

2194 2916 2477 2986 διελέγχων
2501 2914 2592 2968 τὸν
2617 2912 2914 2985 Τρύφωνα,
2952 2912 3027 2976 ὡς
3068 2911 3133 2966 ἂν
3173 2911 3587 2983 περικοψάντων
3629 2912 3771 2966 αύτά

507 2999 917 3059 Revelationem
983 3016 1416 3073 commemorat,
1470 3022 1633 3076 quam
1706 3009 1775 3063 ab
1840 3010 2083 3079 apostolo

509 3094 878 3167 conscriptam
907 3112 1027 3153 esse
1068 3098 1271 3154 diserte
1321 3098 1470 3155 dicit.
1502 3099 1757 3166 Quaedam
1788 3101 1917 3157 item
1950 3118 2081 3173 pro-

2197 3007 2467 3061 Ἰουδαίων
2519 3005 2628 3059 ἀπὸ
2680 3005 2781 3076 τῆς
2812 3002 3070 3076 Τραφῆς.
3122 3004 3354 3057 Πλεῖστα
3396 3002 3451 3055 δὲ
3485 3003 3578 3056 καὶ
3610 3003 3773 3071 ἕτερα

2184 3100 2336 3170 παρὰ
2373 3097 2588 3161 πολλοῖς
2631 3096 2855 3168 φέρεται
2898 3095 3146 3164 ἀδελφοῖς
3184 3094 3292 3148 τῶν
3351 3093 3516 3147 αὑτοῦ
3572 3094 3767 3148 πόνων.

506 3188 794 3259 phetarmn
824 3191 1127 3245 testimonia
1152 3190 1381 3260 profert,
1413 3207 1534 3262 qua:
1556 3194 1817 3249 adversus
1834 3192 2080 3266 Tryphoc

2194 3190 2408 3246 Οὑτωσὶ
2438 3189 2495 3243 δὲ
2524 3187 2762 3257 σπουδῆς
2789 3183 2926 3241 εἶναι
2952 3187 3091 3253 ἀξιοι
3121 3188 3215 3239 καὶ
3240 3188 3351 3249 τοῖς
3378 3185 3627 3250 παλαιοῖς
3657 3186 3774 3239 ἐδόρ

509 3294 632 3333 nem
657 3279 966 3348 disputans,
1001 3298 1029 3336 a
1061 3280 1261 3337 Iudaeis
1289 3299 1319 3339 e
1347 3286 1521 3339 sacris
1578 3285 1735 3339 tibris
1774 3287 1945 3342 recisa
1995 3298 2082 3343 at-

509 3387 615 3440 que
642 3384 913 3443 expuncta
964 3389 1085 3431 esse
1121 3375 1420 3432 convincit.
1468 3377 1697 3432 Exstant
1717 3388 1771 3431 et
1800 3380 1907 3433 alia
1936 3395 2085 3436 com-

509 3465 665 3531 plura
703 3464 943 3535 ejusdem
976 3469 1242 3535 0puscula
1288 3483 1457 3537 penes
1486 3469 1708 3525 multos
1733 3470 1853 3524 ﬁdei
1887 3480 2087 3526 nostra:

510 3555 767 3612 cultores.
807 3558 966 3612 Tanti
1024 3558 1179 3632 141
1216 3575 1379 3629 porro
1427 3562 1682 3615 aestimati
1718 3562 2030 3616 snntctiam
2055 3577 2085 3616 a

512 3649 786 3703 veteribus
838 3649 982 3705 illius
1039 3650 1186 3715 libri,
1223 3661 1282 3704 ut
1342 3651 1580 3705 Irenaaus
1606 3650 1722 3720 ejus
1752 3652 2087 3707 testimoniis

512 3739 784 3794 interdum
825 3750 1031 3795 utatur.
1083 3741 1216 3796 Nam
1285 3751 1340 3798 et
1393 3743 1448 3798 in
1497 3743 1636 3798 libro
1676 3755 1868 3812 quarto
1892 3742 2091 3799 Contra

512 3830 734 3885 literae:
779 3831 897 3886 btec
949 3831 1154 3887 habet:
1196 3850 1216 3883 ι
1257 3831 1544 3899 Prteclare,
1592 3835 1787 3904 inquit,
1820 3851 1849 3888 a
1878 3834 2091 3890 Justino

512 3922 717 3977 dictum
746 3926 829 3977 est
862 3924 916 3977 in
950 3923 1087 3979 libro
1118 3924 1376 3979 Adversus
1406 3925 1727 3979 Marcionem
1755 3941 1774 3980 :
1814 3944 1834 3977 ι
1878 3925 1957 3981 Ne
1987 3926 2089 3996 ipsi

519 4032 541 4067 ι
578 4014 797 4086 quidem
844 4016 1096 4084 Domino,
1141 4017 1238 4084 ait,
1265 4017 1569 4073 crediturus
1594 4018 1864 4087 essem,-si
1919 4018 2088 4073 alium

518 4125 539 4160 ι
578 4107 747 4162 Deum
781 4108 1097 4177 praedicaret
1125 4123 1286 4178 quam
1311 4110 1493 4164 mundi
1526 4110 1928 4165 Conditorem.)
1954 4110 2087 4165 Etin

514 4199 705 4268 quinto
737 4199 981 4271 ejusdem
1005 4201 1187 4269 operis
1239 4200 1415 4255 libro:
1450 4219 1469 4252 ι
1529 4202 1719 4265 Recte,
1768 4203 1962 4272 inquit,
1991 4201 2088 4257 Ju-

515 4292 697 4346 stinus
718 4290 877 4355 dixit,
902 4289 1164 4345 Satanam
1218 4299 1346 4345 ante
1376 4290 1669 4345 adventum
1705 4292 1917 4346 Domini
1944 4309 2088 4346 nunc

514 4399 677 4452 quam
724 4399 915 4439 ausum
953 4382 1123 4439 fuisse
1175 4384 1338 4453 impie
1380 4382 1529 4453 loqui
1577 4386 1839 4440 adversus
1889 4384 2080 4451 Deum,

2192 3299 2325 3337 ttouv
2356 3282 2405 3334 οί
2438 3280 2661 3352 τάνδρὸς
2685 3278 2832 3347 λόγοι
2851 3318 2867 3344 ,
2902 3278 2978 3341 ὠς
3002 3277 3091 3331 τὸν
3122 3279 3407 3349 Είρηναῖον
3450 3279 3773 3348 ἀπομνημο-

2192 3372 2368 3427 νεύειν
2393 3371 2557 3425 αύτοῦ
2590 3369 2793 3439 φωνὰς.
2821 3368 2979 3422 τοῦτο
3018 3370 3115 3439 μὲν
3147 3370 3202 3421 ἐν
3230 3368 3308 3439 τῷ
3339 3368 3582 3439 τετάρτῳ
3614 3368 3773 3437 Πρὸς

2196 3462 2302 3530 τὰς
2321 3461 2603 3530 αἱρέσεις,
2638 3458 2776 3514 αὐτὰ
2801 3458 2865 3526 δὴ
2894 3458 3065 3513 ταῦτα
3085 3458 3399 3527 ἐπιλέγοντα
3420 3476 3433 3488 ·
3468 3477 3487 3509 r
3530 3459 3639 3513 Καὶ
3671 3476 3772 3512 ita»

2194 3551 2303 3616 λῶς
2339 3554 2619 3614 Ἰουστῖνος
2663 3552 2720 3604 ἐν
2763 3548 2840 3620 τῷ
2873 3550 3029 3617 Πρὸς
3067 3551 3387 3618 Μαρκίων-ιι
3434 3549 3772 3620 συντάγματί

2199 3660 2397 3716 φησιν,
2421 3644 2522 3699 ὃτι·
2538 3643 2690 3714 Αὐτῷ
2710 3642 2788 3714 τῷ
2817 3643 3006 3716 Κυρίῳ
3045 3643 3153 3697 οὐδ’
3194 3642 3261 3697 ἂν
3292 3642 3550 3714 ἐπείσθην
3569 3683 3584 3707 ,
3613 3642 3771 3696 ἀλλον

2198 3737 2329 3791 Θεὸν
2366 3736 2785 3805 καταγγέλλοντι
2832 3734 2984 3807 παρὰ
3014 3732 3102 3787 τὸν
3138 3735 3505 3807 Δημιουργόν·
3558 3753 3578 3786 ι
3613 3734 3772 3787 τοῦτο

2196 3829 2253 3883 δέ
2283 3831 2339 3883 ἐν
2361 3829 2437 3900 τῷ
2468 3830 2703 3900 πέμπτῳ
2731 3828 2833 3897 τῆς
2867 3826 3038 3896 αὐτῆς
3068 3827 3375 3889 ὑποθέσεως
3405 3826 3493 3879 διὰ
3530 3825 3790 3880 τούτων··

2203 3937 2222 3971 ι
2263 3920 2373 3973 Ka‘t
2409 3918 2587 3981 καλῶς
2617 3920 2646 3971 ό
2686 3918 2964 3980 Ἰουστίνος
2997 3916 3098 3987 ἔφη
3118 3957 3132 3978 ,
3159 3917 3240 3970 ὃτι
3278 3916 3385 3989 πρὸ
3424 3917 3525 3987 μὲν
3548 3918 3645 3987 τῆς
3672 3915 3767 3969 τοῦ

2195 4010 2401 4083 Κυρίου
2452 4010 2754 4081 παρουσίας
2801 4009 3058 4062 οὐδέποτε
3108 4009 3406 4081 ἐτόλμησεν
3443 4012 3472 4063 ὁ
3525 4010 3767 4072 Σατανᾶς

2198 4103 2587 4175 βλασφημῆσαι
2616 4103 2707 4156 τὸν
2732 4102 2885 4166 Θεὸν,
2915 4101 3008 4155 ἅτε
3043 4102 3265 4173 μηδέπω
3293 4102 3448 4165 είδὼς
3476 4100 3641 4155 αὐτοῦ
3670 4100 3768 4171 τὴν

2194 4196 2542 4267 κατάκρισιν.
2603 4214 2623 4247 ι
2677 4195 2789 4248 Ka‘t
2831 4193 3005 4248 ταῦτα
3044 4194 3101 4247 δέ
3138 4195 3452 4265 ἀναγκαίως
3505 4194 3767 4266 εἰρήσθω,

2194 4295 2273 4357 είς
2301 4290 2611 4364 προτροπὴν
2633 4289 2727 4341 τοῦ
2760 4288 2896 4360 μετὰ
2926 4289 3159 4360 σπουδῆς
3185 4291 3311 4353 τοὺς
3337 4289 3652 4361 φιλομαθεῖς
3676 4289 3771 4342 καὶ

2192 4380 2317 4443 τοὺς
2345 4379 2534 4432 τούτου
2562 4376 2842 4450 περιέπειν
2869 4377 3080 4447 λόγους.
3102 4379 3209 4432 Καὶ
3241 4379 3310 4433 τὰ
3338 4380 3435 4452 μὲν
3458 4378 3600 4433 κατά
3620 4378 3770 4433 τόνδε

513 4475 713 4545 quippe
757 4473 851 4543 qui
911 4473 1325 4530 damnationem
1378 4489 1530 4527 suam
1599 4474 1835 4528 nondum
1888 4474 2090 4543 liquido

2195 4470 2419 4525 τοιαῦτα
2444 4466 2532 4541 ἦν.

516 4614 895 4671 nbscuriorum
920 4609 1285 4681 quaestionum
1322 4612 1387 4663 de
1414 4609 1814 4667 lncarnationc.
1850 4610 2090 4675 Quaestio

516 4686 663 4740 enim
702 4684 824 4763 ipsa
856 4682 1008 4763 .titufl‘i
1046 4681 1562 4763 locoprtemittitur,
1590 4681 1787 4763 deinde
1817 4681 2097 4763 subjungi-

519 4765 608 4808 tur
640 4749 928 4821 expositio.
962 4749 1397 4821 Sententiaitem
1447 4764 1542 4804 seu
1587 4751 1781 4821 dogma
1824 4749 2095 4805 interdum

518 4825 638 4878 vice
669 4820 814 4877 tituli
843 4837 935 4875 seu
972 4820 1171 4875 indicis
1202 4821 1502 4889 praeligitur
1532 4821 1634 4875 hoc
1663 4820 1828 4877 modo
1852 4820 1957 4885 ὅτι,
1988 4832 2093 4874 etc.

462 4944 468 4950 .
521 4893 724 4948 Deinde
748 4891 1050 4960 apponitur
1071 4890 1510 4954 demonstratio,
1560 4899 1619 4943 ut
1668 4891 1872 4960 videre
1918 4898 2002 4943 est
2046 4892 2096 4944 in

522 4952 862 5041 supra-dicto-
887 4959 1078 5041 erilli
1106 4952 1503 5041 “Alexandrini
1552 4960 1712 5041 libro.
1774 4952 2095 5041 Huiusmodi

521 5028 626 5087 fuit
671 5028 864 5092 Justini
913 5028 1050 5083 liber
1097 5028 1173 5082 De
1212 5028 1393 5081 anima
1446 5045 1463 5083 :
1515 5028 2100 5099 qumstiones’scilicet

519 5116 585 5158 ac
608 5103 897 5155 sententiae
920 5099 1168 5168 quaedam
1202 5100 1266 5152 de
1296 5108 1487 5151 natura
1521 5112 1573 5151 et
1629 5102 1840 5169 origine
1888 5100 2099 5154 anima-

519 5188 646 5226 rum
688 5172 937 5238 :qnibus
961 5169 1245 5237 suhjnncta
1269 5179 1389 5239 erat
1441 5169 1642 5225 Justini
1701 5171 1973 5239 expositio
2032 5186 2099 5224 ae

522 5241 943 5295 demonstratio.
994 5240 1237 5310 Exstant
1268 5238 1430 5293 hodie
1478 5238 1785 5294 Alexandri
1829 5239 2101 5310 Aphrodi-

520 5312 720 5368 siensis
743 5311 866 5365 libri
906 5312 1011 5382 duo
1043 5307 1121 5382 De
1153 5309 1352 5382 anime,
1378 5324 1515 5377 quos
1540 5307 2101 5382 aldltajure'vocare

521 5382 721 5451 possis.
751 5381 889 5435 Sunt
918 5381 1063 5435 enim
1106 5379 1158 5451 in
1180 5379 1518 5451 scholiorum
1544 5379 1760 5436 modum
1825 5396 1888 5435 ea
1936 5397 2097 5451 quam

521 5448 635 5508 dixi
661 5453 870 5507 ratione
907 5449 1213 5518 compositi.
1240 5448 1551 5515 Hnjusmodi
1582 5454 1743 5506 etiam
1766 5453 1917 5505 fuere
1942 5448 2101 5505 schn-

523 5523 725 5579 liurum
757 5522 881 5577 libri
909 5529 1130 5593 centum
1157 5518 1468 5593 _ab_Amelin
1492 5522 1851 5593 philosopho,
1875 5536 2099 5593 compo-

524 5593 638 5659 siti,
673 5608 905 5662 quorum
945 5587 1572 5662 meminit_Porpltyrius
1622 5595 1676 5646 in
1712 5587 1913 5662 Plotini
1958 5589 2097 5643 Vita.

522 5659 781 5729 Ejusdem
816 5660 1143 5732 argumenti_
1159 5659 1325 5713 fuisse
1354 5659 1609 5715 ridentur
1639 5663 1758 5718 libri
1803 5661 2101 5715 ἐπιλέκτων

526 5732 739 5814 σχολῶν
771 5750 799 5786 a
827 5729 1065 5814 Dipgette
1100 5729 1357 5814 Iarsensi
1393 5734 1697 5814 compositi,
1732 5749 1962 5814 quorum
1996 5748 2104 5785 tne-

526 5799 691 5859 Ininit
722 5799 972 5858 Laertius
1005 5802 1059 5856 in
1090 5799 1351 5870 Epicuro.
1394 5799 1635 5872 Denique
1678 5799 1925 5858 Scholion
1970 5819 2077 5856 non

527 5890 804 5950 nunquam
832 5873 1027 5929 dicitur
1062 5873 1213 5929 locus
1240 5889 1307 5929 ex
1335 5874 1519 5945 aliquo
1542 5875 1840 5948 scriptore
1862 5887 2077 5950 excer-

2200 4618 2340 4677 ptus.
2358 4606 2450 4660 Sic
2468 4606 2608 4676 apud
2633 4606 2990 4675 Epiphanium
3010 4607 3063 4662 in
3085 4609 3274 4663 hteresi
3299 4608 3771 4673 Marcionitarum,

2199 4694 2324 4746 pag.
2348 4677 2454 4751 3‘22
2479 4694 2492 4730 :
2521 4678 2668 4751 ᾼὺτὴ
2706 4679 2804 4751 μέν
2823 4680 2922 4749 τῆς
2961 4680 3365 4751 προειρημένης
3393 4679 3546 4750 ὑμῶν
3575 4680 3774 4751 ὑποθέέ-

2202 4763 2341 4821 σεως
2366 4747 2900 4821 ἠμσχολιοτξοιηθεῖσα
2937 4747 3666 4821 σύντομοςίὺπομνηματικὴ
3711 4750 3773 4815 ἐξ

2200 4817 2549 4890 ἀντιγράφων
2569 4817 2663 4870 τοῦ
2688 4817 3009 4890 Μαρκίωνος
3035 4817 3284 4884 σύνταξις
3461 4817 3621 4884 ἔπος.
3656 4817 3770 4874 ’διι-

2200 4888 2389 4961 quitur
2416 4888 2845 4961 posteacxéittov
2874 4890 2983 4943 ἀπὸ
3010 4890 3113 4961 ,τοῦ
3139 4888 3457 4959 εὐαγγελίου
3490 4891 3594 4961 τοῦ
3618 4890 3771 4961 παρὰ

2200 4958 2509 5030 Μαρκιωνι.
2567 4956 2889 5024 υὺῖγίιιεε,
2944 4960 3189 5015 scltolion
3253 4956 3389 5015 nihil
3451 4960 3598 5016 aliud
3649 4956 3774 5015 esse

2202 5028 2366 5099 quam
2392 5028 2566 5082 locum
2591 5039 2907 5099 excerptum
2941 5045 3007 5085 ex
3041 5031 3319 5099 evangelio
3352 5030 3663 5091 Marcionis.
3684 5034 3772 5085 cui

2202 5097 2538 5167 Epiphanius
2579 5097 2982 5169 refutationem
3037 5097 3332 5169 subjnngit.
3401 5102 3476 5154 lta
3534 5100 3772 5155 scholion

2207 5168 2458 5220 ls'unomii
2484 5167 2686 5222 dicitur
2715 5172 2767 5221 in
2800 5167 3171 5237 Disputation‘e
3193 5167 3473 5225 orthodoxi
3506 5188 3625 5224 cum
3656 5170 3774 5223 Eu-

2203 5238 2377 5311 nomia
2403 5251 2563 5304 quam
2619 5239 2790 5292 edidit
2829 5238 3082 5295 Canisius
3130 5251 3276 5296 tomo
3309 5239 3370 5296 ν.
3426 5242 3595 5296 Recte
3641 5255 3773 5311 ergo

2207 5306 2569 5383 Hieronymus
2594 5316 2838 5383 excerpta
2881 5311 3290 5379 interpretatur,
3332 5326 3467 5380 quas
3505 5306 3774 5383 Origencs

2205 5375 2530 5448 σημειώσεις
2555 5394 2647 5448 seu
2674 5379 2858 5446 σχόλια
2890 5375 3273 5448 appellaverat.

2279 5442 2356 5525 (9i
2405 5448 2521 5515 Ἐφ’
2547 5442 2636 5512 οἷς
2664 5442 3203 5525 ἐὲέρίάξατέκακῶς.
3237 5451 3294 5505 In
3332 5451 3468 5510 Fuk.
3522 5463 3578 5507 et
3640 5452 3768 5507 Sav.

2204 5523 2467 5583 scriptum
2497 5528 2579 5570 est
2620 5523 2829 5583 κακοῖς,
2860 5535 2967 5572 non
2995 5524 3155 5574 male.

2277 5586 2388 5656 (l0)
2420 5586 2642 5656 Γράφει
2670 5588 2738 5640 δὲ
2766 5589 2864 5642 καὶ
2893 5590 2973 5653 ὡς
2996 5590 3104 5644 ὅτι.
3135 5590 3488 5645 Pleonasmus
3515 5602 3620 5656 est,
3647 5606 3768 5644 cum

2205 5657 2471 5731 alterutra
2491 5673 2592 5711 vox
2631 5658 3021 5731 stiﬂiciat._Nisi
3044 5661 3182 5731 forte
3198 5663 3319 5731 quis
3350 5663 3500 5715 malit
3528 5664 3771 5717 scribere

2206 5727 2282 5791 ὡς
2304 5726 2384 5779 ἔτι
2410 5726 2571 5801 μέχρι
2612 5728 2705 5780 καὶ
2739 5727 2926 5793 αὑτοῦ,
2950 5743 3057 5783 etc.
3092 5730 3197 5785 Sed
3215 5726 3369 5785 _ni|ti|
3392 5747 3526 5801 Opus
3556 5743 3640 5787 est
3669 5733 3769 5786 bac

2206 5799 2753 5868 enitendatione,cum
2807 5800 3153 5868 pleonasmus
3215 5802 3301 5855 hic
3361 5799 3643 5855 lamiliaris
3697 5802 3770 5857 sit

2206 5869 2458 5925 Eusebio.
2484 5866 2559 5922 Ita
2588 5869 2730 5925 cnim
2754 5866 2994 5940 loijuitur
3019 5871 3072 5925 in
3098 5886 3218 5943 cap.
3242 5871 3316 5926 22
3362 5872 3519 5943 hujus
3549 5872 3692 5930 libri.
