  <div class='ocr_page' id='page_1' title='image "/cluster/home/n/w/nwhite01/storage/ocr_20150623/20:no.2/coo.31924054873009/202.png"; bbox 0 0 4198 6408; ppageno 0'>
   <div class='ocr_carea' id='block_1_1' title="bbox 268 342 377 398">
    <p class='ocr_par' dir='ltr' id='par_1_1' title="bbox 268 342 377 398">
     <span class='ocr_line' id='line_1_1' title="bbox 268 342 377 398; baseline -0.018 0"><span class='ocrx_word' id='word_1_1' title='bbox 268 342 377 398; x_wconf 79' lang='lat'><strong>385</strong></span> 
     </span>
    </p>
   </div>
   <div class='ocr_carea' id='block_1_2' title="bbox 1234 333 2481 393">
    <p class='ocr_par' dir='ltr' id='par_1_2' title="bbox 1234 333 2481 393">
     <span class='ocr_line' id='line_1_2' title="bbox 1234 333 2481 393; baseline 0.001 -2"><span class='ocrx_word' id='word_1_2' title='bbox 1234 335 1582 393; x_wconf 66' lang='lat' dir='ltr'><strong>HISTORIE</strong></span> <span class='ocrx_word' id='word_1_3' title='bbox 1620 333 2182 392; x_wconf 62' lang='lat' dir='ltr'><strong>ECCLESIASTICE</strong></span> <span class='ocrx_word' id='word_1_4' title='bbox 2221 333 2349 391; x_wconf 85' lang='lat' dir='ltr'><strong>LIB.</strong></span> <span class='ocrx_word' id='word_1_5' title='bbox 2391 334 2481 392; x_wconf 79' lang='lat' dir='ltr'><strong>iV.</strong></span> 
     </span>
    </p>
   </div>
   <div class='ocr_carea' id='block_1_3' title="bbox 3432 334 3539 394">
    <p class='ocr_par' dir='ltr' id='par_1_3' title="bbox 3432 334 3539 394">
     <span class='ocr_line' id='line_1_3' title="bbox 3432 334 3539 394; baseline 0.009 -1"><span class='ocrx_word' id='word_1_6' title='bbox 3432 334 3539 394; x_wconf 75' lang='lat'><strong>336</strong></span> 
     </span>
    </p>
   </div>
   <div class='ocr_carea' id='block_1_4' title="bbox 267 439 1858 524">
    <p class='ocr_par' dir='ltr' id='par_1_4' title="bbox 267 449 1858 523">
     <span class='ocr_line' id='line_1_4' title="bbox 267 449 1858 523; baseline -0.001 -14"><span class='ocrx_word' id='word_1_7' title='bbox 267 456 471 510; x_wconf 81' lang='grc' dir='ltr'><strong>θέντων</strong></span> <span class='ocrx_word' id='word_1_8' title='bbox 505 453 601 507; x_wconf 69' lang='grc' dir='ltr'>καὶ</span> <span class='ocrx_word' id='word_1_9' title='bbox 641 451 740 523; x_wconf 83' lang='grc' dir='ltr'>τῆς</span> <span class='ocrx_word' id='word_1_10' title='bbox 791 450 1024 515; x_wconf 87' lang='grc' dir='ltr'>πίστεως</span> <span class='ocrx_word' id='word_1_11' title='bbox 1069 449 1496 522; x_wconf 79' lang='grc' dir='ltr'><strong>ἀναζωπύρησιν</strong></span> <span class='ocrx_word' id='word_1_12' title='bbox 1547 451 1858 522; x_wconf 73' lang='grc' dir='ltr'><strong>εἰληχότων.</strong></span> 
     </span>
    </p>
   </div>
   <div class='ocr_carea' id='block_1_5' title="bbox 1960 439 3542 524">
    <p class='ocr_par' dir='ltr' id='par_1_5' title="bbox 1972 439 3542 524">
     <span class='ocr_line' id='line_1_5' title="bbox 1972 439 3542 524; baseline 0.003 -21"><span class='ocrx_word' id='word_1_13' title='bbox 1972 450 2243 506; x_wconf 89' lang='lat' dir='ltr'><strong>niensium</strong></span> <span class='ocrx_word' id='word_1_14' title='bbox 2274 450 2435 524; x_wconf 68' lang='grc'><strong>144</strong></span> <span class='ocrx_word' id='word_1_15' title='bbox 2467 462 2550 507; x_wconf 89' lang='lat' dir='ltr'><strong>est</strong></span> <span class='ocrx_word' id='word_1_16' title='bbox 2580 452 2915 508; x_wconf 91' lang='lat' dir='ltr'><strong>constitutus</strong></span> <span class='ocrx_word' id='word_1_17' title='bbox 2946 469 2961 506; x_wconf 88' lang='lat'><strong>:</strong></span> <span class='ocrx_word' id='word_1_18' title='bbox 2992 450 3219 522; x_wconf 85' lang='lat' dir='ltr'><strong>ejusque</strong></span> <span class='ocrx_word' id='word_1_19' title='bbox 3267 452 3451 508; x_wconf 74' lang='lat' dir='ltr'><strong>Iahon:</strong></span> <span class='ocrx_word' id='word_1_20' title='bbox 3487 439 3542 507; x_wconf 64' lang='grc' dir='ltr'>ει</span> 
     </span>
    </p>
   </div>
   <div class='ocr_carea' id='block_1_6' title="bbox 268 544 1854 619">
    <p class='ocr_par' dir='ltr' id='par_1_6' title="bbox 268 544 1854 619">
     <span class='ocr_line' id='line_1_6' title="bbox 268 544 1854 619; baseline -0.003 -17"><span class='ocrx_word' id='word_1_21' title='bbox 268 548 432 619; x_wconf 89' lang='grc' dir='ltr'><strong>Δηλοί</strong></span> <span class='ocrx_word' id='word_1_22' title='bbox 454 547 500 600; x_wconf 69' lang='grc' dir='ltr'>δ’</span> <span class='ocrx_word' id='word_1_23' title='bbox 536 546 629 599; x_wconf 77' lang='grc' dir='ltr'>ἐπὶ</span> <span class='ocrx_word' id='word_1_24' title='bbox 658 544 890 608; x_wconf 88' lang='grc' dir='ltr'>τούτοις,</span> <span class='ocrx_word' id='word_1_25' title='bbox 919 544 994 608; x_wconf 85' lang='grc' dir='ltr'>ὠς</span> <span class='ocrx_word' id='word_1_26' title='bbox 1021 546 1116 598; x_wconf 71' lang='grc' dir='ltr'><strong>καὶ</strong></span> <span class='ocrx_word' id='word_1_27' title='bbox 1153 544 1428 608; x_wconf 85' lang='grc' dir='ltr'>Διονύσιος</span> <span class='ocrx_word' id='word_1_28' title='bbox 1458 547 1487 597; x_wconf 87' lang='grc' dir='ltr'>ὁ</span> <span class='ocrx_word' id='word_1_29' title='bbox 1534 546 1854 617; x_wconf 86' lang='grc' dir='ltr'>Ἀρεοπαγί-</span> 
     </span>
    </p>
   </div>
   <div class='ocr_carea' id='block_1_7' title="bbox 266 634 1854 709">
    <p class='ocr_par' dir='ltr' id='par_1_7' title="bbox 266 634 1854 709">
     <span class='ocr_line' id='line_1_7' title="bbox 266 634 1854 709; baseline -0.001 -19"><span class='ocrx_word' id='word_1_30' title='bbox 266 654 369 709; x_wconf 83' lang='grc' dir='ltr'><strong>της</strong></span> <span class='ocrx_word' id='word_1_31' title='bbox 400 636 508 690; x_wconf 80' lang='grc' dir='ltr'>ὑπὸ</span> <span class='ocrx_word' id='word_1_32' title='bbox 538 635 634 688; x_wconf 82' lang='grc' dir='ltr'>τοῦ</span> <span class='ocrx_word' id='word_1_33' title='bbox 667 635 966 688; x_wconf 83' lang='grc' dir='ltr'>ἀποστόλου</span> <span class='ocrx_word' id='word_1_34' title='bbox 1009 634 1223 689; x_wconf 80' lang='grc' dir='ltr'>Παύλου</span> <span class='ocrx_word' id='word_1_35' title='bbox 1254 635 1594 707; x_wconf 73' lang='grc' dir='ltr'>προτραπεὶς</span> <span class='ocrx_word' id='word_1_36' title='bbox 1625 634 1719 687; x_wconf 68' lang='grc' dir='ltr'>ἐπὶ</span> <span class='ocrx_word' id='word_1_37' title='bbox 1753 635 1854 705; x_wconf 82' lang='grc' dir='ltr'>τὴν</span> 
     </span>
    </p>
   </div>
   <div class='ocr_carea' id='block_1_8' title="bbox 270 725 1857 799">
    <p class='ocr_par' dir='ltr' id='par_1_8' title="bbox 270 725 1857 799">
     <span class='ocr_line' id='line_1_8' title="bbox 270 725 1857 799; baseline -0.003 -16"><span class='ocrx_word' id='word_1_38' title='bbox 270 730 457 784; x_wconf 86' lang='grc' dir='ltr'>πίστιν</span> <span class='ocrx_word' id='word_1_39' title='bbox 487 727 631 781; x_wconf 80' lang='grc' dir='ltr'>κατὰ</span> <span class='ocrx_word' id='word_1_40' title='bbox 676 726 746 781; x_wconf 82' lang='grc' dir='ltr'>τὰ</span> <span class='ocrx_word' id='word_1_41' title='bbox 775 729 833 781; x_wconf 85' lang='grc' dir='ltr'>ὲν</span> <span class='ocrx_word' id='word_1_42' title='bbox 875 730 995 790; x_wconf 83' lang='grc' dir='ltr'>ταῖς</span> <span class='ocrx_word' id='word_1_43' title='bbox 1029 725 1270 797; x_wconf 83' lang='grc' dir='ltr'>Πράξεσι</span> <span class='ocrx_word' id='word_1_44' title='bbox 1301 726 1667 799; x_wconf 77' lang='grc' dir='ltr'><strong>δεδηλωμένα,</strong></span> <span class='ocrx_word' id='word_1_45' title='bbox 1704 727 1857 798; x_wconf 81' lang='grc' dir='ltr'>πρῶ-</span> 
     </span>
    </p>
   </div>
   <div class='ocr_carea' id='block_1_9' title="bbox 268 814 1858 887">
    <p class='ocr_par' dir='ltr' id='par_1_9' title="bbox 268 814 1858 887">
     <span class='ocr_line' id='line_1_9' title="bbox 268 814 1858 887; baseline -0.004 -13"><span class='ocrx_word' id='word_1_46' title='bbox 268 836 362 882; x_wconf 85' lang='grc' dir='ltr'><strong>τος</strong></span> <span class='ocrx_word' id='word_1_47' title='bbox 392 817 497 887; x_wconf 83' lang='grc' dir='ltr'>τῆς</span> <span class='ocrx_word' id='word_1_48' title='bbox 551 815 849 886; x_wconf 82' lang='grc' dir='ltr'>Ἀθηναίων</span> <span class='ocrx_word' id='word_1_49' title='bbox 880 815 1173 887; x_wconf 78' lang='grc' dir='ltr'><strong>παροικίας</strong></span> <span class='ocrx_word' id='word_1_50' title='bbox 1210 815 1311 886; x_wconf 86' lang='grc' dir='ltr'><strong>τὴν</strong></span> <span class='ocrx_word' id='word_1_51' title='bbox 1356 814 1660 886; x_wconf 80' lang='grc' dir='ltr'>ἐπισκοπὴν</span> <span class='ocrx_word' id='word_1_52' title='bbox 1698 817 1858 884; x_wconf 78' lang='grc' dir='ltr'>ἐγκε-</span> 
     </span>
    </p>
   </div>
   <div class='ocr_carea' id='block_1_10' title="bbox 273 905 1858 983">
    <p class='ocr_par' dir='ltr' id='par_1_10' title="bbox 273 905 1858 983">
     <span class='ocr_line' id='line_1_10' title="bbox 273 905 1858 983; baseline -0.003 -20"><span class='ocrx_word' id='word_1_53' title='bbox 273 910 536 983; x_wconf 75' lang='grc' dir='ltr'>χείριστα.</span> <span class='ocrx_word' id='word_1_54' title='bbox 567 908 735 979; x_wconf 81' lang='grc' dir='ltr'>Ἀλλη</span> <span class='ocrx_word' id='word_1_55' title='bbox 770 907 813 960; x_wconf 90' lang='grc' dir='ltr'>δ’</span> <span class='ocrx_word' id='word_1_56' title='bbox 848 906 1103 978; x_wconf 74' lang='grc' dir='ltr'>ἐπιστολή</span> <span class='ocrx_word' id='word_1_57' title='bbox 1136 924 1224 971; x_wconf 87' lang='grc' dir='ltr'><strong>τις</strong></span> <span class='ocrx_word' id='word_1_58' title='bbox 1253 905 1420 960; x_wconf 80' lang='grc' dir='ltr'>αὑτοῦ</span> <span class='ocrx_word' id='word_1_59' title='bbox 1448 906 1589 978; x_wconf 82' lang='grc' dir='ltr'>πρὸς</span> <span class='ocrx_word' id='word_1_60' title='bbox 1614 906 1858 976; x_wconf 87' lang='grc' dir='ltr'>Νικομη-</span> 
     </span>
    </p>
   </div>
   <div class='ocr_carea' id='block_1_11' title="bbox 274 991 1854 1072">
    <p class='ocr_par' dir='ltr' id='par_1_11' title="bbox 274 991 1854 1072">
     <span class='ocr_line' id='line_1_11' title="bbox 274 991 1854 1072; baseline -0.003 -17"><span class='ocrx_word' id='word_1_61' title='bbox 274 1002 396 1065; x_wconf 79' lang='grc' dir='ltr'>δέας</span> <span class='ocrx_word' id='word_1_62' title='bbox 422 1000 675 1072; x_wconf 73' lang='grc' dir='ltr'>φέρετάιο</span> <span class='ocrx_word' id='word_1_63' title='bbox 710 1002 768 1053; x_wconf 82' lang='grc' dir='ltr'>ὲν</span> <span class='ocrx_word' id='word_1_64' title='bbox 860 997 958 1070; x_wconf 86' lang='grc' dir='ltr'><strong>τὴν</strong></span> <span class='ocrx_word' id='word_1_65' title='bbox 991 997 1316 1070; x_wconf 83' lang='grc' dir='ltr'>Μαρκίωνος</span> <span class='ocrx_word' id='word_1_66' title='bbox 1340 998 1549 1070; x_wconf 83' lang='grc' dir='ltr'>αἵρεσιν</span> <span class='ocrx_word' id='word_1_67' title='bbox 1578 996 1854 1069; x_wconf 82' lang='grc' dir='ltr'>πολεμῶν,</span> 
     </span>
    </p>
   </div>
   <div class='ocr_carea' id='block_1_12' title="bbox 272 1090 1852 1166">
    <p class='ocr_par' dir='ltr' id='par_1_12' title="bbox 272 1090 1852 1166">
     <span class='ocr_line' id='line_1_12' title="bbox 272 1090 1852 1166; baseline -0.004 -19"><span class='ocrx_word' id='word_1_68' title='bbox 272 1093 351 1166; x_wconf 83' lang='grc' dir='ltr'>τῷ</span> <span class='ocrx_word' id='word_1_69' title='bbox 386 1095 489 1165; x_wconf 84' lang='grc' dir='ltr'>τῆς</span> <span class='ocrx_word' id='word_1_70' title='bbox 534 1092 793 1163; x_wconf 82' lang='grc' dir='ltr'>ἀληθείας</span> <span class='ocrx_word' id='word_1_71' title='bbox 841 1090 1172 1162; x_wconf 89' lang='grc' dir='ltr'>παρίσταται</span> <span class='ocrx_word' id='word_1_72' title='bbox 1225 1091 1410 1145; x_wconf 84' lang='grc' dir='ltr'>κανόνι</span> <span class='ocrx_word' id='word_1_73' title='bbox 1454 1090 1590 1163; x_wconf 80' lang='lat'><strong>(50).</strong></span> <span class='ocrx_word' id='word_1_74' title='bbox 1639 1091 1751 1144; x_wconf 80' lang='grc' dir='ltr'><strong>Καὶ</strong></span> <span class='ocrx_word' id='word_1_75' title='bbox 1785 1091 1852 1162; x_wconf 79' lang='grc' dir='ltr'>τῇ</span> 
     </span>
    </p>
   </div>
   <div class='ocr_carea' id='block_1_13' title="bbox 286 1180 1857 1256">
    <p class='ocr_par' dir='ltr' id='par_1_13' title="bbox 286 1180 1857 1256">
     <span class='ocr_line' id='line_1_13' title="bbox 286 1180 1857 1256; baseline -0.003 -18"><span class='ocrx_word' id='word_1_76' title='bbox 286 1183 585 1256; x_wconf 76' lang='grc' dir='ltr'>Ἐκκλησία</span> <span class='ocrx_word' id='word_1_77' title='bbox 633 1182 690 1236; x_wconf 82' lang='grc' dir='ltr'>δὲ</span> <span class='ocrx_word' id='word_1_78' title='bbox 733 1184 799 1253; x_wconf 82' lang='grc' dir='ltr'>τῇ</span> <span class='ocrx_word' id='word_1_79' title='bbox 840 1180 1180 1255; x_wconf 85' lang='grc' dir='ltr'>παροικούσῃ</span> <span class='ocrx_word' id='word_1_80' title='bbox 1229 1182 1508 1254; x_wconf 86' lang='grc' dir='ltr'>Γόρτυναν</span> <span class='ocrx_word' id='word_1_81' title='bbox 1576 1181 1695 1253; x_wconf 76' lang='grc' dir='ltr'><strong>ἅμα</strong></span> <span class='ocrx_word' id='word_1_82' title='bbox 1734 1184 1857 1245; x_wconf 86' lang='grc' dir='ltr'>ταῖς</span> 
     </span>
    </p>
   </div>
   <div class='ocr_carea' id='block_1_14' title="bbox 274 1271 1859 1345">
    <p class='ocr_par' dir='ltr' id='par_1_14' title="bbox 274 1271 1859 1345">
     <span class='ocr_line' id='line_1_14' title="bbox 274 1271 1859 1345; baseline -0.001 -18"><span class='ocrx_word' id='word_1_83' title='bbox 274 1273 491 1336; x_wconf 79' lang='grc' dir='ltr'>λοιπαῖς</span> <span class='ocrx_word' id='word_1_84' title='bbox 536 1272 679 1326; x_wconf 89' lang='grc' dir='ltr'><strong>κατά</strong></span> <span class='ocrx_word' id='word_1_85' title='bbox 721 1273 945 1345; x_wconf 84' lang='grc' dir='ltr'>Κρήτην</span> <span class='ocrx_word' id='word_1_86' title='bbox 976 1272 1292 1344; x_wconf 88' lang='grc' dir='ltr'>παροικίαις</span> <span class='ocrx_word' id='word_1_87' title='bbox 1317 1272 1645 1337; x_wconf 79' lang='grc' dir='ltr'>ἐπιστείλας,</span> <span class='ocrx_word' id='word_1_88' title='bbox 1669 1271 1859 1325; x_wconf 80' lang='grc' dir='ltr'>Φίλιπ-</span> 
     </span>
    </p>
   </div>
   <div class='ocr_carea' id='block_1_15' title="bbox 277 1363 1852 1437">
    <p class='ocr_par' dir='ltr' id='par_1_15' title="bbox 277 1363 1852 1437">
     <span class='ocr_line' id='line_1_15' title="bbox 277 1363 1852 1437; baseline -0.001 -18"><span class='ocrx_word' id='word_1_89' title='bbox 277 1382 375 1419; x_wconf 81' lang='grc' dir='ltr'><strong>πον</strong></span> <span class='ocrx_word' id='word_1_90' title='bbox 400 1363 699 1418; x_wconf 77' lang='grc' dir='ltr'>ἐπίσκοπον</span> <span class='ocrx_word' id='word_1_91' title='bbox 726 1363 908 1418; x_wconf 82' lang='grc' dir='ltr'>αὐτῶν</span> <span class='ocrx_word' id='word_1_92' title='bbox 934 1364 1278 1435; x_wconf 80' lang='grc' dir='ltr'>ἀποδέχεται,</span> <span class='ocrx_word' id='word_1_93' title='bbox 1326 1365 1419 1419; x_wconf 77' lang='grc' dir='ltr'><strong>ἅτε</strong></span> <span class='ocrx_word' id='word_1_94' title='bbox 1448 1364 1510 1437; x_wconf 78' lang='grc' dir='ltr'>δὴ</span> <span class='ocrx_word' id='word_1_95' title='bbox 1540 1365 1634 1418; x_wconf 73' lang='grc' dir='ltr'><strong>ἐπὶ</strong></span> <span class='ocrx_word' id='word_1_96' title='bbox 1665 1365 1852 1419; x_wconf 70' lang='grc' dir='ltr'>πλείσο</span> 
     </span>
    </p>
   </div>
   <div class='ocr_carea' id='block_1_16' title="bbox 273 1453 1855 1528">
    <p class='ocr_par' dir='ltr' id='par_1_16' title="bbox 273 1453 1855 1528">
     <span class='ocr_line' id='line_1_16' title="bbox 273 1453 1855 1528; baseline 0 -19"><span class='ocrx_word' id='word_1_97' title='bbox 273 1472 395 1518; x_wconf 88' lang='grc' dir='ltr'>ταις</span> <span class='ocrx_word' id='word_1_98' title='bbox 425 1453 536 1526; x_wconf 73' lang='grc'><strong>(51)</strong></span> <span class='ocrx_word' id='word_1_99' title='bbox 575 1453 1024 1526; x_wconf 80' lang='grc' dir='ltr'>μαρτυρουμένης</span> <span class='ocrx_word' id='word_1_100' title='bbox 1045 1453 1430 1528; x_wconf 83' lang='grc' dir='ltr'>ἀνδραγαθίαις</span> <span class='ocrx_word' id='word_1_101' title='bbox 1451 1455 1551 1525; x_wconf 83' lang='grc' dir='ltr'><strong>τῆς</strong></span> <span class='ocrx_word' id='word_1_102' title='bbox 1580 1456 1671 1508; x_wconf 80' lang='grc' dir='ltr'>ὑπ’</span> <span class='ocrx_word' id='word_1_103' title='bbox 1694 1455 1855 1509; x_wconf 83' lang='grc' dir='ltr'>αὑτὸν</span> 
     </span>
    </p>
   </div>
   <div class='ocr_carea' id='block_1_17' title="bbox 287 1546 1856 1618">
    <p class='ocr_par' dir='ltr' id='par_1_17' title="bbox 287 1546 1856 1618">
     <span class='ocr_line' id='line_1_17' title="bbox 287 1546 1856 1618; baseline -0.001 -16"><span class='ocrx_word' id='word_1_104' title='bbox 287 1546 635 1618; x_wconf 88' lang='grc' dir='ltr'>Ἐκκλησίας,</span> <span class='ocrx_word' id='word_1_105' title='bbox 669 1546 770 1618; x_wconf 86' lang='grc' dir='ltr'>τήν</span> <span class='ocrx_word' id='word_1_106' title='bbox 797 1564 859 1599; x_wconf 91' lang='grc' dir='ltr'><strong>τε</strong></span> <span class='ocrx_word' id='word_1_107' title='bbox 894 1546 1002 1600; x_wconf 83' lang='grc' dir='ltr'><strong>τῶν</strong></span> <span class='ocrx_word' id='word_1_108' title='bbox 1034 1546 1324 1618; x_wconf 80' lang='grc' dir='ltr'>αίρετικῶν</span> <span class='ocrx_word' id='word_1_109' title='bbox 1353 1546 1683 1618; x_wconf 78' lang='grc' dir='ltr'>διαστροφὴν</span> <span class='ocrx_word' id='word_1_110' title='bbox 1717 1548 1856 1600; x_wconf 89' lang='grc' dir='ltr'>ὑπο-</span> 
     </span>
    </p>
   </div>
   <div class='ocr_carea' id='block_1_18' title="bbox 278 1638 1854 1711">
    <p class='ocr_par' dir='ltr' id='par_1_18' title="bbox 278 1638 1854 1711">
     <span class='ocr_line' id='line_1_18' title="bbox 278 1638 1854 1711; baseline 0.003 -20"><span class='ocrx_word' id='word_1_111' title='bbox 278 1640 574 1710; x_wconf 85' lang='grc' dir='ltr'>μιμνήσκει</span> <span class='ocrx_word' id='word_1_112' title='bbox 606 1639 988 1708; x_wconf 86' lang='grc' dir='ltr'>φυλάττεσθαι.</span> <span class='ocrx_word' id='word_1_113' title='bbox 1019 1640 1212 1710; x_wconf 72' lang='grc' dir='ltr'>Καὶτῇ</span> <span class='ocrx_word' id='word_1_114' title='bbox 1251 1638 1548 1711; x_wconf 73' lang='grc' dir='ltr'>Ἐκκλησία</span> <span class='ocrx_word' id='word_1_115' title='bbox 1574 1639 1631 1692; x_wconf 84' lang='grc' dir='ltr'>δὲ</span> <span class='ocrx_word' id='word_1_116' title='bbox 1653 1642 1718 1711; x_wconf 83' lang='grc' dir='ltr'>τῇ</span> <span class='ocrx_word' id='word_1_117' title='bbox 1747 1657 1854 1695; x_wconf 89' lang='grc' dir='ltr'>πα-</span> 
     </span>
    </p>
   </div>
   <div class='ocr_carea' id='block_1_19' title="bbox 278 1730 1854 1806">
    <p class='ocr_par' dir='ltr' id='par_1_19' title="bbox 278 1730 1854 1806">
     <span class='ocr_line' id='line_1_19' title="bbox 278 1730 1854 1806; baseline 0.001 -22"><span class='ocrx_word' id='word_1_118' title='bbox 278 1731 536 1806; x_wconf 79' lang='grc' dir='ltr'>ροικούσῃ</span> <span class='ocrx_word' id='word_1_119' title='bbox 565 1734 870 1804; x_wconf 86' lang='grc' dir='ltr'>Ἀμαστριν</span> <span class='ocrx_word' id='word_1_120' title='bbox 908 1731 1025 1803; x_wconf 79' lang='grc' dir='ltr'><strong>ἅμα</strong></span> <span class='ocrx_word' id='word_1_121' title='bbox 1056 1735 1177 1796; x_wconf 86' lang='grc' dir='ltr'>ταῖς</span> <span class='ocrx_word' id='word_1_122' title='bbox 1204 1730 1349 1785; x_wconf 83' lang='grc' dir='ltr'>κατὰ</span> <span class='ocrx_word' id='word_1_123' title='bbox 1379 1731 1581 1786; x_wconf 80' lang='grc' dir='ltr'>Πόντον</span> <span class='ocrx_word' id='word_1_124' title='bbox 1611 1733 1854 1786; x_wconf 81' lang='grc' dir='ltr'>ἐπιστεί-</span> 
     </span>
    </p>
   </div>
   <div class='ocr_carea' id='block_1_20' title="bbox 1959 541 3541 609">
    <p class='ocr_par' dir='ltr' id='par_1_20' title="bbox 1959 541 3541 609">
     <span class='ocr_line' id='line_1_20' title="bbox 1959 541 3541 609; baseline 0.002 -15"><span class='ocrx_word' id='word_1_125' title='bbox 1959 541 2225 596; x_wconf 87' lang='lat' dir='ltr'><strong>industria</strong></span> <span class='ocrx_word' id='word_1_126' title='bbox 2267 542 2418 595; x_wconf 87' lang='lat' dir='ltr'><strong>cives</strong></span> <span class='ocrx_word' id='word_1_127' title='bbox 2470 542 2648 597; x_wconf 89' lang='lat' dir='ltr'><strong>denuo</strong></span> <span class='ocrx_word' id='word_1_128' title='bbox 2681 543 2734 597; x_wconf 91' lang='lat' dir='ltr'><strong>in</strong></span> <span class='ocrx_word' id='word_1_129' title='bbox 2762 542 3066 598; x_wconf 85' lang='lat' dir='ltr'><strong>Ecclesiam</strong></span> <span class='ocrx_word' id='word_1_130' title='bbox 3110 545 3453 609; x_wconf 75' lang='lat' dir='ltr'><strong>convenisse,</strong></span> <span class='ocrx_word' id='word_1_131' title='bbox 3484 554 3541 598; x_wconf 88' lang='lat' dir='ltr'><strong>et</strong></span> 
     </span>
    </p>
   </div>
   <div class='ocr_carea' id='block_1_21' title="bbox 1958 633 3541 706">
    <p class='ocr_par' dir='ltr' id='par_1_21' title="bbox 1958 633 3541 706">
     <span class='ocr_line' id='line_1_21' title="bbox 1958 633 3541 706; baseline 0.002 -21"><span class='ocrx_word' id='word_1_132' title='bbox 1958 633 2257 687; x_wconf 85' lang='lat' dir='ltr'><strong>redivivum</strong></span> <span class='ocrx_word' id='word_1_133' title='bbox 2289 634 2410 687; x_wconf 85' lang='lat' dir='ltr'><strong>lldei</strong></span> <span class='ocrx_word' id='word_1_134' title='bbox 2443 634 2689 689; x_wconf 90' lang='lat' dir='ltr'><strong>ardorem</strong></span> <span class='ocrx_word' id='word_1_135' title='bbox 2722 636 2774 689; x_wconf 90' lang='lat' dir='ltr'><strong>in</strong></span> <span class='ocrx_word' id='word_1_136' title='bbox 2810 637 2916 691; x_wconf 87' lang='lat' dir='ltr'><strong>illis</strong></span> <span class='ocrx_word' id='word_1_137' title='bbox 2973 645 3285 706; x_wconf 86' lang='lat' dir='ltr'><strong>reparatum</strong></span> <span class='ocrx_word' id='word_1_138' title='bbox 3314 650 3433 691; x_wconf 88' lang='lat' dir='ltr'><strong>esse</strong></span> <span class='ocrx_word' id='word_1_139' title='bbox 3466 646 3541 689; x_wconf 87' lang='lat' dir='ltr'><strong>te-</strong></span> 
     </span>
    </p>
   </div>
   <div class='ocr_carea' id='block_1_22' title="bbox 1956 723 3537 799">
    <p class='ocr_par' dir='ltr' id='par_1_22' title="bbox 1956 723 3537 799">
     <span class='ocr_line' id='line_1_22' title="bbox 1956 723 3537 799; baseline 0.002 -22"><span class='ocrx_word' id='word_1_140' title='bbox 1956 732 2155 779; x_wconf 90' lang='lat' dir='ltr'><strong>statur.</strong></span> <span class='ocrx_word' id='word_1_141' title='bbox 2186 723 2378 778; x_wconf 81' lang='lat' dir='ltr'><strong>Refert</strong></span> <span class='ocrx_word' id='word_1_142' title='bbox 2440 733 2701 793; x_wconf 78' lang='lat' dir='ltr'><strong>praeterea</strong></span> <span class='ocrx_word' id='word_1_143' title='bbox 2760 728 3078 798; x_wconf 85' lang='lat' dir='ltr'><strong>Dionysium</strong></span> <span class='ocrx_word' id='word_1_144' title='bbox 3122 728 3537 799; x_wconf 81' lang='lat' dir='ltr'><strong>Areopagitam,</strong></span> 
     </span>
    </p>
   </div>
   <div class='ocr_carea' id='block_1_23' title="bbox 1954 814 3540 890">
    <p class='ocr_par' dir='ltr' id='par_1_23' title="bbox 1954 814 3540 890">
     <span class='ocr_line' id='line_1_23' title="bbox 1954 814 3540 890; baseline 0.003 -22"><span class='ocrx_word' id='word_1_145' title='bbox 1954 817 2045 885; x_wconf 91' lang='lat' dir='ltr'><strong>qui</strong></span> <span class='ocrx_word' id='word_1_146' title='bbox 2081 830 2111 869; x_wconf 91' lang='lat' dir='ltr'><strong>a</strong></span> <span class='ocrx_word' id='word_1_147' title='bbox 2134 814 2302 870; x_wconf 89' lang='lat' dir='ltr'><strong>Paulo</strong></span> <span class='ocrx_word' id='word_1_148' title='bbox 2327 815 2571 884; x_wconf 79' lang='lat' dir='ltr'><strong>apostolo</strong></span> <span class='ocrx_word' id='word_1_149' title='bbox 2595 818 2662 871; x_wconf 91' lang='lat' dir='ltr'><strong>ad</strong></span> <span class='ocrx_word' id='word_1_150' title='bbox 2696 817 2858 873; x_wconf 83' lang='lat' dir='ltr'><strong>fidem</strong></span> <span class='ocrx_word' id='word_1_151' title='bbox 2888 835 3187 875; x_wconf 82' lang='lat' dir='ltr'><strong>conversus</strong></span> <span class='ocrx_word' id='word_1_152' title='bbox 3212 830 3316 885; x_wconf 89' lang='lat' dir='ltr'><strong>est,</strong></span> <span class='ocrx_word' id='word_1_153' title='bbox 3346 835 3540 890; x_wconf 82' lang='lat' dir='ltr'><strong>quem—</strong></span> 
     </span>
    </p>
   </div>
   <div class='ocr_carea' id='block_1_24' title="bbox 1956 908 3538 984">
    <p class='ocr_par' dir='ltr' id='par_1_24' title="bbox 1956 908 3538 984">
     <span class='ocr_line' id='line_1_24' title="bbox 1956 908 3538 984; baseline 0.003 -21"><span class='ocrx_word' id='word_1_154' title='bbox 1956 908 2243 965; x_wconf 81' lang='lat' dir='ltr'><strong>admodum</strong></span> <span class='ocrx_word' id='word_1_155' title='bbox 2310 909 2546 963; x_wconf 89' lang='lat' dir='ltr'><strong>traditur</strong></span> <span class='ocrx_word' id='word_1_156' title='bbox 2594 908 2648 961; x_wconf 93' lang='lat' dir='ltr'><strong>in</strong></span> <span class='ocrx_word' id='word_1_157' title='bbox 2699 910 2925 967; x_wconf 79' lang='lat' dir='ltr'><strong>Actibus</strong></span> <span class='ocrx_word' id='word_1_158' title='bbox 2972 912 3366 981; x_wconf 76' lang='lat' dir='ltr'><strong>apostolorum,</strong></span> <span class='ocrx_word' id='word_1_159' title='bbox 3423 915 3538 984; x_wconf 90' lang='lat' dir='ltr'><strong>pri-</strong></span> 
     </span>
    </p>
   </div>
   <div class='ocr_carea' id='block_1_25' title="bbox 1958 1000 3535 1060">
    <p class='ocr_par' dir='ltr' id='par_1_25' title="bbox 1958 1000 3535 1060">
     <span class='ocr_line' id='line_1_25' title="bbox 1958 1000 3535 1060; baseline 0.002 -4"><span class='ocrx_word' id='word_1_160' title='bbox 1958 1016 2102 1057; x_wconf 90' lang='lat' dir='ltr'><strong>mum</strong></span> <span class='ocrx_word' id='word_1_161' title='bbox 2156 1001 2397 1056; x_wconf 92' lang='lat' dir='ltr'><strong>omnium</strong></span> <span class='ocrx_word' id='word_1_162' title='bbox 2454 1000 2713 1057; x_wconf 68' lang='lat' dir='ltr'><strong>Ecclesia:</strong></span> <span class='ocrx_word' id='word_1_163' title='bbox 2765 1003 3117 1058; x_wconf 75' lang='lat' dir='ltr'><strong>Atheniensis</strong></span> <span class='ocrx_word' id='word_1_164' title='bbox 3171 1005 3535 1060; x_wconf 78' lang='lat' dir='ltr'><strong>sacerdotium</strong></span> 
     </span>
    </p>
   </div>
   <div class='ocr_carea' id='block_1_26' title="bbox 1956 1091 3536 1163">
    <p class='ocr_par' dir='ltr' id='par_1_26' title="bbox 1956 1091 3536 1163">
     <span class='ocr_line' id='line_1_26' title="bbox 1956 1091 3536 1163; baseline 0.001 -14"><span class='ocrx_word' id='word_1_165' title='bbox 1956 1094 2282 1163; x_wconf 85' lang='lat' dir='ltr'><strong>suscepisse.</strong></span> <span class='ocrx_word' id='word_1_166' title='bbox 2310 1091 2419 1148; x_wconf 89' lang='lat' dir='ltr'><strong>Sed</strong></span> <span class='ocrx_word' id='word_1_167' title='bbox 2450 1102 2509 1149; x_wconf 86' lang='lat' dir='ltr'><strong>et</strong></span> <span class='ocrx_word' id='word_1_168' title='bbox 2544 1092 2649 1145; x_wconf 86' lang='lat' dir='ltr'><strong>alia</strong></span> <span class='ocrx_word' id='word_1_169' title='bbox 2678 1092 2794 1162; x_wconf 84' lang='lat' dir='ltr'><strong>ejus</strong></span> <span class='ocrx_word' id='word_1_170' title='bbox 2820 1095 3045 1163; x_wconf 89' lang='lat' dir='ltr'><strong>epistola</strong></span> <span class='ocrx_word' id='word_1_171' title='bbox 3078 1104 3255 1150; x_wconf 83' lang='lat' dir='ltr'><strong>exstat</strong></span> <span class='ocrx_word' id='word_1_172' title='bbox 3282 1097 3349 1151; x_wconf 93' lang='lat' dir='ltr'><strong>ad</strong></span> <span class='ocrx_word' id='word_1_173' title='bbox 3373 1096 3536 1150; x_wconf 76' lang='lat' dir='ltr'><strong>Nico—</strong></span> 
     </span>
    </p>
   </div>
   <div class='ocr_carea' id='block_1_27' title="bbox 1958 1186 3535 1259">
    <p class='ocr_par' dir='ltr' id='par_1_27' title="bbox 1958 1186 3535 1259">
     <span class='ocr_line' id='line_1_27' title="bbox 1958 1186 3535 1259; baseline 0 -16"><span class='ocrx_word' id='word_1_174' title='bbox 1958 1188 2288 1253; x_wconf 84' lang='lat' dir='ltr'><strong>medienses,</strong></span> <span class='ocrx_word' id='word_1_175' title='bbox 2318 1189 2370 1241; x_wconf 91' lang='lat' dir='ltr'><strong>in</strong></span> <span class='ocrx_word' id='word_1_176' title='bbox 2405 1201 2510 1256; x_wconf 92' lang='lat' dir='ltr'><strong>qua</strong></span> <span class='ocrx_word' id='word_1_177' title='bbox 2562 1186 2855 1243; x_wconf 89' lang='lat' dir='ltr'><strong>Marcionis</strong></span> <span class='ocrx_word' id='word_1_178' title='bbox 2889 1189 3139 1243; x_wconf 75' lang='lat' dir='ltr'><strong>hzeresim</strong></span> <span class='ocrx_word' id='word_1_179' title='bbox 3190 1190 3535 1259; x_wconf 73' lang='lat' dir='ltr'><strong>impugnans,</strong></span> 
     </span>
    </p>
   </div>
   <div class='ocr_carea' id='block_1_28' title="bbox 1955 1279 3537 1351">
    <p class='ocr_par' dir='ltr' id='par_1_28' title="bbox 1955 1279 3537 1351">
     <span class='ocr_line' id='line_1_28' title="bbox 1955 1279 3537 1351; baseline 0 -16"><span class='ocrx_word' id='word_1_180' title='bbox 1955 1281 2202 1336; x_wconf 83' lang='lat' dir='ltr'><strong>veritatis</strong></span> <span class='ocrx_word' id='word_1_181' title='bbox 2234 1280 2434 1351; x_wconf 70' lang='lat' dir='ltr'><strong>regula:</strong></span> <span class='ocrx_word' id='word_1_182' title='bbox 2468 1281 2705 1336; x_wconf 87' lang='lat' dir='ltr'><strong>ﬁrmiter</strong></span> <span class='ocrx_word' id='word_1_183' title='bbox 2732 1280 3075 1336; x_wconf 86' lang='lat' dir='ltr'><strong>adhaerescit.</strong></span> <span class='ocrx_word' id='word_1_184' title='bbox 3109 1279 3365 1335; x_wconf 70' lang='lat' dir='ltr'><strong>Ecclesirc</strong></span> <span class='ocrx_word' id='word_1_185' title='bbox 3396 1297 3537 1349; x_wconf 73' lang='lat' dir='ltr'><strong>prae-</strong></span> 
     </span>
    </p>
   </div>
   <div class='ocr_carea' id='block_1_29' title="bbox 1960 1370 3543 1442">
    <p class='ocr_par' dir='ltr' id='par_1_29' title="bbox 1960 1370 3543 1442">
     <span class='ocr_line' id='line_1_29' title="bbox 1960 1370 3543 1442; baseline -0.001 -16"><span class='ocrx_word' id='word_1_186' title='bbox 1960 1381 2104 1426; x_wconf 89' lang='lat' dir='ltr'><strong>terea</strong></span> <span class='ocrx_word' id='word_1_187' title='bbox 2156 1370 2606 1442; x_wconf 87' lang='lat' dir='ltr'><strong>Gortynensium,</strong></span> <span class='ocrx_word' id='word_1_188' title='bbox 2665 1381 2721 1425; x_wconf 93' lang='lat' dir='ltr'><strong>et</strong></span> <span class='ocrx_word' id='word_1_189' title='bbox 2782 1371 3009 1439; x_wconf 89' lang='lat' dir='ltr'><strong>reliquis</strong></span> <span class='ocrx_word' id='word_1_190' title='bbox 3066 1370 3228 1424; x_wconf 91' lang='lat' dir='ltr'><strong>simul</strong></span> <span class='ocrx_word' id='word_1_191' title='bbox 3279 1370 3543 1425; x_wconf 86' lang='lat' dir='ltr'><strong>Ecclesiis</strong></span> 
     </span>
    </p>
   </div>
   <div class='ocr_carea' id='block_1_30' title="bbox 1956 1462 3540 1535">
    <p class='ocr_par' dir='ltr' id='par_1_30' title="bbox 1956 1462 3540 1535">
     <span class='ocr_line' id='line_1_30' title="bbox 1956 1462 3540 1535; baseline -0.004 -15"><span class='ocrx_word' id='word_1_192' title='bbox 1956 1466 2131 1521; x_wconf 82' lang='lat' dir='ltr'><strong>Cretae</strong></span> <span class='ocrx_word' id='word_1_193' title='bbox 2159 1464 2376 1519; x_wconf 87' lang='lat' dir='ltr'><strong>litteras</strong></span> <span class='ocrx_word' id='word_1_194' title='bbox 2403 1465 2674 1531; x_wconf 90' lang='lat' dir='ltr'><strong>scribens,</strong></span> <span class='ocrx_word' id='word_1_195' title='bbox 2701 1465 3013 1535; x_wconf 78' lang='lat' dir='ltr'><strong>episcopum</strong></span> <span class='ocrx_word' id='word_1_196' title='bbox 3049 1464 3287 1534; x_wconf 88' lang='lat' dir='ltr'><strong>ipsorum</strong></span> <span class='ocrx_word' id='word_1_197' title='bbox 3338 1462 3540 1531; x_wconf 86' lang='lat' dir='ltr'><strong>Philip-</strong></span> 
     </span>
    </p>
   </div>
   <div class='ocr_carea' id='block_1_31' title="bbox 1955 1554 3540 1629">
    <p class='ocr_par' dir='ltr' id='par_1_31' title="bbox 1955 1554 3540 1629">
     <span class='ocr_line' id='line_1_31' title="bbox 1955 1554 3540 1629; baseline -0.002 -18"><span class='ocrx_word' id='word_1_198' title='bbox 1955 1573 2082 1629; x_wconf 90' lang='lat' dir='ltr'><strong>pum</strong></span> <span class='ocrx_word' id='word_1_199' title='bbox 2124 1572 2455 1628; x_wconf 78' lang='lat' dir='ltr'><strong>magnopere</strong></span> <span class='ocrx_word' id='word_1_200' title='bbox 2510 1558 2808 1628; x_wconf 71' lang='lat' dir='ltr'><strong>praedicat,</strong></span> <span class='ocrx_word' id='word_1_201' title='bbox 2859 1558 3056 1627; x_wconf 86' lang='lat' dir='ltr'><strong>quippe</strong></span> <span class='ocrx_word' id='word_1_202' title='bbox 3102 1555 3259 1625; x_wconf 86' lang='lat' dir='ltr'><strong>cujus</strong></span> <span class='ocrx_word' id='word_1_203' title='bbox 3297 1554 3540 1608; x_wconf 85' lang='lat' dir='ltr'><strong>Ecclesia</strong></span> 
     </span>
    </p>
   </div>
   <div class='ocr_carea' id='block_1_32' title="bbox 1957 1647 3540 1721">
    <p class='ocr_par' dir='ltr' id='par_1_32' title="bbox 1957 1647 3540 1721">
     <span class='ocr_line' id='line_1_32' title="bbox 1957 1647 3540 1721; baseline -0.003 -16"><span class='ocrx_word' id='word_1_204' title='bbox 1957 1650 2234 1721; x_wconf 74' lang='lat' dir='ltr'><strong>egregiam</strong></span> <span class='ocrx_word' id='word_1_205' title='bbox 2288 1649 2504 1703; x_wconf 89' lang='lat' dir='ltr'><strong>laudem</strong></span> <span class='ocrx_word' id='word_1_206' title='bbox 2561 1647 2898 1704; x_wconf 78' lang='lat' dir='ltr'><strong>fortitudinis</strong></span> <span class='ocrx_word' id='word_1_207' title='bbox 2949 1659 3005 1704; x_wconf 93' lang='lat' dir='ltr'><strong>et</strong></span> <span class='ocrx_word' id='word_1_208' title='bbox 3057 1649 3307 1719; x_wconf 80' lang='lat' dir='ltr'><strong>generosi</strong></span> <span class='ocrx_word' id='word_1_209' title='bbox 3351 1648 3540 1712; x_wconf 91' lang='lat' dir='ltr'><strong>animi,</strong></span> 
     </span>
    </p>
   </div>
   <div class='ocr_carea' id='block_1_33' title="bbox 1957 1739 3542 1806">
    <p class='ocr_par' dir='ltr' id='par_1_33' title="bbox 1957 1739 3542 1806">
     <span class='ocr_line' id='line_1_33' title="bbox 1957 1739 3542 1806; baseline -0.003 -10"><span class='ocrx_word' id='word_1_210' title='bbox 1957 1740 2232 1797; x_wconf 89' lang='lat' dir='ltr'><strong>communi</strong></span> <span class='ocrx_word' id='word_1_211' title='bbox 2275 1742 2520 1795; x_wconf 90' lang='lat' dir='ltr'><strong>omnium</strong></span> <span class='ocrx_word' id='word_1_212' title='bbox 2570 1756 2840 1796; x_wconf 85' lang='lat' dir='ltr'><strong>consensu</strong></span> <span class='ocrx_word' id='word_1_213' title='bbox 2893 1739 3214 1795; x_wconf 82' lang='lat' dir='ltr'><strong>retulisset:</strong></span> <span class='ocrx_word' id='word_1_214' title='bbox 3249 1747 3542 1806; x_wconf 85' lang='lat' dir='ltr'><strong>monetque</strong></span> 
     </span>
    </p>
   </div>
   <div class='ocr_carea' id='block_1_34' title="bbox 273 1823 1858 1897">
    <p class='ocr_par' dir='ltr' id='par_1_34' title="bbox 273 1824 1854 1897">
     <span class='ocr_line' id='line_1_34' title="bbox 273 1824 1854 1897; baseline 0.001 -20"><span class='ocrx_word' id='word_1_215' title='bbox 273 1824 393 1890; x_wconf 87' lang='grc' dir='ltr'>λας,</span> <span class='ocrx_word' id='word_1_216' title='bbox 422 1824 753 1896; x_wconf 85' lang='grc' dir='ltr'>Βακχυλίδου</span> <span class='ocrx_word' id='word_1_217' title='bbox 786 1826 882 1897; x_wconf 84' lang='grc' dir='ltr'><strong>μὲν</strong></span> <span class='ocrx_word' id='word_1_218' title='bbox 909 1826 1004 1879; x_wconf 77' lang='grc' dir='ltr'><strong>καὶ</strong></span> <span class='ocrx_word' id='word_1_219' title='bbox 1039 1824 1342 1888; x_wconf 86' lang='grc' dir='ltr'>Ἐλπίστου,</span> <span class='ocrx_word' id='word_1_220' title='bbox 1377 1824 1453 1888; x_wconf 85' lang='grc' dir='ltr'>ὡς</span> <span class='ocrx_word' id='word_1_221' title='bbox 1487 1824 1553 1878; x_wconf 89' lang='grc' dir='ltr'><strong>ἂν</strong></span> <span class='ocrx_word' id='word_1_222' title='bbox 1578 1824 1739 1878; x_wconf 81' lang='grc' dir='ltr'>αὑτὸν</span> <span class='ocrx_word' id='word_1_223' title='bbox 1760 1826 1854 1878; x_wconf 73' lang='grc' dir='ltr'>ἐπὶ</span> 
     </span>
    </p>
   </div>
   <div class='ocr_carea' id='block_1_35' title="bbox 1960 1823 3538 1897">
    <p class='ocr_par' dir='ltr' id='par_1_35' title="bbox 1961 1830 3538 1889">
     <span class='ocr_line' id='line_1_35' title="bbox 1961 1830 3538 1889; baseline -0.005 -2"><span class='ocrx_word' id='word_1_224' title='bbox 1961 1847 2019 1887; x_wconf 80' lang='grc' dir='ltr'><strong>ιιι</strong></span> <span class='ocrx_word' id='word_1_225' title='bbox 2052 1834 2120 1889; x_wconf 89' lang='lat' dir='ltr'><strong>ab</strong></span> <span class='ocrx_word' id='word_1_226' title='bbox 2144 1832 2527 1887; x_wconf 62' lang='lat' dir='ltr'><strong>haereticorum</strong></span> <span class='ocrx_word' id='word_1_227' title='bbox 2565 1832 2757 1885; x_wconf 84' lang='lat' dir='ltr'><strong>fraude</strong></span> <span class='ocrx_word' id='word_1_228' title='bbox 2784 1846 2847 1884; x_wconf 91' lang='lat' dir='ltr'><strong>ac</strong></span> <span class='ocrx_word' id='word_1_229' title='bbox 2878 1831 3120 1885; x_wconf 86' lang='lat' dir='ltr'><strong>versutia</strong></span> <span class='ocrx_word' id='word_1_230' title='bbox 3150 1830 3251 1884; x_wconf 87' lang='lat' dir='ltr'><strong>sibi</strong></span> <span class='ocrx_word' id='word_1_231' title='bbox 3284 1837 3538 1883; x_wconf 83' lang='lat' dir='ltr'><strong>caveant.</strong></span> 
     </span>
    </p>
   </div>
   <div class='ocr_carea' id='block_1_36' title="bbox 272 1915 1855 1989">
    <p class='ocr_par' dir='ltr' id='par_1_36' title="bbox 272 1915 1855 1989">
     <span class='ocr_line' id='line_1_36' title="bbox 272 1915 1855 1989; baseline -0.001 -18"><span class='ocrx_word' id='word_1_232' title='bbox 272 1916 335 1971; x_wconf 78' lang='grc' dir='ltr'>τὸ</span> <span class='ocrx_word' id='word_1_233' title='bbox 361 1916 569 1988; x_wconf 76' lang='grc' dir='ltr'>γράψαι</span> <span class='ocrx_word' id='word_1_234' title='bbox 592 1916 1014 1989; x_wconf 74' lang='grc' dir='ltr'>προτρεψάντων</span> <span class='ocrx_word' id='word_1_235' title='bbox 1043 1915 1334 1987; x_wconf 80' lang='grc' dir='ltr'>μέμνηται,</span> <span class='ocrx_word' id='word_1_236' title='bbox 1354 1916 1588 1987; x_wconf 80' lang='grc' dir='ltr'>Γραφῶν</span> <span class='ocrx_word' id='word_1_237' title='bbox 1611 1934 1673 1969; x_wconf 88' lang='grc' dir='ltr'><strong>τε</strong></span> <span class='ocrx_word' id='word_1_238' title='bbox 1696 1916 1855 1970; x_wconf 84' lang='grc' dir='ltr'>θείων</span> 
     </span>
    </p>
   </div>
   <div class='ocr_carea' id='block_1_37' title="bbox 275 2006 1857 2080">
    <p class='ocr_par' dir='ltr' id='par_1_37' title="bbox 275 2006 1857 2080">
     <span class='ocr_line' id='line_1_37' title="bbox 275 2006 1857 2080; baseline -0.001 -18"><span class='ocrx_word' id='word_1_239' title='bbox 275 2006 565 2080; x_wconf 74' lang='grc' dir='ltr'>ἐξηγήσεις</span> <span class='ocrx_word' id='word_1_240' title='bbox 597 2006 1009 2080; x_wconf 84' lang='grc' dir='ltr'>παρατέθειται,</span> <span class='ocrx_word' id='word_1_241' title='bbox 1058 2007 1358 2060; x_wconf 84' lang='grc' dir='ltr'>ἐπίσκοπον</span> <span class='ocrx_word' id='word_1_242' title='bbox 1407 2007 1585 2061; x_wconf 81' lang='grc' dir='ltr'>αὐτῶν</span> <span class='ocrx_word' id='word_1_243' title='bbox 1630 2008 1857 2079; x_wconf 88' lang='grc' dir='ltr'>ὀνόματι</span> 
     </span>
    </p>
   </div>
   <div class='ocr_carea' id='block_1_38' title="bbox 277 2097 1859 2172">
    <p class='ocr_par' dir='ltr' id='par_1_38' title="bbox 277 2097 1859 2172">
     <span class='ocr_line' id='line_1_38' title="bbox 277 2097 1859 2172; baseline 0.001 -20"><span class='ocrx_word' id='word_1_244' title='bbox 277 2099 505 2172; x_wconf 84' lang='grc' dir='ltr'>Πάλμαν</span> <span class='ocrx_word' id='word_1_245' title='bbox 554 2099 979 2170; x_wconf 75' lang='grc' dir='ltr'>ὑποσημαίνωνο</span> <span class='ocrx_word' id='word_1_246' title='bbox 1031 2097 1201 2152; x_wconf 87' lang='grc' dir='ltr'>πολλά</span> <span class='ocrx_word' id='word_1_247' title='bbox 1246 2098 1306 2155; x_wconf 82' lang='grc' dir='ltr'>δὲ</span> <span class='ocrx_word' id='word_1_248' title='bbox 1355 2099 1484 2172; x_wconf 76' lang='grc' dir='ltr'>περὶ</span> <span class='ocrx_word' id='word_1_249' title='bbox 1528 2099 1709 2170; x_wconf 86' lang='grc' dir='ltr'>γάμου</span> <span class='ocrx_word' id='word_1_250' title='bbox 1764 2101 1859 2154; x_wconf 77' lang='grc' dir='ltr'><strong>καὶ</strong></span> 
     </span>
    </p>
   </div>
   <div class='ocr_carea' id='block_1_39' title="bbox 276 2192 1851 2266">
    <p class='ocr_par' dir='ltr' id='par_1_39' title="bbox 276 2192 1851 2266">
     <span class='ocr_line' id='line_1_39' title="bbox 276 2192 1851 2266; baseline 0.001 -20"><span class='ocrx_word' id='word_1_251' title='bbox 276 2192 501 2261; x_wconf 85' lang='grc' dir='ltr'>ἁγνείας</span> <span class='ocrx_word' id='word_1_252' title='bbox 533 2196 644 2257; x_wconf 85' lang='grc' dir='ltr'>τοῖς</span> <span class='ocrx_word' id='word_1_253' title='bbox 679 2195 864 2258; x_wconf 82' lang='grc' dir='ltr'>αὐτοῖς</span> <span class='ocrx_word' id='word_1_254' title='bbox 911 2196 1187 2266; x_wconf 87' lang='grc' dir='ltr'>παραινεῖ.</span> <span class='ocrx_word' id='word_1_255' title='bbox 1234 2195 1346 2249; x_wconf 78' lang='grc' dir='ltr'>Καὶ</span> <span class='ocrx_word' id='word_1_256' title='bbox 1376 2196 1504 2258; x_wconf 81' lang='grc' dir='ltr'>τοὺς</span> <span class='ocrx_word' id='word_1_257' title='bbox 1553 2195 1613 2260; x_wconf 80' lang='grc' dir='ltr'>ἐξ</span> <span class='ocrx_word' id='word_1_258' title='bbox 1656 2195 1776 2259; x_wconf 85' lang='grc' dir='ltr'>οῖας</span> <span class='ocrx_word' id='word_1_259' title='bbox 1808 2195 1851 2248; x_wconf 86' lang='grc' dir='ltr'>δ’</span> 
     </span>
    </p>
   </div>
   <div class='ocr_carea' id='block_1_40' title="bbox 275 2278 1859 2359">
    <p class='ocr_par' dir='ltr' id='par_1_40' title="bbox 275 2278 1859 2359">
     <span class='ocr_line' id='line_1_40' title="bbox 275 2278 1859 2359; baseline 0.002 -21"><span class='ocrx_word' id='word_1_260' title='bbox 275 2278 367 2338; x_wconf 78' lang='grc' dir='ltr'><strong>οὖν</strong></span> <span class='ocrx_word' id='word_1_261' title='bbox 399 2282 789 2352; x_wconf 75' lang='grc' dir='ltr'>ἀποπτῶσεως,</span> <span class='ocrx_word' id='word_1_262' title='bbox 813 2286 921 2340; x_wconf 80' lang='grc' dir='ltr'>εἴτε</span> <span class='ocrx_word' id='word_1_263' title='bbox 947 2285 1346 2358; x_wconf 85' lang='grc' dir='ltr'>πλημμελείας,</span> <span class='ocrx_word' id='word_1_264' title='bbox 1375 2287 1485 2341; x_wconf 76' lang='grc' dir='ltr'>εἴτε</span> <span class='ocrx_word' id='word_1_265' title='bbox 1520 2287 1626 2358; x_wconf 83' lang='grc' dir='ltr'>μὴν</span> <span class='ocrx_word' id='word_1_266' title='bbox 1653 2288 1859 2359; x_wconf 82' lang='grc' dir='ltr'>αἱρετι-</span> 
     </span>
    </p>
   </div>
   <div class='ocr_carea' id='block_1_41' title="bbox 275 2377 1854 2452">
    <p class='ocr_par' dir='ltr' id='par_1_41' title="bbox 275 2377 1854 2452">
     <span class='ocr_line' id='line_1_41' title="bbox 275 2377 1854 2452; baseline 0.004 -23"><span class='ocrx_word' id='word_1_267' title='bbox 275 2377 383 2447; x_wconf 80' lang='grc' dir='ltr'>κῆς</span> <span class='ocrx_word' id='word_1_268' title='bbox 406 2377 617 2449; x_wconf 83' lang='grc' dir='ltr'>πλάνης</span> <span class='ocrx_word' id='word_1_269' title='bbox 649 2379 1075 2451; x_wconf 77' lang='grc' dir='ltr'>ἐπιστρέφοντας</span> <span class='ocrx_word' id='word_1_270' title='bbox 1094 2420 1109 2444; x_wconf 90' lang='grc'><strong>,</strong></span> <span class='ocrx_word' id='word_1_271' title='bbox 1150 2379 1452 2445; x_wconf 80' lang='grc' dir='ltr'>δεξιοῦσθαι</span> <span class='ocrx_word' id='word_1_272' title='bbox 1506 2381 1854 2452; x_wconf 84' lang='grc' dir='ltr'>προστάττει.</span> 
     </span>
    </p>
   </div>
   <div class='ocr_carea' id='block_1_42' title="bbox 276 2467 1861 2541">
    <p class='ocr_par' dir='ltr' id='par_1_42' title="bbox 276 2467 1861 2541">
     <span class='ocr_line' id='line_1_42' title="bbox 276 2467 1861 2541; baseline 0.002 -21"><span class='ocrx_word' id='word_1_273' title='bbox 276 2467 514 2532; x_wconf 86' lang='grc' dir='ltr'>Ταύταις</span> <span class='ocrx_word' id='word_1_274' title='bbox 540 2468 675 2539; x_wconf 78' lang='grc' dir='ltr'>ἄλλη</span> <span class='ocrx_word' id='word_1_275' title='bbox 705 2468 1116 2538; x_wconf 77' lang='grc' dir='ltr'>ὲγκατείλεκται</span> <span class='ocrx_word' id='word_1_276' title='bbox 1135 2469 1272 2541; x_wconf 82' lang='grc' dir='ltr'>πρὸς</span> <span class='ocrx_word' id='word_1_277' title='bbox 1297 2470 1612 2533; x_wconf 85' lang='grc' dir='ltr'>Κνωσσίους</span> <span class='ocrx_word' id='word_1_278' title='bbox 1641 2471 1861 2525; x_wconf 77' lang='grc' dir='ltr'>ἐπιστο-</span> 
     </span>
    </p>
   </div>
   <div class='ocr_carea' id='block_1_43' title="bbox 275 2554 1861 2635">
    <p class='ocr_par' dir='ltr' id='par_1_43' title="bbox 275 2554 1861 2635">
     <span class='ocr_line' id='line_1_43' title="bbox 275 2554 1861 2635; baseline 0.001 -23"><span class='ocrx_word' id='word_1_279' title='bbox 275 2559 367 2629; x_wconf 84' lang='grc' dir='ltr'><strong>λὴ,</strong></span> <span class='ocrx_word' id='word_1_280' title='bbox 399 2562 457 2615; x_wconf 79' lang='grc' dir='ltr'>ὲν</span> <span class='ocrx_word' id='word_1_281' title='bbox 553 2560 784 2614; x_wconf 85' lang='grc' dir='ltr'>Πινυτὸν</span> <span class='ocrx_word' id='word_1_282' title='bbox 814 2560 916 2632; x_wconf 82' lang='grc' dir='ltr'>τῆς</span> <span class='ocrx_word' id='word_1_283' title='bbox 948 2562 1243 2633; x_wconf 84' lang='grc' dir='ltr'>παροικίας</span> <span class='ocrx_word' id='word_1_284' title='bbox 1276 2562 1578 2617; x_wconf 79' lang='grc' dir='ltr'>ἐπίσκοπον</span> <span class='ocrx_word' id='word_1_285' title='bbox 1607 2578 1861 2633; x_wconf 83' lang='grc' dir='ltr'>παρακα-</span> 
     </span>
    </p>
   </div>
   <div class='ocr_carea' id='block_1_44' title="bbox 275 2651 1867 2726">
    <p class='ocr_par' dir='ltr' id='par_1_44' title="bbox 275 2651 1867 2726">
     <span class='ocr_line' id='line_1_44' title="bbox 275 2651 1867 2726; baseline 0.001 -20"><span class='ocrx_word' id='word_1_286' title='bbox 275 2651 379 2721; x_wconf 76' lang='grc' dir='ltr'>λεῖ,</span> <span class='ocrx_word' id='word_1_287' title='bbox 410 2652 485 2726; x_wconf 82' lang='grc' dir='ltr'>μὴ</span> <span class='ocrx_word' id='word_1_288' title='bbox 519 2652 658 2725; x_wconf 79' lang='grc' dir='ltr'>βαρὺ</span> <span class='ocrx_word' id='word_1_289' title='bbox 689 2652 907 2724; x_wconf 82' lang='grc' dir='ltr'>φορτίον</span> <span class='ocrx_word' id='word_1_290' title='bbox 936 2653 1246 2724; x_wconf 75' lang='grc' dir='ltr'>ἐπάναγκες</span> <span class='ocrx_word' id='word_1_291' title='bbox 1268 2653 1329 2707; x_wconf 84' lang='grc' dir='ltr'>τὸ</span> <span class='ocrx_word' id='word_1_292' title='bbox 1352 2654 1480 2726; x_wconf 77' lang='grc' dir='ltr'>περὶ</span> <span class='ocrx_word' id='word_1_293' title='bbox 1505 2654 1729 2723; x_wconf 80' lang='grc' dir='ltr'>ἁγνείας</span> <span class='ocrx_word' id='word_1_294' title='bbox 1747 2655 1867 2718; x_wconf 81' lang='grc' dir='ltr'>τοῖς</span> 
     </span>
    </p>
   </div>
   <div class='ocr_carea' id='block_1_45' title="bbox 277 2872 1858 2948">
    <p class='ocr_par' dir='ltr' id='par_1_45' title="bbox 277 2872 1858 2948">
     <span class='ocr_line' id='line_1_45' title="bbox 277 2872 1858 2948; baseline -0.001 -17"><span class='ocrx_word' id='word_1_295' title='bbox 277 2874 846 2948; x_wconf 72' lang='lat' dir='ltr'><strong>scipulus,_nunquam</strong></span> <span class='ocrx_word' id='word_1_296' title='bbox 868 2873 1156 2948; x_wconf 83' lang='lat' dir='ltr'><strong>episcopus</strong></span> <span class='ocrx_word' id='word_1_297' title='bbox 1186 2872 1308 2929; x_wconf 87' lang='lat' dir='ltr'><strong>fuit.</strong></span> <span class='ocrx_word' id='word_1_298' title='bbox 1343 2874 1502 2948; x_wconf 87' lang='lat' dir='ltr'><strong>Ce_rte</strong></span> <span class='ocrx_word' id='word_1_299' title='bbox 1525 2891 1625 2948; x_wconf 89' lang='lat' dir='ltr'><strong>nec</strong></span> <span class='ocrx_word' id='word_1_300' title='bbox 1664 2875 1858 2948; x_wconf 75' lang='lat' dir='ltr'><strong>Diony-</strong></span> 
     </span>
    </p>
   </div>
   <div class='ocr_carea' id='block_1_46' title="bbox 250 2943 1855 3015">
    <p class='ocr_par' dir='ltr' id='par_1_46' title="bbox 250 2943 1855 3015">
     <span class='ocr_line' id='line_1_46' title="bbox 250 2943 1855 3015; baseline 0.001 -15"><span class='ocrx_word' id='word_1_301' title='bbox 250 2943 394 3000; x_wconf 83' lang='lat' dir='ltr'><strong>‘sius</strong></span> <span class='ocrx_word' id='word_1_302' title='bbox 434 2945 841 3015; x_wconf 77' lang='lat' dir='ltr'><strong>Corinthiorum</strong></span> <span class='ocrx_word' id='word_1_303' title='bbox 891 2945 1203 3015; x_wconf 87' lang='lat' dir='ltr'><strong>episcopus,</strong></span> <span class='ocrx_word' id='word_1_304' title='bbox 1269 2960 1369 2999; x_wconf 91' lang='lat' dir='ltr'><strong>nec</strong></span> <span class='ocrx_word' id='word_1_305' title='bbox 1405 2943 1669 3001; x_wconf 87' lang='lat' dir='ltr'><strong>Eusebius</strong></span> <span class='ocrx_word' id='word_1_306' title='bbox 1707 2943 1855 3012; x_wconf 76' lang='lat' dir='ltr'><strong>Qua-</strong></span> 
     </span>
    </p>
   </div>
   <div class='ocr_carea' id='block_1_47' title="bbox 280 3014 1858 3085">
    <p class='ocr_par' dir='ltr' id='par_1_47' title="bbox 280 3014 1858 3085">
     <span class='ocr_line' id='line_1_47' title="bbox 280 3014 1858 3085; baseline 0.001 -16"><span class='ocrx_word' id='word_1_307' title='bbox 280 3016 495 3069; x_wconf 87' lang='lat' dir='ltr'><strong>dratum</strong></span> <span class='ocrx_word' id='word_1_308' title='bbox 527 3014 859 3069; x_wconf 84' lang='lat' dir='ltr'><strong>Athenarum</strong></span> <span class='ocrx_word' id='word_1_309' title='bbox 920 3014 1229 3085; x_wconf 80' lang='lat' dir='ltr'><strong>episcOpum</strong></span> <span class='ocrx_word' id='word_1_310' title='bbox 1290 3015 1443 3069; x_wconf 88' lang='lat' dir='ltr'><strong>aiunt</strong></span> <span class='ocrx_word' id='word_1_311' title='bbox 1490 3016 1660 3072; x_wconf 86' lang='lat' dir='ltr'><strong>fuisse</strong></span> <span class='ocrx_word' id='word_1_312' title='bbox 1691 3017 1858 3071; x_wconf 83' lang='lat' dir='ltr'><strong>disci-</strong></span> 
     </span>
    </p>
   </div>
   <div class='ocr_carea' id='block_1_48' title="bbox 278 3085 1855 3155">
    <p class='ocr_par' dir='ltr' id='par_1_48' title="bbox 278 3085 1855 3155">
     <span class='ocr_line' id='line_1_48' title="bbox 278 3085 1855 3155; baseline 0.002 -17"><span class='ocrx_word' id='word_1_313' title='bbox 278 3085 464 3153; x_wconf 91' lang='lat' dir='ltr'><strong>pulum</strong></span> <span class='ocrx_word' id='word_1_314' title='bbox 521 3085 909 3153; x_wconf 86' lang='lat' dir='ltr'><strong>apostolorum.</strong></span> <span class='ocrx_word' id='word_1_315' title='bbox 978 3085 1131 3151; x_wconf 90' lang='lat' dir='ltr'><strong>Qnod</strong></span> <span class='ocrx_word' id='word_1_316' title='bbox 1189 3086 1373 3155; x_wconf 89' lang='lat' dir='ltr'><strong>utique</strong></span> <span class='ocrx_word' id='word_1_317' title='bbox 1432 3087 1687 3140; x_wconf 93' lang='lat' dir='ltr'><strong>omissuri</strong></span> <span class='ocrx_word' id='word_1_318' title='bbox 1751 3104 1855 3141; x_wconf 87' lang='lat' dir='ltr'><strong>non</strong></span> 
     </span>
    </p>
   </div>
   <div class='ocr_carea' id='block_1_49' title="bbox 277 3155 1855 3226">
    <p class='ocr_par' dir='ltr' id='par_1_49' title="bbox 277 3155 1855 3226">
     <span class='ocr_line' id='line_1_49' title="bbox 277 3155 1855 3226; baseline 0.001 -17"><span class='ocrx_word' id='word_1_319' title='bbox 277 3165 457 3220; x_wconf 89' lang='lat' dir='ltr'><strong>erant,</strong></span> <span class='ocrx_word' id='word_1_320' title='bbox 482 3155 525 3209; x_wconf 91' lang='lat' dir='ltr'><strong>si</strong></span> <span class='ocrx_word' id='word_1_321' title='bbox 557 3170 646 3226; x_wconf 88' lang='lat' dir='ltr'><strong>res</strong></span> <span class='ocrx_word' id='word_1_322' title='bbox 676 3155 747 3210; x_wconf 90' lang='lat' dir='ltr'><strong>ita</strong></span> <span class='ocrx_word' id='word_1_323' title='bbox 775 3170 834 3210; x_wconf 89' lang='lat' dir='ltr'><strong>se</strong></span> <span class='ocrx_word' id='word_1_324' title='bbox 864 3156 1163 3226; x_wconf 74' lang='lat' dir='ltr'><strong>habuisset,</strong></span> <span class='ocrx_word' id='word_1_325' title='bbox 1191 3170 1314 3210; x_wconf 92' lang='lat' dir='ltr'><strong>eum</strong></span> <span class='ocrx_word' id='word_1_326' title='bbox 1337 3155 1449 3209; x_wconf 78' lang='lat' dir='ltr'><strong>haec</strong></span> <span class='ocrx_word' id='word_1_327' title='bbox 1479 3156 1559 3210; x_wconf 87' lang='lat' dir='ltr'><strong>vel</strong></span> <span class='ocrx_word' id='word_1_328' title='bbox 1588 3157 1855 3226; x_wconf 81' lang='lat' dir='ltr'><strong>praecipua</strong></span> 
     </span>
    </p>
   </div>
   <div class='ocr_carea' id='block_1_50' title="bbox 278 3224 1860 3293">
    <p class='ocr_par' dir='ltr' id='par_1_50' title="bbox 278 3224 1860 3293">
     <span class='ocr_line' id='line_1_50' title="bbox 278 3224 1860 3293; baseline 0.003 -14"><span class='ocrx_word' id='word_1_329' title='bbox 278 3226 400 3280; x_wconf 82' lang='lat' dir='ltr'><strong>laus</strong></span> <span class='ocrx_word' id='word_1_330' title='bbox 429 3233 574 3280; x_wconf 87' lang='lat' dir='ltr'><strong>esset</strong></span> <span class='ocrx_word' id='word_1_331' title='bbox 611 3225 890 3293; x_wconf 86' lang='lat' dir='ltr'><strong>Quadrati.</strong></span> <span class='ocrx_word' id='word_1_332' title='bbox 930 3224 1192 3280; x_wconf 81' lang='lat' dir='ltr'><strong>Praeterea</strong></span> <span class='ocrx_word' id='word_1_333' title='bbox 1226 3236 1524 3293; x_wconf 87' lang='lat' dir='ltr'><strong>temporum</strong></span> <span class='ocrx_word' id='word_1_334' title='bbox 1555 3224 1694 3279; x_wconf 80' lang='lat' dir='ltr'><strong>ratio</strong></span> <span class='ocrx_word' id='word_1_335' title='bbox 1729 3224 1860 3283; x_wconf 76' lang='lat' dir='ltr'><strong>satis</strong></span> 
     </span>
    </p>
   </div>
   <div class='ocr_carea' id='block_1_51' title="bbox 277 3294 1855 3367">
    <p class='ocr_par' dir='ltr' id='par_1_51' title="bbox 277 3294 1855 3367">
     <span class='ocr_line' id='line_1_51' title="bbox 277 3294 1855 3367; baseline 0.002 -18"><span class='ocrx_word' id='word_1_336' title='bbox 277 3295 569 3367; x_wconf 80' lang='lat' dir='ltr'><strong>admonet,</strong></span> <span class='ocrx_word' id='word_1_337' title='bbox 626 3304 697 3367; x_wconf 80' lang='lat' dir='ltr'><strong>ut</strong></span> <span class='ocrx_word' id='word_1_338' title='bbox 736 3296 836 3367; x_wconf 79' lang='lat' dir='ltr'><strong>hos</strong></span> <span class='ocrx_word' id='word_1_339' title='bbox 905 3296 1041 3350; x_wconf 91' lang='lat' dir='ltr'><strong>duos</strong></span> <span class='ocrx_word' id='word_1_340' title='bbox 1086 3294 1411 3367; x_wconf 81' lang='lat' dir='ltr'><strong>Quadratos</strong></span> <span class='ocrx_word' id='word_1_341' title='bbox 1441 3296 1855 3367; x_wconf 82' lang='lat' dir='ltr'><strong>distinguamus.</strong></span> 
     </span>
    </p>
   </div>
   <div class='ocr_carea' id='block_1_52' title="bbox 277 3363 1860 3435">
    <p class='ocr_par' dir='ltr' id='par_1_52' title="bbox 277 3363 1860 3435">
     <span class='ocr_line' id='line_1_52' title="bbox 277 3363 1860 3435; baseline 0.002 -17"><span class='ocrx_word' id='word_1_342' title='bbox 277 3363 588 3431; x_wconf 83' lang='lat' dir='ltr'><strong>Quadratus</strong></span> <span class='ocrx_word' id='word_1_343' title='bbox 616 3365 758 3418; x_wconf 91' lang='lat' dir='ltr'><strong>enim</strong></span> <span class='ocrx_word' id='word_1_344' title='bbox 783 3365 874 3419; x_wconf 94' lang='lat' dir='ltr'><strong>ille</strong></span> <span class='ocrx_word' id='word_1_345' title='bbox 900 3365 1264 3435; x_wconf 83' lang='lat' dir='ltr'><strong>apostolorum</strong></span> <span class='ocrx_word' id='word_1_346' title='bbox 1285 3365 1576 3434; x_wconf 81' lang='lat' dir='ltr'><strong>discipulus</strong></span> <span class='ocrx_word' id='word_1_347' title='bbox 1602 3363 1707 3420; x_wconf 79' lang='lat' dir='ltr'><strong>non</strong></span> <span class='ocrx_word' id='word_1_348' title='bbox 1736 3383 1860 3435; x_wconf 91' lang='lat' dir='ltr'><strong>pro-</strong></span> 
     </span>
    </p>
   </div>
   <div class='ocr_carea' id='block_1_53' title="bbox 278 3434 1859 3503">
    <p class='ocr_par' dir='ltr' id='par_1_53' title="bbox 278 3434 1859 3503">
     <span class='ocr_line' id='line_1_53' title="bbox 278 3434 1859 3503; baseline 0.003 -14"><span class='ocrx_word' id='word_1_349' title='bbox 278 3437 449 3490; x_wconf 87' lang='lat' dir='ltr'><strong>cessit</strong></span> <span class='ocrx_word' id='word_1_350' title='bbox 477 3434 618 3487; x_wconf 92' lang='lat' dir='ltr'><strong>ultra</strong></span> <span class='ocrx_word' id='word_1_351' title='bbox 648 3444 888 3503; x_wconf 88' lang='lat' dir='ltr'><strong>tempora</strong></span> <span class='ocrx_word' id='word_1_352' title='bbox 919 3434 1264 3502; x_wconf 89' lang='lat' dir='ltr'><strong>imperatoris</strong></span> <span class='ocrx_word' id='word_1_353' title='bbox 1282 3436 1527 3489; x_wconf 89' lang='lat' dir='ltr'><strong>Adriani.</strong></span> <span class='ocrx_word' id='word_1_354' title='bbox 1553 3434 1859 3502; x_wconf 85' lang='lat' dir='ltr'><strong>Quadratus</strong></span> 
     </span>
    </p>
   </div>
   <div class='ocr_carea' id='block_1_54' title="bbox 277 3503 1860 3572">
    <p class='ocr_par' dir='ltr' id='par_1_54' title="bbox 277 3503 1860 3572">
     <span class='ocr_line' id='line_1_54' title="bbox 277 3503 1860 3572; baseline 0.002 -15"><span class='ocrx_word' id='word_1_355' title='bbox 277 3519 415 3560; x_wconf 87' lang='lat' dir='ltr'><strong>vero</strong></span> <span class='ocrx_word' id='word_1_356' title='bbox 461 3505 791 3558; x_wconf 80' lang='lat' dir='ltr'><strong>Athenarum</strong></span> <span class='ocrx_word' id='word_1_357' title='bbox 847 3504 1130 3572; x_wconf 88' lang='lat' dir='ltr'><strong>episcopus</strong></span> <span class='ocrx_word' id='word_1_358' title='bbox 1175 3503 1471 3559; x_wconf 88' lang='lat' dir='ltr'><strong>Ecclesiam</strong></span> <span class='ocrx_word' id='word_1_359' title='bbox 1524 3505 1667 3559; x_wconf 89' lang='lat' dir='ltr'><strong>illam</strong></span> <span class='ocrx_word' id='word_1_360' title='bbox 1716 3509 1860 3560; x_wconf 74' lang='lat' dir='ltr'><strong>rexit</strong></span> 
     </span>
    </p>
   </div>
   <div class='ocr_carea' id='block_1_55' title="bbox 279 3572 1857 3647">
    <p class='ocr_par' dir='ltr' id='par_1_55' title="bbox 279 3572 1857 3647">
     <span class='ocr_line' id='line_1_55' title="bbox 279 3572 1857 3647; baseline 0 -20"><span class='ocrx_word' id='word_1_361' title='bbox 279 3574 590 3647; x_wconf 72' lang='lat' dir='ltr'><strong>principatu</strong></span> <span class='ocrx_word' id='word_1_362' title='bbox 623 3572 787 3647; x_wconf 82' lang='lat' dir='ltr'><strong>Marci</strong></span> <span class='ocrx_word' id='word_1_363' title='bbox 816 3573 1093 3647; x_wconf 82' lang='lat' dir='ltr'><strong>Antonini,</strong></span> <span class='ocrx_word' id='word_1_364' title='bbox 1113 3584 1182 3647; x_wconf 71' lang='lat' dir='ltr'><strong>ut</strong></span> <span class='ocrx_word' id='word_1_365' title='bbox 1197 3583 1416 3647; x_wconf 73' lang='lat' dir='ltr'><strong>constat</strong></span> <span class='ocrx_word' id='word_1_366' title='bbox 1435 3588 1503 3629; x_wconf 85' lang='lat' dir='ltr'><strong>ex</strong></span> <span class='ocrx_word' id='word_1_367' title='bbox 1525 3574 1629 3647; x_wconf 81' lang='lat' dir='ltr'><strong>hac</strong></span> <span class='ocrx_word' id='word_1_368' title='bbox 1652 3574 1857 3647; x_wconf 80' lang='lat' dir='ltr'><strong>Diony-</strong></span> 
     </span>
    </p>
   </div>
   <div class='ocr_carea' id='block_1_56' title="bbox 281 3642 1857 3714">
    <p class='ocr_par' dir='ltr' id='par_1_56' title="bbox 281 3642 1857 3714">
     <span class='ocr_line' id='line_1_56' title="bbox 281 3642 1857 3714; baseline 0.004 -20"><span class='ocrx_word' id='word_1_369' title='bbox 281 3642 352 3714; x_wconf 65' lang='lat' dir='ltr'><strong>sii</strong></span> <span class='ocrx_word' id='word_1_370' title='bbox 401 3644 467 3714; x_wconf 89' lang='lat' dir='ltr'><strong>ad</strong></span> <span class='ocrx_word' id='word_1_371' title='bbox 494 3642 852 3698; x_wconf 82' lang='lat' dir='ltr'><strong>Athenienses</strong></span> <span class='ocrx_word' id='word_1_372' title='bbox 888 3644 1133 3712; x_wconf 85' lang='lat' dir='ltr'><strong>epistola.</strong></span> <span class='ocrx_word' id='word_1_373' title='bbox 1164 3643 1297 3697; x_wconf 84' lang='lat' dir='ltr'><strong>Nam</strong></span> <span class='ocrx_word' id='word_1_374' title='bbox 1333 3642 1618 3714; x_wconf 88' lang='lat' dir='ltr'><strong>Dionysius</strong></span> <span class='ocrx_word' id='word_1_375' title='bbox 1664 3646 1729 3699; x_wconf 93' lang='lat' dir='ltr'><strong>de</strong></span> <span class='ocrx_word' id='word_1_376' title='bbox 1757 3642 1857 3701; x_wconf 78' lang='lat' dir='ltr'><strong>hoc</strong></span> 
     </span>
    </p>
   </div>
   <div class='ocr_carea' id='block_1_57' title="bbox 280 3710 1897 3782">
    <p class='ocr_par' dir='ltr' id='par_1_57' title="bbox 280 3710 1897 3782">
     <span class='ocr_line' id='line_1_57' title="bbox 280 3710 1897 3782; baseline 0.003 -17"><span class='ocrx_word' id='word_1_377' title='bbox 280 3710 561 3778; x_wconf 87' lang='lat' dir='ltr'><strong>Quadrato</strong></span> <span class='ocrx_word' id='word_1_378' title='bbox 611 3713 849 3782; x_wconf 86' lang='lat' dir='ltr'><strong>loquitur</strong></span> <span class='ocrx_word' id='word_1_379' title='bbox 888 3710 1145 3782; x_wconf 80' lang='lat' dir='ltr'><strong>tanquam</strong></span> <span class='ocrx_word' id='word_1_380' title='bbox 1192 3715 1258 3767; x_wconf 85' lang='lat' dir='ltr'><strong>de</strong></span> <span class='ocrx_word' id='word_1_381' title='bbox 1294 3710 1511 3782; x_wconf 61' lang='lat' dir='ltr'><strong>aequali,</strong></span> <span class='ocrx_word' id='word_1_382' title='bbox 1548 3714 1641 3781; x_wconf 92' lang='lat' dir='ltr'><strong>qui</strong></span> <span class='ocrx_word' id='word_1_383' title='bbox 1671 3729 1859 3770; x_wconf 91' lang='lat' dir='ltr'><strong>recens</strong></span> <span class='ocrx_word' id='word_1_384' title='bbox 1894 3714 1897 3717; x_wconf 51' lang='grc'><em>“</em></span> 
     </span>
    </p>
   </div>
   <div class='ocr_carea' id='block_1_58' title="bbox 279 3782 1858 3851">
    <p class='ocr_par' dir='ltr' id='par_1_58' title="bbox 279 3782 1858 3851">
     <span class='ocr_line' id='line_1_58' title="bbox 279 3782 1858 3851; baseline 0.001 -15"><span class='ocrx_word' id='word_1_385' title='bbox 279 3783 568 3837; x_wconf 89' lang='lat' dir='ltr'><strong>ordinatus</strong></span> <span class='ocrx_word' id='word_1_386' title='bbox 608 3782 797 3838; x_wconf 80' lang='lat' dir='ltr'><strong>fuisset</strong></span> <span class='ocrx_word' id='word_1_387' title='bbox 818 3784 1101 3851; x_wconf 90' lang='lat' dir='ltr'><strong>episcopus</strong></span> <span class='ocrx_word' id='word_1_388' title='bbox 1129 3783 1485 3837; x_wconf 87' lang='lat' dir='ltr'><strong>Athenarum.</strong></span> <span class='ocrx_word' id='word_1_389' title='bbox 1515 3782 1729 3838; x_wconf 86' lang='lat' dir='ltr'><strong>Floruit</strong></span> <span class='ocrx_word' id='word_1_390' title='bbox 1758 3800 1858 3838; x_wconf 91' lang='lat' dir='ltr'><strong>an-</strong></span> 
     </span>
    </p>
   </div>
   <div class='ocr_carea' id='block_1_59' title="bbox 284 3851 1855 3924">
    <p class='ocr_par' dir='ltr' id='par_1_59' title="bbox 284 3851 1855 3924">
     <span class='ocr_line' id='line_1_59' title="bbox 284 3851 1855 3924; baseline 0.005 -19"><span class='ocrx_word' id='word_1_391' title='bbox 284 3864 391 3906; x_wconf 86' lang='lat' dir='ltr'><strong>tem</strong></span> <span class='ocrx_word' id='word_1_392' title='bbox 423 3851 711 3924; x_wconf 83' lang='lat' dir='ltr'><strong>Dionysius</strong></span> <span class='ocrx_word' id='word_1_393' title='bbox 738 3852 1143 3924; x_wconf 85' lang='lat' dir='ltr'><strong>Corinthiorum</strong></span> <span class='ocrx_word' id='word_1_394' title='bbox 1174 3853 1460 3923; x_wconf 91' lang='lat' dir='ltr'><strong>episeopus</strong></span> <span class='ocrx_word' id='word_1_395' title='bbox 1497 3864 1758 3924; x_wconf 76' lang='lat' dir='ltr'><strong>regnante</strong></span> <span class='ocrx_word' id='word_1_396' title='bbox 1781 3854 1855 3913; x_wconf 80' lang='grc' dir='ltr'><strong>Μ.</strong></span> 
     </span>
    </p>
   </div>
   <div class='ocr_carea' id='block_1_60' title="bbox 282 3923 1859 3995">
    <p class='ocr_par' dir='ltr' id='par_1_60' title="bbox 282 3923 1859 3995">
     <span class='ocr_line' id='line_1_60' title="bbox 282 3923 1859 3995; baseline 0 -19"><span class='ocrx_word' id='word_1_397' title='bbox 282 3923 580 3995; x_wconf 80' lang='lat' dir='ltr'><strong>Antonino.</strong></span> <span class='ocrx_word' id='word_1_398' title='bbox 613 3923 794 3995; x_wconf 86' lang='lat' dir='ltr'><strong>Quare</strong></span> <span class='ocrx_word' id='word_1_399' title='bbox 827 3923 1082 3995; x_wconf 75' lang='lat' dir='ltr'><strong>assentiri</strong></span> <span class='ocrx_word' id='word_1_400' title='bbox 1121 3939 1228 3979; x_wconf 90' lang='lat' dir='ltr'><strong>non</strong></span> <span class='ocrx_word' id='word_1_401' title='bbox 1253 3923 1859 3995; x_wconf 82' lang='lat' dir='ltr'><strong>possum_B.Hierony-</strong></span> 
     </span>
    </p>
   </div>
   <div class='ocr_carea' id='block_1_61' title="bbox 285 3991 1857 4062">
    <p class='ocr_par' dir='ltr' id='par_1_61' title="bbox 285 3991 1857 4062">
     <span class='ocr_line' id='line_1_61' title="bbox 285 3991 1857 4062; baseline 0.003 -17"><span class='ocrx_word' id='word_1_402' title='bbox 285 4007 394 4056; x_wconf 86' lang='lat' dir='ltr'><strong>mo,</strong></span> <span class='ocrx_word' id='word_1_403' title='bbox 426 3994 519 4062; x_wconf 88' lang='lat' dir='ltr'><strong>qui</strong></span> <span class='ocrx_word' id='word_1_404' title='bbox 560 3993 660 4047; x_wconf 87' lang='lat' dir='ltr'><strong>hos</strong></span> <span class='ocrx_word' id='word_1_405' title='bbox 696 3994 830 4047; x_wconf 91' lang='lat' dir='ltr'><strong>duos</strong></span> <span class='ocrx_word' id='word_1_406' title='bbox 861 3991 1165 4059; x_wconf 90' lang='lat' dir='ltr'><strong>Quadratos</strong></span> <span class='ocrx_word' id='word_1_407' title='bbox 1200 3991 1419 4049; x_wconf 88' lang='lat' dir='ltr'><strong>minime</strong></span> <span class='ocrx_word' id='word_1_408' title='bbox 1455 3993 1719 4048; x_wconf 85' lang='lat' dir='ltr'><strong>distinxit.</strong></span> <span class='ocrx_word' id='word_1_409' title='bbox 1765 3991 1857 4049; x_wconf 79' lang='lat' dir='ltr'><strong>Sic</strong></span> 
     </span>
    </p>
   </div>
   <div class='ocr_carea' id='block_1_62' title="bbox 280 4062 1856 4132">
    <p class='ocr_par' dir='ltr' id='par_1_62' title="bbox 280 4062 1856 4132">
     <span class='ocr_line' id='line_1_62' title="bbox 280 4062 1856 4132; baseline 0.003 -17"><span class='ocrx_word' id='word_1_410' title='bbox 280 4064 428 4115; x_wconf 89' lang='lat' dir='ltr'><strong>enim</strong></span> <span class='ocrx_word' id='word_1_411' title='bbox 474 4064 668 4118; x_wconf 79' lang='lat' dir='ltr'><strong>scribit</strong></span> <span class='ocrx_word' id='word_1_412' title='bbox 698 4063 752 4116; x_wconf 90' lang='lat' dir='ltr'><strong>in</strong></span> <span class='ocrx_word' id='word_1_413' title='bbox 786 4064 924 4117; x_wconf 91' lang='lat' dir='ltr'><strong>libro</strong></span> <span class='ocrx_word' id='word_1_414' title='bbox 962 4062 1038 4116; x_wconf 86' lang='lat' dir='ltr'><strong>De</strong></span> <span class='ocrx_word' id='word_1_415' title='bbox 1062 4066 1405 4132; x_wconf 77' lang='lat' dir='ltr'><strong>scriptoribus</strong></span> <span class='ocrx_word' id='word_1_416' title='bbox 1447 4065 1812 4118; x_wconf 78' lang='lat' dir='ltr'><strong>ecclesiasticis</strong></span> <span class='ocrx_word' id='word_1_417' title='bbox 1836 4081 1856 4119; x_wconf 92' lang='lat'><strong><em>:</em></strong></span> 
     </span>
    </p>
   </div>
   <div class='ocr_carea' id='block_1_63' title="bbox 285 4132 1856 4200">
    <p class='ocr_par' dir='ltr' id='par_1_63' title="bbox 285 4132 1856 4200">
     <span class='ocr_line' id='line_1_63' title="bbox 285 4132 1856 4200; baseline 0.003 -15"><span class='ocrx_word' id='word_1_418' title='bbox 285 4132 594 4197; x_wconf 75' lang='lat' dir='ltr'><strong>Quadratus</strong></span> <span class='ocrx_word' id='word_1_419' title='bbox 613 4134 971 4200; x_wconf 80' lang='lat' dir='ltr'><strong>apostolorum</strong></span> <span class='ocrx_word' id='word_1_420' title='bbox 990 4133 1297 4197; x_wconf 78' lang='lat' dir='ltr'><strong>discipulus,</strong></span> <span class='ocrx_word' id='word_1_421' title='bbox 1323 4132 1512 4186; x_wconf 81' lang='lat' dir='ltr'><strong>Publio</strong></span> <span class='ocrx_word' id='word_1_422' title='bbox 1533 4133 1856 4189; x_wconf 79' lang='lat' dir='ltr'><strong>Athenarum</strong></span> 
     </span>
    </p>
   </div>
   <div class='ocr_carea' id='block_1_64' title="bbox 282 4202 1856 4273">
    <p class='ocr_par' dir='ltr' id='par_1_64' title="bbox 282 4202 1856 4273">
     <span class='ocr_line' id='line_1_64' title="bbox 282 4202 1856 4273; baseline 0.003 -19"><span class='ocrx_word' id='word_1_423' title='bbox 282 4203 525 4273; x_wconf 71' lang='grc' dir='ltr'>ερὶεεομρ</span> <span class='ocrx_word' id='word_1_424' title='bbox 551 4205 611 4256; x_wconf 91' lang='lat' dir='ltr'><strong>ob</strong></span> <span class='ocrx_word' id='word_1_425' title='bbox 633 4202 829 4257; x_wconf 81' lang='lat' dir='ltr'><strong>Christi</strong></span> <span class='ocrx_word' id='word_1_426' title='bbox 853 4203 1011 4273; x_wconf 57' lang='lat' dir='ltr'><strong>ﬁdem</strong></span> <span class='ocrx_word' id='word_1_427' title='bbox 1033 4207 1289 4273; x_wconf 81' lang='lat' dir='ltr'><strong>martyrio</strong></span> <span class='ocrx_word' id='word_1_428' title='bbox 1305 4211 1577 4268; x_wconf 85' lang='lat' dir='ltr'><strong>coronato,</strong></span> <span class='ocrx_word' id='word_1_429' title='bbox 1607 4205 1662 4258; x_wconf 85' lang='lat' dir='ltr'><strong>in</strong></span> <span class='ocrx_word' id='word_1_430' title='bbox 1684 4206 1856 4259; x_wconf 88' lang='lat' dir='ltr'><strong>locum</strong></span> 
     </span>
    </p>
   </div>
   <div class='ocr_carea' id='block_1_65' title="bbox 282 4271 1858 4344">
    <p class='ocr_par' dir='ltr' id='par_1_65' title="bbox 282 4271 1858 4344">
     <span class='ocr_line' id='line_1_65' title="bbox 282 4271 1858 4344; baseline -0.001 -19"><span class='ocrx_word' id='word_1_431' title='bbox 282 4273 398 4341; x_wconf 82' lang='lat' dir='ltr'><strong>ejus</strong></span> <span class='ocrx_word' id='word_1_432' title='bbox 421 4271 778 4344; x_wconf 76' lang='lat' dir='ltr'><strong>substituitur,</strong></span> <span class='ocrx_word' id='word_1_433' title='bbox 808 4282 858 4327; x_wconf 88' lang='lat' dir='ltr'><strong>et</strong></span> <span class='ocrx_word' id='word_1_434' title='bbox 889 4271 1192 4327; x_wconf 74' lang='lat' dir='ltr'><strong>Ecclesiani</strong></span> <span class='ocrx_word' id='word_1_435' title='bbox 1210 4274 1400 4344; x_wconf 80' lang='lat' dir='ltr'><strong>grandi</strong></span> <span class='ocrx_word' id='word_1_436' title='bbox 1430 4287 1626 4327; x_wconf 85' lang='lat' dir='ltr'><strong>terrore</strong></span> <span class='ocrx_word' id='word_1_437' title='bbox 1655 4276 1858 4343; x_wconf 86' lang='lat' dir='ltr'><strong>disper-</strong></span> 
     </span>
    </p>
   </div>
   <div class='ocr_carea' id='block_1_66' title="bbox 283 4342 1857 4414">
    <p class='ocr_par' dir='ltr' id='par_1_66' title="bbox 283 4342 1857 4414">
     <span class='ocr_line' id='line_1_66' title="bbox 283 4342 1857 4414; baseline 0.001 -17"><span class='ocrx_word' id='word_1_438' title='bbox 283 4359 423 4409; x_wconf 88' lang='lat' dir='ltr'><strong>sam,</strong></span> <span class='ocrx_word' id='word_1_439' title='bbox 451 4342 565 4413; x_wconf 51' lang='lat' dir='ltr'><strong>ﬁde’</strong></span> <span class='ocrx_word' id='word_1_440' title='bbox 592 4344 642 4397; x_wconf 77' lang='lat' dir='ltr'><strong>et</strong></span> <span class='ocrx_word' id='word_1_441' title='bbox 675 4344 1064 4414; x_wconf 31' lang='lat' dir='ltr'><strong>industriaAsua</strong></span> <span class='ocrx_word' id='word_1_442' title='bbox 1090 4342 1392 4414; x_wconf 71' lang='lat' dir='ltr'><strong>congregat,</strong></span> <span class='ocrx_word' id='word_1_443' title='bbox 1417 4345 1690 4414; x_wconf 83' lang='lat' dir='ltr'><strong>etc._ldem</strong></span> <span class='ocrx_word' id='word_1_444' title='bbox 1721 4346 1857 4398; x_wconf 89' lang='lat' dir='ltr'><strong>scri-</strong></span> 
     </span>
    </p>
   </div>
   <div class='ocr_carea' id='block_1_67' title="bbox 285 4411 1853 4483">
    <p class='ocr_par' dir='ltr' id='par_1_67' title="bbox 285 4411 1853 4483">
     <span class='ocr_line' id='line_1_67' title="bbox 285 4411 1853 4483; baseline 0.001 -17"><span class='ocrx_word' id='word_1_445' title='bbox 285 4414 385 4483; x_wconf 9' lang='lat' dir='ltr'><strong>bit,</strong></span> <span class='ocrx_word' id='word_1_446' title='bbox 418 4411 473 4468; x_wconf 85' lang='lat' dir='ltr'><strong>in</strong></span> <span class='ocrx_word' id='word_1_447' title='bbox 523 4414 746 4483; x_wconf 86' lang='lat' dir='ltr'><strong>epistola</strong></span> <span class='ocrx_word' id='word_1_448' title='bbox 798 4416 866 4470; x_wconf 90' lang='lat' dir='ltr'><strong>ad</strong></span> <span class='ocrx_word' id='word_1_449' title='bbox 914 4411 1162 4481; x_wconf 79' lang='lat' dir='ltr'><strong>Magnum</strong></span> <span class='ocrx_word' id='word_1_450' title='bbox 1195 4411 1479 4469; x_wconf 79' lang='lat' dir='ltr'><strong>oratorem</strong></span> <span class='ocrx_word' id='word_1_451' title='bbox 1524 4412 1853 4468; x_wconf 81' lang='lat' dir='ltr'><strong>Romanum.</strong></span> 
     </span>
    </p>
   </div>
   <div class='ocr_carea' id='block_1_68' title="bbox 286 4480 1855 4565">
    <p class='ocr_par' dir='ltr' id='par_1_68' title="bbox 286 4480 1855 4565">
     <span class='ocr_line' id='line_1_68' title="bbox 286 4480 1855 4565; baseline 0.001 -28"><span class='ocrx_word' id='word_1_452' title='bbox 286 4482 392 4565; x_wconf 76' lang='lat' dir='ltr'><strong>Sed</strong></span> <span class='ocrx_word' id='word_1_453' title='bbox 419 4494 473 4537; x_wconf 91' lang='lat' dir='ltr'><strong>et</strong></span> <span class='ocrx_word' id='word_1_454' title='bbox 506 4480 570 4565; x_wconf 36' lang='lat' dir='ltr'><strong>inn</strong></span> <span class='ocrx_word' id='word_1_455' title='bbox 591 4480 899 4565; x_wconf 51' lang='lat' dir='ltr'><strong>Giiaecorum</strong></span> <span class='ocrx_word' id='word_1_456' title='bbox 929 4480 1257 4565; x_wconf 43' lang='lat' dir='ltr'><strong>flenplogio,</strong></span> <span class='ocrx_word' id='word_1_457' title='bbox 1292 4484 1599 4565; x_wconf 82' lang='lat' dir='ltr'><strong>Quadratus</strong></span> <span class='ocrx_word' id='word_1_458' title='bbox 1637 4494 1855 4565; x_wconf 81' lang='lat' dir='ltr'><strong>aposto-</strong></span> 
     </span>
    </p>
   </div>
   <div class='ocr_carea' id='block_1_69' title="bbox 1956 1921 3613 2001">
    <p class='ocr_par' dir='ltr' id='par_1_69' title="bbox 1956 1921 3613 2001">
     <span class='ocr_line' id='line_1_69' title="bbox 1956 1921 3613 2001; baseline -0.002 -24"><span class='ocrx_word' id='word_1_459' title='bbox 1956 1922 2014 1977; x_wconf 87' lang='lat' dir='ltr'><strong>ln</strong></span> <span class='ocrx_word' id='word_1_460' title='bbox 2039 1923 2263 2001; x_wconf 88' lang='lat' dir='ltr'><strong>epistola</strong></span> <span class='ocrx_word' id='word_1_461' title='bbox 2279 1938 2408 1977; x_wconf 89' lang='lat' dir='ltr'><strong>vero</strong></span> <span class='ocrx_word' id='word_1_462' title='bbox 2423 1938 2587 1991; x_wconf 85' lang='lat' dir='ltr'><strong>quam</strong></span> <span class='ocrx_word' id='word_1_463' title='bbox 2615 1922 2804 1976; x_wconf 89' lang='lat' dir='ltr'><strong>scribit</strong></span> <span class='ocrx_word' id='word_1_464' title='bbox 2825 1921 2892 1976; x_wconf 91' lang='lat' dir='ltr'><strong>ad</strong></span> <span class='ocrx_word' id='word_1_465' title='bbox 2914 1921 3211 1976; x_wconf 87' lang='lat' dir='ltr'><strong>Ecclesiam</strong></span> <span class='ocrx_word' id='word_1_466' title='bbox 3237 1922 3544 1975; x_wconf 83' lang='lat' dir='ltr'><strong>Amastria-</strong></span> <span class='ocrx_word' id='word_1_467' title='bbox 3605 1980 3613 1986; x_wconf 93' lang='lat'><em>_</em></span> 
     </span>
    </p>
   </div>
   <div class='ocr_carea' id='block_1_70' title="bbox 1958 2012 3542 2082">
    <p class='ocr_par' dir='ltr' id='par_1_70' title="bbox 1958 2012 3542 2082">
     <span class='ocr_line' id='line_1_70' title="bbox 1958 2012 3542 2082; baseline -0.002 -14"><span class='ocrx_word' id='word_1_468' title='bbox 1958 2029 2153 2068; x_wconf 92' lang='lat' dir='ltr'><strong>norum</strong></span> <span class='ocrx_word' id='word_1_469' title='bbox 2213 2023 2268 2069; x_wconf 89' lang='lat' dir='ltr'><strong>et</strong></span> <span class='ocrx_word' id='word_1_470' title='bbox 2307 2021 2533 2067; x_wconf 67' lang='lat' dir='ltr'><strong>cazteras</strong></span> <span class='ocrx_word' id='word_1_471' title='bbox 2586 2012 2745 2066; x_wconf 91' lang='lat' dir='ltr'><strong>simul</strong></span> <span class='ocrx_word' id='word_1_472' title='bbox 2801 2012 3075 2067; x_wconf 86' lang='lat' dir='ltr'><strong>Ecclesias</strong></span> <span class='ocrx_word' id='word_1_473' title='bbox 3120 2013 3300 2077; x_wconf 90' lang='lat' dir='ltr'><strong>Ponti,</strong></span> <span class='ocrx_word' id='word_1_474' title='bbox 3330 2029 3389 2068; x_wconf 91' lang='lat' dir='ltr'><strong>se</strong></span> <span class='ocrx_word' id='word_1_475' title='bbox 3418 2014 3542 2082; x_wconf 89' lang='lat' dir='ltr'><strong>qui-</strong></span> 
     </span>
    </p>
   </div>
   <div class='ocr_carea' id='block_1_71' title="bbox 1959 2102 3542 2177">
    <p class='ocr_par' dir='ltr' id='par_1_71' title="bbox 1959 2102 3542 2177">
     <span class='ocr_line' id='line_1_71' title="bbox 1959 2102 3542 2177; baseline -0.002 -16"><span class='ocrx_word' id='word_1_476' title='bbox 1959 2106 2083 2161; x_wconf 90' lang='lat' dir='ltr'><strong>dem</strong></span> <span class='ocrx_word' id='word_1_477' title='bbox 2112 2121 2141 2160; x_wconf 89' lang='lat' dir='ltr'><strong>a</strong></span> <span class='ocrx_word' id='word_1_478' title='bbox 2172 2105 2506 2177; x_wconf 63' lang='lat' dir='ltr'><strong>Baecliylide</strong></span> <span class='ocrx_word' id='word_1_479' title='bbox 2539 2113 2594 2160; x_wconf 91' lang='lat' dir='ltr'><strong>et</strong></span> <span class='ocrx_word' id='word_1_480' title='bbox 2626 2102 2833 2173; x_wconf 88' lang='lat' dir='ltr'><strong>Elpisto</strong></span> <span class='ocrx_word' id='word_1_481' title='bbox 2866 2104 2932 2159; x_wconf 90' lang='lat' dir='ltr'><strong>ad</strong></span> <span class='ocrx_word' id='word_1_482' title='bbox 2962 2105 3309 2160; x_wconf 89' lang='lat' dir='ltr'><strong>scribendum</strong></span> <span class='ocrx_word' id='word_1_483' title='bbox 3341 2106 3542 2175; x_wconf 91' lang='lat' dir='ltr'><strong>impul-</strong></span> 
     </span>
    </p>
   </div>
   <div class='ocr_carea' id='block_1_72' title="bbox 1963 2196 3540 2265">
    <p class='ocr_par' dir='ltr' id='par_1_72' title="bbox 1963 2196 3540 2265">
     <span class='ocr_line' id='line_1_72' title="bbox 1963 2196 3540 2265; baseline -0.001 -14"><span class='ocrx_word' id='word_1_484' title='bbox 1963 2211 2082 2251; x_wconf 90' lang='lat' dir='ltr'><strong>sum</strong></span> <span class='ocrx_word' id='word_1_485' title='bbox 2113 2210 2232 2251; x_wconf 90' lang='lat' dir='ltr'><strong>esse</strong></span> <span class='ocrx_word' id='word_1_486' title='bbox 2261 2203 2676 2251; x_wconf 88' lang='lat' dir='ltr'><strong>commemorat.</strong></span> <span class='ocrx_word' id='word_1_487' title='bbox 2733 2196 3055 2265; x_wconf 85' lang='lat' dir='ltr'><strong>Episcopum</strong></span> <span class='ocrx_word' id='word_1_488' title='bbox 3092 2202 3270 2250; x_wconf 87' lang='lat' dir='ltr'><strong>autem</strong></span> <span class='ocrx_word' id='word_1_489' title='bbox 3299 2196 3540 2265; x_wconf 87' lang='lat' dir='ltr'><strong>ipsorum</strong></span> 
     </span>
    </p>
   </div>
   <div class='ocr_carea' id='block_1_73' title="bbox 1962 2286 3543 2357">
    <p class='ocr_par' dir='ltr' id='par_1_73' title="bbox 1962 2286 3543 2357">
     <span class='ocr_line' id='line_1_73' title="bbox 1962 2286 3543 2357; baseline -0.001 -14"><span class='ocrx_word' id='word_1_490' title='bbox 1962 2287 2203 2344; x_wconf 88' lang='lat' dir='ltr'><strong>Palmam</strong></span> <span class='ocrx_word' id='word_1_491' title='bbox 2233 2288 2553 2342; x_wconf 85' lang='lat' dir='ltr'><strong>nominatim</strong></span> <span class='ocrx_word' id='word_1_492' title='bbox 2581 2288 2882 2357; x_wconf 86' lang='lat' dir='ltr'><strong>appellans,</strong></span> <span class='ocrx_word' id='word_1_493' title='bbox 2916 2303 3194 2343; x_wconf 89' lang='lat' dir='ltr'><strong>sacrarum</strong></span> <span class='ocrx_word' id='word_1_494' title='bbox 3228 2286 3543 2357; x_wconf 88' lang='lat' dir='ltr'><strong>Scriptura-</strong></span> 
     </span>
    </p>
   </div>
   <div class='ocr_carea' id='block_1_74' title="bbox 1964 2377 3545 2451">
    <p class='ocr_par' dir='ltr' id='par_1_74' title="bbox 1964 2377 3545 2451">
     <span class='ocr_line' id='line_1_74' title="bbox 1964 2377 3545 2451; baseline -0.001 -14"><span class='ocrx_word' id='word_1_495' title='bbox 1964 2397 2086 2437; x_wconf 93' lang='lat' dir='ltr'><strong>rum</strong></span> <span class='ocrx_word' id='word_1_496' title='bbox 2121 2380 2515 2451; x_wconf 79' lang='lat' dir='ltr'><strong>expositionem</strong></span> <span class='ocrx_word' id='word_1_497' title='bbox 2551 2379 2735 2434; x_wconf 86' lang='lat' dir='ltr'><strong>all‘ert.</strong></span> <span class='ocrx_word' id='word_1_498' title='bbox 2782 2377 2946 2433; x_wconf 79' lang='lat' dir='ltr'><strong>Multa</strong></span> <span class='ocrx_word' id='word_1_499' title='bbox 2979 2393 3194 2450; x_wconf 89' lang='lat' dir='ltr'><strong>quoque</strong></span> <span class='ocrx_word' id='word_1_500' title='bbox 3230 2381 3299 2435; x_wconf 90' lang='lat' dir='ltr'><strong>de</strong></span> <span class='ocrx_word' id='word_1_501' title='bbox 3341 2381 3545 2450; x_wconf 87' lang='lat' dir='ltr'><strong>nuptiis</strong></span> 
     </span>
    </p>
   </div>
   <div class='ocr_carea' id='block_1_75' title="bbox 1964 2472 3547 2542">
    <p class='ocr_par' dir='ltr' id='par_1_75' title="bbox 1964 2472 3547 2542">
     <span class='ocr_line' id='line_1_75' title="bbox 1964 2472 3547 2542; baseline -0.001 -15"><span class='ocrx_word' id='word_1_502' title='bbox 1964 2481 2021 2528; x_wconf 85' lang='lat' dir='ltr'><strong>et</strong></span> <span class='ocrx_word' id='word_1_503' title='bbox 2042 2472 2110 2527; x_wconf 89' lang='lat' dir='ltr'><strong>de</strong></span> <span class='ocrx_word' id='word_1_504' title='bbox 2135 2472 2389 2527; x_wconf 83' lang='lat' dir='ltr'><strong>castitate</strong></span> <span class='ocrx_word' id='word_1_505' title='bbox 2418 2472 2499 2526; x_wconf 91' lang='lat' dir='ltr'><strong>eis</strong></span> <span class='ocrx_word' id='word_1_506' title='bbox 2523 2472 2771 2541; x_wconf 66' lang='lat' dir='ltr'><strong>praecipit</strong></span> <span class='ocrx_word' id='word_1_507' title='bbox 2800 2488 2815 2524; x_wconf 91' lang='lat'><strong>:</strong></span> <span class='ocrx_word' id='word_1_508' title='bbox 2847 2479 2901 2525; x_wconf 88' lang='lat' dir='ltr'><strong>et</strong></span> <span class='ocrx_word' id='word_1_509' title='bbox 2929 2484 3154 2528; x_wconf 82' lang='lat' dir='ltr'><strong>cunctos</strong></span> <span class='ocrx_word' id='word_1_510' title='bbox 3180 2472 3271 2541; x_wconf 91' lang='lat' dir='ltr'><strong>qui</strong></span> <span class='ocrx_word' id='word_1_511' title='bbox 3297 2488 3325 2525; x_wconf 89' lang='lat' dir='ltr'><strong>a</strong></span> <span class='ocrx_word' id='word_1_512' title='bbox 3353 2472 3547 2542; x_wconf 86' lang='lat' dir='ltr'><strong>quovis</strong></span> 
     </span>
    </p>
   </div>
   <div class='ocr_carea' id='block_1_76' title="bbox 1967 2561 3546 2633">
    <p class='ocr_par' dir='ltr' id='par_1_76' title="bbox 1967 2561 3546 2633">
     <span class='ocr_line' id='line_1_76' title="bbox 1967 2561 3546 2633; baseline 0.001 -16"><span class='ocrx_word' id='word_1_513' title='bbox 1967 2563 2139 2633; x_wconf 88' lang='lat' dir='ltr'><strong>lapsu,</strong></span> <span class='ocrx_word' id='word_1_514' title='bbox 2168 2564 2284 2618; x_wconf 90' lang='lat' dir='ltr'><strong>sive</strong></span> <span class='ocrx_word' id='word_1_515' title='bbox 2309 2561 2533 2627; x_wconf 81' lang='lat' dir='ltr'><strong>delicto,</strong></span> <span class='ocrx_word' id='word_1_516' title='bbox 2559 2563 2672 2617; x_wconf 86' lang='lat' dir='ltr'><strong>sive</strong></span> <span class='ocrx_word' id='word_1_517' title='bbox 2692 2562 2858 2616; x_wconf 85' lang='lat' dir='ltr'><strong>etiam</strong></span> <span class='ocrx_word' id='word_1_518' title='bbox 2888 2563 2957 2617; x_wconf 89' lang='lat' dir='ltr'><strong>ab</strong></span> <span class='ocrx_word' id='word_1_519' title='bbox 2984 2563 3241 2618; x_wconf 67' lang='lat' dir='ltr'><strong>haeretica</strong></span> <span class='ocrx_word' id='word_1_520' title='bbox 3272 2565 3546 2632; x_wconf 81' lang='lat' dir='ltr'><strong>pravitate</strong></span> 
     </span>
    </p>
   </div>
   <div class='ocr_carea' id='block_1_77' title="bbox 1968 2651 3544 2723">
    <p class='ocr_par' dir='ltr' id='par_1_77' title="bbox 1968 2651 3544 2723">
     <span class='ocr_line' id='line_1_77' title="bbox 1968 2651 3544 2723; baseline -0.001 -14"><span class='ocrx_word' id='word_1_521' title='bbox 1968 2652 2242 2719; x_wconf 86' lang='lat' dir='ltr'><strong>resiliunt,</strong></span> <span class='ocrx_word' id='word_1_522' title='bbox 2273 2651 2506 2721; x_wconf 79' lang='lat' dir='ltr'><strong>benigne</strong></span> <span class='ocrx_word' id='word_1_523' title='bbox 2532 2652 2734 2722; x_wconf 83' lang='lat' dir='ltr'><strong>suscipi</strong></span> <span class='ocrx_word' id='word_1_524' title='bbox 2762 2651 2941 2723; x_wconf 85' lang='lat' dir='ltr'><strong>jubet.</strong></span> <span class='ocrx_word' id='word_1_525' title='bbox 2960 2651 3018 2706; x_wconf 85' lang='lat' dir='ltr'><strong>in</strong></span> <span class='ocrx_word' id='word_1_526' title='bbox 3044 2653 3238 2708; x_wconf 87' lang='lat' dir='ltr'><strong>eodem</strong></span> <span class='ocrx_word' id='word_1_527' title='bbox 3269 2653 3544 2709; x_wconf 85' lang='lat' dir='ltr'><strong>volumine</strong></span> 
     </span>
    </p>
   </div>
   <div class='ocr_carea' id='block_1_78' title="bbox 1964 2870 3545 2939">
    <p class='ocr_par' dir='ltr' id='par_1_78' title="bbox 1964 2870 3545 2939">
     <span class='ocr_line' id='line_1_78' title="bbox 1964 2870 3545 2939; baseline 0 -10"><span class='ocrx_word' id='word_1_528' title='bbox 1964 2887 2153 2929; x_wconf 90' lang='lat' dir='ltr'><strong>omnes</strong></span> <span class='ocrx_word' id='word_1_529' title='bbox 2183 2879 2418 2927; x_wconf 87' lang='lat' dir='ltr'><strong>constat.</strong></span> <span class='ocrx_word' id='word_1_530' title='bbox 2466 2870 2575 2926; x_wconf 81' lang='lat' dir='ltr'><strong>Nec</strong></span> <span class='ocrx_word' id='word_1_531' title='bbox 2606 2872 2886 2939; x_wconf 88' lang='lat' dir='ltr'><strong>probabile</strong></span> <span class='ocrx_word' id='word_1_532' title='bbox 2910 2880 2993 2926; x_wconf 90' lang='lat' dir='ltr'><strong>est</strong></span> <span class='ocrx_word' id='word_1_533' title='bbox 3017 2871 3164 2926; x_wconf 90' lang='lat' dir='ltr'><strong>illum</strong></span> <span class='ocrx_word' id='word_1_534' title='bbox 3197 2873 3363 2926; x_wconf 86' lang='lat' dir='ltr'><strong>vitam</strong></span> <span class='ocrx_word' id='word_1_535' title='bbox 3405 2875 3545 2929; x_wconf 85' lang='lat' dir='ltr'><strong>ulte-</strong></span> 
     </span>
    </p>
   </div>
   <div class='ocr_carea' id='block_1_79' title="bbox 1964 2942 3544 3012">
    <p class='ocr_par' dir='ltr' id='par_1_79' title="bbox 1964 2942 3544 3012">
     <span class='ocr_line' id='line_1_79' title="bbox 1964 2942 3544 3012; baseline -0.001 -12"><span class='ocrx_word' id='word_1_536' title='bbox 1964 2946 2080 3000; x_wconf 86' lang='lat' dir='ltr'><strong>rius</strong></span> <span class='ocrx_word' id='word_1_537' title='bbox 2102 2944 2443 3012; x_wconf 80' lang='lat' dir='ltr'><strong>produxisse,</strong></span> <span class='ocrx_word' id='word_1_538' title='bbox 2468 2944 2670 3011; x_wconf 88' lang='lat' dir='ltr'><strong>quippe</strong></span> <span class='ocrx_word' id='word_1_539' title='bbox 2700 2942 2790 3011; x_wconf 88' lang='lat' dir='ltr'><strong>qui</strong></span> <span class='ocrx_word' id='word_1_540' title='bbox 2815 2943 2928 3011; x_wconf 91' lang='lat' dir='ltr'><strong>jam</strong></span> <span class='ocrx_word' id='word_1_541' title='bbox 2953 2944 3275 3012; x_wconf 68' lang='lat' dir='ltr'><strong>grandaevus</strong></span> <span class='ocrx_word' id='word_1_542' title='bbox 3303 2948 3367 2997; x_wconf 86' lang='lat' dir='ltr'><strong>ad</strong></span> <span class='ocrx_word' id='word_1_543' title='bbox 3385 2944 3544 2999; x_wconf 82' lang='lat' dir='ltr'><strong>Chri-</strong></span> 
     </span>
    </p>
   </div>
   <div class='ocr_carea' id='block_1_80' title="bbox 1964 3013 3540 3083">
    <p class='ocr_par' dir='ltr' id='par_1_80' title="bbox 1964 3013 3540 3083">
     <span class='ocr_line' id='line_1_80' title="bbox 1964 3013 3540 3083; baseline 0.001 -15"><span class='ocrx_word' id='word_1_544' title='bbox 1964 3016 2033 3069; x_wconf 89' lang='lat' dir='ltr'><strong>sti</strong></span> <span class='ocrx_word' id='word_1_545' title='bbox 2063 3014 2217 3068; x_wconf 85' lang='lat' dir='ltr'><strong>ﬁdem</strong></span> <span class='ocrx_word' id='word_1_546' title='bbox 2248 3028 2542 3067; x_wconf 87' lang='lat' dir='ltr'><strong>conversus</strong></span> <span class='ocrx_word' id='word_1_547' title='bbox 2575 3016 2664 3067; x_wconf 87' lang='lat' dir='ltr'><strong>sit.</strong></span> <span class='ocrx_word' id='word_1_548' title='bbox 2698 3013 2923 3067; x_wconf 86' lang='lat' dir='ltr'><strong>Athenis</strong></span> <span class='ocrx_word' id='word_1_549' title='bbox 2955 3014 3099 3066; x_wconf 89' lang='lat' dir='ltr'><strong>enim</strong></span> <span class='ocrx_word' id='word_1_550' title='bbox 3137 3029 3245 3068; x_wconf 91' lang='lat' dir='ltr'><strong>non</strong></span> <span class='ocrx_word' id='word_1_551' title='bbox 3275 3013 3373 3067; x_wconf 89' lang='lat' dir='ltr'><strong>nisi</strong></span> <span class='ocrx_word' id='word_1_552' title='bbox 3411 3031 3540 3083; x_wconf 89' lang='lat' dir='ltr'><strong>pro-</strong></span> 
     </span>
    </p>
   </div>
   <div class='ocr_carea' id='block_1_81' title="bbox 1965 3082 3545 3153">
    <p class='ocr_par' dir='ltr' id='par_1_81' title="bbox 1965 3082 3545 3153">
     <span class='ocr_line' id='line_1_81' title="bbox 1965 3082 3545 3153; baseline 0.001 -16"><span class='ocrx_word' id='word_1_553' title='bbox 1965 3093 2117 3139; x_wconf 80' lang='lat' dir='ltr'><strong>vecta</strong></span> <span class='ocrx_word' id='word_1_554' title='bbox 2146 3084 2260 3153; x_wconf 87' lang='lat' dir='ltr'><strong>jam</strong></span> <span class='ocrx_word' id='word_1_555' title='bbox 2303 3084 2651 3153; x_wconf 13' lang='lat' dir='ltr'><strong>tctiateicives</strong></span> <span class='ocrx_word' id='word_1_556' title='bbox 2687 3082 2739 3135; x_wconf 92' lang='lat' dir='ltr'><strong>in</strong></span> <span class='ocrx_word' id='word_1_557' title='bbox 2767 3084 3107 3153; x_wconf 80' lang='lat' dir='ltr'><strong>Areopagum</strong></span> <span class='ocrx_word' id='word_1_558' title='bbox 3149 3082 3545 3152; x_wconf 81' lang='lat' dir='ltr'><strong>promoveban-</strong></span> 
     </span>
    </p>
   </div>
   <div class='ocr_carea' id='block_1_82' title="bbox 1968 3152 3540 3220">
    <p class='ocr_par' dir='ltr' id='par_1_82' title="bbox 1968 3152 3540 3220">
     <span class='ocr_line' id='line_1_82' title="bbox 1968 3152 3540 3220; baseline 0.001 -13"><span class='ocrx_word' id='word_1_559' title='bbox 1968 3164 2072 3208; x_wconf 89' lang='lat' dir='ltr'><strong>tur.</strong></span> <span class='ocrx_word' id='word_1_560' title='bbox 2100 3152 2252 3219; x_wconf 86' lang='lat' dir='ltr'><strong>Quod</strong></span> <span class='ocrx_word' id='word_1_561' title='bbox 2284 3154 2327 3208; x_wconf 83' lang='lat' dir='ltr'><strong>si</strong></span> <span class='ocrx_word' id='word_1_562' title='bbox 2363 3152 2608 3206; x_wconf 87' lang='lat' dir='ltr'><strong>Publium</strong></span> <span class='ocrx_word' id='word_1_563' title='bbox 2646 3153 2693 3206; x_wconf 93' lang='lat' dir='ltr'><strong>ei</strong></span> <span class='ocrx_word' id='word_1_564' title='bbox 2726 3152 2974 3220; x_wconf 81' lang='lat' dir='ltr'><strong>proxime</strong></span> <span class='ocrx_word' id='word_1_565' title='bbox 3010 3155 3342 3207; x_wconf 78' lang='lat' dir='ltr'><strong>successisse</strong></span> <span class='ocrx_word' id='word_1_566' title='bbox 3387 3156 3540 3208; x_wconf 85' lang='lat' dir='ltr'><strong>dica-</strong></span> 
     </span>
    </p>
   </div>
   <div class='ocr_carea' id='block_1_83' title="bbox 1967 3221 3539 3294">
    <p class='ocr_par' dir='ltr' id='par_1_83' title="bbox 1967 3221 3539 3294">
     <span class='ocr_line' id='line_1_83' title="bbox 1967 3221 3539 3294; baseline 0.001 -17"><span class='ocrx_word' id='word_1_567' title='bbox 1967 3240 2119 3284; x_wconf 79' lang='lat' dir='ltr'><strong>mus,</strong></span> <span class='ocrx_word' id='word_1_568' title='bbox 2154 3239 2275 3277; x_wconf 87' lang='lat' dir='ltr'><strong>cum</strong></span> <span class='ocrx_word' id='word_1_569' title='bbox 2328 3223 2414 3276; x_wconf 91' lang='lat' dir='ltr'><strong>hic</strong></span> <span class='ocrx_word' id='word_1_570' title='bbox 2465 3223 2770 3291; x_wconf 91' lang='lat' dir='ltr'><strong>principatu</strong></span> <span class='ocrx_word' id='word_1_571' title='bbox 2797 3221 2884 3294; x_wconf 59' lang='grc' dir='ltr'><strong>ΔΜ.</strong></span> <span class='ocrx_word' id='word_1_572' title='bbox 2919 3223 3173 3294; x_wconf 88' lang='lat' dir='ltr'><strong>Antonini</strong></span> <span class='ocrx_word' id='word_1_573' title='bbox 3219 3226 3539 3294; x_wconf 87' lang='lat' dir='ltr'><strong>martyrium</strong></span> 
     </span>
    </p>
   </div>
   <div class='ocr_carea' id='block_1_84' title="bbox 1968 3291 3538 3362">
    <p class='ocr_par' dir='ltr' id='par_1_84' title="bbox 1968 3291 3538 3362">
     <span class='ocr_line' id='line_1_84' title="bbox 1968 3291 3538 3362; baseline 0.001 -16"><span class='ocrx_word' id='word_1_574' title='bbox 1968 3294 2176 3353; x_wconf 85' lang='lat' dir='ltr'><strong>fecerit,</strong></span> <span class='ocrx_word' id='word_1_575' title='bbox 2203 3293 2321 3362; x_wconf 90' lang='lat' dir='ltr'><strong>plus</strong></span> <span class='ocrx_word' id='word_1_576' title='bbox 2346 3307 2509 3360; x_wconf 89' lang='lat' dir='ltr'><strong>quam</strong></span> <span class='ocrx_word' id='word_1_577' title='bbox 2544 3307 2649 3362; x_wconf 66' lang='lat' dir='ltr'><strong>Lxx</strong></span> <span class='ocrx_word' id='word_1_578' title='bbox 2681 3291 2842 3362; x_wconf 89' lang='lat' dir='ltr'><strong>ann_is</strong></span> <span class='ocrx_word' id='word_1_579' title='bbox 2873 3294 2924 3344; x_wconf 93' lang='lat' dir='ltr'><strong>in</strong></span> <span class='ocrx_word' id='word_1_580' title='bbox 2956 3293 3267 3359; x_wconf 91' lang='lat' dir='ltr'><strong>episcopatu</strong></span> <span class='ocrx_word' id='word_1_581' title='bbox 3301 3291 3423 3346; x_wconf 79' lang='lat' dir='ltr'><strong>eum</strong></span> <span class='ocrx_word' id='word_1_582' title='bbox 3452 3296 3538 3347; x_wconf 85' lang='lat' dir='ltr'><strong>vi-</strong></span> 
     </span>
    </p>
   </div>
   <div class='ocr_carea' id='block_1_85' title="bbox 1967 3360 3544 3429">
    <p class='ocr_par' dir='ltr' id='par_1_85' title="bbox 1967 3360 3544 3429">
     <span class='ocr_line' id='line_1_85' title="bbox 1967 3360 3544 3429; baseline 0.001 -12"><span class='ocrx_word' id='word_1_583' title='bbox 1967 3364 2114 3418; x_wconf 72' lang='lat' dir='ltr'><strong>xisse</strong></span> <span class='ocrx_word' id='word_1_584' title='bbox 2136 3360 2420 3417; x_wconf 87' lang='lat' dir='ltr'><strong>dicendum</strong></span> <span class='ocrx_word' id='word_1_585' title='bbox 2453 3371 2554 3415; x_wconf 89' lang='lat' dir='ltr'><strong>est.</strong></span> <span class='ocrx_word' id='word_1_586' title='bbox 2585 3360 2756 3415; x_wconf 88' lang='lat' dir='ltr'><strong>Porro</strong></span> <span class='ocrx_word' id='word_1_587' title='bbox 2777 3360 3023 3413; x_wconf 87' lang='lat' dir='ltr'><strong>Publium</strong></span> <span class='ocrx_word' id='word_1_588' title='bbox 3060 3371 3321 3429; x_wconf 83' lang='lat' dir='ltr'><strong>regnante</strong></span> <span class='ocrx_word' id='word_1_589' title='bbox 3364 3362 3544 3418; x_wconf 82' lang='lat' dir='ltr'><strong>Marco</strong></span> 
     </span>
    </p>
   </div>
   <div class='ocr_carea' id='block_1_86' title="bbox 1966 3430 3542 3501">
    <p class='ocr_par' dir='ltr' id='par_1_86' title="bbox 1966 3430 3542 3501">
     <span class='ocr_line' id='line_1_86' title="bbox 1966 3430 3542 3501; baseline -0.001 -13"><span class='ocrx_word' id='word_1_590' title='bbox 1966 3433 2196 3488; x_wconf 84' lang='lat' dir='ltr'><strong>subiisse</strong></span> <span class='ocrx_word' id='word_1_591' title='bbox 2229 3430 2566 3501; x_wconf 85' lang='lat' dir='ltr'><strong>martyrium,</strong></span> <span class='ocrx_word' id='word_1_592' title='bbox 2620 3446 2710 3501; x_wconf 18' lang='lat' dir='ltr'><strong>ex;</strong></span> <span class='ocrx_word' id='word_1_593' title='bbox 2732 3432 2832 3485; x_wconf 91' lang='lat' dir='ltr'><strong>hac</strong></span> <span class='ocrx_word' id='word_1_594' title='bbox 2862 3431 3100 3499; x_wconf 80' lang='lat' dir='ltr'><strong>Dionysii</strong></span> <span class='ocrx_word' id='word_1_595' title='bbox 3148 3431 3213 3501; x_wconf 83' lang='lat' dir='ltr'><strong>ad</strong></span> <span class='ocrx_word' id='word_1_596' title='bbox 3241 3432 3542 3486; x_wconf 90' lang='lat' dir='ltr'><strong>Athenien-</strong></span> 
     </span>
    </p>
   </div>
   <div class='ocr_carea' id='block_1_87' title="bbox 1968 3499 3543 3571">
    <p class='ocr_par' dir='ltr' id='par_1_87' title="bbox 1968 3499 3543 3571">
     <span class='ocr_line' id='line_1_87' title="bbox 1968 3499 3543 3571; baseline -0.002 -14"><span class='ocrx_word' id='word_1_597' title='bbox 1968 3518 2055 3557; x_wconf 90' lang='lat' dir='ltr'><strong>ses</strong></span> <span class='ocrx_word' id='word_1_598' title='bbox 2087 3501 2314 3571; x_wconf 88' lang='lat' dir='ltr'><strong>epistola</strong></span> <span class='ocrx_word' id='word_1_599' title='bbox 2354 3499 2645 3569; x_wconf 81' lang='lat' dir='ltr'><strong>colligitur.</strong></span> <span class='ocrx_word' id='word_1_600' title='bbox 2688 3499 2918 3570; x_wconf 90' lang='lat' dir='ltr'><strong>Scripsit</strong></span> <span class='ocrx_word' id='word_1_601' title='bbox 2960 3501 3104 3553; x_wconf 90' lang='lat' dir='ltr'><strong>enim</strong></span> <span class='ocrx_word' id='word_1_602' title='bbox 3152 3500 3295 3554; x_wconf 85' lang='lat' dir='ltr'><strong>hanc</strong></span> <span class='ocrx_word' id='word_1_603' title='bbox 3339 3502 3543 3568; x_wconf 82' lang='lat' dir='ltr'><strong>episto-</strong></span> 
     </span>
    </p>
   </div>
   <div class='ocr_carea' id='block_1_88' title="bbox 1966 3570 3539 3641">
    <p class='ocr_par' dir='ltr' id='par_1_88' title="bbox 1966 3570 3539 3641">
     <span class='ocr_line' id='line_1_88' title="bbox 1966 3570 3539 3641; baseline -0.001 -16"><span class='ocrx_word' id='word_1_604' title='bbox 1966 3572 2073 3627; x_wconf 85' lang='lat' dir='ltr'><strong>lam</strong></span> <span class='ocrx_word' id='word_1_605' title='bbox 2124 3570 2418 3641; x_wconf 82' lang='lat' dir='ltr'><strong>Dionysius</strong></span> <span class='ocrx_word' id='word_1_606' title='bbox 2475 3571 2543 3623; x_wconf 89' lang='lat' dir='ltr'><strong>ad</strong></span> <span class='ocrx_word' id='word_1_607' title='bbox 2606 3570 2985 3641; x_wconf 64' lang='lat' dir='ltr'><strong>Athenienses,</strong></span> <span class='ocrx_word' id='word_1_608' title='bbox 3033 3580 3091 3641; x_wconf 84' lang='lat' dir='ltr'><strong>ut</strong></span> <span class='ocrx_word' id='word_1_609' title='bbox 3148 3584 3335 3623; x_wconf 91' lang='lat' dir='ltr'><strong>eorum</strong></span> <span class='ocrx_word' id='word_1_610' title='bbox 3380 3572 3539 3626; x_wconf 82' lang='lat' dir='ltr'><strong>[idem</strong></span> 
     </span>
    </p>
   </div>
   <div class='ocr_carea' id='block_1_89' title="bbox 1966 3638 3543 3709">
    <p class='ocr_par' dir='ltr' id='par_1_89' title="bbox 1966 3638 3543 3709">
     <span class='ocr_line' id='line_1_89' title="bbox 1966 3638 3543 3709; baseline -0.001 -12"><span class='ocrx_word' id='word_1_611' title='bbox 1966 3638 2280 3705; x_wconf 73' lang='lat' dir='ltr'><strong>suscitaret,</strong></span> <span class='ocrx_word' id='word_1_612' title='bbox 2312 3655 2433 3709; x_wconf 66' lang='lat' dir='ltr'><strong>quae</strong></span> <span class='ocrx_word' id='word_1_613' title='bbox 2474 3650 2599 3709; x_wconf 90' lang='lat' dir='ltr'><strong>post</strong></span> <span class='ocrx_word' id='word_1_614' title='bbox 2652 3652 2877 3694; x_wconf 88' lang='lat' dir='ltr'><strong>mortem</strong></span> <span class='ocrx_word' id='word_1_615' title='bbox 2924 3638 3123 3705; x_wconf 89' lang='lat' dir='ltr'><strong>Publii,</strong></span> <span class='ocrx_word' id='word_1_616' title='bbox 3178 3641 3433 3708; x_wconf 84' lang='lat' dir='ltr'><strong>dissipata</strong></span> <span class='ocrx_word' id='word_1_617' title='bbox 3469 3643 3543 3696; x_wconf 90' lang='lat' dir='ltr'><strong>ob</strong></span> 
     </span>
    </p>
   </div>
   <div class='ocr_carea' id='block_1_90' title="bbox 1965 3709 3540 3781">
    <p class='ocr_par' dir='ltr' id='par_1_90' title="bbox 1965 3709 3540 3781">
     <span class='ocr_line' id='line_1_90' title="bbox 1965 3709 3540 3781; baseline -0.001 -16"><span class='ocrx_word' id='word_1_618' title='bbox 1965 3712 2233 3765; x_wconf 83' lang='lat' dir='ltr'><strong>fervorem</strong></span> <span class='ocrx_word' id='word_1_619' title='bbox 2260 3711 2654 3781; x_wconf 86' lang='lat' dir='ltr'><strong>persecutionis</strong></span> <span class='ocrx_word' id='word_1_620' title='bbox 2681 3710 2944 3772; x_wconf 89' lang='lat' dir='ltr'><strong>Ecclesia,</strong></span> <span class='ocrx_word' id='word_1_621' title='bbox 2978 3709 3203 3781; x_wconf 83' lang='lat' dir='ltr'><strong>multum</strong></span> <span class='ocrx_word' id='word_1_622' title='bbox 3234 3710 3410 3781; x_wconf 74' lang='lat' dir='ltr'><strong>fuerat</strong></span> <span class='ocrx_word' id='word_1_623' title='bbox 3434 3714 3540 3764; x_wconf 85' lang='lat' dir='ltr'><strong>itu-</strong></span> 
     </span>
    </p>
   </div>
   <div class='ocr_carea' id='block_1_91' title="bbox 1968 3778 3537 3848">
    <p class='ocr_par' dir='ltr' id='par_1_91' title="bbox 1968 3778 3537 3848">
     <span class='ocr_line' id='line_1_91' title="bbox 1968 3778 3537 3848; baseline 0 -13"><span class='ocrx_word' id='word_1_624' title='bbox 1968 3783 2175 3836; x_wconf 91' lang='lat' dir='ltr'><strong>minuta</strong></span> <span class='ocrx_word' id='word_1_625' title='bbox 2214 3798 2229 3837; x_wconf 87' lang='lat'><strong>:</strong></span> <span class='ocrx_word' id='word_1_626' title='bbox 2260 3778 2364 3835; x_wconf 78' lang='lat' dir='ltr'><strong>nisi</strong></span> <span class='ocrx_word' id='word_1_627' title='bbox 2397 3781 2539 3848; x_wconf 89' lang='lat' dir='ltr'><strong>quod</strong></span> <span class='ocrx_word' id='word_1_628' title='bbox 2570 3780 2878 3847; x_wconf 88' lang='lat' dir='ltr'><strong>Quadratus</strong></span> <span class='ocrx_word' id='word_1_629' title='bbox 2926 3780 3014 3848; x_wconf 87' lang='lat' dir='ltr'><strong>qui</strong></span> <span class='ocrx_word' id='word_1_630' title='bbox 3065 3781 3116 3833; x_wconf 94' lang='lat' dir='ltr'><strong>in</strong></span> <span class='ocrx_word' id='word_1_631' title='bbox 3148 3778 3321 3833; x_wconf 90' lang='lat' dir='ltr'><strong>locum</strong></span> <span class='ocrx_word' id='word_1_632' title='bbox 3360 3780 3537 3835; x_wconf 87' lang='lat' dir='ltr'><strong>Publii</strong></span> 
     </span>
    </p>
   </div>
   <div class='ocr_carea' id='block_1_92' title="bbox 1965 3850 3541 3920">
    <p class='ocr_par' dir='ltr' id='par_1_92' title="bbox 1965 3850 3541 3920">
     <span class='ocr_line' id='line_1_92' title="bbox 1965 3850 3541 3920; baseline 0 -15"><span class='ocrx_word' id='word_1_633' title='bbox 1965 3867 2158 3907; x_wconf 90' lang='lat' dir='ltr'><strong>recens</strong></span> <span class='ocrx_word' id='word_1_634' title='bbox 2191 3852 2517 3907; x_wconf 85' lang='lat' dir='ltr'><strong>substitutus</strong></span> <span class='ocrx_word' id='word_1_635' title='bbox 2551 3851 2747 3914; x_wconf 83' lang='lat' dir='ltr'><strong>fuerat,</strong></span> <span class='ocrx_word' id='word_1_636' title='bbox 2783 3864 2902 3903; x_wconf 91' lang='lat' dir='ltr'><strong>eam</strong></span> <span class='ocrx_word' id='word_1_637' title='bbox 2951 3850 3160 3920; x_wconf 77' lang='lat' dir='ltr'><strong>erigere</strong></span> <span class='ocrx_word' id='word_1_638' title='bbox 3195 3860 3357 3920; x_wconf 87' lang='lat' dir='ltr'><strong>atque</strong></span> <span class='ocrx_word' id='word_1_639' title='bbox 3393 3858 3541 3905; x_wconf 80' lang='lat' dir='ltr'><strong>exci-</strong></span> 
     </span>
    </p>
   </div>
   <div class='ocr_carea' id='block_1_93' title="bbox 1967 3919 3541 3993">
    <p class='ocr_par' dir='ltr' id='par_1_93' title="bbox 1967 3919 3541 3993">
     <span class='ocr_line' id='line_1_93' title="bbox 1967 3919 3541 3993; baseline -0.001 -17"><span class='ocrx_word' id='word_1_640' title='bbox 1967 3931 2083 3976; x_wconf 89' lang='lat' dir='ltr'><strong>tare</strong></span> <span class='ocrx_word' id='word_1_641' title='bbox 2111 3931 2374 3991; x_wconf 67' lang='lat' dir='ltr'><strong>coeperat.</strong></span> <span class='ocrx_word' id='word_1_642' title='bbox 2425 3920 2591 3987; x_wconf 83' lang='lat' dir='ltr'><strong>Cujus</strong></span> <span class='ocrx_word' id='word_1_643' title='bbox 2627 3931 2879 3975; x_wconf 88' lang='lat' dir='ltr'><strong>conatum</strong></span> <span class='ocrx_word' id='word_1_644' title='bbox 2925 3919 3295 3993; x_wconf 23' lang='lat' dir='ltr'><strong>utuadjavaret</strong></span> <span class='ocrx_word' id='word_1_645' title='bbox 3321 3922 3541 3993; x_wconf 79' lang='lat' dir='ltr'><strong>Diony-</strong></span> 
     </span>
    </p>
   </div>
   <div class='ocr_carea' id='block_1_94' title="bbox 1964 3990 3537 4060">
    <p class='ocr_par' dir='ltr' id='par_1_94' title="bbox 1964 3990 3537 4060">
     <span class='ocr_line' id='line_1_94' title="bbox 1964 3990 3537 4060; baseline 0.001 -14"><span class='ocrx_word' id='word_1_646' title='bbox 1964 3994 2101 4058; x_wconf 82' lang='lat' dir='ltr'><strong>sius,</strong></span> <span class='ocrx_word' id='word_1_647' title='bbox 2137 3990 2259 4046; x_wconf 88' lang='lat' dir='ltr'><strong>cum</strong></span> <span class='ocrx_word' id='word_1_648' title='bbox 2289 3993 2354 4045; x_wconf 86' lang='lat' dir='ltr'><strong>ad</strong></span> <span class='ocrx_word' id='word_1_649' title='bbox 2372 4005 2493 4045; x_wconf 89' lang='lat' dir='ltr'><strong>eum</strong></span> <span class='ocrx_word' id='word_1_650' title='bbox 2513 4001 2698 4060; x_wconf 89' lang='lat' dir='ltr'><strong>utpote</strong></span> <span class='ocrx_word' id='word_1_651' title='bbox 2732 3990 3129 4058; x_wconf 91' lang='lat' dir='ltr'><strong>metropolitem</strong></span> <span class='ocrx_word' id='word_1_652' title='bbox 3161 3991 3380 4045; x_wconf 65' lang='lat' dir='ltr'><strong>Achaiae</strong></span> <span class='ocrx_word' id='word_1_653' title='bbox 3408 3990 3537 4047; x_wconf 79' lang='lat' dir='ltr'><strong>cura</strong></span> 
     </span>
    </p>
   </div>
   <div class='ocr_carea' id='block_1_95' title="bbox 1965 4061 3537 4131">
    <p class='ocr_par' dir='ltr' id='par_1_95' title="bbox 1965 4061 3537 4131">
     <span class='ocr_line' id='line_1_95' title="bbox 1965 4061 3537 4131; baseline -0.001 -15"><span class='ocrx_word' id='word_1_654' title='bbox 1965 4063 2080 4117; x_wconf 67' lang='lat' dir='ltr'><strong>hinc</strong></span> <span class='ocrx_word' id='word_1_655' title='bbox 2101 4062 2420 4131; x_wconf 87' lang='lat' dir='ltr'><strong>pertineret,</strong></span> <span class='ocrx_word' id='word_1_656' title='bbox 2456 4061 2596 4114; x_wconf 90' lang='lat' dir='ltr'><strong>hanc</strong></span> <span class='ocrx_word' id='word_1_657' title='bbox 2637 4061 2704 4114; x_wconf 87' lang='lat' dir='ltr'><strong>ad</strong></span> <span class='ocrx_word' id='word_1_658' title='bbox 2746 4061 3110 4115; x_wconf 87' lang='lat' dir='ltr'><strong>Athenienses</strong></span> <span class='ocrx_word' id='word_1_659' title='bbox 3148 4061 3296 4131; x_wconf 87' lang='lat' dir='ltr'><strong>dedit</strong></span> <span class='ocrx_word' id='word_1_660' title='bbox 3333 4063 3537 4129; x_wconf 80' lang='lat' dir='ltr'><strong>episto-</strong></span> 
     </span>
    </p>
   </div>
   <div class='ocr_carea' id='block_1_96' title="bbox 1965 4130 3538 4202">
    <p class='ocr_par' dir='ltr' id='par_1_96' title="bbox 1965 4130 3538 4202">
     <span class='ocr_line' id='line_1_96' title="bbox 1965 4130 3538 4202; baseline 0 -17"><span class='ocrx_word' id='word_1_661' title='bbox 1965 4132 2069 4186; x_wconf 87' lang='lat' dir='ltr'><strong>lam</strong></span> <span class='ocrx_word' id='word_1_662' title='bbox 2089 4130 2111 4198; x_wconf 28' lang='grc' dir='ltr'><strong>,ί</strong></span> <span class='ocrx_word' id='word_1_663' title='bbox 2136 4141 2192 4187; x_wconf 93' lang='lat' dir='ltr'><strong>et</strong></span> <span class='ocrx_word' id='word_1_664' title='bbox 2209 4132 2426 4202; x_wconf 86' lang='lat' dir='ltr'><strong>quidem</strong></span> <span class='ocrx_word' id='word_1_665' title='bbox 2455 4131 2554 4184; x_wconf 91' lang='lat' dir='ltr'><strong>sub</strong></span> <span class='ocrx_word' id='word_1_666' title='bbox 2583 4131 2738 4185; x_wconf 90' lang='lat' dir='ltr'><strong>initio</strong></span> <span class='ocrx_word' id='word_1_667' title='bbox 2764 4130 3108 4202; x_wconf 75' lang='lat' dir='ltr'><strong>episcopatus</strong></span> <span class='ocrx_word' id='word_1_668' title='bbox 3135 4130 3241 4183; x_wconf 90' lang='lat' dir='ltr'><strong>sui.</strong></span> <span class='ocrx_word' id='word_1_669' title='bbox 3265 4131 3433 4186; x_wconf 69' lang='lat' dir='ltr'><strong>Orsm</strong></span> <span class='ocrx_word' id='word_1_670' title='bbox 3453 4142 3538 4185; x_wconf 82' lang='lat' dir='ltr'><strong>est</strong></span> 
     </span>
    </p>
   </div>
   <div class='ocr_carea' id='block_1_97' title="bbox 1965 4200 3540 4270">
    <p class='ocr_par' dir='ltr' id='par_1_97' title="bbox 1965 4200 3540 4270">
     <span class='ocr_line' id='line_1_97' title="bbox 1965 4200 3540 4270; baseline -0.001 -15"><span class='ocrx_word' id='word_1_671' title='bbox 1965 4213 2143 4255; x_wconf 89' lang='lat' dir='ltr'><strong>autem</strong></span> <span class='ocrx_word' id='word_1_672' title='bbox 2170 4200 2540 4270; x_wconf 82' lang='lat' dir='ltr'><strong>episcopatum</strong></span> <span class='ocrx_word' id='word_1_673' title='bbox 2575 4202 2904 4270; x_wconf 87' lang='lat' dir='ltr'><strong>temporibus</strong></span> <span class='ocrx_word' id='word_1_674' title='bbox 2930 4200 3135 4255; x_wconf 89' lang='lat' dir='ltr'><strong>Soteris</strong></span> <span class='ocrx_word' id='word_1_675' title='bbox 3167 4215 3335 4267; x_wconf 68' lang='lat' dir='ltr'><strong>papae.</strong></span> <span class='ocrx_word' id='word_1_676' title='bbox 3366 4211 3424 4254; x_wconf 90' lang='lat' dir='ltr'><strong>ut</strong></span> <span class='ocrx_word' id='word_1_677' title='bbox 3453 4218 3540 4254; x_wconf 84' lang='lat' dir='ltr'><strong>su-</strong></span> 
     </span>
    </p>
   </div>
   <div class='ocr_carea' id='block_1_98' title="bbox 1963 4269 3534 4340">
    <p class='ocr_par' dir='ltr' id='par_1_98' title="bbox 1963 4269 3534 4340">
     <span class='ocr_line' id='line_1_98' title="bbox 1963 4269 3534 4340; baseline -0.001 -17"><span class='ocrx_word' id='word_1_678' title='bbox 1963 4287 2057 4339; x_wconf 83' lang='lat' dir='ltr'><strong>pra</strong></span> <span class='ocrx_word' id='word_1_679' title='bbox 2093 4274 2221 4332; x_wconf 68' lang='lat' dir='ltr'><strong>disi.</strong></span> <span class='ocrx_word' id='word_1_680' title='bbox 2244 4269 2366 4340; x_wconf 87' lang='lat' dir='ltr'><strong>post</strong></span> <span class='ocrx_word' id='word_1_681' title='bbox 2394 4273 2600 4326; x_wconf 88' lang='lat' dir='ltr'><strong>obitum</strong></span> <span class='ocrx_word' id='word_1_682' title='bbox 2628 4269 2819 4337; x_wconf 86' lang='lat' dir='ltr'><strong>Primi,</strong></span> <span class='ocrx_word' id='word_1_683' title='bbox 2852 4271 3257 4324; x_wconf 81' lang='lat' dir='ltr'><strong>Corinthiorum</strong></span> <span class='ocrx_word' id='word_1_684' title='bbox 3275 4271 3534 4339; x_wconf 85' lang='lat' dir='ltr'><strong>episeopi,</strong></span> 
     </span>
    </p>
   </div>
   <div class='ocr_carea' id='block_1_99' title="bbox 1964 4340 3535 4410">
    <p class='ocr_par' dir='ltr' id='par_1_99' title="bbox 1964 4340 3535 4410">
     <span class='ocr_line' id='line_1_99' title="bbox 1964 4340 3535 4410; baseline 0 -16"><span class='ocrx_word' id='word_1_685' title='bbox 1964 4358 2121 4410; x_wconf 89' lang='lat' dir='ltr'><strong>quem</strong></span> <span class='ocrx_word' id='word_1_686' title='bbox 2146 4343 2246 4395; x_wconf 90' lang='lat' dir='ltr'><strong>sub</strong></span> <span class='ocrx_word' id='word_1_687' title='bbox 2262 4343 2486 4396; x_wconf 92' lang='lat' dir='ltr'><strong>Aniceto</strong></span> <span class='ocrx_word' id='word_1_688' title='bbox 2505 4342 2710 4395; x_wconf 88' lang='lat' dir='ltr'><strong>sedisse</strong></span> <span class='ocrx_word' id='word_1_689' title='bbox 2728 4341 2884 4395; x_wconf 89' lang='lat' dir='ltr'><strong>testis</strong></span> <span class='ocrx_word' id='word_1_690' title='bbox 2900 4354 2981 4395; x_wconf 89' lang='lat' dir='ltr'><strong>est</strong></span> <span class='ocrx_word' id='word_1_691' title='bbox 3006 4340 3305 4409; x_wconf 70' lang='lat' dir='ltr'><strong>H-‘gesipptt</strong></span> <span class='ocrx_word' id='word_1_692' title='bbox 3319 4371 3360 4393; x_wconf 61' lang='grc' dir='ltr'><strong>ς.</strong></span> <span class='ocrx_word' id='word_1_693' title='bbox 3383 4342 3535 4406; x_wconf 84' lang='lat' dir='ltr'><strong>Quod</strong></span> 
     </span>
    </p>
   </div>
   <div class='ocr_carea' id='block_1_100' title="bbox 1964 4410 3532 4479">
    <p class='ocr_par' dir='ltr' id='par_1_100' title="bbox 1964 4410 3532 4479">
     <span class='ocr_line' id='line_1_100' title="bbox 1964 4410 3532 4479; baseline -0.004 -14"><span class='ocrx_word' id='word_1_694' title='bbox 1964 4414 2010 4466; x_wconf 88' lang='lat' dir='ltr'><strong>si</strong></span> <span class='ocrx_word' id='word_1_695' title='bbox 2051 4411 2272 4467; x_wconf 89' lang='lat' dir='ltr'><strong>Publius</strong></span> <span class='ocrx_word' id='word_1_696' title='bbox 2309 4412 2411 4465; x_wconf 89' lang='lat' dir='ltr'><strong>sub</strong></span> <span class='ocrx_word' id='word_1_697' title='bbox 2437 4410 2673 4478; x_wconf 72' lang='lat' dir='ltr'><strong>Traiano</strong></span> <span class='ocrx_word' id='word_1_698' title='bbox 2698 4424 2890 4479; x_wconf 87' lang='lat' dir='ltr'><strong>passus</strong></span> <span class='ocrx_word' id='word_1_699' title='bbox 2917 4410 3127 4472; x_wconf 85' lang='lat' dir='ltr'><strong>fuisset,</strong></span> <span class='ocrx_word' id='word_1_700' title='bbox 3162 4422 3219 4462; x_wconf 89' lang='lat' dir='ltr'><strong>ut</strong></span> <span class='ocrx_word' id='word_1_701' title='bbox 3271 4416 3383 4463; x_wconf 90' lang='lat' dir='ltr'><strong>vult</strong></span> <span class='ocrx_word' id='word_1_702' title='bbox 3414 4412 3532 4463; x_wconf 79' lang='lat' dir='ltr'><strong>Sir--</strong></span> 
     </span>
    </p>
   </div>
   <div class='ocr_carea' id='block_1_101' title="bbox 1965 4480 3537 4549">
    <p class='ocr_par' dir='ltr' id='par_1_101' title="bbox 1965 4480 3537 4549">
     <span class='ocr_line' id='line_1_101' title="bbox 1965 4480 3537 4549; baseline 0 -16"><span class='ocrx_word' id='word_1_703' title='bbox 1965 4484 2217 4546; x_wconf 79' lang='lat' dir='ltr'><strong>tumidus,</strong></span> <span class='ocrx_word' id='word_1_704' title='bbox 2261 4481 2395 4536; x_wconf 90' lang='lat' dir='ltr'><strong>nihil</strong></span> <span class='ocrx_word' id='word_1_705' title='bbox 2421 4480 2533 4549; x_wconf 84' lang='lat' dir='ltr'><strong>jam</strong></span> <span class='ocrx_word' id='word_1_706' title='bbox 2569 4496 2748 4534; x_wconf 73' lang='lat' dir='ltr'><strong>causa:</strong></span> <span class='ocrx_word' id='word_1_707' title='bbox 2776 4489 2894 4533; x_wconf 85' lang='lat' dir='ltr'><strong>erat</strong></span> <span class='ocrx_word' id='word_1_708' title='bbox 2931 4495 3028 4534; x_wconf 88' lang='lat' dir='ltr'><strong>cur</strong></span> <span class='ocrx_word' id='word_1_709' title='bbox 3072 4480 3356 4549; x_wconf 79' lang='lat' dir='ltr'><strong>Dionysius</strong></span> <span class='ocrx_word' id='word_1_710' title='bbox 3388 4490 3537 4533; x_wconf 89' lang='lat' dir='ltr'><strong>tanto</strong></span> 
     </span>
    </p>
   </div>
   <div class='ocr_carea' id='block_1_102' title="bbox 286 4543 3538 4624">
    <p class='ocr_par' dir='ltr' id='par_1_102' title="bbox 286 4543 3538 4624">
     <span class='ocr_line' id='line_1_102' title="bbox 286 4543 3538 4624; baseline -0.002 -18"><span class='ocrx_word' id='word_1_711' title='bbox 286 4554 373 4624; x_wconf 89' lang='lat' dir='ltr'><strong>lus</strong></span> <span class='ocrx_word' id='word_1_712' title='bbox 402 4553 756 4624; x_wconf 74' lang='lat' dir='ltr'><strong>confunditur</strong></span> <span class='ocrx_word' id='word_1_713' title='bbox 780 4569 900 4607; x_wconf 91' lang='lat' dir='ltr'><strong>cum</strong></span> <span class='ocrx_word' id='word_1_714' title='bbox 924 4543 1198 4620; x_wconf 62' lang='lat' dir='ltr'><strong>Quadrafo</strong></span> <span class='ocrx_word' id='word_1_715' title='bbox 1220 4543 1557 4624; x_wconf 54' lang='lat' dir='ltr'><strong>Aih&#39;enarum</strong></span> <span class='ocrx_word' id='word_1_716' title='bbox 1580 4543 1852 4624; x_wconf 72' lang='lat' dir='ltr'><strong>episcopo.</strong></span> <span class='ocrx_word' id='word_1_717' title='bbox 1886 4543 1932 4598; x_wconf 81' lang='grc' dir='ltr'><strong>Ῑ)</strong></span> <span class='ocrx_word' id='word_1_718' title='bbox 1963 4562 2083 4621; x_wconf 89' lang='lat' dir='ltr'><strong>post</strong></span> <span class='ocrx_word' id='word_1_719' title='bbox 2135 4543 2850 4624; x_wconf 70' lang='lat' dir='ltr'><strong>temporeAtbeniensibus</strong></span> <span class='ocrx_word' id='word_1_720' title='bbox 2874 4550 3140 4624; x_wconf 68' lang='lat' dir='ltr'><strong>scriberet</strong></span> <span class='ocrx_word' id='word_1_721' title='bbox 3175 4543 3538 4624; x_wconf 65' lang='lat' dir='ltr'><strong>ailsuscitan-</strong></span> 
     </span>
    </p>
   </div>
   <div class='ocr_carea' id='block_1_103' title="bbox 290 4622 1858 4692">
    <p class='ocr_par' dir='ltr' id='par_1_103' title="bbox 290 4622 1858 4692">
     <span class='ocr_line' id='line_1_103' title="bbox 290 4622 1858 4692; baseline 0.001 -15"><span class='ocrx_word' id='word_1_722' title='bbox 290 4623 488 4677; x_wconf 78' lang='lat' dir='ltr'><strong>Verum</strong></span> <span class='ocrx_word' id='word_1_723' title='bbox 526 4626 593 4676; x_wconf 83' lang='lat' dir='ltr'><strong>in‘</strong></span> <span class='ocrx_word' id='word_1_724' title='bbox 614 4622 807 4692; x_wconf 75' lang='lat' dir='ltr'><strong>Typieo</strong></span> <span class='ocrx_word' id='word_1_725' title='bbox 833 4624 1147 4678; x_wconf 89' lang='lat' dir='ltr'><strong>monasterii</strong></span> <span class='ocrx_word' id='word_1_726' title='bbox 1178 4624 1235 4678; x_wconf 88' lang='lat' dir='ltr'><strong>S.</strong></span> <span class='ocrx_word' id='word_1_727' title='bbox 1262 4623 1418 4678; x_wconf 71' lang='lat' dir='ltr'><strong>Sabte</strong></span> <span class='ocrx_word' id='word_1_728' title='bbox 1458 4623 1547 4677; x_wconf 93' lang='lat' dir='ltr'><strong>hic</strong></span> <span class='ocrx_word' id='word_1_729' title='bbox 1570 4622 1726 4678; x_wconf 80' lang='lat' dir='ltr'><strong>error</strong></span> <span class='ocrx_word' id='word_1_730' title='bbox 1753 4622 1858 4678; x_wconf 79' lang='lat' dir='ltr'><strong>non</strong></span> 
     </span>
    </p>
   </div>
   <div class='ocr_carea' id='block_1_104' title="bbox 286 4692 1860 4762">
    <p class='ocr_par' dir='ltr' id='par_1_104' title="bbox 286 4692 1860 4762">
     <span class='ocr_line' id='line_1_104' title="bbox 286 4692 1860 4762; baseline 0.001 -17"><span class='ocrx_word' id='word_1_731' title='bbox 286 4693 539 4747; x_wconf 87' lang='lat' dir='ltr'><strong>habetur.</strong></span> <span class='ocrx_word' id='word_1_732' title='bbox 561 4693 649 4747; x_wconf 87' lang='lat' dir='ltr'><strong>Sic</strong></span> <span class='ocrx_word' id='word_1_733' title='bbox 665 4694 807 4746; x_wconf 92' lang='lat' dir='ltr'><strong>enim</strong></span> <span class='ocrx_word' id='word_1_734' title='bbox 822 4694 879 4747; x_wconf 93' lang='lat' dir='ltr'><strong>in</strong></span> <span class='ocrx_word' id='word_1_735' title='bbox 896 4709 961 4747; x_wconf 91' lang='lat' dir='ltr'><strong>eo</strong></span> <span class='ocrx_word' id='word_1_736' title='bbox 978 4694 1172 4762; x_wconf 74' lang='lat' dir='ltr'><strong>legitur</strong></span> <span class='ocrx_word' id='word_1_737' title='bbox 1190 4694 1277 4762; x_wconf 87' lang='lat' dir='ltr'><strong>die</strong></span> <span class='ocrx_word' id='word_1_738' title='bbox 1291 4695 1356 4747; x_wconf 68' lang='grc'>21</span> <span class='ocrx_word' id='word_1_739' title='bbox 1390 4692 1743 4759; x_wconf 80' lang='lat' dir='ltr'><strong>Septembris,</strong></span> <span class='ocrx_word' id='word_1_740' title='bbox 1765 4695 1860 4747; x_wconf 76' lang='grc' dir='ltr'>τοῦ</span> 
     </span>
    </p>
   </div>
   <div class='ocr_carea' id='block_1_105' title="bbox 284 4761 1863 4836">
    <p class='ocr_par' dir='ltr' id='par_1_105' title="bbox 284 4761 1863 4836">
     <span class='ocr_line' id='line_1_105' title="bbox 284 4761 1863 4836; baseline 0.001 -19"><span class='ocrx_word' id='word_1_741' title='bbox 284 4764 443 4832; x_wconf 78' lang='grc' dir='ltr'>ἁγίου</span> <span class='ocrx_word' id='word_1_742' title='bbox 487 4761 1093 4836; x_wconf 37' lang='grc' dir='ltr'>ἀποστόλου-Κοδρᾶτον</span> <span class='ocrx_word' id='word_1_743' title='bbox 1127 4761 1222 4818; x_wconf 74' lang='grc' dir='ltr'>τοῦ</span> <span class='ocrx_word' id='word_1_744' title='bbox 1257 4765 1313 4817; x_wconf 86' lang='grc' dir='ltr'>ὲν</span> <span class='ocrx_word' id='word_1_745' title='bbox 1342 4765 1409 4834; x_wconf 78' lang='grc' dir='ltr'>τῇ</span> <span class='ocrx_word' id='word_1_746' title='bbox 1437 4762 1753 4836; x_wconf 73' lang='grc' dir='ltr'>Μαγνησίᾳ.</span> <span class='ocrx_word' id='word_1_747' title='bbox 1794 4764 1863 4819; x_wconf 89' lang='grc' dir='ltr'>Ει</span> 
     </span>
    </p>
   </div>
   <div class='ocr_carea' id='block_1_106' title="bbox 289 4833 1861 4903">
    <p class='ocr_par' dir='ltr' id='par_1_106' title="bbox 289 4833 1861 4903">
     <span class='ocr_line' id='line_1_106' title="bbox 289 4833 1861 4903; baseline -0.001 -15"><span class='ocrx_word' id='word_1_748' title='bbox 289 4836 407 4889; x_wconf 66' lang='lat' dir='ltr'><strong>haec</strong></span> <span class='ocrx_word' id='word_1_749' title='bbox 433 4836 649 4903; x_wconf 89' lang='lat' dir='ltr'><strong>quidem</strong></span> <span class='ocrx_word' id='word_1_750' title='bbox 680 4835 746 4887; x_wconf 91' lang='lat' dir='ltr'><strong>de</strong></span> <span class='ocrx_word' id='word_1_751' title='bbox 767 4833 1041 4903; x_wconf 82' lang='lat' dir='ltr'><strong>Quadrato</strong></span> <span class='ocrx_word' id='word_1_752' title='bbox 1065 4833 1406 4888; x_wconf 83' lang='lat' dir='ltr'><strong>Athenarum</strong></span> <span class='ocrx_word' id='word_1_753' title='bbox 1423 4833 1676 4903; x_wconf 80' lang='lat' dir='ltr'><strong>episcopo</strong></span> <span class='ocrx_word' id='word_1_754' title='bbox 1704 4833 1733 4886; x_wconf 73' lang='grc' dir='ltr'>ἐι</span> <span class='ocrx_word' id='word_1_755' title='bbox 1763 4852 1861 4888; x_wconf 82' lang='grc' dir='ltr'>ηο-</span> 
     </span>
    </p>
   </div>
   <div class='ocr_carea' id='block_1_107' title="bbox 287 4902 1859 4972">
    <p class='ocr_par' dir='ltr' id='par_1_107' title="bbox 287 4902 1859 4972">
     <span class='ocr_line' id='line_1_107' title="bbox 287 4902 1859 4972; baseline 0 -14"><span class='ocrx_word' id='word_1_756' title='bbox 287 4905 373 4958; x_wconf 90' lang='lat' dir='ltr'><strong>bis</strong></span> <span class='ocrx_word' id='word_1_757' title='bbox 399 4902 686 4958; x_wconf 86' lang='lat' dir='ltr'><strong>observata</strong></span> <span class='ocrx_word' id='word_1_758' title='bbox 724 4906 859 4958; x_wconf 90' lang='lat' dir='ltr'><strong>sint.</strong></span> <span class='ocrx_word' id='word_1_759' title='bbox 904 4902 1056 4969; x_wconf 90' lang='lat' dir='ltr'><strong>Quod</strong></span> <span class='ocrx_word' id='word_1_760' title='bbox 1091 4920 1221 4959; x_wconf 86' lang='lat' dir='ltr'><strong>vero</strong></span> <span class='ocrx_word' id='word_1_761' title='bbox 1256 4912 1465 4972; x_wconf 86' lang='lat' dir='ltr'><strong>spectat</strong></span> <span class='ocrx_word' id='word_1_762' title='bbox 1509 4904 1576 4956; x_wconf 88' lang='lat' dir='ltr'><strong>ad</strong></span> <span class='ocrx_word' id='word_1_763' title='bbox 1611 4902 1859 4959; x_wconf 89' lang='lat' dir='ltr'><strong>Publiunt</strong></span> 
     </span>
    </p>
   </div>
   <div class='ocr_carea' id='block_1_108' title="bbox 289 4972 1857 5042">
    <p class='ocr_par' dir='ltr' id='par_1_108' title="bbox 289 4972 1857 5042">
     <span class='ocr_line' id='line_1_108' title="bbox 289 4972 1857 5042; baseline 0.001 -16"><span class='ocrx_word' id='word_1_764' title='bbox 289 4974 631 5029; x_wconf 88' lang='lat' dir='ltr'><strong>decessorem</strong></span> <span class='ocrx_word' id='word_1_765' title='bbox 685 4972 970 5039; x_wconf 89' lang='lat' dir='ltr'><strong>Quadrati,</strong></span> <span class='ocrx_word' id='word_1_766' title='bbox 1013 4973 1300 5042; x_wconf 89' lang='lat' dir='ltr'><strong>plerosque</strong></span> <span class='ocrx_word' id='word_1_767' title='bbox 1345 4975 1416 5027; x_wconf 91' lang='lat' dir='ltr'><strong>ita</strong></span> <span class='ocrx_word' id='word_1_768' title='bbox 1443 4973 1647 5027; x_wconf 83' lang='lat' dir='ltr'><strong>sentire</strong></span> <span class='ocrx_word' id='word_1_769' title='bbox 1683 4977 1857 5041; x_wconf 87' lang='lat' dir='ltr'><strong>video,</strong></span> 
     </span>
    </p>
   </div>
   <div class='ocr_carea' id='block_1_109' title="bbox 288 5042 1861 5114">
    <p class='ocr_par' dir='ltr' id='par_1_109' title="bbox 288 5042 1861 5114">
     <span class='ocr_line' id='line_1_109' title="bbox 288 5042 1861 5114; baseline 0.002 -18"><span class='ocrx_word' id='word_1_770' title='bbox 288 5042 535 5098; x_wconf 89' lang='lat' dir='ltr'><strong>Publium</strong></span> <span class='ocrx_word' id='word_1_771' title='bbox 558 5045 704 5114; x_wconf 81' lang='lat' dir='ltr'><strong>hunc</strong></span> <span class='ocrx_word' id='word_1_772' title='bbox 730 5043 985 5114; x_wconf 87' lang='lat' dir='ltr'><strong>Dionysio</strong></span> <span class='ocrx_word' id='word_1_773' title='bbox 1012 5044 1356 5114; x_wconf 65' lang='lat' dir='ltr'><strong>Areopagitae</strong></span> <span class='ocrx_word' id='word_1_774' title='bbox 1378 5045 1623 5114; x_wconf 81' lang='lat' dir='ltr'><strong>proxime</strong></span> <span class='ocrx_word' id='word_1_775' title='bbox 1644 5059 1861 5114; x_wconf 86' lang='lat' dir='ltr'><strong>succes-</strong></span> 
     </span>
    </p>
   </div>
   <div class='ocr_carea' id='block_1_110' title="bbox 289 5111 1861 5183">
    <p class='ocr_par' dir='ltr' id='par_1_110' title="bbox 289 5111 1861 5183">
     <span class='ocr_line' id='line_1_110' title="bbox 289 5111 1861 5183; baseline -0.001 -14"><span class='ocrx_word' id='word_1_776' title='bbox 289 5115 443 5169; x_wconf 87' lang='lat' dir='ltr'><strong>sisse.</strong></span> <span class='ocrx_word' id='word_1_777' title='bbox 464 5114 555 5183; x_wconf 22' lang='lat' dir='ltr'><strong>illa</strong></span> <span class='ocrx_word' id='word_1_778' title='bbox 586 5111 954 5168; x_wconf 53' lang='lat' dir='ltr'><strong>Baronius’in</strong></span> <span class='ocrx_word' id='word_1_779' title='bbox 1009 5111 1390 5183; x_wconf 44' lang='lat' dir='ltr'><strong>Notat’ionibus</strong></span> <span class='ocrx_word' id='word_1_780' title='bbox 1441 5116 1508 5166; x_wconf 88' lang='lat' dir='ltr'><strong>ad</strong></span> <span class='ocrx_word' id='word_1_781' title='bbox 1540 5113 1861 5183; x_wconf 84' lang='lat' dir='ltr'><strong>Martyrolo-</strong></span> 
     </span>
    </p>
   </div>
   <div class='ocr_carea' id='block_1_111' title="bbox 290 5182 1860 5254">
    <p class='ocr_par' dir='ltr' id='par_1_111' title="bbox 290 5182 1860 5254">
     <span class='ocr_line' id='line_1_111' title="bbox 290 5182 1860 5254; baseline 0.001 -17"><span class='ocrx_word' id='word_1_782' title='bbox 290 5185 434 5254; x_wconf 76' lang='lat' dir='ltr'><strong>gium</strong></span> <span class='ocrx_word' id='word_1_783' title='bbox 457 5182 785 5254; x_wconf 80' lang='lat' dir='ltr'><strong>Romanum,</strong></span> <span class='ocrx_word' id='word_1_784' title='bbox 810 5182 1131 5254; x_wconf 9' lang='lat' dir='ltr'><strong>Sirmondrus</strong></span> <span class='ocrx_word' id='word_1_785' title='bbox 1158 5185 1211 5237; x_wconf 91' lang='lat' dir='ltr'><strong>in</strong></span> <span class='ocrx_word' id='word_1_786' title='bbox 1237 5182 1617 5238; x_wconf 88' lang='lat' dir='ltr'><strong>dissertatione</strong></span> <span class='ocrx_word' id='word_1_787' title='bbox 1640 5182 1715 5236; x_wconf 71' lang='lat' dir='ltr'><strong>Ile</strong></span> <span class='ocrx_word' id='word_1_788' title='bbox 1729 5184 1860 5238; x_wconf 82' lang='lat' dir='ltr'><strong>duo-</strong></span> 
     </span>
    </p>
   </div>
   <div class='ocr_carea' id='block_1_112' title="bbox 291 5252 1861 5324">
    <p class='ocr_par' dir='ltr' id='par_1_112' title="bbox 291 5252 1861 5324">
     <span class='ocr_line' id='line_1_112' title="bbox 291 5252 1861 5324; baseline 0.001 -18"><span class='ocrx_word' id='word_1_789' title='bbox 291 5252 385 5307; x_wconf 87' lang='lat' dir='ltr'><strong>bus</strong></span> <span class='ocrx_word' id='word_1_790' title='bbox 411 5254 699 5324; x_wconf 81' lang='lat' dir='ltr'><strong>Dionysiis,</strong></span> <span class='ocrx_word' id='word_1_791' title='bbox 720 5252 1040 5324; x_wconf 66' lang='lat' dir='ltr'><strong>Blondellus</strong></span> <span class='ocrx_word' id='word_1_792' title='bbox 1058 5253 1112 5306; x_wconf 93' lang='lat' dir='ltr'><strong>in</strong></span> <span class='ocrx_word' id='word_1_793' title='bbox 1142 5254 1455 5324; x_wconf 70' lang='lat' dir='ltr'><strong>praefatione</strong></span> <span class='ocrx_word' id='word_1_794' title='bbox 1469 5268 1641 5324; x_wconf 79' lang='lat' dir='ltr'><strong>quam</strong></span> <span class='ocrx_word' id='word_1_795' title='bbox 1670 5255 1861 5321; x_wconf 83' lang='lat' dir='ltr'><strong>Apolo-</strong></span> 
     </span>
    </p>
   </div>
   <div class='ocr_carea' id='block_1_113' title="bbox 290 5322 1860 5395">
    <p class='ocr_par' dir='ltr' id='par_1_113' title="bbox 290 5322 1860 5395">
     <span class='ocr_line' id='line_1_113' title="bbox 290 5322 1860 5395; baseline 0.002 -19"><span class='ocrx_word' id='word_1_796' title='bbox 290 5326 391 5393; x_wconf 73' lang='lat' dir='ltr'><strong>gite</strong></span> <span class='ocrx_word' id='word_1_797' title='bbox 426 5322 679 5395; x_wconf 40' lang='lat' dir='ltr'><strong>suas—pro</strong></span> <span class='ocrx_word' id='word_1_798' title='bbox 702 5325 966 5395; x_wconf 86' lang='lat' dir='ltr'><strong>sententia</strong></span> <span class='ocrx_word' id='word_1_799' title='bbox 998 5322 1315 5395; x_wconf 75' lang='lat' dir='ltr'><strong>Hieronymi</strong></span> <span class='ocrx_word' id='word_1_800' title='bbox 1343 5322 1597 5395; x_wconf 60' lang='lat' dir='ltr'><strong>praﬁxit,</strong></span> <span class='ocrx_word' id='word_1_801' title='bbox 1645 5334 1700 5378; x_wconf 89' lang='lat' dir='ltr'><strong>et</strong></span> <span class='ocrx_word' id='word_1_802' title='bbox 1730 5333 1860 5379; x_wconf 91' lang='lat' dir='ltr'><strong>ante</strong></span> 
     </span>
    </p>
   </div>
   <div class='ocr_carea' id='block_1_114' title="bbox 290 5393 1853 5462">
    <p class='ocr_par' dir='ltr' id='par_1_114' title="bbox 290 5393 1853 5462">
     <span class='ocr_line' id='line_1_114' title="bbox 290 5393 1853 5462; baseline 0.002 -17"><span class='ocrx_word' id='word_1_803' title='bbox 290 5395 413 5462; x_wconf 85' lang='lat' dir='ltr'><strong>illos</strong></span> <span class='ocrx_word' id='word_1_804' title='bbox 448 5393 746 5460; x_wconf 85' lang='lat' dir='ltr'><strong>Usuardus,</strong></span> <span class='ocrx_word' id='word_1_805' title='bbox 783 5394 943 5462; x_wconf 87' lang='lat' dir='ltr'><strong>cujus</strong></span> <span class='ocrx_word' id='word_1_806' title='bbox 996 5394 1112 5447; x_wconf 65' lang='lat' dir='ltr'><strong>haec</strong></span> <span class='ocrx_word' id='word_1_807' title='bbox 1158 5393 1289 5448; x_wconf 85' lang='lat' dir='ltr'><strong>sunt</strong></span> <span class='ocrx_word' id='word_1_808' title='bbox 1322 5395 1488 5447; x_wconf 88' lang='lat' dir='ltr'><strong>verba</strong></span> <span class='ocrx_word' id='word_1_809' title='bbox 1530 5394 1598 5446; x_wconf 89' lang='lat' dir='ltr'><strong>ad</strong></span> <span class='ocrx_word' id='word_1_810' title='bbox 1620 5394 1761 5447; x_wconf 90' lang='lat' dir='ltr'><strong>diem</strong></span> <span class='ocrx_word' id='word_1_811' title='bbox 1787 5395 1853 5448; x_wconf 73' lang='lat'><strong>‘21</strong></span> 
     </span>
    </p>
   </div>
   <div class='ocr_carea' id='block_1_115' title="bbox 291 5461 1859 5532">
    <p class='ocr_par' dir='ltr' id='par_1_115' title="bbox 291 5461 1859 5532">
     <span class='ocr_line' id='line_1_115' title="bbox 291 5461 1859 5532; baseline 0 -15"><span class='ocrx_word' id='word_1_812' title='bbox 291 5461 571 5519; x_wconf 84' lang='lat' dir='ltr'><strong>Januarii:</strong></span> <span class='ocrx_word' id='word_1_813' title='bbox 606 5462 818 5518; x_wconf 85' lang='lat' dir='ltr'><strong>Natalis</strong></span> <span class='ocrx_word' id='word_1_814' title='bbox 853 5461 926 5517; x_wconf 85' lang='grc' dir='ltr'><strong>Β.</strong></span> <span class='ocrx_word' id='word_1_815' title='bbox 969 5462 1151 5517; x_wconf 82' lang='lat' dir='ltr'><strong>Publii</strong></span> <span class='ocrx_word' id='word_1_816' title='bbox 1181 5464 1432 5531; x_wconf 79' lang='lat' dir='ltr'><strong>episcOpi,</strong></span> <span class='ocrx_word' id='word_1_817' title='bbox 1472 5463 1562 5532; x_wconf 86' lang='lat' dir='ltr'><strong>qui</strong></span> <span class='ocrx_word' id='word_1_818' title='bbox 1584 5465 1859 5532; x_wconf 73' lang='lat' dir='ltr'><strong>secundus</strong></span> 
     </span>
    </p>
   </div>
   <div class='ocr_carea' id='block_1_116' title="bbox 286 5531 1859 5605">
    <p class='ocr_par' dir='ltr' id='par_1_116' title="bbox 286 5531 1859 5605">
     <span class='ocr_line' id='line_1_116' title="bbox 286 5531 1859 5605; baseline -0.001 -17"><span class='ocrx_word' id='word_1_819' title='bbox 286 5546 402 5602; x_wconf 87' lang='lat' dir='ltr'><strong>post</strong></span> <span class='ocrx_word' id='word_1_820' title='bbox 419 5532 731 5605; x_wconf 66' lang='lat' dir='ltr'><strong>Dionysium</strong></span> <span class='ocrx_word' id='word_1_821' title='bbox 749 5534 1143 5605; x_wconf 68' lang='lat' dir='ltr'><strong>Areopagitam,</strong></span> <span class='ocrx_word' id='word_1_822' title='bbox 1162 5531 1552 5605; x_wconf 79' lang='lat' dir='ltr'><strong>Atheniensium</strong></span> <span class='ocrx_word' id='word_1_823' title='bbox 1568 5531 1859 5587; x_wconf 82' lang='lat' dir='ltr'><strong>Ecclesium</strong></span> 
     </span>
    </p>
   </div>
   <div class='ocr_carea' id='block_1_117' title="bbox 290 5602 1859 5672">
    <p class='ocr_par' dir='ltr' id='par_1_117' title="bbox 290 5602 1859 5672">
     <span class='ocr_line' id='line_1_117' title="bbox 290 5602 1859 5672; baseline 0 -15"><span class='ocrx_word' id='word_1_824' title='bbox 290 5607 450 5660; x_wconf 72' lang='lat' dir='ltr'><strong>rexit.</strong></span> <span class='ocrx_word' id='word_1_825' title='bbox 485 5602 681 5658; x_wconf 80' lang='lat' dir='ltr'><strong>Verum</strong></span> <span class='ocrx_word' id='word_1_826' title='bbox 701 5620 824 5659; x_wconf 90' lang='lat' dir='ltr'><strong>cum</strong></span> <span class='ocrx_word' id='word_1_827' title='bbox 857 5602 969 5660; x_wconf 87' lang='lat' dir='ltr'><strong>nec</strong></span> <span class='ocrx_word' id='word_1_828' title='bbox 982 5604 1247 5659; x_wconf 81' lang='lat' dir='ltr'><strong>Eusebius</strong></span> <span class='ocrx_word' id='word_1_829' title='bbox 1275 5617 1376 5658; x_wconf 89' lang='lat' dir='ltr'><strong>nec</strong></span> <span class='ocrx_word' id='word_1_830' title='bbox 1405 5603 1690 5672; x_wconf 88' lang='lat' dir='ltr'><strong>Dionysius</strong></span> <span class='ocrx_word' id='word_1_831' title='bbox 1716 5605 1767 5656; x_wconf 88' lang='lat' dir='ltr'><strong>id</strong></span> <span class='ocrx_word' id='word_1_832' title='bbox 1790 5606 1859 5657; x_wconf 88' lang='lat' dir='ltr'><strong>de</strong></span> 
     </span>
    </p>
   </div>
   <div class='ocr_carea' id='block_1_118' title="bbox 290 5672 1857 5740">
    <p class='ocr_par' dir='ltr' id='par_1_118' title="bbox 290 5672 1857 5740">
     <span class='ocr_line' id='line_1_118' title="bbox 290 5672 1857 5740; baseline -0.001 -12"><span class='ocrx_word' id='word_1_833' title='bbox 290 5673 485 5730; x_wconf 83' lang='lat' dir='ltr'><strong>Publio</strong></span> <span class='ocrx_word' id='word_1_834' title='bbox 524 5676 784 5740; x_wconf 85' lang='lat' dir='ltr'><strong>dixerint,</strong></span> <span class='ocrx_word' id='word_1_835' title='bbox 808 5675 958 5729; x_wconf 89' lang='lat' dir='ltr'><strong>haud</strong></span> <span class='ocrx_word' id='word_1_836' title='bbox 985 5672 1150 5729; x_wconf 86' lang='lat' dir='ltr'><strong>facile</strong></span> <span class='ocrx_word' id='word_1_837' title='bbox 1189 5674 1512 5729; x_wconf 90' lang='lat' dir='ltr'><strong>crediderim</strong></span> <span class='ocrx_word' id='word_1_838' title='bbox 1549 5673 1696 5727; x_wconf 78' lang='lat' dir='ltr'><strong>illum</strong></span> <span class='ocrx_word' id='word_1_839' title='bbox 1727 5674 1857 5727; x_wconf 87' lang='lat' dir='ltr'><strong>Dio-</strong></span> 
     </span>
    </p>
   </div>
   <div class='ocr_carea' id='block_1_119' title="bbox 290 5742 1860 5816">
    <p class='ocr_par' dir='ltr' id='par_1_119' title="bbox 290 5742 1860 5816">
     <span class='ocr_line' id='line_1_119' title="bbox 290 5742 1860 5816; baseline -0.002 -18"><span class='ocrx_word' id='word_1_840' title='bbox 290 5747 448 5814; x_wconf 85' lang='lat' dir='ltr'><strong>nysio</strong></span> <span class='ocrx_word' id='word_1_841' title='bbox 467 5747 712 5816; x_wconf 82' lang='lat' dir='ltr'><strong>proxime</strong></span> <span class='ocrx_word' id='word_1_842' title='bbox 735 5744 1088 5816; x_wconf 63' lang='lat' dir='ltr'><strong>successisse.</strong></span> <span class='ocrx_word' id='word_1_843' title='bbox 1107 5744 1278 5816; x_wconf 66' lang='lat' dir='ltr'><strong>Certe</strong></span> <span class='ocrx_word' id='word_1_844' title='bbox 1308 5742 1599 5816; x_wconf 85' lang='lat' dir='ltr'><strong>Dionysius</strong></span> <span class='ocrx_word' id='word_1_845' title='bbox 1617 5746 1860 5816; x_wconf 83' lang='lat' dir='ltr'><strong>Areopa-</strong></span> 
     </span>
    </p>
   </div>
   <div class='ocr_carea' id='block_1_120' title="bbox 290 5813 1856 5890">
    <p class='ocr_par' dir='ltr' id='par_1_120' title="bbox 290 5813 1856 5890">
     <span class='ocr_line' id='line_1_120' title="bbox 290 5813 1856 5890; baseline -0.003 -18"><span class='ocrx_word' id='word_1_846' title='bbox 290 5813 429 5886; x_wconf 68' lang='lat' dir='ltr'><strong>gites</strong></span> <span class='ocrx_word' id='word_1_847' title='bbox 471 5813 781 5886; x_wconf 79' lang='lat' dir='ltr'><strong>principatu</strong></span> <span class='ocrx_word' id='word_1_848' title='bbox 826 5815 1123 5875; x_wconf 85' lang='lat' dir='ltr'><strong>Domitiani</strong></span> <span class='ocrx_word' id='word_1_849' title='bbox 1162 5815 1298 5874; x_wconf 84' lang='lat' dir='ltr'><strong>abiit</strong></span> <span class='ocrx_word' id='word_1_850' title='bbox 1341 5830 1374 5872; x_wconf 85' lang='lat' dir='ltr'><strong>e</strong></span> <span class='ocrx_word' id='word_1_851' title='bbox 1402 5813 1552 5890; x_wconf 75' lang='lat' dir='ltr'><strong>vita,</strong></span> <span class='ocrx_word' id='word_1_852' title='bbox 1604 5821 1664 5869; x_wconf 90' lang='lat' dir='ltr'><strong>ut</strong></span> <span class='ocrx_word' id='word_1_853' title='bbox 1713 5813 1856 5869; x_wconf 85' lang='lat' dir='ltr'><strong>inter</strong></span> 
     </span>
    </p>
   </div>
   <div class='ocr_carea' id='block_1_121' title="bbox 861 5921 888 5948">
    <p class='ocr_par' dir='ltr' id='par_1_121' title="bbox 861 5921 888 5948">
     <span class='ocr_line' id='line_1_121' title="bbox 861 5921 888 5948; baseline 0 0"><span class='ocrx_word' id='word_1_854' title='bbox 861 5921 888 5948; x_wconf 63' lang='grc' dir='ltr'><strong>θ’*</strong></span> 
     </span>
    </p>
   </div>
   <div class='ocr_carea' id='block_1_122' title="bbox 1962 4617 3536 4688">
    <p class='ocr_par' dir='ltr' id='par_1_122' title="bbox 1962 4617 3536 4688">
     <span class='ocr_line' id='line_1_122' title="bbox 1962 4617 3536 4688; baseline -0.001 -15"><span class='ocrx_word' id='word_1_855' title='bbox 1962 4617 2084 4676; x_wconf 78' lang='lat' dir='ltr'><strong>dam</strong></span> <span class='ocrx_word' id='word_1_856' title='bbox 2115 4617 2302 4675; x_wconf 83' lang='lat' dir='ltr'><strong>eorum</strong></span> <span class='ocrx_word' id='word_1_857' title='bbox 2337 4622 2530 4685; x_wconf 81' lang='lat' dir='ltr'><strong>fidem,</strong></span> <span class='ocrx_word' id='word_1_858' title='bbox 2565 4620 2818 4688; x_wconf 87' lang='lat' dir='ltr'><strong>cutnjam</strong></span> <span class='ocrx_word' id='word_1_859' title='bbox 2850 4635 2879 4672; x_wconf 92' lang='lat' dir='ltr'><strong>a</strong></span> <span class='ocrx_word' id='word_1_860' title='bbox 2909 4617 3184 4685; x_wconf 83' lang='lat' dir='ltr'><strong>Quadrato</strong></span> <span class='ocrx_word' id='word_1_861' title='bbox 3211 4618 3264 4673; x_wconf 89' lang='lat' dir='ltr'><strong>id</strong></span> <span class='ocrx_word' id='word_1_862' title='bbox 3292 4620 3536 4673; x_wconf 84' lang='lat' dir='ltr'><strong>cumula-</strong></span> 
     </span>
    </p>
   </div>
   <div class='ocr_carea' id='block_1_123' title="bbox 1963 4691 2587 4758">
    <p class='ocr_par' dir='ltr' id='par_1_123' title="bbox 1963 4691 2587 4758">
     <span class='ocr_line' id='line_1_123' title="bbox 1963 4691 2587 4758; baseline -0.002 -14"><span class='ocrx_word' id='word_1_863' title='bbox 1963 4701 2016 4747; x_wconf 94' lang='lat' dir='ltr'><strong>te</strong></span> <span class='ocrx_word' id='word_1_864' title='bbox 2051 4692 2347 4758; x_wconf 70' lang='lat' dir='ltr'><strong>prazstitum</strong></span> <span class='ocrx_word' id='word_1_865' title='bbox 2375 4691 2587 4744; x_wconf 85' lang='lat' dir='ltr'><strong>fuisset.</strong></span> 
     </span>
    </p>
   </div>
   <div class='ocr_carea' id='block_1_124' title="bbox 2031 4757 3539 4832">
    <p class='ocr_par' dir='ltr' id='par_1_124' title="bbox 2031 4757 3539 4832">
     <span class='ocr_line' id='line_1_124' title="bbox 2031 4757 3539 4832; baseline -0.003 -16"><span class='ocrx_word' id='word_1_866' title='bbox 2031 4757 2143 4832; x_wconf 73' lang='lat'><strong>(30)</strong></span> <span class='ocrx_word' id='word_1_867' title='bbox 2197 4760 2350 4832; x_wconf 68' lang='lat' dir='ltr'><strong>Vulg.</strong></span> <span class='ocrx_word' id='word_1_868' title='bbox 2417 4758 2499 4824; x_wconf 84' lang='grc' dir='ltr'>τῷ</span> <span class='ocrx_word' id='word_1_869' title='bbox 2568 4757 2680 4828; x_wconf 78' lang='grc' dir='ltr'>τῆς</span> <span class='ocrx_word' id='word_1_870' title='bbox 2744 4757 3116 4832; x_wconf 57' lang='grc' dir='ltr'><strong>Δἶίξκκλησίας</strong></span> <span class='ocrx_word' id='word_1_871' title='bbox 3180 4758 3539 4832; x_wconf 60' lang='grc' dir='ltr'>παρίσταται</span> 
     </span>
    </p>
   </div>
   <div class='ocr_carea' id='block_1_125' title="bbox 1960 4828 3534 4901">
    <p class='ocr_par' dir='ltr' id='par_1_125' title="bbox 1960 4828 3534 4901">
     <span class='ocr_line' id='line_1_125' title="bbox 1960 4828 3534 4901; baseline 0 -18"><span class='ocrx_word' id='word_1_872' title='bbox 1960 4828 2188 4886; x_wconf 52' lang='grc' dir='ltr'>κανόνι.</span> <span class='ocrx_word' id='word_1_873' title='bbox 2220 4900 2225 4901; x_wconf 13' lang='grc' dir='ltr'><strong>γ</strong></span> <span class='ocrx_word' id='word_1_874' title='bbox 2256 4828 2593 4901; x_wconf 71' lang='grc' dir='ltr'>Μοεριιοτιιε</span> <span class='ocrx_word' id='word_1_875' title='bbox 2648 4835 2700 4883; x_wconf 89' lang='lat' dir='ltr'><strong>in</strong></span> <span class='ocrx_word' id='word_1_876' title='bbox 2740 4828 2851 4901; x_wconf 31' lang='lat' dir='ltr'><strong>iiba</strong></span> <span class='ocrx_word' id='word_1_877' title='bbox 2885 4842 2959 4901; x_wconf 88' lang='lat' dir='ltr'><strong>tv_,</strong></span> <span class='ocrx_word' id='word_1_878' title='bbox 3018 4842 3139 4896; x_wconf 88' lang='lat' dir='ltr'><strong>cap.</strong></span> <span class='ocrx_word' id='word_1_879' title='bbox 3190 4829 3260 4901; x_wconf 61' lang='lat' dir='ltr'><strong>8L</strong></span> <span class='ocrx_word' id='word_1_880' title='bbox 3304 4844 3401 4899; x_wconf 85' lang='lat' dir='ltr'><strong>pro</strong></span> <span class='ocrx_word' id='word_1_881' title='bbox 3450 4832 3534 4901; x_wconf 74' lang='lat' dir='ltr'><strong>b&#39;s</strong></span> 
     </span>
    </p>
   </div>
   <div class='ocr_carea' id='block_1_126' title="bbox 1961 4896 3538 4969">
    <p class='ocr_par' dir='ltr' id='par_1_126' title="bbox 1961 4896 3538 4969">
     <span class='ocr_line' id='line_1_126' title="bbox 1961 4896 3538 4969; baseline -0.002 -16"><span class='ocrx_word' id='word_1_882' title='bbox 1961 4904 2143 4955; x_wconf 87' lang='lat' dir='ltr'><strong>verbis</strong></span> <span class='ocrx_word' id='word_1_883' title='bbox 2216 4900 2331 4954; x_wconf 71' lang='lat' dir='ltr'><strong>hmc</strong></span> <span class='ocrx_word' id='word_1_884' title='bbox 2388 4896 2614 4969; x_wconf 66' lang='lat' dir='ltr'><strong>posuit,</strong></span> <span class='ocrx_word' id='word_1_885' title='bbox 2697 4897 2774 4969; x_wconf 86' lang='grc' dir='ltr'><strong>τῷ</strong></span> <span class='ocrx_word' id='word_1_886' title='bbox 2838 4896 3271 4969; x_wconf 71' lang='grc' dir='ltr'>ἐκκλησιαστικῴ</span> <span class='ocrx_word' id='word_1_887' title='bbox 3309 4896 3318 4899; x_wconf 13' lang='grc' dir='ltr'><em>ἡ</em></span> <span class='ocrx_word' id='word_1_888' title='bbox 3352 4899 3538 4951; x_wconf 84' lang='grc' dir='ltr'>κανόνι</span> 
     </span>
    </p>
   </div>
   <div class='ocr_carea' id='block_1_127' title="bbox 1961 4968 3533 5042">
    <p class='ocr_par' dir='ltr' id='par_1_127' title="bbox 1961 4968 3533 5042">
     <span class='ocr_line' id='line_1_127' title="bbox 1961 4968 3533 5042; baseline -0.003 -18"><span class='ocrx_word' id='word_1_889' title='bbox 1961 4974 2180 5042; x_wconf 85' lang='grc' dir='ltr'>στοιχεῖ,</span> <span class='ocrx_word' id='word_1_890' title='bbox 2222 4969 2276 5024; x_wconf 87' lang='lat' dir='ltr'><strong>id</strong></span> <span class='ocrx_word' id='word_1_891' title='bbox 2310 4968 2419 5042; x_wconf 77' lang='lat' dir='ltr'><strong>est</strong></span> <span class='ocrx_word' id='word_1_892' title='bbox 2443 4968 3036 5042; x_wconf 73' lang='lat' dir='ltr'><strong>ecclesiastiew_regul_t_e</strong></span> <span class='ocrx_word' id='word_1_893' title='bbox 3090 4968 3305 5042; x_wconf 81' lang='lat' dir='ltr'><strong>insistit.</strong></span> <span class='ocrx_word' id='word_1_894' title='bbox 3340 4970 3395 5021; x_wconf 90' lang='lat' dir='ltr'><strong>In</strong></span> <span class='ocrx_word' id='word_1_895' title='bbox 3425 4984 3533 5042; x_wconf 87' lang='lat' dir='ltr'><strong>quo</strong></span> 
     </span>
    </p>
   </div>
   <div class='ocr_carea' id='block_1_128' title="bbox 1965 5038 3531 5109">
    <p class='ocr_par' dir='ltr' id='par_1_128' title="bbox 1965 5038 3531 5109">
     <span class='ocr_line' id='line_1_128' title="bbox 1965 5038 3531 5109; baseline -0.001 -15"><span class='ocrx_word' id='word_1_896' title='bbox 1965 5038 2186 5096; x_wconf 83' lang='lat' dir='ltr'><strong>sensum</strong></span> <span class='ocrx_word' id='word_1_897' title='bbox 2228 5040 2446 5109; x_wconf 90' lang='lat' dir='ltr'><strong>quidem</strong></span> <span class='ocrx_word' id='word_1_898' title='bbox 2477 5041 2742 5107; x_wconf 79' lang='lat' dir='ltr'><strong>expressit</strong></span> <span class='ocrx_word' id='word_1_899' title='bbox 2792 5038 3033 5103; x_wconf 88' lang='lat' dir='ltr'><strong>Eusebii,</strong></span> <span class='ocrx_word' id='word_1_900' title='bbox 3092 5039 3186 5092; x_wconf 89' lang='lat' dir='ltr'><strong>sed</strong></span> <span class='ocrx_word' id='word_1_901' title='bbox 3238 5041 3349 5109; x_wconf 80' lang='lat' dir='ltr'><strong>vim</strong></span> <span class='ocrx_word' id='word_1_902' title='bbox 3382 5041 3531 5092; x_wconf 82' lang='lat' dir='ltr'><strong>verbi</strong></span> 
     </span>
    </p>
   </div>
   <div class='ocr_carea' id='block_1_129' title="bbox 1960 5107 3537 5183">
    <p class='ocr_par' dir='ltr' id='par_1_129' title="bbox 1960 5107 3537 5183">
     <span class='ocr_line' id='line_1_129' title="bbox 1960 5107 3537 5183; baseline 0 -19"><span class='ocrx_word' id='word_1_903' title='bbox 1960 5107 2290 5183; x_wconf 75' lang='grc' dir='ltr'>παρίσταται</span> <span class='ocrx_word' id='word_1_904' title='bbox 2346 5125 2452 5183; x_wconf 82' lang='lat' dir='ltr'><strong>non</strong></span> <span class='ocrx_word' id='word_1_905' title='bbox 2491 5119 2574 5183; x_wconf 78' lang='lat' dir='ltr'><strong>est</strong></span> <span class='ocrx_word' id='word_1_906' title='bbox 2630 5118 2929 5183; x_wconf 83' lang='lat' dir='ltr'><strong>assecutus.</strong></span> <span class='ocrx_word' id='word_1_907' title='bbox 2963 5108 3090 5183; x_wconf 78' lang='lat' dir='ltr'><strong>Vox_</strong></span> <span class='ocrx_word' id='word_1_908' title='bbox 3118 5117 3202 5163; x_wconf 86' lang='lat' dir='ltr'><strong>est</strong></span> <span class='ocrx_word' id='word_1_909' title='bbox 3250 5107 3537 5183; x_wconf 77' lang='lat' dir='ltr'><strong>familiaris</strong></span> 
     </span>
    </p>
   </div>
   <div class='ocr_carea' id='block_1_130' title="bbox 1963 5178 3531 5250">
    <p class='ocr_par' dir='ltr' id='par_1_130' title="bbox 1963 5178 3531 5250">
     <span class='ocr_line' id='line_1_130' title="bbox 1963 5178 3531 5250; baseline -0.002 -15"><span class='ocrx_word' id='word_1_910' title='bbox 1963 5178 2194 5236; x_wconf 64' lang='lat' dir='ltr'><strong>EuSebio</strong></span> <span class='ocrx_word' id='word_1_911' title='bbox 2240 5178 2627 5250; x_wconf 86' lang='grc' dir='ltr'>παρίστασθαι,</span> <span class='ocrx_word' id='word_1_912' title='bbox 2660 5194 2782 5250; x_wconf 76' lang='lat' dir='ltr'><strong>quae</strong></span> <span class='ocrx_word' id='word_1_913' title='bbox 2824 5179 2962 5233; x_wconf 85' lang='lat' dir='ltr'><strong>idem</strong></span> <span class='ocrx_word' id='word_1_914' title='bbox 3008 5178 3150 5250; x_wconf 76' lang='lat' dir='ltr'><strong>valet</strong></span> <span class='ocrx_word' id='word_1_915' title='bbox 3179 5193 3243 5233; x_wconf 84' lang='lat' dir='ltr'><strong>ac</strong></span> <span class='ocrx_word' id='word_1_916' title='bbox 3289 5178 3531 5250; x_wconf 63' lang='lat' dir='ltr'><strong>probare,</strong></span> 
     </span>
    </p>
   </div>
   <div class='ocr_carea' id='block_1_131' title="bbox 1959 5247 3533 5317">
    <p class='ocr_par' dir='ltr' id='par_1_131' title="bbox 1959 5247 3533 5317">
     <span class='ocr_line' id='line_1_131' title="bbox 1959 5247 3533 5317; baseline -0.003 -12"><span class='ocrx_word' id='word_1_917' title='bbox 1959 5262 2213 5314; x_wconf 85' lang='lat' dir='ltr'><strong>astruere,</strong></span> <span class='ocrx_word' id='word_1_918' title='bbox 2243 5247 2558 5317; x_wconf 80' lang='lat' dir='ltr'><strong>conﬁrmare</strong></span> <span class='ocrx_word' id='word_1_919' title='bbox 2586 5264 2650 5302; x_wconf 90' lang='lat' dir='ltr'><strong>ac</strong></span> <span class='ocrx_word' id='word_1_920' title='bbox 2676 5249 2976 5317; x_wconf 81' lang='lat' dir='ltr'><strong>defendere,</strong></span> <span class='ocrx_word' id='word_1_921' title='bbox 2997 5257 3055 5302; x_wconf 93' lang='lat' dir='ltr'><strong>ut</strong></span> <span class='ocrx_word' id='word_1_922' title='bbox 3083 5247 3172 5301; x_wconf 89' lang='lat' dir='ltr'><strong>hic</strong></span> <span class='ocrx_word' id='word_1_923' title='bbox 3194 5252 3359 5302; x_wconf 88' lang='lat' dir='ltr'><strong>vertit</strong></span> <span class='ocrx_word' id='word_1_924' title='bbox 3382 5247 3533 5301; x_wconf 78' lang='lat' dir='ltr'><strong>Ruti-</strong></span> 
     </span>
    </p>
   </div>
   <div class='ocr_carea' id='block_1_132' title="bbox 1960 5318 3530 5387">
    <p class='ocr_par' dir='ltr' id='par_1_132' title="bbox 1960 5318 3530 5387">
     <span class='ocr_line' id='line_1_132' title="bbox 1960 5318 3530 5387; baseline -0.004 -10"><span class='ocrx_word' id='word_1_925' title='bbox 1960 5337 2082 5377; x_wconf 88' lang='lat' dir='ltr'><strong>nus.</strong></span> <span class='ocrx_word' id='word_1_926' title='bbox 2128 5320 2221 5376; x_wconf 88' lang='lat' dir='ltr'><strong>Sic</strong></span> <span class='ocrx_word' id='word_1_927' title='bbox 2250 5319 2514 5374; x_wconf 79' lang='lat' dir='ltr'><strong>Eusebius</strong></span> <span class='ocrx_word' id='word_1_928' title='bbox 2548 5318 2687 5373; x_wconf 90' lang='lat' dir='ltr'><strong>infra</strong></span> <span class='ocrx_word' id='word_1_929' title='bbox 2720 5319 2773 5370; x_wconf 91' lang='lat' dir='ltr'><strong>in</strong></span> <span class='ocrx_word' id='word_1_930' title='bbox 2802 5320 2977 5387; x_wconf 88' lang='lat' dir='ltr'><strong>capite</strong></span> <span class='ocrx_word' id='word_1_931' title='bbox 3005 5319 3196 5373; x_wconf 90' lang='lat' dir='ltr'><strong>ultimo</strong></span> <span class='ocrx_word' id='word_1_932' title='bbox 3223 5318 3385 5387; x_wconf 83' lang='lat' dir='ltr'><strong>hujus</strong></span> <span class='ocrx_word' id='word_1_933' title='bbox 3410 5318 3530 5371; x_wconf 90' lang='lat' dir='ltr'><strong>libri</strong></span> 
     </span>
    </p>
   </div>
   <div class='ocr_carea' id='block_1_133' title="bbox 1960 5388 3532 5460">
    <p class='ocr_par' dir='ltr' id='par_1_133' title="bbox 1960 5388 3532 5460">
     <span class='ocr_line' id='line_1_133' title="bbox 1960 5388 3532 5460; baseline -0.005 -13"><span class='ocrx_word' id='word_1_934' title='bbox 1960 5393 2029 5447; x_wconf 91' lang='lat' dir='ltr'><strong>de</strong></span> <span class='ocrx_word' id='word_1_935' title='bbox 2085 5389 2422 5460; x_wconf 84' lang='lat' dir='ltr'><strong>Bardessane</strong></span> <span class='ocrx_word' id='word_1_936' title='bbox 2457 5388 2927 5460; x_wconf 75' lang='lat' dir='ltr'><strong>loquens:ixotvib;</strong></span> <span class='ocrx_word' id='word_1_937' title='bbox 2964 5388 3043 5460; x_wconf 83' lang='grc' dir='ltr'>τῷ</span> <span class='ocrx_word' id='word_1_938' title='bbox 3086 5388 3532 5460; x_wconf 14' lang='grc' dir='ltr'>λόγῳγπαριστα-</span> 
     </span>
    </p>
   </div>
   <div class='ocr_carea' id='block_1_134' title="bbox 1963 5458 3526 5531">
    <p class='ocr_par' dir='ltr' id='par_1_134' title="bbox 1963 5458 3526 5531">
     <span class='ocr_line' id='line_1_134' title="bbox 1963 5458 3526 5531; baseline -0.004 -16"><span class='ocrx_word' id='word_1_939' title='bbox 1963 5460 2129 5531; x_wconf 63' lang='grc' dir='ltr'>μένῳέ</span> <span class='ocrx_word' id='word_1_940' title='bbox 2144 5475 2307 5530; x_wconf 90' lang='lat' dir='ltr'><strong>quem</strong></span> <span class='ocrx_word' id='word_1_941' title='bbox 2340 5458 2515 5531; x_wconf 83' lang='lat' dir='ltr'><strong>locum</strong></span> <span class='ocrx_word' id='word_1_942' title='bbox 2552 5473 2656 5531; x_wconf 84' lang='lat' dir='ltr'><strong>non</strong></span> <span class='ocrx_word' id='word_1_943' title='bbox 2690 5459 2959 5531; x_wconf 80' lang='lat' dir='ltr'><strong>intellexit</strong></span> <span class='ocrx_word' id='word_1_944' title='bbox 2980 5458 3526 5531; x_wconf 68' lang='lat' dir='ltr'><strong>Christophorsouns.</strong></span> 
     </span>
    </p>
   </div>
   <div class='ocr_carea' id='block_1_135' title="bbox 2029 5527 3530 5604">
    <p class='ocr_par' dir='ltr' id='par_1_135' title="bbox 2029 5527 3530 5604">
     <span class='ocr_line' id='line_1_135' title="bbox 2029 5527 3530 5604; baseline -0.006 -18"><span class='ocrx_word' id='word_1_945' title='bbox 2029 5527 2141 5604; x_wconf 69' lang='grc'><strong>(51)</strong></span> <span class='ocrx_word' id='word_1_946' title='bbox 2161 5527 2314 5584; x_wconf 70' lang='lat' dir='ltr'><strong>&quot;Are</strong></span> <span class='ocrx_word' id='word_1_947' title='bbox 2343 5527 2446 5604; x_wconf 48' lang='lat'><strong>5391</strong></span> <span class='ocrx_word' id='word_1_948' title='bbox 2487 5528 2587 5583; x_wconf 74' lang='grc' dir='ltr'><strong>ἐπὶ</strong></span> <span class='ocrx_word' id='word_1_949' title='bbox 2638 5528 2973 5604; x_wconf 48' lang='grc' dir='ltr'>πλείσταις.</span> <span class='ocrx_word' id='word_1_950' title='bbox 3024 5528 3096 5582; x_wconf 89' lang='lat' dir='ltr'><strong>Ita</strong></span> <span class='ocrx_word' id='word_1_951' title='bbox 3122 5528 3530 5604; x_wconf 43' lang='lat' dir='ltr'><strong>legiturjtacof</strong></span> 
     </span>
    </p>
   </div>
   <div class='ocr_carea' id='block_1_136' title="bbox 1958 5593 3534 5671">
    <p class='ocr_par' dir='ltr' id='par_1_136' title="bbox 1958 5593 3534 5671">
     <span class='ocr_line' id='line_1_136' title="bbox 1958 5593 3534 5671; baseline -0.007 -15"><span class='ocrx_word' id='word_1_952' title='bbox 1958 5593 2081 5657; x_wconf 70' lang='lat' dir='ltr'><strong>dice</strong></span> <span class='ocrx_word' id='word_1_953' title='bbox 2108 5593 2302 5671; x_wconf 77' lang='lat' dir='ltr'><strong>Regio.</strong></span> <span class='ocrx_word' id='word_1_954' title='bbox 2341 5593 2447 5654; x_wconf 83' lang='lat' dir='ltr'><strong>Sed</strong></span> <span class='ocrx_word' id='word_1_955' title='bbox 2493 5609 2603 5655; x_wconf 86' lang='lat' dir='ltr'><strong>tres</strong></span> <span class='ocrx_word' id='word_1_956' title='bbox 2623 5601 2841 5671; x_wconf 80' lang='lat' dir='ltr'><strong>reliqui,</strong></span> <span class='ocrx_word' id='word_1_957' title='bbox 2891 5593 3027 5654; x_wconf 65' lang='grc' dir='ltr'><strong>Μαι.</strong></span> <span class='ocrx_word' id='word_1_958' title='bbox 3060 5593 3285 5671; x_wconf 78' lang='lat' dir='ltr'><strong>scilicet,</strong></span> <span class='ocrx_word' id='word_1_959' title='bbox 3309 5593 3448 5647; x_wconf 83' lang='lat' dir='ltr'><strong>Med.</strong></span> <span class='ocrx_word' id='word_1_960' title='bbox 3478 5601 3534 5671; x_wconf 77' lang='lat' dir='ltr'><strong>et</strong></span> 
     </span>
    </p>
   </div>
   <div class='ocr_carea' id='block_1_137' title="bbox 1959 5662 3532 5741">
    <p class='ocr_par' dir='ltr' id='par_1_137' title="bbox 1959 5662 3532 5741">
     <span class='ocr_line' id='line_1_137' title="bbox 1959 5662 3532 5741; baseline -0.008 -15"><span class='ocrx_word' id='word_1_961' title='bbox 1959 5672 2117 5737; x_wconf 84' lang='lat' dir='ltr'><strong>Fuk.,</strong></span> <span class='ocrx_word' id='word_1_962' title='bbox 2149 5662 2406 5741; x_wconf 67' lang='lat' dir='ltr'><strong>scriptum</strong></span> <span class='ocrx_word' id='word_1_963' title='bbox 2453 5670 2653 5727; x_wconf 86' lang='lat' dir='ltr'><strong>habent</strong></span> <span class='ocrx_word' id='word_1_964' title='bbox 2708 5662 2784 5733; x_wconf 74' lang='grc' dir='ltr'>ὥς</span> <span class='ocrx_word' id='word_1_965' title='bbox 2820 5670 2884 5725; x_wconf 79' lang='grc' dir='ltr'>ἂν</span> <span class='ocrx_word' id='word_1_966' title='bbox 2921 5670 3013 5724; x_wconf 76' lang='grc' dir='ltr'><strong>ἐπὶ</strong></span> <span class='ocrx_word' id='word_1_967' title='bbox 3051 5666 3351 5730; x_wconf 86' lang='grc' dir='ltr'>πλείσταις,</span> <span class='ocrx_word' id='word_1_968' title='bbox 3388 5662 3532 5731; x_wconf 80' lang='lat' dir='ltr'><strong>quod</strong></span> 
     </span>
    </p>
   </div>
   <div class='ocr_carea' id='block_1_138' title="bbox 1960 5744 2225 5800">
    <p class='ocr_par' dir='ltr' id='par_1_138' title="bbox 1960 5744 2225 5800">
     <span class='ocr_line' id='line_1_138' title="bbox 1960 5744 2225 5800; baseline 0.008 -3"><span class='ocrx_word' id='word_1_969' title='bbox 1960 5744 2100 5800; x_wconf 87' lang='lat' dir='ltr'><strong>idem</strong></span> <span class='ocrx_word' id='word_1_970' title='bbox 2121 5754 2225 5800; x_wconf 83' lang='lat' dir='ltr'><strong>est.</strong></span> 
     </span>
    </p>
   </div>
   <div class='ocr_carea' id='block_1_139' title="bbox 3556 710 3562 750">
    <p class='ocr_par' dir='ltr' id='par_1_139' title="bbox 3556 710 3562 750">
     <span class='ocr_line' id='line_1_139' title="bbox 3556 710 3562 750; baseline 0 0"><span class='ocrx_word' id='word_1_971' title='bbox 3556 710 3562 750; x_wconf 88' lang='lat' dir='ltr'><strong>l</strong></span> 
     </span>
    </p>
   </div>
  </div>
