4198 6396
638 286 747 344 387

1351 283 1622 341 EUSEBII
1660 283 2142 343 CESABIENSIS
2182 286 2333 345 ΟΡΡ.
2371 289 2552 347 PARS
2594 291 2634 347 ι.
2675 324 2745 334 -
2784 292 3179 353 HISTOBICA.

3814 307 3955 364 388·

636 405 951 460 continetur
973 403 1137 459 etiam
1169 402 1397 475 epistola
1425 405 1493 459 ad
1516 403 1802 470 Gnossios,
1836 405 1888 459 in
1921 421 2027 475 qua
2056 406 2214 479 Piny-

2325 409 2574 479 ἀδελφοῖς
2608 411 2932 476 ἐπιτιθέναι,
2965 414 3066 484 τῆς
3107 413 3165 467 δὲ
3197 414 3308 469 τῶν
3343 415 3556 472 πολλῶν
3578 423 3923 493 καταστοχάα

635 505 753 551 tum
780 496 1040 553 Ecclesiae
1070 496 1215 550 illius
1238 497 1558 566 episcopum
1587 506 1792 561 monet,
1817 513 1886 553 ne
1902 514 2066 570 grave
2087 516 2227 557 onus

578 594 581 601 ’
637 591 912 645 castitatis
951 588 1192 643 fratrum
1226 590 1532 645 cervicibus
1557 598 1812 659 tauquam
1855 594 2224 648 necessarium

639 682 906 750 imponat,
934 680 1027 736 sed
1061 681 1178 747 ejus
1204 694 1327 750 qua:
1362 680 1415 735 in
1441 681 1717 751 plerisque
1745 681 2057 738 hominibus
2083 684 2229 739 inest

634 772 973 828 infirmitatis
1020 772 1290 826 rationem
1322 771 1542 828 habeat.
1582 770 1682 826 Cui
1720 772 1968 843 epistola:
1993 788 2226 845 reSpon-

634 868 772 922 deus
804 877 991 935 postea
1024 864 1276 937 Pinytus,
1301 865 1669 921 admiratione
1696 867 1915 935 quidem
1950 882 2014 923 ac
2044 867 2226 924 laudi-

633 956 737 1012 bus
762 958 922 1014 eﬂ'ert
951 960 1220 1029 imprimis
1242 958 1562 1029 Dionysium
1589 977 1603 1013 :
1629 958 1723 1014 sed
1751 968 1931 1015 tamen
1954 961 2225 1029 hortatur,

631 1060 697 1103 ut
718 1051 1030 1107 solidiorem
1051 1051 1233 1105 cibum
1261 1052 1483 1105 tandem
1513 1049 1819 1119 impertiat,
1847 1060 1904 1107 et
1937 1052 2227 1107 transmis-

636 1146 712 1199 sis
745 1144 943 1200 iterum
975 1143 1321 1213 perfectioris
1357 1144 1618 1199 doctrina:
1643 1143 1845 1199 litteris
1872 1143 2086 1212 plebem
2117 1146 2223 1201 sibi

635 1238 988 1290 commissam
1018 1235 1164 1290 alere
1192 1236 1360 1291 velit:
1386 1251 1454 1292 ne
1490 1235 1633 1292 forte
1662 1237 1859 1293 lacteis
1882 1240 2225 1295 sermonibus

635 1337 899 1398 perpetuo
929 1328 1181 1383 innutriti
1220 1329 1491 1393 homines,
1512 1329 1565 1383 in
1593 1329 1826 1383 infantili
1856 1330 2092 1399 quadam
2117 1330 2227 1385 dis~

634 1418 831 1485 cipliua
885 1419 1148 1484 paulatim
1212 1431 1630 1474 consenescunt.
1672 1419 1803 1486 Quae
1847 1420 2068 1487 quidem
2110 1421 2227 1491 epi-

634 1510 772 1564 stola
805 1519 862 1565 et
909 1520 1114 1565 rectam
1150 1511 1328 1582 Piuyti
1368 1510 1550 1578 fidem,
1601 1520 1655 1565 et
1701 1512 2119 1568 sollicitudinem
2158 1514 2227 1568 de

632 1604 881 1669 profectu
910 1604 1087 1674 plebis
1115 1605 1214 1675 ipsi
1241 1604 1565 1671 commissae,
1591 1605 1963 1675 eloquentiam
2006 1620 2224 1676 quoque

633 1706 689 1751 ct
722 1698 973 1767 peritiam
999 1714 1180 1753 rerum
1207 1697 1544 1760 divinarum,
1569 1697 1718 1754 velut
1755 1697 1951 1753 labella
1977 1700 2216 1767 quadam

2329 499 2517 565 ζεσθαι
2564 500 2870 567 ἀσθενείας.
2915 504 3060 575 Πρὸς
3091 504 3158 575 ἢν
3197 506 3227 558 ὁ
3268 506 3498 572 Πινυτδς
3537 509 3916 583 ἀντιγράφων,

2328 591 2599 664 θαυμάζει
2641 594 2741 665 μὲν
2773 596 2868 649 καὶ
2904 596 3227 667 ἀποδέχεται
3250 597 3343 653 τὸν
3370 600 3664 668 Διονύσιον,
3690 604 3926 661 ἀντιπα-

2330 685 2559 756 ρακαλεῖ
2578 684 2636 739 δὲ
2660 686 3022 759 στερροτέρας
3042 687 3144 759 ἤδη
3171 690 3303 744 ποτὲ
3326 693 3666 762 μεταδιδόναι
3686 698 3919 769 τροφῆς,

2326 778 2682 849 τελειοτέροις
2707 779 3030 851 γράμμασιν
3072 781 3318 848 εἰσαῦθις
3357 784 3450 838 τὸν
3478 786 3570 839 ὑπ’
3596 787 3748 869 αυτῷ
3792 787 3921 843 λαὸν

2327 868 2732 940 ὑποθρέψαντα,
2782 868 2858 931 ὡς
2910 867 2985 940 μὴ
3026 868 3303 935 διατέλους
3345 874 3459 938 τοῖς
3509 867 3920 942 γαλακτώδεσιν

2326 960 2756 1032 ἐνδιατρίϐοντες
2800 961 3001 1030 λόγοις,
3041 965 3109 1035 τῇ
3156 965 3417 1035 νηπιὼδει
3461 966 3651 1038 ἀγωγῇ
3700 967 3916 1023 λάθοιεν

2326 1052 2831 1124 καταγηράσαντες.
2868 1054 2947 1108 Δι’
2974 1050 3043 1127 ἧς
3072 1055 3360 1127 ἐπιστολῆς
3381 1056 3527 1128 καὶὴ
3560 1057 3655 1110 τοῦ
3681 1057 3915 1114 Πινυτοῦ

2326 1145 2458 1216 περὶ
2496 1144 2595 1216 τὴν
2630 1144 2812 1200 πίστιν
2852 1145 3133 1219 ὀρθοδοξία
3162 1164 3222 1200 τε
3252 1148 3347 1201 καὶ
3386 1148 3610 1219 φροντὶς
3656 1150 3757 1220 τῆς
3801 1150 3912 1204 τῶν

2326 1238 2584 1310 ὑπηκόων
2611 1239 2898 1310 ὡφελείας,
2920 1242 2981 1295 τό
2999 1258 3059 1296 τε
3085 1240 3264 1308 λόγιον
3305 1240 3399 1294 καὶ
3427 1242 3461 1312 ὴ
3508 1242 3637 1314 περὶ
3680 1242 3751 1296 τὰ
3792 1242 3913 1299 θεῖα

2326 1329 2564 1395 σύνεσις,
2595 1330 2673 1394 ὼς
2715 1330 2785 1383 δι’
2818 1329 3222 1402 ἀκριϐεστάτης
3265 1329 3645 1385 ἀναδείκνυται
3680 1332 3908 1396 εἰκόνος.

2330 1421 2453 1474 Ἔτι
2496 1418 2591 1473 τοῦ
2640 1420 2915 1473 Διονυσίου
2963 1420 3057 1473 καὶ
3105 1420 3245 1492 πρὸς
3307 1419 3612 1491 Ῥωμαίους
3652 1421 3912 1495 ἐπιστολὴ

2326 1511 2573 1583 φέρεται,
2616 1512 2900 1583 ἐπισκόπῳ
2940 1511 3017 1583 τῷ
3067 1510 3188 1565 τότε
3230 1511 3445 1583 Σωτῆρι
3493 1512 3908 1583 προσφωνοῦσα.

2337 1606 2428 1671 Ἐξ
2450 1601 2517 1678 ἦς
2547 1606 2699 1661 οὐδὲν
2730 1600 2842 1660 οἷον
2870 1606 2931 1659 τὸ
2964 1605 3060 1659 καὶ
3091 1604 3435 1677 παραθέσθαι
3466 1603 3643 1671 λέξεις
3672 1605 3807 1672 ('52),
3838 1606 3911 1662 δι’

2324 1688 2403 1749 ὧν
2432 1696 2494 1749 τὸ
2524 1695 2686 1767 μέχρι
2722 1693 2819 1747 τοῦ
2849 1694 2971 1748 καθ’
2998 1695 3148 1764 ἡμᾶς
3180 1692 3423 1764 διωγμοῦ
3463 1693 3736 1765 φυλαχθὲν
3775 1697 3913 1751 Ῥω-

632 1788 776 1856 picta
811 1789 1029 1859 egregie
1073 1796 1489 1844 commonstrat.
1528 1787 1723 1842 Exstat
1773 1788 1941 1843 etiam
1982 1789 2212 1858 epistola

2321 1788 2498 1860 μαίων
2531 1787 2650 1851 ἔθος
2682 1786 2795 1858 (55)
2825 1786 3244 1857 ἀποδεχόμενος,
3272 1785 3448 1840 ταῦτα
3475 1787 3707 1857 γράφειο
3749 1806 3769 1840 ι
3817 1788 3913 1857 Ἐξ

632 1877 874 1947 ejusdem
907 1878 1152 1950 Dionysii
1185 1880 1251 1933 ad
1281 1878 1777 1943 Romanos,Soteri
1810 1888 1938 1935 tunc
1956 1883 2218 1952 temporis

631 1975 886 2042 episcopo
911 1972 1101 2029 Romae
1118 1974 1267 2029 urbis
1295 1984 1627 2045 nuncupata,
1646 1988 1711 2027 ex
1738 1989 1843 2043 qua
1868 1989 2039 2044 pauca
2069 1990 2219 2045 quae-

631 2066 759 2119 dum
785 2065 874 2120 hic
900 2066 1145 2121 inserere
1185 2082 1292 2120 non
1337 2068 1636 2122 absurdum
1672 2066 1855 2134 fuerit,
1880 2065 1969 2121 ubi
2008 2067 2217 2121 scilicet

628 2160 721 2215 ille
773 2174 980 2215 morem
1035 2160 1457 2230 institutumque
1508 2160 1898 2227 Romanorum,
1946 2159 2105 2233 15,5
2147 2160 2214 2215 ad

626 2252 1061 2318 persecutionem
1088 2264 1260 2321 usque
1291 2260 1482 2306 nostra
1513 2260 1676 2306 aetate
1719 2250 1918 2307 factam
1951 2261 2216 2322 perpetuo

626 2343 963 2398 custoditum
1017 2357 1350 2415 magnopere
1391 2344 1812 2409 commendans,
1852 2345 1926 2400 ita
1975 2345 2211 2401 scribit:

631 2454 653 2489 ι
689 2435 818 2491 Haec
849 2437 1021 2501 enim,
1053 2437 1249 2504 inquit,
1283 2438 1440 2493 vobis
1470 2436 1810 2494 consuetudo
1839 2446 1923 2491 est
1945 2435 2059 2506 jam
2089 2435 2217 2491 inde

629 2529 702 2583 ab
739 2529 858 2597 ipso
894 2528 1181 2596 religionis
1213 2528 1463 2595 exordio,
1511 2538 1571 2584 ut
1604 2528 1806 2583 fratres
1836 2542 2029 2583 omnes
2060 2528 2217 2583 vario

627 2618 1019 2673 beneficiorum
1090 2633 1291 2689 genere
1331 2619 1600 2682 aﬂiciatis,
1650 2627 1706 2673 et
1740 2617 2002 2674 Ecclesiis
2022 2633 2213 2689 quam-

626 2709 899 2780 plurimis,
924 2726 1051 2780 qua:
1080 2711 1134 2765 in
1170 2711 1400 2779 singulis
1443 2710 1671 2767 urbibus
1707 2713 2016 2766 constituta:
2066 2720 2214 2777 sunt,

628 2804 939 2858 necessaria
972 2805 1095 2858 vita:
1126 2804 1368 2860 subsidia
1423 2804 1848 2871 transmittatis;
1888 2814 1944 2860 et
1973 2804 2076 2859 hac
2122 2820 2212 2859 ra-

629 2891 779 2946 tione
806 2902 916 2946 tum
945 2893 1220 2963 egentium
1249 2894 1489 2964 inopiam
1519 2893 1838 2958 sublevatis,
1876 2903 1988 2948 tum
2021 2892 2213 2949 fratri-

627 2984 730 3038 bus
753 2984 844 3054 qui
887 2986 940 3039 in
984 2985 1218 3040 metallis
1240 3000 1376 3055 opus
1403 2984 1629 3050 faciunt,
1665 2987 1979 3041 necessaria
2015 2999 2217 3056 suppe-

629 3074 817 3131 ditatis
841 3095 854 3131 :
884 3092 982 3147 per
1016 3078 1131 3133 haec
1157 3093 1277 3147 qua:
1299 3080 1367 3134 ab
1395 3077 1554 3133 initio
1576 3078 1954 3134 transmittere
1982 3093 2215 3133 consue-

625 3169 786 3224 vistis
815 3184 1066 3236 munera,
1090 3185 1300 3226 morem
1336 3170 1755 3242 institutumque
1782 3170 2155 3226 Romanorum
2182 3185 2213 3223 a

628 3259 927 3327 maioribus
962 3262 1160 3318 vestris
1182 3272 1470 3332 acceptum
1503 3262 1733 3318 Romani
1772 3262 2092 3319 retinentes.
2119 3264 2215 3317 At-

620 3366 732 3422 que
764 3352 909 3408 hunc
933 3368 1142 3409 morem
1162 3355 1356 3411 beatus
1381 3355 1675 3424 episcopus
1699 3364 1887 3411 vester
1914 3354 2078 3409 Soter
2101 3370 2208 3409 non

624 3443 865 3498 servavit
895 3443 1101 3509 solum,
1132 3459 1324 3499 verum
1345 3444 1508 3500 etiam
1541 3444 1806 3500 adauxit:
1842 3454 1953 3499 tum
1978 3459 2207 3499 munera

621 3535 832 3591 sanctis
856 3536 1128 3591 destinata
1152 3537 1374 3606 copiose
1399 3537 1851 3605 subministrans,
1875 3544 1988 3591 tum
2012 3536 2215 3593 fratres

623 3641 852 3698 peregre
902 3629 1282 3695 advenientes,
1332 3639 1591 3701 tanquam
1630 3630 1836 3685 liberos
1882 3643 2012 3685 suos
2056 3639 2216 3700 pater

626 3719 1044 3775 amantissimus
1086 3720 1266 3775 beatis
1312 3722 1658 3777 sermonibus
1700 3719 2060 3777 consolando.
2095 3738 2113 3772 ι
2148 3718 2207 3774 lu

626 3807 867 3875 hacipsa
901 3809 1065 3863 etiam
1103 3811 1332 3873 epistola
1368 3811 1615 3867 meminit
1642 3810 1942 3867 Clementis
1971 3810 2215 3881 epistolae

625 3900 695 3955 ad
734 3898 1052 3956 Corinthios
1104 3903 1352 3974 scriptae,
1383 3919 1549 3974 quam
1601 3918 1666 3958 ex
1701 3904 1879 3975 prisca
1914 3912 2211 3958 consuetu-

698 4052 922 4124 (52)’E£
939 4051 1017 4120 ἧς
1035 4049 1355 4109 ὠδὲνοῖον
1367 4054 1439 4109 τὸ
1459 4056 1580 4117 καί,
1600 4052 1768 4124 etc.l_u
1802 4054 1989 4108 codice
2012 4051 2201 4123 Regio,

622 4119 798 4194 quem
822 4119 1042 4196 secutus
1080 4136 1165 4179 est
1203 4126 1531 4196 Stephanus,
1568 4119 1803 4196 pro__oiov
1827 4124 1911 4196 ad
1939 4119 2205 4196 scribitur

625 4193 848 4250 ἄτοπον.
923 4194 1030 4248 Sed
1109 4193 1316 4264 reliqui
1373 4193 1606 4256 codices,
1656 4194 1818 4259 Mztz,
1866 4193 2201 4264 M‘ednicum

624 4265 761 4319 Fuk.
786 4274 843 4336 et
873 4265 1146 4336 Saviliano
1168 4259 1432 4336 scriptum
1464 4267 1664 4336 habent
1688 4265 1840 4318 οὐδὲν
1863 4259 1974 4317 οἷον
2013 4263 2075 4336 τὸ
2112 4263 2206 4316 καὶ

624 4335 968 4407 παραθέσθαι
1004 4335 1196 4403 λέξεις.
1234 4334 1385 4403 Quod
1422 4335 1665 4405 profecto
1690 4337 1848 4405 longe
1873 4344 1957 4389 est
1984 4334 2203 4402 elegan-

624 4408 751 4460 tius.
783 4407 1006 4461 Phrasis
1041 4417 1122 4461 est
1167 4407 1450 4461 familiaris
1490 4407 1742 4471 Eusebio,
1772 4419 1935 4474 quam
1962 4418 2062 4458 nos
2085 4419 2208 4456 ver-

2320 1881 2496 1954 ἀρχῆς
2520 1880 2630 1952 γὰρ
2677 1881 2809 1950 ὑμῖν
2851 1879 2970 1943 έθος
3017 1880 3137 1933 ἐστὶ
3169 1878 3348 1945 τοῦτο,
3384 1879 3591 1944 πάντας
3623 1880 3721 1951 μὲν
3750 1880 3908 1935 ἀδελ-

2320 1976 2454 2043 φοὺς
2474 1972 2731 2037 ποικίλως
2747 1972 2835 2025 εὑε
2844 1975 3073 2043 ργετεῖν,
3092 1971 3441 2043 Ἐκκλησίαις
3462 1988 3521 2025 τε
3544 1971 3765 2037 πολλαῖς
3786 1974 3911 2038 ταῖς

2318 2067 2460 2122 κατά
2488 2068 2670 2120 πᾶσαν
2699 2066 2853 2119 πόλιν
2882 2065 3072 2134 ἐφόδια
3100 2065 3361 2136 πέμπειν,
3395 2059 3497 2118 ὧδε
3535 2064 3637 2136 μὲν
3667 2065 3768 2136 τὴν
3798 2064 3909 2118 τῶν

2317 2159 2588 2230 δεομένων
2613 2158 2805 2212 πενίαν
2836 2156 3232 2227 ἀναψύχοντάς,
3262 2158 3320 2211 ἐν
3357 2157 3639 2228 μετάλλοις
3663 2158 3721 2211 δὲ
3749 2158 3906 2212 ἀδελ-

2318 2255 2440 2323 φοῖς
2487 2251 2824 2323 ὑπάρχουσιν
2867 2248 3363 2322 ἐπιχορηγοῦντας·
3413 2250 3481 2304 δι’
3537 2242 3613 2305 ὧν
3658 2250 3907 2323 πέμπετε

2316 2345 2555 2419 ἀρχῆθεν
2601 2344 2851 2414 ἐφοδίων,
2901 2343 3384 2415 πατροπαράδοτον
3434 2342 3556 2409 ἔθος
3618 2344 3905 2416 Ῥωμαίων

2330 2439 2588 2509 Ῥωμαῖοι
2616 2436 3085 2507 διαφυλάττοντες,
3125 2436 3154 2489 ὃ
3181 2436 3244 2489 οὐ
3276 2435 3437 2506 μόνον
3460 2435 3851 2509 διατετήρηκεν
3875 2438 3907 2492 δ

2321 2532 2591 2603 μακάριος
2617 2530 2771 2601 ὑμῶν
2796 2530 3091 2593 ἐπίσκοπος
3118 2528 3332 2601 Σωτὴρ,
3362 2529 3498 2583 ἀλλά
3534 2530 3631 2584 καὶ
3664 2527 3906 2602 ἐπηύξηο

2318 2642 2434 2690 κεν,
2487 2623 2831 2695 ἐπιχορηγῶν
2874 2623 2972 2693 μὲν
3003 2623 3103 2695 τὴν
3148 2622 3598 2695 διαπεμπομένην
3625 2622 3905 2693 δαψίλειαν

2317 2718 2416 2789 τὴν
2440 2718 2520 2780 είς
2551 2719 2675 2779 τοὺς
2708 2715 2919 2784 ἁγίους,
2948 2714 3128 2785 λόγοις
3154 2714 3211 2768 δέ
3251 2716 3543 2789 μακαρίοις
3569 2717 3697 2781 τοὺς
3728 2717 3903 2775 ἀνιόν-

2318 2825 2417 2873 τας
2442 2808 2706 2877 ἀδελφοὺς
2733 2807 2866 2879 (54),
2894 2807 2971 2871 ὡς
2994 2807 3163 2861 τέκνα
3191 2808 3375 2880 πατὴρ
3404 2807 3774 2880 φιλόστοργος,
3794 2828 3902 2865 πα-

2320 2901 2634 2975 ρακαλῶν.»
2681 2901 2769 2954 Ἐν
2812 2900 2950 2970 αὐτῇ
2996 2898 3055 2952 δὲ
3092 2897 3266 2973 ταύτῃ
3309 2900 3404 2954 καὶ
3442 2900 3544 2970 τῆς
3585 2901 3902 2972 Κλήμεντος

2320 2994 2458 3066 πρὸς
2481 2993 2801 3065 Κορινθίους
2825 2994 3098 3066 μέμνηται
3122 2992 3431 3063 ἐπιστολῆς,
3447 2993 3623 3065 δηλῶν
3640 2993 3904 3049 ἀνέκαθεν

2319 3086 2379 3153 ἐξ
2406 3087 2635 3159 ἀρχαίου
2668 3086 2822 3151 ἔθους
2857 3087 2949 3140 ἐπὶ
2976 3087 3075 3159 τῆς
3113 3085 3438 3156 Ἐκκλησίας
3465 3085 3563 3156 τὴν
3592 3085 3900 3154 ἀνάγνωσιν

2317 3180 2488 3249 αὐτῆς
2516 3179 2805 3233 ποιεῖσθαι.
2836 3180 3000 3248 Λέγει
3031 3177 3162 3249 γοῦν
3180 3196 3226 3230 οι
3262 3179 3373 3249 Τὴν
3401 3181 3639 3250 σήμερον
3669 3172 3762 3232 οὖν
3787 3180 3906 3233 Κυ-
3932 3202 3956 3223 ο

2317 3272 2514 3344 ριακην
2553 3272 2715 3341 ἁγίαν
2749 3272 2963 3344 ἡμέραν
3008 3270 3360 3343 διηγάγομεν,
3411 3264 3535 3343 ἐνῇ
3589 3268 3902 3338 ἀνεγνώκα-

2317 3380 2418 3435 μεν
2442 3362 2554 3435 (55)
2585 3362 2740 3435 ὑμῶν
2771 3363 2872 3434 τὴν
2921 3362 3245 3434 ἐπιστολήνο
3290 3363 3363 3435 ἣν
3400 3361 3596 3434 ἕξομεν
3636 3360 3723 3415 ἀει
3765 3376 3899 3414 ποτε

2312 3454 2779 3526 ἀναγινώσκοντες
2835 3456 3219 3519 νουθετεῖσθαι,
3258 3455 3334 3520 ὡς
3379 3455 3475 3509 καὶ
3502 3454 3600 3527 τὴν
3628 3453 3899 3527 προτέραν

2311 3553 2446 3624 ἡμῖν
2493 3551 2583 3606 διὰ
2618 3552 2937 3622 Κλήμεντος
2970 3552 3297 3623 γραφεῖσαν.
3330 3567 3351 3600 ι
3405 3547 3527 3601 Ἔτι
3565 3546 3623 3601 δὲ
3661 3548 3691 3601 ὁ
3736 3544 3900 3610 αὐτὸς

2313 3647 2409 3700 καὶ
2441 3645 2571 3718 περὶ
2600 3643 2709 3698 τῶν
2742 3644 2886 3698 ίδίων
2920 3642 3241 3707 ἐπιστολῶν,
3273 3641 3349 3707 ὡς
3383 3636 3897 3713 ῥᾳδιουργηθεισῶν,

2310 3735 2487 3792 ταῦτά
2518 3753 2683 3807 φησιν
2703 3754 2717 3768 ·
2738 3755 2757 3788 ι
2808 3733 3129 3799 Ἐπιστολάς
3170 3732 3300 3805 γὰρ,
3322 3730 3565 3800 ἀδελφῶν
3580 3729 3690 3802 (36)
3730 3727 3897 3794 ἀξιω-

2316 3832 2525 3888 σάντων
2554 3847 2620 3902 με
2643 3828 2873 3901 γράψαι,
2903 3826 3138 3899 ἔγραψα.
3167 3826 3277 3878 Kal.
3297 3826 3500 3888 ταύτας
3523 3825 3574 3877 οἱ
3596 3822 3691 3878 τοῦ
3717 3822 3900 3877 διαδό-

2313 3923 2408 3978 λου
2442 3922 2730 3978 ἀπόστολοι
2766 3919 3019 3987 ζιζανίων
3047 3917 3375 3990 γεγέμικαν,
3405 3915 3443 3971 δ.
3485 3916 3584 3988 μὲν
3616 3912 3898 3987 ἐξαιροῦν-

2311 4057 2426 4113 sius
2472 4054 2873 4111 Alexandrinus
2905 4053 3194 4120 episcopus
3222 4051 3276 4103 in
3309 4046 3535 4120 epistola
3565 4046 3633 4102 ad
3663 4046 3897 4117 Stepha-

2311 4144 2439 4183 num
2470 4141 2688 4195 papam,
2709 4139 2871 4195 quam
2889 4118 3424 4195 _refert_E_usebiusiu
3451 4118 3547 4195 lib.
3570 4133 3666 4195 vit.
3693 4120 3890 4195 caput:

2311 4200 2378 4252 Ai
2421 4183 2600 4269 μέντοι
2636 4183 2841 4269 Συρίας
2858 4192 2981 4269 ὅλαι
2997 4191 3092 4269 καί
3118 4192 3152 4261 ἡ
3188 4188 3434 4269 Ἀραϐία,
3467 4183 3549 4269 οἷς
3606 4183 3894 4269 ἐπαρχεῖτε

2312 4258 2593 4329 ἑκάστοτε,
2654 4258 2749 4319 καὶ
2784 4259 2867 4328 οἷς
2921 4262 3018 4316 νῦν
3070 4258 3438 4315 ἐπεστείλατε.
3493 4258 3545 4313 Id
3585 4270 3687 4323 est,
3722 4258 3894 4328 Syria

2313 4355 2490 4393 omnes
2554 4345 2607 4391 ct
2665 4334 2883 4396 Arabia,
2930 4333 3119 4402 quibus
3167 4332 3414 4402 pecunias
3452 4330 3735 4402 identidem
3765 4332 3893 4382 sub-

2312 4408 2697 4462 ministratis...
2718 4405 2889 4474 Quem
2917 4400 3093 4457 locum
3141 4401 3281 4456 male
3308 4409 3592 4455 verterunt
3625 4400 3895 4471 interpre-

624 4477 821 4530 naculo
852 4492 1104 4531 sermooc
1139 4477 1370 4532 feliciter
1413 4478 1792 4545 exprimimus.
1832 4474 1923 4529 Sic
1958 4476 2205 4545 supra‘iu
2240 4476 2283 4532 ι)
2315 4488 2413 4532 res.

624 4560 869 4618 εδει-κω
918 4548 1037 4600 libri
1071 4550 1231 4618 primi
1265 4550 1330 4601 de
1364 4541 1581 4618 Aligaro
1609 4545 1845 4618 loquens
1871 4545 1949 4618 ait
1981 4561 1996 4599 :
2038 4541 2206 4597 Οὐδὲν

621 4610 821 4669 δέὀῖον
856 4619 949 4671 καὶ
980 4610 1159 4671 αὐτῶν
1182 4610 1485 4672 ἐπακοῦσαῖ
1515 4616 1624 4669 τῶν
1645 4610 1961 4669 ἐπιστολῶν.

697 4686 807 4758 (55)
843 4689 1160 4757 Φυλαχθὲν
1201 4688 1494 4758 Ῥωμαίων
1516 4688 1672 4758 ἐθος.
1707 4686 2009 4758 Notandum
2037 4693 2121 4758 est
2143 4682 2208 4758 i|-_-

626 4754 798 4829 lustre
828 4754 1198 4813 testimonium
1234 4754 1480 4829 Dionysii
1517 4756 1926 4829 Corinthiorum
1967 4755 2205 4829 episcopi

625 4827 694 4898 de
715 4825 955 4882 Romana
995 4828 1257 4894 Ecclesia,
1290 4825 1412 4898 quae
1434 4844 1558 4898 cum
1582 4837 1750 4898 essct_
1769 4825 2206 4898 opuletttissima,

628 4896 1245 4968 aliarutchclesiarum
1270 4894 1510 4968 inopiam
1544 4896 1870 4968 liberalitate
1892 4910 1989 4968 sua
2022 4894 2209 4968 suble-

626 4966 826 5031 vabat,
861 4979 917 5021 et
945 4969 1208 5025 fratribus
1264 4970 1333 5024 ad
1369 4964 1646 5022 metallum
1690 4967 1961 5021 damnatis
2005 4974 2099 5017 aut
2150 4964 2204 5017 iu

626 5037 879 5091 exsilium
919 5039 1122 5104 missis,
1178 5041 1434 5095 alimenta
1489 5048 1539 5095 et
1599 5051 1825 5092 munera
1881 5036 2208 5089 submittere

627 5118 1009 5162 consueverat.
1062 5109 1122 5164 In
1154 5110 1299 5164 hunc
1325 5124 1481 5164 usum
1510 5108 1717 5164 fiebant
1742 5104 1986 5161 collecta:
2024 5105 2078 5158 in
2103 5104 2210 5158 Ec-

626 5177 793 5231 clesia
818 5176 1061 5233 Romana
1094 5181 1286 5236 diebus
1317 5179 1632 5244 Dominicis,
1662 5178 1729 5232 de
1751 5178 1952 5245 quibus
1988 5182 2207 5245 exstant

625 5246 835 5316 aliquot
863 5248 925 5320 S.
949 5248 1150 5305 Leonis
1181 5266 1337 5320 papae
1381 5263 1683 5305 sermones.
1738 5244 1870 5320 Qua:
1918 5244 2207 5320 laudabilis

625 5315 963 5391 consuetudo
990 5320 1104 5390 jam
1137 5315 1313 5376 in'de'a
1338 5322 1528 5391 primis
1548 5315 2205 5391 apostolorumtempori-

625 5387 728 5442 bus
751 5385 1022 5450 instituta,
1055 5392 1107 5445 iu
1141 5385 1416 5460 postrema
1449 5385 1614 5445 etiam
1660 5387 2045 5460 persecutione
2078 5385 2205 5439 Dio-

627 5460 852 5514 cletiaui
879 5471 1096 5517 servata
1126 5457 1230 5527 est,
1263 5473 1321 5517 ut
1353 5463 1447 5517 hic
1486 5470 1721 5515 testatur
1750 5457 2016 5511 Eusebius
2053 5470 2066 5508 :
2097 5469 2208 5527 quo

560 5541 575 5557 ‘
627 5539 872 5600 tempore
923 5530 1166 5587 Ecclesia
1213 5525 1456 5587 Romana
1505 5530 1830 5586 Christianis
1878 5529 1947 5600 ad
1989 5525 2206 5580 metalla

627 5598 929 5674 Palaestina;
954 5612 1011 5674 et
1033 5618 1129 5674 per
1163 5601 1457 5674 Aﬂgyptum
1489 5598 2080 5674 damuatis,_col_lectas
2114 5608 2209 5662 pe-

629 5670 822 5723 cunias
853 5668 1132 5727 ntisithe
1158 5668 1451 5728 hoé'more
1488 5671 1749 5726 Romane
1789 5668 2045 5722 Ecclesia:
2069 5681 2208 5733 prte-

632 5748 715 5791 ter
750 5740 1061 5813 Dionysium
1107 5742 1510 5801 Corinthiorum
1542 5741 1782 5811 loquitur
1807 5740 1972 5793 etiam
2008 5737 2205 5810 Diony-

2384 4546 2497 4619 (54)
2538 4545 2696 4619 ΤοὺςΔ
2732 4545 3015 4609 ἀνιόντας
3056 4538 3566 4619 ἀδεέφούς.-Μέιιε
3596 4538 3813 4619 Dangus
3836 4549 3889 4594 et

2310 4609 2582 4673 Mu‘sculus
2605 4609 2877 4669 redeuntes
2900 4625 3131 4669 vertere.
3163 4609 3351 4665 Melius
3380 4609 3605 4664 Rufinus
3627 4610 3698 4663 ita
3725 4612 3894 4663 inter-

2308 4698 2575 4759 pretatur,
2605 4688 2938 4759 advenientes
2976 4683 3167 4759 fratres
3200 4682 3438 4759 elementi
3459 4682 3599 4759 satis
3628 4689 3678 4759 et
3713 4680 3888 4759 milia-

2307 4751 2438 4814 simo
2460 4760 2664 4811 solatur
2693 4758 2946 4824 alloquio.
2992 4752 3244 4823 lntelligit
3279 4752 3422 4824 enim
3444 4751 3743 4824 Dionysius
3777 4751 3890 4824 fra-

2310 4841 2422 4883 trcs
2475 4830 2566 4896 qui
2618 4843 2684 4881 ex
2738 4819 3045 4894 longinquis
3102 4819 3411 4896 regionibus
3444 4819 3671 4896 nam"!
3700 4819 3887 4896 venire

2309 4890 2723 4959 Consttéverant,
2738 4890 2960 4965 penuria
2982 4894 3120 4962 apud
3135 4890 3193 4947 se
3210 4892 3575 4947 laborantibus
3591 4890 3891 4944 subsidium

2309 4970 2526 5034 aliquod
2568 4984 2595 5021 a
2623 4968 2881 5034 “quamuis
2918 4965 3165 5034 relaturi.

2382 5026 2493 5111 ('35)
2536 5031 3172 5111 Erﬁdrerrdmaysr.
3206 5030 3385 5111 Nostri
3409 5032 3625 5111 codices
3657 5026 3890 5111 ﬂauam,

2309 5100 2451 5165 Med.
2476 5100 2532 5162 ἐι
2567 5100 2705 5161 Ριιιίξ
2737 5100 2996 5178 scriptum
3033 5100 3520 5178 ἣιιὺεηιεγνωμεν,
3550 5100 3890 5178 Nicephorus

2308 5195 2436 5234 vero
2469 5177 3269 5248 dwévapsv.Caiterum_cum
3305 5172 3411 5227 hoc
3438 5172 3739 5248 fragmento
3770 5172 3887 5233 epi-

2307 5241 2730 5321 smlaeDio'nys'ii
2765 5247 2831 5321 ad
2865 5247 3073 5321 clerum
3112 5244 3453 5321 Bomanum,
3472 5241 3781 5321 iungendus
3809 5248 3893 5321 est

2309 5323 2447 5377 alter
2478 5308 2900 5389 locus'ejusdcm
2933 5317 3177 5389 epistolae
3212 5328 3375 5389 quem
3406 5308 3593 5389 citavit
3622 5308 3891 5389 Eusebius

2309 5392 2363 5446 in
2394 5407 2512 5460 cap.
2543 5378 2748 5459 penult.
2773 5388 2866 5442 lib.
2891 5378 2982 5460 ‘ll:
3000 5387 3123 5440 Haec
3143 5378 3290 5460 enim
3315 5385 3421 5460 duo
3461 5380 3760 5450 tragmeuta
3784 5378 3888 5432 sibi

2308 5453 2938 5517 invicem-connectendi:
2966 5471 3088 5511 esse
3116 5469 3222 5509 non
3250 5453 3577 5508 dubitamus.

2381 5514 2948 5604 (36):£_.‘:t:w'to.ld¢.._.
2980 5522 3282 5604 ἁδελφῶτς.
3300 5524 3481 5577 Codex
3491 5514 3883 5604 _Masar.,bled.

2308 5585 2617 5657 cuui'Fuk.
2665 5585 2872 5656 vocem'
2916 5585 3195 5652 interseFit
3246 5595 3350 5647 hoc
3380 5592 3562 5654 modo,
3601 5585 3890 5649 ἐπιστολὰς

2308 5672 2417 5744 γὰρ
2442 5670 2710 5741 ἀδελφῶν,
2727 5679 2857 5735 etc.;
2894 5679 3059 5737 atque
3077 5668 3151 5720 ita
3174 5661 3510 5733 Nicephorus
3534 5669 3591 5716 et
3632 5657 3884 5713 Ruﬁnus.
