4198 6406
346 288 454 345 389
901 320 909 331 -
1300 288 1648 345 HlSTOItlAE
1688 288 2247 349 ECCLESIASTICAE
2284 293 2413 349 LIB.
2456 293 2546 351 Π.
3508 300 3616 356 590

343 430 457 476 τες,
505 411 541 467 ἃ.
582 411 639 466 δὲ
674 411 1070 483 προστιθέντες.
1104 407 1200 475 Οἷς
1229 410 1290 464 τὸ
1321 413 1441 464 οὐαὶ
1475 415 1668 465 κεῖται.
1696 413 1770 463 Οὐ
1809 412 1900 465 θαι

1995 430 2011 476 ι
2042 414 2167 467 diue
2209 416 2259 467 iu
2308 415 2535 469 ecclesia
2568 417 2671 487 legi
2704 417 2919 471 solitam
2966 433 3086 473 esse
3114 428 3346 473 testatur
3374 419 3461 474 his
3495 436 3620 475 vcr-

347 508 550 574 μαστὸν
576 504 684 575 ἀρα
709 506 757 557 εί
780 504 875 558 καὶ
901 505 1009 557 τῶν
1042 504 1333 575 Κυριακῶν
1369 504 1754 576 ρᾳδιουργῆσαί
1788 522 1898 557 τινε

2037 506 2120 559 bis
2144 524 2155 557 :
2178 524 2196 556 ι
2225 506 2413 571 Hodie,
2437 508 2862 578 inquit,sacrum
2887 510 3030 565 diem
3064 512 3401 565 Dominicum
3438 521 3620 568 trans-

344 594 730 665 ἐπιϐέϐληνται
775 595 1027 668 Γραφῶν,
1075 595 1235 648 ὁπότε
1268 596 1363 648 καὶ
1392 598 1511 657 ταῖς
1546 596 1608 647 οὐ
1644 595 1900 648 τοιαύταιι

2036 598 2269 665 egimus.
2308 599 2362 651 In
2394 615 2502 667 quo
2544 602 2828 668 epistolam
2880 611 3119 657 vestram
3158 602 3413 671 legimus,
3447 620 3613 674 quam

343 685 755 757 ἐπιϐεϐλήκασι.
771 705 789 738 ι
815 689 925 740 Καὶ
946 687 1079 757 ἄλλη
1099 688 1157 740 δέ
1178 704 1262 750 τις
1278 687 1429 758 παρὰ
1448 686 1651 749 ταύτας
1668 687 1900 739 ὲπιστολὲ

2035 690 2252 756 quidem
2284 701 2545 759 perpetuo
2567 692 2823 762 deinceps
2844 692 3105 764 legentes,
3125 696 3350 764 perinde
3374 710 3440 750 ac
3467 698 3616 765 prio-

340 780 435 833 τοῦ
468 780 742 833 Διονυσίου
774 782 1017 851 φέρεται,
1038 780 1366 852 Χρυσοφόρᾳ
1390 780 1685 851 πιστοτάτη
1719 779 1900 851 ἀδελφῇ

2040 796 2154 835 rem
2192 780 2336 834 illam
2402 784 2557 836 nobis
2602 798 2635 838 a
2678 782 2961 840 Clemente
2998 788 3258 857 scriptam
3305 788 3613 857 epistolam,

341 872 759 935 ἐπιστείλαντος,
792 866 826 945 ᾗ
858 871 927 924 τά
958 871 1268 942 κατάλληλα
1301 872 1547 943 γράφων,
1597 872 1695 941 τῆς
1756 888 1900 941 προσ

2031 873 2255 942 eptimis
2306 875 2596 945 praeceptis
2642 890 2705 929 ac
2739 876 3080 934 documentis
3126 879 3546 935 abundahimus.
3586 898 3609 934 ι

339 963 580 1035 ηκούσης
609 965 703 1019 καὶ
731 966 868 1037 αὐτῇ
902 964 1176 1035 μετεδίδου
1208 964 1429 1035 λογικῆς
1456 963 1683 1035 τροφῆς.
1710 963 1819 1017 Καὶ
1853 963 1900 1015 τέ

2030 966 2177 1019 Idem
2217 974 2480 1035 praeterea
2525 968 2761 1037 scriptur
2817 969 3073 1037 epistolas
3121 986 3247 1026 suas
3294 985 3321 1023 a
3373 971 3615 1026 falsariis

344 1056 441 1128 μὲν
477 1057 572 1110 τοῦ
606 1056 879 1110 Διονυσίου
909 1056 1168 1111 τοσαῦτα.

2031 1068 2312 1126 corruptas
2352 1072 2473 1113 esse
2505 1059 2786 1124 admonet,
2828 1059 2901 1113 ita
2942 1061 3228 1117 scribens:
3269 1080 3288 1114 ι
3317 1063 3613 1133 Epistolas,

342 1153 753 1223 inquit,scripsi
799 1153 1376 1223 rogatusalratribus.
1422 1152 1527 1205 Sed
1575 1152 1697 1206 illas
1746 1151 1985 1205 ministri
2022 1152 2243 1221 quidam
2298 1152 2536 1219 diaboli,
2579 1154 2806 1208 zizaniis
2851 1156 3304 1224 compleverunt:
3360 1160 3610 1227 quaedam

336 1263 404 1302 ex
435 1247 542 1301 illis
567 1258 962 1317 expungentes,
998 1249 1245 1316 quaedam
1289 1249 1630 1317 adjicieutes.
1672 1249 1817 1313 Quos
1852 1257 2003 1301 certe
2030 1256 2214 1302 manet
2240 1246 2428 1302 feralis
2463 1249 2553 1303 illa
2591 1249 2862 1302 sententia
2892 1268 2903 1302 :
2939 1249 3029 1304 Vas
3055 1250 3230 1305 vobis.
3264 1249 3384 1305 Non
3410 1253 3611 1306 mirum

337 1337 508 1406 igitur
560 1339 728 1392 videri
779 1338 959 1404 debet,
1008 1340 1052 1394 si
1090 1350 1439 1395 sacrosancta
1501 1339 1710 1394 Domini
1741 1341 1943 1407 scripta
1984 1341 2204 1409 quidam
2246 1340 2560 1396 adulterare
2587 1342 2828 1411 aggressi
2857 1350 3005 1408 sunt,
3038 1342 3255 1412 quando
3276 1344 3493 1413 quidem
3550 1345 3605 1400 in

338 1434 498 1505 longe
545 1434 894 1489 inferioribus
950 1436 1170 1504 scriptis
1220 1436 1362 1490 idem
1404 1437 1518 1491 ausi
1566 1436 1732 1491 fuisse
1786 1435 2335 1504 deprehenduntur.»
2364 1434 2607 1491 [labetur
2629 1448 2891 1505 prmterea
2939 1437 3043 1490 alia
3090 1436 3333 1506 ejusdem
3380 1438 3610 1507 epistola

339 1532 407 1584 ad
455 1528 896 1600 Chrysophoram
946 1531 1322 1586 ﬁdelissimam
1374 1547 1646 1595 SOI'OI't'III,
1692 1532 1777 1585 cui
1811 1531 2200 1585 convenientia
2254 1530 2525 1597 scribens,
2559 1532 2830 1603 spiritale,
2859 1540 2916 1586 ut
2948 1531 3153 1597 decuit,
3186 1529 3441 1601 pabulum
3477 1531 3604 1586 sub-

334 1623 628 1679 ministrat.
675 1623 852 1692 Atque
900 1625 1018 1679 haec
1063 1625 1129 1678 de
1172 1623 1412 1694 Dionysii
1443 1624 1662 1691 scriptis
1697 1640 1725 1678 a
1762 1624 1915 1678 nobis
1954 1622 2098 1679 dicta
2123 1624 2256 1678 sint.

840 1763 1236 1817 ΚΕΦΑΛΑῙΟΝ
1266 1764 1391 1816 ΚΔ’.

426 1854 563 1922 Περὶ
595 1854 886 1921 Θεοφίλου
936 1852 1056 1907 τῶν
1101 1855 1443 1923 Ἀντιοχέων
1468 1855 1809 1910 ἐπισκόπου

835 1924 977 1993 (Nic.
1016 1925 1083 1978 Η.
1127 1924 1190 1979 Ε.
1225 1942 1299 1987 Iv,
1328 1927 1405 1994 9).

2578 1761 2809 1819 CAPUT
2847 1762 3042 1819 XXIV.

2194 1855 2270 1909 De
2304 1853 2588 1914 Theophila
2615 1898 2631 1922 ,
2662 1858 3125 1911 Anthiocltensium
3154 1857 3421 1926 episwpo.

400 2014 506 2068 Τοῦ
530 2015 585 2068 δὲ
617 2015 875 2085 Θεοφίλου
895 2015 953 2068 ὃν
981 2016 1081 2086 τῆς
1096 2016 1409 2086 Ἀντιοχέων
1445 2016 1771 2089 Ἐκκλησίας
1794 2017 1900 2070 ἐπί-

2084 2017 2367 2086 Theophili
2404 2031 2555 2083 vero,
2584 2032 2744 2085 quem
2772 2016 3127 2071 Antiochense
3154 2015 3418 2071 Ecclesia:
3477 2015 3598 2086 epi-

329 2123 526 2161 σκοπον
544 2106 1089 2179 δεδηλώκαμεν,τρία
1116 2108 1183 2162 τὰ
1212 2108 1370 2177 Πρὸς
1391 2107 1741 2163 Αὐτόλυκον
1770 2126 1913 2162 στοι-

325 2199 517 2272 χειώδη
538 2201 762 2273 φέρεται
782 2201 1206 2273 συγγράμματα.
1232 2202 1342 2256 Καὶ
1363 2201 1489 2256 ἄλλο
1512 2201 1668 2269 Πρὸς
1693 2201 1807 2269 τὴν
1820 2202 1910 2255 αἵ-

314 2309 494 2361 ρεσιν
521 2293 918 2364 Ἑρμογένους
937 2293 1052 2364 (57)
1069 2292 1167 2363 τὴν
1182 2292 1491 2364 ἐπιγραφὴν
1520 2292 1661 2361 ἕχον,
1692 2294 1748 2344 ὲν
1775 2284 1820 2358 ᾧ
1844 2292 1910 2344 ἐκ

320 2388 420 2456 τῆς
473 2384 891 2455 Ἀποκαλύψεως
937 2383 1186 2438 Ἰωάννου
1230 2383 1497 2455 κέχρηται
1546 2381 1904 2454 μαρτυρίαις·

320 2478 414 2533 καὶ
444 2477 609 2549 ἕτερα
636 2476 693 2530 δέ
728 2493 849 2531 τινα
872 2475 1216 2546 κατηχητικά
1250 2473 1414 2530 αὑτοῦ
1447 2474 1645 2545 βιϐλία.
1696 2473 1815 2528 Τῶν
1843 2491 1907 2544 γε

321 2571 429 2642 μὴν
454 2568 745 2639 αἰρετικῶν
776 2568 929 2623 οὐδὲν
959 2571 1138 2640 χεῖρον
1163 2569 1259 2622 καὶ
1278 2568 1420 2632 τότε,
1440 2568 1695 2633 ζιζανίων
1725 2568 1903 2638 δίκην,

318 2662 730 2735 λυμαινομένων
774 2663 863 2716 τὸν
905 2662 1170 2732 εἰλικρινῆ
1206 2662 1307 2733 τῆς
1348 2661 1709 2733 ἀποστολικῆς
1753 2661 1904 2715 διδα-

318 2755 544 2820 σκαλίας
578 2755 801 2827 σπόρον,
833 2757 882 2808 οἱ
911 2753 1219 2824 πανταχόσε
1256 2754 1363 2809 τῶν
1410 2754 1747 2826 Ἐκκλησιῶν
1782 2770 1903 2806 ποι-

321 2847 498 2919 μένες,
537 2846 726 2920 ὥσπερ
759 2846 910 2910 τινὰς
935 2845 1107 2919 θῆρας
1139 2847 1365 2918 ἀγρίους
1397 2846 1505 2900 τῶν
1529 2846 1626 2899 τοῦ
1664 2844 1900 2918 Χριστοῦ

316 2940 601 3011 προϐάτων
640 2939 1035 3003 ἀποσοϐοῦντες
1072 2940 1269 3005 αὐτοὺς
1298 2942 1572 3012 ἀνεῖργον,
1620 2938 1743 2992 τοτὲ
1779 2938 1896 3009 μὲν,

314 3034 435 3096 ταῖς
456 3032 593 3103 πρὸς
621 3032 747 3097 τοὺς
774 3033 1035 3102 ἀδελφοὺς
1066 3032 1370 3095 νουθεσίαις
1389 3032 1483 3084 καὶ
1520 3030 1895 3103 παραινέσεσι,

313 3124 434 3178 τοτὲ
458 3125 534 3188 δὲ,
567 3124 703 3194 πρὸς
730 3126 926 3188 αὐτοὺς
958 3127 1289 3195 γυμνότερον
1322 3121 1699 3192 ἀποδυόμενοι,
1726 3120 1898 3192 ἀγρά-

236 3208 249 3215 ’
315 3231 436 3284 φοις
467 3233 524 3269 τε
565 3218 645 3280 εἰς
673 3217 962 3288 πρόσωπον
996 3217 1253 3289 ζητήσεσι
1279 3216 1372 3269 καὶ
1399 3216 1757 3285 ἀνατροπαϊς,
1792 3213 1893 3286 ήδη

312 3304 370 3359 δὲ
394 3308 489 3359 καὶ
517 3305 585 3358 δι’
617 3306 909 3377 ἐγγράφων
944 3305 1354 3376 ὑπομνημάτων
1386 3301 1485 3367 τάς
1524 3302 1681 3369 δόξας
1714 3301 1896 3357 αὐτῶν

2014 2126 2238 2179 scopum
2265 2109 2432 2163 fuisse
2464 2108 2713 2178 superius
2739 2106 3046 2169 retulimus.
3065 2116 3177 2162 tres
3207 2105 3598 2174 supersuntAd

2012 2201 2329 2273 Autolycum
2377 2200 2549 2268 libri,
2596 2198 2990 2254 institutionem
3042 2198 3168 2254 lidei
3230 2197 3594 2253 continentes.

2008 2292 2162 2347 Alius
2179 2292 2342 2346 etiam
2373 2300 2556 2346 exstat
2578 2291 2739 2356 liber,
2766 2307 2929 2358 quem
2956 2290 3158 2345 Contra
3180 2288 3341 2361 146
3363 2288 3592 2345 Herma-

2006 2384 2159 2452 genis
2190 2382 2432 2437 Itwresim
2462 2382 2763 2451 inscripsit,
2803 2381 2857 2435 in
2886 2397 2997 2451 quo
3043 2382 3371 2436 testimoniis
3417 2383 3595 2436 utitur

2006 2489 2071 2528 ex
2099 2473 2324 2530 Joannis
2373 2473 2726 2527 ltevelatione
2767 2472 3091 2543 desumptis.
3136 2472 3368 2527 Exstant
3412 2481 3468 2528 et
3495 2472 3592 2527 alii

2005 2567 2245 2635 ejusdem
2282 2567 2427 2633 libri,
2460 2567 2515 2621 in
2546 2566 2748 2634 quibus
2775 2565 3045 2620 elementa
3076 2565 3201 2621 tidei
3237 2574 3439 2621 nostra
3480 2576 3592 2620 tra-

2004 2659 2227 2715 duntur.
2285 2656 2458 2712 Porro
2520 2671 2641 2710 cum
2686 2656 3043 2711 nihilominus
3099 2656 3205 2712 hac
3250 2657 3416 2711 etiam
3452 2666 3591 2712 tem-

2004 2757 2212 2820 pestate
2241 2748 2482 2804 haeretici
2509 2748 2845 2803 zizaniorum
2874 2748 3051 2803 instar
3077 2748 3348 2803 sinceram
3372 2757 3593 2816 aposto-

2005 2842 2122 2896 licae
2150 2841 2411 2896 doctrina:
2439 2848 2735 2895 sementem
2756 2839 3178 2905 lahet‘actarent,
3207 2840 3588 2895 Ecclesiarum

2007 2941 2124 2988 toto
2158 2932 2291 2987 orbe
2321 2941 2595 3002 pastores,
2618 2946 2711 2986 eos
2750 2940 3006 3000 tanquam
3038 2930 3183 2986 feras
3209 2940 3372 3001 atque
3399 2931 3591 2987 imma-

2001 3040 2101 3079 nes
2156 3024 2363 3080 belluas
2416 3023 2486 3077 ab
2534 3023 2662 3078 ovili
2711 3022 2913 3076 Christi
2952 3021 3138 3091 fugare
3190 3030 3355 3092 atque
3397 3038 3588 3078 arcere

2002 3117 2367 3186 properabant
2403 3134 2417 3170 :
2449 3115 2645 3183 partim
2672 3113 2944 3168 hortando
2961 3122 3017 3167 et
3044 3115 3449 3169 commonendo
3473 3115 3587 3168 fra-

1998 3218 2132 3271 tres,
2181 3208 2380 3278 partim
2414 3208 2677 3261 adversus
2715 3206 2861 3275 ipsos
2894 3204 3184 3259 haereticos
3212 3204 3433 3260 fortiter
3471 3205 3589 3261 col-

1998 3304 2255 3357 luctando
2283 3320 2296 3354 :
2326 3314 2465 3371 quos
2490 3299 2572 3352 vel
2597 3299 2894 3368 prepositis
2917 3298 3167 3353 cominus
3195 3298 3583 3370 interrogatio-

310 3395 722 3466 ἀκριϐεστάτοις
746 3396 986 3465 ἐλέγχοις
1018 3394 1404 3458 διευθύνοντες.
1442 3394 1510 3446 Ὅ
1545 3390 1725 3460 γε’τοι
1762 3392 1895 3446 Θεό-

1999 3394 2160 3447 nibus
2204 3402 2259 3448 et
2305 3391 2771 3447 conlutatiouihus
2820 3390 2938 3443 viva
2974 3390 3237 3443 duntaxat
3276 3404 3446 3457 voce,
3494 3389 3584 3444 vel

310 3483 465 3553 φιλος
500 3484 597 3536 σὺν
628 3486 740 3546 τοῖς
772 3483 950 3546 ἀλλοις
992 3483 1133 3536 κατὰ
1170 3483 1375 3537 τούτων
1424 3483 1897 3553 στρατευσάμενος

2000 3484 2158 3538 libris
2177 3483 2598 3538 accuratissime
2622 3480 2951 3549 conscriptis
2972 3480 3256 3548 opiniones
3277 3495 3468 3535 eorum
3491 3496 3583 3534 re-

309 3572 471 3644 δῆλός
503 3574 669 3637 ἐστιν,
707 3573 814 3626 ἀπό
841 3589 985 3636 τινος
1009 3575 1109 3626 οὐκ
1130 3574 1368 3642 ἀγεννῶς
1391 3572 1540 3643 αὑτῷ
1568 3573 1709 3627 κατά
1739 3572 1898 3643 Μαρ-

2003 3573 2273 3638 fellentes,
2304 3573 2678 3628 confutabant.
2723 3572 3058 3642 Theophilus
3097 3572 3264 3643 igitur
3307 3588 3413 3625 una
3451 3586 3577 3628 cum

311 3664 508 3729 κίωνος
552 3665 931 3736 πεπονημένου
978 3664 1156 3735 λόγου.
1194 3668 1290 3730 Ὃς
1347 3666 1440 3719 καὶ
1468 3665 1628 3731 αὐτὸς
1671 3664 1788 3735 μεθ’
1816 3658 1892 3719 ὧν

1999 3666 2211 3719 caneris
2237 3666 2499 3719 adversus
2529 3663 2653 3718 illos
2686 3663 2972 3719 hmreticos
2996 3664 3343 3734 depugnavit,
3361 3673 3419 3717 ut
3447 3678 3583 3718 cou-

308 3751 486 3810 ἄλλων
542 3756 864 3827 εἰρήκαμεν,
911 3756 1079 3809 εἰσέτι
1122 3754 1218 3809 νῦν
1256 3754 1634 3809 διασέσωσται.
1691 3752 1892 3808 Τοῦτον

1995 3764 2105 3811 stat
2129 3771 2196 3810 ex
2219 3757 2453 3824 quodam
2481 3755 2626 3811 illius
2648 3756 2789 3810 libro
2807 3755 3226 3827 haudquaquam
3248 3756 3574 3825 spernendo,

311 3845 412 3916 μὲν
444 3840 537 3899 οῦν
560 3845 784 3917 ἕϐδομος
817 3846 926 3899 ἀπὸ
958 3846 1066 3899 τῶν
1099 3846 1414 3902 ἀποστόλων
1440 3848 1539 3918 τῆς
1574 3844 1891 3916 Ἀντιοχέων

1995 3864 2154 3919 quem
2186 3858 2370 3902 contra
2414 3847 2742 3903 Marciane":
2775 3848 3078 3904 elaboravit
3114 3866 3129 3903 :
3163 3849 3257 3918 qui
3293 3849 3430 3903 liber
3467 3865 3575 3903 una

319 3937 647 4011 Ἐκκλησίας
680 3938 979 4009 διαδέχεται
1007 3939 1331 4011 Μαξιμῖνος.

1993 3953 2115 3994 cum
2147 3937 2269 3992 aliis
2300 3953 2438 4006 quos
2473 3937 2659 4001 retuli,
2692 3939 2991 3992 etiamnum
3022 3945 3221 3994 exstat.
3254 3937 3390 3994 Huic
3411 3954 3584 4009 porro

308 4031 608 4101 Theophilo
634 4034 688 4087 in
711 4036 1024 4102 episcopatu
1048 4034 1436 4089 Antiochensis
1468 4033 1735 4091 Ecclesia!
1753 4036 2026 4105 septimus
2050 4036 2120 4091 ab
2147 4034 2409 4105 apostolis
2441 4034 2714 4090 successit
2744 4032 3097 4089 Maximinus.

820 4146 1214 4202 ΚΕΦΑΛᾹίΟΝ
1247 4147 1376 4200 KE'.

304 4236 443 4303 Περὶ
479 4238 779 4292 Φιλίππου
814 4238 911 4291 καὶ
952 4237 1265 4292 Modena-0v
1310 4236 1452 4308 (Nic.
1486 4237 1557 4293 ll.
1587 4236 1657 4293 E.
1694 4254 1769 4301 tv,
1801 4237 1881 4310 9).

2575 4124 2802 4180 CAPUT
2837 4124 3002 4180 XXV.

2411 4218 2485 4274 De
2518 4217 2761 4288 Philippo
2796 4229 2844 4271 et
2889 4216 3149 4273 Modesto.

2062 4313 2167 4370 Sed
2212 4320 2268 4368 et
2314 4311 2620 4382 Philippus,
2647 4327 2809 4380 quem
2852 4326 2919 4365 ex
2953 4311 3130 4365 verbis
3167 4309 3406 4381 Dionysii
3443 4326 3571 4378 pro-

374 4325 637 4391 Φίλιππός
676 4344 738 4395 γε
776 4328 882 4400 μὴν
915 4328 972 4381 ὃν
1008 4330 1071 4380 ὲκ
1110 4328 1218 4380 τῶν
1251 4329 1524 4382 Διονυσίου
1558 4328 1751 4398 φωνῶν
1781 4329 1885 4400 τῆς

303 4420 363 4472 ἐν
389 4419 628 4492 Γορτύνῃ
670 4422 958 4493 παροικίας
994 4423 1290 4475 ἐπίσκοπον
1336 4419 1601 4491 ἔγνωμεν,
1638 4420 1778 4474 πάνυ
1817 4436 1883 4489 γε

1995 4406 2135 4461 xime
2164 4404 2349 4459 citatis
2370 4403 2733 4474 Gortynensis
2764 4402 3023 4457 Ecclesia:
3054 4402 3372 4470 episcopum
3401 4401 3570 4459 fuisse

304 4511 719 4566 σπουδαιότατον
758 4512 1048 4584 πεποίηται
1076 4515 1172 4567 καὶ
1197 4514 1359 4578 αὐτὸς
1392 4512 1533 4567 κατὰ
1556 4512 1881 4584 Μαρκίωνος

1995 4500 2359 4570 cognovimus,
2404 4497 2521 4563 ipse
2554 4509 2771 4565 quoque
2822 4494 3311 4549 Iuculentissimum
3367 4493 3564 4548 librum

301 4602 479 4671 λόγον’
507 4602 795 4676 Είρηναῖός
825 4619 884 4656 τε
921 4582 1182 4669 ὧσαύτως
1222 4606 1316 4658 καὶ
1350 4582 1663 4668 Μόδεστος,
1686 4602 1745 4667 ὃς
1788 4603 1882 4657 καὶ

1995 4589 2253 4642 Aduersus
2279 4585 2608 4641 Marciorum
2640 4585 2975 4655 composuit.
2999 4582 3234 4639 lrenteus
3249 4583 3378 4653 quin
3397 4585 3568 4639 etiam

300 4675 663 4765 διαφερόντως
686 4694 837 4767 παρά
859 4696 985 4759 τοὺς
1010 4695 1202 4759 ἄλλους
1223 4698 1321 4767 τὴν
1344 4696 1438 4749 τοῦ
1459 4694 1882 4766 ἀνδρὸςέκδηλον

1995 4690 2039 4735 et
2060 4681 2354 4736 Modestus.
2382 4677 2583 4733 Verum
2609 4677 2700 4733 hic
2724 4691 2836 4747 prae
2860 4676 3075 4731 caeteris
3098 4675 3321 4747 egregie
3344 4690 3569 4731 errores

297 4786 409 4848 τοῖς
440 4786 576 4839 πᾶσι
602 4766 956 4859 κατεφώρασε
983 4787 1190 4857 πλάνην
1208 4804 1221 4818 ·
1242 4788 1343 4841 καὶ
1371 4787 1519 4842 ἄλλοι
1550 4787 1606 4840 δὲ
1638 4787 1878 4851 πλείους,

1995 4770 2126 4825 illius
2153 4784 2218 4824 ac
2248 4768 2405 4823 dolos
2434 4770 2716 4839 detegens,
2748 4767 3004 4821 omnibus
3044 4766 3373 4835 spectandos
3401 4768 3560 4820 exhi-

297 4869 372 4928 ὧν
403 4876 557 4947 παρά
581 4858 856 4941 πλείστοις
882 4877 990 4932 τῶν
1014 4878 1257 4949 ἀδελφῶν
1286 4877 1453 4933 εἰσέτι
1481 4878 1576 4934 νῦν
1603 4879 1753 4932 πόνοι
1774 4878 1883 4934 δια·

1995 4861 2119 4915 tiuit.
2150 4860 2509 4931 Scripserunt
2538 4860 2705 4915 etiam
2736 4858 2831 4913 alii
2866 4858 3194 4927 complures,
3230 4872 3464 4930 quorum
3498 4859 3561 4912 li-

298 4966 675 5034 φυλάττονται.
1157 4947 1166 4949 7

1995 4951 2070 5005 bri
2105 4949 2246 5018 apud
2268 4949 2542 5019 plurimos
2562 4962 2629 5004 ex
2658 4947 2924 5005 lratribus
2953 4949 3130 5005 adhuc
3157 4950 3406 5005 studiose
3442 4965 3563 5006 ser-

1983 5051 2200 5095 vantur.

1970 5215 2208 5284 scripsit.
2250 5213 2340 5287 De
2388 5217 2577 5272 eodem
2633 5216 2971 5287 Hermogene
3021 5217 3263 5287 loquitur
3304 5216 3556 5277 Clemens

1971 5285 2367 5359 alexandriuus
2397 5288 2448 5339 in
2475 5288 2569 5341 lib.
2602 5285 3028 5359 llypotypbseon,
3053 5285 3169 5342 sive
3198 5289 3248 5341 iu
3277 5287 3553 5359 Excerptis

1976 5353 2252 5413 Theodoti.
2281 5357 2367 5410 ubi
2400 5353 2823 5424 exponens'hm'c'
2847 5359 3067 5413 Davidis
3091 5360 3250 5412 verba
3288 5374 3303 5411 :
3343 5357 3405 5409 In
3433 5353 3548 5408 sole

1967 5426 2143 5496 posuit
2189 5428 2581 5496 tabernaculum
2627 5444 2779 5481 suum
2816 5442 2835 5481 :
2866 5427 3120 5493 Quidam,
3169 5428 3369 5496 inquit,
3397 5428 3547 5476 aiunt

1969 5494 2233 5567 Christum
2260 5496 2315 5547 in
2340 5495 2449 5549 sole
2480 5512 2669 5567 corpus
2696 5514 2849 5551 suum
2883 5494 3283 5567 deposuisseLut
3322 5494 3546 5567 Hermo-

1969 5579 2141 5633 genes.
2165 5565 2307 5618 Idem
2330 5576 2481 5620 certe
2506 5562 2579 5622 de
2593 5566 2931 5638 Hertuogeue
2946 5562 3167 5624 tradunt
3188 5562 3545 5619 Tltcodoritus

1970 5645 2024 5688 et
2045 5633 2387 5688 Pbilastrius.
2990 5658 3003 5663 -

1970 5645 2024 5689 et
2045 5634 2387 5689 Pbilastrius.
2796 5634 2820 5638 “
2990 5658 3003 5663 -

370 5215 481 5286 (57)
510 5214 667 5283 Πρὸς
695 5214 812 5285 τὴν
839 5212 1505 5286 αἵρεσιν-Ἑρμογένους.
1543 5213 1616 5267 De
1637 5213 1865 5286 Hermog-

295 5301 433 5355 geue
462 5282 689 5355 ejusque
712 5282 907 5341 haeresi
928 5286 1046 5338 vide
1074 5282 1362 5337 BarOntum
1391 5287 1457 5338 ad
1491 5299 1689 5337 annum
1715 5284 1869 5339 Chri-

295 5356 365 5408 sti
391 5354 513 5408 170.
546 5355 645 5408 Cui
670 5366 845 5408 tamen
877 5353 1136 5408 assentiri
1165 5368 1270 5406 non
1298 5367 1511 5408 nussum
1542 5356 1594 5406 in
1631 5368 1696 5408 eo
1720 5354 1864 5408 uuod

295 5356 365 5411 sti
391 5355 513 5410 170.
546 5355 645 5410 Cui
670 5366 845 5410 tamen
877 5355 1136 5409 assentiri
1165 5368 1270 5406 non
1298 5367 1511 5420 possum
1542 5356 1594 5406 in
1631 5368 1696 5408 eo
1720 5355 1864 5421 quod

297 5427 429 5504 dicit
451 5424 857 5504 Hermogenem
883 5424 1227 5504 docuissenin
1264 5423 1469 5504 Africa,
1510 5425 1652 5491 quod
1682 5425 1867 5504 lle-“Scio

297 5496 566 5549 undenam
614 5490 795 5549 hausit
820 5494 1099 5549 Barouius.
1127 5492 1260 5557 Nam
1287 5494 1334 5547 si
1372 5507 1437 5546 ex
1464 5490 1694 5559 eo’quod
1732 5490 1867 5546 Ter-

293 5565 553 5619 tullianus
579 5564 840 5619 adversus
871 5566 1021 5618 illum
1050 5563 1292 5631 scripsit,
1328 5576 1450 5631 eum
1487 5563 1538 5614 in
1571 5563 1752 5614 Africa
1782 5562 1863 5613 vi-

294 5635 441 5704 xisse
463 5635 756 5704 putandum
795 5645 897 5695 est.
928 5635 1043 5699 pari
1071 5630 1193 5700 jure
1215 5630 1566 5704 eumSyrrum
1600 5646 1723 5704 esse
1741 5646 1862 5684 creo

294 5702 509 5772 demus,
559 5719 625 5760 eo
669 5706 811 5775 quod
866 5705 1196 5774 TlteOphilus
1238 5702 1606 5757 Antiocheuus
1646 5703 1701 5754 iu
1740 5716 1863 5757 eum
