4198 6412
381 373 482 428 593

1335 371 1684 429 HISTORLE
1722 366 2272 429 ECCLESIASTICIE
2313 367 2438 422 LIB.
2480 367 2567 424 IV.

3527 375 3634 428 ενι

393 488 480 540 Ἐν
515 486 614 556 μὲν
649 482 744 542 οὖν
766 489 874 551 τοῖς
901 489 1039 558 Περὶ
1057 488 1158 542 τοῦ
1177 489 1411 558 Πάσχα,
1439 489 1529 542 τὸν
1550 489 1738 560 χρόνον
1765 485 1884 540 καθ’
1907 485 1964 538 δν

2084 483 2332 540 Ζωιειουιη
2377 490 2430 542 in
2479 487 2616 542 libro
2650 488 2726 544 De
2775 488 3009 555 Pascha,
3051 497 3260 559 tempus
3307 488 3480 558 ipsum
3526 505 3633 559 quo

381 576 1038 649 συνέταττεν,ἁρχόμενος
1057 579 1307 650 σημαίνει
1340 581 1398 633 ἐν
1421 578 1646 643 τούτοις·
1668 597 1686 628 ι
1723 578 1844 631 Ἐπὶ
1871 579 1966 630 Σεο

382 670 625 742 ρουῖλίου
668 671 881 723 Παύλου
915 672 1221 724 ἀνθυπάτου
1271 673 1369 742 τῆς
1419 671 1623 734 Ἀσίας,
1656 661 1701 738 ᾧ
1729 669 1964 741 Σάγαρις

381 757 557 828 καιρῷ
596 759 996 830 ἐμαρτύρησεν,
1029 761 1243 829 ἐγένετο
1265 761 1486 831 ζήτησις
1506 759 1674 831 πολλὴ
1693 763 1748 812 ἐν
1778 759 1966 812 Λαοδι-

381 849 506 921 κείᾳ
552 852 680 922 περὶ
739 852 832 903 τοῦ
879 852 1093 921 Πάσχα,
1134 853 1465 922 ἐμπεσόντος
1499 851 1638 905 κατὰ
1671 851 1860 921 καιρὸν
1907 851 1965 902 ἐν

386 940 622 1004 ἐκείναις
648 945 766 1004 ταῖς
799 942 1051 1011 ἡμέραις.
1097 943 1192 995 καὶ
1223 944 1436 1013 ἐγράφη
1469 941 1662 995 ταῦτα.
1698 960 1716 992 ι
1761 939 1963 992 Τούτου

384 1030 442 1084 δὲ
462 1030 554 1083 τοῦ
577 1030 734 1099 λόγου
767 1031 1036 1100 μέμνηται
1057 1030 1287 1102 Κλήμης
1315 1033 1342 1083 ὀ
1360 1030 1740 1102 Ἀλεξανδρεὺς
1767 1031 1823 1083 ἐν
1852 1029 1965 1099 ίδίῳ

384 1125 522 1191 Περὶ
547 1123 652 1176 τοῦ
668 1122 882 1190 Πάσχα
903 1123 1066 1192 λόγῳ,
1092 1122 1150 1175 ὃν
1184 1123 1244 1188 ἐξ
1271 1124 1448 1186 αὶτίας
1480 1124 1576 1193 τῆς
1607 1122 1699 1176 τοῦ
1724 1122 1966 1176 Μελίτω-

386 1230 473 1275 νος
515 1214 732 1283 γραφῆς
766 1229 930 1281 φησιν
959 1212 1150 1266 ἑαυτὸν
1181 1212 1457 1276 συντάξαι.
1502 1215 1588 1266 Ἐν
1625 1212 1681 1266 δὲ
1713 1212 1790 1283 τῷ
1829 1211 1965 1282 πρὸς

384 1304 474 1357 τὸν
524 1303 906 1375 αὐτοκράτορα
958 1303 1169 1375 βιϐλίῳ,
1218 1305 1446 1358 τοιαῦτά
1500 1321 1620 1358 τινα
1656 1304 1776 1356 καθ’
1810 1304 1965 1374 ἡμῶν

386 1399 471 1450 ἐπ’
506 1397 671 1450 αὑτοῦ
699 1399 978 1466 γεγονέναι
1013 1401 1215 1469 ἱστορεῖ
1240 1415 1254 1429 ο
1297 1418 1314 1450 ι
1348 1399 1419 1451 Τὸ
1448 1398 1557 1470 γὰρ
1589 1398 1708 1451 οὐδὲ
1746 1397 1964 1450 πώποτε

385 1491 694 1559 γενόμενον,
730 1489 824 1543 νῦν
849 1490 1099 1543 διώκεται
1122 1490 1182 1542 τὸ
1202 1489 1308 1542 τῶν
1337 1488 1605 1542 Geo-6:6ch
1631 1489 1805 1557 γένος,
1842 1505 1964 1542 και-

385 1586 494 1645 νοῐς
521 1581 876 1650 ἐλαυνόμενον
899 1582 1130 1651 δόγμασι
1151 1581 1288 1634 κατὰ
1307 1581 1406 1650 τὴν
1431 1581 1632 1634 Ἀσίαν.
1653 1581 1716 1632 Οἱ
1743 1580 1850 1651 γὰρ
1878 1582 1969 1633 ἁν-

391 1677 556 1738 αιδεῖς
581 1676 909 1743 συκοφάνται
939 1677 1032 1727 καὶ
1054 1673 1160 1726 τῶν
1189 1673 1480 1744 ἀλλοτρίων
1506 1673 1752 1743 ἐρασταὶ,
1776 1672 1874 1741 τὴν
1905 1673 1968 1723 ἐκ

390 1769 495 1822 τῶν
527 1767 908 1836 διαταγμάτων
937 1766 1150 1835 ἔχοντες
1172 1765 1444 1836 ἀφορμὴν,
1477 1762 1723 1833 φανερῶς
1744 1761 1969 1832 λῃστεύ-

2067 579 2359 643 scribebat,
2393 580 2444 633 iu
2485 582 2758 650 principio
2798 583 2981 650 operis
3006 581 3087 636 sui
3118 582 3366 648 designat
3394 581 3478 636 his
3511 596 3630 635 ver-

2067 667 2150 722 bis
2187 683 2202 722 :
2239 685 2259 719 ι
2288 669 2518 724 Servilio
2547 671 2737 736 Paulo,
2763 673 2962 738 inquit,
2988 672 3130 726 Asiae
3155 672 3497 740 proconsule,
3525 687 3632 741 quo

2067 765 2310 826 tempore
2357 758 2582 828 Sugaris
2617 764 2935 831 martyrium
2983 778 3271 832 perpessus
3303 773 3410 827 est,
3440 779 3633 833 magna

2065 851 2434 904 controversia
2493 851 2774 906 Laodicea:
2801 855 3032 908 excitata
3059 863 3144 907 est
3178 856 3246 908 de
3291 855 3634 910 solemnitate

2067 939 2344 1004 paschali,
2398 955 2517 1008 quae
2566 945 2883 1010 tempestive
2936 945 2986 996 in
3029 945 3147 998 illos
3189 946 3303 1000 dies
3347 945 3632 999 inciderat.

2067 1030 2274 1097 Quibus
2309 1033 2470 1086 etiam
2504 1033 2690 1088 diebus
2730 1035 2844 1088 haec
2873 1050 2901 1087 a
2929 1035 3085 1089 nobis
3116 1039 3419 1106 perscripta
3446 1048 3630 1091 sunt.»

2068 1121 2236 1188 llnjus
2273 1133 2452 1177 autem
2500 1125 2625 1179 libri
2663 1129 2993 1182 mentionem
3031 1129 3160 1184 facit
3210 1129 3463 1186 Clemens
3507 1132 3635 1186 Alc-

2068 1215 2370 1269 xandrinus
2407 1217 2458 1270 in
2500 1232 2666 1287 opere
2699 1234 2797 1273 suo
2841 1219 2918 1273 De
2957 1220 3188 1278 Pascha.
3220 1222 3373 1290 Quod
3413 1225 3635 1294 quidem

2068 1317 2129 1360 ut
2161 1308 2552 1370 conscriberet,
2584 1308 2858 1365 Melitonis
2890 1312 3086 1366 librum
3119 1329 3336 1368 causam
3368 1317 3468 1369 sibi
3495 1331 3634 1385 pra:-

2067 1395 2251 1451 bnisse
2283 1407 2531 1452 testatur.
2565 1400 2684 1454 .Ium
2717 1416 2844 1455 vero
2869 1402 2920 1455 in
2952 1417 3017 1456 co
3052 1403 3190 1458 libro
3215 1419 3372 1473 quem
3403 1407 3638 1474 impera-

2069 1488 2175 1541 tori
2220 1492 2578 1559 nuncupavit,
2614 1492 2728 1546 hmc
2757 1493 2848 1546 illo
2888 1505 3145 1563 regnante
3187 1495 3450 1550 adversus
3480 1495 3640 1550 Chri-

2070 1580 2276 1634 stianos
2299 1591 2449 1650 gesta
2479 1597 2601 1636 esse
2632 1584 2829 1639 refert:
2854 1603 2873 1636 ι
2905 1585 3058 1652 Quod
3082 1588 3252 1651 enim,
3284 1588 3476 1658 inquit,
3504 1605 3638 1642 nun-

2071 1686 2232 1740 quam
2263 1685 2422 1727 antea
2455 1673 2656 1730 factum
2685 1677 2884 1744 fuerat,
2917 1681 3344 1748 persecutionem
3372 1695 3513 1736 nunc
3537 1695 3639 1750 pa-

2075 1764 2212 1815 titur
2237 1763 2448 1830 piorum
2485 1767 2762 1820 hominum
2789 1785 2979 1839 genus,
3011 1772 3168 1825 novis
3201 1787 3296 1839 per
3330 1772 3513 1826 Asiam
3542 1772 3639 1826 de-

387 1875 525 1922 ουσι,
563 1857 779 1929 νύκτωρ
811 1857 906 1910 καὶ
935 1855 1255 1927 μεθημέραν
1280 1855 1672 1926 διαρπάζοντες
1703 1854 1831 1916 τοὺς
1868 1870 1970 1922 μη-

2084 1854 2242 1908 cretis
2273 1856 2630 1923 exagitatum.
2668 1859 3121 1928 lmpudentissimi
3154 1877 3387 1932 namque
3427 1863 3640 1916 delato-

387 1950 474 2005 δὲν
493 1949 834 2012 ἀδικοῦντας.
867 1969 885 1999 ›
913 1949 1022 2000 Καὶ
1054 1946 1171 2018 μεθ’
1199 1947 1362 2018 ἕτερά
1391 1963 1556 2016 φησι·
1595 1965 1613 1996 ι
1649 1945 1758 1998 Καὶ
1789 1946 1838 1997 εἰ
1874 1944 1972 2014 μὲν

390 2044 484 2098 σοῦ
521 2045 877 2105 κελεύσαντος
907 2041 1078 2094 ταῦτα
1126 2039 1442 2112 πράττεται,
1478 2038 1619 2090 ἔστω
1660 2035 1840 2099 καλῶς
1887 2052 1974 2103 γι-

387 2135 632 2205 νόμενον.
670 2134 887 2196 Δίκαιος
913 2132 1022 2202 γὰρ
1057 2130 1311 2200 βασιλεὺς
1342 2129 1456 2182 ὀὐκ
1497 2128 1564 2182 ἂν
1606 2127 1806 2190 ἀδίκως
1849 2126 1972 2196 βου-

387 2227 639 2282 λεύσαιτο
687 2224 924 2277 πώποτε.
981 2223 1090 2276 Καὶ
1143 2224 1304 2292 ἡμεῖς
1356 2219 1530 2290 ἡδέως
1583 2217 1819 2289 φέρομεν
1880 2216 1972 2269 τοῦ

389 2320 628 2375 τοιούτου
689 2318 920 2370 θανάτου
979 2315 1037 2368 τὸ
1085 2315 1272 2384 γέρας.
1322 2312 1540 2382 Ταύτην
1583 2310 1640 2362 δέ
1689 2327 1770 2362 σοι
1809 2309 1974 2378 μόνην

391 2413 774 2484 πρ>σφέρομεν
825 2411 1029 2477 δέησιν,
1067 2409 1153 2460 ἵνα
1206 2405 1368 2469 αὐτὸς
1411 2404 1676 2475 πρότερον
1721 2402 1975 2470 ἐπιγνοὺς

388 2507 510 2569 τοὺς
551 2506 648 2575 τῆς
673 2503 927 2572 τοιαύτης
964 2500 1292 2569 φιλονεικίας
1323 2500 1560 2570 ἐργάτας
1594 2495 1725 2566 (/45),
1753 2493 1976 2556 δικαίως

390 2597 630 2669 κρίνειας
655 2597 704 2648 εί
743 2595 882 2661 ἄξιοι
922 2593 1153 2646 Θανάτου
1190 2592 1284 2645 καὶ
1319 2590 1608 2661 τιμωρίας,
1642 2585 1976 2659 ἢσωτηρίας

390 2691 482 2744 καὶ
502 2689 729 2760 ἡσυχίας
751 2730 764 2748 ,
793 2687 947 2740 εἰσίν.
978 2687 1040 2739 Εἰ
1073 2686 1129 2739 δὲ
1158 2685 1252 2738 καὶ
1277 2683 1428 2756 παρὰ
1454 2681 1546 2735 σοῦ
1567 2683 1643 2752 μὴ
1676 2681 1758 2752 εἴη
1791 2681 1824 2749 ἡ
1857 2678 1978 2748 βου-

391 2779 455 2852 λὴ
483 2780 620 2852 αὕτη
651 2781 744 2834 καὶ
778 2779 837 2832 τδ
870 2779 1052 2832 καινὸν
1078 2777 1234 2831 τοῦτο
1261 2777 1557 2846 διάταγμα,
1600 2773 1628 2826 ὃ
1671 2773 1804 2843 μηδὲ
1835 2772 1976 2824 κατὰ

394 2873 686 2946 βαρϐάρων
741 2872 939 2943 πρέπει
999 2870 1293 2941 πολεμίων,
1342 2869 1476 2921 πολὺ
1511 2865 1710 2938 μᾶλλον
1747 2863 1980 2934 δεόμεθά

396 2982 510 3030 σου,
556 2964 630 3036 μὴ
657 2964 915 3034 περιιδεῖν
949 2964 1094 3034 ἡμᾶς
1142 2963 1198 3016 ἐν
1247 2959 1464 3031 τοιαύτῃ
1497 2957 1733 3030 δημώδει
1782 2955 1975 3026 λεηλα-

397 3059 506 3130 σίᾳ.
536 3078 554 3110 ι
590 3057 810 3122 Τούτοις
837 3054 993 3119 αὖθις
1022 3056 1272 3128 ἐπιφέρει
1308 3055 1514 3123 λέγων⁸
1551 3070 1570 3103 ι
1617 3051 1681 3103 Ἦ
1714 3048 1823 3120 γὰρ
1859 3047 1977 3102 καθ’

2074 1960 2161 1999 res
2186 1957 2244 1999 ct
2275 1946 2575 2002 alienarum
2602 1965 2762 2019 opum
2788 1953 2990 2021 cupidi,
3023 1968 3088 2007 ex
3117 1954 3499 2022 imperialibus
3527 1954 3612 2010 ed.‘

2072 2039 2179 2091 ctis
2206 2038 2549 2093 occasionem
2576 2045 2742 2106 nacti,
2762 2043 2938 2114 palam
2962 2045 3053 2099 diu
3081 2056 3356 2116 noctuque
3383 2062 3640 2116 grassan-

2076 2138 2164 2182 tur
2191 2130 2538 2199 spoliantque
2566 2133 2812 2189 homines
2839 2135 3116 2192 innoxios.
3150 2157 3170 2190 ι
3201 2139 3265 2191 Ει
3293 2139 3452 2208 paulo
3479 2148 3640 2208 post:

2081 2238 2098 2269 ι
2136 2219 2290 2286 Quod
2315 2223 2383 2286 si,
2410 2223 2604 2293 inquit,
2640 2227 2753 2280 haec
2784 2227 3056 2297 tuojussu
3105 2228 3259 2292 ﬁant,
3293 2239 3438 2286 recte
3480 2241 3644 2301 atque

2074 2313 2265 2367 ordine
2301 2313 2438 2368 facta
2471 2326 2650 2372 sunto.
2693 2316 2876 2389 Neque
2906 2321 3051 2374 enim
3080 2321 3193 2375 ﬁeri
3227 2331 3422 2392 potest,
3478 2333 3538 2377 ut
3560 2325 3648 2393 ju-

2079 2415 2196 2459 stus
2231 2405 2485 2475 princeps
2509 2407 2712 2478 aliquid
2738 2424 2972 2478 unquam
3004 2411 3200 2478 injuste
3234 2417 3564 2470 constituat:
3589 2425 3648 2469 et

2078 2513 2174 2552 nos
2189 2498 2372 2554 libenti
2396 2501 2577 2554 animo
2593 2502 2858 2569 ejusmodi
2879 2505 3067 2560 mortis
3085 2507 3366 2576 praemium
3391 2507 3645 2562 ferimus.

2079 2585 2254 2641 Unum
2287 2588 2416 2642 illud
2448 2606 2476 2642 a
2512 2601 2562 2645 te
2591 2594 2844 2661 petimus,
2874 2602 2934 2647 ut
2981 2609 3104 2649 cum
3143 2595 3448 2665 hujusmodi
3481 2597 3650 2664 perti-

2079 2680 2231 2733 nacia
2263 2681 2504 2748 perditos
2546 2682 2796 2738 homines
2827 2701 2926 2756 per
2966 2695 3018 2741 te
3047 2687 3162 2757 ipse
3195 2692 3345 2758 prius
3371 2690 3648 2744 examina-

2079 2773 2246 2835 veris,
2279 2781 2391 2826 tum
2421 2773 2616 2830 deinde
2647 2791 2744 2844 pro
2783 2787 2871 2831 tua
2899 2781 3160 2848 aequitate
3199 2790 3431 2847 statuas,
3465 2791 3648 2836 utrum

2079 2864 2346 2935 supplicio
2374 2880 2439 2920 ac
2465 2877 2638 2920 morte
2664 2866 2826 2933 allici,
2855 2885 2922 2922 an
2956 2871 3088 2924 salvi
3124 2881 3179 2926 et
3228 2873 3408 2927 securi
3455 2873 3655 2944 degere

2081 2967 2416 3012 mereantur.
2448 2959 2542 3014 Sin
2573 2974 2702 3018 vero
2732 2962 3182 3034 illud.consilium
3223 2975 3384 3036 atque
3415 2969 3650 3023 edictum

2080 3049 2239 3118 plane
2287 3051 2614 3119 inauditum,
2667 3057 2812 3123 quod
2862 3071 3036 3126 neque
3076 3057 3341 3112 adversus
3390 3058 3654 3115 barbaros

395 3152 541 3222 ἡμᾶς
576 3149 860 3220 φιλοσοφία
893 3149 1153 3220 πρότερον
1209 3149 1306 3218 μὲν
1356 3149 1413 3200 ὲν
1461 3145 1755 3218 βαρϐάροις
1800 3144 1973 3235 ἤκμα-

2084 3142 2266 3196 hostes
2298 3145 2501 3198 sanciri
2554 3145 2831 3214 decuerat,
2863 3163 3139 3217 nunquam
3184 3164 3213 3202 a
3250 3161 3300 3204 te
3345 3149 3651 3220 profectum

399 3262 491 3298 σεν
517 3243 650 3316 (46)·
688 3243 1038 3313 ὲπανϐήσασα
1087 3241 1144 3294 δὲ
1183 3243 1296 3302 τοῖς
1335 3242 1446 3302 σοῖς
1483 3237 1660 3290 ἔθνεσι
1707 3233 1850 3288 κατὰ
1879 3234 1977 3305 τὴν

397 3337 706 3406 Αὐγούστου
734 3334 828 3387 τοῦ
853 3333 945 3386 σού
967 3333 1233 3402 προγόνου
1265 3330 1506 3401 μεγάλην
1528 3329 1721 3400 ἀρχὴν,
1746 3325 1978 3396 ἐγενήθη

403 3429 636 3501 μάλιστα
662 3430 727 3496 τῇ
761 3429 827 3496 σῇ
868 3423 1114 3494 βασιλείᾳ
1147 3423 1322 3476 αἴσιον
1353 3421 1577 3489 ἀγαθόν.
1619 3421 1844 3472 Ἕκτοτε
1874 3416 1982 3488 γὰρ

403 3525 480 3584 εἰς
520 3521 660 3589 μέγα
690 3519 784 3570 καλ¹
814 3515 1064 3586 λαμπρὸν
1092 3515 1153 3566 τὸ
1188 3513 1473 3584 Ῥωμαίων
1505 3510 1715 3580 mesen
1749 3509 1979 3579 κράτοςο

402 3606 463 3666 οὗ
495 3613 558 3663 σὺ
583 3609 823 3678 διάδοχος
843 3607 1093 3668 εὐκταῖος
1123 3603 1353 3672 γέγονάς
1379 3619 1438 3654 τε
1468 3601 1562 3654 καὶ
1586 3600 1684 3670 ἔσῃ
1718 3598 1856 3669 μετὰ
1887 3595 1982 3648 τοῦ

405 3701 592 3766 παιδὸς
623 3701 753 3772 (47),
785 3698 1075 3767 φυλάσσων
1108 3697 1208 3766 τῆς
1250 3693 1526 3765 βασιλείας
1561 3692 1658 3763 τὴν
1689 3689 1984 3757 σύντροφον

409 3857 534 3929 ὑμῖν
560 3853 777 3929 δοκοῦν,
797 3851 1258 3929 προθεῖναι-τουῇ
1283 3849 1558 3929 βιίξλίδιον.
1589 3842 1982 3929 Certe‘orallio-

409 3916 528 3982 nem
557 3926 700 3978 illam
731 3916 1006 3994 Melttortis
1034 3922 1166 3975 nihil
1194 3916 1335 3994 aliud
1361 3922 1526 3974 fuisse
1553 3933 1711 3994 quam
1741 3916 1980 3994 libellum

408 4012 624 4068 precum
653 3995 893 4068 oblatu_ni
926 3992 1235 4068 imperatori
1271 3999 1420 4068 patet
1459 4005 1524 4042 ex
1559 3983 1860 4068 fragmento
1891 3983 1983 4068 illo

407 4052 548 4135 quod
581 4063 788 4131 profert
821 4052 1104 4125 Eusebius,
1129 4052 1333 4130 ταύτὴν
1359 4059 1416 4111 δέ
1441 4075 1522 4112 σοι
1553 4052 1720 4129 μόνην
1743 4052 1982 4128 προσφέ-

515 4135 922 4205 ενδέησινωιο,
1153 4204 1158 4205 ν
1343 4202 1352 4205 _
1455 4201 1467 4205 _
1571 4198 1582 4205 _
1739 4195 1837 4205 .-.
1906 4192 1918 4205 .

410 4154 574 4210 ρομεν
593 4154 795 4202 οεησιν.
815 4154 922 4186 CIC.
1906 4192 1918 4205 .

479 4206 589 4275 (45)
627 4203 738 4272 Τῆς
754 4203 1035 4270 τοιαύτης
1059 4202 1426 4275 φιλονεικίας
1444 4198 1714 4270 ἐργάτας.
1738 4195 1874 4250 Male
1905 4209 1983 4275 tn-

413 4267 1085 4347 terprctes"onines_liafc
1112 4273 1394 4347 _Me|itonis
1428 4267 1594 4347 verba
1625 4281 1886 4347 accepere
1919 4267 1987 4346 de

412 4337 897 4401 calumniatoribus
922 4342 1382 4406 Christianorum,
1409 4355 1530 4395 cum
1563 4340 1631 4394 de
1661 4337 1987 4406 Christianis

414 4414 641 4488 intelligi
672 4415 933 4488 debeant,
966 4426 1102 4488 quos
1139 4404 1525 4488 _Melito-vocat
1551 4409 1790 4488 ἐργάτας
1838 4404 1986 4488 φιλο-

420 4479 644 4549 νεικίας,
671 4483 724 4537 id
747 4493 830 4537 est
858 4479 1118 4552 ἀσκητάς.
1139 4481 1541 4552 Premebantur
1559 4479 1702 4534 enim
1727 4479 1986 4552 Christia-

2081 3243 2188 3298 est,
2215 3234 2569 3296 obsecramus
2601 3246 2652 3291 te
2681 3238 2846 3292 multo
2876 3240 3074 3308 magis,
3107 3255 3173 3294 ne
3205 3257 3303 3296 nos
3341 3242 3651 3312 hujusmodi

2083 3321 2298 3392 publico
2324 3325 2615 3381 latrocinio
2641 3327 2847 3383 diutius
2871 3331 3056 3383 vexari
3087 3333 3424 3399 permittas.)
3455 3331 3655 3389 Paucis

2082 3409 2278 3465 deinde
2320 3411 2622 3478 interjectis
2655 3415 2768 3469 haec
2811 3417 3088 3487 subjungit
3119 3437 3132 3471 :
3172 3437 3192 3469 ι
3228 3419 3351 3476 Hanc
3377 3422 3544 3489 enim,
3570 3423 3656 3477 in-

2083 3502 2218 3568 quit,
2254 3503 2614 3573 philosophia:
2638 3517 2787 3561 secta
2813 3522 2972 3577 quam
3002 3511 3345 3577 profitemur,
3367 3513 3516 3582 prius
3533 3502 3655 3584 qui-

2084 3594 2205 3648 dem
2236 3596 2404 3664 viguit
2435 3599 2573 3668 apud
2611 3599 2774 3671 148
2805 3602 3086 3657 barbaros.
3120 3601 3311 3657 Postea
3363 3619 3490 3660 vero
3531 3621 3654 3661 cum

2084 3688 2379 3755 provinciis
2411 3691 2624 3760 imperii
2659 3695 2736 3747 tui
2793 3694 3076 3760 illuxisset,
3123 3697 3428 3766 principatu
3475 3699 3655 3770 magni

2083 3859 2206 3926 nem
2234 3844 2371 3926 hanc
2392 3849 2706 3926 scripsisset
2723 3851 2930 3926 lilelito,
2950 3855 3278 3910 mentionem
3297 3854 3446 3926 illius
3473 3858 3658 3926 procul

2083 3915 2246 3992 dubio
2271 3915 2525 3992 fecisset
2579 3923 2680 3976 hoc
2737 3915 2996 3985 loco;'et
3052 3939 3149 3992 pro
3195 3925 3376 3979 verbis
3426 3915 3531 3980 illis
3559 3945 3654 3992 με-

2083 3985 2184 4064 τὰ-
2207 3985 2310 4064 τοξι-
2369 3989 2605 4064 παιδόςη
2636 3993 2862 4047 dixisset
2897 3985 3123 4064 omnino
3176 3994 3314 4064 μετὰ
3356 3993 3452 4050 τοῦ
3508 3985 3662 4051 ἀδελ-

2084 4057 2207 4134 φρῦ.
2244 4057 2402 4134 ,Νηλιι
2462 4057 2523 4134 L.
2568 4061 2833 4134 Aurelius
2883 4065 3049 4134 frater
3103 4057 3205 4118 fuit
3257 4066 3541 4134 adoptivus
3592 4071 3652 4122 D.

2091 4125 2279 4200 hlarci.
2325 4126 2458 4182 Cum
2510 4133 2674 4200 igitur
2729 4132 2900 4187 solum
2949 4133 3116 4188 Marci
3167 4125 3426 4189 Antonini
3462 4136 3654 4197 filium.

2089 4195 2441 4253 Commodum
2497 4195 2777 4265 videlicet,
2844 4203 2934 4259 hic
2989 4214 3376 4259 commemoret
3437 4195 3655 4268 Melito.

2091 4275 2348 4344 optetque
2404 4279 2648 4344 ut__cum
2712 4273 2804 4326 illo
2859 4286 3042 4344 quam,
3078 4274 3396 4344 diutissime
3430 4275 3653 4344 imperet

2093 4334 2326 4400 Murcus,
2353 4341 2694 4412 manifestum
2719 4353 2821 4412 est,
2849 4334 2909 4396 u't
2935 4343 3066 4404 dixi,
3099 4344 3242 4398 hunc
3267 4334 3654 4412 .4poloqeiicum
3710 4409 3712 4412 ν

2094 4414 2214 4474 post
2248 4417 2473 4463 mortem
2503 4411 2562 4466 L.
2597 4411 2722 4466 Veri
2749 4411 2931 4466 Marco
2945 4413 3184 4466 oblatum
3205 4411 3391 4470 fuisSe.
3424 4413 3657 4469 Proinde

2094 4477 2146 4527 in
2175 4476 2386 4532 Eusebii
2426 4479 2682 4535 Chronico
2718 4492 2864 4536 recte
2894 4483 2947 4535 id
2985 4479 3221 4536 refertur
3253 4499 3398 4538 anno
3427 4499 3456 4537 κ
3487 4482 3652 4538 Marci

418 4558 470 4610 ni
523 4547 878 4625 pertinaciam
942 4547 1413 4625 et__courstantiam
1474 4551 1527 4625 in
1596 4548 1878 4625 tormentis
1932 4553 1985 4625 et
2017 4552 2062 4606 ι)
2091 4547 2370 4625 Antonini,
2401 4565 2544 4625 anno
2581 4552 2788 4625 scilicet
2809 4559 3182 4625 postmortem
3215 4551 3277 4625 L.
3306 4553 3450 4625 Veri.
3491 4553 3657 4625 Amo-

415 4615 704 4681 calumniis
733 4622 1086 4691 perferendis.
1131 4621 1292 4676 Certe
1325 4636 1431 4674 non
1465 4620 1533 4675 de
1569 4619 1692 4673 aliis
1729 4632 1891 4688 quam
1921 4615 1986 4668 dc

417 4695 747 4766 Christianis
774 4694 904 4761 ipsis
933 4692 1048 4766 haec
1071 4691 1609 4766 verbaintelligenda
1632 4699 1987 4766 esse,_ex__se-

419 4755 970 4836 quentibusapparet.
1004 4761 1148 4815 Petit
1173 4762 1315 4814 enim
1340 4764 1410 4836 ab
1435 4755 1759 4836 imperatore
1785 4755 1986 4836 Melite,

420 4827 478 4889 ut
524 4827 955 4889 Christianorum
1009 4846 1230 4884 causam
1288 4832 1438 4898 prius
1471 4827 1587 4898 ipse
1623 4844 1720 4896 per
1745 4843 1804 4882 se
1825 4827 1991 4893 dispi-

419 4920 546 4960 cere
587 4909 751 4970 atque
807 4902 1122 4956 examinare
1165 4899 1326 4964 velit;
1370 4911 1478 4954 tum
1531 4899 1726 4953 deinde
1765 4903 1986 4957 statuat,

421 4987 601 5028 utrum
661 4971 928 5042 supplicio
974 4970 1238 5026 alliciendi
1293 4971 1422 5032 sint,
1459 4985 1526 5024 an
1554 4970 1734 5039 potius
1770 4980 1990 5022 conser-

424 5045 604 5097 vandi.

495 5113 606 5184 (‘6)
645 5109 1109 5186 Ἐνλβαρσάροις
1162 5109 1456 5178 ἤκμασεν.
1490 5107 1583 5186 Sic
1625 5108 1868 5186 nominat
1899 5101 1992 5186 In-

425 5177 599 5246 dicos,
627 5183 763 5250 apud
787 5177 925 5250 quos
951 5177 1392 5250 p‘rmt’umeana
1417 5188 1498 5232 est
1526 5179 1831 5250 Christiana
1864 5177 1992 5250 reli-

425 5255 534 5322 gin.
559 5247 732 5317 Atque
755 5247 824 5322 ita
850 5247 1522 5322 loquiturketiamJustinus
1547 5250 1601 5302 in
1630 5248 1988 5322 Apologetico,

429 5318 480 5376 ni
509 5323 688 5381 fallor,
710 5333 762 5374 et
796 5318 1048 5374 Clemens
1078 5319 1350 5372 Romanus
1373 5320 1423 5371 in
1449 5319 1626 5372 librat
1662 5318 1993 5384 Recognitio-

427 5409 575 5445 num.
625 5389 762 5443 lliuc
829 5401 912 5445 est
969 5391 1111 5457 quod
1173 5388 1990 5458 Porphyrins_Christianorum

428 5473 629 5516 Sectam
656 5461 884 5531 αρυριιςιι
907 5456 1188 5531 Βάρϐαρον
1214 5456 1486 5529 τόλμὴμα.
1511 5456 1682 5511 Locus
1711 5456 1993 5531 Porphyrii

429 5532 628 5604 cilntnr
651 5526 964 5604 ψευδαλίο
990 5526 1045 5583 in
1080 5526 1214 5604 libro
1240 5544 1289 5581 vt
1313 5526 1475 5604 hujus
1501 5532 1700 5604 operis,
1726 5543 1845 5604 pag:
1867 5526 1992 5604 29:9.

502 5601 612 5674 (47)
643 5598 907 5670 Feror-dc
944 5599 1137 5674 texat
1177 5599 1294 5666 ἔσῃ
1333 5597 1486 5674 μετὰ
1527 5596 1632 5650 τοῦ
1660 5595 1994 5674 παιδοφβι

430 5667 536 5727 huc
571 5667 683 5725 luco
717 5667 938 5737 apparet
979 5670 1286 5724 Melitouetn
1332 5667 1641 5736 episcopum
1688 5667 1993 5737 Apologia";

432 5756 581 5812 suam
614 5736 871 5812 obtulisse
904 5739 974 5794 M.
1023 5739 1304 5812 Antonino
1349 5746 1471 5812 pust
1513 5746 1741 5812 niualem
1789 5736 1994 5812 Aurelii

438 5809 584 5866 Veri.
611 5809 740 5865 Nam
772 5810 817 5862 si
848 5811 1144 5877 superstite
1170 5803 1589 5861 adhuc’Aurelio
1622 5803 1760 5860 Vero
1788 5806 1994 5860 oratio-

755 5899 1026 5962 Pnaoc.
1072 5899 1190 5961 Gn.
1240 5900 1382 5963 XX.

2089 4615 2461 4688 nino,inquit,
2486 4621 2610 4688 imp.
2641 4615 2821 4674 Melita
2857 4623 3082 4674 Asianus
3117 4620 3418 4676 Sardiensis
3451 4624 3657 4688 episco-

2087 4701 2186 4757 pus
2231 4687 2636 4757 Apologeticum
2688 4706 2782 4756 pro
2832 4689 3148 4744 Christianis
3214 4687 3488 4745 tradidit.’
3523 4693 3656 4747 Cum

2092 4754 2306 4812 Eusebii
2336 4754 2595 4812 Chronico
2623 4754 2890 4814 consentit
2924 4769 3117 4814 auctor
3146 4758 3392 4814 Chronici
3421 4763 3658 4818 Alexan—

2089 4824 2250 4899 drim‘,
2290 4829 2378 4899 qui
2409 4829 2572 4881 etiam
2598 4830 2700 4882 hoc
2728 4829 2894 4889 addit.
2919 4827 3158 4883 Marcum
3191 4832 3524 4886 Antoninum
3547 4833 3660 4887 Me-

2092 4893 2636 4972 litnnisaliorumque
2665 4899 3095 4972 Christianorum
3126 4902 3429 4955 antistitum
3453 4905 3662 4972 suppli-

2091 4967 2398 5038 cationibtts
2428 4978 2753 5036 permotum,
2789 4969 3073 5038 scripsisse
3100 4973 3381 5038 epistolam
3414 4974 3480 5026 ad
3508 4967 3663 5028 (3.3....

2092 5036 2490 5110 tnuneAsim,
2551 5052 2655 5110 qua
2709 5036 2924 5110 vetabat
2992 5054 3058 5092 ne
3117 5036 3239 5109 quis
3305 5041 3661 5110 imposterum

2090 5106 2430 5160 Christianos
2497 5108 2770 5175 religionis
2817 5125 2928 5163 sua:
2985 5106 3149 5164 causa
3204 5106 3659 5166 calumniaretur.

2094 5178 2284 5250 Exstat
2316 5178 2680 5250 haecepistola
2715 5194 2874 5250 supra
2927 5179 2982 5233 in
3016 5194 3140 5248 cap.
3185 5181 3251 5234 l5
3303 5183 3462 5250 hujus
3515 5181 3658 5236 libri.

2092 5247 2178 5317 Acr
2225 5247 2525 5301 laudandus
2568 5257 2650 5300 cst
2687 5247 2902 5317 quidem
2947 5247 3138 5302 auctdr
3194 5251 3338 5306 illius
3372 5247 3659 5315 ‘Chrom'ci,

2094 5316 2293 5385 quippe
2342 5319 2450 5390 qui
2488 5328 2633 5390 recte
2679 5316 3146 5390 animadverterit,
3187 5321 3474 5390 epistolam
3515 5319 3658 5374 illam

2096 5401 2203 5440 non
2256 5387 2530 5440 Antonino
2577 5387 2692 5449 Pio,
2751 5400 2807 5442 ut
2862 5389 3124 5442 Eusebius
3163 5387 3503 5449 crediderat,
3566 5392 3659 5442 sed

2095 5455 2275 5511 Marco
2304 5458 2482 5525 putins
2506 5472 2628 5511 esse
2656 5459 3018 5513 tribuendam.
3049 5461 3102 5511 In
3126 5476 3189 5513 eo
3223 5469 3399 5513 tamen
3432 5457 3656 5519 fallitur,

2094 5528 2235 5591 quod
2265 5526 2510 5580 eamdem
2546 5529 2824 5595 epistolam
2871 5543 3013 5582 anno
3059 5530 3269 5583 decimo
3321 5527 3659 5595 principatus

2095 5595 2167 5648 Μ.
2208 5595 2467 5649 Antonini
2509 5599 2764 5666 scriptam
2797 5613 2916 5653 esse
2942 5598 3289 5652 existimavit.
3329 5596 3541 5664 Scripta
3576 5609 3661 5650 est

2095 5668 2237 5720 enim
2278 5679 2418 5736 anno
2443 5668 2617 5732 primo
2645 5666 2760 5732 ejus
2791 5669 3024 5736 imperii,
3056 5679 3111 5720 ut
3137 5667 3402 5736 colligitur
3431 5680 3497 5718 ex
3520 5681 3662 5718 anno

2097 5750 2163 5788 xv
2212 5735 2502 5792 tribunitiae
2545 5738 2830 5806 potestatis
2864 5734 2919 5794 in
2953 5738 3142 5793 eadem
3177 5734 3408 5806 epistola
3451 5747 3663 5802 praua.

2098 5815 2232 5861 tato.

3278 5895 3348 5952 l3
