4198 6400
581 342 689 401 59$

1292 329 1565 389 EUSEBII
1595 325 2079 388 CESARIENSIS
2114 323 2268 387 OPP.
2307 323 2490 382 PARS
2526 325 2567 382 I.
2609 358 2678 368 —-
2717 325 3111 384 HISTORICA.

3731 329 3835 384 396

579 462 727 518 illius
780 450 1035 522 Augusti,
1071 447 1164 518 qui
1215 460 1354 501 unus
1401 461 1471 499 ex
1517 442 1816 511 maioribus
1865 443 1973 499 tuis
2024 440 2147 500 fuit,

2255 440 2349 494 καὶ
2405 439 2819 513 συναρξαμένην
2877 440 3173 513 Αὐγούστῳ
3218 440 3538 512 φιλοσοφίαν
3561 461 3575 475 ·
3630 444 3698 513 ην
3752 442 3845 499 καὶ

578 552 815 608 faustum
851 551 1284 615 proSperumque
1330 536 1559 605 imperio
1593 534 1842 589 Romano
1867 549 2026 590 omen
2056 548 2155 587 ex-

579 642 738 700 stitit.
766 637 844 692 Ex
880 651 946 689 eo
975 629 1246 702 siquidem
1278 636 1530 697 tempore
1558 625 1815 681 maximis
1850 624 2157 679 incremen-

583 735 652 790 εἰς
694 740 853 787 aucta
895 735 983 784 est
1027 722 1289 792 maiestas
1328 719 1544 790 imperii
1590 716 1820 773 Romani
1850 734 1864 770 :
1894 715 2050 782 cujus
2100 723 2155 769 tu

580 828 752 882 haeres
781 836 848 878 ac
875 831 1181 882 successor,
1204 812 1576 884 aspirantibns
1603 811 1848 863 ornttium
1875 808 2037 870 votis.
2056 823 2156 878 po-

581 918 712 971 titus
739 929 801 970 es
826 910 1163 983 potlerisque
1185 907 1443 974 deinceps
1468 917 1576 957 una
1608 917 1733 957 cum
1756 900 1899 967 ﬁlio;
1923 900 1969 956 si
1996 900 2157 954 modo

578 1015 782 1061 sectam
825 1001 1000 1067 illam,
1028 1011 1153 1070 quae
1199 1008 1324 1050 cum
1380 989 1609 1059 imperio
1642 988 1893 1051 educata,
1930 996 1988 1042 et
2029 1001 2154 1041 cum

577 1098 821 1166 Angusto
866 1088 1029 1148 simul
1081 1087 1338 1145 inchoata
1370 1093 1477 1149 est,
1510 1089 1567 1136 et
1608 1096 1775 1151 quam
1811 1078 2047 1148 majores
2077 1077 2153 1132 ttti

578 1203 684 1242 una
712 1201 834 1243 cum
863 1184 1082 1240 caeteris
1107 1179 1462 1251 religionibus
1485 1176 1796 1241 coluerunt,
1825 1173 1963 1229 tueri
1997 1173 2150 1227 velis.

577 1281 748 1336 Porro
779 1276 1101 1347 religionem
1129 1283 1375 1330 nostram
1404 1273 1545 1327 bono
1594 1268 1814 1339 publico
1846 1266 2154 1337 adolevisse

578 1387 685 1427 una
716 1385 842 1426 cum
873 1366 1103 1437 imperio
1126 1366 1273 1435 quod
1308 1362 1543 1418 feliciter
1568 1370 1806 1428 ereptum
1842 1358 2044 1423 fuerat,
2079 1358 2146 1411 il-

577 1464 667 1519 lud
693 1460 1001 1517 certissimo
1021 1464 1342 1528 argumento
1362 1464 1467 1522 est,
1489 1452 1633 1523 quod
1657 1450 1770 1520 iam
1804 1452 1930 1506 inde
1954 1466 1984 1506 a
2006 1449 2155 1521 prin-

577 1556 760 1624 eipatn
816 1552 1047 1624 Augusti
1108 1548 1241 1605 nihil
1296 1547 1538 1610 adversi,
1575 1545 1670 1601 sed
1718 1553 1913 1601 contra
1965 1544 2149 1599 omnia

576 1661 836 1718 prospera
865 1654 923 1701 et
954 1643 1239 1713 magniﬁca
1286 1655 1354 1696 ex
1398 1639 1566 1693 animi
1601 1638 1873 1693 sententia
1912 1647 2149 1705 votoque

574 1735 817 1791 omnium
843 1732 1211 1799 contigerunt.
1247 1728 1361 1784 Soli
1391 1742 1460 1783 ex
1497 1727 1751 1781 omnibus
1778 1726 1924 1781 Nero
1950 1741 2014 1781 ac
2047 1727 2148 1780 Do-

577 1825 852 1887 mitianus,
889 1822 1278 1878 malevolorum
1312 1820 1676 1891 quorumdam
1715 1819 1962 1875 consiliis
1992 1819 2145 1873 indu-
2181 1792 2221 1850 Β

576 1917 682 1981 cti,
728 1916 1044 1985 religionem
1084 1924 1330 1969 nostram
1371 1912 1654 1967 criminari
1714 1912 2062 1966 studuerunt.
2105 1911 2148 1965 A

572 2006 772 2076 quibus
797 2006 1051 2074 deinceps
1092 2003 1233 2060 falsa
1280 2002 1370 2060 illa
1400 2003 1693 2059 adversum
1730 2017 1828 2057 nos
1872 2002 2149 2057 calumnia

573 2096 814 2150 manavit
845 2097 911 2149 ad
941 2104 1218 2165 posteros,
1250 2103 1308 2148 ut
1341 2109 1459 2150 mos
1485 2094 1767 2163 estvnlgi,
1801 2100 2007 2164 absque
2040 2094 2148 2149 ullo

566 2185 771 2256 iudicio
816 2185 1124 2253 huiusmodi
1174 2183 1490 2240 rumoribus
1527 2184 1685 2240 ﬁdem
1720 2185 2005 2241 adhibere.
2037 2185 2146 2240 Ve-

574 2295 693 2336 rum
722 2278 1049 2349 imperitiam
1079 2277 1291 2334 illorum
1313 2288 1677 2335 correxerunt
1696 2278 1927 2349 piissimi
1953 2293 2148 2348 paren-

573 2387 661 2428 tes
692 2372 794 2437 tui,
825 2371 1206 2442 frequentibus
1232 2371 1520 2441 rescriptis
1551 2368 1902 2442 obiurgantes
1929 2386 2024 2427 eos
2056 2372 2148 2440 qui

571 2465 838 2521 adversus
885 2462 1164 2531 religionis
1211 2475 1414 2517 nostrze
1468 2463 1719 2518 homines
1763 2462 1887 2518 novi
1941 2463 2147 2534 aliquid

570 2553 742 2610 moliti
768 2564 977 2609 essent.
1025 2553 1173 2608 lnter
1202 2569 1342 2623 quos
1369 2568 1504 2608 avus
1538 2563 1662 2609 tuus
1691 2554 1984 2620 Adrianus,
2021 2569 2147 2610 cum

568 2645 693 2702 aliis
715 2645 983 2716 pluribus,
1010 2654 1123 2702 tum
1156 2645 1426 2701 Fundano
1462 2644 1608 2701 Asim
1650 2646 1967 2713 proconsuli
1999 2646 2152 2703 litte-

569 2753 665 2794 ras
714 2737 882 2793 dedit.
925 2736 1091 2792 Pater
1118 2750 1337 2806 quoque
1359 2744 1502 2802 tuus,
1538 2751 1647 2805 quo
1677 2747 1921 2809 tempore
1945 2750 2145 2797 cuncta

569 2828 735 2885 simul
768 2844 894 2884 cum
922 2827 1044 2896 ipso
1070 2826 1518 2891 administrabas,
1544 2829 1765 2900 scripsit
1795 2829 1865 2883 ad
1896 2829 2148 2887 civitates

570 2936 639 2976 ne
672 2928 863 2975 contra
890 2934 989 2975 nos
1010 2917 1277 2974 tumultus
1299 2919 1643 2976 concitarent
1670 2935 1687 2973 :
1724 2920 2048 2977 nominatim
2077 2922 2145 2976 ad

570 3012 887 3079 Larissmos,
911 3014 978 3067 ad
1000 3011 1545 3077 Thessalonicenses,
1571 3011 1639 3067 ad
1663 3011 2051 3081 Athenienses,
2077 3015 2144 3069 ad

567 3104 855 3161 universos
906 3102 1145 3174 denique
1198 3102 1435 3159 Grzecos.
1482 3100 1559 3158 Te
1604 3117 1760 3169 vero,
1806 3103 2008 3175 quippe
2047 3105 2139 3176 qui

565 3198 707 3253 idem
739 3195 880 3265 quod
908 3195 987 3252 illi
1026 3196 1094 3251 de
1140 3195 1297 3250 nobis
1348 3195 1572 3259 sentias,
1627 3196 1735 3251 imo
1786 3197 1951 3252 etiam
1983 3197 2143 3270 longe

566 3288 858 3343 humanius
887 3296 1052 3357 atque
1085 3287 1409 3356 sapientius,
1439 3297 1588 3341 tanto
1616 3286 1789 3357 magis
1818 3289 2144 3345 conﬁdimus

563 3378 745 3433 omnia
772 3392 895 3433 esse
922 3377 1190 3431 facturum
1208 3392 1331 3446 quae
1360 3392 1639 3448 rogamus.
1665 3397 1686 3431 ι
1722 3377 1848 3433 Haec
1874 3379 1927 3433 in
1946 3394 2142 3448 supra-

563 3469 713 3524 dicto
735 3467 1009 3524 Melitonis
1033 3466 1171 3523 libro
1202 3467 1476 3538 leguntur.
1507 3467 1649 3522 Idem
1686 3468 1739 3522 in
1770 3469 2046 3539 excerptis
2073 3468 2143 3524 ab

566 3560 684 3631 ipso
717 3560 1058 3631 compositis,
1102 3558 1388 3614 universos
1436 3555 1654 3614 Veteris
1696 3557 2029 3616 Testamenti
2072 3561 2141 3617 li-

565 3650 693 3707 bros
722 3651 814 3720 qui
849 3652 1091 3707 omnium
1138 3664 1407 3707 consensu
1443 3651 1644 3721 recepti
1696 3661 1843 3716 sunt,
1871 3654 2054 3707 statim
2085 3653 2140 3709 in

566 3742 837 3811 principio
887 3741 1069 3811 operis
1114 3751 1388 3797 recenset.
1443 3740 1614 3808 Quem
1647 3744 1862 3811 quidem
1905 3745 2138 3802 indicem

566 3839 670 3891 hoc
696 3835 817 3889 loco
840 3848 1116 3902 apponere
1166 3833 1538 3891 necessarium
1570 3836 1780 3904 putavi.
1825 3835 1920 3892 Sic
1955 3846 2139 3895 autem

563 3924 729 3981 habet
754 3925 822 3980 ad
846 3924 1071 3979 verbum
1101 3941 1114 3977 :
1147 3942 1167 3975 ι
1202 3923 1386 3979 ΜθΙίιο
1412 3922 1670 3980 Onesimo
1700 3924 1857 3979 fratri
1883 3926 2134 3982 salutem.

561 4015 696 4071 Cum
725 4029 824 4085 pro
857 4027 1046 4069 amore
1068 4028 1134 4068 ac
1153 4014 1330 4070 Studio
1357 4025 1447 4069 tuo
1475 4027 1603 4085 erga
1632 4016 1858 4070 verbum
1890 4017 2004 4081 Dei,
2033 4032 2137 4072 satr-

560 4108 723 4179 piusa
753 4120 842 4161 me
858 4104 1243 4175 postulaveris,
1261 4111 1320 4159 ut
1345 4113 1605 4175 excerpta
1631 4106 1879 4174 quaedam
1901 4120 1967 4161 ex
1992 4106 2138 4178 Lege

558 4209 615 4256 et
640 4199 930 4270 l’rophetis
955 4213 1076 4268 qua:
1097 4197 1163 4252 ad
1189 4196 1542 4252 Servatorem
1566 4206 1621 4253 et
1645 4197 1711 4251 ad
1732 4197 2042 4253 universam
2070 4197 2133 4254 ﬁ-

558 4292 680 4349 dem
710 4302 953 4347 nostram
982 4290 1280 4358 pertinent,
1320 4287 1416 4343 tibi
1445 4301 1871 4355 componerem;
1901 4304 2136 4361 cumque

558 4383 729 4440 libros
748 4382 962 4440 Veteris
984 4380 1145 4455 15.9
1162 4379 1495 4436 Testamenti
1523 4390 1777 4435 accurate
1804 4394 2135 4452 cognoscere

556 4476 955 4545 concupiveris,
982 4486 1114 4543 quot
1155 4489 1383 4531 numero
1414 4484 1469 4530 et
1502 4488 1610 4545 quo
1637 4472 1747 4529 sint
1780 4474 1972 4529 ordine
2011 4488 2135 4529 con-

557 4566 767 4638 scripti,
790 4565 841 4622 id
859 4565 1123 4638 perﬁcere
1138 4566 1283 4621 omni
1305 4564 1486 4621 studio
1503 4564 1766 4621 laboravi.
1784 4562 1913 4621 Scio
1929 4564 2130 4637 quippe

622 4679 740 4750 (48)
781 4677 967 4750 Μονοι
988 4677 1232 4750 πάντων
1261 4717 1275 4732 .
1305 4717 1320 4733 .
1346 4720 1363 4737 .
1394 4676 1597 4747 Νέρων
1627 4678 1724 4750 καὶ
1755 4681 2128 4749 Δομετιανός.

558 4747 943 4819 Ιιὶοιηέοιίιιίι
984 4747 1353 4805 Tertullianus
1398 4750 1451 4819 in
1504 4747 1859 4819 Apologetico,
1891 4765 2013 4817 cap.
2049 4752 2123 4806 5-:

556 4816 868 4889 Reperietis,
894 4818 1088 4889 inquit,
1122 4820 1350 4887 primum
1387 4816 1741 4889 Neronem'in
1764 4820 1902 4889 hanc
1930 4816 2128 4874 sectam

560 4887 673 4943 tum
697 4888 925 4959 maxime
942 4887 1140 4959 Roma:
1168 4892 1419 4959 orientem
1438 4887 1747 4959 (Scauriana
1769 4888 1948 4957 gladio
1982 4892 2127 4959 fero-

557 4960 710 5014 cisse.
740 4958 808 5011 Et
833 4956 992 5024 paulo
1007 4968 1132 5024 post
1161 4974 1174 5010 :
1210 4957 1519 5013 Tentaverat
1542 4968 1592 5011 et
1616 4956 2129 5025 Domitianum'por-

558 5029 632 5100 tio
664 5026 894 5100 Neronis
937 5028 1001 5080 de
1029 5027 1361 5100 crudelitate.
1392 5028 1602 5100 Quibus
1650 5027 1767 5083 haec
1810 5029 2124 5100 subiungit:

559 5098 822 5153 Caeterum
860 5098 925 5149 de
970 5105 1043 5166 tot
1078 5096 1265 5152 exinde
1305 5098 1624 5166 principibus
1681 5099 1752 5153 ad
1790 5096 2126 5162 hodiernum,

557 5169 696 5222 edite
737 5168 965 5237 aliquem
1009 5165 1375 5221 debellatorem
1429 5167 1883 5223 Christianorum.
1929 5170 2127 5233 Quales

555 5255 678 5308 ergo
704 5238 841 5307 leges
868 5239 986 5308 ista:
1004 5275 1019 5300 ,
1048 5252 1178 5303 quas
1217 5239 1464 5292 adversus
1492 5255 1586 5292 nos
1611 5239 1710 5293 soli
1743 5249 1981 5292 exercent
2026 5240 2128 5293 im-

555 5307 666 5374 pii,
699 5307 920 5370 iniusti,
959 5315 1171 5377 turpes,
1213 5319 1418 5375 truces,
1452 5311 1605 5371 uani,
1649 5311 1958 5364 dementes?
1996 5308 2127 5377 quas

558 5378 827 5449 Trajanus
854 5393 919 5431 ea:
935 5385 1082 5449 parte
1107 5376 1392 5449 frustratus
1419 5388 1494 5433 est
1520 5392 1539 5433 :
1563 5394 1694 5449 quas
1726 5380 1903 5434 nullus
1932 5376 2128 5434 Adria-

554 5445 678 5511 nus,
704 5448 885 5517 nullus
902 5516 907 5517 γ
926 5445 1078 5517 l’ius,
1105 5445 1282 5517 nullus
1318 5445 1485 5503 Verus
1512 5445 1800 5517 impressit.

626 5519 739 5591 (49)
778 5514 853 5591 ξογ
885 5516 954 5571 δὲ
980 5514 1354 5591 πατῄρσου.-
1379 5514 1723 5591 Rescriptutn
1757 5517 1976 5589 quidem
2016 5520 2128 5591 ᾼιιτ

552 5586 728 5661 totiini
777 5588 858 5661 Pii
910 5601 1028 5661 pro
1062 5586 1388 5661 Christianis
1417 5586 1584 5661 hodie
1610 5602 1726 5661 non
1757 5586 1957 5661 exstat.
2000 5589 2124 5661 _Sed

550 5659 670 5729 eius
688 5656 1069 5729 mentiofﬁtin’
1112 5656 1378 5729 rescripto
1421 5657 2014 5729 M.gAureliiAntonini
2056 5660 2125 5715 ad

552 5726 802 5783 civitates
827 5728 988 5799 Asia,
1018 5728 1163 5796 quod
1192 5726 1355 5795 supra
1380 5726 1563 5783 retulit
1587 5728 1852 5785 Eusebius
1901 5744 2027 5799 cap.
2058 5729 2125 5784 15

563 5801 724 5865 huius
754 5799 898 5854 libri.
931 5798 1100 5855 Porro
1138 5799 1280 5854 hunc
1315 5799 1494 5855 locum
1542 5800 1615 5856 ita
1640 5799 1809 5856 scribi
1864 5798 2121 5861 mallent:

2256 534 2305 586 οί
2334 531 2586 604 πρόγονοί
2616 549 2711 586 σου
2745 532 2885 605 πρὸς
2916 535 3038 598 ταῖς
3067 534 3256 599 ἄλλαις
3288 534 3611 608 θρησκείαις
3651 538 3845 611 ἐτίμη-

2258 642 2378 679 σαν.
2410 626 2520 678 Καὶ
2544 624 2702 679 τοῦτο
2729 625 2984 695 μέγιστον
3015 627 3315 698 τεκμήριον
3339 627 3433 681 τοῦ
3466 628 3603 699 πρὸς
3630 630 3844 699 ἀγαθοῦ

2254 716 2347 772 τὸν
2381 715 2503 771 καθ’
2526 719 2676 787 ἡμᾶς
2704 716 2860 786 λόγον
2884 721 3230 790 συνακμάσαι
3266 723 3331 792 τῇ
3358 720 3538 785 καλῶς
3558 720 3843 797 ἀρξαμένῃ

2258 805 2523 880 βασιλείᾳ,
2546 810 2611 862 ἐκ
2630 806 2724 862 τοῦ
2748 810 2913 881 μηδὲν
2936 810 3139 879 φαῦλον
3165 812 3275 865 ἀπὸ
3299 812 3399 883 τῆς
3419 813 3728 882 Αὐγούστου
3745 815 3837 886 ἀρ-

2255 897 2359 968 χῆς
2382 898 2711 969 ἀπαντῆσαι,
2752 899 2888 953 ἀλλά
2917 901 3225 954 τούναντίον
3252 903 3468 957 ἅπαντα
3492 903 3722 977 λαμπρά
3749 907 3845 959 καὶ

2255 990 2438 1057 ἔνδοξα
2470 991 2613 1045 κατὰ
2643 992 2742 1056 τάς
2777 992 2993 1047 πάντων
3022 993 3207 1063 εὐχάς.
3255 994 3422 1048 Μόνοι
3449 995 3668 1050 πάντων
3703 997 3841 1049 ἀνα-

2257 1079 2572 1145 πεισθέντες
2605 1082 2710 1136 ὑπό
2755 1099 2917 1137 τινων
2943 1081 3227 1153 βασκάνων
3249 1083 3572 1154 ἀνθρώπων,
3605 1086 3697 1138 τὸν
3717 1087 3843 1141 καθ’

2253 1172 2402 1242 ἡμᾶς
2438 1173 2496 1225 ἐν
2532 1172 2755 1245 διαϐολῇ
2791 1175 3131 1244 καταστῆσαι
3164 1174 3321 1243 λόγον
3345 1176 3619 1248 ἠθέλησαν
3644 1178 3841 1251 Νέρων

2254 1265 2348 1317 καὶ
2385 1265 2708 1335 Δομετιανός
2742 1265 2853 1337 (48)
2873 1283 2887 1296 ·
2920 1266 3014 1335 ἀφ’
3047 1260 3122 1321 ὧν
3151 1267 3245 1320 καὶ
3275 1268 3334 1322 τὸ
3358 1268 3455 1339 τῆς
3480 1270 3842 1339 συκοφαντίας

2253 1354 2432 1425 ἀλόγῳ
2460 1356 2717 1429 συνηθείᾳ
2742 1359 2869 1429 περὶ
2901 1360 3025 1422 τοὺς
3054 1358 3329 1424 τοιούτους
3353 1361 3546 1432 ῥυῆναι
3569 1362 3843 1433 συμϐέϐη-

2254 1464 2317 1500 κε
2348 1446 2560 1517 ψεῦδος.
2594 1448 2753 1502 Ἀλλὰ
2779 1449 2876 1521 τὴν
2899 1451 3124 1504 ἐκείνων
3151 1451 3373 1519 ἄγνοιαν
3401 1453 3451 1505 οἱ
3488 1452 3569 1506 σοὶ
3600 1454 3843 1520 εὐσεϐεῖς

2254 1537 2486 1609 πατέρες
2519 1537 3007 1610 ἐπηνωρθώσαντο,
3056 1541 3316 1606 πολλάκις
3363 1542 3577 1606 πολλοῖς
3607 1545 3838 1618 ἐπιπλή-

2253 1629 2441 1697 ξαντες
2471 1630 2788 1702 ἐγγράφως,
2813 1633 2929 1686 ὅσοι
2963 1635 3090 1704 περὶ
3118 1633 3322 1688 τούτων
3353 1636 3668 1707 νεωτερίσαι
3692 1638 3841 1691 ἐτόλ-

2255 1738 2455 1792 μησαν.
2501 1722 2587 1776 Ἐν
2614 1716 2696 1787 οἷς
2724 1724 2752 1775 ὀ
2782 1724 2880 1794 μὲν
2907 1723 3128 1788 πάππος
3149 1742 3243 1777 σου
3283 1725 3577 1797 Ἀδριανὸς,
3624 1728 3840 1795 πολλοῖς

2255 1813 2354 1881 μὲν
2392 1814 2486 1867 καί
2514 1814 2714 1879 ἄλλοις,
2747 1817 2846 1870 καὶ
2874 1817 3154 1887 Φουνδάνῳ
3182 1817 3241 1870 δὲ
3266 1816 3342 1888 τῷ
3362 1818 3658 1892 ἀνθυπάτῳ
3679 1823 3840 1892 ἡγου-

2254 1903 2399 1974 μένῳ
2447 1904 2548 1977 τῆς
2611 1907 2797 1972 Ἀσίας
2855 1911 3083 1980 γράφων
3141 1909 3430 1977 φαίνεται·
3458 1913 3488 1965 ὁ
3540 1912 3599 1966 δέ
3654 1915 3842 1987 πατήρ

2252 2012 2346 2048 σου
2369 1996 2501 2066 (49),
2526 1998 2622 2050 καὶ
2641 1997 2734 2052 σοῦ
2764 1998 2835 2052 τὰ
2863 2000 3152 2070 σύμπαντα
3175 2002 3503 2067 διοικοῦντος
3531 2003 3700 2075 αὐτῷ,
3718 2008 3838 2070 ταῖς

2250 2087 2438 2140 πόλεσι
2478 2090 2726 2160 περὶτοῦ
2758 2091 2922 2162 μηδὲν
2956 2093 3297 2164 νεωτερίζειν
3327 2095 3457 2166 περὶ
3485 2095 3642 2167 ἡμῶν
3674 2098 3838 2169 ἔγρα-

2247 2178 2347 2249 ψεν
2364 2196 2378 2209 ·
2408 2181 2466 2234 ἐν
2498 2175 2579 2244 οἷς
2602 2182 2698 2234 καὶ
2729 2182 2867 2254 πρὸς
2889 2185 3274 2255 Λαρισσαίους,
3305 2188 3557 2259 καὶπρὸς
3576 2188 3841 2244 Θεσσαλο-

2249 2276 2417 2337 νικεῖς
2445 2274 2540 2327 καὶ
2577 2274 2917 2347 Ἀθηναίους,
2941 2277 3192 2351 καὶπρὸς
3220 2281 3427 2345 πάντας
3451 2282 3739 2356 Ἕλληνας.
3770 2284 3836 2337 Σὲ

2247 2362 2303 2416 δέ
2327 2365 2421 2419 καὶ
2453 2366 2656 2436 μᾶλλον
2686 2370 2814 2442 περὶ
2838 2368 3045 2423 τούτων
3073 2371 3172 2443 τὴν
3198 2372 3367 2444 αὐτὴν
3392 2374 3618 2439 ἐκείνοις
3646 2376 3838 2447 ἔχοντα

2248 2453 2473 2529 γνώμην
2495 2458 2631 2530 (50),
2660 2460 2755 2513 καὶ
2774 2460 2910 2514 πολύ
2934 2478 2997 2530 γε
3017 2463 3529 2538 φιλανθρωποτέραν
3561 2468 3655 2521 καὶ
3689 2468 3837 2538 φιλο-

2248 2547 2589 2618 σοφωτέραν,
2621 2550 2962 2621 πεπείσμεθα
2994 2552 3172 2605 πάντα
3196 2557 3462 2623 πράσσειν
3486 2556 3586 2610 ὅσα
3612 2574 3708 2610 σου
3729 2557 3838 2611 δεό-

2250 2633 2410 2705 μεθα.
2447 2655 2467 2686 ι
2518 2636 2680 2689 Ἀλλά
2719 2636 2892 2691 ταῦτα
2932 2638 3030 2708 μὲν
3064 2640 3122 2692 ἐν
3154 2638 3233 2711 τῷ
3265 2639 3554 2711 δηλωθέντι
3599 2639 3837 2697 τέθειται

2247 2729 2409 2800 λόγῳ.
2437 2730 2528 2784 Ἐν
2550 2729 2606 2784 δὲ
2639 2733 2760 2794 ταῖς
2785 2730 3114 2801 γραφείσαις
3132 2731 3281 2803 αὐτῷ
3313 2733 3586 2803 ἐκλογαῖς,
3613 2735 3641 2786 ὁ
3675 2734 3837 2797 αὐτὸς

2247 2821 2391 2875 κατά
2422 2822 2483 2876 τὸ
2505 2823 2789 2894 προοίμιον
2818 2825 3119 2895 ἀρχόμενος
3140 2823 3249 2877 τῶν
3269 2825 3715 2898 ὁμολογουμένων
3737 2829 3835 2894 τῆς

2247 2914 2489 2978 Παλαιᾶς
2514 2913 2789 2985 Διαθήκης
2813 2917 2851 2968 Γ
2857 2915 3044 2987 ραφῶν
3065 2918 3295 2969 ποιεῖται
3311 2916 3610 2984 κατάλογον
3625 2934 3639 2947 ·
3662 2918 3720 2970 ὃν
3739 2918 3836 2972 καὶ

2246 3007 2542 3076 ἀναγκαῖον
2581 3006 2819 3062 ἐνταῦθα
2859 3007 3152 3072 καταλέξαι
3182 3008 3482 3079 ἡγούμεθα,
3518 3008 3711 3080 ἔχοντα
3741 3011 3837 3063 ἐπὶ

2244 3098 2442 3165 λέξεως
2478 3100 2652 3165 οὕτως
2676 3118 2689 3131 ·
2724 3119 2743 3151 ι
2777 3100 3031 3154 Μελίτων
3064 3101 3340 3172 Ὀνησίμῳ
3358 3101 3436 3172 τῷ
3467 3101 3681 3172 ἀδελφῷ
3708 3103 3831 3172 χαί-

2249 3209 2382 3269 ρειν.
2427 3192 2645 3264 Ἐπειδὴ
2680 3192 2940 3256 πολλάκις
2974 3190 3212 3261 ἠξίωσας
3245 3192 3447 3265 σπουδῇ
3478 3196 3543 3265 τῇ
3577 3195 3714 3264 πρὸς
3737 3194 3835 3247 τὸν

2241 3285 2397 3355 λόγον
2432 3284 2735 3357 χρώμενος,
2777 3285 3030 3353 γενέσθαι
3057 3303 3139 3338 σοι
3172 3285 3403 3355 ἐκλογὰς
3426 3286 3490 3340 ἔκ
3520 3304 3577 3340 τε
3607 3286 3703 3341 τοῦ
3738 3287 3829 3341 νό-

2246 3394 2347 3448 μου
2378 3378 2471 3430 καὶ
2497 3377 2607 3430 τῶν
2640 3378 2937 3450 προφητῶν
2968 3378 3100 3448 περ).
3124 3376 3216 3431 τοῦ
3252 3380 3504 3449 Σωτῆρος
3528 3380 3623 3434 καὶ
3650 3379 3831 3450 πάσης

2240 3470 2339 3540 τῆς
2380 3470 2616 3534 πίστεως
2649 3469 2828 3541 ἡμῶν,
2877 3470 2958 3523 ἔτι
3006 3470 3062 3523 δέ
3103 3468 3198 3524 καὶ
3231 3468 3423 3542 μαθεῖν
3453 3471 3549 3542 τὴν
3580 3471 3690 3524 τῶν
3722 3489 3831 3524 πα-

2240 3561 2408 3615 λαιῶν
2447 3560 2667 3633 βιϐλίων
2700 3561 3001 3634 ἐϐουλήθης
3030 3561 3343 3635 ἀκρίϐειαν,
3390 3563 3531 3618 πόσα
3581 3562 3675 3616 τὸν
3706 3565 3827 3637 ἀρι-

2241 3652 2377 3725 θμιὺν
2397 3653 2493 3707 καί
2517 3656 2679 3707 ὁποῖα
2699 3653 2796 3725 τὴν
2821 3653 2973 3719 τάξιν
2997 3650 3128 3720 εἷεν,
3163 3655 3471 3709 ἐσπούδασα
3514 3655 3575 3709 τὸ
3620 3655 3832 3711 τοιοῦτο

2240 3744 2467 3818 πρᾶξαι,
2509 3744 2869 3815 ἐπιστάμενός
2905 3763 2999 3799 σου
3031 3745 3092 3799 τὸ
3122 3746 3406 3800 σπουδαῖον
3440 3748 3567 3819 περὶ
3607 3748 3704 3819 τὴν
3737 3748 3831 3801 πίοι

2242 3853 2379 3902 στιν,
2423 3836 2520 3891 κα)⁸
2563 3833 2861 3906 φιλομαθὲς
2888 3834 3017 3906 περὶ
3055 3834 3149 3887 τὸν
3183 3833 3361 3903 λόγον,
3392 3836 3474 3889 ὅτι
3495 3853 3554 3889 τε
3593 3836 3827 3906 μάλιστα

2240 3930 2456 3985 πάντων
2492 3928 2642 3999 πόθῳ
2669 3927 2748 3998 τῷ
2770 3927 2906 4000 πρὸς
2935 3927 3070 3980 Θεὸν
3111 3927 3286 3982 ταῦτα
3329 3928 3659 4000 προκρίνεις,
3698 3930 3829 4000 περὶ

2236 4021 2339 4093 τῆς
2361 4020 2580 4075 αίωνίου
2602 4019 2875 4091 σωτηρίας
2896 4019 3313 4089 ἀγωνιζόμενος.
3351 4018 3611 4071 Ἀνελθὼν
3629 4016 3723 4073 οὗν
3744 4022 3825 4085 είς

2238 4114 2336 4185 τὴν
2368 4111 2656 4183 ἀνατολὴν,
2693 4112 2787 4165 κα).
2834 4110 2939 4173 ἕως
2984 4109 3077 4163 τοῦ
3124 4112 3291 4163 τόπου
3351 4111 3643 4179 γενόμενος
3696 4112 3823 4166 ἔνθα

2239 4199 2515 4273 ἐκηρύχθη
2561 4200 2656 4252 καὶ
2693 4198 2965 4270 ἐπράχθη,
3011 4198 3105 4252 καὶ
3136 4199 3379 4271 ἀκριϐῶς
3416 4198 3602 4270 μαθὼν
3633 4201 3699 4255 τά
3724 4204 3824 4274 τῆς

2238 4290 2479 4354 Παλαιᾶς
2504 4288 2777 4360 Διαθήκης
2807 4288 3002 4357 βιϐλία,
3039 4287 3310 4355 ὑποτάξας
3341 4288 3564 4360 ἔπεμψά
3598 4308 3715 4344 σοι·
3744 4285 3824 4347 ὧν

2237 4383 2355 4434 ἐστι
2379 4380 2447 4435 τά
2484 4381 2753 4451 ὀνόματα·
2790 4380 3070 4444 Μωῦσέως
3101 4379 3284 4444 πέντε,
3308 4381 3544 4445 Γένεσις,
3579 4382 3818 4450 Ἔξοδος,

2170 4508 2212 4562 D
2239 4474 2542 4536 Λευῖτικδν,
2616 4471 2861 4545 Ἀριθμοὶ
2914 4472 3050 4541 (51),
3116 4475 3553 4544 Δευτερονόμιον·
3612 4475 3818 4545 Ἰησοῦς

2238 4566 2417 4637 Ναυῆ,
2449 4564 2667 4637 Κριταὶ,
2715 4565 2871 4619 Ῥούθ
2891 4583 2903 4595 ·
2939 4565 3231 4621 Βασιλειῶν
3257 4567 3511 4641 τέσσαρα·
3550 4567 3816 4639 Παραλειο

2238 4685 2268 4736 ὁ
2311 4680 2369 4752 δέ
2416 4679 2596 4752 πατήρ
2644 4694 2771 4743 σου,
2819 4678 2916 4733 καὶ
2958 4677 3052 4733 σοῦ
3090 4678 3158 4734 τά
3190 4678 3368 4733 πάντα
3394 4680 3815 4747 συνδιοικοῦντος

2232 4748 2401 4806 αὐτῶ.

2304 4768 2415 4892 ἷὲθ)
2455 4817 2626 4892 Σέῌδὲ
2656 4817 2757 4872 καὶ
2781 4817 3023 4892 μᾶλλον
3066 4819 3206 4892 περὶ
3234 4819 3599 4892 τούτων-τὴν
3619 4821 3814 4890 αὐτὴν

2233 4887 2491 4955 ἐκείνοις
2521 4889 2743 4961 ἔχοντα
2778 4887 3040 4961 ﬂebitur,
3066 4887 3161 4943 His
3179 4891 3358 4945 verbis
3376 4887 3814 4961 Melitddesigna-

2234 4979 2295 5018 re
2315 4962 2530 5016 videtur
2547 4960 2828 5028 epistolam
2845 4959 2914 5013 Μ,
2933 4960 3212 5024 Antonini,
3232 4963 3298 5014 ad
3323 4961 3626 5015 Commune
3664 4959 3811 5016 Asiae

2231 5035 2415 5088 datam
2451 5043 2551 5098 pro
2599 5028 2959 5100 Christianis,
2986 5031 3038 5083 in
3066 5046 3169 5100 qua
3207 5032 3351 5084 inter
3386 5039 3582 5100 caetera
3627 5031 3813 5095 legun-

2231 5112 2341 5173 turg
2367 5102 2485 5173 haec
2521 5098 2697 5173 _verba
2731 5115 2744 5150 :
2791 5098 3174 5173 ﬁnitimi—6e
3222 5100 3351 5173 περὶ
3376 5099 3506 5173 ’τῶν
3554 5101 3810 5173 τοιούτων

2231 5171 2428 5249 πολλοὶζ
2443 5169 2749 5249 ἐσημανανς
2778 5164 2859 5233 οἷς
2882 5169 2947 5244 δὴ
2979 5164 3086 5249 ’καὶ
3113 5164 3438 5243 προέγραψα
3475 5172 3811 5226 κατακολου-

2228 5242 2431 5314 θῶγξτῇ
2451 5238 2561 5293 ’ποῦ’
2575 5238 2783 5314 πατρός
2809 5257 2911 5314 μρυ
2932 5238 3146 5314 γνώμῃ·

2302 5300 3126 5383 (51)’ᾼξυττιθὶὸιξξ-’Δρὶθμὸίξ
3172 5311 3229 5366 In
3281 5311 3483 5383 nostris
3525 5310 3808 5383 codicibus

2229 5379 2459 5444 Maban,
2486 5380 2626 5452 Med.
2658 5392 2713 5433 et
2743 5379 2916 5452 Fuk.,’
2953 5379 3168 5452 necnon
3198 5382 3362 5452 apud
3412 5379 3805 5452 Nicephorum,

2229 5453 2452 5526 inverso
2495 5451 2690 5526 ordine
2740 5451 2937 5526 legitur
2971 5451 3243 5526 Ἀριθμοὶ,
3277 5451 3590 5526 Λειρϊτικόν.Δ
3629 5453 3807 5522 Atque

2229 5469 2452 5507 »πνοι-σο
2495 5469 2690 5507 οτιιιιιε
2740 5469 2937 5521 tegitur
2976 5469 3243 5576 Ἀριῠζοι,
3277 5469 3580 5506 Λευιτικον.
3629 5469 3803 5522 Atque

2229 5522 2303 5577 ita
2332 5522 2561 5577 Ruﬁnus
2595 5520 2646 5575 in
2665 5521 2794 5592 suis
2820 5524 3115 5592 exemplari
3160 5537 3225 5578 us
3271 5522 3534 5592 scriptum
3577 5523 3803 5577 invene-

2227 5601 2318 5647 rat
2350 5602 2498 5663 ut_ex
2534 5588 3241 5663 versi_oneeiusapparet._
3264 5588 3439 5663 Moysi
3473 5591 3595 5663 libri
3645 5593 3804 5663 quin-

2227 5677 2363 5732 que:
2384 5659 2622 5732 Genesis,
2654 5658 2896 5728 Exedit},
2938 5658 3184 5732 Numeri,
3208 5658 3474 5718 Leviticus
3499 5701 3516 5727 ,
3546 5658 3803 5717 Deu'tero-

2229 5731 2484 5804 nomium.
2507 5800 2521 5804 _
2548 5731 2643 5804 Si_c
2692 5733 2835 5804 enim
2882 5732 3077 5804 legitur
3099 5731 3173 5788 in
3208 5733 3584 5788 vetustissimo
3613 5733 3802 5788 codice

2226 5800 2554 5861 Parisiensis
2583 5799 2866 5858 Ecclesiae.
